3946 6174
332 271 468 326 ίοὶὕ

1467 264 1855 325 DIPLOMATA
1892 258 2441 319 ECCLESIASTICA.

3441 254 3577 308 10m

328 387 492 450 dicto,
517 399 620 439 una
644 399 766 440 cum
792 382 1071 438 monachis
1094 382 1269 437 eidem
1295 382 1475 437 abbati
1519 382 1587 437 ad
1606 378 1900 451 regendum
1925 377 1976 438 Α
1995 371 2200 444 iugiter
2240 370 2452 427 Domini
2490 367 2914 451 misericordiam
2950 380 3180 422 exorare
3220 364 3469 420 delectet.
3514 367 3573 420 Et

324 478 649 541 commissis,
688 477 980 532 obsecrans
1019 484 1083 530 ut
1114 476 1364 547 deinceps
1382 475 1483 529 sub
1504 482 1688 529 nostra
1712 469 1900 526 defen—

325 571 477 626 sione
498 577 554 623 et
584 567 937 622 immunitatis
972 566 1217 632 tuitione,
1260 564 1710 635 quemadmodum
1738 568 1902 616 caete-

324 677 416 716 ros
438 658 662 714 abbates
688 660 1074 713 monachorum
1095 673 1194 727 per
1216 656 1501 727 imperium
1524 670 1554 709 a
1580 653 1737 708 nobis
1768 652 1904 707 divi-

324 754 471 808 nitus
493 766 751 806 concesso
780 748 1146 821 [concessum]
1190 748 1513 812 consistunt,
1546 746 1623 800 ita
1658 752 1714 799 et
1755 743 1902 797 illum

323 861 428 901 una
450 860 575 899 cum
598 842 929 898 monasterio
951 841 1035 897 vel
1076 841 1376 906 monachis,
1409 848 1466 895 et
1486 838 1647 893 rebus
1681 836 1766 891 vel
1806 836 1903 890 ho-

324 934 564 990 minibus
588 932 761 988 eidem
790 931 1117 989 monasterio
1144 931 1289 1001 iuste
1323 928 1579 998 subjectis
1606 927 1904 983 consistere

324 1028 646 1080 faceremus.
679 1022 843 1093 Cujus
871 1021 1138 1093 petitioni,
1185 1022 1313 1092 quia
1358 1019 1751 1085 rationabilem,
1794 1018 1904 1072 imo

322 1115 436 1171 Deo
457 1114 741 1170 amabilem
758 1129 882 1170 esse
902 1113 1271 1185 cognovimus,
1295 1113 1527 1167 libenter
1547 1110 1900 1179 suscepimus,

322 1219 377 1265 et
397 1225 494 1280 per
512 1210 614 1263 hos
634 1216 847 1263 nostros
877 1206 1185 1276 imperiales
1217 1205 1419 1276 apices,
1463 1205 1602 1259 sicut
1631 1203 1804 1272 petiit,
1829 1203 1904 1257 ita

324 1308 379 1355 et
402 1298 789 1354 concessimus.
815 1297 1046 1352 Proinde
1069 1295 1316 1350 volumus
1345 1302 1405 1348 ut
1436 1293 1727 1364 praedictus
1766 1291 1903 1345 abba

324 1397 380 1444 et
407 1387 656 1443 monachi
698 1387 753 1441 in
793 1385 1050 1455 pratdicto
1088 1383 1419 1441 monasterio
1464 1383 1740 1452 degentes,
1779 1396 1903 1435 cum

324 1481 486 1537 rebus
531 1492 669 1547 quas
715 1491 857 1531 nunc
899 1476 1103 1529 habere
1150 1480 1480 1538 noscuntur,
1525 1471 1610 1525 vel
1653 1471 1904 1541 deinceps

316 1569 462 1639 iuste
492 1566 771 1636 acquirere
814 1574 1085 1634 poterunt,
1125 1564 1226 1619 sub
1271 1572 1459 1618 nostra
1501 1560 1810 1617 defensione
1850 1569 1906 1616 et

323 1660 681 1719 immunitatis
723 1659 950 1714 tuitione
992 1657 1303 1728 persistant.
1348 1656 1414 1710 Et
1445 1653 1699 1724 iubemus
1742 1663 1902 1724 atque

322 1752 496 1807 modis
524 1749 775 1805 omnibus
798 1723 1141 1803 decernimus
1172 1754 1232 1801 ut
1257 1723 1611 1815 nullusjudex
1636 1746 1898 1827 publicus,
1929 1723 1977 1781 Β

321 1841 407 1896 vel
441 1839 697 1911 quislibet
726 1854 793 1895 ex
815 1837 1102 1909 iudiciaria
1124 1844 1410 1907 potestate,
1438 1837 1494 1891 in
1525 1836 1784 1892 ecclesias
1809 1845 1902 1892 aut

320 1930 457 1997 loca,
485 1931 572 1986 vel
611 1945 788 2001 agros,
835 1944 933 1985 seu
973 1928 1209 2000 reliquas
1252 1929 1621 1999 possessiones
1657 1930 1899 1998 pra'dicti

320 2022 655 2087 monasterii,
685 2036 822 2090 quas
849 2020 1107 2076 moderno
1152 2028 1393 2090 tempore
1417 2020 1562 2090 iuste
1585 2026 1641 2074 et
1662 2019 1900 2074 rationa-

319 2115 499 2171 biliter
516 2113 794 2185 possidere
817 2114 1031 2168 videtur
1051 2113 1108 2168 in
1129 2112 1459 2183 quibuslibet
1485 2113 1637 2184 pagis
1660 2122 1714 2168 et
1737 2114 1900 2168 terri-

321 2206 513 2272 toriis,
560 2204 824 2275 quidquid
866 2204 1065 2259 ibidem
1106 2213 1330 2274 prepter
1374 2203 1613 2259 divinum
1661 2219 1902 2260 amorem

318 2296 574 2352 collatum
596 2294 719 2359 fuit,
744 2310 968 2363 quaeque
1006 2294 1170 2348 etiam
1199 2294 1452 2362 deinceps
1478 2295 1531 2349 in
1571 2295 1696 2365 jure
1736 2296 1903 2366 ipsius

319 2387 494 2442 sancti
535 2385 638 2440 loci
678 2384 911 2440 voluerit
952 2384 1131 2440 divina
1171 2384 1346 2454 pietas
1388 2386 1591 2456 augeri,
1623 2387 1689 2440 ad
1709 2402 1904 2443 causas

320 2476 636 2541 audiendas,
675 2476 760 2531 vel
805 2475 955 2531 freda
994 2476 1277 2546 exigenda,
1330 2483 1423 2530 aut
1461 2477 1770 2532 mansiones
1818 2479 1904 2534 vel

319 2576 536 2638 paratas
559 2566 851 2634 faciendas,
876 2575 969 2622 aut
998 2565 1342 2635 ﬁdeiussores
1372 2566 1652 2634 tollendos,
1680 2583 1782 2624 nec
1806 2571 1904 2624 ho-

322 2662 495 2716 mines
513 2660 681 2731 ipsius
708 2660 1020 2715 monasterii
1046 2667 1153 2714 tam
1178 2659 1439 2729 ingenuos
1459 2675 1624 2730 quam
1643 2668 1700 2715 et
1718 2676 1905 2716 servos

321 2751 460 2824 [qui]
494 2766 659 2822 super
692 2760 891 2806 terram
927 2751 1098 2821 ipsius
1125 2750 1363 2806 residere
1405 2751 1674 2817 videntur,
1704 2751 1902 2821 iniuste

319 2842 737 2912 distringendos,
765 2856 867 2897 nec
890 2841 1025 2896 ullas
1047 2841 1334 2911 petitiones
1365 2850 1460 2897 aut
1503 2842 1720 2899 illicitas
1744 2859 1904 2901 occa-

317 2934 515 2988 siones.
546 2931 921 3001 requirendas,
962 2930 1072 3007 ullo
1114 2947 1354 3005 unquam
1398 2941 1641 3001 tempore
1692 2933 1901 3004 ingredi

317 3024 529 3088 audeat,
568 3022 652 3077 vel
692 3037 755 3076 ea
797 3037 916 3093 qua:
960 3036 1121 3092 supra
1169 3030 1467 3078 memorata
1512 3030 1638 3077 sunt
1683 3024 1902 3094 penitus

316 3114 531 3183 exigere
572 3094 864 3182 praesumat
904 3131 920 3167 :
977 3120 1032 3168 et
1075 3112 1338 3183 quidquid
1380 3113 1447 3168 de
1487 3113 1651 3168 rebus
1690 3114 1899 3183 praefati

318 3202 630 3257 monasterii
671 3202 835 3257 ﬁscus
880 3217 1101 3272 sperare
1146 3209 1392 3272 poterat,
1446 3210 1618 3257 totum
1663 3218 1762 3258 nos
1804 3219 1902 3274 pro

316 3302 516 3347 aeterna
539 3293 973 3348 remuneratione
1005 3293 1266 3364 praedicto
1290 3293 1620 3349 monasterio
1645 3294 1898 3349 concedi-

319 3398 460 3448 mus,
482 3391 541 3437 ut
562 3383 813 3453 perennis
845 3385 1172 3454 temporibus
1211 3383 1266 3438 in
1310 3383 1562 3439 alimonia
1602 3399 1900 3454 pauperum

317 3482 372 3529 et
403 3473 666 3544 stipendia
698 3477 1083 3531 monachorum
1128 3475 1329 3530 ibidem
1368 3475 1481 3531 Deo
1521 3475 1897 3532 famulantiuln

314 3565 562 3637 proﬁciat
600 3566 657 3621 in
707 3575 1072 3637 augmentum.
1129 3568 1199 3622 Et
1238 3569 1674 3638 quandoquidem
1716 3571 1899 3626 divina

318 3657 617 3723 vocatione,
646 3658 990 3728 supradictus
1009 3658 1198 3723 abbas,
1218 3659 1301 3713 vel
1326 3674 1668 3714 successores
1691 3661 1808 3730 ejus
1831 3661 1900 3717 de

318 3749 415 3802 hac
435 3746 555 3802 luce
579 3745 958 3816 migraverint;
982 3746 1220 3813 quandiu
1261 3746 1363 3816 ipsi
1385 3747 1636 3801 monachi
1672 3748 1815 3803 inter
1838 3763 1897 3802 se

318 3841 451 3896 tales
483 3838 733 3894 invenire
761 3837 1056 3907 potuerint,
1097 3837 1190 3907 qui
1221 3838 1394 3907 ipsam
1421 3839 1896 3908 congregationem

315 3934 613 3989 secundum
638 3929 878 4000 regulam
905 3928 1079 3983 sancti
1115 3926 1390 3982 Benedicti
1426 3941 1612 3996 regere
1643 3927 1892 3997 valeant;

314 4044 411 4096 per
439 4028 580 4081 hanc
610 4032 849 4080 nostram
878 4021 1257 4077 auctoritatem
1290 4028 1345 4075 et
1372 4035 1695 4076 consensum
1729 4021 1895 4077 licen-

316 4120 443 4171 tiam
475 4116 710 4171 habeant
736 4112 965 4185 eligendi
992 4112 1253 4167 abbates:
1288 4118 1555 4181 quatenus
1598 4111 1742 4180 ipsos
1781 4127 1896 4167 ser-

317 4224 411 4263 vos
435 4208 550 4272 Dei,
588 4206 679 4277 qui
714 4205 911 4260 ibidem
954 4204 1064 4258 Deo
1104 4200 1453 4266 famulantur,
1498 4217 1597 4271 pro
1637 4201 1791 4257 nobis
1841 4211 1898 4258 et

318 4298 561 4368 conjuge,
594 4296 849 4365 proleque
870 4300 1054 4348 nostra
1082 4300 1244 4361 atque
1286 4292 1581 4347 stabilitate
1606 4292 1766 4346 totius
1795 4292 1896 4349 im-

2000 472 2062 519 ut
2100 464 2219 519 haec
2272 461 2567 518 auctoritas
2610 450 2812 515 nostris
2864 456 3167 526 futurisque
3221 457 3576 527 temporibus,

2002 556 2239 612 Domino.
2253 562 2590 626 protegente,
2614 550 2793 606 valeat
2817 547 3129 604 inconvulsa
3152 562 3396 613 manere,
3418 562 3577 601 manu

2000 648 2217 718 propria
2239 647 2425 701 subter
2452 642 2808 707 ﬁrmavimus,
2839 646 2895 694 et
2936 637 3120 692 annuli
3159 637 3332 693 nostri
3352 638 3582 708 impres-

2003 739 2154 795 sione
2179 738 2382 809 signari
2396 735 2678 805 iussimus.

2074 827 2300 900 Signum
2319 826 2574 884 Ludovici
2599 823 2828 895 piissimi
2852 821 3212 891 imperatoris.

2072 919 2358 976 Durandus
2382 918 2640 973 diaconus
2664 915 2731 969 ad
2763 913 2933 968 vicem
2961 911 3278 968 Helisachar
3298 909 3581 981 recognovi

2003 1022 2056 1067 et
2080 1013 2228 1067 subs.

2075 1104 2213 1171 Data,
2232 1116 2313 1176 xu.
2336 1100 2455 1153 Kal.
2472 1097 2575 1153 Juli
2584 1113 2657 1162 as,
2679 1112 2839 1161 anno,
2857 1095 3075 1151 Christo
3099 1093 3353 1165 propitio,
3370 1091 3582 1163 imperii

2004 1193 2185 1249 domni
2227 1191 2483 1246 Ludovici
2522 1188 2747 1259 piissimi
2787 1186 3013 1258 Augusti
3072 1188 3142 1249 5,
3190 1184 3484 1241 indictione
3527 1185 3581 1239 8.

2003 1285 2195 1339 Actum
2220 1283 2579 1353 Aquisgrano,
2608 1280 2807 1351 palatio
2834 1279 2983 1349 regio
3014 1279 3070 1334 in
3110 1278 3207 1333 Dei
3230 1278 3447 1333 nomine
3469 1274 3586 1331 feli-

2003 1377 2158 1432 citer.
2188 1374 2378 1430 Amen.

2736 1462 2841 1516 LlI.

2102 1569 2127 1598 ⁸
2167 1571 2268 1612 PRO
2305 1568 2640 1612 NONASTERIO
2678 1566 2901 1607 BODONIS
2937 1566 3055 1606 ειη
3089 1565 3484 1606 BON-HOUTIER.

2613 1642 2787 1716 (Anno
2829 1641 2977 1715 816.)

2006 1738 2185 1813 [Apud
2205 1736 2546 1813 Grandidier,
2577 1735 2717 1790 Hist.
2743 1735 2813 1813 de_
2837 1733 3085 1813 l’Egl._de
3118 1732 3346 1813 _St_ras_b.,
3379 1733 3581 1813 tomil.

2073 1802 2250 1889 prob,
2282 1808 2557 1889 pag..159,
2590 1822 2655 1889 e35
2704 1802 2940 1889 antiquo
2974 1803 3307 1858 chartulario
3353 1802 3583 1857 abbatia:

2070 1873 2447 1934 Andlaviensis
2467 1875 2647 1932 saeculi
2671 1873 2811 1947 xm]

2070 1991 2130 2046 ln
2168 1989 2389 2045 nomine
2428 1988 2642 2044 Domini
2679 1988 2776 2043 Dei
2811 1997 2867 2042 et
2898 1987 3198 2043 Salvatoris
3242 1986 3413 2043 nostri
3455 1984 3581 2041 Jesu

2001 2081 2567 2150 Christi,Ludovicus,
2590 2080 2771 2136 divina
2792 2080 3080 2136 ordinante
3107 2077 3468 2149 providentia,
3483 2077 3611 2145 ini-3

2001 2184 2219 2246 perator
2237 2174 2532 2246 Augustus.
3556 2184 3563 2197 ε

2074 2266 2133 2341 Si
2162 2280 2292 2336 erga
2323 2265 2441 2320 loca
2491 2264 2690 2320 divinis
2741 2263 2977 2319 cultibus
3015 2263 3325 2333 mancipata
3364 2267 3587 2331 propter

2005 2371 2245 2411 amorem
2275 2354 2391 2420 Dei,
2423 2355 2645 2423 ejusque
2681 2353 2735 2408 in
2764 2352 2970 2408 eisdem
2997 2351 3134 2407 locis
3164 2352 3269 2407 sibi
3322 2350 3586 2406 famulan-

2005 2455 2088 2501 tes
2113 2444 2376 2501 beneﬁcia
2405 2452 2708 2514 opportuna
2758 2441 3038 2512 largimur,
3096 2441 3382 2512 praemium
3430 2441 3586 2496 nobis

2005 2539 2145 2611 apud
2185 2537 2474 2592 Dominum
2504 2544 2724 2590 aeternae
2750 2532 3201 2588 remunerationis
3230 2533 3450 2604 rependi
3477 2548 3587 2588 non

2004 2630 2315 2686 diﬁidimus.
2352 2628 2557 2682 Idcirco
2585 2625 2799 2680 noverit
2829 2624 3069 2679 omnium
3115 2623 3353 2679 fidelium
3378 2630 3589 2679 nostro—

2004 2737 2124 2775 rum
2156 2728 2266 2774 tam
2305 2717 2657 2788 praesentium
2704 2730 2868 2784 quam
2909 2721 2967 2769 et
2999 2712 3306 2769 futurorum
3341 2711 3585 2775 solertia,

2004 2809 2131 2880 quia
2158 2808 2242 2863 vir
2273 2804 2597 2862 venerabilis
2639 2803 2824 2859 Doddo
2854 2801 3052 2869 abbas,
3075 2803 3167 2876 qui
3195 2802 3441 2859 cellulam
3468 2818 3587 2872 qua:

2004 2906 2348 2967 nuncupatur
2392 2894 2626 2950 Bodonis
2666 2893 3054 2949 monasterium
3084 2894 3137 2960 ι),
3162 2894 3306 2963 quod
3351 2901 3437 2950 est
3479 2894 3588 2951 sita

2005 2994 2060 3049 in
2082 3008 2220 3065 pago
2246 2992 2469 3047 Albinse
2501 3001 2522 3030 ο
2554 3004 2718 3059 super
2745 2988 2969 3043 [luvium
2996 2986 3218 3041 Vizuzia
3258 2984 3310 3053 ‘3,
3341 2995 3586 3042 constru-

1928 3070 1971 3131 C
2006 3095 2095 3143 cta
2128 3087 2183 3141 in
2210 3087 2416 3142 honore
2441 3091 2643 3140 sanctae
2686 3082 2783 3138 Dei
2836 3081 3113 3153 genitricis
3162 3079 3345 3134 Maria:
3372 3092 3588 3150 semper

2003 3178 2250 3250 virginis,
2279 3183 2335 3232 et
2360 3175 2534 3230 sancti
2575 3173 2724 3229 Petri
2764 3172 3024 3244 principis
3072 3171 3458 3242 apostolorum,
3484 3188 3585 3227 nec

2002 3287 2111 3326 non
2139 3277 2192 3325 et
2231 3268 2407 3324 sancti
2448 3266 2728 3322 Michaelis
2773 3263 3104 3334 archangeli,
3154 3261 3238 3318 vel
3265 3268 3585 3318 ceterorum

2002 3372 2336 3428 sanctorum,
2366 3362 2419 3416 in
2449 3359 2712 3432 regimine
2726 3359 2928 3413 habere
2950 3356 3184 3421 videtur,
3210 3354 3407 3410 obtulit
3425 3353 3586 3411 obtu-

2003 3456 2147 3511 tibus
2174 3453 2378 3508 nostris
2403 3450 2802 3507 immunitatem
2828 3448 3012 3504 domni
3039 3455 3094 3503 et
3122 3446 3383 3517 genitoris
3410 3445 3599 3505 nostri,

1998 3545 2176 3603 Caroli
2196 3544 2352 3601 bonae
2372 3543 2649 3600 memoriae
2668 3541 2900 3612 piissimi
2928 3540 3176 3611 Augusti,
3200 3540 3254 3594 in
3282 3553 3389 3608 quo
3414 3539 3584 3597 conti-

1998 3639 2233 3693 nebatur
2259 3638 2544 3700 insertum,
2576 3634 2810 3704 qualiter
2856 3632 3000 3689 idem
3047 3631 3263 3699 genitor
3287 3637 3473 3684 noster
3526 3639 3582 3687 et

1997 3736 2369 3783 antecessores
2411 3740 2569 3795 reges
2607 3724 2925 3793 praedictam
2968 3720 3215 3776 cellulam
3241 3722 3310 3776 ob
3340 3735 3580 3778 amorem

1996 3816 2092 3871 Dei
2122 3815 2674 3884 tranquillitatemque
2699 3812 3020 3866 ancillarum
3049 3811 3247 3866 ibidem
3284 3812 3581 3869 consisten-

2000 3906 2133 3961 tium
2162 3919 2376 3975 semper
2414 3904 2515 3959 sub
2549 3901 2862 3971 plenissima
2890 3900 3203 3957 defensione
3229 3911 3285 3956 et
3327 3902 3581 3957 immuni-

1998 3998 2125 4053 tatis
2152 3997 2382 4052 tuitione
2408 3995 2748 4050 habuissent.
2775 3991 2856 4049 Ob
2882 3992 3197 4049 ﬁrmitatem
3230 3994 3307 4049 rei
3336 3996 3578 4065 postula-

1995 4090 2074 4145 vit
2100 4090 2254 4145 nobis
2279 4090 2572 4161 praedictus
2603 4086 2790 4143 Doddo
2839 4086 3025 4153 abbas,
3055 4095 3114 4142 ut
3150 4096 3438 4158 paternum
3482 4105 3575 4144 seu

1995 4184 2455 4254 praedecessorum
2481 4189 2792 4235 nostrorum
2823 4194 3008 4251 regum
3037 4194 3244 4235 morem
3289 4192 3579 4252 sequentes

1996 4276 2365 4346 huiuscemodi
2392 4283 2591 4330 nostrae
2610 4273 2966 4329 immunitatis
2988 4281 3314 4345 praeceptum
3337 4274 3407 4330 ob
3429 4288 3575 4333 amo-

317 4363 449 4460 pcrii
475 4363 642 4442 nostri
684 4401 716 4440 a
743 4363 854 4440 Deo
883 4384 1038 4439 nobis
1063 4382 1306 4439 concessi
1348 4391 1509 4452 atque
1537 4384 1890 4445 conservandi
1914 4412 1970 4472 Β
1998 4387 2112 4427 rem
2142 4369 2236 4425 Dei
2257 4378 2311 4424 et
2334 4366 2694 4422 reverentiam
2718 4365 2884 4435 ipsius
2909 4364 3081 4420 sancti
3108 4363 3209 4420 loci
3235 4365 3381 4421 circa
3404 4366 3574 4435 ipsam

390 4541 415 4568 ιι
457 4524 753 4601 ἰξξεῑαι-ἰη
812 4519 1126 4601 Schoepﬂini
1177 4517 1348 4601 Alsat.
1403 4516 1623 4587 diplom.
1683 4523 1812 4571 tom.
1844 4516 1895 4581 Ι,

317 4613 440 4670 pag.
470 4595 560 4655 62,
585 4594 678 4648 sed
709 4607 813 4646 non
845 4594 976 4644 satis
1003 4596 1264 4643 correcte.

391 4669 418 4707 ι)
454 4663 689 4717 Bodonis
717 4660 1103 4714 monasterium
1127 4658 1228 4711 fuit
1246 4656 1525 4711 fundatum
1549 4657 1600 4710 in
1626 4656 1897 4711 montibus

319 4736 511 4807 Vogesi
536 4747 701 4807 prope
727 4728 1108 4807 Castellionem
1131 4736 1194 4807 e_t_
1216 4726 1730 4807 Dadarijsviliare,_in
1758 4726 1897 4807 valle

317 4795 435 4878 quae
459 4795 748 4861 hodiedum
778 4806 1122 4878 nuncupatur
1153 4797 1338 4878 [αι-(ιε
1368 4795 1898 4878 Βοη-.Μοιι,ιὶιιν.“Νο-

321 4865 441 4932 men
467 4890 620 4930 suum
648 4870 864 4940 accepit
879 4885 916 4940 7a
932 4865 1133 4940 sancto
1160 4868 1396 4940 Bodone,
1423 4866 1512 4934 qui
1544 4872 1598 4919 et
1624 4865 1895 4940 Leudinus

318 4949 537 5007 eicitur,
564 4934 816 5013 episcopo
846 4937 1231 5013 Tullensi,_qui
1263 4952 1451 4991 versus
1477 4951 1677 5013 annum
1711 4934 1813 5013 (S70
1835 4935 1890 4989 in

319 5034 384 5073 eo
415 5004 534 5070 loco
572 5004 819 5069 fundavit
845 5004 1233 5064 monasterium
1278 5021 1555 5062 sacratum
1595 5004 1886 5073 virginum,

317 5087 509 5154 quibus
538 5082 832 5154 praaposuit
869 5079 1033 5154 ﬁliam
1063 5093 1215 5133 suam
1241 5076 1476 5154 nomine
1507 5074 1885 5154 Teutbergam.

363 5171 460 5226 ege
497 5143 777 5226 historiam
819 5151 1194 5226 episcoporum
1241 5146 1571 5226 Tuilepsium
1601 5145 1739 5213 apud

315 5213 540 5288 metum,
562 5222 605 5276 Η
614 5223 729 5276 istoi
738 5238 789 5273 re
804 5213 867 5272 de
880 5213 1300 5288 Lorfaine,gtom.
1326 5216 1367 5280 l,
1384 5213 1631 5288 Prcures,
1645 5213 1808 5288 pging
1819 5214 1888 5267 65

312 5304 370 5351 et
406 5282 538 5348 216'
566 5307 716 5347 nova:
763 5287 1033 5355 editionis,
1066 5295 1122 5340 et
1147 5282 1474 5355 Stiltingum,
1495 5285 1547 5338 in
1574 5284 1728 5355 Actis
1750 5282 1887 5355 San-

314 5373 558 5428 ctorum,
611 5373 719 5415 tom
764 5357 834 5428 lll
889 5354 1252 5428 Septembris,
1314 5353 1438 5428 pag.
1656 5353 1886 5428 Bodonis

316 5421 701 5490 monasterium
728 5421 977 5483 ecclesize'
1002 5440 1112 5479 sua:
1138 5421 1374 5478 Tullensi
1395 5421 1654 5490 'subjecit
1704 5421 1869 5484 Bodo,

315 5501 617 5577 impetratis
645 5501 713 5553 ab
739 5497 979 5577 Agapeto
1005 5493 1345 5577 etCrcgprio
1366 5494 1590 5574 summis
1613 5490 1878 5577 pontiﬁci-

1999 4509 2118 4581 puit
2147 4522 2242 4581 re;
2270 4503 2581 4581 Lotharius,
2604 4517 2711 4570 quo
2737 4499 2988 4556 defuncto
3013 4499 3282 4581 anno‘8fj9
3300 4541 3327 4581 ,.
3352 4501 3406 4555 in
3441 4502 3576 4557 divi-

2003 4569 2155 4635 sione
2177 4575 2293 4644 ejus
2324 4590 2383 4629 re
2422 4573 2475 4626 ni
2500 4569 2643 4626 facta
2669 4585 2809 4624 anno
2848 4569 3095 4638 sequenti
3128 4569 3361 4624 Bodonis
3389 4585 3567 4626 monav

2003 4648 2227 4697 sterium
2254 4590 2572 4697 attrigutum
2602 4641 2701 4696 fuit
2728 4640 2998 4694 Ludovico
3023 4636 3363 4693 Germanico.
3400 4640 3567 4696 Filius

2001 4636 2227 4705 sterium
2254 4636 2572 4704 attributum
2602 4641 2701 4696 fuit
2728 4636 2998 4701 Ludovico
3023 4636 3363 4693 Germanico.
3400 4640 3570 4696 Filius

2000 4719 2117 4787 ejus
2141 4715 2365 4771 Carolus
2380 4712 2606 4787 Crassus
2622 4708 3163 4787 imperator‘Bodonjs
3187 4711 3570 4787 monasterium

1998 4778 2267 4846 cbncessit
2296 4799 2438 4839 anno
2470 4782 2575 4838 884
2621 4778 2851 4836 abhatim
2895 4778 3259 4832 Andlavicnsi.
3312 4781 3569 4835 Chartam

1999 4859 2248 4915 dabimus
2274 4871 2373 4911 suo
2404 4854 2539 4908 loco.
2567 4851 2678 4906 Nec
2715 4852 2804 4905 diu
2835 4850 2962 4904 illud
2995 4848 3218 4902 retinuit
3246 4849 3360 4904 haec
3407 4850 3571 4905 abha—

2000 4930 2095 4991 tia,
2120 4944 2239 4981 cum
2270 4940 2410 4979 anno
2439 4922 2542 4977 912
2563 4922 2796 4976 Bodonis
2827 4918 3216 4991 monasterium
3254 4919 3487 4991 Drngoui
3514 4931 3569 4976 et

2000 4988 2117 5065 ejus
2159 4995 2402 5052 ecclesiae
2433 4988 3000 5065 Tullenisirestituerit
3030 4988 3255 5043 Carolus
3291 4988 3563 5065 _Siinpier.

1998 5059 2207 5124 Calmet
2234 5108 2248 5130 ,
2272 5065 2423 5127 ibid.,
2450 5078 2571 5132 pag.
2602 5060 2988 5132 554:80donis
3008 5059 3396 5132 monasterium
3425 5059 3565 5113 ’dein

1996 5128 2321 5209 appellatum
2346 5128 2693 5209 fuit'abbatia
2719 5130 2902 5209 Sancti
2939 5128 3253 5209 Salvatoris,
3281 5144 3400 5209 qua;
3420 5146 3567 5209 anno

2001 5197 2135 5263 1339
2176 5207 2242 5262 ad
2293 5206 2557 5259 Domuum
2601 5202 2803 5271 Aprum
2834 5197 3125 5271 (Domévre)
3157 5213 3322 5268 prope
3369 5198 3564 5255 Album

1995 5279 2228 5333 Montem
2253 5274 2507 5331 translata
2540 5271 2659 5326 fuit.

2067 5361 2088 5387 ε
2130 5349 2305 5417 Pagus
2327 5342 2692 5417 Al_binsi‘s_,_qt_1i
2712 5338 3001 5417 etAlbegia
3017 5336 3371 5417 dicitur,_e_ra_t
3392 5356 3564 5417 pagus

1990 5406 2348 5484 Lotliariitgiaa
2385 5415 2438 5468 in
2480 5406 3155 5484 ᾼΙὺὶ,ᾏΜρῐιιίξ-(Βιαηξρηι)
3191 5406 3558 5484 ξίί-είηὶειέἰιῖιξ,

1979 5488 2055 5541 uti
2070 5476 2607 5551 contra'aliosprobat’
2620 5476 2995 5551 Schgeptlinus,
3005 5476 3176 5551 Alsa’t.
3195 5479 3356 5551 illust.
3374 5489 3502 5551 tom.
3519 5483 3556 5542 l.

316 5546 1572 5638 lit-isﬁeinper'pri'vifegiisgliionia’litiranrinvo
1616 5546 1881 5638 inquaste-
1980 5574 2102 5637 pag:
2131 5555 2253 5636 67.0.
2285 5546 2489 5607 Nom-en
2521 5546 3127 5638 stt‘tumui'orte‘deriva'tL
3151 5565 3180 5603 a
3227 5548 3445 5638 ﬂuvio]?
3472 5550 3560 5605 νίν

316 5644 479 5705 rium,
511 5630 633 5693 dein
662 5630 1629 5705 virorunfordinissanctilienedicti
1665 5630 1879 5705 abbatia

317 5700 507 5768 evasit.
535 5708 772 5765 Tullensi
800 5706 1039 5762 ecclesia:
1062 5704 1161 5758 sub
1186 5702 1463 5772 Arnulpho
1493 5702 1745 5773 episcopo
1777 5700 1882 5754 cri-

1984 5617 2157 5689 Izuiia,
2192 5626 2242 5679 in
2274 5636 2380 5692 quo
2402 5617 2851 5692 vo.\'__Germanica
2881 5617 3017 5687 Wifs
3047 5618 3223 5673 album
3267 5620 3555 5688 significat.

2058 5697 2080 5736 ἀ
2118 5689 2473 5749 Hodie-vicus.
2500 5689 2752 5745 i’esouze.
