3940 6180
352 255 489 315 illi?

1482 254 1801 313 LUDOVICI
1840 255 1859 314 i
1904 252 2375 312 COGNOMENTO
2414 254 2498 311 Pii

3486 256 3615 314 1M8

351 374 600 431 cellulam
650 374 767 430 ﬁeri
816 386 1193 435 censeremus;
1247 368 1402 441 cujus
1436 370 1685 443 petitioni
1708 370 1940 426 libenter
1964 371 2019 430 Α
2042 368 2164 424 dem
2191 367 2606 423 consistendum
2650 380 2864 437 semper
2902 366 3003 422 sub
3046 365 3360 437 plenissima
3395 369 3622 429 mitione

355 468 746 541 acquievimus,
772 475 829 522 et
842 466 926 522 .ita
967 466 1022 520 in
1064 464 1319 520 omnibus
1347 465 1737 530 concessimus,
1767 473 1934 533 atque

353 575 453 631 per
480 561 583 617 hoc
608 564 934 629 praeceptum
987 561 1237 609 nostrum
1286 554 1748 610 conﬁrmavimus.
1793 552 1936 621 Qua-
1963 615 1984 633 ο

354 659 578 723 propter
604 646 983 718 praecipientes
998 643 1254 714 jubemus
1301 652 1363 699 ut
1394 644 1578 701 nullus
1616 645 1785 716 judex
1834 659 1935 714 pu-

355 744 548 806 blicus,
569 740 653 796 vei
688 739 943 810 quislibet
973 754 1039 794 ex
1066 739 1357 809 judiciaria
1389 747 1660 809 potestate
1685 740 1739 793 in
1762 739 1936 795 eccle-

356 833 486 896 sias,
524 818 615 884 aut
644 829 786 895 loca,
811 829 897 884 vel
927 844 1112 900 agros,
1147 845 1242 885 seu
1273 828 1510 900 reliquas
1545 830 1933 900 possessiones,

356 936 491 991 quas
508 920 769 975 moderno
792 928 1034 989 tempore
1063 919 1204 974 infra
1232 920 1490 975 ditionem
1521 919 1735 990 imperii
1763 921 1935 975 nostri

347 1014 494 1083 juste
523 1021 577 1067 et
605 1012 1001 1067 rationabiliter
1028 1012 1289 1083 possidet,
1321 1012 1406 1066 vel
1433 1027 1497 1067 ea
1527 1028 1647 1082 qua:
1683 1013 1938 1082 deinceps

354 1105 410 1158 in
431 1101 555 1170 jure
582 1101 752 1171 ipsius
789 1101 962 1157 sancti
1000 1100 1104 1156 loci
1155 1101 1389 1156 voluerit
1427 1101 1608 1155 divina
1639 1102 1813 1172 pietas
1842 1115 1938 1155 au-

355 1194 496 1263 geri,
524 1193 592 1247 ad
619 1207 813 1248 causas
845 1191 1162 1257 audiendas,
1185 1201 1280 1246 aut
1307 1190 1457 1248 freda
1487 1193 1572 1247 vel
1600 1192 1803 1247 tributa
1828 1193 1939 1247 exi-

356 1283 549 1354 genda,
578 1293 673 1339 aut
692 1284 1002 1345 mansiones
1019 1283 1103 1337 vel
1126 1298 1191 1352 pa
1200 1292 1346 1339 ratas
1373 1282 1669 1350 faciendas,
1686 1292 1781 1339 aut
1808 1284 1939 1340 iide-

348 1376 592 1444 jussores
620 1375 901 1439 tollendos,
927 1383 1020 1429 aut
1043 1375 1290 1430 homines
1317 1375 1559 1445 ejusdem
1584 1374 1808 1441 cellula,
1824 1384 1936 1431 tam

356 1472 618 1539 ingenuos
646 1483 810 1538 quam
846 1474 902 1522 et
930 1482 1139 1533 servos,
1164 1483 1327 1537 super
1364 1476 1565 1522 terram
1595 1467 1765 1539 ipsius
1791 1484 1939 1524 com-

359 1567 640 1615 mauontes
668 1557 865 1627 injuste
885 1557 1305 1628 distringendos,
1335 1571 1438 1617 nec
1465 1557 1601 1612 ullas
1624 1558 1939 1614 redhibitio-

358 1668 475 1716 nes,
508 1659 600 1705 aut
634 1650 851 1706 illicitas
888 1650 1204 1706 occasiones
1247 1650 1623 1719 requirendas,
1656 1650 1859 1705 nostris
1882 1659 1938 1706 et

357 1741 554 1796 futuris
575 1739 907 1809 temporibus
934 1741 1139 1811 ingredi
1170 1741 1387 1808 audeat,
1419 1741 1501 1796 vel
1527 1756 1592 1796 ea
1614 1755 1734 1810 quae
1773 1755 1936 1811 supra
1966 1719 2015 1778 B

357 1842 657 1888 memorata
676 1841 823 1897 sunt,
838 1831 1052 1901 penitus
1070 1832 1288 1903 exigere
1308 1839 1628 1903 praesumat;
1661 1832 1755 1888 sed
1779 1832 1939 1887 liceat

358 1931 661 1980 memorato
686 1921 867 1978 abbati
892 1924 1109 1993 suisque
1126 1923 1533 1978 successoribus
1556 1938 1644 1978 res
1664 1922 1938 1993 pnedicta:

358 2015 565 2070 cellula:
610 2015 712 2070 sub
749 2015 1108 2069 immunitatis
1155 2024 1355 2070 nostra:
1396 2013 1707 2070 defensione
1755 2015 1940 2084 quieto

358 2109 548 2164 ordine
573 2108 870 2179 possidere.
901 2107 968 2161 Et
998 2107 1259 2178 quidquid
1298 2107 1494 2163 exinde
1524 2106 1688 2163 ﬁscus
1717 2120 1939 2177 sperare

357 2201 579 2271 poterit,
618 2208 789 2255 totum
816 2215 917 2255 nos
946 2215 1043 2272 pro
1066 2209 1272 2255 atterua
1318 2200 1758 2256 remuneratione
1802 2214 1939 2271 prte-

356 2292 487 2346 fata:
505 2288 712 2346 cellula:
731 2290 1096 2355 concedimus,
1119 2299 1179 2347 ut
1205 2292 1257 2345 in
1286 2291 1540 2346 alimonia
1564 2306 1861 2361 pauperum
1887 2300 1943 2347 et

360 2380 631 2451 stipendia
656 2378 977 2435 ancillarum
1010 2382 1208 2436 ibidem
1237 2380 1347 2438 Deo
1375 2383 1752 2438 famulantium
1779 2382 1941 2454 proli-

359 2471 467 2526 ciat
498 2470 829 2541 perennibus
856 2471 1191 2545 temporibus
1216 2473 1271 2527 in
1300 2473 1604 2544 augmentis
1622 2515 1636 2539 ,
1674 2483 1941 2543 quatenus

360 2562 507 2633 ipsas
530 2561 757 2617 ancillas
794 2558 887 2617 Dei
925 2575 1046 2633 quae
1088 2563 1286 2618 ibidem
1316 2563 1429 2621 Deo
1465 2564 1817 2630 famulantur,
1843 2580 1942 2635 pro

359 2652 515 2709 nobis
541 2661 595 2709 et
631 2653 859 2726 conjuge
875 2694 888 2719 ,
910 2653 1171 2726 proleque
1198 2663 1384 2711 nostra
1407 2696 1422 2721 ,
1454 2665 1618 2726 atque
1643 2656 1942 2712 stabilitate

358 2745 525 2800 totius
550 2736 762 2816 imperii
793 2745 965 2799 nostri
996 2759 1026 2799 a
1055 2744 1166 2802 Deo
1191 2745 1345 2801 nobis
1371 2747 1615 2802 concessi
1639 2756 1802 2817 atque
1821 2761 1943 2802 con-

360 2835 610 2890 servandi
631 2832 838 2907 jugiter
868 2834 1156 2891 Dominum
1192 2852 1422 2892 exorare
1468 2837 1718 2894 delectet.
1768 2838 1837 2893 Et
1883 2848 1939 2893 ut

362 2927 476 2982 haec
516 2926 813 2982 auctoritas
858 2928 1058 2982 nostris
1100 2926 1405 2999 futurisque
1450 2928 1805 2999 temporibus,
1834 2928 1944 2985 Do-

360 3033 508 3075 mino
549 3028 891 3092 protegente,
923 3019 1100 3076 valeat
1154 3019 1468 3078 inconvulsa
1509 3032 1749 3087 manere,
1781 3035 1943 3075 manu

359 3109 577 3186 propria
608 3111 797 3165 subter
821 3109 1153 3166 ﬁrmavimus
1182 3120 1237 3167 et
1265 3111 1447 3166 annuli
1495 3112 1667 3169 nostri
1717 3113 1943 3183 impres-

360 3198 513 3252 s‘inne
543 3198 746 3269 signari
764 3198 1048 3267 jussimus.

433 3288 660 3360 Signum
684 3289 943 3347 Ludovici
970 3293 1304 3349 serenissimi
1340 3296 1703 3365 imperatoris.

439 3379 724 3435 Durandus
777 3380 1038 3438 diaconus
1092 3384 1159 3438 ad
1210 3385 1382 3440 vicem
1422 3383 1739 3443 Helisachar
1793 3402 1944 3442 reco-

360 3475 540 3547 guovi.

435 3567 569 3622 Data
592 3565 714 3625 idus
729 3566 995 3634 Januarii,
1022 3584 1185 3636 anno,
1202 3571 1416 3627 Christo
1435 3571 1691 3643 pmpitio,
1707 3572 1945 3628 secundo

361 3660 577 3731 imperii
598 3662 781 3717 domui
811 3661 1067 3718 Ludovici
1095 3663 1323 3735 piissimi
1354 3661 1611 3735 Augusti,
1651 3664 1944 3721 indictione

363 3764 523 3805 nona.
548 3752 742 3808 Actum
779 3752 1108 3825 Aquisgrani
1137 3754 1336 3828 palatio
1365 3756 1514 3827 regio
1551 3768 1576 3796 ιι
1611 3756 1663 3811 in
1707 3755 1802 3812 Dei
1848 3772 1945 3811 no-

361 3844 507 3905 mine
537 3843 779 3902 feliciter.
808 3845 979 3902 Amen
1306 3877 1314 3886 -
1747 3845 1773 3876 '

1082 3938 1211 3997 Lill.

732 4043 833 4084 ΡΙιο
869 4042 1206 4087 IONASTERIO
1242 4049 1560 4087 ANNIATINO.

973 4121 1146 4190 (Anno
1186 4120 1337 4191 8l6.)

399 4206 655 4280 [Ughelli,
688 4208 850 4263 Italia
877 4226 1051 4274 sacra,
1077 4226 1200 4281 pag.
1230 4210 1355 4276 590,
1381 4213 1432 4266 in
1466 4211 1644 4283 Episc.
1674 4208 1905 4285 Clusiu.]

431 4310 490 4365 in
537 4309 753 4364 nomine
779 4310 992 4366 Domini
1036 4311 1131 4365 Dci
1161 4320 1216 4366 et
1266 4311 1562 4368 Salvatoris
1600 4315 1772 4369 nostri
1813 4311 1940 4370 Jcsu

362 4400 588 4467 Christi,
618 4400 925 4467 Ludovicus
954 4403 1131 4458 divina
1156 4403 1493 4482 providentia
1521 4404 1814 4475 imperator
1833 4405 1942 4458 Au—
1969 4430 2024 4489 D

362 4500 571 4563 gustus.

430 4582 565 4639 Cum
595 4583 945 4654 petitionibus
986 4600 1264 4642 servorum
1312 4586 1406 4641 Dei
1430 4587 1593 4657 justis
1620 4601 1684 4641 ac
1711 4587 1947 4642 rationa-

360 4673 558 4731 hilibus
603 4674 769 4730 divini
817 4674 995 4731 cultus
1039 4692 1224 4731 amore
1269 4676 1536 4742 favemus,
1584 4691 1817 4747 superna
1848 4692 1948 4735 nos

363 4766 529 4838 gratia
564 4766 762 4821 muniri
791 4782 896 4821 non
931 4767 1264 4822 dubitamus.
1294 4767 1463 4838 igitur
1492 4776 1680 4822 notum
1731 4768 1802 4822 sit
1829 4784 1947 4824 om-

362 4859 521 4914 nibus
551 4859 797 4915 fidelibus
824 4858 1151 4921 sant-tat'Dei
1180 4859 1455 4925 Ecclesia},
1500 4861 1862 4930 praesentibus
1892 4870 1950 4916 et
2050 4844 2242 4919 Αωβη·

362 4950 581 5017 futuris,
611 4950 738 5020 quia
762 4950 843 5009 vir
872 4951 1195 5007 venerabilis
1216 4950 1527 5007 Audoaldus
1548 4951 1716 5008 abbas
1745 4968 1811 5007 ex
1833 4968 1947 5007 mo-

364 5043 602 5098 nasterio
658 5043 829 5098 sancti
888 5042 1184 5099 Salvatoris
1230 5043 1448 5114 quidem
1496 5043 1604 5100 sito
1659 5045 1712 5099 in
1764 5053 1946 5101 monte

360 5131 573 5187 Amiato
599 5131 653 5187 in
682 5132 958 5195 territorio
979 5131 1197 5188 Clusino
1227 5131 1420 5188 detulit
1444 5133 1719 5187 obtutibus
1748 5134 1945 5188 nostris

362 5221 739 5277 auctoritatem
767 5220 1124 5276 immanitatis
1170 5219 1373 5277 doiuini
1402 5229 1457 5276 et
1485 5222 1747 5292 genitoris
1773 5225 1944 5278 nostri

361 5309 539 5367 Caroli
564 5311 716 5368 bona:
740 5312 1015 5368 memoria:
1039 5311 1266 5383 piissimi
1290 5312 1544 5382 Augusti,
1568 5312 1620 5367 in
1644 5328 1748 5383 qua
1772 5314 1945 5370 conti-

362 5398 590 5455 nebatur
630 5401 896 5458 insertum
921 5402 1156 5475 qualiter
1184 5402 1504 5474 praedictum
1552 5405 1942 5461 monasterium

364 5492 432 5545 ob
458 5507 699 5549 amorem
728 5492 823 5548 Dei
847 5494 1402 5566 tranquillitatemque
1435 5494 1823 5551 monachorum
1849 5495 1946 5550 ibi-

499 5606 656 5665 Circa
714 5608 1153 5731 Aquisgranense
1207 5610 1466 5679 palatium
1494 5607 1694 5690 “multa
1738 5610 1939 5690 habent

499 5693 686 5731 nanus.
716 5680 855 5731 anud
876 5679 903 5731 lt
931 5679 1239 5731 abillonem.
1274 5680 1347 5731 Du
1369 5696 1428 5731 re
1455 5679 1700 5731 dinlom..
1740 5679 1829 5731 ιιι).
1863 5694 1939 5731 tv.

365 5674 686 5743 Germanus,
716 5674 855 5755 apud
876 5674 1239 5745 Mabiilonetn,
1274 5680 1347 5733 Do
1369 5696 1428 5735 re
1455 5679 1700 5752 diplom.,
1740 5679 1829 5734 lib.
1863 5694 1942 5746 tv,

2037 468 2095 515 et
2117 459 2479 526 immunitatis
2501 456 2818 513 defensione
2845 457 3144 525 habuisset,
3172 458 3448 516 ﬁrmitatis
3472 475 3626 517 nam-

2038 565 2144 623 que
2166 552 2346 607 studio
2365 567 2396 606 a
2420 551 2578 608 nobis
2596 550 2934 622 procuravit,
2956 560 3017 605 ut
3044 563 3284 623 paternae
3311 554 3625 610 auctoritati

2037 646 2180 702 hanc
2235 657 2476 703 nostram
2508 646 2861 720 jungeremus
2907 651 3309 705 auctoritatem.
3344 648 3445 705 Cui
3489 650 3629 720 peti—

2038 735 2174 790 tioni
2200 736 2435 791 libenter
2478 751 2667 791 aurem
2697 739 3111 794 accommodare
3136 738 3358 808 placuit,
3399 747 3459 793 et
3483 740 3629 794 hanc

2039 835 2240 882 nostrte
2289 828 2631 884 auctoritatis
2678 830 3096 899 praeceptionem
3145 829 3286 893 fieri,
3314 844 3415 899 per
3462 845 3627 899 quam

2038 917 2383 988 praecipimus
2411 926 2572 989 atque
2591 918 2847 990 iubemus
2870 927 2931 975 ut
2954 920 3132 975 nullus
3156 921 3323 991 judex
3352 922 3628 991 publicus.

2040 1007 2124 1062 vel
2145 1008 2392 1079 quilibet,
2421 1019 2478 1067 et
2513 1009 2802 1079 judiciaria
2833 1020 3098 1081 potestate
3124 1013 3177 1067 in
3221 1013 3503 1080 ecclesias,
3537 1024 3630 1069 aut

2040 1099 2181 1164 loca,
2206 1100 2291 1154 vel
2325 1115 2504 1172 agros,
2554 1117 2649 1157 seu
2703 1103 2940 1172 reliquas
2986 1104 3360 1173 possessiones
3382 1105 3625 1174 praedicti

2040 1191 2378 1257 monasterii,
2407 1206 2545 1262 quas
2573 1192 2835 1248 moderno
2863 1202 3107 1264 tempore
3130 1194 3278 1265 juste
3301 1203 3359 1249 et
3382 1194 3628 1266 legaliter

2039 1284 2300 1354 pussidet,
2331 1283 2416 1339 vel
2456 1299 2578 1354 qua:
2602 1285 2856 1355 deinceps
2878 1286 2932 1339 in
2958 1285 3081 1356 jura
3117 1286 3289 1356 ipsius
3315 1283 3419 1341 loci
3459 1285 3628 1341 voluit

2041 1372 2223 1427 divina
2251 1374 2426 1443 pietas
2451 1374 2658 1445 augeri,
2686 1374 2753 1430 ad
2799 1388 2992 1429 causas
3020 1372 3336 1440 audiendas,
3362 1373 3450 1429 vel
3472 1373 3625 1429 feuda

2040 1463 2326 1535 exigenda,
2354 1474 2447 1519 aut
2474 1465 2785 1521 mansiones
2824 1465 2909 1520 vel
2944 1475 3162 1536 paratas
3208 1465 3505 1533 faciendas,
3536 1474 3631 1524 aut

2042 1556 2389 1627 ﬁdeiussores
2436 1557 2724 1624 tollendos,
2754 1565 2846 1612 aut
2874 1558 3123 1613 homines
3148 1558 3486 1621 monasterii,
3518 1566 3628 1614 tam

2043 1648 2305 1723 ingenuos
2345 1664 2513 1720 quam
2554 1649 2721 1704 etiam
2769 1664 2978 1715 servos,
3009 1664 3173 1721 super
3207 1659 3411 1705 terram
3460 1650 3629 1721 ipsius

2042 1750 2471 1807 commanentes,
2502 1754 2603 1796 nec
2633 1741 2701 1797 ad
2726 1741 2914 1797 hostes
2955 1740 3375 1813 distringendos,
3398 1756 3501 1797 nec
3550 1741 3629 1796 ul-

2043 1831 2123 1888 las
2154 1831 2563 1901 redhibitiones,
2601 1841 2695 1888 aut
2740 1833 2953 1890 illicitas
3000 1835 3629 1904 occasionesrequiren—

2042 1923 2140 1978 das
2168 1923 2278 1979 ullo
2304 1938 2546 1993 unquam
2571 1932 2815 1994 tempore
2839 1925 3047 1995 ingredi
3077 1923 3292 1989 audeat,
3319 1922 3624 1993 valeatque,

2043 2029 2204 2085 supra
2238 2023 2539 2070 memorata
2584 2015 2802 2085 penitus
2831 2015 3048 2086 exigere
3098 2021 3414 2085 praesumat.
3444 2013 3620 2069 Conti-

2043 2106 2208 2160 uebat
2232 2106 2401 2161 etiam
2429 2106 2485 2162 in
2504 2105 2695 2161 eadem
2715 2106 3036 2162 auctoritate
3055 2106 3289 2177 qualiter
3312 2104 3631 2162 continuas-

2044 2207 2126 2252 set
2168 2199 2311 2253 idem
2342 2198 2407 2252 D.
2448 2199 2745 2269 imperator
2795 2198 2864 2254 ad
2909 2198 3085 2268 ipsum
3125 2197 3519 2253 monasterium
3545 2209 3629 2251 re-

2045 2305 2187 2355 rum,
2224 2288 2367 2344 idem
2389 2288 2675 2344 ecclesiam
2706 2288 2878 2343 sancti
2921 2287 3068 2343 Petri
3106 2287 3163 2342 in
3191 2286 3518 2351 Carmarita,
3548 2293 3631 2340 at-

2044 2394 2150 2451 que
2171 2380 2422 2436 cellulam
2455 2381 2628 2436 sancti
2652 2379 2860 2445 Savini,
2893 2387 2948 2436 et
2974 2388 3175 2435 sancta:
3210 2378 3519 2445 Restitutat,
3546 2377 3627 2434 vel

2045 2472 2219 2527 sancti
2246 2471 2413 2536 Petri,
2441 2479 2497 2527 et
2539 2471 2711 2527 sancti
2756 2469 3015 2541 Stephani
3062 2471 3118 2525 in
3165 2470 3464 2541 Tarquinio
3505 2483 3628 2525 cum

2046 2576 2235 2618 eorum
2263 2562 2626 2632 pertinentiis.
2652 2561 2799 2629 Quas
2823 2576 2911 2619 res
2933 2562 3321 2618 conﬁrmamus
3342 2570 3631 2632 perpetua-

2046 2654 2170 2709 liter
2192 2653 2456 2723 praedicto
2481 2654 2815 2709 monasterio
2847 2653 2914 2708 ad
2933 2653 3259 2718 habendum,
3290 2652 3435 2707 sicut
3462 2652 3629 2707 domi.

2047 2762 2149 2801 nus
2170 2754 2225 2801 et
2256 2747 2469 2817 genitor
2490 2754 2676 2802 noster
2698 2760 2796 2815 per
2815 2759 2971 2800 suum
2992 2751 3320 2815 prteceptum
3342 2743 3628 2797 conﬁrma-

2047 2841 2140 2893 vit.
2191 2837 2572 2895 Conicessimus
2616 2839 2780 2893 etiam
2820 2838 2995 2894 eidem
3043 2846 3233 2893 sancto
3276 2837 3625 2899 monasterio.

2047 2930 2501 3001 quemadmodum
2539 2931 2790 2987 dominus
2816 2938 2872 2985 et
2894 2930 3106 3001 genitor
3129 2939 3315 2985 noster
3341 2929 3623 2991 concessit,

2048 3032 2108 3078 ut
2134 3021 2569 3093 quandoquidem
2601 3021 2781 3076 divina
2818 3021 3103 3077 vocatione
3130 3019 3423 3090 praedictus
3442 3020 3622 3083 abbas,

2048 3116 2130 3169 vel
2155 3128 2499 3170 successores
2523 3113 2640 3183 ejus
2673 3115 2738 3169 de
2761 3114 2865 3168 hac
2890 3112 3009 3167 luce
3054 3112 3425 3183 migraveriut,
3461 3128 3627 3183 quan-

2046 3207 2138 3261 diu
2169 3207 2416 3262 monachi
2459 3205 2600 3261 inter
2643 3220 2703 3261 se
2750 3205 2888 3261 tales
2925 3205 3168 3260 invenire
3208 3205 3507 3275 potuerint,
3537 3206 3623 3275 qui

2046 3298 2219 3368 ipsam
2244 3297 2717 3368 congregationem
2746 3312 2934 3367 regere
2955 3296 3169 3351 valeant
3208 3310 3306 3366 per
3328 3295 3625 3365 hujusmodi

2047 3398 2287 3446 nostram
2327 3389 2705 3447 auctoritatem
2738 3397 2797 3443 et
2820 3403 3163 3452 consensum,
3197 3386 3282 3443 vel
3309 3386 3493 3442 dilecti
3540 3385 3626 3441 lilii

2048 3480 2219 3537 nostri
2240 3479 2503 3535 Bernardi
2533 3480 2679 3550 regis
2700 3479 2976 3534 licentiam
3005 3479 3240 3534 habeant
3262 3477 3495 3548 eligendi
3538 3480 3627 3533 ab-

2047 3575 2221 3639 bates,
2251 3581 2522 3643 quatenus
2545 3572 2692 3641 ipsos
2715 3572 3013 3627 monachos
3052 3571 3146 3641 qui
3177 3571 3378 3628 ibidem
3408 3571 3629 3626 Domino

2048 3663 2298 3719 famulari
2325 3662 2598 3727 videntur,
2644 3677 2746 3732 pro
2789 3662 2946 3719 nobis
2989 3670 3046 3717 et
3093 3661 3344 3733 conjuge,
3379 3660 3628 3732 proleque

2046 3762 2251 3818 nostra,
2284 3760 2447 3823 atque
2471 3752 2763 3807 stabilitate
2787 3752 2952 3808 totius
2975 3753 3187 3822 imperii
3219 3767 3251 3807 a
3276 3752 3501 3808 Domino
3529 3768 3625 3807 no-

2045 3845 2129 3900 bis
2152 3843 2427 3899 commissi
2451 3851 2613 3914 atque
2638 3842 2995 3899 conservandi
3014 3843 3200 3914 jugem
3225 3843 3437 3900 Domini
3469 3844 3628 3898 mise-

2047 3933 2337 3989 ricordiam
2372 3947 2602 3988 exorare
2623 3932 2878 3998 delectet,
2899 3939 2955 3987 et
2970 3940 3042 3986 ut
3068 3933 3185 3988 haec
3214 3933 3510 3988 auctoritas
3534 3946 3631 3985 no—

2046 4024 2198 4090 stris,
2225 4020 2532 4093 futurisque
2551 4025 2907 4093 temporibus,
2929 4023 3161 4079 Domino
3188 4030 3631 4095 protegente,va.

2045 4117 2154 4172 leat
2186 4116 2499 4172 inconvulsa
2528 4131 2769 4182 manere,
2800 4131 2963 4171 manu
2989 4117 3210 4187 propria
3237 4115 3425 4172 subter
3447 4116 3631 4170 ﬁrma-

2044 4208 2242 4273 vimus,
2265 4217 2321 4264 et
2366 4208 2551 4264 annuli
2603 4208 2775 4264 nostri
2819 4209 3179 4279 impressione
3222 4208 3425 4281 signari
3462 4207 3626 4279 jussi-

2047 4314 2185 4354 mus.

2122 4391 2347 4463 Signum
2368 4391 2628 4447 Ludovici
2648 4390 2981 4446 serenissimi
3014 4390 3376 4460 imperatoris.

2121 4483 2241 4539 Dat.
2267 4498 2333 4537 xv
2355 4481 2472 4536 Kal.
2496 4479 3188 4547 Decemb.,anno,Clu;isto
3214 4477 3518 4549 prepitio,3
3537 4480 3629 4533 im-

2047 4573 2183 4644 perii
2233 4571 2437 4628 domini
2465 4570 2721 4630 Ludovici
2769 4570 2998 4642 piissimi
3026 4569 3278 4640 Augusti,
3310 4569 3500 4625 indict.
3538 4570 3626 4624 de-

2050 4666 2211 4721 cima.

2120 4753 2314 4809 Actum
2336 4752 2667 4824 Compendio
2695 4753 2892 4826 palatio
2923 4752 2976 4808 in
3005 4751 3099 4808 Dei
3133 4752 3354 4807 nomine
3379 4749 3623 4808 feliciter.

2771 4911 2903 4967 LIV.

2051 5020 2370 5065 ROBORATUB
2396 5018 2609 5059 ΡΑοτυιι
2634 5018 2798 5058 INTER
2834 5016 3123 5057 BPISCOPUI
3160 5013 3625 5081 CONITIAX‘TW

2333 5089 2396 5130 AC
2436 5088 2817 5130 IONAS‘I'EBIUI
2856 5087 2903 5127 S.
2936 5088 3092 5129 GALLI
3131 5087 3345 5128 ικιτωι.

2642 5162 2815 5234 (Anno
2851 5161 2997 5235 816.)

2052 5256 2375 5330 [NeutgartL
2398 5254 2575 5330 Cede:
2597 5248 3081 5330 Alemgnuicugnex
3103 5251 3422 5330 Collectiorte
3459 5251 3627 5330 diploo

2123 5322 2313 5381 marica
2345 5324 2407 5378 Ι).
2437 5323 2805 5382 Emmanueiis
2830 5322 3122 5395 deVHaller,
3155 5323 3394 5395 βετωεειί
3416 5322 3628 5395 provin-

2123 5397 2278 5453 cialis
2302 5394 2710 5451 Newidunensis
2736 5394 2875 5465 apud
2899 5391 3205 5466 Bernates‘.)

2126 5493 2181 5546 In
2227 5488 2688 5593 nomine‘Domiui
2742 5488 2839 5545 Dei
2891 5498 2946 5543 et
2973 5484 3271 5542 Salvatoris
3300 5485 3475 5542 nostri
3502 5482 3627 5539 Jesu

2046 5621 2168 5678 pag.
2209 5603 2337 5678 ξω,
2384 5611 2437 5657 et
2468 5602 2759 5678 -lfesselius
2821 5603 2875 5659 in
2930 5600 3204 5658 Chronico
3254 5599 3622 5664 Gottwrceusi,

2050 5671 2182 5733 ῑοιῐι.
2212 5674 2276 5739 u,
2305 5690 2424 5745 pag.
2458 5671 2578 5727 453.
