3946 6174
488 320 622 377 1051

488 432 782 492 indictione
807 429 861 486 9.
890 425 1087 482 Actum
1130 416 1456 495 Aquisgrani
1478 415 1682 489 palatio
1704 413 1856 485 regio
1883 412 1940 466 in
1966 409 2063 465 Dei

488 524 708 583 nomine
730 518 981 577 feliciter.
1005 514 1200 570 Amen.

1204 601 1344 659 LVI.

916 713 1019 754 Ριιο
1055 710 1232 754 EODEI
1268 703 1628 748 IOHASTERIO.

1109 788 1283 860 (Anno
1317 780 1466 853 διδ.)

560 886 739 962 [Apud
762 883 1017 949 Martem,
1044 879 1200 943 ibid.,
1223 877 1304 931 Ex
1327 871 1607 929 chartario
1627 861 2016 933 Morhaceusi.]

559 956 863 1034 ln'nomiue
895 970 1109 1028 Domini
1154 969 1252 1023 Dei
1295 976 1351 1022 et
1391 963 1692 1019 Salvatoris
1732 959 1903 1016 nostri
1942 956 2071 1011 .Iesu

488 1069 712 1133 Christi,
744 1065 1051 1121 Ludovicus
1071 1061 1253 1117 divina
1281 1057 1569 1113 ordinante
1609 1051 1949 1125 providentia
1972 1049 2074 1103 im-

488 1167 709 1231 perator
732 1158 1029 1228 Augustus.

560 1251 756 1305 Notum
809 1249 881 1303 sit
907 1245 1158 1302 omnibus
1189 1242 1436 1298 ﬁdelibus
1463 1239 1684 1303 nostris,
1715 1245 1825 1292 tam
1854 1241 1909 1291 et
1935 1247 2076 1304 prae-

496 1343 740 1399 sentibus
769 1356 932 1410 quam
969 1345 1026 1393 et
1074 1336 1288 1400 futuris,
1313 1334 1442 1405 quia
1466 1333 1551 1387 vir
1578 1327 1904 1386 venerabilis
1928 1325 2076 1380 Gun-

493 1444 758 1493 trammus
783 1431 953 1486 abbas
996 1442 1060 1482 ex
1091 1425 1418 1482 monasterio
1462 1422 1606 1493 quod
1631 1420 1829 1476 dicitur
1857 1415 2075 1473 Vivario

490 1522 918 1598 peregrinorum,
949 1517 1091 1588 quod
1118 1525 1202 1571 est
1231 1516 1393 1570 situm
1442 1514 1495 1568 in
1527 1511 1724 1567 ducatu
1772 1504 2074 1571 Alsacensi,

491 1632 657 1687 super
706 1612 929 1669 ﬁuvium
983 1609 1241 1665 Morbhae
1268 1647 1283 1672 ,
1340 1612 1707 1661 constructum
1763 1601 1817 1653 in
1870 1599 2078 1653 honore

492 1708 665 1764 sancti
695 1703 1013 1775 Leodegarii
1046 1711 1101 1756 et
1125 1700 1297 1755 sancti
1327 1698 1495 1763 Petri,
1527 1695 1786 1765 principis
1810 1691 2079 1763 apostolo-

493 1814 632 1860 rum,
663 1797 747 1852 vel
795 1804 997 1851 sancta:
1025 1793 1207 1847 Maria:
1247 1805 1460 1859 semper
1490 1786 1733 1857 virginis,
1770 1782 1965 1839 detulit
1992 1795 2086 1834 uo-

492 1890 577 1944 bis
593 1889 969 1944 auctoritatem
988 1885 1170 1940 domui
1190 1891 1244 1938 et
1267 1881 1530 1953 genitoris
1550 1878 1718 1934 nostri
1735 1875 1910 1931 Caroli
1927 1876 2082 1929 bona:

492 1982 768 2037 memoriae
794 1977 1130 2034 serenissimi
1174 1976 1426 2046 Augusti,
1453 1974 1509 2026 in
1539 1987 1643 2041 qua
1684 1968 2079 2032 continebatur,

492 2086 561 2128 eo
582 2073 726 2142 quod
748 2071 995 2125 homines
1015 2068 1234 2129 liberos,
1266 2066 1359 2134 qui
1390 2065 1456 2119 ad
1480 2063 1794 2134 praedictum
1819 2066 2087 2114 monaste-

499 2161 643 2216 rium
665 2170 906 2229 tempore
927 2158 1011 2213 avi
1041 2157 1217 2212 nostri
1232 2155 1445 2225 Pippini
1471 2154 1614 2224 regis
1634 2152 1947 2208 obedientes
1970 2148 2086 2203 fue-

493 2260 641 2318 runt,
683 2268 749 2307 eo
776 2261 1024 2322 tempore
1053 2250 1119 2305 ad
1143 2250 1314 2318 ipsam
1343 2262 1526 2303 casam
1554 2245 1671 2299 Dei.
1702 2244 1767 2298 Et
1796 2241 2087 2312 postulavit

497 2345 639 2399 idem
668 2343 1055 2398 Guntrammus
1076 2340 1237 2403 abba,
1260 2346 1323 2393 ut
1347 2338 1485 2394 sicut
1529 2344 1771 2404 tempore
1800 2333 1884 2386 avi
1915 2331 2084 2385 nostri

499 2432 711 2503 Pippini
762 2431 924 2501 regis,
948 2439 1005 2485 et
1055 2429 1237 2485 domui
1289 2437 1346 2482 et
1378 2426 1639 2497 genitoris
1687 2423 1858 2479 nostri
1906 2420 2088 2477 Caroli

497 2522 742 2592 praedicti
781 2520 1031 2576 homines
1051 2519 1370 2575 obedientes
1400 2516 1637 2580 fuerunt,
1681 2516 1753 2569 ita
1797 2522 1855 2569 et
1881 2521 2084 2567 nostro.

498 2612 882 2682 Praecipieutes
927 2625 1056 2682 ergo
1076 2608 1330 2678 juhemus
1362 2616 1422 2663 ut
1461 2608 1602 2662 sicut
1641 2606 1696 2660 in
1735 2604 1921 2659 eadem
1951 2616 2090 2673 prae-

499 2704 748 2773 captione
768 2701 1099 2766 continetur,
1127 2708 1189 2755 ut
1214 2700 1394 2755 nullus
1411 2699 1669 2769 quislibet
1697 2711 1766 2750 ex
1797 2695 2087 2765 judiciaria

498 2802 787 2864 potestate,
819 2801 913 2848 aut
952 2793 1102 2848 missi
1132 2792 1502 2847 discurrentes
1533 2787 1787 2861 praefatos
1841 2788 2091 2843 homines

500 2887 721 2950 liberos,
746 2885 838 2955 qui
869 2895 1112 2955 tempore
1157 2884 1340 2939 domui
1380 2891 1438 2938 et
1478 2882 1741 2954 genitoris
1795 2880 1967 2935 nostri
2022 2876 2089 2932 ad

499 2979 822 3049 praedictum
883 2976 1274 3032 monasterium
1328 2975 1740 3039 descrvierunt,
1787 2972 2091 3042 inquietare

502 3077 597 3124 aut
627 3068 951 3124 calumniam
972 3080 1255 3137 generum,
1283 3072 1377 3118 aut
1406 3064 1640 3135 aliquam
1669 3061 1924 3131 injustam
1961 3075 2090 3115 con-

503 3160 840 3214 trarietatem
882 3157 1064 3213 facere
1092 3165 1403 3227 praesumat,
1435 3157 1530 3211 sed
1574 3156 1737 3211 liceat
1777 3155 1859 3209 eis
1901 3168 2093 3209 secun-

506 3248 635 3302 dum
662 3262 852 3302 eorum
878 3248 1341 3313 consuetudinem,
1372 3246 1562 3315 quanti
1594 3245 1787 3300 melius
1804 3244 2089 3309 valuerint,

507 3338 577 3392 ad
624 3337 801 3406 ipsum
861 3336 1252 3391 monasterium
1301 3336 1576 3390 deservire
1603 3375 1618 3399 ,
1676 3344 1731 3388 et
1783 3334 2095 3390 obedientes

504 3428 817 3484 hominibus
848 3442 986 3482 esse.
1017 3428 1086 3482 Et
1110 3434 1169 3481 ut
1213 3427 1416 3481 certius
1440 3426 1582 3480 hanc
1616 3437 1861 3481 nostram
1899 3426 2096 3495 jnssio-
2138 3476 2146 3487 ,

508 3537 634 3576 nem
660 3534 783 3575 esse
803 3519 1079 3584 credatur,
1104 3517 1172 3572 de
1194 3517 1392 3573 annulo
1422 3524 1607 3572 nostro
1628 3517 1815 3572 subter
1836 3515 2097 3586 jussimus

514 3608 761 3680 sigillari.

584 3700 809 3771 Signum
834 3698 1093 3754 Ludovici
1116 3697 1453 3754 serenissimi
1479 3697 1844 3767 imperatoris.

581 3791 867 3847 Durandus
915 3790 1176 3847 diaconus
1227 3791 1295 3845 ad
1328 3789 1501 3844 vicem
1536 3788 1900 3845 llelisacharii
1948 3802 2100 3843 reco-

519 3884 701 3954 gnovi.

586 3975 796 4028 Dataxr
843 3972 960 4027 Kal.
993 3971 1354 4043 Septembris,
1382 3987 1546 4038 anno,
1579 3971 1797 4027 Christo
1841 3971 2099 4041 propitio,

512 4065 679 4120 tertio
707 4063 921 4134 imperii
945 4063 1127 4118 domui
1169 4062 1430 4118 Ludovici
1476 4062 1707 4133 piissimi
1746 4060 1995 4132 Augusti,
2021 4060 2103 4114 in-

514 4153 752 4208 dictione
791 4152 845 4207 9.
889 4150 1087 4206 Actum
1120 4148 1446 4222 Aquisgrani
1491 4151 1694 4221 palatio
1734 4151 1883 4222 regio
1923 4151 1978 4205 in
2004 4150 2102 4205 Dei

516 4243 737 4298 nomine
766 4241 1021 4297 feliciter.
1054 4242 1246 4297 Amen.

1228 4331 1387 4388 LVII.

936 4442 1037 4483 PRO
1071 4442 1384 4484 POSSATENSI
1410 4444 1682 4486 C(ENOBIO.

1129 4521 1302 4593 (Anno
1343 4520 1493 4594 816.)

518 4633 708 4707 [Apud
724 4633 797 4707 _D.
836 4634 1357 4707 Bpuquet.,__Scﬁg{.
1391 4633 1514 4707 Reg.
1546 4631 1767 4707 Enna,
1814 4647 1937 4707 pag.
1969 4633 2098 4707 ῥ92,

622 4721 689 4787 ex
714 4703 839 4760 Ger.
870 4701 1095 4770 Dubois,
1118 4703 1259 4758 Hist.
1285 4701 1435 4757 Eccl.
1460 4701 1662 4767 Paris.,
1690 4701 1991 4776 pag.’5§d.]

587 4817 651 4872 ln
684 4815 903 4869 nomine
932 4814 1146 4869 Domini
1175 4813 1268 4868 Dei
1324 4822 1379 4868 et
1420 4813 1718 4868 Salvatoris
1750 4814 1918 4868 nostri
1970 4812 2098 4869 Jesu

520 4905 721 4961 Christi
751 4945 766 4970 ,
797 4904 1103 4960 Ludovicus
1130 4945 1144 4970 ,
1189 4904 1370 4959 divina
1394 4904 1683 4959 ordinante
1730 4904 2093 4974 providentia,

521 4998 818 5069 imperator
843 4996 1135 5068 Augustus.

595 5086 857 5144 Omnibus
882 5086 1167 5156 episcopis,
1191 5086 1496 5148 abbatibus.
1518 5085 1762 5149 ducibus,
1794 5085 2108 5151 comitibus,

524 5180 745 5235 vicariis
768 5220 782 5245 ,
818 5180 1146 5235 centenariis
1171 5219 1185 5243 ,
1240 5179 1518 5233 telonariis
1544 5219 1559 5244 ,
1608 5177 1959 5232 auctionariis
2022 5175 2108 5232 vel

529 5270 780 5325 munibus
804 5268 1191 5339 rempublicam
1217 5267 1740 5331 administrantibus,
1770 5282 1865 5320 seu
1903 5266 2116 5322 caeteris

532 5356 779 5411 ﬁdelibus
806 5364 1005 5411 sancta:
1028 5355 1125 5410 Dei
1148 5355 1403 5411 Ecclesia:
1426 5363 1481 5410 et
1506 5355 1707 5410 nostris
1736 5363 1845 5409 tam
1870 5371 2109 5426 praesen-

1878 4340 1908 4357 ,.

606 5525 639 5591 ι.
684 5512 954 5591 (Σοίιιιίιιε.ἶ
1009 5520 1141 5591 tom.
1198 5513 1309 5591 Vill
1352 5512 1549 5591 Annal.
1594 5511 1789 5591 eccles.
1839 5510 2114 5591 legitcar-

537 5582 783 5661 relicum,
814 5582 957 5661 quod
978 5582 1193 5661 vitiose
1221 5584 1429 5661 dictum
1460 5588 1611 5661 putat
1632 5597 1734 5651 pro
1759 5582 2107 5661 carndticum.

537 5650 869 5726 (.‘urratirtqn
938 5657 1115 5702 tamen
1182 5653 1321 5726 idem
1384 5650 1502 5706 esse
1558 5652 1634 5705 ait
1673 5667 1737 5726 ac
1771 5652 2109 5713 carraticum,

541 5731 735 5784 nempe
765 5716 1020 5769 tributtnn
1050 5734 1147 5786 pro
1179 5721 1353 5777 carris
1385 5722 1811 5786 transeuntibus,
1839 5729 1891 5775 et
1923 5737 2112 5776 carna-

1615 296 1940 357 LUDOVICI
1975 294 1996 351 Ι
2029 287 2500 351 COGNOMENTO
2538 287 2625 345 PII

2091 415 2137 476 Α
2169 405 2313 460 tibus
2337 417 2498 473 quam
2540 409 2595 456 et
2617 397 2835 462 futuris,
2859 400 3046 450 notum
3070 395 3141 451 sit
3163 395 3300 467 quod
3321 397 3383 453 ad
3406 397 3658 467 petilium

2128 4469 2182 4528 D

3553 287 3652 344 i053

2166 496 2399 567 Begonis
2425 494 2648 549 illustris
2679 493 2896 549 comitis
2909 490 3283 547 monasterium
3296 489 3427 558 quod
3446 498 3518 544 est
3536 491 3659 546 situm

2168 586 2224 641 iu
2249 601 2387 657 pago
2416 584 2714 648 Parisiaco,
2742 584 2797 638 in
2828 585 2946 639 loco
2968 582 3057 652 qui
3075 580 3266 635 dicitur
3295 579 3540 645 Fossatus,
3566 595 3664 636 eoa-

2169 686 2433 733 structum
2470 676 2527 729 in
2572 676 2778 729 honore
2806 675 2978 729 beatae
3024 671 3118 726 Dei
3154 668 3410 740 genitricis
3451 667 3601 722 Mariae
3625 677 3665 723 et

2170 776 2479 823 sanctorum
2494 764 2857 836 apostolorum
2881 763 3025 817 Petri
3053 771 3108 817 et
3129 760 3296 825 Pauli,
3329 773 3472 828 super
3495 755 3665 811 ﬂuvium

2172 857 2491 919 Matronam,
2530 871 2635 909 una
2668 868 2791 908 cum
2820 852 2938 922 ejus
2965 848 3398 914 abbate,nomine
3417 845 3664 909 Benedicto,

2172 956 2228 1002 et
2264 945 2523 1000 fratribus
2571 943 2771 998 ibidem
2802 940 3141 1012 degentibus,
3192 951 3290 992 una
3325 950 3435 989 cum
3463 933 3596 988 rebus
3631 945 3669 989 et

2173 1035 2485 1091 hominibus
2541 1033 2719 1087 eidem
2769 1030 3097 1086 monasterio
3139 1029 3278 1098 juste
3321 1024 3567 1093 subjectis,
3600 1024 3669 1077 sub

2175 1135 2363 1185 nostro
2387 1125 2721 1195 suscepimus
2750 1120 3142 1176 mundeburdio
3164 1127 3320 1185 atque
3341 1113 3617 1176 defensione.
3633 1120 3671 1167 et

2176 1218 2496 1287 deprecatus
2526 1222 2610 1269 est
2637 1220 2698 1267 ut
2719 1210 3152 1281 quandocunque
3188 1207 3417 1262 libuisset
3446 1204 3672 1258 monachos

2177 1310 2231 1367 in
2260 1308 2450 1363 eodem
2497 1303 2832 1360 monasterio
2888 1301 3146 1371 degentes
3184 1297 3368 1352 missos
3407 1308 3516 1348 suos
3540 1293 3582 1346 in
3604 1291 3673 1343 ali-

2178 1416 2340 1471 quam
2368 1406 2580 1469 partem
2622 1394 2831 1464 imperii
2881 1390 3055 1447 nostri
3078 1385 3377 1460 negotiandi
3407 1384 3553 1455 gratia
3583 1380 3676 1435 diri-

2179 1508 2327 1566 gere,
2353 1507 2479 1546 cum
2508 1489 2679 1545 carris
2705 1486 2955 1541 videlicet
2976 1492 3031 1539 et
3051 1481 3251 1537 saumis
3276 1492 3367 1533 seu
3391 1473 3585 1543 navigio,
3617 1471 3675 1524 vel

2181 1560 2302 1638 eum
2325 1580 2567 1650 quolibet
2604 1577 2843 1648 negotio,
2882 1573 3160 1628 licentiam
3208 1568 3451 1623 haberent
3485 1560 3677 1632 pergendi

2180 1674 2273 1728 ubi
2301 1670 2571 1726 voluerint
2601 1668 2806 1737 absque
2823 1662 3052 1732 alicujus
3079 1657 3410 1715 iufestatione
3436 1653 3506 1707 vel
3518 1659 3677 1706 contra-

2110 1757 2156 1816 Β
2187 1768 2399 1821 rietate.
2472 1759 2638 1829 Cujus
2662 1756 2913 1830 petitioni
2941 1756 2995 1809 in
3023 1754 3359 1820 eleemosyna
3384 1752 3542 1803 nostra
3561 1741 3679 1795 liben-

2185 1868 2269 1914 ter
2288 1870 2475 1911 aurem
2500 1853 2740 1924 praebere
2762 1846 3109 1917 complacuit,
3135 1840 3300 1898 et‘lias
3313 1846 3493 1893 nostrae
3509 1830 3680 1887 auctori-

2187 1947 2312 2002 tatis
2332 1946 2539 1999 litteras
2565 1942 2681 1997 ﬁeri
2704 1940 2988 2008 jussintus,
3019 1951 3120 2007 per
3147 1947 3277 2002 quas
3311 1944 3401 2000 pro
3420 1924 3680 1996 quibusmu-

2184 2038 2290 2093 ctis
2314 2034 2559 2090 ﬁdelibus
2583 2031 2787 2087 nostris
2824 2026 3185 2098 przesentibus
3224 2028 3277 2075 et
3310 2013 3677 2082 futurisjubemus

2187 2136 2246 2182 ut
2274 2128 2585 2195 ubicunque
2614 2122 2769 2178 missi
2782 2118 3026 2190 praedicti
3055 2114 3265 2171 abbatis
3288 2118 3374 2165 aut
3395 2115 3681 2164 successorum

2185 2218 2305 2287 ejus
2338 2216 2478 2272 infra
2510 2212 2944 2283 jurisdictionetn
2987 2205 3110 2276 ejus
3154 2201 3356 2274 imperii
3386 2196 3532 2253 nostri
3570 2205 3681 2261 uego-

2187 2308 2355 2365 tiandi
2397 2320 2564 2363 causa
2588 2303 2779 2358 directi
2809 2301 3030 2363 fuerint,
3068 2311 3226 2352 nemo
3257 2292 3519 2353 teloneum,
3543 2297 3680 2353 neqllt‘.

2189 2400 2332 2470 quod
2368 2397 2529 2469 vulgo
2565 2394 2784 2457 dicitur,
2832 2390 3153 2462 ripaticum,
3179 2399 3347 2455 neque
3369 2379 3605 2437 rotatieum
3623 2380 3684 2425 aut

2189 2491 2521 2563 poutaticum
2580 2485 2666 2541 vel
2707 2482 3034 2555 portaticum
3067 2486 3163 2534 aut
3192 2489 3217 2518 ι
3246 2471 3686 2532 taritaticum,atque

2188 2560 2573 2654 eispitaticum,
2602 2590 2812 2632 necnon
2849 2580 2902 2628 et
2923 2570 3290 2632 salutaticum,
3319 2571 3406 2619 aut
3424 2560 3564 2614 ullum
3600 2566 3686 2607 cen-

2189 2647 2330 2737 sum,
2359 2680 2453 2726 aut
2474 2669 2641 2724 ullum
2667 2670 3107 2729 occursum,.aut
3158 2659 3319 2714 ullam
3354 2647 3684 2709 redltihitionem

2191 2765 2404 2835 ahipsis
2431 2763 2699 2832 accipere,
2732 2767 2827 2813 aut
2855 2763 3112 2811 exactare
3133 2756 3410 2823 praesumat
3436 2763 3448 2799 :
3483 2741 3560 2798 sed
3578 2738 3688 2791 liceat

2193 2866 2302 2912 tam
2325 2870 2419 2910 eos
2446 2868 2611 2925 quam
2640 2851 2911 2913 homines,
2939 2846 3023 2901 vel
3048 2844 3233 2900 omnia
3259 2841 3451 2896 illorum
3479 2847 3576 2889 cum
3598 2836 3688 2899 pace

2193 2954 2524 3014 discurrere,
2547 2956 2604 3002 et
2631 2945 2845 3017 negotia
2877 2942 3116 2997 libenter
3146 2950 3393 3010 peragere
3418 2942 3467 2988 et
3499 2930 3553 2986 ad
3570 2938 3685 3017 quas-

2195 3057 2409 3111 cunque
2460 3039 2731 3103 civitates,
2782 3042 2876 3090 aut
2902 3041 3099 3103 portus
3127 3029 3211 3084 vel
3236 3029 3346 3083 loca
3368 3033 3598 3079 accessum
3620 3014 3687 3068 ha-

2196 3133 2433 3197 buerint,
2465 3129 2668 3185 nullam
2696 3124 3147 3196 inquietudinem,
3168 3130 3261 3175 aut
3282 3115 3605 3174 detenlionem,
3627 3111 3687 3158 aut

2196 3224 2638 3283 contrarietatem
2660 3220 2730 3275 ab
2757 3219 2938 3287 aliquo
2970 3216 3211 3271 ﬁdelium
3237 3221 3515 3268 nostrorum
3536 3199 3687 3273 patian-

2198 3327 2318 3384 tur;
2371 3315 2467 3373 sed
2495 3312 2805 3380 ubicunque
2818 3308 3009 3364 directi
3049 3306 3274 3368 fuerint,
3300 3303 3407 3357 sive
3441 3292 3611 3384 navigio
3627 3292 3688 3341 θυι

2200 3382 2436 3473 terreno,
2460 3405 2638 3463 securi
2662 3411 2719 3459 et
2739 3401 2907 3472 quieti
2934 3414 3061 3456 cum
3088 3397 3337 3455 omnibus
3366 3402 3471 3460 qua:
3495 3382 3687 3473 deferunt.

2198 3515 2296 3572 per
2320 3507 2644 3570 przesentem
2676 3505 2919 3549 nostram
2966 3489 3345 3545 auctoritatem
3389 3482 3459 3536 ire
3499 3485 3544 3530 et
3571 3468 3689 3525 redire

2198 3566 2432 3648 valeant.
2501 3590 2568 3643 Et
2595 3595 2656 3642 ut
2683 3587 2801 3643 hmc
2833 3582 3139 3638 auctoritas
3168 3578 3366 3633 ﬁrmior
3392 3570 3605 3659 habeatur
3621 3566 3687 3659 et:

2203 3684 2447 3741 ﬁdelibus
2487 3687 2689 3737 sanctae
2714 3677 2811 3731 Dei
2847 3673 3108 3729 Ecclesiae
3146 3679 3204 3726 et
3241 3664 3428 3723 nostris
3466 3657 3690 3748 diligenti?

2199 3778 2536 3837 observetur,
2564 3771 2629 3826 de
2661 3766 2860 3823 annulo
2889 3770 3082 3820 nostro
3119 3761 3306 3817 subter
3348 3752 3572 3823 jussimus
3592 3736 3689 3809 sigil-

2199 3866 2322 3922 lari.

2270 3954 2558 4012 Duraudus
2614 3952 2875 4008 diaconus
2924 3946 2993 4002 ad
3044 3947 3224 4000 vicem
3274 3934 3553 3996 Helisacbat'
3590 3936 3690 3979 νεω-

2202 4049 2409 4122 guovit.
3477 4118 3487 4122 _
3514 4115 3524 4122 .
3582 4106 3633 4122 ν

2272 4140 2465 4195 Datum
2497 4154 2572 4192 xu
2602 4134 2722 4191 Kal.
2749 4132 2896 4198 Julii,
2923 4146 3090 4195 anno,
3120 4127 3333 4185 Christo
3355 4109 3690 4208 propitio,5.im'

2203 4231 2337 4300 perii
2360 4228 2561 4284 domini
2604 4224 2860 4281 Ludovici
2888 4222 3122 4294 piissimi
3160 4214 3397 4287 Augusti,
3434 4211 3459 4249 ιι
3482 4203 3692 4298 indictione

2206 4297 2293 4376 i0.
2351 4320 2545 4375 Actum
2573 4316 2902 4388 Aquisgrani
2949 4313 3153 4385 palatio
3203 4309 3346 4381 regio
3371 4307 3421 4361 in
3444 4299 3524 4357 Dei
3542 4297 3692 4349 nouline

2206 4410 2456 4465 feliciter.
2511 4408 2707 4462 Amen.

2912 4473 3089 4531 LVllI.

2433 4585 2532 4625 PRO
2562 4582 2919 4624 ANDEGAVENSI
2947 4582 2993 4621 S.
3024 4578 3272 4619 lAUBlCII
3296 4568 3531 4616 ECCLESIA.

2815 4658 2990 4731 (Anno
3034 4656 3185 4729 816.)

2211 4752 2401 4827 [Apud
2421 4753 2485 4806 ι).
2517 4751 2810 4827 Βουιιιιμριει
2824 4722 3147 4827 ’ἱρὶᾱἈβξιθ
3166 4722 3299 4808 ⁷496,
3328 4722 3689 4827 εξηδῖηωωαηιιη

2518 4806 2665 4874 tom.‘
2681 4819 2745 4884 ll,
2768 4806 2909 4872 Call.
2948 4806 3165 4879 Christ“
3189 4806 3307 4885 pagi.
3329 4806 3466 4879 216.]

2277 4916 2339 4971 lu
2369 4914 2586 4968 nomine
2630 4911 2846 4965 Domini
2879 4910 2975 4965 Dei
3025 4917 3082 4965 et
3122 4904 3409 4965 Salvatoris
3443 4892 3583 4986 nostri
3609 4885 3691 4986 Ιςευ

2210 5005 2433 5071 Christi,
2464 5003 2788 5070 Ludovicus,
2822 5001 3002 5058 divina
3020 4999 3301 5056 ordinante
3312 4983 3615 5067 providentia,
3632 4983 3693 5028 ἰω·

2213 5106 2431 5170 perator
2454 5093 2748 5165 Augustus.
3577 5160 3599 5170 __
3653 5151 3675 5170 _.

2289 5187 2347 5241 Si
2374 5160 2719 5241 liberalitatis
2780 5192 2979 5239 nostrae
3032 5196 3254 5239 munere
3280 5175 3405 5233 locis
3446 5170 3539 5224 Deo
3562 5160 3695 5241 diu?“

2217 5277 2462 5348 quaedam
2487 5276 2822 5331 conferimus
2849 5274 3130 5337 beneficia,
3163 5279 3218 5324 et
3246 5263 3560 5322 necessitates
3580 5239 3695 5348 Sede"

2221 5368 2472 5425 siasticas
2508 5367 2577 5423 ad
2616 5367 2930 5437 petitionem
2983 5361 3319 5419 sacerdotum
3366 5358 3528 5409 nostro
3551 5336 3696 5396 rem?

2220 5506 2377 5559 ticum
2418 5506 2808 5573 interpretatur
2841 5502 3078 5572 speciem
3112 5496 3292 5573 tributi
3337 5507 3399 5546 ex
3434 5471 3691 5542 animalibus'

2220 5577 2334 5645 Ego
2363 5591 2491 5629 vero
2518 5569 2805 5645 legendum
2829 5569 2960 5645 puto
2997 5569 3325 5645 tranztticurn.
3356 5631 3368 5645 _
3434 5626 3469 5645 ,Δ
3517 5606 3692 5645 “Hm

2219 5620 2316 5774 ιοδ
2355 5618 2749 5714 Ουπίςὲἷιιῐυιη
2790 5618 2973 5696 didici.
3025 5642 3077 5702 9,
3122 5645 3176 5693 et
3232 5636 3308 5689 sic
3356 5626 3472 5699 legit
3517 5618 3694 5675 Ct‘i"““5

2238 5731 2335 5770 ore
2376 5717 2562 5771 citato.

2238 5731 2335 5770 occ
2376 5717 2562 5771 citato.
