3940 6180
298 277 440 335 £053

1437 277 1833 335 Dll’LOMATA
1873 278 2423 357 ECCLESIASTICA.
2644 278 2664 301 ‘

3429 283 3565 339 1034

299 408 425 447 mus
446 387 721 462 juvamine
757 397 923 460 atque
980 388 1246 459 imperiali
1281 397 1497 443 tuemur
1548 389 1870 453 munimine,
1903 390 1951 450 Α
1978 396 2094 443 stm
2123 388 2355 443 ﬁdeliter
2382 402 2575 460 parere
2602 388 2845 459 imperio,
2884 396 3047 459 atque
3072 405 3171 460 pro
3192 389 3575 451 incolumitate

301 482 355 538 id
383 481 536 537 nobis
564 489 620 534 et
655 478 723 533 ad
752 479 1036 534 mortalem
1063 480 1229 534 vitam
1277 480 1645 550 temporaliter
1683 479 1884 533 transi-

299 573 551 644 gendam,
587 578 641 624 et
667 571 735 625 ad
764 581 1022 626 aeternam
1065 570 1296 629 feliciter
1323 569 1670 624 obtinendam
1698 569 1885 639 profu-

299 672 480 717 turum
506 662 712 731 liquido
741 662 1032 718 credimus.
1071 661 1291 717 Noverit
1350 660 1555 715 interea
1613 663 1885 732 sagacitas

297 766 393 805 seu
426 751 635 807 utilitas
681 752 922 806 omnium
956 751 1192 806 ﬁdelium
1239 761 1574 819 nostrorum,
1606 761 1714 835 tam
1742 770 1884 825 prie-

297 844 531 897 sentiam
561 859 723 913 quam
758 851 813 898 et
866 842 1194 910 futurorum,
1235 845 1362 913 quia
1417 845 1502 899 vir
1546 846 1880 900 venerabilis

296 935 623 990 Benedictus
652 935 1122 1005 Andegavensium
1186 936 1422 991 civitatis
1458 937 1656 1007 przcsul
1686 937 1883 991 obtulit

294 1028 576 1083 obtutibus
607 1028 808 1083 nostris
859 1026 1236 1082 auctoritatem
1268 1026 1627 1082 immanitatis
1658 1042 1753 1082 seu
1785 1044 1884 1082 na-

294 1119 475 1173 valem
509 1119 802 1173 evectionis
816 1118 1013 1172 domini
1037 1126 1088 1171 et
1112 1118 1372 1188 genitoris
1404 1119 1572 1173 nostri
1597 1122 1876 1174 bonzcmc-

295 1208 483 1261 morize
507 1207 683 1261 Caroli
718 1207 949 1276 piissimi
982 1206 1231 1281 Augusti,
1284 1207 1339 1262 in
1374 1224 1482 1277 qua
1504 1210 1886 1264 continebatur

295 1298 566 1352 insertum
611 1297 752 1366 quod
781 1312 886 1351 non
918 1298 1092 1351 solum
1120 1297 1260 1352 idem
1307 1299 1521 1368 genitor
1550 1308 1754 1365 noster,
1796 1314 1886 1354 ve-

297 1403 417 1443 rum
447 1389 608 1443 etiam
638 1388 1061 1458 predecessorcs
1081 1390 1220 1455 ejus,
1260 1404 1415 1460 reges
1438 1390 1689 1445 videlicet
1712 1391 1884 1445 Fran-

294 1494 507 1544 corum,
549 1475 830 1533 ecclesiam
863 1477 920 1533 S.
957 1478 1223 1545 Mauricii,
1254 1480 1341 1535 cui
1367 1488 1588 1536 auctore
1617 1482 1728 1535 Deo
1766 1482 1882 1550 ipse

296 1571 582 1641 cpiscopus
611 1580 827 1641 prmest,
849 1573 949 1628 sub
972 1587 1068 1629 suo
1094 1574 1312 1629 nomine
1334 1570 1389 1630 et
1416 1574 1730 1632 defensione
1757 1593 1880 1632 cum

293 1660 640 1716 monasteriis
662 1669 712 1715 et
740 1661 946 1716 cellulis
992 1664 1095 1718 sibi
1122 1662 1379 1732 subjectis
1406 1673 1461 1719 et
1489 1666 1651 1721 rebus
1674 1666 1757 1720 vel
1789 1667 1881 1723 ho-

1988 491 2200 548 nostra,
2233 482 2477 552 conjugis
2505 489 2561 535 et
2611 481 2801 551 prolis,
2834 496 2929 536 seu
2960 480 3125 535 etiam
3154 483 3322 537 totius
3353 485 3575 555 imperii

1987 586 2017 624 a
2048 570 2160 625 Deo
2194 571 2353 626 nobis
2381 570 2586 635 collati,
2618 579 2674 625 et
2724 569 2840 639 ejus
2893 570 3315 627 clementissima
3350 574 3578 631 misera-

1988 661 2134 716 tione
2189 675 2290 730 per
2321 660 2647 715 immensum
2679 661 3057 726 conservandi,
3114 677 3220 715 una
3275 677 3397 716 cum
3427 663 3576 718 clero

1985 763 2039 808 et
2067 753 2262 824 populo
2289 753 2393 808 sibi
2420 751 2681 821 subjecto,
2722 752 2817 807 Dei
2871 754 3190 809 immensam
3229 753 3574 809 clementiam

1979 843 2184 916 jugitcr
2204 859 2459 909 exorare,
2484 851 2539 899 et
2569 844 2828 914 quidquid
2859 842 2927 899 de
2951 843 3187 913 prtefatze
3212 845 3376 899 rebus
3400 844 3575 899 eccle-

1985 937 2080 992 sire
2102 932 2192 1004 jus
2220 933 2339 989 ﬁsci
2363 934 2581 1005 exigere
2611 941 2846 1003 poterat,
2881 934 2936 988 in
2968 934 3238 1005 integrum
3264 934 3314 988 ei
3344 949 3573 989 conces-

1987 1027 2156 1081 simus
2178 1027 2440 1092 ecclcsim,
2473 1026 2680 1081 scilicet
2704 1034 2764 1080 ut
2792 1034 3056 1096 perpetuo
3087 1034 3326 1096 tempore
3357 1026 3423 1080 ad
3451 1042 3574 1096 per-

1987 1120 2252 1189 agendum
2292 1119 2387 1173 Dei
2429 1118 2710 1174 servitium
2766 1126 3110 1188 augmentum
3143 1128 3197 1172 et
3225 1117 3573 1187 supplemcno

1987 1215 2100 1261 tum
2141 1207 2254 1261 ﬁat.
2288 1208 2439 1262 Hanc
2468 1207 2654 1276 itaque
2691 1207 3074 1261 auctoritatem
3107 1214 3165 1259 nt
3189 1205 3486 1276 pleniorem
3516 1207 3571 1260 in

1986 1298 2080 1353 Dei
2114 1300 2332 1355 nomine
2385 1299 2629 1354 obtineat
2659 1299 2899 1371 vigorem
2945 1307 3001 1354 et
3026 1314 3055 1352 a
3089 1298 3337 1353 ﬁdelibus
3371 1307 3573 1354 sancta:

1985 1388 2082 1443 Dei
2115 1390 2374 1445 Ecclesiae
2403 1397 2459 1443 et
2514 1389 2719 1444 nostris
2772 1397 2827 1443 et
2853 1389 3035 1443 verius
3064 1388 3317 1442 credatur
3342 1397 3396 1442 et
3445 1388 3569 1443 dili-

1986 1484 2202 1554 gentins
2237 1491 2610 1549 conservetur,
2649 1497 2771 1537 eam
2800 1498 2963 1535 manu
3007 1482 3227 1551 propria
3258 1481 3445 1537 subter
3474 1480 3569 1534 ﬁr-

1985 1577 2256 1630 mavimus
2305 1581 2359 1628 et
2380 1572 2565 1627 annuli
2596 1572 2770 1627 nostri
2807 1570 3167 1641 impressione
3224 1571 3426 1643 signari
3450 1569 3569 1639 jus-

1984 1681 2173 1721 SlmllS.

293 1750 534 1805 minibus
564 1750 628 1803 ad
665 1767 723 1806 se
753 1752 1146 1821 pertinentibus
1179 1754 1261 1808 vel
1298 1755 1707 1825 aspicientibus,
1750 1773 1880 1812 eon-
1907 1738 1955 1796 Β
2056 1738 2280 1827 Signum
2308 1754 2567 1811 Ludovici
2595 1752 2931 1809 serenissimi
2969 1751 3333 1821 imperatoris.

295 1843 489 1896 sistere
514 1841 829 1898 fcccrantet
872 1859 1061 1899 eorum
1108 1845 1509 1900 immunitatum
1546 1849 1883 1903 auctoritati-

292 1938 419 2002 bus,
448 1952 541 1992 seu
568 1937 730 1992 etiam
760 1944 870 1993 tres
895 1953 1060 1993 naves
1082 1954 1201 2009 qua:
1228 1955 1324 2010 per
1349 1940 1559 1995 alveum
1574 1941 1783 2013 Ligeris
1796 1942 1881 1996 vel

292 2042 393 2097 per
419 2028 520 2082 alia
542 2026 762 2083 ﬁumina
780 2044 898 2098 qure
922 2030 974 2084 in
1011 2030 1240 2102 Ligerim
1258 2032 1553 2098 confluunt,
1571 2033 1879 2089 discurrere

294 2117 564 2184 videntur,
594 2119 855 2174 hactenus
889 2121 957 2174 ab
1002 2120 1377 2190 inquietudine
1393 2120 1692 2190 judiciarize
1730 2130 1881 2193 pote-

293 2207 450 2261 statis
475 2205 662 2261 eadem
694 2208 900 2262 munita
948 2220 1112 2277 atque
1150 2208 1373 2264 defensa
1403 2209 1591 2265 fuisset
1626 2213 1876 2266 ecclesia.

296 2295 406 2351 Sed
447 2312 548 2366 pro
582 2297 661 2351 rei
705 2297 961 2353 ﬁrmitate
1001 2299 1292 2369 postulavit
1326 2301 1483 2355 nobis
1503 2302 1755 2371 praefatus
1784 2302 1882 2357 Be-

292 2389 544 2446 nedictus
569 2390 872 2460 episcopus,
913 2398 971 2445 ut
1001 2386 1283 2462 paternum
1306 2406 1398 2446 seu
1419 2391 1881 2460 praedecessorum

292 2490 605 2535 nostrorum
635 2495 820 2552 regum
848 2496 1054 2536 morem
1089 2490 1398 2550 sequentes,
1446 2481 1753 2551 hujusmodi
1783 2498 1874 2539 no-

292 2580 421 2627 stra.-
448 2571 800 2625 immunitatis
820 2580 1144 2640 przeceptum
1167 2570 1237 2626 ob
1260 2587 1499 2626 amorem
1533 2572 1620 2627 Dei
1643 2580 1698 2627 ct
1728 2560 1880 2629 reve-

292 2662 525 2717 rentiam
551 2662 611 2715 B.
655 2662 900 2717 Mauricii
950 2662 1230 2735 martyris,
1265 2661 1417 2731 cujus
1462 2664 1677 2718 nomine
1705 2672 1759 2718 et
1781 2658 1915 2720 ho-'

289 2769 427 2808 nore
452 2754 699 2807 dedicata
727 2762 812 2808 est
841 2753 1093 2819 ecclesia,
1133 2752 1250 2809 ﬁeri
1304 2767 1668 2809 censeremus.
1711 2752 1879 2825 Cujus

286 2845 536 2921 petitioni
560 2845 788 2901 libenter
826 2861 1106 2902 assensum
1127 2845 1459 2917 praebuimus
1481 2852 1535 2901 et
1552 2847 1655 2901 hoc
1672 2855 1878 2902 nostra:

290 2934 633 2995 auctoritatis
661 2942 987 3005 przcceptum
1025 2950 1153 3004 erga
1199 2934 1373 3006 ipsam
1428 2934 1737 3001 ecclesiam,
1776 2938 1879 2991 im-

289 3027 569 3083 munitatis
589 3035 751 3097 atque
773 3028 1012 3083 tuitionis
1025 3028 1195 3099 gratia
1210 3044 1309 3099 pro
1322 3029 1486 3091 divini
1502 3027 1678 3088 cultas
1691 3042 1876 3084 amore

289 3125 346 3172 et
367 3116 559 3172 animae
582 3125 781 3172 nostra:
811 3119 1050 3173 remedio
1083 3118 1203 3173 ﬁeri
1231 3120 1588 3185 decrevimus,
1613 3134 1711 3190 per
1732 3117 1875 3190 quod

287 3206 629 3279 prtecipimus
655 3216 817 3277 atque
848 3205 1102 3276 jubemus
1144 3216 1204 3263 ut
1238 3209 1416 3265 nullus
1438 3208 1602 3278 judex
1627 3207 1875 3280 publicus

286 3297 375 3353 vel
406 3297 657 3367 quislibet
685 3313 752 3354 ex
773 3297 1059 3368 iudiciaria
1082 3308 1348 3370 potestate
1370 3301 1424 3356 in
1457 3300 1739 3368 ecclesias,
1773 3308 1869 3356 aut

287 3384 427 3452 loca,
473 3385 558 3441 vel
583 3402 761 3459 agros,
816 3403 908 3442 seu
954 3389 1294 3460 supradictas
1314 3403 1480 3446 naves
1516 3390 1601 3446 vel
1635 3390 1875 3460 reliquas

287 3478 673 3546 possessiones,
707 3493 845 3547 quas
881 3481 1138 3535 moderno
1174 3489 1416 3551 tempore
1466 3481 1519 3534 in
1549 3480 1877 3551 quibuslibet

285 3571 439 3641 pagis
450 3553 847 3626 vel'territoriis
870 3569 1009 3624 infra
1036 3572 1295 3625 ditionem
1320 3571 1531 3640 imperii
1549 3572 1719 3626 nostri
1729 3572 1874 3641 juste

283 3663 599 3734 etlegaliter
622 3673 921 3718 memorata
948 3671 1095 3719 tenet
1119 3665 1202 3719 vel
1230 3666 1470 3735 possidet
1495 3667 1750 3731 ecclesia,
1790 3667 1876 3722 vel

282 3771 349 3809 ca
378 3769 499 3823 quae
529 3753 782 3822 deinceps
826 3754 877 3807 in
911 3753 1033 3823 jure
1058 3755 1228 3825 ipsius
1256 3756 1500 3811 ecclesiae
1530 3756 1763 3812 voluerit
1789 3759 1873 3811 di-

282 3844 409 3898 vina
435 3844 609 3913 pietas
654 3844 860 3914 augeri,
897 3845 964 3899 ad
1015 3861 1205 3900 causas
1244 3847 1561 3912 audiendas,
1593 3847 1675 3901 vel
1724 3846 1873 3902 freta

281 3932 548 4001 exigenda
586 3939 679 3985 aut
719 3947 1026 3988 mansnoncs
1073 3933 1157 3987 vel
1197 3941 1414 4003 paratas
1464 3934 1741 3989 faciendas
1783 3942 1876 3989 aut

282 4025 628 4094 ﬁdejussores
669 4023 954 4090 tollendos,
988 4032 1081 4078 aut
1109 4026 1357 4079 homines
1410 4025 1579 4096 ipsius
1626 4025 1875 4081 ecclesia:

283 4114 707 4185 distringendos,
731 4130 831 4169 nec
854 4115 989 4169 ullas
1005 4116 1395 4171 redhibitioncs
1422 4126 1513 4171 aut
1542 4117 1761 4172 illicitas
1783 4133 1875 4172 oc-

281 4207 528 4261 casiones
554 4206 923 4276 requirendas,
947 4207 1146 4262 nostris
1178 4207 1265 4262 vel
1306 4207 1505 4263 futuris
1542 4208 1877 4279 temporibus

282 4298 492 4369 ingredi
543 4299 758 4364 audeat,
808 4313 909 4353 nec
938 4312 1002 4353 ea
1043 4312 1164 4367 quae
1219 4313 1383 4367 supra
1422 4306 1717 4352 memorata
1750 4305 1876 4352 sunt

281 4389 498 4460 penitus
520 4388 736 4458 exigere
751 4396 1062 4457 praesumat.
1093 4386 1202 4442 Sed
1228 4387 1387 4441 liceat
1410 4396 1711 4442 memorato
1736 4403 1872 4456 prm-

282 4476 388 4532 suli
424 4477 646 4546 suisque
686 4476 1089 4531 successoribus
1124 4491 1211 4531 res
1241 4476 1512 4545 praedictae
1548 4476 1791 4531 ecclesia:
1809 4477 1866 4531 S.

280 4572 550 4639 Mauricii,
573 4588 695 4626 cum
724 4571 973 4627 omnibus
998 4570 1100 4624 sibi
1128 4570 1386 4640 subjectis
1400 4576 1452 4624 et
1478 4570 1640 4623 rebus
1669 4568 1747 4622 vel
1777 4569 1874 4623 ho-

281 4664 521 4720 minibus
543 4664 611 4719 ad
636 4679 695 4718 se
715 4663 1106 4731 accipientibus
1133 4660 1219 4715 vel
1242 4660 1658 4729 pertinentibus,
1681 4675 1776 4713 seu
1792 4675 1878 4713 su-

280 4753 546 4823 pradictis
568 4754 741 4807 tribus
763 4752 1010 4815 navibus,
1043 4750 1145 4806 sub
1167 4749 1412 4804 tuitionis
1439 4758 1602 4818 atque
1624 4749 1877 4802 immuni-

278 4830 410 4900 tatis
432 4854 630 4901 nostra:
668 4843 996 4909 defensione,
1024 4850 1233 4898 remota
1262 4842 1424 4896 totius
1447 4839 1748 4908 judiciarize
1784 4854 1879 4908 po-

282 4938 499 4993 testatis
526 4935 916 5007 inquietudine,
946 4935 1130 5005 quieto
1169 4934 1360 4989 ordine
1386 4932 1665 5003 possidere
1699 4941 1754 4987 et
1776 4946 1877 4986 no-

353 5123 380 5152 ι
421 5108 795 5163 Auctoritatem
824 5107 1191 5172 immanitatis,
1214 5114 1325 5163 etc.
1370 5105 1627 5159 Dedimus
1652 5102 1862 5158 Caroli-

277 5196 411 5236 nam
438 5180 583 5234 illam
615 5180 859 5232 chartam
887 5178 1241 5233 immunitatts
1269 5179 1337 5231 ad
1368 5192 1569 5230 annum
1602 5174 1704 5228 775
1726 5172 1852 5245 (Pa-

279 5249 405 5305 trol.
436 5259 560 5303 tom.
584 5247 822 5313 XCVII,
851 5247 1154 5318 col.1049),
1187 5246 1735 5318 suspectamutique,
1761 5259 1866 5318 non

282 5334 397 5376 tam
431 5319 498 5373 ad
526 5318 893 5379 substantiam,
920 5332 1078 5385 quam
1107 5314 1174 5371 ad
1202 5314 1445 5386 fortnam.
1477 5314 1680 5386 Nempe
1710 5314 1871 5386 ﬁebat

282 5404 678 5458 nonnunquam
723 5398 784 5441 ut
816 5384 1112 5458 deperditis
1146 5384 1397 5458 genuinis
1442 5384 1867 5458 diplomatibus,

279 5452 800 5529 quorum-tenorem
852 5452 1406 5529 inAsubscquentibus
1460 5452 1747 5510 recitatum
1791 5452 1870 5505 vi-

281 5526 490 5587 debant
528 5528 772 5600 posteri,_
808 5526 1039 5600 conﬁcta
1099 5526 1517 5600 substituerent;
1558 5531 1750 5579 exacta
1790 5529 1869 5576 ta-

280 5615 433 5665 men,
462 5596 722 5669 quantum
746 5597 862 5669 ﬁeri
896 5605 1128 5669 poterat,
1165 5596 1232 5669 ad
1250 5596 1574 5669 amissorum
1600 5602 1863 5669 tenorem.

356 5671 385 5713 δ
421 5661 808 5740 Ὴὶιιὸοὸενῃοε.
843 5661 1064 5739 Species
1092 5667 1313 5739 judicii;
1362 5664 1592 5734 malbcrg
1617 5664 1761 5718 enim
1793 5661 1867 5715 si-

2052 1848 2337 1903 Durandus
2401 1847 2661 1902 diaconus
2726 1845 2796 1899 ad
2840 1843 3017 1898 vicem
3068 1840 3387 1897 Helisachar
3424 1856 3572 1897 reco-

2017 1939 2184 1994 novit.
3442 1982 3457 2004 ,

2017 1955 2184 1994 novit.
3442 1982 3457 2004 ,

1979 1955 2013 2010 Β
2048 2026 2183 2083 Data
2211 2045 2247 2083 ι
2275 2026 2500 2083 Kalend.
2530 2025 2815 2091 Novemb,
2849 2039 2994 2079 anno
3015 2065 3029 2090 ,
3059 2024 3279 2080 Christo
3308 2024 3564 2095 propitio,

1982 2120 2063 2194 [5]
2098 2120 2313 2191 imperii
2334 2119 2516 2175 domni
2549 2117 2809 2173 Ludovici
2831 2116 3165 2172 serenissimi
3196 2116 3569 2186 imperatoris,

1978 2211 2272 2266 indictione
2323 2209 2409 2263 {0.
2469 2209 2667 2264 Actum
2721 2207 3105 2265 Salmunciaco
3152 2208 3355 2278 palatio
3382 2209 3439 2264 in
3468 2209 3565 2263 Dei

1979 2300 2197 2356 nomine
2234 2297 2483 2354 feliciter.

2697 2385 2829 2442 LIX.

2382 2492 2481 2533 ριιο
2517 2491 2772 2533 εαοιεειλ
2812 2491 3148 2535 τιιενιῐιεκει.

2602 2567 2777 2640 (Anno
2806 2567 2957 2642 816.)

2244 2654 2744 2729 [Hontheim,'ﬂist.
2776 2657 2999 2727 Trevir.,
3029 2676 3084 2731 p.
3117 2660 3261 2735 167.]

2047 2753 2104 2808 In
2154 2753 2374 2809 nomine
2402 2752 2497 2805 Dei
2528 2758 2582 2805 et
2617 2748 2917 2805 Salvatoris
2960 2751 3132 2806 nostri
3163 2750 3291 2806 Jesu
3325 2751 3565 2818 Christi,

1976 2846 2284 2902 Ludovicus
2321 2843 2507 2899 divina
2554 2841 2842 2898 ordinante
2881 2841 3224 2912 providentia
3275 2841 3568 2912 imperator

1974 2937 2269 3009 Augustus.
3128 2944 3131 2951 λ

2050 3028 2110 3084 Si
2157 3026 2500 3083 liberalitatis
2545 3034 2746 3081 nostra:
2774 3038 3001 3079 munere
3041 3023 3178 3078 locis
3220 3024 3332 3079 Deo
3373 3025 3566 3079 dicatis

1978 3120 2249 3192 quoddam
2283 3118 2611 3174 conferimus
2645 3115 2917 3182 beneﬁcii,
2965 3123 3021 3171 et
3070 3116 3426 3171 necessitates
3473 3129 3566 3170 ec-

1977 3212 2314 3268 clesiasticas
2343 3210 2411 3265 ad
2448 3208 2739 3280 petitiones
2764 3207 3109 3264 sacerdotum
3137 3215 3325 3262 nostro
3354 3204 3564 3259 releva-

1975 3317 2097 3358 mus
2118 3301 2397 3373 juvamine
2426 3307 2587 3370 atque
2618 3296 2884 3368 imperiali
2914 3304 3131 3351 tuemur
3159 3294 3477 3359 munimine,
3505 3293 3561 3349 id

1976 3394 2136 3450 nobis
2184 3401 2240 3448 et
2287 3391 2357 3447 ad
2394 3390 2681 3446 mortalem
2728 3388 2896 3443 vitam
2947 3386 3317 3457 temporaliter
3368 3387 3568 3440 transi-

1975 3487 2230 3558 gendam,
2258 3493 2314 3539 et
2347 3483 2414 3537 ad
2440 3491 2701 3538 aeternam
2732 3479 2961 3535 feliciter
2998 3478 3349 3534 obtinendam
3376 3476 3562 3546 profu-

1978 3586 2161 3631 turum
2190 3573 2394 3643 liquido
2438 3571 2731 3627 credimus.
2780 3567 3016 3623 Proinde
3063 3566 3276 3620 noverit
3319 3565 3562 3619 omnium

1967 3667 2214 3723 ﬁdelium
2252 3672 2586 3727 nostrorum,
2617 3670 2728 3715 tam
2760 3658 3110 3729 praisentium
3141 3670 3303 3726 quam
3332 3664 3386 3709 et
3413 3654 3561 3709 futu-

1975 3772 2162 3813 rorum
2187 3753 2475 3823 sagacitas,
2504 3751 2646 3820 quod
2668 3750 2752 3802 vir
2773 3747 3096 3803 venerabilis
3118 3745 3383 3800 llenricus
3409 3744 3562 3817 [liet-

1977 3836 2143 3920 tinus]
2196 3852 2398 3901 sanctae
2441 3840 2781 3897 Trevircnsis
2831 3838 3074 3893 ecclesiae
3111 3835 3556 3906 archiepiscopus

1974 3941 2172 3997 obtulit
2198 3938 2477 3996 obtutibus
2508 3933 2707 3989 nostris
2734 3944 2758 3972 ιι
2790 3931 3168 3986 auctoritatem
3199 3929 3563 3983 immunitatis

1976 4031 2178 4089 domini
2233 4039 2288 4085 et
2336 4027 2597 4099 genitoris
2639 4023 2810 4078 nostri
2858 4024 3013 4077 bona:
3061 4021 3338 4076 memoriae
3385 4021 3562 4076 Caroli

1974 4124 2201 4197 piissimi
2231 4121 2481 4190 Augusti,
2511 4120 2563 4173 in
2594 4132 2701 4187 qua
2727 4122 2846 4171 erat
2873 4116 3133 4170 insertum
3164 4115 3306 4184 quod
3334 4130 3440 4169 non
3473 4130 3559 4169 so-

1976 4216 2084 4270 lum
2116 4215 2256 4269 idem
2286 4212 2500 4284 genitor
2543 4217 2748 4272 noster,
2782 4223 2970 4262 verum
3008 4208 3170 4261 etiam
3200 4208 3565 4278 przedccesso-

1978 4319 2063 4359 res
2093 4302 2229 4371 ejus,
2260 4315 2416 4370 reges
2444 4297 2699 4353 videlicet
2726 4296 3087 4362 Francorum,
3112 4297 3360 4352 ecclesia:
3390 4296 3562 4352 sancti

1975 4394 2123 4447 Petri
2179 4390 2440 4462 principis
2485 4388 2872 4458 apostolorum,
2923 4389 3008 4442 cui
3036 4396 3261 4442 auctore
3305 4388 3416 4442 Deo
3447 4388 3563 4455 ipse

1980 4485 2423 4553 archiepiscopus
2472 4489 2686 4550 praeest,
2733 4480 2834 4533 sub
2882 4495 2981 4533 suo
3020 4480 3237 4533 nomine
3282 4490 3337 4533 et
3377 4480 3560 4533 defen-

1982 4576 2133 4633 sione
2161 4590 2283 4629 cum
2315 4571 2665 4628 monasteriis
2710 4576 2766 4624 et
2804 4569 3033 4634 cellulis,
3077 4569 3316 4625 basilicis
3339 4610 3352 4635 ,
3387 4569 3522 4623 vicis
3545 4610 3561 4632 ,

1982 4667 2217 4724 castellis
2245 4667 2312 4720 ad
2341 4665 2587 4720 eamdem
2622 4662 2806 4719 sedem
2840 4662 3256 4732 pertinentibus,
3304 4670 3359 4716 et
3404 4662 3563 4715 rebus

1982 4761 2068 4817 vel
2109 4759 2419 4813 hominibus
2443 4758 2509 4811 ad
2537 4772 2594 4811 se
2622 4756 3040 4826 aspicientibus,
3070 4755 3170 4808 sub
3199 4754 3560 4807 immunitatis

1984 4851 2202 4906 nomine
2229 4857 2281 4903 et
2312 4848 2557 4903 tuitionis
2585 4847 2901 4902 defensione
2943 4846 3240 4900 consistere
3284 4843 3523 4897 fcccrant
3544 4883 3558 4907 ,

1984 4942 2235 4999 videlicet
2265 4949 2326 4997 ut
2351 4941 2530 4996 nullus
2554 4954 2651 5010 per
2679 4938 3055 5008 malbohergos
3081 4936 3108 4976 ι)
3133 4951 3233 4991 nec
3261 4950 3357 5006 per
3379 4934 3557 5004 aliqua

2008 5099 2475 5169 niﬁcatjudicium
2505 5097 2558 5171 in
2589 5096 2710 5171 loco
2736 5095 2915 5171 _ed_it_o,
2947 5094 3137 5171 collem
3164 5089 3380 5171 judicii,
3421 5088 3556 5171 mal-

1995 5159 2080 5224 um
2144 5159 2478 5226 montanum.
2520 5167 2676 5239 Cont‘.
2736 5164 2991 5239 Eckhard.
3037 5162 3105 5239 ad
3156 5159 3281 5239 ξτες).
3341 5159 3557 5239 Salia...

1973 5257 2096 5313 pag.
2136 5241 2220 5303 Μ,
2266 5240 2354 5313 ubi
2387 5258 2399 5291 :
2436 5238 2686 5313 «_Notum
2710 5243 2815 5299 est,
2846 5233 3054 5313 inquit,
3077 5230 3294 5313 judicia_
3328 5230 3473 5313 o‘lim‘
3502 5230 3557 5313 in

1972 5298 2219 5372 collibus,
2263 5309 2427 5363 etiam
2469 5308 2704 5360 humana
2736 5298 2899 5373 opera
2923 5298 3108 5365 factis,
3139 5310 3195 5356 ct
3215 5303 3315 5357 sub
3331 5299 3433 5373 _dio
3458 5298 3558 5352 ha-

1970 5381 2081 5435 bita
2126 5370 2291 5433 fuisse
2320 5418 2334 5441 ,
2377 5376 2667 5445 utjudices
2695 5370 2886 5445 nempe
2912 5373 2981 5445 ab
3009 5374 3162 5445 omni
3186 5370 3382 5445 populo
3426 5383 3556 5423 eon-

1971 5451 2104 5518 Spici
2134 5440 2371 5518 possent.
2405 5440 2640 5518 Restant
2666 5440 2835 5518 colles
2860 5441 3165 5518 hujusmodi
3188 5440 3415 5495 inivillis
3457 5452 3552 5493 seu

1971 5510 2148 5589 pagis'
2174 5516 2403 5589 nostris,
2447 5524 2501 5589 et
2550 5514 2605 5567 in
2655 5513 2833 5589 medio
2875 5510 3045 5567 tiliam
3094 5513 3424 5589 plerumque
3460 5519 3555 5589 aut

1970 5579 2105 5644 alius
2149 5587 2365 5658 generis
2412 5585 2659 5641 arborem
2706 5584 2927 5645 habent,
2977 5579 3344 5708 tegumentum
3375 5579 3555 5650 pluvio

1970 5659 2123 5708 cutio.
2164 5679 2181 5708 ι
2240 5656 2462 5708 Mutm'it
2512 5654 2728 5708 nuidcm
2778 5668 2980 5708 morem
3069 5654 3250 5708 arolus
3300 5651 3550 5708 Magnus,

1968 5651 2181 5715 eteloﬂ
2240 5656 2462 5712 Mutavit
2512 5654 2728 5724 quidem
2778 5668 2980 5708 merent
3025 5651 3250 5709 Carolus
3300 5651 3550 5717 Magnus,

3624 3372 3647 3385 ο

3596 3440 3633 3454 ς
