3946 6174
287 301 421 359 1057

1425 291 1821 349 DlPLOMATA
1853 292 2411 353 ECCLESIASTICA.

3407 307 3546 366 1058

282 415 509 491 praefato
566 411 738 468 sancti
792 408 1017 466 Joannis
1074 407 1407 464 monasterio
1466 406 1733 478 quasdam
1782 422 1871 461 res
1897 407 2151 469 ADers:
2188 422 2350 478 quam
2377 408 2652 465 abbatiam
2678 426 2801 465 cum
2828 410 3030 467 foreste
3075 423 3261 470 nostra
3312 415 3551 474 indomi-

283 504 632 579 proprietatis
678 509 882 557 nostra:
908 542 924 568 ,
971 502 1074 557 hoc
1121 509 1207 555 est
1266 498 1449 554 villam
1499 497 1870 569 Urespringen
1969 500 2152 556 nicata
2179 508 2236 556 et
2262 500 2505 557 omnium
2531 517 2712 557 rerum
2745 518 2957 559 summa
2986 504 3331 575 integritate,
3361 509 3554 567 videli-

283 608 653 671 nuncupatam
696 614 820 654 cum
866 596 1120 652 omnibus
1174 594 1375 650 villulis
1421 600 1476 649 et
1501 592 1714 657 viculis,
1762 591 1871 645 imo
1966 598 2058 646 cet
2099 606 2225 647 cum
2264 592 2438 658 villis,
2475 608 2598 647 cum
2640 591 2841 648 villulis
2866 634 2881 660 ,
2928 595 3214 665 mancipiis
3270 598 3554 669 utriusque

254 700 409 748 fcum
454 690 667 746 cunctis
709 686 1045 757 appendiciis
1104 694 1159 740 et
1217 682 1564 755 pertinentiis
1607 682 1757 748 suis,
1818 681 1872 736 id

264 780 370 843 est
426 784 609 848 terris,
653 781 820 852 agris,
870 779 1060 849 pratis,
1110 777 1295 849 sylvis,
1348 776 1576 847 campis,
1633 775 1869 847 pascuis,

288 875 592 939 eurtilibus,
645 872 815 937 areis,
860 870 1127 933 domibus,
1181 867 1422 933 familiis,
1464 867 1644 938 aquis,
1689 879 1873 936 pome-

293 969 418 1033 riis,
460 965 625 1022 cultis
666 971 721 1019 et
760 962 999 1027 incultis,
1041 960 1330 1015 mobilibus
1375 966 1431 1013 et
1471 959 1869 1023 immobilibus,

269 1034 525 1113 exitibus
568 1062 624 1109 et
667 1051 986 1115 redditibus,
1032 1050 1136 1104 viis
1179 1056 1237 1103 et
1276 1047 1463 1114 inviis,
1508 1055 1681 1103 totum
1714 1047 1876 1101 etin-

292 1162 501 1222 tegrum
550 1148 815 1204 tradimus
864 1152 1028 1214 atque
1068 1143 1363 1209 donamus,
1408 1140 1773 1210 traditumque
1820 1143 1875 1194 in

294 1247 613 1312 perpetuum
644 1251 765 1292 esse
789 1234 1039 1291 volumus
1058 1232 1282 1305 prazfato
1307 1233 1428 1288 loco
1446 1247 1547 1302 pro
1566 1232 1761 1287 anima:
1786 1246 1880 1286 no-

294 1341 424 1389 stra:
449 1328 710 1393 remedio,
735 1327 905 1398 etpiae
920 1327 1194 1382 memoriae
1217 1326 1483 1395 genitoris
1495 1327 1670 1381 nostri
1697 1322 1876 1380 Caroli

296 1423 676 1494 imperatoris;
706 1421 809 1475 hoc
856 1418 1294 1474 conditionaliter
1323 1424 1629 1473 statuentes
1651 1457 1665 1482 ,
1694 1425 1757 1470 ut
1784 1431 1875 1470 no-

295 1516 399 1571 stri
424 1508 1028 1569 commemoratiointer
1041 1505 1540 1561 fratresFuldensis
1564 1504 1880 1560 monasterii

294 1602 620 1661 etattentius
632 1608 686 1656 et
699 1598 1036 1669 frequentius
1052 1597 1163 1663 ﬁat,
1178 1613 1286 1669 quo
1301 1598 1503 1653 nostris
1517 1598 1882 1653 oblationibus

298 1694 463 1750 iidem
490 1691 687 1747 fratres
709 1689 1004 1745 sustentari
1031 1688 1286 1743 videntur
1316 1708 1329 1742 :
1357 1689 1563 1759 placuit
1582 1704 1712 1759 ergo
1737 1688 1877 1744 idem

1972 696 2154 747 sexus,
2186 679 2358 747 silvis,
2395 682 2588 751 pratis,
2626 683 2863 752 pascuis,
2896 684 3053 753 aquis
3084 699 3418 753 aquarumve
3460 686 3557 743 de-

1973 773 2227 827 cursibus
2253 813 2267 837 ,
2300 771 2573 828 farinariis
2603 812 2617 838 ,
2657 782 2714 827 et
2738 788 2862 827 cum
2891 775 3146 829 omnibus
3179 774 3436 846 legitimis
3460 791 3556 833 ex-

1975 864 2449 919 terminationibus
2474 905 2490 931 ,
2538 864 2923 934 perpetualiter
2948 865 3122 920 eidem
3147 865 3439 922 Rhemensi
3468 883 3561 923 ec-

1975 943 2157 1010 clesia:
2182 954 2555 1019 concedimus,
2583 962 2639 1009 et
2667 957 2733 1009 ad
2756 957 3236 1011 consummandam
3262 958 3561 1014 honorabi-

1974 1044 2100 1100 liter
2142 1058 2360 1099 omnem
2412 1045 2582 1114 ipsius
2618 1044 2862 1100 ecclesiae
2907 1054 3234 1101 structuram
3258 1088 3274 1113 ,
3312 1063 3408 1103 seu
3438 1049 3561 1104 ubi-

1976 1150 2191 1204 cunque
2222 1135 2275 1189 in
2304 1135 2647 1203 postmodum
2678 1149 2901 1190 necesse
2931 1135 3095 1192 fuerit
3119 1140 3562 1205 restaurandam,

1978 1226 2032 1280 in
2062 1225 2340 1294 proprium
2377 1225 2658 1290 tradimus,
2706 1234 2761 1280 ct
2808 1225 2876 1281 de
2920 1234 3109 1281 nostro
3143 1225 3268 1295 jure
3296 1231 3350 1283 in
3379 1227 3470 1297 jus
3498 1244 3565 1283 ac

1988 1315 2413 1370 dominationem
2448 1315 2591 1371 illius
2621 1315 2849 1371 solemni
2892 1316 3284 1373 deliberatione
3334 1318 3565 1374 transfe—

1980 1405 2173 1460 rimns.
2203 1405 2411 1459 Praeter
2446 1406 2565 1460 haec
2614 1406 2795 1460 omnia
2844 1409 3191 1464 concedimus
3242 1411 3567 1479 supradictae

1981 1502 2184 1548 sancta:
2232 1493 2525 1549 Rhemensi
2580 1495 2827 1553 ecclesia:
2893 1500 3179 1568 quemdam
3228 1500 3406 1556 locum
3450 1501 3565 1557 fisci

1978 1584 2155 1638 nostri
2190 1584 2349 1640 valde
2375 1586 2746 1641 necessarium
2773 1628 2788 1653 ,
2818 1596 2874 1643 et
2921 1591 2989 1644 ad
3021 1590 3327 1647 fodiendam
3361 1594 3566 1650 minam

1980 1675 2185 1744 plumbi
2214 1692 2535 1748 congruum,
2565 1680 2618 1732 in
2645 1694 2784 1750 pago
2805 1678 3109 1736 Laumense
3133 1680 3383 1752 (Lomois,
3400 1698 3568 1753 prope

299 1782 582 1839 donarium
613 1788 860 1835 nostrum
889 1792 1015 1832 cum
1040 1784 1244 1833 nostra:
1268 1777 1568 1848 imperialis
1599 1777 1882 1847 dignitatis
1908 1760 1958 1822 Β
1987 1764 2359 1838 Ναιηυνουω),
2393 1768 2447 1821 in
2479 1768 2609 1837 ipSis
2635 1784 2851 1838 quoque
2888 1769 3086 1825 ﬁnibus
3132 1770 3214 1825 vel
3251 1771 3571 1841 adjacentiis
3596 1764 3599 1769 ”

298 1873 660 1945 praeceptione
706 1869 939 1936 munire,
982 1877 1039 1924 et
1085 1868 1263 1940 sigillo
1320 1877 1524 1924 nostra:
1572 1867 1880 1937 majestatis

302 1965 585 2037 insignire,
626 1977 694 2018 ex
733 1975 839 2033 qua
880 1960 1242 2031 praeceptione
1288 1967 1597 2031 nostraeque
1646 1959 1884 2014 auctori--

303 2057 429 2112 tatis
457 2055 751 2111 indictione
781 2053 1125 2109 decernimus
1153 2059 1214 2106 ut
1239 2051 1418 2106 nullus
1445 2051 1728 2106 hominum
1776 2051 1884 2106 hoc

302 2157 548 2202 nostrum
597 2153 856 2201 statutum
905 2151 1067 2213 atque
1111 2143 1396 2199 donarium
1438 2142 1656 2196 irritum
1702 2139 1885 2196 facere

302 2237 626 2299 praesumat,
670 2240 846 2296 neque
885 2225 1081 2295 aliquis
1116 2223 1284 2293 judex
1323 2240 1419 2280 seu
1470 2223 1723 2294 quaelibet
1762 2238 1884 2292 per-

303 2334 435 2376 sona
458 2317 688 2388 praefato
717 2317 836 2371 loco
863 2329 958 2370 seu
986 2314 1193 2370 colonis
1214 2312 1330 2382 ejus
1355 2314 1590 2384 aliquam
1632 2311 1883 2381 injuriarn

301 2424 400 2465 seu
416 2407 731 2463 violentiam
768 2404 970 2461 inferre
996 2413 1312 2475 praesumat.

374 2493 509 2551 Data
532 2494 654 2550 ldus
676 2493 801 2549 Maii
824 2493 1027 2550 Fuldte.

1017 2602 1149 2659 LXI.

668 2774 675 2779 .
734 2735 835 2777 PRO
866 2736 1117 2777 εεοιεειι
1154 2730 1441 2775 ΒΒΕΙΕΝΞΙᾸ

922 2831 1093 2903 (Anno
1113 2829 1263 2902 διδ.)

306 2942 559 3014 [Mabill.,
590 2943 783 3004 Annal.
804 2944 865 3001 S.
890 2946 1007 3000 ard.
1035 2945 1260 3013 Bened.,
1286 2955 1418 3002 tom.
1440 2946 1503 3014 ll,
1522 2962 1591 3002 ex
1614 2950 1892 3005 chartario

942 3015 1248 3089 Dervensi.]

379 3124 436 3178 ln
464 3124 684 3180 nomine
736 3124 950 3181 Domini
989 3127 1086 3183 Dei
1120 3136 1175 3184 et
1208 3127 1507 3187 Salvatoris
1546 3131 1717 3186 nostri
1744 3112 1890 3188 ‘Jesu
1918 3096 1966 3161 Ο

308 3214 531 3281 Christi,
548 3214 872 3282 Ludovicus,
897 3218 1077 3272 divina
1104 3219 1391 3276 ordinante
1412 3222 1774 3292 providentia,
1792 3223 1894 3278 im-

310 3312 525 3375 perator
559 3303 855 3376 Augustus,
879 3307 1130 3363 omnibus
1160 3318 1360 3365 sancta:
1387 3309 1483 3365 Dei
1515 3311 1770 3368 Ecclesiae
1795 3329 1893 3370 no-

311 3393 542 3464 strisque
566 3394 828 3461 ﬁdelibus,
862 3398 1069 3453 scilicet
1092 3400 1453 3468 prmsentibus
1476 3409 1639 3473 atque
1668 3403 1888 3459 futuris.

401 3484 458 3540 Si
513 3487 854 3544 liberalitatis
912 3498 1114 3545 nostra:
1161 3506 1387 3549 munere
1449 3493 1582 3550 locis
1645 3495 1756 3552 Deo
1809 3496 1893 3552 di-

310 3576 449 3632 catis
480 3577 731 3647 quiddam
770 3581 1203 3636 concesserimus
1247 3583 1521 3649 beneﬁcii,
1560 3586 1614 3640 id
1652 3586 1809 3641 nobis
1838 3595 1894 3639 et

313 3666 378 3722 ad
418 3668 701 3723 mortalem
735 3670 901 3722 vitam
931 3670 1303 3739 temporaliter
1337 3674 1740 3744 transigendam
1766 3715 1780 3739 ,
1838 3682 1894 3729 et

310 3759 378 3815 ad
414 3768 674 3815 aeternam
705 3758 936 3815 feliciter
955 3761 1300 3816 obtinendam
1328 3761 1668 3833 profuturum
1689 3764 1894 3833 liquido

308 3850 604 3906 credimus.
651 3847 859 3903 Idcirco
908 3857 1092 3904 notum
1152 3850 1271 3905 fieri
1325 3851 1574 3908 volumus
1642 3853 1894 3908 omnibus

310 3940 455 4011 quod
480 3945 664 3994 sancta
694 3938 1018 3995 Rhemensis
1053 3939 1280 3995 ecclesia
1313 3982 1328 4007 ,
1360 3942 1415 3996 in
1445 3957 1550 4012 qua
1589 3944 1893 4013 praedeces-

311 4046 464 4088 sores
516 4030 685 4086 nostri
711 4071 726 4097 ,
763 4044 918 4100 reges
959 4029 1214 4088 videlicet
1240 4034 1578 4090 Francorum
1603 4077 1617 4100 ,
1653 4035 1815 4091 ﬁdem
1841 4043 1896 4092 et

313 4125 455 4181 sacri
480 4123 823 4196 baptismatis
850 4124 1081 4194 gratiam
1110 4132 1500 4194 perceperunt,
1521 4125 1576 4179 in
1599 4140 1703 4196 qua
1724 4134 1777 4181 et
1797 4140 1898 4182 nos

311 4231 409 4288 per
438 4217 839 4287 impositionem
869 4230 1063 4271 manus
1098 4216 1283 4271 domui
1312 4214 1571 4287 Stephani
1611 4233 1764 4289 papae
1791 4218 1895 4273 im-

312 4306 535 4377 perialia
565 4306 902 4376 suscepimus
929 4305 1180 4377 insignia,
1233 4320 1504 4377 quamque
1533 4308 1602 4363 ob
1632 4308 1894 4363 honorem

313 4397 409 4454 Dei
435 4407 828 4470 parentumque
881 4409 1192 4456 nostrorum
1239 4401 1556 4456 memoriam
1578 4443 1593 4467 ,
1625 4403 1737 4458 sive
1765 4418 1893 4458 con-

314 4493 634 4548 secrationis
661 4502 858 4548 nostrae
902 4494 1218 4565 dignitatem
1240 4537 1254 4561 ,
1291 4511 1322 4549 a
1358 4494 1725 4552 fundamentis
1776 4514 1891 4552 res-

315 4591 531 4636 taurare
554 4582 869 4638 solemniter
887 4585 1255 4652 decrevimus;
1273 4587 1347 4641 ita
1376 4595 1436 4641 ut
1451 4589 1577 4643 dum
1599 4596 1742 4643 esset
1765 4598 1891 4645 ante

314 4671 373 4726 in
397 4672 602 4726 honore
628 4680 841 4727 tantum
868 4674 963 4729 Dei
994 4676 1276 4745 genitricis
1319 4677 1502 4733 Mariae
1540 4680 1762 4750 antiquo
1805 4697 1893 4736 rc-

315 4760 529 4832 ligionis
551 4762 722 4830 cultu,
762 4780 864 4820 nos
911 4775 1132 4837 propter
1179 4784 1373 4824 novam
1405 4770 1751 4825 exaltationis
1776 4786 1894 4841 gra-

316 4855 448 4907 tiam
478 4854 900 4925 snperaddentes
916 4858 1371 4914 subinvocatione
1393 4860 1564 4915 sancti
1594 4860 1893 4917 Salvatoris

316 4942 412 4998 Dei
441 4952 495 4998 et
523 4945 733 5000 Domini
761 4947 937 5002 nostri
974 4947 1104 5003 Jesu
1132 4947 1336 5003 Christi
1382 4951 1692 5005 renovando
1736 4953 1898 5007 rebus

317 5038 744 5106 competentibus
792 5038 1117 5106 ditavimus;
1164 5040 1386 5110 insuper
1413 5046 1467 5094 et
1496 5040 1688 5096 devoto
1722 5041 1898 5096 inten-

318 5129 483 5184 tionis
525 5130 706 5185 studio
751 5144 849 5199 pro
903 5133 1077 5187 salute
1134 5140 1351 5196 nostra,
1409 5147 1898 5203 successorumque

318 5226 627 5274 nostrorum
679 5218 986 5275 excolentes
1010 5262 1024 5286 ,
1059 5230 1114 5275 et
1144 5222 1210 5279 ad
1245 5229 1448 5277 statum
1484 5222 1757 5293 dignitatis
1807 5224 1902 5278 de-

316 5310 489 5366 bitum
535 5310 860 5367 confirmare
903 5311 1144 5367 volentes
1174 5353 1189 5378 ,
1232 5314 1432 5369 addere
1491 5315 1899 5384 procuravimus

318 5403 606 5470 quamdam
644 5400 917 5455 abhatiam
947 5400 1107 5455 sitam
1140 5401 1194 5454 in
1241 5404 1502 5456 comitatu
1548 5400 1802 5458 Blesense
1830 5402 1900 5473 (le

320 5493 487 5546 comté
510 5491 574 5544 de
600 5488 798 5563 Blaise)
825 5504 987 5560 super
1024 5489 1243 5545 fluvium
1275 5493 1368 5560 qui
1401 5500 1632 5547 vocatur
1657 5492 1797 5548 Vera
1825 5491 1900 5563 (Ia

335 5580 506 5650 Voire)
544 5599 557 5635 :
590 5582 679 5636 ubi
707 5590 790 5638 est
811 5580 1198 5637 monasterium
1227 5582 1282 5636 in
1306 5582 1512 5637 honore
1553 5583 1733 5636 sancti.
1754 5579 1901 5636 Petri

324 5672 689 5743 apostolorum
717 5673 976 5744 principis
997 5672 1235 5729 dicatum
1272 5673 1325 5727 in
1362 5672 1497 5728 silva
1527 5687 1648 5742 qum
1680 5681 1902 5728 vocatur

1988 1857 2362 1914 Geminiacam
2391 1869 2795 1930 nuncupantem
2820 1861 3029 1927 villam,
3057 1868 3117 1916 ut
3145 1863 3571 1934 circumquaque

1990 1954 2200 2001 tantum
2229 1948 2283 2001 in
2309 1949 2456 2003 omni
2486 1958 2642 2018 parte
2670 1950 2838 2019 ipsius
2886 1949 3043 2006 fossa:
3071 1951 3262 2007 ordine
3307 1955 3572 2023 quadrato

1986 2037 2227 2105 perticas
2257 2053 2389 2102 xxx,
2420 2053 2583 2107 quam
2614 2040 2877 2108 perticam
2919 2041 3226 2097 manualem
3256 2045 3325 2098 ad
3355 2060 3574 2099 mensu-

1992 2141 2108 2180 ram
2143 2143 2253 2182 ιιι
2286 2129 2481 2198 pedum
2527 2130 2927 2200 designavimus
2977 2147 2992 2186 :
3040 2141 3098 2187 ut
3151 2134 3225 2189 ibi
3272 2135 3579 2192 ﬁducialius

1990 2220 2344 2275 necessitates
2392 2222 2563 2290 ipsius
2593 2221 2709 2290 jam
2763 2224 2920 2279 dicta:
2954 2234 3159 2281 sancta:
3195 2226 3291 2282 Dei
3331 2228 3580 2285 ecclesia:

1990 2321 2314 2366 exercentes
2348 2311 2403 2365 in
2452 2313 2699 2367 aedificiis
2735 2313 2817 2369 vel
2865 2315 3134 2370 universis
3180 2317 3580 2374 abundantibus

1990 2400 2358 2455 exterioribus
2408 2401 2749 2470 adjacentiis,
2794 2404 2849 2459 id
2878 2413 2964 2459 est
2988 2407 3207 2475 perviis,
3238 2409 3413 2478 aquis,
3451 2423 3579 2478 pas-

1993 2488 2130 2554 cuis,
2162 2490 2278 2543 sive
2312 2490 2465 2547 silvis
2505 2492 2577 2547 ibi
2601 2493 2808 2548 nostris
2834 2495 3214 2551 communibus
3240 2499 3442 2567 absque
3468 2498 3577 2555 ulla

1992 2580 2422 2636 contradictione
2449 2582 2592 2637 ultra
2636 2582 2713 2637 ibi
2751 2600 2818 2640 ex
2870 2593 3057 2641 nostra
3110 2586 3363 2658 largitate
3405 2589 3579 2660 possi-

1993 2670 2179 2725 deant.
2208 2672 2277 2726 Et
2303 2681 2363 2727 ut
2388 2673 2504 2730 haec
2532 2683 2731 2731 nostrae
2772 2677 3203 2735 conﬁrmationis
3226 2681 3427 2750 scripta
3455 2696 3583 2752 per-

1994 2760 2174 2830 petuis
2196 2762 2528 2831 temporibus
2553 2763 2670 2833 ipso
2697 2765 2750 2818 in
2781 2766 3228 2824 sanctiﬁcationis
3246 2769 3367 2826 loco
3393 2779 3580 2826 nostra

1994 2849 2050 2904 in
2080 2850 2429 2923 eleemosyna
2455 2855 2762 2923 proﬁciant,
2811 2872 2973 2911 manu
3003 2859 3222 2930 propria
3269 2860 3456 2916 subter
3481 2861 3580 2916 ﬁr-

1995 2942 2289 3008 mavimus,
2319 2951 2484 3014 atque
2510 2945 2695 3000 annuli
2735 2947 2910 3002 nostri
2947 2947 3301 3018 impressione
3326 2950 3580 3022 perenni-

1996 3039 2081 3086 ter
2107 3032 2371 3088 roborare
2397 3035 2752 3092 decrevimus.

2065 3122 2261 3176 Datum
2290 3122 2513 3179 Rhemis
2541 3124 2799 3182 Kalendis
2824 3126 3163 3194 Novembris,
3196 3138 3305 3186 etc.

2693 3234 2853 3291 LXII.

2383 3341 2476 3382 PRO
2514 3342 2799 3383 PRUDHENSI
2839 3344 3202 3386 HONASTEBIO.

2607 3417 2668 3490 (Α
2678 3435 2781 3472 uno
2819 3419 2973 3494 816.)

1995 3507 2176 3581 [Apud
2212 3510 2465 3576 Martem,
2496 3507 2947 3586 _Ampl._Co_llect.,
2982 3520 3115 3586 tom1
3141 3512 3199 3579 1,
3229 3530 3350 3586 pag.
3392 3515 3482 3585 66,
3512 3535 3582 3575 ex

2461 3580 2736 3635 chartario
2763 3580 3115 3653 Prumiensi.]

2065 3671 2124 3723 ln
2151 3671 2369 3725 nomine
2399 3671 2614 3724 Domini
2659 3671 2753 3726 Dei
2795 3679 2851 3725 et
2878 3670 3182 3726 Salvatoris
3227 3674 3398 3729 nostri
3454 3675 3583 3733 Iesu

1995 3760 2222 3825 Christi,
2242 3761 2570 3827 Ludovicus,
2592 3762 2771 3817 divina
2793 3760 3081 3816 ordinante
3109 3764 3461 3832 providentia,
3484 3767 3585 3821 im-

1995 3858 2217 3922 perator
2238 3849 2535 3920 Augustus.
3624 3914 3635 3919 _

2068 3940 2265 3996 Notum
2296 3950 2367 3995 snt
2397 3941 2649 3996 omnibus
2686 3939 2934 3997 ﬁdelibus
2961 3943 3189 4009 nostris,
3216 3951 3325 3998 tam
3349 3960 3590 4015 prmsen-

1995 4032 2144 4087 tibus
2174 4047 2336 4101 quam
2359 4040 2416 4086 et
2445 4030 2663 4098 futuris,
2692 4031 2819 4103 quia
2849 4033 3100 4088 monachi
3149 4047 3216 4088 ex
3245 4037 3580 4092 monasterio

1998 4122 2144 4193 quod
2175 4131 2405 4176 vocatur
2424 4121 2666 4187 Prumia,
2698 4122 2840 4192 quod
2876 4124 2977 4193 piae
3013 4125 3407 4181 recordationis
3431 4126 3584 4181 dom—

1996 4230 2101 4270 nus
2144 4213 2404 4285 Pippinus
2432 4230 2568 4270 avus
2595 4223 2780 4269 noster
2822 4214 2877 4268 in
2919 4216 3126 4270 honore
3174 4215 3234 4271 S.
3286 4217 3586 4273 Salvatoris

1997 4320 2138 4361 novo
2166 4321 2332 4376 opere
2358 4306 2703 4371 construxit,
2742 4314 2904 4377 atque
2926 4308 3164 4379 propriis
3186 4311 3350 4366 rebus
3375 4309 3583 4365 affatim

1997 4396 2479 4463 ditavit,adierunt
2499 4398 2846 4453 serenitatem
2877 4407 3144 4465 nostram,
3177 4403 3589 4471 retuleruntque

1998 4489 2233 4560 qualiter
2253 4530 2267 4552 ,
2303 4489 2446 4544 inter
2473 4498 2699 4544 caeteras
2725 4491 3044 4545 donationes
3072 4531 3086 4557 ,
3116 4495 3402 4561 quemdam
3445 4496 3585 4550 wal-

2001 4580 2127 4635 dum
2161 4579 2362 4635 ibidem
2397 4579 2794 4635 conﬁrmasset.
2842 4579 3108 4635 Dixerunt
3137 4583 3302 4653 etiam
3333 4585 3476 4653 quod
3518 4587 3588 4641 de

1999 4673 2189 4728 eodem
2219 4671 2394 4727 πειίάο
2426 4673 2567 4727 servi
2593 4671 2763 4727 nostri
2795 4685 2860 4725 ex
2896 4671 3028 4726 ﬁsco
3057 4682 3264 4741 nostro,
3300 4675 3393 4745 qui
3427 4692 3586 4732 voca-

2003 4773 2092 4820 tur
2110 4765 2348 4820 Tumbas
2367 4805 2385 4830 ,
2413 4764 2647 4835 aliquam
2673 4771 2881 4833 partem
2923 4773 3113 4819 contra
3133 4763 3401 4834 justitiam
3425 4783 3586 4823 occu-

2002 4865 2241 4926 passent.
2276 4854 2386 4910 Nos
2416 4870 2629 4926 quoque
2675 4856 2790 4910 haec
2837 4853 3117 4911 audientes
3142 4896 3159 4921 ,
3186 4855 3333 4911 illico
3357 4859 3583 4913 missum

2003 4958 2250 5004 nostrum
2276 4947 2494 5003 nomine
2518 4946 2870 5001 Adalbertum
2895 4986 2910 5010 ,
2958 4947 3303 5003 siniscalcum
3336 4949 3587 5005 videlicet

2002 5050 2272 5102 nostrum,
2298 5038 2390 5107 qui
2417 5037 2522 5091 hoc
2552 5051 2652 5105 per
2676 5051 2902 5092 veraces
2936 5046 2990 5092 et
3017 5037 3270 5094 meliores
3294 5040 3542 5094 homines
3565 5079 3583 5105 ,

2002 5143 2265 5202 pagenses
2313 5125 2521 5182 scilicet
2570 5126 2672 5181 loci
2718 5127 2862 5181 illius
2892 5166 2909 5193 ,
2964 5125 3249 5199 diligenter
3286 5128 3586 5198 inquireret

2002 5232 2183 5276 utrum
2212 5221 2286 5275 ita
2313 5226 2457 5275 esset
2485 5234 2551 5273 an
2599 5234 2704 5273 non
2732 5259 2745 5279 ,
2779 5218 3048 5274 misimus.
3075 5219 3146 5273 At
3172 5218 3261 5274 ille
3290 5216 3585 5274 secundum

2004 5312 2149 5383 quod
2200 5310 2273 5365 illi
2329 5307 2771 5377 injunxeramus,
2826 5308 3290 5379 diligentissimam
3322 5309 3585 5368 adhibens

2002 5401 2406 5471 inquisitionem
2430 5438 2445 5464 ,
2501 5398 2706 5465 reperit
2739 5398 2885 5467 quod
2932 5398 3102 5453 nostri
3152 5400 3295 5454 servi
3346 5400 3585 5472 aliquam

2002 5501 2213 5562 partem
2241 5488 2410 5558 ipsius
2436 5486 2599 5543 waldi
2636 5486 2833 5556 injuste
2859 5489 2927 5544 ad
2955 5498 3164 5558 partem
3211 5500 3454 5546 nostram
3499 5500 3583 5547 te-

2001 5583 2280 5647 nuissent;
2326 5579 2421 5635 sed
2469 5580 2598 5636 dum
2660 5578 2775 5635 haec
2835 5578 2993 5635 nobis
3054 5578 3222 5635 relata
3273 5581 3482 5648 forent,
3526 5592 3587 5637 ut

2004 5687 2214 5729 merces
2237 5678 2525 5743 parentum
2553 5677 2864 5727 nostrorum
2889 5669 3268 5729 inviolabiliter
3291 5686 3553 5729 conserva
3576 5702 3586 5713 -
