3940 6180
421 296 555 353 ansa

1518 288 1837 347 LUDOVICI
1876 288 1896 343 I
1935 284 2400 343 COGNOMENTO
2436 284 2522 340 Pll

3516 285 3646 340 1060

416 419 572 466 retur
595 446 611 474 ,
638 405 891 462 ’misimus
919 402 1084 457 alium
1112 401 1357 471 missum,
1380 408 1624 456 nostrum
1659 400 1983 454 Witharium
2013 404 2065 461 Α
2157 399 2214 452 In
2248 398 2463 452 nomine
2494 394 2707 451 Domini
2738 391 2835 448 Dei
2875 401 2932 449 et
2973 391 3271 448 Salvatoris
3316 393 3488 447 nostri
3530 393 3656 448 Iesu

418 501 641 563 scilicet,
690 505 749 552 ut
798 503 852 550 et
897 495 1010 563 ipse
1051 492 1364 563 przedictum
1410 492 1643 547 waldum
1670 491 1891 562 perlatis
1915 491 1988 545 si-

416 590 642 661 gnisque
667 585 832 639 certis
860 582 1189 653 designaret,
1215 590 1271 637 et
1295 589 1505 651 partem
1532 582 1726 637 exinde
1746 580 1988 651 praedicti

416 675 727 734 monasterii
771 673 1054 728 revestiret
1085 686 1100 726 :
1131 673 1272 742 quod
1297 674 1371 727 ita
1400 681 1457 726 et
1501 672 1652 728 fecit.
1708 671 1815 727 Sed
1860 673 1986 726 dum

413 768 571 823 nobis
601 766 716 821 hac
742 764 924 819 omnia
953 779 1012 819 se
1038 763 1232 819 fecisse
1261 763 1558 828 retulisset,
1596 779 1695 833 pro
1724 762 1989 816 mercedis

415 874 527 914 suae
554 866 843 928 augmento
860 856 1123 926 jussimus
1157 857 1299 910 hanc
1329 855 1705 910 auctoritatem
1746 862 1988 909 nostram

414 949 554 1011 ﬁeri,
582 956 637 1002 et
662 947 897 1016 primum
933 946 1440 1001 determinationem
1467 945 1749 1000 memorati
1784 944 1944 998 waldi
1972 984 1987 1007 ,

414 1050 470 1096 et
500 1042 641 1097 sicut
678 1055 708 1093 a
752 1040 917 1094 misso
957 1047 1142 1093 nostro
1177 1038 1514 1108 designatum
1556 1044 1661 1102 est,
1697 1035 1865 1091 inseri
1893 1050 1991 1105 per

414 1134 535 1188 loca
573 1132 913 1186 denominata
940 1169 954 1194 ,
986 1130 1037 1184 id
1068 1137 1151 1183 est
1173 1129 1398 1182 marcha
1424 1128 1490 1183 de
1524 1126 1901 1181 Romarisvilla
1935 1125 1988 1179 in

414 1224 604 1278 dextra
638 1229 794 1291 parte
836 1218 1153 1275 monasterii
1197 1218 1251 1271 in
1301 1216 1730 1279 Lindinawinca,
1780 1215 1905 1269 inde
1934 1214 1989 1267 in

415 1313 715 1379 Folketl‘elt,
738 1322 792 1368 et
816 1328 913 1382 per
938 1312 1152 1380 longum
1193 1309 1533 1379 Pyrumbach
1563 1321 1736 1376 usque
1765 1307 1820 1361 in
1854 1306 1988 1359 Pru-

416 1406 544 1459 mia.
575 1403 702 1457 Inde
725 1409 956 1471 pergunt
988 1398 1333 1453 Marisburias
1356 1438 1370 1460 ,
1408 1398 1531 1451 inde
1560 1412 1659 1467 per
1684 1395 1989 1449 Hundines-

416 1495 574 1559 bach,
600 1509 698 1562 per
723 1494 868 1546 viam
891 1506 1011 1559 qua:
1034 1489 1207 1559 pergit
1237 1489 1306 1543 ad
1326 1487 1652 1550 Steinbuhil,
1677 1495 1730 1541 et
1758 1500 1854 1553 per
1880 1499 1993 1538 me.

417 1588 563 1642 dium
588 1585 910 1649 Steinbuhil,
941 1584 1063 1638 inde
1090 1584 1156 1637 ad
1189 1582 1571 1644 Sconcnbach,
1611 1579 1733 1633 inde
1761 1578 1826 1631 ad
1855 1577 1991 1631 Sco-

418 1675 689 1736 nensccid,
720 1675 841 1728 inde
869 1674 923 1726 in
950 1672 1239 1726 Firnibacb
1258 1711 1273 1737 ,
1318 1670 1441 1725 inde
1471 1684 1653 1724 susum
1677 1682 1774 1737 per
1800 1666 1991 1721 Albam

2087 488 2309 554 Christi,
2324 478 2649 553 Ludovicus,
2663 484 2845 539 divina
2858 483 3139 538 ordinante
3152 483 3513 552 providentia,
3528 485 3659 555 imp.

2085 577 2378 647 Augustus.

2158 665 2216 719 Si
2254 681 2383 735 erga
2429 664 2544 719 loca
2583 664 2783 719 divinis
2823 663 3057 719 cultibus
3103 661 3411 732 mancipata
3447 673 3671 736 propter

2088 771 2328 811 amorem
2364 756 2459 811 Dei
2505 757 2559 809 in
2596 756 2798 810 eisdem
2824 755 2959 809 locis
2995 754 3379 810 famulantibus
3407 757 3666 825 quiddam

2088 844 2438 910 conferimus,
2471 846 2753 915 praemium
2776 843 2932 898 nobis
2960 843 3102 912 apud
3130 843 3414 897 Dominum
3450 854 3670 901 κιαι-ηε

2089 934 2537 989 remunerationis
2563 933 2781 1002 rependi
2821 947 2927 986 non
2957 932 3270 986 difﬁdimus.
3318 933 3554 989 Proinde
3579 951 3671 990 no-

2088 1026 2229 1081 verit
2264 1025 2503 1078 omnium
2525 1023 2765 1079 fidelium
2796 1032 2904 1078 tam
2945 1025 3294 1094 prmsentium
3327 1041 3494 1094 quam
3530 1028 3670 1083 futu«

2091 1132 2274 1171 rerum
2298 1115 2535 1180 solertia,
2562 1115 2687 1184 quia
2714 1114 2918 1185 placuit
2936 1116 3093 1169 nobis
3113 1124 3334 1185 propter
3357 1118 3559 1173 anima:
3581 1135 3671 1174 no-

2090 1215 2217 1262 stra:
2263 1205 2562 1260 remedium
2598 1214 2655 1259 et
2702 1214 2919 1260 aeternae
2975 1206 3348 1261 retributionis
3392 1207 3671 1276 fructum,

2091 1296 2422 1365 monasterio
2468 1296 2613 1365 quod
2658 1295 2857 1350 dicitur
2904 1295 3233 1359 Suricinum,
3284 1297 3390 1351 sito
3437 1298 3493 1351 in
3542 1316 3674 1369 pago

2093 1386 2361 1441 Tolosano
2382 1426 2396 1450 ,
2426 1386 2481 1438 in
2507 1386 2767 1439 honorem
2792 1385 2888 1439 Dci
2909 1387 3186 1453 genitricis
3215 1393 3268 1440 et
3294 1387 3529 1442 aliorum
3562 1407 3677 1445 san-

2092 1483 2305 1530 ctorum
2329 1483 2665 1538 constructo,
2693 1474 2784 1527 ubi
2812 1490 2955 1529 nunc
2982 1475 3312 1531 Bertrandus
3342 1478 3515 1532 abbas
3537 1496 3674 1548 prte-

2093 1568 2273 1622 sidere
2308 1566 2658 1636 dignoscitur,
2697 1574 2844 1620 certa
2873 1566 2990 1619 loca
3025 1566 3294 1632 conferre,
3324 1583 3447 1637 qua:
3467 1570 3496 1608 δ
3522 1571 3678 1623 Aria-

2095 1671 2189 1710 cas
2232 1655 2359 1710 olim
2390 1670 2574 1709 comes
2616 1654 2773 1709 nobis
2814 1670 2911 1723 per
2936 1655 3421 1711 dinumerationem
3460 1661 3677 1716 tradidit

417 1776 588 1830 usque
613 1763 664 1815 in
690 1761 995 1826 Hildiliach,
1032 1760 1156 1815 inde
1196 1775 1366 1829 usque
1394 1757 1710 1820 Centbuzzi,
1738 1756 1862 1810 inde
1890 1754 1996 1809 Ga-
2024 1743 2069 1801 Β
2097 1748 2151 1801 in
2178 1762 2316 1819 pago
2341 1746 2648 1812 Ausciensi,
2672 1746 2923 1801 videlicet
2946 1747 3126 1801 villam
3149 1749 3214 1802 de
3242 1750 3533 1816 Blizentia,
3560 1768 3676 1807 cum

419 1853 681 1916 ranbach,
712 1852 802 1905 ubi
835 1851 947 1920 ipse
983 1851 1156 1920 surgit
1193 1865 1291 1919 per
1328 1850 1542 1919 longum
1567 1861 1739 1917 usque
1767 1846 1821 1899 in
1848 1844 1994 1899 Hura

418 1952 471 1997 et
494 1958 589 2010 per
609 1941 810 1994 lluram
841 1940 906 1993 ad
930 1951 1163 1994 montem
1185 1956 1356 2009 usque
1381 1942 1448 1995 ad
1477 1939 1739 2002 Barbach,
1767 1953 1886 2007 qua:
1909 1945 1997 1993 est

420 2032 486 2086 de
514 2032 736 2085 sinistra
763 2037 917 2098 parte
958 2031 1296 2093 monasterii,
1326 2038 1381 2082 et
1410 2029 1532 2084 inde
1560 2044 1731 2098 usque
1775 2029 1829 2082 in
1859 2028 1997 2083 Buo-

419 2122 546 2186 eha,
573 2129 628 2177 et
677 2120 803 2174 inde
850 2133 1023 2187 usque
1069 2119 1122 2172 in
1152 2118 1516 2182 Huocbonloe,
1550 2118 1673 2172 inde
1711 2134 1808 2188 per
1853 2118 1997 2172 viam

424 2226 596 2280 usque
641 2211 695 2264 in
724 2208 1036 2274 Sturenfelt,
1070 2209 1196 2264 inde
1242 2224 1339 2279 per
1386 2208 1756 2264 Sclusunbach
1783 2209 1837 2262 in
1864 2207 1998 2263 Ger-

420 2302 948 2370 brehetesprunnon,
978 2298 1103 2353 inde
1136 2299 1189 2353 in
1218 2298 1704 2362 Suindinesbrath',
1744 2299 1867 2353 inde
1886 2286 2000 2368 per

421 2393 773 2462 Bodilenpath
802 2406 973 2461 usque
1011 2391 1418 2457 Bodilcnhrath,
1446 2392 1569 2446 inde
1602 2393 1693 2447 ubi
1725 2392 1898 2459 surgit
1926 2393 1997 2447 ri-

419 2484 575 2539 vulus
603 2483 812 2538 Melana
836 2482 1191 2553 Hurspringa,
1220 2481 1342 2535 inde
1378 2482 1429 2535 in
1457 2481 1662 2537 Melana
1696 2496 1796 2551 per
1821 2481 1997 2552 ipsum

420 2575 677 2642 rivulum,
706 2575 828 2629 inde
848 2590 946 2644 per
971 2573 1176 2629 Melana
1205 2572 1387 2643 josum
1421 2588 1592 2641 usque
1630 2574 1698 2627 ad
1727 2572 1999 2638 strictam,

423 2665 550 2721 inde
585 2679 683 2734 per
717 2664 904 2719 stricta
934 2679 1105 2733 usque
1141 2665 1209 2719 ad
1248 2662 1614 2728 Deofansleid,
1636 2664 1763 2718 inde
1801 2664 1855 2717 in
1885 2661 1997 2717 Ha-

419 2770 557 2826 gaua
589 2794 603 2819 ,
638 2753 763 2808 inde
796 2753 864 2807 ad
895 2752 1147 2826 Merhach
1177 2753 1313 2807 ﬁnit.
1343 2753 1725 2822 Pnecipientes
1751 2767 1883 2823 ergo
1913 2751 2000 2820 ju-

420 2824 611 2899 bemus
642 2853 703 2898 ut
731 2842 909 2898 nullus
940 2824 1137 2898 abhinc
1187 2842 1424 2897 ﬁdelium
1450 2853 1654 2897 sanctae
1690 2841 1786 2896 Dei
1816 2842 2001 2896 Eccle-

421 2935 551 3000 size,
598 2944 1015 3002 nostrorumque
1064 2934 1129 2988 de
1159 2933 1413 3001 pracdicto
1442 2932 1617 2987 waldo
1643 2940 1851 3002 partem
1888 2948 2002 2987 me-

424 3024 620 3078 morati
666 3023 981 3076 monasterii
1029 3022 1332 3092 inquietare
1362 3031 1455 3076 aut
1489 3022 1689 3091 aliquid
1727 3020 2000 3092 refragare

418 3121 708 3181 praesumat
733 3152 746 3176 ,
775 3113 860 3166 vel
898 3111 1152 3182 quiddam
1196 3112 1412 3168 molesti
1447 3114 1646 3168 inferre
1689 3122 1877 3179 tentet,
1905 3115 2001 3169 sed

421 3199 491 3258 ab
519 3200 780 3254 hodierno
830 3201 917 3254 die
954 3208 1008 3255 et
1062 3200 1319 3272 deinceps
1365 3212 1720 3257 memoratum
1766 3204 2001 3257 \valdurn

423 3288 606 3357 quiete
629 3302 683 3341 et
711 3304 899 3342 secure
924 3288 1074 3358 juxta
1097 3306 1247 3344 suam
1273 3292 1774 3347 determinationem
1802 3295 2001 3348 nostris

423 3374 726 3444 futurisque
750 3377 857 3429 Deo
878 3378 1111 3446 propitio
1148 3381 1478 3449 temporibus
1520 3381 1735 3436 valeant
1763 3385 2001 3452 posside-

421 3481 504 3531 re,
534 3467 797 3521 etfacere
822 3467 1081 3536 quidquid
1119 3484 1217 3538 pro
1254 3471 1657 3538 opportunitate
1698 3475 1999 3529 communis

421 3556 854 3625 congregationis
899 3556 1197 3628 elegerint;
1243 3567 1514 3630 quatenus
1564 3575 1660 3630 pro
1712 3562 1894 3626 nobis,
1946 3572 2001 3619 et

421 3651 665 3722 conjuge,
696 3652 953 3721 proleque
987 3663 1169 3708 nostra
1198 3694 1213 3720 ,
1251 3668 1344 3709 seu
1375 3668 1474 3723 pro
1502 3655 1793 3711 stabilitate
1837 3657 1999 3712 totius

422 3740 634 3810 imperii
664 3741 833 3795 nostri
859 3757 889 3794 a
916 3741 1027 3796 Deo
1059 3742 1216 3798 nobis
1262 3744 1443 3798 collati
1472 3752 1527 3798 ct
1553 3742 1669 3813 ejus
1699 3744 2000 3801 clementis-

421 3831 557 3884 sima
596 3831 943 3886 miseratione
969 3841 1231 3902 perpetuo
1261 3835 1646 3899 conservandi,
1669 3835 1870 3905 jugiter
1895 3836 2001 3892 Do-

424 3921 554 3975 mini
607 3922 1035 3976 miscricordiam
1088 3938 1317 3978 exorare
1379 3923 1629 3979 delectet.
1688 3925 1814 3981 IIiec
1871 3941 2000 3982 vero

422 4010 718 4064 auctoritas
757 4010 835 4064 uti
885 4026 915 4064 a
955 4011 1201 4066 ﬁdelibus
1249 4021 1449 4067 saneta:
1499 4012 1596 4067 Dei
1650 4013 1904 4068 Ecclesia:
1946 4022 2003 4069 et

422 4099 625 4153 nostris
671 4101 852 4155 verius
892 4102 1167 4167 credatur,
1210 4110 1266 4156 et
1294 4101 1605 4172 diligentius
1630 4111 1996 4170 conservetur,

423 4205 581 4241 manu
613 4189 828 4257 propria
854 4199 1039 4244 nostra
1070 4191 1492 4261 subscripsimus
1534 4200 1589 4246 et
1612 4193 1796 4247 annuli
1830 4194 2000 4248 nostri

422 4280 777 4349 impressione
804 4280 1007 4349 signari
1029 4281 1308 4350 jussimus.

494 4372 715 4441 Signum
755 4370 936 4425 domni
966 4370 1223 4427 Ludovici
1253 4374 1585 4429 serenissimi
1620 4373 1867 4446 Augusti.

495 4462 778 4516 Durandus
797 4463 1054 4517 diaconus
1073 4464 1141 4519 ad
1160 4464 1334 4519 vicem
1351 4464 1664 4519 Helisachar
1687 4468 1995 4537 recognovi.

495 4555 625 4609 Data
652 4570 702 4609 vi
732 4554 852 4609 Idus
875 4553 1213 4621 Novembris,
1258 4572 1398 4611 anno
1419 4557 1473 4622 5,
1504 4557 1718 4612 Christo
1745 4556 1995 4626 prepitio,

422 4646 631 4716 imperii
678 4646 859 4700 domni
913 4645 1168 4701 Ludovici
1208 4648 1539 4703 serenissimi
1591 4647 1862 4717 Augusti,
1914 4648 1997 4704 in-

421 4739 657 4793 dictione
696 4737 782 4791 lO.
811 4736 1003 4792 Actum
1031 4738 1361 4807 Compendio
1384 4738 1586 4808 palatio
1625 4739 1774 4809 regio
1820 4739 1873 4794 in
1902 4739 1995 4795 Dei

421 4829 639 4886 nomine
668 4826 915 4884 feliciter.
944 4828 1139 4883 Amen.

1114 4920 1296 4976 LXIII.

773 5028 796 5056 ⁸
813 5031 913 5072 ΡΙὶο
927 5030 1261 5069 MONASTERIO
1275 5030 1641 5070 SOI‘tIClNIENSI.

1026 5104 1198 5176 (Anno
1239 5104 1394 5176 817.)

421 5197 600 5271 [Apud
637 5197 697 5252 D.
726 5194 1015 5267 Bouquet.,
1055 5194 1265 5250 Recueil
1296 5193 1387 5250 des
1413 5195 1560 5260 hist.,
1592 5202 1723 5249 tom.
1756 5192 1843 5260 Vl,
1870 5208 1991 5263 pag.

491 5291 618 5357 50!,
640 5304 704 5345 ex
731 5290 883 5345 brevi
908 5288 1166 5344 chronico
1200 5286 1433 5347 abbatiae
1463 5285 1564 5342 SS.
1600 5285 1749 5341 Pauli
1769 5294 1826 5342 et
1849 5286 1993 5341 Petri

492 5384 546 5438 in
573 5398 708 5455 pago
734 5379 1042 5456 Blizentio.]

492 5508 518 5535 α
546 5497 732 5578 Exstat
749 5495 985 5578 diploma
1009 5494 1218 5578 Pippini
1241 5493 1384 5577 regis
1418 5494 1484 5550 de
1505 5492 1819 5578 fundatione
1840 5492 1999 5575 hujus

426 5564 913 5637 rceno'...ii,rdat'um
944 5564 1265 5637 Aquisgrani
1288 5580 1446 5637 panno
1485 5564 1714 5637 septimo
1754 5564 1998 5637 ejus__i_rn-

427 5635 606 5704 periit
627 5636 719 5689 sed
747 5636 875 5690 illud
903 5632 1432 5704 non'sat'gcuuinum
1462 5632 1736 5689 existimat
1760 5632 1998 5689 Mabillo-

425 5702 551 5758 nius
574 5702 667 5758 lib.
690 5718 859 5758 xxvm
888 5703 1079 5758 Annal.
1110 5702 1414 5772 Benedict.,
1449 5720 1599 5758 num.
1624 5703 1713 5760 65.

2096 1837 2339 1892 ecclesiis
2367 1836 2563 1890 ibidem
2606 1835 2844 1890 fundatis
2885 1837 2939 1890 in
2971 1837 3227 1892 honorem
3261 1839 3353 1893 Dei
3400 1842 3678 1911 genitricis

2096 1936 2150 1982 et
2176 1927 2347 1983 sancti
2368 1925 2612 1987 Joannis,
2637 1942 2758 1981 cum
2775 1927 3173 1982 territoriisdec
3200 1928 3458 1999 Peyrault
3481 1941 3540 1986 et
3563 1931 3680 1986 aedi-

2097 2015 2236 2072 ﬁciis
2265 2016 2377 2071 suis
2402 2024 2457 2071 et
2482 2016 2765 2086 mancipiis
2786 2056 2799 2082 ,
2825 2026 2881 2071 et
2922 2018 3084 2072 aliam
3107 2019 3288 2073 villam
3315 2036 3441 2090 qua:
3480 2024 3679 2079 dicitur

2098 2104 2376 2170 Mantlieu,
2406 2114 2462 2160 et
2494 2106 2752 2175 quidquid
2777 2106 2831 2159 in
2867 2107 3008 2161 dicta
3037 2109 3324 2164 donatione
3348 2114 3677 2178 continetur,

2097 2213 2221 2253 cum
2250 2198 2538 2268 mancipiis
2557 2198 2697 2263 suis;
2727 2207 2783 2253 et
2800 2198 2981 2253 villam
3008 2215 3127 2269 quae
3148 2201 3349 2255 dicitur
3368 2201 3678 2273 Exarrigm,

2097 2304 2221 2344 cum
2250 2290 2501 2344 omnibus
2530 2289 2776 2345 aediﬁciis
2796 2300 2850 2346 et
2872 2292 3215 2361 pertinentiis
3235 2293 3379 2360 suis;
3409 2303 3469 2349 et
3500 2295 3678 2350 villam

2096 2395 2217 2449 quae
2239 2379 2437 2434 dicitur
2459 2379 2765 2446 Waccaria,
2788 2396 2911 2435 cum
2935 2381 3158 2437 ecclesia
3181 2382 3239 2436 S.
3257 2382 3512 2448 Ioannis,
3536 2384 3684 2439 simi-

2096 2469 2222 2523 liter
2257 2484 2380 2524 cum
2410 2469 2653 2524 :edificiis
2684 2468 3086 2537 adiacentibus;
3118 2479 3171 2527 et
3197 2472 3380 2525 villam
3403 2489 3530 2543 quae
3551 2475 3683 2529 dici-

2097 2566 2190 2612 tur
2221 2559 2619 2625 llarcillanum,
2660 2575 2783 2613 cum
2811 2559 3054 2615 aediﬁciis
3082 2569 3136 2614 et
3163 2560 3511 2630 pertinentiis
3552 2564 3684 2627 suis,

2098 2665 2224 2705 cum
2267 2650 2516 2705 domibus
2564 2659 2619 2704 et
2663 2650 2977 2719 mancipiis,
3022 2659 3077 2705 et
3111 2660 3601 2721 quantumcunque
3635 2668 3685 2707 ιιι

2100 2737 2219 2808 ipso
2244 2738 2362 2792 loco
2387 2739 2453 2793 ad
2478 2754 2574 2793 nos
2590 2737 2713 2806 jure
2738 2740 3083 2809 proprietatis
3109 2741 3378 2810 pertinere
3408 2743 3685 2812 dignosci-

2100 2836 2208 2894 tur,
2236 2844 2359 2883 eum
2397 2829 2626 2883 ecclesia
2654 2830 2707 2882 in
2742 2830 2931 2883 eodem
2963 2830 3082 2885 loco
3102 2839 3411 2884 constructa
3435 2832 3489 2884 in
3517 2832 3690 2887 hono-

2100 2936 2214 2975 rem
2240 2921 2413 2974 sancti
2440 2918 2683 2985 Martini;
2712 2928 2767 2974 et
2796 2920 3161 2976 molendinum
3187 2936 3351 2992 super
3370 2920 3600 2978 fluvium
3625 2924 3687 2978 de

2103 3009 2256 3076 Cera,
2288 3019 2342 3065 et
2372 3010 2632 3079 quidquid
2659 3011 2713 3063 in
2750 3011 2939 3066 eodem
2961 3010 3078 3066 loco
3106 3012 3208 3066 visi
3233 3027 3419 3065 sumus
3456 3013 3684 3067 habere.

2027 3079 2071 3142 (ἶ
2103 3100 2328 3172 Insuper
2362 3101 2418 3155 in
2438 3116 2577 3171 pago
2607 3100 2805 3171 Dagni,
2838 3110 2892 3155 et
2933 3102 2986 3154 in
3026 3101 3150 3155 villa
3182 3117 3303 3171 qua:
3330 3101 3527 3155 dicitur
3550 3102 3688 3156 Ala-

2102 3193 2302 3259 manni,
2347 3200 2402 3247 et
2429 3193 2485 3246 in
2508 3192 2633 3246 villa
2660 3191 2987 3262 Modolingo,
3035 3208 3158 3245 cum
3198 3192 3439 3247 ecclesiis
3475 3192 3683 3248 ibidem

2100 3283 2431 3338 constructis
2450 3283 2504 3336 in
2533 3282 2739 3337 honore
2754 3283 2847 3337 Dei
2865 3283 3145 3353 genitricis
3164 3293 3217 3336 et
3240 3283 3415 3337 sancti
3434 3282 3680 3354 Sulpicii,

2101 3389 2226 3429 cum
2250 3374 2533 3443 mancipiis
2563 3382 2616 3428 ct
2644 3374 2871 3440 colonis,
2906 3390 3031 3428 cum
3054 3374 3304 3429 dentibus
3330 3384 3385 3428 et
3407 3375 3681 3430 habitato-

2101 3463 2252 3518 ribus
2291 3478 2511 3530 earum;
2545 3472 2600 3517 et
2628 3465 2888 3534 quidquid
2930 3463 3127 3518 ibidem
3165 3465 3234 3518 ad
3261 3480 3361 3519 nos
3390 3464 3514 3533 jure
3554 3481 3679 3536 pro-

2099 3554 2346 3626 prietatis
2366 3554 2641 3624 pertinere
2665 3554 3028 3625 dignoscitur,
3067 3570 3189 3609 cum
3224 3556 3477 3611 ecclesiis
3496 3570 3553 3611 et
3571 3574 3680 3612 ser-

2101 3647 2184 3700 vis
2215 3653 2269 3700 et
2295 3645 2503 3699 colonis
2525 3645 2806 3714 utriusque
2835 3659 2997 3699 sexus
3016 3686 3031 3710 ,
3057 3661 3178 3699 cum
3202 3644 3479 3711 domibus,
3514 3647 3676 3701 aediﬁ-

2101 3734 2222 3802 ciis,
2250 3736 2441 3802 terris,
2475 3736 2669 3802 vineis,
2694 3736 2881 3805 pratis,
2910 3737 3148 3805 pascuis,
3176 3737 3335 3804 aquis
3355 3752 3679 3808 aquarumve

2100 3826 2448 3890 decursibus,
2476 3826 2830 3890 molendinis,
2878 3826 3165 3881 mobilibus
3209 3835 3265 3881 et
3297 3827 3675 3892 immobilibus,

2101 3916 2303 3970 cultum
2320 3924 2372 3970 et
2397 3915 2687 3978 incultum.
2710 3916 2994 3984 quaesitum
3012 3924 3067 3969 et
3082 3918 3496 3985 acquirendum,
3517 3912 3675 3972 totum

2100 4015 2155 4063 et
2182 4008 2249 4062 ab
2274 4007 2485 4077 integro
2505 4015 2560 4061 et
2584 4008 2651 4061 ad
2674 4007 2941 4076 integrum
2964 4005 3227 4060 donamus
3251 4006 3365 4061 Deo
3387 4048 3400 4071 ,
3437 4018 3494 4061 et
3523 4021 3675 4076 supra

2101 4106 2401 4152 memorato
2432 4096 2765 4151 monasterio
2804 4096 3095 4161 Suricinii,
3136 4111 3234 4164 pro
3276 4096 3452 4150 salute
3496 4096 3678 4149 anima:

2102 4195 2301 4242 nostra:
2326 4187 2394 4241 ad
2419 4186 2687 4256 stipendia
2705 4186 2934 4239 fratrum
2956 4185 3153 4240 ibidem
3172 4187 3282 4240 Deo
3306 4186 3672 4247 servientium,

2101 4285 2157 4332 et
2180 4277 2249 4331 ad
2278 4277 2649 4347 elcemosynas
2674 4275 2948 4331 faciendas
2983 4283 3039 4329 et
3076 4275 3144 4330 ad
3168 4275 3302 4330 alias
3336 4277 3546 4345 pnefati
3574 4291 3674 4333 cce-

2102 4370 2250 4424 nobii
2299 4368 2558 4423 utilitates
2611 4369 2713 4424 hac
2761 4370 3048 4424 donatione
3099 4371 3444 4426 auctoritatis
3491 4379 3675 4426 nostra!

2105 4460 2492 4535 perpetualiter
2530 4460 2868 4531 delegamus;
2901 4468 3048 4514 etut
3089 4460 3154 4514 de
3201 4461 3335 4529 ipsis
3366 4462 3588 4517 abbates
3626 4467 3675 4514 et

2106 4552 2357 4607 monachi
2402 4551 2569 4606 libere
2595 4560 2650 4606 et
2692 4552 2873 4621 quiete
2916 4551 3199 4621 providere
3247 4554 3491 4609 valeant.
3540 4554 3604 4608 Et
3622 4560 3672 4606 ut

2103 4645 2222 4700 haec
2241 4645 2427 4699 charta
2450 4644 2756 4699 donationis
2781 4651 2978 4699 nostra:
3001 4642 3194 4699 futuris
3217 4646 3556 4715 temporibus
3571 4659 3673 4716 per-

2102 4743 2319 4805 petuam
2358 4734 2599 4788 obtineat
2644 4733 2986 4798 ﬁrmitatem,
3025 4742 3080 4788 et
3119 4751 3152 4789 a
3201 4734 3451 4789 ﬁdelibus
3489 4732 3669 4791 nostris

2102 4824 2297 4879 melius
2330 4825 2676 4890 observetur,
2721 4840 2883 4879 manu
2916 4834 3101 4880 nostra
3132 4824 3576 4885 subfirmavimus
3624 4830 3669 4879 et

2103 4915 2287 4970 annuli
2319 4914 2673 4987 impressione
2700 4914 2902 4985 signari
2927 4916 3207 4985 jussimus.

2174 5005 2400 5077 Signum
2426 5005 2683 5061 Ludovici
2710 5005 3043 5060 serenissimi
3070 5007 3435 5076 imperatoris.

2170 5096 2457 5152 Durandus
2470 5096 2727 5151 diaconus
2739 5095 2809 5150 ad
2825 5095 2997 5151 vicem
3016 5095 3333 5152 llelisachar
3347 5092 3664 5168 recognovit.

2169 5185 2305 5240 Data
2322 5202 2380 5241 ιιι
2393 5184 2574 5241 Nonas
2588 5182 2733 5249 Maii,
2747 5199 2908 5250 anno,
2923 5183 3137 5240 Christo
3147 5176 3405 5256 propitio,
3419 5184 3453 5239 ι
3472 5183 3664 5255 imperii

2104 5275 2306 5333 domini
2325 5274 2556 5345 piissimi
2579 5274 2861 5340 Ludovici,
2876 5272 3168 5329 indictione
3184 5275 3266 5328 lo.
3279 5275 3477 5329 Actum
3490 5274 3669 5343 Aquis-

2104 5369 2257 5439 grani
2279 5367 2479 5439 palatio
2501 5366 2647 5437 regio
2673 5365 2727 5419 in
2753 5364 2849 5420 Dei
2879 5365 3097 5421 nomine
3120 5363 3370 5421 feliciter.
3400 5366 3589 5421 Amen.

2176 5486 2206 5527 δ
2236 5484 2392 5540 Hunc
2423 5481 2714 5537 Arecatum
2741 5486 2901 5534 vocat
2932 5477 3270 5534 Mabillonius
3297 5477 3416 5534 loco
3446 5492 3569 5533 mox
3600 5473 3665 5529 ei-

2104 5564 2238 5616 tato,
2261 5564 2312 5610 et
2338 5560 2525 5608 auctor
2553 5550 2734 5605 brevis
2758 5548 3030 5604 Chronici.

2176 5637 2199 5665 α
2225 5615 2401 5679 Verba
2429 5621 2657 5685 Gallica,
2681 5634 2801 5689 qua:
2828 5619 3028 5690 passim
3059 5616 3115 5671 in
3139 5618 3243 5673 hoc
3258 5615 3554 5690 diplomate
3573 5626 3659 5669 oc-

2104 5702 2355 5765 currunt,
2375 5693 2443 5750 ab
2462 5700 2683 5747 auctore
2698 5687 2955 5746 Chronici
2990 5689 3192 5744 inserta
3218 5687 3487 5744 videntur.
