3940 6180
349 271 562 361 1065Δ

1479 294 1798 358 ωῡογιει
1837 301 1857 355 l
1894 292 2366 357 COGNOMENTO
2403 289 2487 347 Pll

3480 289 3605 344 {OM

344 426 483 477 stra,
530 411 776 486 conjugis
821 427 886 467 ac
912 410 1103 483 prolis,
1130 426 1228 467 seu
1257 412 1422 467 etiam
1444 412 1611 468 totius
1651 412 1869 483 imperii
1895 427 1925 465 a
1954 416 2002 474 Α
2031 421 2205 476 neque
2257 405 2454 458 missus
2512 400 2845 467 discurrens,
2918 410 3013 456 aut
3068 399 3267 472 aliquis
3327 401 3620 458 mundana!

345 504 459 560 Deo
480 504 636 559 nobis
655 503 897 559 concessi
917 509 973 556 et
995 499 1112 570 ejus
1132 502 1552 558 clementissima
1575 503 1925 558 miseratione

346 612 445 668 per
482 595 805 649 immensum
842 594 1232 661 conservandi,
1274 611 1380 649 una
1404 611 1526 651 cum
1564 597 1712 654 clero
1737 606 1791 650 et
1828 613 1926 666 po-

269 712 281 727 -
347 687 471 757 pulo
490 684 592 739 sibi
619 684 882 755 subjecto,
902 683 997 740 Dei
1013 684 1340 741 immensam
1361 685 1706 741 clementiam
1726 685 1930 757 jugiter

304 826 308 831 λ
344 791 591 831 exorare.
618 775 686 829 Et
713 776 973 845 quidquid
995 775 1062 831 de
1085 774 1325 846 praefatae
1351 775 1516 831 rebus
1541 776 1812 840 ecclesiae,
1839 776 1931 845 jus

347 869 460 924 ﬁsci
486 868 706 939 exigere
737 870 969 938 poterit,
1000 870 1055 922 in
1080 869 1351 940 integrum
1371 869 1546 923 eidem
1568 871 1933 925 concessimus

345 959 609 1025 ecclesiae,
639 960 844 1015 scilicet
866 969 925 1015 ut
942 968 1201 1031 perpetuo
1233 970 1475 1030 tempore
1502 961 1551 1013 ei
1581 961 1648 1014 ad
1668 975 1931 1031 peragen-

347 1049 473 1104 dum
523 1048 619 1102 Dei
664 1050 945 1103 servitium
991 1056 1339 1119 augmentum
1392 1060 1449 1103 et
1499 1050 1932 1119 supplementum

348 1140 462 1194 ﬁat.
497 1138 647 1194 Hanc
679 1140 859 1208 itaque
894 1140 1289 1205 auctoritatem,
1330 1147 1391 1193 ut
1416 1139 1716 1208 pleniorem
1756 1140 1809 1193 iu
1839 1140 1935 1194 Dei

348 1230 567 1285 nomine
603 1229 847 1284 obtineat
875 1230 1136 1299 vigorem,
1176 1237 1231 1284 et
1267 1245 1297 1283 a
1325 1229 1572 1284 ﬁdelibus
1600 1238 1800 1285 sanctae
1840 1230 1934 1284 Dei

351 1318 608 1373 Ecclesia:
653 1326 706 1373 et
748 1321 951 1373 nostris
988 1319 1171 1372 verius
1214 1320 1489 1383 credatur,
1530 1327 1585 1373 et
1625 1319 1937 1390 diligentius

350 1415 722 1472 conservetur,
748 1421 868 1461 eam
900 1423 1059 1461 manu
1100 1410 1318 1477 prepria
1364 1407 1552 1463 subter
1579 1407 1933 1474 ﬁrmavimus,

349 1506 405 1552 et
422 1498 608 1553 annuli
634 1499 805 1553 nostri
832 1498 1189 1568 impressione
1215 1500 1419 1569 signari
1441 1499 1703 1569 jussimus

419 1589 647 1661 Signum
675 1589 935 1644 Ludovici
957 1589 1291 1644 serenissimi
1323 1588 1687 1657 imperatoris.

420 1679 708 1734 Durandus
731 1680 991 1734 diaconus
1002 1680 1070 1734 ad
1084 1679 1259 1734 vicem
1276 1678 1594 1732 llelisacliar
1625 1677 1932 1748 recognovi.

2029 495 2258 551 actionis
2288 493 2589 549 ministerio
2618 490 2867 562 fungens,
2907 492 3195 562 praedictos
3218 492 3519 549 monachos
3550 493 3624 550 de

2028 586 2288 656 praedicto
2314 584 2433 639 loco
2478 583 2783 653 inquietare
2808 592 3121 652 przesumat,
3154 593 3249 639 aut
3290 586 3502 656 aliquid
3538 585 3625 644 eis

2030 675 2245 731 auferre
2293 676 2382 731 vel
2410 676 2655 730 minuere
2707 674 2774 730 de
2832 675 2994 730 rebus
3031 676 3100 731 ad
3148 677 3403 732 eumdem
3439 677 3628 736 locum

2025 766 2175 836 juste
2194 768 2595 839 pertinentibus
2615 775 2913 837 pertentet,
2942 774 3035 821 aut
3055 767 3292 838 aliquam
3313 768 3629 827 insultatio-

2033 875 2158 914 nem
2200 857 2415 912 inferat.
2455 856 2562 913 Sed
2608 856 2767 912 liceat
2795 857 2876 912 eis
2903 872 3000 926 per
3045 858 3146 913 hos
3174 869 3397 915 nostros
3443 862 3629 931 apices

2035 946 2345 1016 imperiales
2371 946 2470 1001 sub
2497 952 2681 1000 nostra
2705 945 3024 1015 plenissima
3048 948 3277 1003 tuitione
3297 950 3626 1017 consistere,

2034 1047 2089 1094 et
2114 1053 2213 1108 pro
2234 1037 2390 1092 nobis
2414 1037 2499 1092 vel
2530 1052 2630 1108 pro
2665 1036 2960 1092 stabilitate
2991 1038 3156 1093 totius
3202 1039 3421 1110 imperii
3452 1042 3626 1096 nostri

2036 1130 2323 1185 Dominum
2376 1129 2556 1199 quiete
2599 1128 2845 1183 viventes
2884 1128 3030 1199 jugis
3073 1130 3329 1199 precibus
3375 1145 3625 1186 exorare.

2035 1220 2384 1289 Praeeipimus
2431 1219 2597 1272 etiam
2644 1226 2805 1287 atque
2823 1219 3077 1288 jubemus
3126 1227 3187 1273 ut
3234 1220 3417 1275 nullus
3457 1220 3627 1289 judex

2035 1312 2283 1383 publicus
2331 1310 2400 1365 ad
2429 1326 2621 1366 causas
2674 1310 2989 1376 audiendas,
3024 1310 3107 1364 vel
3140 1310 3299 1366 l'reda
3341 1313 3630 1383 exigenda,

2038 1410 2131 1455 aut
2159 1401 2466 1456 mansiones
2500 1400 2585 1455 vel
2633 1407 2852 1470 paratas
2889 1400 3189 1467 faciendas,
3222 1409 3314 1455 aut
3355 1400 3636 1469 ﬁdeiusso-

2040 1509 2128 1548 res
2175 1493 2459 1559 tollendos,
2511 1501 2606 1546 aut
2662 1492 2910 1547 homines
2962 1507 3153 1546 eorum
3209 1501 3320 1546 tam
3367 1493 3635 1563 ingenuos

2039 1600 2201 1656 quam
2232 1593 2288 1639 et
2325 1600 2514 1640 servos
2558 1583 2984 1655 distringendos,
3007 1600 3109 1639 nec
3135 1584 3275 1639 ullas
3323 1585 3639 1640 redhibitio-

2040 1692 2136 1732 nes
2165 1685 2259 1732 aut
2285 1676 2503 1731 illicitas
2532 1676 2847 1731 occasiones
2876 1676 3233 1745 requirendos
3257 1676 3370 1732 ullo
3395 1692 3636 1745 unquam

416 1769 556 1823 Data
588 1783 701 1821 xvii
729 1769 845 1822 Kal.
875 1770 1125 1840 Augusti,
1152 1784 1316 1836 anno,
1355 1768 1573 1823 Christo
1602 1768 1856 1838 propitio,
1900 1768 1934 1822 4
1963 1778 2010 1836 Β
2039 1779 2284 1840 tempore
2306 1771 2362 1824 in
2386 1783 2575 1824 eorum
2604 1770 2767 1823 rebus
2790 1784 2927 1838 quas
2945 1767 3091 1836 juste
3115 1769 3369 1840 praesenti
3390 1777 3638 1839 tempore

350 1859 566 1929 imperii
594 1859 777 1914 domui
806 1860 1062 1915 Ludovici
1102 1861 1331 1929 piissimi
1362 1860 1611 1931 Augusti,
1649 1859 1942 1913 indictione

351 1952 442 2007 10.
469 1952 663 2006 Actum
685 1952 1009 2021 Aquisgrani
1026 1952 1228 2021 palatio
1252 1952 1401 2021 regio
1428 1952 1483 2004 in
1508 1951 1601 2006 Dei
1626 1950 1846 2005 nomine
1868 1950 1944 2004 fe—

352 2043 555 2099 liciter.
597 2043 792 2098 Amen.

1056 2136 1246 2194 LXVI.

707 2244 810 2284 no
846 2242 1179 2283 CRUDA‘I‘ENSI
1219 2208 1579 2280 noxasrutt'to.

979 2318 1149 2389 (Anno
1180 2315 1329 2387 817.)

353 2407 537 2479 {Apud
593 2408 659 2462 D.
699 2409 989 2478 Bouquet.,
1034 2408 1184 2472 ibid.,
1242 2421 1366 2477 pag.
1429 2404 1557 2470 503,
1616 2420 1684 2459 ex
1730 2404 1942 2475 probat.

534 2516 651 2554 nou.
702 2498 846 2553 Hist.
905 2499 1223 2563 Occitania',
1255 2507 1388 2552 tom.
1421 2495 1465 2565 l,
1496 2512 1619 2568 pag.
1658 2495 1774 2570 50.]

431 2591 493 2646 In
520 2592 742 2647 nomine
778 2591 990 2645 Domini
1027 2589 1123 2644 Dei
1166 2597 1222 2644 et
1264 2588 1563 2643 Salvatoris
1601 2589 1775 2644 nostri
1814 2588 1943 2643 Iesu

360 2683 607 2746 Christi,
644 2682 974 2747 Ludovicus,
1021 2682 1205 2737 divina
1255 2682 1541 2736 ordinante
1585 2680 1948 2752 providentia,

365 2780 664 2849 imperator
698 2778 993 2849 Augustus.

431 2868 490 2922 Si
513 2883 642 2939 erga
662 2867 781 2923 loca
813 2866 1011 2923 divinis
1039 2866 1271 2921 cultibus
1295 2864 1472 2921 dicata
1508 2864 1772 2936 imperiali
1799 2878 1952 2918 more

357 2958 620 3015 beneﬁcia
649 2968 953 3028 opportuna
981 2956 1263 3025 largimur,
1315 2956 1455 3010 idem
1489 2954 1644 3009 nobis
1669 2962 1725 3009 et
1747 2953 1813 3007 ad
1843 2963 1955 3008 sta-

356 3049 620 3103 bilitatem
651 3046 865 3116 imperii
897 3046 1091 3107 nostri,
1120 3054 1174 3100 et
1221 3045 1289 3099 ad
1326 3045 1521 3099 anima:
1570 3044 1798 3099 salutem
1826 3059 1954 3113 pro-

2042 1863 2344 1932 possident,
2366 1877 2460 1917 seu
2481 1876 2618 1931 quas
2656 1861 2910 1930 deinceps
2937 1860 3197 1916 Dominus
3216 1860 3453 1916 voluerit
3472 1876 3639 1932 ange-

2043 1953 2107 2016 ri,
2140 1952 2373 2022 ingredi,
2404 1961 2498 2006 aut
2523 1967 2587 2007 ea
2617 1966 2738 2021 qnze
2777 1953 3055 2022 przemissa
3095 1959 3219 2006 sunt
3240 1951 3459 2020 penitus
3480 1966 3646 2006 exace-

2046 2050 2161 2095 tarc
2189 2051 2501 2112 praesumat.
2531 2040 2636 2096 Sed
2681 2040 2843 2097 liceat
2866 2051 3165 2097 memorato
3192 2042 3376 2097 abbati
3411 2042 3633 2113 ejusque

2045 2131 2454 2187 successoribus
2496 2147 2584 2187 res
2610 2132 2855 2201 praedicti
2898 2133 3216 2187 monasterii
3245 2134 3348 2188 sub
3376 2133 3632 2188 immuni-

2049 2224 2174 2278 tatis
2219 2233 2419 2281 nostra:
2466 2223 2779 2278 defensione
2848 2224 3033 2293 quieto
3084 2224 3275 2278 ordine
3328 2225 3627 2293 possidere.

2049 2315 2497 2386 Quandoquidem
2525 2333 2591 2370 ex
2616 2316 2799 2370 divina
2827 2316 3112 2370 vocatione
3153 2317 3504 2387 supradictus
3541 2317 3631 2371 ab

2046 2406 2145 2461 bas
2172 2405 2257 2459 vel
2300 2420 2644 2460 successores
2690 2403 2808 2474 ejus
2851 2404 2918 2459 de
2947 2405 3051 2459 hac
3085 2404 3204 2459 luce
3253 2406 3629 2477 migraverint,

2048 2496 2288 2571 quandin
2320 2498 2422 2568 ipsi
2468 2498 2718 2554 monachi
2747 2498 2889 2553 inter
2927 2512 2987 2552 se
3008 2497 3148 2553 tales
3177 2497 3425 2553 invenire
3451 2508 3635 2568 potue-

2049 2592 2180 2658 rint,
2206 2591 2298 2660 qui
2332 2592 2503 2661 ipsam
2541 2589 3016 2660 congregationem
3058 2589 3356 2645 secundum
3392 2590 3633 2661 regulam

2049 2683 2224 2737 sancti
2267 2678 2546 2737 Benedicti
2577 2696 2768 2753 regere
2798 2681 3036 2747 valeant,
3084 2696 3181 2751 per
3207 2683 3351 2739 hanc
3389 2693 3634 2739 nostram

2050 2775 2430 2831 auctoritatem
2473 2782 2528 2830 et
2570 2788 2897 2829 consensum
2942 2772 3219 2829 licentiam
3261 2775 3506 2830 habeant
3543 2773 3636 2830 eli-

2050 2864 2211 2932 gendi
2261 2865 2506 2918 abbates.
2556 2863 2625 2917 Et
2659 2872 2720 2917 ut
2762 2865 2880 2919 haec
2909 2864 3202 2920 auctoritas
3242 2866 3448 2921 nostris
3493 2864 3633 2920 tutu.

2054 2956 2238 3026 risque
2295 2956 2657 3027 temporibus,
2702 2956 2931 3011 Domino
2968 2965 3307 3027 protegente,
3339 2957 3523 3017 valeat
3555 2958 3636 3014 in-

2052 3046 2308 3101 cunvulsa
2362 3060 2604 3110 manere,
2636 3062 2801 3100 manu
2842 3048 3061 3116 propria
3090 3048 3628 3115 subterﬁrmavimm.

358 3138 600 3193 futurum
625 3139 846 3192 minime
876 3137 1203 3191 dubitamus.
1238 3135 1446 3191 Idcirco
1471 3144 1656 3190 notum
1689 3132 1937 3189 sitomni-
1977 3141 2021 3203 C
2053 3148 2107 3194 ct
2131 3138 2313 3193 annuli
2344 3139 2514 3193 nostri
2546 3138 2903 3208 impressione
2948 3139 3151 3209 signari
3170 3140 3459 3211 jussimus.

361 3230 465 3285 bus
502 3228 771 3292 ﬁdelibus,
813 3237 922 3281 tam
952 3228 1314 3298 praesentibus
1361 3243 1523 3297 quam
1570 3227 1785 3290 futuris,
1818 3226 1943 3297 quia

360 3318 685 3388 Elpodorius
761 3332 945 3372 comes
1008 3317 1196 3371 adiens
1264 3319 1618 3373 serenitatem
1676 3306 1947 3381 nostram,

358 3408 592 3478 subjecit
634 3408 870 3477 qualiter
906 3416 1064 3479 pater
1103 3423 1235 3462 suus
1279 3408 1560 3462 Eribcrtus
1613 3407 1743 3462 olim
1785 3424 1951 3477 super

359 3499 561 3556 ﬁumen
611 3500 935 3556 Rhodanum
989 3500 1041 3555 in
1087 3500 1349 3555 comitatu
1396 3501 1717 3563 Vivariensi,
1752 3500 1804 3554 in
1832 3501 1950 3555 loco

359 3594 456 3665 qui
503 3593 702 3648 dicitur
730 3592 1021 3658 Crudatus,
1051 3592 1144 3662 qui
1174 3600 1297 3646 erat
1332 3607 1397 3647 ex
1436 3590 1558 3660 jure
1588 3591 1704 3647 ﬁsci
1755 3593 1948 3655 nostri,

362 3684 640 3740 desertum
684 3684 988 3749 inveniens,
1045 3683 1225 3738 studio
1273 3692 1551 3753 assumpto
1592 3683 1662 3739 ob
1711 3684 1950 3739 divinum

364 3792 608 3832 amorem
635 3777 934 3831 monachos
957 3776 1157 3831 ibidem
1188 3777 1557 3848 congregavit,
1580 3776 1671 3847 qui
1702 3776 1951 3831 eumdem

365 3868 544 3924 locum
599 3868 716 3938 ejus
747 3875 803 3922 et
853 3876 1163 3923 exterorum
1219 3867 1459 3923 ﬁdelium
1514 3866 1785 3937 adiutorio
1837 3865 1952 3922 fulti

366 3969 774 4023 nestaurarunt;
830 3969 1100 4029 quatenus
1166 3959 1267 4014 sub
1321 3959 1600 4029 proposito
1652 3958 1955 4015 monastico

365 4052 752 4115 consisterent,
775 4050 914 4104 sicut
950 4051 1214 4105 hactenus
1241 4051 1354 4104 Deo
1389 4057 1661 4104 annuente
1691 4048 1948 4104 fecerunt.

369 4141 477 4196 Sed
505 4156 813 4211 quanquam
838 4141 928 4195 ille
955 4156 1044 4195 res
1065 4142 1277 4209 quietas
1297 4140 1364 4195 de
1389 4149 1543 4210 parte
1564 4155 1661 4194 sua
1685 4140 1956 4206 redderet,

367 4239 427 4286 et
448 4230 709 4285 auxilium
735 4238 1099 4299 opportunum
1125 4231 1205 4285 eis
1226 4228 1385 4298 juxta
1412 4230 1561 4284 vires
1580 4230 1866 4299 praeberet,
1896 4244 1960 4285 ac

369 4321 728 4391 eleemosynae
755 4321 925 4390 patris
971 4321 1055 4375 sui
1084 4320 1338 4375 affectum
1382 4321 1626 4385 haberet,
1662 4320 1819 4391 petiit
1851 4320 1960 4375 θοι*

370 4412 595 4469 situdiui
635 4421 838 4467 nostra:
876 4420 936 4467 ut
963 4413 1107 4483 ipsos
1144 4414 1439 4467 monachos
1474 4429 1579 4467 una
1615 4429 1738 4468 cum
1765 4414 1959 4467 abbate

2123 3232 2350 3302 Signum
2381 3230 2645 3286 Ludovici
2681 3232 3016 3287 serenissimi
3056 3233 3426 3301 imperatoris.

2122 3333 2148 3361 ι
2204 3322 2339 3376 Data
2389 3338 2503 3376 xvn
2552 3321 2671 3376 Kal.
2706 3322 2958 3393 Augusti,
2997 3338 3162 3388 anno,
3192 3322 3415 3378 Christo
3459 3321 3636 3393 propi-

2052 3411 2148 3475 tio,
2177 3409 2211 3464 4
2238 3411 2452 3481 imperii
2485 3412 2668 3467 doniui
2709 3411 2968 3469 Ludovici
3009 3413 3244 3483 piissimi
3272 3412 3528 3484 Augusti,
3558 3413 3636 3468 in-

2054 3500 2290 3554 dictione
2342 3500 2428 3554 lO.
2476 3500 2674 3555 Actum
2699 3501 3027 3575 Aquisgrani
3054 3503 3258 3573 palatio
3283 3504 3439 3576 regio
3467 3504 3523 3561 in
3547 3503 3635 3558 Dei

2054 3591 2273 3645 nomine
2295 3588 2546 3645 feliciter.
2575 3589 2774 3644 Amen.

2753 3680 2959 3739 LXVII.

2379 3789 2480 3829 PRO
2519 3790 2858 3832 NONASTERIO
2887 3791 3325 3833 SOLEINImSI.

2681 3866 2854 3938 (Anno
2882 3865 3031 3936 817.)

2056 3957 2235 4031 [Apud
2254 3956 2473 4026 Balnz.,
2494 3957 2750 4028 Capitul.,
2775 3965 2907 4012 tom.
2932 3956 2999 4022 ll,
3019 3973 3143 4029 pag.
3172 3956 3329 4021 ιιιι,
3352 3973 3422 4013 ex
3443 3954 3648 4014 schedis

2646 4045 2698 4101 ι.
2732 4046 3060 4119 Sirmundi.]

2129 4141 2186 4196 ln
2214 4141 2433 4195 nomine
2472 4140 2687 4195 Domini
2734 4138 2832 4195 Dei
2870 4147 2926 4194 et
2973 4139 3272 4196 Salvatoris
3313 4140 3489 4197 nostri
3528 4138 3649 4195 Iesu

2058 4229 2281 4294 Christi,
2331 4230 2661 4295 Ludovicus,
2713 4230 2895 4284 divina
2948 4231 3235 4287 ordinante
3285 4232 3646 4301 providentia.

2061 4320 2355 4390 imperator
2376 4320 2673 4390 Augustus.

2132 4410 2268 4466 Cum
2297 4411 2428 4466 locis
2458 4412 2639 4467 divino
2668 4412 2837 4468 cultui
2878 4413 3204 4482 mancipatis
3228 4414 3299 4468 ob
3325 4413 3527 4469 divinae
3548 4429 3653 4471 $81"

374 4502 588 4559 illorum
622 4501 877 4567 Bonaldo,
910 4517 1033 4558 cum
1063 4503 1132 4558 iis
1173 4504 1333 4558 rebus
1363 4516 1484 4573 qum
1512 4505 1578 4559 ad
1615 4503 1862 4559 eumdem
1889 4505 1961 4558 lo~
1986 4484 2037 4543 Ῑ)
2064 4503 2250 4557 vitutis
2276 4519 2517 4558 amorem
2547 4519 2703 4573 opem
2747 4520 3041 4576 congruam
3079 4504 3323 4570 ferimus,
3354 4516 3414 4563 et
3447 4509 3651 4578 regium

376 4611 498 4651 cum
525 4611 592 4650 ex
612 4594 738 4664 jure
763 4593 877 4649 ﬁsci
908 4596 1274 4664 pertinebant,
1301 4597 1615 4667 plenissime
1650 4598 1749 4652 sub
1774 4607 1958 4652 nostra

374 4685 693 4741 defensione
720 4685 1126 4753 acciperemus;
1159 4695 1427 4757 quatenus
1463 4690 1515 4743 in
1554 4697 1740 4743 nostra
1769 4689 1855 4744 vel
1900 4688 1963 4744 il-

376 4774 482 4831 lius
499 4775 845 4845 eleemosyna
868 4775 1123 4845 deinceps
1144 4776 1324 4845 quiete
1346 4778 1613 4843 viverent,
1637 4787 1693 4834 et
1718 4780 1965 4849 proposi-

380 4874 493 4921 tum
518 4882 677 4922 suum
702 4865 1109 4937 infatigabiliter
1151 4867 1519 4923 observarent.
1552 4870 1716 4939 Cujus
1742 4871 1963 4942 petitio-

380 4972 526 5026 nem,
548 4958 674 5028 quia
693 4956 897 5026 justam
926 4966 982 5013 et
1001 4960 1114 5013 Deo
1135 4958 1423 5013 amabilem
1444 4975 1564 5015 esse
1586 4962 1956 5031 cognovimus,

381 5048 616 5106 libenter
674 5048 982 5113 annuimus,
1031 5056 1087 5103 et
1125 5049 1273 5119 ipsos
1306 5052 1622 5117 monachos,
1669 5068 1791 5108 cum
1840 5053 1962 5109 loco

381 5143 643 5215 pradicto
682 5151 739 5199 et
772 5142 935 5197 rebus
977 5141 1154 5197 eidem
1199 5141 1345 5211 juste
1397 5144 1807 5213 aSpicientibus,
1863 5145 1964 5201 sub

384 5243 572 5292 nostra
599 5234 912 5306 plenissima
935 5233 1247 5290 defensione
1271 5231 1589 5305 recepimu's,
1617 5244 1671 5312 et
1696 5244 1755 5291 ut
1774 5238 1963 5294 eodem

386 5322 444 5381 in
471 5324 594 5382 loco
611 5325 780 5396 quieti
799 5323 996 5380 abhinc
1023 5325 1400 5390 consisterent,
1423 5341 1490 5381 ex
1512 5335 1696 5382 nostra
1717 5328 1967 5401 largitate

2064 4609 2270 4649 morem
2298 4594 2557 4649 decenter
2600 4595 2909 4665 implemus,
2938 4596 2991 4650 id
3020 4597 3176 4653 nobis
3199 4595 3551 4666 profuturum
3587 4596 3650 4652 ad

2063 4694 2282 4740 aeterna:
2333 4688 2792 4742 remunerationis
2840 4688 3062 4759 praemia
3118 4688 3454 4758 capessenda
3505 4704 3654 4745 vera-

2064 4776 2205 4830 citer
2229 4776 2520 4832 credimus.
2573 4777 2770 4832 Notum
2814 4779 2981 4850 igitur
3015 4793 3140 4835 esse
3167 4778 3423 4834 volumus
3447 4780 3654 4835 cunctis

2068 4868 2315 4924 ﬁdelibus
2344 4870 2545 4925 nostris
2596 4879 2705 4925 tam
2752 4872 3109 4941 praesentibus
3153 4887 3319 4942 quam
3347 4881 3404 4929 et
3438 4871 3649 4933 futuris.

2070 4977 2164 5017 seu
2192 4963 2356 5017 etiam
2382 4964 2787 5019 successoribus
2813 4964 3016 5020 nostris
3038 4963 3289 5019 ﬁdelibus
3329 4962 3652 5020 διηριεηῦρὶ

2070 5052 2346 5118 Ecclesia,
2392 5054 2518 5124 quia
2563 5054 2749 5109 adiens
2797 5055 3145 5110 serenitatem
3183 5053 3441 5110 culminis
3487 5057 3653 5111 nostri

2070 5143 2398 5199 venerabilis
2430 5143 2516 5198 vir
2542 5143 2809 5212 Agiulfus,
2838 5146 3006 5200 abbas
3041 5158 3109 5199 ex
3136 5146 3476 5200 monasterio
3517 5143 3653 5215 quoi

2072 5234 2272 5292 dicitur
2300 5235 2697 5303 Solemniacus,
2729 5239 2874 5309 quod
2902 5246 3127 5294 sanctus
3149 5237 3356 5306 Eligius
3380 5237 3437 5292 in
3454 5237 3655 5293 honore

2076 5329 2250 5385 sancti
2297 5328 2445 5385 Petri
2490 5339 2543 5385 et
2593 5340 2916 5386 cancrorum
2962 5340 3275 5387 sanctorum
3331 5328 3649 5386 construxit.

388 5430 486 5487 per
502 5424 744 5473 nostram
774 5417 1152 5472 auctoritatem
1180 5416 1564 5471 concessimus.
1590 5415 1970 5487 Praecipientes
2075 5430 2293 5489 gestans
2322 5422 2376 5477 in
2416 5422 2666 5477 manibus
2705 5423 3102 5477 immunitatem
3126 5422 3211 5476 avi
3246 5422 3417 5477 nostri
3450 5416 3651 5490 Pippini

388 5521 522 5579 ergo
542 5507 799 5579 iubemus
827 5515 890 5562 ut
905 5507 1085 5562 nullus
1105 5506 1330 5578 quilibet
1362 5504 1601 5562 ﬁdelium
1633 5518 1966 5575 nostrorum,

2077 5511 2240 5582 regis,
2271 5527 2480 5567 necnon
2507 5513 2691 5568 domui
2715 5520 2771 5568 et
2795 5512 3057 5584 genitoris
3082 5513 3254 5566 nostri
3286 5509 3471 5567 Caroli
3504 5510 3653 5566 bona:

465 5636 569 5711 {In
602 5638 816 5711 schedis
855 5639 1033 5711 domui
1056 5638 1360 5707 Esticnuot,
1391 5638 1481 5694 ubi
1507 5639 1609 5695 hoc
1637 5648 1963 5711 praeceptum
2002 5642 2285 5710 recitatur,
2320 5644 2407 5699 hic
2450 5643 2667 5700 additur
2696 5660 2712 5700 :
2746 5643 3029 5699 Durandus
3058 5643 3314 5699 diaconus
3373 5642 3444 5698 ad
3498 5641 3647 5697 vicem

398 5705 714 5761 Helisachar
737 5710 1046 5778 recoynovil.
