3996 6178
472 259 607 332 ίυω

1602 249 1923 307 LUDOVICI
1964 251 1981 304 l
2021 249 2492 309 COCNOMENTO
2531 251 2616 308 Pll

3565 259 3582 312 Ι
3592 261 3674 315 {:63

460 368 673 441 imperii
718 368 900 422 domui
929 366 1185 422 Ludovici
1214 363 1442 432 piissimi
1467 363 1714 433 Augusti,
1746 364 2039 418 indictione
2070 367 2119 426 Α
2147 364 2326 420 nullus
2363 364 2532 433 judex
2581 366 2850 435 publicus,
2893 376 2987 421 aut
3028 367 3249 437 quilibet
3293 371 3564 440 superioris
3604 386 3680 430 aut

461 461 691 517 decima.
749 460 942 514 Actum
990 456 1315 528 Aquisgrani
1389 455 1588 525 palatio
1636 457 1784 525 regio
1833 456 1885 509 in
1945 456 2042 509 Dei

460 553 681 608 nomine
709 550 954 605 feliciter.
993 549 1184 605 Amen.
1221 545 1375 620 (Cum
1401 546 1574 617 sigillo
1601 549 1790 616 cerea.)

1153 635 1344 693 LXIX.

697 751 796 792 PRO
836 749 1131 791 TURONENSI
1172 749 1219 789 S.
1262 749 1487 788 IARTINI
1527 748 1798 790 ECCLESIA.

1060 825 1244 895 (Αηηο
1289 825 1440 893 8-17.)

458 917 634 992 [Apud
684 917 931 982 Martem,
966 915 1214 985 Ampliss.
1256 911 1500 979 Collect.,
1554 923 1685 968 tom.
1716 912 1766 978 Ι,
1797 927 1920 985 pag.
1952 909 2042 977 63,

867 1023 934 1062 ex
961 1007 1256 1082 chartario
1284 1004 1343 1060 S.
1373 1003 1640 1076 Martini.]

527 1100 586 1154 ln
630 1099 848 1153 nomine
874 1097 1090 1152 Domini
1121 1097 1216 1150 Dei
1265 1104 1320 1151 et
1351 1094 1651 1150 Salvatoris
1698 1095 1867 1149 nostri
1913 1101 2045 1161 Jesu

455 1193 680 1257 Christi,
708 1192 1015 1247 Ludovicus
1038 1190 1224 1246 divina
1251 1189 1543 1244 ordinante
1568 1187 1908 1258 providentia
1939 1187 2043 1241 im-

456 1293 673 1352 peratur
708 1284 1009 1354 Augustus.

529 1376 586 1432 Si
631 1377 978 1448 petitionibus
1013 1387 1296 1429 servorum
1325 1371 1421 1426 Dei
1467 1385 1566 1440 pro
1597 1370 1927 1439 quibuslibet
1955 1384 2046 1425 ec-

455 1467 778 1524 clesiasticis
814 1464 1234 1521 necessitatibus
1262 1475 1424 1516 aures
1463 1467 1684 1517 nostras
1710 1458 2044 1528 pulsantium

455 1559 688 1614 libenter
731 1557 1041 1619 annuimus,
1071 1563 1128 1608 et
1175 1553 1244 1606 ad
1269 1551 1467 1606 divina:
1505 1551 1764 1621 potentia:
1809 1549 1860 1603 in
1909 1548 2044 1602 locis

454 1650 568 1705 Deo
595 1649 790 1705 dicatis
827 1646 1050 1702 uberius
1083 1643 1452 1698 famulandum
1499 1641 1758 1695 auxilium
1805 1639 2041 1710 porrigi-

2149 457 2420 510 infcrioris
2456 456 2663 512 ordinis
2709 458 2786 512 rei
2816 458 3045 527 publicze
3077 470 3402 528 procurator,
3431 464 3493 517 ad
3518 481 3681 521 causas

2142 544 2430 612 judiciario
2470 562 2622 601 more
2661 549 2980 614 audiendas,
3021 551 3075 603 in
3107 551 3371 614 ecclesias,
3411 564 3498 608 aut
3528 556 3684 622 villas,

2147 653 2240 691 seu
2290 637 2528 707 reliquas
2572 641 2968 710 possessiones,
3014 659 3150 712 quas
3189 645 3436 701 moderno
3473 657 3688 718 tempore

2149 727 2202 780 in
2233 728 2564 796 quibuslibet
2605 731 2899 799 provinciis
2932 741 3026 787 aut
3063 735 3351 790 territoriis
3389 738 3579 808 imperii
3607 757 3690 793 no-

2145 819 2246 872 stri
2282 815 2429 885 juste
2477 826 2533 873 et
2583 818 2832 888 legaliter
2881 830 3048 888 tenet,
3095 825 3178 878 vel
3224 826 3470 896 deinceps
3504 829 3552 881 in
3583 829 3688 899 jure

2148 907 2317 976 ipsius
2356 910 2673 964 monasterii
2705 910 2887 965 divina
2925 913 3102 982 pietas
3129 915 3357 970 voluerit
3393 920 3582 988 augeri,
3618 921 3687 973 in-

2147 1000 2298 1070 gredi
2342 1011 2669 1070 pressumat,
2709 1018 2810 1058 nec
2849 1003 3022 1072 freda,
3064 1015 3159 1062 aut
3196 1009 3416 1074 tributa,
3451 1021 3535 1066 aut
3565 1031 3688 1069 man-

2149 1093 2355 1158 siones,
2389 1101 2483 1148 aut
2520 1102 2725 1163 pastus,
2760 1102 2854 1149 aut
2885 1096 3166 1163 telonium,
3197 1100 3336 1154 sicut
3377 1103 3427 1155 in
3459 1114 3688 1172 pracepto

2147 1185 2330 1240 domui
2361 1187 2625 1257 genitoris
2657 1189 2830 1242 nostri
2858 1190 3190 1255 continetur,
3219 1193 3451 1263 exigere,
3481 1203 3566 1248 aut
3585 1196 3688 1249 ﬁde-

2144 1273 2386 1346 iussores
2429 1277 2652 1341 tollere,
2691 1286 2786 1332 aut
2823 1279 3074 1334 homines
3115 1289 3224 1335 tam
3271 1283 3519 1353 ingenuos
3557 1301 3688 1354 quam

2150 1382 2338 1421 servos
2368 1383 2528 1438 super
2557 1377 2757 1421 terram
2785 1369 2957 1438 ipsius
2982 1373 3300 1425 monasterii
3329 1384 3688 1429 commancntrs

2148 1455 2493 1528 distringere,
2529 1473 2632 1512 nec
2658 1457 2795 1512 ullas
2819 1459 3065 1528 publicas
3099 1460 3403 1518 functiones
3426 1471 3513 1517 aut
3538 1465 3688 1518 redhi-

2146 1549 2413 1614 bitiones,
2453 1549 2538 1604 vel
2576 1549 2791 1606 illicitas
2825 1553 3142 1608 occasiones
3188 1555 3488 1622 requirere,
3529 1555 3687 1624 quibus

2149 1641 2290 1696 idem
2327 1641 2721 1696 monasterium
2763 1641 2975 1711 sibique
3015 1643 3245 1712 subjecti
3285 1645 3491 1714 aliquod
3527 1647 3690 1714 injuste

456 1755 601 1804 mus,
641 1739 696 1794 id
733 1739 890 1793 nobis
925 1736 1116 1806 procul
1155 1735 1321 1790 dubio
1363 1742 1418 1790 et
1457 1734 1525 1788 ad
1555 1733 1840 1788 mortalem
1873 1734 2041 1786 vitam
2071 1740 2117 1799 Β
2146 1733 2423 1803 patiantur
2464 1732 2886 1799 incommodum,
2933 1735 3135 1790 nostris
3189 1737 3482 1808 futurisque
3521 1749 3688 1809 tempu-

457 1827 830 1897 temporaliter
868 1824 1261 1889 deducendam,
1307 1831 1364 1877 et
1411 1823 1481 1876 ad
1527 1821 1765 1876 futuram
1814 1821 2044 1876 feliciter

454 1919 826 1984 obtinendam,
857 1917 1202 1972 commodum
1229 1915 1521 1986 provenire
1550 1915 1894 1970 conﬁdimus.
1927 1914 2040 1969 No-

458 2018 569 2064 tum
617 2009 782 2080 igitur
823 2022 944 2064 esse
983 2007 1232 2062 volumus
1278 2007 1490 2062 cunctis
1529 2005 1775 2061 ﬁdelibus
1821 2007 2039 2071 nostris,

453 2100 725 2170 episcopis
773 2097 1044 2162 videlicet,
1095 2097 1384 2152 abbatibus
1430 2097 1673 2166 virisque
1717 2095 2040 2162 illustribus,

453 2192 703 2258 ducibus,
723 2189 1034 2254 comitibus,
1057 2187 1392 2253 domesticis,
1420 2185 1775 2258 graﬁonibus,
1798 2186 2041 2252 vicariis,

453 2282 786 2339 centenariis
828 2293 1127 2349 eorumque
1167 2278 1497 2349 junioribus,
1546 2291 1649 2333 nee
1702 2291 1812 2332 non
1858 2277 2042 2332 missis

452 2371 657 2427 nostris
699 2383 799 2440 per
847 2369 1163 2422 universum
1202 2365 1490 2434 imperium
1535 2374 1786 2421 nostrum
1832 2364 2042 2418 discur-

450 2463 720 2528 rentibus,
755 2476 851 2517 seu
874 2460 1043 2515 etiam
1069 2459 1285 2514 sartoris
1306 2457 1556 2512 ﬁdelibus
1583 2466 1784 2512 sancta:
1808 2455 1904 2511 Dei
1932 2456 2038 2511 Ec-

451 2553 636 2610 clesiae
680 2553 989 2622 nostrisque
1035 2549 1392 2622 prasentibus
1455 2550 1666 2606 scilicet
1710 2557 1765 2604 et
1819 2548 2037 2615 futuris,

453 2646 583 2716 quia
620 2645 759 2700 adiit
797 2645 1150 2701 serenitatem
1191 2643 1444 2700 culminis
1497 2644 1668 2698 nostri
1712 2643 2040 2700 venerabilis

455 2735 542 2792 vir
568 2735 882 2807 Fridegisus
910 2735 1049 2790 abba
1083 2750 1150 2790 ex
1182 2737 1516 2791 monasterio
1543 2736 1834 2806 peculiaris
1862 2737 2036 2792 nostri

456 2828 670 2889 patroni
704 2829 880 2884 sancti
911 2827 1150 2895 Martini,
1209 2828 1302 2884 ubi
1346 2827 1586 2896 ejusdem
1634 2829 2036 2898 praeclarissimi

450 2919 556 2974 viri
599 2919 911 2974 venerabile
958 2934 1157 2990 corpus
1196 2920 1512 2989 requiescit,
1561 2921 1741 2974 ferens
1789 2921 2040 2975 manibus

451 3008 821 3064 immunitates
847 3009 1152 3078 priscorum
1189 3025 1377 3082 regum
1407 3009 1762 3074 Francorum,
1805 3025 1904 3065 nec
1929 3026 2035 3065 non

2147 1823 2300 1878 ribus
2345 1824 2639 1893 quisquam
2691 1817 2813 1880 tam
2843 1827 3167 1883 temerarius
3207 1829 3420 1894 existat,
3459 1832 3583 1898 quod
3620 1830 3682 1882 fa-

2151 1912 2330 1969 ciendi
2370 1913 2614 1968 illicitam
2654 1913 2758 1969 sibi
2798 1922 3122 1985 potestatem
3178 1919 3470 1974 attribuere
3509 1921 3684 1974 audeat.

2147 2003 2418 2074 Quidquid
2445 2020 2576 2072 ergo
2602 2004 2671 2061 de
2692 2006 2936 2076 prmfatis
2962 2007 3208 2078 ejusdem
3238 2012 3532 2066 monasterii
3556 2012 3684 2067 rebus

2146 2095 2202 2150 in
2227 2093 2316 2164 jus
2346 2094 2462 2150 fisci
2493 2095 2794 2151 cedendum
2825 2096 2941 2161 fuit,
2977 2107 3031 2153 et
3066 2113 3097 2153 a
3127 2099 3500 2156 decessoribus
3523 2101 3685 2156 nostris

2145 2184 2511 2254 comperimus
2535 2185 2811 2251 collatum,
2841 2195 2895 2240 et
2921 2187 3227 2260 largitionis
3252 2205 3468 2246 munere
3494 2191 3688 2247 libenter

2144 2273 2398 2329 volumus
2425 2288 2546 2330 esse
2574 2288 2673 2346 per
2693 2275 3007 2332 universum
3037 2278 3220 2333 eidem
3246 2281 3558 2336 monasterio
3586 2295 3687 2334 con-

2145 2379 2382 2430 cessum,
2424 2373 2483 2418 ut
2519 2365 2572 2419 id
2611 2374 2821 2422 remoto
2862 2366 2976 2422 ﬁsci
3019 2368 3303 2424 dominatu
3345 2372 3408 2425 ad
3450 2371 3685 2426 luminaria

2144 2453 2383 2509 basilica:
2424 2452 2482 2508 S.
2511 2453 2726 2509 Martini
2762 2455 3163 2524 concinnanda,
3203 2467 3260 2512 et
3294 2459 3360 2513 ad
3382 2460 3684 2514 sustentatio-

2146 2559 2269 2600 nem
2296 2559 2595 2615 pauperum
2625 2559 2720 2600 seu
2751 2559 2776 2587 ι
2804 2546 3128 2602 clericorum
3170 2549 3229 2604 in
3258 2551 3443 2605 eodem
3472 2550 3574 2604 loco
3598 2549 3683 2604 Do-

2144 2642 2293 2696 mino
2317 2641 2758 2705 deservientium,
2793 2643 2867 2697 sit
2889 2643 3348 2714 supplementum.
3403 2644 3456 2699 Si
3484 2644 3590 2716 quis
3611 2661 3686 2697 au-

2147 2740 2254 2787 tem
2290 2732 2345 2786 in
2383 2741 2591 2786 tantam
2621 2746 2973 2804 prorumpere
3015 2749 3185 2791 ausus
3225 2736 3386 2791 fuerit
3425 2736 3685 2796 audaciam,

2144 2831 2206 2876 ut
2237 2821 2398 2891 hujus
2435 2824 2693 2893 praecepti
2735 2825 2908 2879 nostri
2941 2824 3181 2881 violator
3221 2829 3503 2892 exstiterit,
3533 2842 3686 2896 quem-

2144 2915 2441 2969 admodum
2480 2915 2536 2969 in
2567 2917 2931 2986 praeceptione
2971 2917 3155 2972 domui
3199 2927 3254 2975 et
3279 2920 3522 2991 genitoris
3547 2917 3686 2972 nostri

2143 3004 2474 3070 continetur,
2512 3021 2619 3061 non
2660 3005 2836 3060 solum
2881 3007 2935 3061 in
2973 3006 3244 3062 offensam
3286 3019 3510 3063 nostram
3541 3007 3684 3074 lapsu-

454 3099 542 3154 avi
588 3099 758 3156 nostri
801 3099 1015 3170 Pippini
1061 3100 1334 3169 quondam
1374 3100 1541 3170 regis,
1587 3116 1683 3155 seu
1727 3101 1891 3155 etiam
1935 3101 2038 3172 piae
2065 3095 2110 3157 C
2143 3112 2287 3161 rum,
2326 3113 2515 3152 verum
2555 3097 2721 3152 etiam
2761 3106 3148 3154 sescentorum
3195 3100 3478 3155 solidorum
3505 3097 3603 3151 auri
3629 3096 3684 3149 ad

453 3188 845 3244 recordationis
887 3189 1068 3244 domui
1123 3199 1178 3246 et
1219 3191 1480 3258 genitoris
1526 3192 1695 3246 nostri
1721 3191 1904 3248 Caroli
1953 3209 2038 3248 se-

453 3278 722 3333 renissimi
769 3279 1151 3349 imperatoris,
1205 3282 1406 3350 quibus
1453 3282 1597 3337 idem
1646 3285 2037 3340 monasterium

450 3369 632 3438 quiete
658 3370 714 3424 in
743 3370 838 3425 Dei
867 3371 1091 3426 servitio
1139 3387 1363 3427 manere
1410 3382 1731 3439 sanxerunt,
1761 3385 1817 3430 et
1845 3391 2036 3433 omnes

451 3474 541 3516 res
589 3459 800 3530 praefati
846 3461 1161 3517 monasterii
1212 3462 1267 3516 in
1314 3463 1596 3529 universo,
1652 3464 1869 3520 Christo
1930 3465 2040 3520 lar-

450 3550 666 3621 giente,
731 3566 898 3623 regno
951 3567 1071 3619 suo,
1121 3553 1177 3608 in
1223 3552 1443 3607 Austria
1495 3553 1725 3621 scilicet,
1761 3554 2034 3624 Neustria,

452 3639 784 3712 Burgundia,
811 3641 1128 3712 Aquitania,
1159 3641 1467 3709 Provincia,
1495 3643 1672 3712 Italia,
1705 3655 1760 3700 et
1789 3647 1841 3701 in
1872 3656 2036 3703 caete-

451 3731 527 3787 ris
564 3733 714 3802 regni
742 3733 828 3789 sui
862 3734 1107 3804 partibus
1149 3738 1531 3804 consistentes,
1571 3753 1692 3809 quae
1724 3755 1829 3795 non
1859 3742 2034 3797 solum

450 3822 519 3877 ab
552 3824 868 3881 orthodoxis
905 3828 1263 3900 principibus,
1304 3847 1494 3887 verum
1532 3835 1696 3888 etiam
1743 3850 1774 3890 a
1821 3838 2034 3893 caeteris

450 3913 698 3973 ﬁdelibus
716 3917 944 3984 collata,
965 3919 1049 3974 vel
1075 3935 1173 3991 per
1191 3922 1464 3992 quoslibet
1490 3933 1806 3981 contractus
1835 3935 1890 3982 et
1915 3944 2033 3983 mu-

452 4003 658 4060 nimina
689 4007 1005 4063 chartarum
1037 4009 1090 4064 in
1125 4009 1217 4078 jus
1252 4010 1497 4080 ejusdem
1536 4013 1784 4083 legaliter
1823 4016 2034 4072 tradita:

449 4102 578 4149 sunt
617 4097 963 4163 monasterii,
1013 4098 1114 4153 sub
1159 4100 1517 4158 immunitatis
1561 4118 1674 4158 sua:
1719 4104 2033 4162 defensione

448 4183 769 4252 consistere,
800 4194 857 4242 et
887 4187 956 4242 ab
982 4189 1130 4242 omni
1160 4189 1374 4259 publica
1404 4190 1680 4248 functione
1719 4205 1769 4249 et
1794 4194 2029 4264 judicia—

449 4274 530 4329 ria
551 4276 834 4331 exactione
865 4278 1132 4334 immunes
1157 4278 1465 4350 liberasque
1493 4283 1861 4350 tradidissent,
1887 4285 2031 4355 quod

449 4378 645 4418 munus
671 4360 848 4420 eidem
871 4371 1205 4426 monasterio
1240 4371 1565 4440 exbibitum,
1593 4374 1704 4430 Deo
1732 4386 2028 4444 annuente,

2139 3203 2338 3259 purum
2374 3189 2584 3244 excocti
2628 3203 2688 3244 se
2721 3189 2938 3244 noverit
2969 3203 3133 3259 paena
3175 3191 3545 3255 mulctandmn,
3570 3187 3686 3242 uado

2138 3282 2272 3337 duas
2306 3290 2492 3352 partes
2531 3291 2772 3337 rectores
2810 3283 3096 3338 memorati
3135 3285 3470 3346 monasterii,
3501 3282 3679 3337 tertiam

2138 3385 2268 3426 vero
2301 3369 2390 3440 jus
2427 3371 2544 3426 ﬁsci
2587 3370 2830 3440 recipiat.
2873 3372 3104 3443 Dignum
3143 3387 3384 3446 namque
3415 3374 3682 3443 justumque

2137 3469 2221 3518 est
2265 3469 2324 3515 ut
2373 3469 2452 3516 tot
2494 3461 2708 3532 piorum
2752 3476 2941 3534 regum
2989 3464 3342 3521 decessor-um
3394 3473 3675 3522 nostrorum,

2138 3551 2419 3621 nostrique
2459 3553 2716 3621 prazcepti
2757 3552 2992 3608 violator
3031 3553 3345 3623 huiusmodi
3394 3555 3562 3610 subeat
3593 3565 3683 3622 pm-

2138 3659 2286 3708 nam,
2313 3652 2373 3697 ut
2399 3651 2453 3697 et
2483 3658 2542 3698 se
2571 3652 2738 3699 tantae
2773 3645 3098 3700 temeritatis
3125 3647 3332 3702 merito
3356 3645 3499 3717 argui
3525 3655 3680 3711 cogno-

2136 3743 2275 3800 scat,
2299 3743 2355 3788 et
2375 3734 2588 3789 cteteris
2615 3749 2683 3789 ne
2707 3733 2759 3789 id
2784 3749 2947 3806 agere
2970 3736 3218 3804 quolibet
3239 3753 3372 3792 ausu
3397 3738 3679 3806 pertentent.

2136 3829 2386 3890 timorem
2418 3829 2680 3895 incutiat;
2709 3838 2770 3885 ut
2789 3829 2968 3885 nullus
2994 3829 3210 3886 scilicet
3240 3830 3492 3887 beneﬁcia
3517 3822 3677 3896 regalia

2135 3920 2272 3976 locis
2300 3921 2410 3976 Deo
2445 3921 2642 3976 dicatis
2683 3930 3008 3977 veneranter
3047 3923 3298 3979 exhibita
3339 3931 3580 3978 temerare
3609 3928 3680 3970 co-

2135 4018 2313 4065 netur.
2355 4010 2618 4067 Volumus
2653 4012 2838 4082 itaque
2879 4020 3044 4082 atque
3080 4027 3374 4069 censemus
3406 4021 3482 4075 ut,
3512 4013 3678 4063 remota

2134 4101 2300 4155 totius
2336 4099 2643 4170 judiciaria:
2681 4103 2965 4171 potestatis
3005 4103 3406 4173 inquietudine,
3430 4101 3590 4172 quieto
3611 4111 3678 4149 or-

2133 4191 2260 4248 dine
2290 4202 2624 4250 memoratus
2651 4192 2789 4249 abba
2823 4196 3015 4266 suique
3043 4212 3394 4253 successores
3420 4209 3499 4250 res
3522 4187 3676 4262 pradi-

2133 4285 2208 4338 cti
2234 4284 2575 4350 monasterii,
2607 4299 2731 4339 eum
2758 4286 3011 4341 omnibus
3039 4286 3140 4340 sibi
3177 4285 3434 4354 subjectis
3457 4281 3532 4337 vel
3554 4277 3609 4332 ad
3633 4287 3678 4328 se

2134 4376 2524 4444 aspicientibus
2562 4390 2655 4430 seu
2697 4376 3094 4445 pertinentibus
3134 4376 3447 4432 hominibus
3477 4371 3568 4426 sub
3597 4368 3673 4420 im-

447 4453 827 4510 iuviolabiliter
877 4457 1138 4515 hactenus
1183 4472 1400 4519 constat
1447 4481 1567 4522 esse
1619 4443 2022 4524 conservatum.
2052 4443 2107 4502 D
2134 4443 2415 4521 munitatis
2450 4473 2612 4536 atque
2640 4443 2995 4536 protectionis
3023 4475 3229 4521 nostrae
3255 4464 3551 4522 defensione
3575 4471 3674 4513 con-

445 4543 550 4598 Pro
577 4545 851 4603 ﬁrmitatis
897 4559 1097 4606 nostra:
1147 4568 1383 4624 namque
1432 4559 1668 4613 studium
1716 4561 2027 4632 hujusmodi

444 4635 767 4690 beneficium
806 4653 933 4708 erga
962 4641 1245 4709 praefatum
1290 4649 1597 4704 venerabile
1635 4637 2023 4710 monasterium

446 4734 631 4780 nostra
677 4728 1001 4784 auctoritate
1034 4729 1313 4788 humiliter
1347 4737 1600 4804 precibus
1638 4740 1834 4809 quibus
1861 4744 2028 4800 valuit

442 4814 560 4869 ﬁeri
600 4817 911 4885 postulavit.
945 4818 1110 4887 Cujus
1152 4823 1424 4891 petitioni,
1462 4827 1530 4881 ob
1561 4843 1801 4885 amorem
1844 4831 1938 4888 Dei
1970 4842 2026 4888 et

443 4903 841 4958 venerationem
884 4907 1181 4964 beatissimi
1212 4911 1451 4980 Martini,
1481 4915 1713 4974 libenter
1742 4937 2021 4977 assensum

439 4993 686 5062 prmbere
723 4996 880 5051 nobis
919 5013 1304 5070 usquequaque
1342 5003 1517 5060 libuit.
1556 5009 1893 5081 Quapropter
1927 5029 2020 5068 vo-

442 5086 618 5144 lumus
648 5098 811 5160 atque
840 5091 1181 5148 decernimus
1220 5104 1276 5148 ut
1308 5113 1498 5153 omnes
1527 5115 1614 5154 res
1639 5100 1876 5168 ejusdem
1908 5123 2021 5163 mo-

441 5181 682 5246 nasterii,
717 5198 839 5237 cum
879 5184 1188 5241 hominibus
1227 5188 1330 5242 sibi
1370 5190 1652 5259 subjectis,
1694 5194 1794 5247 sub
1824 5208 2023 5252 nostras

441 5267 772 5327 defensionis
817 5275 1113 5331 munimine
1169 5278 1346 5332 modis
1388 5281 1641 5336 omnibus
1696 5284 2020 5341 consistant.

439 5355 824 5434 Praecipientes
868 5380 998 5440 ergo
1046 5369 1300 5441 jubemus
1352 5379 1516 5444 atque
1570 5375 1915 5445 prarcipimus
1965 5389 2025 5434 ut

442 5543 455 5556 .
513 5488 537 5516 ι
577 5477 654 5532 Ex
683 5480 787 5558 boc
817 5481 934 5538 loco
959 5493 1106 5551 patet
1133 5487 1424 5558 monachos
1452 5487 1510 5543 S.
1532 5488 1744 5544 Martini
1765 5489 1876 5558 jam
1910 5499 2022 5546 tum

439 5551 495 5630 in
525 5551 812 5630 canonicos
839 5568 1134 5630 conversos
1157 5556 1322 5611 fuisse
1348 5573 1469 5611 cum
1499 5560 1731 5630 diploma
1764 5551 1904 5616 istud
1928 5563 2024 5616 da-

440 5629 555 5699 tum
587 5628 696 5699 est.
727 5622 1062 5699 “Et-quidem
1103 5636 1278 5699 togam
1330 5622 1684 5684 monasticam
1733 5633 2022 5688 retinuisse

441 5691 556 5738 toto
583 5686 762 5742 Caroli
791 5686 963 5762 Ma'gai
995 5686 1300 5765 principatu
1329 5709 1509 5754 censet
1539 5699 1910 5770 Mabillonius;
1958 5686 2024 5758 eo

2132 4563 2350 4628 sistant,
2382 4570 2676 4632 nostroque
2703 4561 2934 4617 ﬁdeliter
2961 4571 3224 4630 parentes
3260 4560 3481 4630 imperio
3505 4570 3588 4627 pro
3611 4552 3673 4604 in-

2131 4655 2445 4711 columitate
2479 4665 2681 4710 nostra:
2719 4653 2966 4724 conjugis
2996 4663 3051 4708 et
3088 4653 3280 4725 prolis,
3311 4668 3402 4707 seu
3437 4650 3582 4705 etiam
3607 4651 3671 4695 to.

2129 4748 2239 4802 tius
2269 4746 2482 4817 imperii
2518 4761 2548 4801 a
2579 4746 2691 4802 Deo
2721 4746 2880 4802 nobis
2907 4745 3112 4810 collati,
3145 4745 3373 4816 ejusque
3410 4736 3668 4814 gratissima

2130 4837 2480 4893 miseratione
2524 4845 2786 4907 perpetuo
2825 4837 3206 4900 conservandi,
3253 4850 3359 4890 una
3403 4846 3516 4888 cum
3555 4825 3672 4880 clero

2128 4928 2232 4982 sibi
2281 4927 2594 4992 commisso,
2626 4927 2722 4984 Dei
2769 4927 3093 4984 immensam
3141 4926 3475 4982 clementiam
3508 4916 3671 4989 jngltcr

2129 5024 2376 5073 exorent.
2421 5016 2478 5072 Si
2522 5018 2653 5088 quid
2688 5034 2818 5072 vero
2856 5020 2922 5074 de
2960 5019 3169 5089 praefati
3203 5015 3507 5073 monasterii
3541 5009 3669 5064 rebus

2126 5126 2225 5181 per
2261 5109 2600 5180 tepiditatem
2641 5118 2694 5162 et
2730 5110 3113 5179 negligentiam
3157 5110 3410 5164 abbatum
3451 5113 3532 5159 aut
3559 5111 3668 5169 pne-

2127 5204 2485 5273 sumptionem
2512 5201 2754 5270 judieuin
2794 5203 2992 5273 injuste
3029 5202 3362 5258 abstractum
3390 5206 3486 5261 est,
3516 5193 3561 5246 id
3591 5200 3668 5258 IK"

2129 5292 2271 5347 banc
2313 5301 2556 5347 nostram
2599 5295 2977 5349 auctoritatem
3017 5309 3240 5366 prorsus
3295 5283 3662 5347 restaurandum

2127 5383 2484 5452 praecipimus.
2524 5383 2590 5437 Et
2622 5392 2680 5437 ut
2710 5384 2823 5440 haec
2857 5389 3154 5442 auctoritas
3199 5380 3562 5439 inviolabiliter
3587 5370 3664 5424 ob‘

2127 5495 2558 5566 veroddefuncto,
2599 5497 2783 5550 statim
2813 5512 2931 5551 eam
2962 5497 3245 5566 abjecisSe,
3278 5490 3551 5566 ﬁivcntein
3574 5480 3662 5566 pr}:

2093 5585 2098 5589 ί
2127 5565 2229 5636 mis
2255 5564 2540 5636 Fridugiso
2569 5568 2796 5628 abbate,
2833 5567 2923 5635 qui
2963 5561 3219 5636 laiiorcm
3253 5567 3410 5617 etiam
3449 5561 3588 5636 vitam
3616 5564 3657 5636 Ill

2128 5625 2506 5705 ScithiensivS.
2532 5637 2734 5691 Bertini
2761 5625 3111 5702 monasterio,
3139 5635 3223 5691 cui
3256 5640 3472 5705 premi
3499 5625 3652 5682 abbas.

2132 5704 2390 5763 inducere
2419 5711 2658 5768 tentavit.
