3996 6178
347 316 473 374 1069

1480 307 1869 367 ΙιξῐιωΜΛΤΛ
1909 306 2460 370 ECCLESIASTICA.

3462 316 3597 376 1070

345 431 506 487 tineat
528 424 782 481 eﬁ’ectum
811 430 867 479 et
900 438 930 477 a
960 422 1204 478 ﬁdelibus
1232 427 1433 477 sanctae
1455 420 1550 475 Dei
1580 403 1835 476 Ecclesia:
1860 428 1915 476 ct
1942 422 1991 482 Α
2018 430 2179 492 atque
2221 434 2412 479 secure
2455 422 2536 477 ire
2580 430 2635 478 et
2675 423 2870 488 redire,
2913 431 3074 494 prout
3121 423 3223 483 sibi
3252 432 3593 489 commodum

346 518 537 574 nostris
575 515 757 569 verius
796 513 1051 569 credatur
1087 528 1152 567 ac
1190 510 1501 583 diligentius
1539 519 1909 574 conservetur,

344 623 499 663 manu
524 606 745 677 propria
771 607 959 660 subter
980 603 1316 658 ﬁrmavimus
1335 610 1388 656 et
1418 600 1600 656 annuli
1622 601 1791 656 nostri
1823 602 1916 655 im-

341 697 617 769 pressione
651 696 851 766 signari
880 695 1163 764 jussimus.

408 786 636 856 Signum
661 782 919 840 Ludovici
949 783 1284 840 serenissimi
1314 783 1677 853 irnperatnris.

410 874 727 931 Helisachar
766 874 1101 946 recognovit.
1134 874 1271 929 Data
1305 887 1367 928 ιιι
1406 874 1524 928 Kal.
1555 873 1912 945 Septembris,

335 980 497 1031 anno,
542 966 762 1022 Christo
803 966 1057 1037 propitio,
1108 968 1143 1021 '5
1170 965 1381 1035 imperii
1422 965 1603 1022 domui
1658 964 1914 1023 Ludovici

333 1054 563 1127 piissimi
588 1054 838 1127 Augusti,
866 1055 1161 1110 indictione
1183 1054 1271 1109 i0.

402 1145 601 1199 Actum
624 1143 953 1215 Aquisgrani
978 1143 1181 1214 palatio
1206 1144 1357 1215 regio
1382 1144 1440 1199 in
1469 1143 1566 1200 Dei
1593 1144 1810 1200 nomine
1838 1143 1908 1199 fe-

330 1235 528 1289 liciter.
555 1233 751 1290 Amen.
1542 1246 1543 1249 ‘

1039 1323 1203 1381 LXX.

564 1431 668 1474 PRO
707 1432 755 1474 8-
791 1432 1023 1474 ιλιτιιιι
1063 1432 1358 1475 τυιιοιαιιει
1398 1433 1671 1474 ιςοειιεειλ.

933 1508 1110 1581 (Arma
1142 1508 1293 1582 sn.)

324 1620 503 1693 [Apud
530 1620 1510 1711 Ματιθιιη-ρᾲῃιξιιί’ςυέιεεῑηξᾳιιικι,
1556 1640 1679 1697 pag.
1722 1620 1811 1691 65,
1844 1640 1913 1681 ex
1952 1706 1955 1711 _

781 1692 1057 1749 chartario
1083 1692 1143 1749 S.
1176 1693 1438 1767 Martini.]

2018 521 2446 581 prospexerant,
2506 521 2560 566 et
2591 514 2660 568 ab
2692 513 2779 569 his
2817 514 2909 583 qui
2956 529 3071 569 rem
3114 518 3384 585 publicam
3427 522 3598 577 admi-

1999 602 2275 668 nistrant,
2308 617 2607 675 eorumque
2632 604 2940 673 junioribus
2974 605 3176 662 nullam
3213 611 3491 679 patiantur
3519 613 3592 669 in

2014 693 2473 749 commoditatem.
2504 694 2797 751 Teloncum
2827 709 2956 751 vero
3002 698 3146 766 quod
3173 699 3241 754 de
3285 704 3596 757 memoratis

2016 783 2275 839 vehiculis
2316 791 2372 840 et
2393 785 2683 842 bomnihus
2706 785 2829 856 jure
2857 785 2973 841 ﬁsci
2992 786 3135 857 exigi
3160 795 3392 859 poterat,
3420 792 3596 848 eidem

2017 884 2204 930 sancto
2234 875 2351 932 loco
2391 876 2749 932 libentissime
2772 914 2788 939 ,
2833 878 3287 948 quemadmodum
3334 889 3390 936 et
3430 882 3485 937 in
3513 897 3592 952 ge

2016 967 2212 1023 nitoris
2249 969 2421 1023 nostri
2463 969 2773 1024 continetur
2809 978 3103 1041 praecepto,
3136 971 3190 1026 in
3239 978 3429 1029 nostra
3470 989 3597 1030 con-

2016 1057 2280 1113 cessimus
2323 1058 2667 1130 eleemosyna
2695 1098 2712 1126 ,
2743 1066 3014 1128 quatenus
3042 1071 3405 1119 memoratum
3435 1065 3599 1121 abba-

2016 1154 2126 1202 tem
2173 1162 2411 1219 suosque
2455 1163 2801 1206 successores
2847 1164 2970 1205 cum
3008 1151 3154 1208 clero
3180 1154 3283 1209 sibi
3311 1157 3603 1213 commisso

2013 1250 2115 1306 pro
2143 1238 2298 1292 nobis
2322 1280 2337 1302 ,
2368 1238 2719 1311 eonjugeque,
2754 1240 3012 1312 proleque
3034 1281 3049 1307 ,
3079 1243 3403 1315 imperiique
3436 1249 3601 1304 stabi-

2016 1326 2188 1393 litate,
2218 1326 2420 1397 jugiter
2464 1327 2752 1384 Dominum
2791 1329 3074 1399 deprecari
3119 1332 3368 1389 delectet.
3422 1335 3490 1390 Et
3542 1345 3604 1391 ut

2017 1416 2132 1471 haec
2158 1417 2454 1473 auctoritas
2479 1418 2844 1475 inviolabilem
2883 1420 3129 1477 obtineat
3165 1422 3414 1481 eﬁ‘eetum
3438 1467 3455 1493 ,
3486 1437 3542 1484 et
3573 1444 3602 1483 a

2016 1506 2266 1565 ﬁdelibus
2310 1517 2511 1565 sancta:
2534 1508 2629 1565 Dei
2659 1509 2913 1567 Ecclesia:
2940 1520 2994 1568 et
3026 1515 3228 1570 nostris
3270 1518 3453 1574 verius
3488 1534 3604 1575 cre-

2015 1592 2216 1663 datur,
2271 1609 2326 1654 et
2373 1599 2689 1669 diligentius
2735 1615 3109 1671 conservetur,
3165 1621 3330 1663 manu
3378 1612 3602 1681 propria

2016 1688 2206 1743 subter
2242 1687 2595 1757 ﬁrmavimus,
2651 1698 2706 1745 et
2768 1692 2955 1748 annuli
3014 1695 3186 1751 nostri
3249 1697 3603 1768 impressione

392 1799 450 1857 ln
479 1804 700 1860 nomine
727 1801 944 1859 Domini
982 1802 1089 1858 Dei
1126 1812 1181 1859 et
1229 1803 1528 1862 Salvatoris
1560 1807 1729 1862 nostri
1783 1800 1912 1862 Jesu
1942 1768 1989 1829 Β
2015 1778 2216 1850 δίῧυπί
2253 1778 2530 1847 “555mm-

322 1890 569 1959 Christi,
620 1891 945 1961 Ludovicus,
989 1894 1179 1963 divina,
1211 1895 1500 1951 ordinante
1546 1896 1910 1967 providentia,

320 1985 626 2053 imperator
645 1984 940 2057 Augustus.
1910 1972 1915 1979 ’

390 2071 447 2127 Si
493 2089 629 2145 erga
668 2074 787 2130 loca
827 2075 1024 2131 divinis
1048 2075 1283 2133 cultibus
1310 2078 1618 2148 mancipata
1642 2077 1913 2149 imperiali

311 2177 467 2218 more
495 2164 767 2219 beneﬁcia
796 2173 1100 2236 opportuna
1126 2166 1408 2239 largimur,
1437 2167 1493 2224 id
1523 2168 1681 2224 nobis
1710 2166 1777 2224 ad
1803 2176 1914 2224 sta—

313 2254 592 2310 bilitatem
624 2255 837 2327 imperii
866 2258 1060 2322 nostri,
1088 2263 1145 2312 et
1177 2259 1245 2313 ad
1272 2259 1467 2314 animm
1515 2258 1746 2317 salutem
1780 2260 1916 2316 obti-

317 2347 561 2401 nendam
586 2386 601 2411 ,
644 2344 990 2416 profuturum
1041 2346 1267 2403 minime
1322 2347 1656 2403 dubitamus.
1714 2348 1914 2405 Notum

318 2440 395 2495 sit
426 2438 597 2509 igitur
622 2437 875 2494 omnibus
914 2434 1185 2510 episcopis
1208 2479 1224 2505 ,
1259 2439 1545 2495 abbatibus
1565 2476 1584 2507 ,
1643 2440 1870 2497 ducibus
1894 2480 1910 2508 ,

319 2529 643 2597 comitibus,
672 2527 911 2596 vinariis,
956 2529 1306 2597 centenariis,
1360 2527 1696 2598 toloncariis,
1747 2531 1916 2586 actio-

318 2621 518 2686 nariis,
558 2619 740 2676 missis
764 2620 966 2676 nostris
992 2635 1092 2693 per
1114 2620 1401 2691 imperium
1430 2628 1675 2677 nostrum
1702 2616 1929 2676 discur-'

320 2717 592 2781 rentibus,
608 2714 694 2771 vel
707 2715 959 2771 omnibus
979 2715 1366 2786 rempublicam
1384 2714 1910 2782 administrantibus,

318 2823 418 2863 seu
470 2808 637 2862 etiam
682 2807 895 2863 cazteris
940 2805 1190 2864 ﬁdelibus
1237 2815 1439 2863 sancta:
1480 2804 1577 2863 Dei
1611 2804 1868 2863 Ecclesiae
1895 2846 1910 2873 ,

321 2899 641 2970 nostrisque
676 2898 1036 2970 praesentibus
1087 2898 1296 2955 scilicet
1330 2906 1493 2968 atque
1538 2895 1757 2964 futuris,
1786 2897 1914 2968 quia

320 2990 525 3059 detulit
559 2990 716 3046 nobis
743 2989 1067 3046 venerabilis
1107 2990 1193 3046 vir
1233 2989 1549 3062 Fridugisus
1576 3031 1591 3057 ,
1641 2990 1810 3046 abbas
1847 3005 1915 3046 ex

320 3082 665 3137 monasterio
713 3078 773 3136 S.
832 3079 1051 3136 Martini
1096 3082 1281 3137 eximii
1328 3081 1653 3139 confessoris
1703 3081 1906 3139 Christi
1935 3115 1981 3179 Ο

319 3172 612 3243 nostrique
658 3173 897 3243 patroni,
943 3173 1036 3230 ubi
1080 3173 1388 3230 venerabile
1434 3173 1550 3244 ejus
1595 3191 1790 3246 corpus
1824 3190 1909 3231 re-

318 3249 579 3337 quiescit,
630 3272 956 3339 praeceptum
997 3267 1337 3322 auctoritatis
1365 3266 1546 3322 domni
1571 3274 1627 3323 et
1650 3267 1911 3339 genitoris

318 3356 501 3413 nostri
532 3357 634 3426 pim
661 3356 1052 3414 recOrdationis
1084 3354 1265 3412 Caroli
1296 3358 1630 3415 serenissimi
1653 3358 1906 3431 Augusti,

319 3447 377 3501 in
409 3438 523 3516 quo
543 3445 925 3502 continebatur
946 3447 1091 3517 quod
1124 3447 1192 3502 ad
1235 3462 1453 3519 precem
1481 3449 1783 3509 decessoris
1824 3450 1908 3516 sui

318 3535 559 3592 Wil’a‘rdi
587 3538 859 3607 quondam
900 3538 1133 3604 abbatis,
1163 3538 1305 3594 idem
1355 3540 1567 3610 genitor
1610 3548 1795 3597 noster
1838 3541 1908 3596 ob

317 3642 569 3684 amorem
617 3627 712 3682 Dei
749 3635 806 3683 et
843 3628 1247 3684 venerationem
1293 3627 1352 3682 S.
1406 3627 1641 3696 Martini,
1669 3645 1826 3686 carra
1854 3638 1911 3685 et

316 3718 686 3774 samnaticum
726 3717 1039 3773 hominibus
1091 3718 1179 3772 his
1218 3718 1488 3786 praelatis,
1537 3733 1656 3787 quae
1688 3726 1909 3789 propter

312 3810 620 3866 utilitatem
648 3817 702 3863 et
746 3807 1123 3863 necessitatem
1155 3808 1439 3863 memorati
1470 3808 1784 3867 monasterii
1810 3806 1910 3880 per

315 3904 574 3960 diversos
601 3898 752 3970 regni
777 3899 861 3953 sui
895 3907 1170 3954 mercatus
1210 3898 1562 3954 mittebantur
1590 3939 1603 3962 ,
1653 3900 1723 3955 ab
1759 3901 1908 3956 omni

314 3992 530 4050 teionio
561 3990 821 4046 immania
851 3998 907 4046 et
941 4004 1132 4046 secura
1174 4005 1295 4047 esse
1345 3990 1634 4046 sanxisset.
1684 3990 1790 4047 Pro
1830 3991 1909 4047 rei

315 4097 543 4155 quoque
575 4081 832 4138 ﬁrmitate
862 4088 1105 4137 nostram
1125 4080 1419 4151 postulavit
1446 4081 1819 4148 serenitatem,
1850 4089 1910 4136 ut

315 4189 535 4231 morem
574 4182 861 4244 paternum
889 4180 1197 4243 sequentes,
1240 4169 1547 4240 huiusmodi
1586 4172 1908 4228 beneﬁcium

315 4266 503 4321 eidem
554 4273 741 4320 sancto
794 4263 914 4319 loco
961 4263 1400 4320 concederemus.
1451 4260 1617 4331 Cujus
1660 4263 1907 4333 petitioni

314 4358 563 4414 libenter
583 4372 768 4415 aurem
800 4355 1339 4420 accommodavimus,
1374 4363 1431 4411 et
1454 4356 1560 4411 hoc
1575 4359 1906 4428 praeceptum

2088 1889 2311 1961 Signum
2352 1892 2610 1950 Ludovici
2642 1897 2973 1952 serenissimi
3003 1898 3367 1969 imperatoris.

2085 1980 2371 2038 Durandus
2424 1981 2687 2040 diaconus
2746 1986 2814 2040 ad
2876 1987 3052 2043 vicem
3108 1987 3386 2048 llelisacar
3451 2010 3602 2053 reco-

2012 2073 2214 2143 gnovit.

2085 2163 2221 2220 Data
2268 2182 2331 2222 ιιι
2386 2167 2654 2226 Kalendas
2716 2170 3094 2244 Septembris,
3154 2176 3447 2236 indictione
3491 2182 3559 2238 10
3587 2225 3602 2248 ,

2014 2269 2158 2312 anno
2179 2258 2214 2315 5
2238 2258 2451 2330 imperii
2473 2260 2659 2317 domni
2688 2262 2946 2320 Ludovici
2977 2266 3321 2336 imperatoris
3350 2268 3599 2342 Augusti.

2013 2345 2203 2401 Actum
2246 2344 2575 2420 Aquisgrani
2614 2351 2812 2421 palatio
2839 2353 2991 2424 regio
3016 2355 3070 2409 in
3096 2355 3190 2411 Dei
3221 2358 3443 2416 nomine
3482 2362 3601 2418 feli-

2011 2434 2171 2491 citer.
2200 2434 2396 2492 Amen.

2709 2554 2896 2612 LXXI.

2383 2677 2486 2722 1³Βο
2524 2681 2864 2725 ιιοιιλεηιιο
2903 2682 3249 2728 τοιιιλςειιει.

2625 2757 2800 2830 (Anno
2842 2755 2998 2831 sn.)

2018 2845 2916 3061 “ﬁt;
2944 2853 3313 2994 ἕξὲριὲἔιῗδέα
3323 2853 3599 2999 manu:

2139 3006 2154 3042 Ι
2238 3006 2273 3045 1.

2139 3006 2273 3045 nan.

2084 3079 2142 3134 In
2192 3083 2411 3138 nomine
2450 3082 2662 3140 Domini
2707 3085 2804 3143 Dei
2853 3085 3238 3147 ctSalvatoris
3260 3091 3435 3148 nostri
3472 3091 3604 3148 Iesu

2011 3166 2238 3240 Christi,
2272 3172 2603 3257 Ludovicus,
2656 3175 2839 3233 divina
2895 3178 3184 3236 ordinante
3228 3182 3596 3252 providentia,

2011 3260 2306 3332 imperator
2332 3262 2629 3337 Augustus.

2080 3351 2277 3409 Notum
2312 3355 2383 3410 sit
2421 3355 2663 3411 omnium
2703 3355 2940 3413 ﬁdelium
2980 3365 3290 3415 nostrorum
3321 3369 3432 3418 tam
3458 3378 3599 3435 prae-

2010 3442 2244 3498 sentium
2289 3460 2450 3515 quam
2494 3443 2803 3503 futurorum
2838 3442 3093 3516 solertize,
3130 3449 3257 3519 quia
3304 3452 3598 3521 postulavit

2009 3533 2168 3589 nobis
2208 3534 2295 3589 vir
2322 3536 2648 3592 venerabilis
2678 3535 3084 3593 Wendilmarus
3120 3538 3481 3598 Tornacensis
3508 3560 3602 3598 ura-

2007 3622 2093 3678 bis
2135 3624 2441 3695 episcopus,
2480 3635 2539 3681 ut
2586 3637 2765 3683 terras
2828 3629 3088 3699 quasdam
3137 3629 3253 3685 ﬁsci
3315 3633 3490 3689 nostri
3539 3635 3595 3690 in

2008 3712 2199 3767 eadem
2227 3715 2362 3769 urbe
2389 3717 2439 3770 ei
2469 3717 2521 3771 in
2562 3717 2942 3786 ampliﬁcanda
2981 3726 3035 3774 et
3064 3719 3337 3777 dilatanda
3364 3722 3600 3782 claustra

2008 3805 2394 3861 canonicorum
2435 3807 2490 3862 in
2534 3819 2723 3864 nostra
2766 3808 3110 3881 eleemosyna
3146 3814 3595 3874 concederemus.

2009 3891 2121 3950 Nos
2160 3894 2346 3967 itaque
2373 3896 2441 3951 ad
2466 3897 2570 3953 hoc
2612 3897 3018 3968 praevidendum
3068 3908 3124 3956 et
3163 3902 3598 3975 inspiciendum,

2007 3981 2298 4041 lrmione‘m
2344 3987 2708 4044 venerabilem
2752 3989 3006 4045 abbatem
3051 4000 3106 4047 et
3154 3991 3503 4064 lngobertum
3542 4006 3601 4053 et

2009 4075 2403 4133 Hartmannum
2424 4079 2621 4135 missos
2641 4086 2856 4136 nostros
2878 4080 3196 4149 direximus,
3215 4083 3310 4153 qui
3335 4085 3440 4141 hoc
3461 4101 3598 4155 prat-

2008 4158 2277 4235 viderent,
2314 4177 2371 4226 et
2386 4168 2543 4242 juxta
2571 4171 2716 4241 quod
2745 4169 3042 4231 necessitas
3079 4172 3146 4227 ad
3174 4173 3421 4230 eamdem
3448 4174 3598 4230 clau—

2008 4265 2215 4314 sturam
2245 4258 2547 4316 faciendam
2568 4262 2838 4334 exigebat,
2873 4262 2938 4318 de
2961 4261 3093 4320 ﬁsco
3112 4272 3300 4321 nostro
3319 4278 3386 4320 ex
3404 4273 3597 4323 nostra

2008 4351 2334 4421 auctoritate
2377 4352 2429 4408 ei
2457 4355 2858 4426 consignarent.
2912 4354 3065 4424 Quod
3094 4356 3172 4412 ita
3208 4355 3593 4416 et‘fecerunt:

315 4450 444 4507 ﬁeri
484 4449 824 4513 censuimus,
855 4463 953 4518 per
995 4445 1138 4517 quod
1168 4446 1509 4517 praecipimus
1538 4456 1700 4517 atque
1748 4446 1905 4517 jube-
1936 4466 1989 4525 1)
2011 4440 2067 4496 id
2092 4450 2194 4508 est,
2220 4443 2286 4497 de
2312 4443 2532 4513 proprio
2556 4444 2688 4500 ﬁsco
2720 4452 2907 4502 nostro
2937 4445 2994 4499 in
3016 4444 3207 4501 eodem
3239 4445 3358 4502 loco
3389 4446 3457 4502 de
3485 4456 3597 4503 ter-

313 4557 450 4599 mus
486 4548 551 4595 ut
581 4540 1009 4610 quotiescunque
1044 4537 1300 4607 praefatus
1349 4538 1518 4594 abbas
1556 4538 1745 4610 suique
1782 4553 1904 4595 suc-

315 4644 579 4691 cessores
604 4637 660 4684 et
686 4628 870 4684 clerici
892 4628 947 4682 in
972 4628 1160 4683 eodem
1183 4628 1303 4685 loco
1316 4627 1534 4686 Christo
1553 4628 1902 4697 famulantes,

314 4738 425 4796 pro
450 4719 685 4776 utilitate
722 4727 778 4774 et
817 4717 1139 4774 necessitate
1165 4733 1261 4774 sua
1289 4719 1640 4787 sublevanda,
1668 4736 1827 4777 carra
1851 4730 1907 4778 et

318 4810 630 4870 samnatica
679 4808 985 4880 negotiandi
1028 4808 1200 4880 gratia
1234 4808 1290 4862 in
1327 4809 1594 4878 quoslibet
1634 4820 1907 4869 mercatus

319 4903 546 4976 imperii
569 4902 763 4968 nostri,
777 4912 869 4957 aut
892 4901 948 4957 in
967 4909 1153 4973 partes
1181 4899 1413 4957 Austris:
1438 4896 1600 4972 atque
1619 4903 1904 4972 Neustrizn,

318 5004 421 5053 aut
454 4993 774 5063 Burgundite
795 5032 811 5057 ,
861 5000 957 5047 aut
981 4991 1306 5063 Aquitaniae,
1331 4999 1425 5048 aut
1461 4990 1781 5060 Provinciae,
1814 5004 1908 5051 aut

513 5124 529 5150 ,
559 5092 653 5140 aut
677 5092 998 5140 ceterarum
1024 5085 1262 5154 partium
1297 5082 1415 5139 loca
1468 5083 1682 5153 imperii
1732 5087 1905 5141 nostri

320 5175 630 5233 direxerint
652 5216 665 5240 ,
696 5174 900 5230 nullum
929 5174 1188 5230 telonium
1217 5175 1286 5231 ab
1326 5175 1413 5230 bis
1441 5216 1456 5241 ,
1503 5191 1676 5246 neque
1713 5177 1779 5233 ab
1811 5177 1907 5233 ho-

320 5264 568 5322 minibus
610 5265 703 5335 qui
740 5265 819 5321 eis
860 5272 1143 5334 praesunt,
1215 5279 1316 5319 nec
1375 5265 1750 5334 pontaticum,
1805 5282 1907 5323 nec

319 5356 658 5427 portaticum
680 5395 695 5422 ,
721 5370 823 5410 nec
845 5356 1160 5421 rotaticum,
1195 5370 1297 5411 nec
1326 5356 1718 5425 pulveraticum
1745 5395 1759 5423 ,
1805 5372 1907 5413 nec

323 5447 724 5517 cespitaticum,
755 5460 857 5501 nec
881 5446 1015 5501 alias
1038 5446 1448 5513 redhibitiones,
1478 5446 1762 5517 quisquam
1792 5448 1906 5503 exi-

323 5553 479 5611 gere,
495 5547 587 5595 aut
611 5539 846 5611 aliquam
869 5539 946 5595 eis
965 5539 1401 5595 contrarietatem
1424 5548 1518 5594 aut
1539 5539 1905 5595 detentionem

323 5634 579 5702 ingerere
626 5640 937 5702 pmsumat,
965 5633 1060 5688 sed
1090 5632 1250 5687 liceat
1274 5631 1355 5686 eis
1382 5645 1478 5701 per
1501 5633 1639 5685 banc
1661 5639 1904 5685 matram

325 5725 710 5783 auctoritatem
735 5741 832 5798 per
858 5728 1107 5783 universa
1131 5725 1342 5796 imperii
1369 5725 1538 5781 nostri
1574 5724 1712 5790 loca,
1738 5722 1904 5781 libere

2013 4549 2071 4587 ra
2101 4528 2337 4589 habente
2384 4534 2441 4589 in
2483 4535 2714 4590 circuitu
2746 4534 2983 4606 perticas
3012 4550 3230 4601 Lxxxtv,
3261 4551 3362 4590 nec
3403 4551 3511 4592 non
3541 4548 3599 4592 et

2008 4624 2064 4679 in
2090 4623 2282 4680 eodem
2305 4624 2426 4681 loco
2465 4627 2531 4682 de
2568 4625 2700 4683 ﬁsco
2731 4633 2943 4692 nostro,
2980 4638 3142 4695 quem
3193 4623 3593 4681 Werimﬁ‘edus
3662 4688 3670 4696 ,

2009 4715 2063 4770 in
2092 4714 2417 4772 beneﬁcium
2464 4716 2648 4783 habet,
2688 4716 2926 4789 perticas
2969 4730 3133 4781 xcrx;
3170 4713 3422 4770 similiter
3448 4722 3502 4769 et
3535 4715 3600 4770 de

2008 4804 2140 4860 ﬁsco
2161 4811 2370 4870 nostro,
2398 4819 2560 4875 quem
2584 4803 2911 4861 ilruoculi'us
2935 4819 3121 4861 comes
3146 4804 3200 4860 in
3224 4803 3590 4859 ministerium

2008 4894 2195 4960 habet,
2239 4894 2478 4964 perticas
2509 4911 2679 4951 χχιιι.
2713 4895 2820 4952 Sed
2847 4905 2910 4951 ut
2936 4885 3165 4952 ﬁrmiter
3191 4896 3385 4954 eadem
3411 4896 3590 4952 eccle-

2007 4986 2089 5041 sia
2134 4995 2191 5043 et
2216 4984 2335 5057 ejus
2378 4995 2621 5042 rectores
2660 4987 2917 5058 praedicta
2940 4986 3057 5043 ioca
3087 4995 3142 5044 et
3184 4987 3421 5043 claustra
3449 4986 3591 5041 dila-

2008 5078 2170 5133 tauda
2213 5086 2269 5136 et
2293 5078 2671 5151 ampliﬁcanda
2702 5079 2968 5150 perpetim
2998 5080 3263 5136 baberent
3307 5078 3392 5137 vel
3419 5079 3596 5152 possi-

2009 5168 2219 5235 derent,
2272 5177 2515 5225 nostram
2544 5171 2925 5227 auctoritatem
2964 5183 3128 5241 super
3180 5170 3284 5226 hac
3313 5184 3373 5226 re
3406 5178 3594 5240 postu-

2007 5259 2160 5327 lavit,
2190 5276 2287 5332 per
2309 5276 2473 5332 quam
2520 5260 2751 5317 ﬁrmiter
2784 5270 2948 5333 atque
2976 5260 3367 5317 inviolabiliter
3390 5262 3592 5319 nostris

2007 5360 2063 5407 et
2088 5350 2287 5407 futuris
2313 5352 2651 5423 temporibus
2678 5352 2731 5406 in
2752 5353 2842 5423 jus
2888 5351 3162 5423 prcedicue
3189 5350 3434 5410 ecclesia:
3461 5366 3588 5424 pere

2008 5448 2310 5494 manerent.
2362 5439 2530 5510 Cujus
2584 5440 2874 5510 precibus,
2926 5455 3025 5511 pro
3076 5441 3346 5498 mercedis
3391 5451 3591 5500 nostra:

2007 5543 2296 5607 augmento
2323 5544 2379 5591 et
2407 5539 2706 5607 reverentia
2734 5537 2904 5607 ipsius
2957 5538 3133 5594 sancti
3159 5537 3283 5606 loci,
3314 5539 3472 5595 nobis
3493 5553 3587 5596 ac-

2006 5630 2289 5699 quiescere
2329 5627 2506 5693 libuit,
2535 5637 2591 5684 et
2616 5626 2867 5699 praefatus
2907 5636 3085 5685 terras
3122 5629 3300 5686 cidem
3345 5630 3586 5687 ecclesias

1994 5720 2304 5803 secundum
2351 5719 2739 5778 dimensioncm
2803 5728 2857 5777 et
2917 5721 3379 5779 coliatcraticnem
3430 5734 3583 5779 suam
