3996 6178
367 298 496 355 ωΉ

1473 285 1796 346 LUDOVICI
1837 287 1855 339 Ι
1890 278 2357 339 COGNOMENTO
2395 275 2479 330 Pii

3480 267 3613 321 {872

361 409 775 484 praesentialiter
820 409 1026 465 tradere
1077 406 1248 459 libuit.
1304 404 1638 474 Quapropter
1694 403 1938 457 volumus
1967 405 2015 462 Α
2042 395 2095 484 in
2137 408 2245 484 quo
2274 374 2471 484 sumus:
2495 381 2985 484 auctore-Domino
3008 382 3305 484 constituti,
3433 380 3617 480 eodem

364 516 526 577 atque
562 504 813 572 jubemus
853 509 911 554 ut
952 512 1049 567 per
1095 500 1233 552 hanc
1264 507 1505 551 nostram
1537 497 1936 557 auctoritatem,

364 598 567 654 nostris
606 593 856 648 videlicet
901 599 956 645 et
1006 588 1204 644 futuris
1255 589 1610 658 temporibus,
1659 587 1944 658 praedictas

365 700 540 744 terras
576 684 872 741 secundum
920 682 1312 751 dimensionem
1336 690 1393 737 et
1426 681 1886 736 collaterationem
1912 694 1941 732 a

361 777 544 837 missis
596 773 795 829 nostris
848 772 1162 841 dispositam
1217 771 1512 840 przedictus
1540 770 1944 825 Wendilmarus

362 873 648 941 episcopus
669 867 895 938 ejusque
911 880 1273 929 successores,
1297 864 1387 919 vel
1408 863 1757 934 congregatio
1778 860 1947 930 ipsius

365 960 539 1016 sancti
565 958 669 1014 loci
705 957 760 1012 in
792 965 979 1012 nostra
999 955 1342 1025 eleemosyna
1364 968 1656 1009 concessas
1687 953 1945 1017 habeant,

365 1057 529 1117 atque
553 1048 677 1116 jure
705 1053 966 1115 perpetuo
998 1044 1053 1098 in
1090 1043 1295 1098 ditione
1323 1042 1494 1112 ipsius
1536 1040 1789 1097 ecclesias
1813 1055 1943 1095 eon-

365 1143 586 1207 sistant;
613 1141 686 1194 ita
707 1139 971 1194 duntaxat
993 1146 1055 1190 ut
1079 1135 1339 1207 quidquid
1368 1135 1436 1190 de
1458 1135 1574 1204 ipsa
1602 1133 1689 1189 vel
1724 1133 1779 1188 in
1808 1132 1948 1201 ipsa,

365 1234 436 1287 ob
485 1231 773 1285 utilitatem
818 1236 874 1283 et
899 1227 1200 1297 profectum
1228 1226 1396 1296 ipsius
1437 1225 1698 1289 ecclesia,
1721 1222 1845 1292 jure
1870 1236 1955 1277 ec-

368 1323 672 1379 clesiastico
710 1319 892 1375 facere
924 1318 1212 1382 voluerint,
1261 1316 1433 1371 libero
1469 1315 1531 1369 in
1553 1314 1804 1369 omnibus
1831 1325 1953 1381 per-

288 1478 303 1485 ,
369 1415 623 1470 fruantur
655 1409 884 1466 arbitrio
932 1406 1184 1465 faciendi.
1234 1405 1386 1461 Hanc
1425 1404 1623 1473 quippe
1663 1401 1956 1456 auctorita-

369 1514 500 1570 tem,
544 1512 605 1557 ut
634 1501 933 1573 pleniorem
963 1498 1017 1551 in
1056 1497 1151 1552 Dei
1179 1494 1396 1549 nomine
1423 1492 1667 1547 obtineat
1695 1490 1951 1560 vigorem,

371 1602 486 1647 eta
512 1590 759 1646 fidelibus
793 1593 998 1643 sanctae
1047 1585 1143 1640 Dei
1174 1581 1432 1639 Ecclesiae
1460 1595 1525 1634 ac
1552 1579 1752 1634 nostris
1776 1577 1957 1633 verius

370 1681 648 1745 credatur,
693 1685 750 1734 et
790 1676 1100 1745 diligentius
1133 1680 1499 1735 conservetur,
1531 1670 1600 1725 de
1627 1668 1826 1724 annulo
1862 1682 1958 1722 no-

372 1781 487 1827 stro
517 1771 705 1827 subter
729 1768 992 1839 jussimus
1027 1766 1272 1837 sigillari.

444 1860 777 1916 Roimundus
796 1854 1214 1931 [Faramundus]
1245 1855 1313 1909 ad
1335 1855 1505 1910 vicem
1524 1852 1837 1910 llelisachar
1867 1865 1953 1903 rc-

376 1951 648 2023 cognovit.

439 2040 580 2096 Data
624 2057 701 2096 xu
748 2040 868 2094 Kal.
896 2037 1236 2103 Decembris,
1264 2052 1425 2101 anno,
1463 2035 1677 2091 Christo
1702 2034 1957 2103 propitio,

378 2133 594 2204 imperii
640 2130 844 2187 domini
898 2129 1069 2184 nostri
1106 2128 1175 2195 _4,
1227 2140 1252 2167 α
1307 2127 1599 2184 indictione
1642 2125 1727 2179 ll.
1766 2123 1960 2178 Actum

377 2221 705 2293 Aqulsgrani
759 2218 960 2290 palatio
1008 2216 1156 2288 regio
1207 2216 1260 2271 in
1318 2217 1412 2271 Dei
1443 2214 1661 2270 nomine
1709 2213 1956 2269 feliciter.

382 2313 556 2367 Amen
576 2311 636 2364 νὺ.

1073 2394 1260 2452 [:XXII
1272 2436 1275 2441 .

850 2505 947 2545 ιιιιο
974 2504 1223 2545 ECCLESIA
1253 2502 1513 2542 BHEIENSI
1529 2526 1538 2540 .

732 2646 737 2651 ν
995 2577 1166 2651 (Αηηο
1212 2576 1362 2650 817.)

415 2673 591 2747 [Apud
712 2673 998 2794 Bouguetq
1024 2669 1180 2733 ibid.,
1203 2684 1324 2739 pag.
1351 2667 1477 2731 510,
1505 2682 1571 2721 ex
1606 2665 1928 2729 Flodoardo,

631 2744 727 2794 lib.
757 2758 793 2794 ιι
876 2750 963 2794 ut.
996 2738 1200 2794 Eccles.
1235 2736 1405 2794 Rom.
1436 2753 1555 2794 can.
1589 2735 1719 2794 19.]

631 2744 727 2797 lib.
757 2758 793 2797 ιι
822 2735 963 2795 Hist.
996 2735 1405 2801 Ecclesfﬂbm"
1436 2753 1555 2807 cap.
1589 2735 1719 2807 19.]

452 2858 510 2912 In
551 2855 767 2911 nomine
802 2852 1014 2908 Domini
1060 2851 1156 2906 Dei
1196 2858 1252 2905 et
1294 2848 1599 2921 Salvatoris‘
1634 2848 1802 2903 nostri
1839 2847 1966 2902 Jesu

382 2946 607 3011 Christi,
629 2944 953 3008 Ludovicus,
979 2942 1159 2998 divina
1181 2940 1464 2996 ordinante
1487 2939 1845 3008 providentia,
1874 2938 1969 2991 im-

385 3044 605 3105 perator
626 3033 919 3104 Augustus.

2045 482 2388 537 dominorum
2437 475 2665 532 Domino
2716 472 2972 542 deinceps
3025 470 3444 535 constituendis,
3497 469 3618 538 quia

2044 572 2159 627 Ebo
2188 566 2510 624 venerabilis
2532 563 2974 634 archiepiscopus
3004 561 3322 617 Rbemensis
3348 560 3620 623 Ecclesia),

2044 672 2101 718 ct
2131 659 2583 733 reverentissime
2613 657 2758 711 sedis
2788 656 2963 711 sancti
2992 654 3224 722 Remigii
3252 652 3623 724 gloriosissimi

2043 751 2320 825 pontiﬁcis
2345 758 2401 806 et
2428 748 2677 820 specialis
2701 746 2914 818 patroni
2939 745 3113 801 nostri
3140 744 3337 815 praesul
3353 785 3368 809 ,
3392 743 3627 799 clemen-

2048 846 2135 900 tire
2159 850 2358 898 nostra:
2400 839 2666 904 innotuit,
2713 838 2838 907 quia
2889 837 3172 892 vetustatis
3210 835 3362 891 senio
3397 833 3625 889 contrita

2041 931 2154 1000 jam
2180 933 2337 988 dictae
2377 928 2693 1000 metropolis
2716 928 2869 983 urbis
2894 934 3084 982 sancta
3120 933 3293 981 mater
3317 932 3500 979 nostra
3526 922 3629 977 Ec-

2050 1024 2233 1088 clesia,
2262 1024 2316 1078 in
2344 1024 2550 1078 honore
2571 1028 2773 1076 sancta
2793 1032 3114 1087 semperque
3138 1016 3365 1087 virginis
3391 1031 3456 1070 ac
3480 1015 3631 1086 geni-

2051 1116 2204 1171 tricis
2232 1114 2412 1169 Mariae
2439 1120 2758 1169 consecrata
2778 1152 2793 1177 ,
2840 1111 3119 1165 existeret.
3160 1108 3219 1163 ln
3247 1123 3350 1178 qua
3367 1149 3383 1174 ,
3411 1116 3632 1163 auctore

2053 1205 2194 1269 Deo,
2245 1211 2299 1258 et
2342 1208 2698 1272 coeperatore
2738 1206 2928 1254 sancto
2973 1197 3252 1268 Remigio,
3284 1212 3417 1268 gens
3449 1205 3631 1250 nostra

2054 1291 2407 1356 Francorum,
2437 1306 2559 1344 cum
2585 1289 2861 1358 mquivoco
2887 1297 3074 1342 nostro
3097 1301 3223 1357 rege
3248 1286 3488 1354 ejusdem
3509 1301 3635 1357 gen-

2056 1386 2145 1451 tis,
2181 1384 2320 1439 sacri
2351 1382 2515 1453 fontis
2548 1382 2873 1451 baptismate
2900 1379 3052 1434 ablui
3081 1394 3146 1434 ac
3182 1378 3482 1448 septiformi
3512 1378 3635 1449 Spi-

2057 1474 2193 1528 ritus
2219 1472 2390 1527 sancti
2421 1471 2596 1540 gratia
2643 1469 2901 1526 illustrari
2940 1469 3261 1539 promeruit.
3306 1468 3411 1523 Sed
3439 1477 3493 1523 et
3519 1470 3637 1540 ipse

2059 1580 2153 1621 rex
2180 1564 2548 1619 nobilissimus
2586 1564 2655 1618 ad
2689 1563 2887 1632 regiam
2934 1570 3255 1631 potestatem
3285 1563 3509 1633 perungi
3540 1562 3637 1617 Dei

2058 1657 2343 1715 clementia
2375 1656 2570 1726 dignus
2599 1654 2848 1711 iuventus
2877 1652 2996 1708 fuit.
3022 1653 3124 1708 Ubi
3153 1653 3317 1707 etiam
3344 1662 3400 1707 et
3426 1668 3524 1707 nos
3554 1654 3639 1708 di-

1986 1761 2033 1819 Β
2060 1748 2184 1803 vina
2213 1745 2523 1817 dignatione
2551 1759 2648 1814 per
2676 1758 2869 1799 manus
2897 1742 3081 1799 domui
3113 1742 3371 1812 Stephani
3402 1740 3634 1797 Romani

2059 1839 2254 1894 summi
2280 1836 2555 1907 pontificis
2575 1835 2641 1889 ad
2666 1850 2860 1891 nomen
2886 1843 2940 1890 et
2963 1842 3286 1904 potestatem
3311 1834 3638 1905 imperialem

2059 1929 2307 1984 coronari
2336 1927 2648 1982 meruimus.
2676 1925 2847 1993 Quam
2868 1941 2967 1994 pro
2990 1925 3154 1980 tantis
3178 1924 3455 1980 beneficiis
3480 1927 3640 1981 nobis

2062 2018 2263 2074 ibidem
2290 2033 2322 2073 a
2355 2017 2469 2072 Deo
2506 2015 2716 2071 collatis
2757 2029 3018 2069 renovare
3058 2016 3369 2085 cupientes,
3399 2024 3453 2069 et
3489 2015 3557 2069 ad
3586 2016 3642 2069 id

2062 2108 2467 2178 exsequendum
2498 2106 2601 2163 loci
2628 2105 3122 2162 incommoditatem
3160 2113 3466 2169 cernentes,
3513 2119 3645 2159 con-

2062 2203 2305 2259 cedimus
2328 2200 2395 2256 ad
2422 2201 2524 2255 hoc
2551 2214 2686 2271 opus
2716 2209 2774 2254 et
2799 2197 2867 2252 ad
2898 2206 3094 2251 caetera
3123 2212 3347 2267 quaeque
3383 2211 3484 2267 pro
3520 2211 3644 2251 ser-

2065 2311 2253 2351 vorum
2294 2284 2390 2349 Dei
2435 2293 2632 2347 ibidem
2682 2291 2989 2362 degentium
3024 2290 3437 2360 necessitatibus
3474 2288 3645 2344 :ndili-

2065 2386 2259 2449 canda,
2292 2398 2505 2438 murum
2535 2395 2751 2436 onmem
2780 2396 2901 2435 cum
2927 2381 3099 2449 portis
3129 2379 3297 2449 ipsius
3314 2379 3570 2444 civitatis,
3590 2388 3650 2434 et

2064 2491 2278 2531 omnem
2307 2488 2548 2545 operam,
2584 2489 2705 2527 cum
2732 2472 2941 2527 cunctis
2978 2471 3297 2541 impendiis,
3328 2486 3447 2540 qua:
3475 2486 3541 2526 ex
3564 2487 3651 2526 τις

2065 2567 2166 2619 bus
2218 2571 2273 2618 et
2311 2562 2656 2617 facultatibus
2709 2562 2875 2631 ipsius
2923 2560 3165 2617 ecclesia:
3207 2570 3262 2615 ct
3305 2560 3651 2630 episcopatus

2068 2656 2389 2711 Rhemensis
2413 2655 2583 2725 Aquis
2612 2653 2811 2724 palatio
2839 2662 3025 2709 nostro
3059 2653 3207 2724 regio
3251 2654 3431 2724 peragi
3464 2662 3518 2706 et
3550 2669 3653 2707 ex-

2068 2746 2200 2800 solvi
2232 2745 2448 2800 solitum
2481 2744 2673 2809 fuerat,
2701 2745 2752 2798 in
2784 2744 3126 2815 clecmosyna
3166 2743 3416 2798 videlicet
3441 2752 3652 2809 nostra,

2067 2845 2121 2894 et
2153 2854 2254 2913 pro
2285 2839 2525 2894 remedio
2554 2840 2747 2893 anima:
2771 2837 2952 2893 domui
2988 2854 3051 2893 ac
3076 2839 3338 2909 genitoris
3368 2841 3538 2894 nostri
3558 2846 3652 2892 at-

2068 2946 2173 3002 que
2199 2939 2518 2986 cancrorum
2547 2931 3005 3001 praedecessorum
3026 2941 3353 2994 nostrorum,
3391 2932 3479 3001 qui
3504 2918 3695 2987 enm-'-

2069 3023 2191 3079 dem
2233 3024 2599 3093 episcopatum
2646 3032 2835 3077 contra
2879 3022 3105 3077 salutem
3148 3040 3300 3078 suam
3338 3024 3650 3095 aliquanJiu

460 3123 517 3178 Si
565 3122 698 3177 locis
724 3118 1124 3175 venerabilibus
1152 3132 1214 3172 ea
1243 3132 1361 3187 quae
1387 3116 1581 3172 exinde
1619 3132 1647 3170 a
1676 3116 1967 3187 prmdeces-
1994 3113 2039 3174 C
2073 3122 2376 3179 tenuerant,
2403 3123 2455 3169 et
2482 3114 2534 3168 in
2566 3130 2692 3169 suos
2714 3131 2844 3169 usus
2871 3126 3059 3169 contra
3080 3115 3476 3172 ecclesiastlcas
3499 3132 3655 3188 regu-

387 3216 601 3270 soribus
630 3213 833 3268 nostris
871 3212 1090 3281 regibus
1118 3210 1205 3264 vel
1234 3208 1649 3278 imperatoribus
1682 3208 1747 3271 ad
1791 3207 1968 3278 reipu-

386 3307 541 3361 blicaa
570 3319 701 3359 usus
731 3304 1106 3374 exigebantur,
1144 3301 1391 3371 religiosa
1423 3299 1748 3355 liberalitate
1784 3300 1835 3353 in
1866 3300 1971 3353 uti-

388 3394 633 3450 litatibus
655 3402 710 3449 ct
735 3393 1147 3449 necessitatibus
1170 3392 1481 3446 eorumdem
1498 3400 1805 3445 sanctorum
1832 3390 1970 3445 loco-

391 3500 509 3539 rum
532 3483 898 3555 erpendendis
935 3480 1284 3545 remittimus,
1317 3488 1370 3535 et
1400 3479 1635 3534 fidelium
1663 3489 1970 3535 nostrorum

390 3574 765 3630 saluberrimis
806 3587 905 3642 pro
950 3572 1050 3626 bac
1090 3570 1278 3626 eadem
1328 3586 1387 3625 rc
1434 3568 1865 3641 suggestionibus
1908 3585 1973 3624 ac

392 3664 743 3735 petitionibus
765 3663 1057 3733 benignum
1098 3661 1501 3716 commodamus
1529 3674 1825 3726 assensum,
1856 3675 1974 3713 ma-

392 3757 599 3810 ximum
628 3762 683 3808 et
708 3755 901 3808 animae
929 3760 1151 3817 nostrm,
1183 3759 1238 3805 et
1265 3752 1423 3821 regite
1451 3766 1513 3805 ac
1537 3765 1702 3819 regno
1729 3749 1974 3820 provide-

393 3861 512 3900 mus
531 3845 874 3901 consultum:
916 3845 1042 3914 quia
1079 3844 1214 3899 nihil
1249 3845 1491 3899 cernitur
1531 3844 1834 3914 reipublicze
1876 3844 1975 3898 im-

392 3935 679 3999 minutum,
711 3933 971 4003 quidquid
998 3948 1065 3987 ex
1090 3932 1279 3988 eadem
1312 3932 1585 4003 republica
1615 3933 1719 4002 piis
1744 3933 1995 4005 actibus,_

391 4032 446 4077 et
469 4023 602 4079 locis
622 4022 908 4094 religiosis,
939 4038 1002 4077 ac
1023 4022 1378 4079 ecclesiarum
1405 4023 1497 4078 Dei
1519 4024 1861 4088 utilitatibus,
1882 4038 1975 4079 seu

392 4128 669 4169 servorum
693 4114 792 4169 Dei
821 4113 989 4168 fuerit
1018 4114 1387 4168 commoditati
1414 4114 1697 4170 indultum.
1728 4115 1974 4187 Quapro-

392 4216 514 4275 pter
560 4211 747 4259 uotum
788 4218 912 4258 esse
942 4203 1194 4258 volumus
1242 4204 1494 4259 omnibus
1539 4204 1837 4277 [Ecclesize]
1882 4206 1977 4263 Dei

393 4296 672 4359 ﬁdelibus,
714 4293 1074 4365 praesentibus
1117 4292 1325 4348 scilicet
1352 4302 1407 4349 et
1444 4293 1671 4360 futuris,
1710 4297 1979 4367 praecipue

395 4398 608 4456 quoque
647 4381 1054 4439 successoribus
1085 4382 1288 4438 nostris
1311 4382 1371 4436 in
1401 4385 1682 4452 potestatis
1711 4385 1974 4451 culmine,

466 4496 772 4623 abludictio
830 4495 1113 4552 undecima
1173 4495 1475 4554 inchoanda
1533 4515 1564 4553 a
1618 4514 1801 4555 mense
1852 4499 1978 4579 Sep-

466 4582 508 4622 m
550 4584 617 4622 ri.

400 4568 617 4623 tembri.
1858 4576 1861 4579 '

469 4638 497 4677 ιο
534 4637 617 4692 Ad
644 4638 974 4709 annum)”
1020 4636 1262 4709 refertur
1287 4637 1524 4709 diploma
1550 4653 1580 4693 a
1612 4638 1831 4695 Baluzio
1868 4641 1981 4695 vul-

398 4715 584 4778 gatum
611 4715 758 4778 torno
784 4708 805 4763 l
830 4706 1244 4778 Capitularium,
1273 4706 1397 4778 pag.
1438 4709 1561 4773 591,
1590 4725 1698 4778 quo
1742 4709 1979 4766 Ludovi-

398 4775 495 4851 cus
524 4776 654 4831 Pius
680 4775 999 4851 donationes
1038 4775 1293 4851 Ecclesiae
1329 4775 1584 4851 Romana:
1607 4775 1678 4833 ab
1713 4795 1814 4851 avo
1854 4780 1982 4851 Pip-

331 4857 335 4905 ;
398 4848 527 4917 pino
558 4854 613 4917 et
661 4846 912 4917 aCarolo
956 4854 1109 4917 patre
1154 4846 1327 4902 factas
1388 4847 1712 4903 confirmare
1760 4846 1976 4905 dicitb'r.

451 4931 548 4971 aue
594 4916 854 4971 Ludovici
906 4916 1253 4971 donationem
1302 4933 1408 4973 non
1447 4918 1625 4973 minus
1659 4920 1979 4975 commenti-

325 4996 333 5019 ¹
401 4988 533 5070 tiam
570 5001 739 5070 quam
767 4985 1269 5070 quaggonstanting
1291 4987 1481 5070 Magno
1502 4986 1794 5070 attingitur,
1830 4999 1983 5070 putat

401 5055 688 5127 Pagius‘ad
709 5055 798 5111 an.
826 5055 953 5127 8l7,
976 5071 1123 5127 num.
1149 5056 1199 5109 7.
1228 5057 1307 5127 Egi
1333 5055 1412 5113 tot
1429 5059 1595 5123 enim,
1627 5055 1984 5127 inquit,'Pon-

404 5124 639 5201 tilicibus
661 5125 918 5181 Romanis
944 5124 1035 5198 qui
1058 5126 1195 5201 dona
1218 5142 1247 5180 a
1264 5124 1495 5201 Pippino
1504 5136 1560 5182 et
1573 5124 1766 5201 Garolo
1790 5127 1984 5201 Magno

404 5195 986 5266 factagmemorarunt',
1027 5195 1205 5251 nullus
1230 5195 1432 5266 est'qui
1465 5197 1772 5252 donationis
1813 5195 1985 5253 Lu'do-

404 5266 512 5321 vici
530 5265 631 5337 _Pii
659 5267 997 5332 meminerit;
1029 5265 1380 5337 quianempe
1400 5266 1759 5336 iustissimum
1786 5268 1988 5323 haben-

404 5282 512 5321 Vici
549 5282 631 5322 ru
659 5282 997 5332 meminerit;
1029 5282 1154 5391 (ιὲιιθ
1184 5282 1380 5337 nempe
1400 5282 1759 5336 Jususstmum
1788 5282 1983 5323 nanen—

404 5345 489 5391 tes
508 5334 718 5395 titulum
749 5352 931 5407 rerum
960 5338 1029 5394 ab
1096 5335 1297 5407 celesia
1312 5337 1983 5407 possessarum,itictitium

405 5413 795 5477 contempsere.
828 5405 1095 5463 Przeterca
1127 5404 1252 5462 Otto
1278 5404 1397 5477 Yet
1412 5405 1674 5463 Henricus
1700 5406 1721 5461 l
1750 5407 1984 5477 impera-

409 5484 559 5548 tores
579 5475 1205 5548 sigillatim_enumerant
1227 5492 1346 5546 qua:
1381 5476 1638 5548 Pippinus
1662 5485 1719 5533 et
1756 5475 1984 5533 Carolus

408 5543 930 5624 Magnus'Eeclesiag
963 5543 1562 5624 Ιὶοιιιειιιωξ(1ξ)ιιειι·ῐιὶιιἱ
1605 5548 1987 5624 eaque_d_iplo-

408 5612 649 5682 matibus
668 5614 781 5669 suis
794 5614 1143 5682 confirmant;
1168 5616 1264 5671 sed
1284 5617 1595 5673 donationis
1611 5612 1985 5673 Ludovicianze

413 5680 743 5737 mentionem
772 5698 877 5737 non
903 5682 1098 5739 fecere.
1128 5680 1237 5742 Leo
1258 5685 1542 5754 Ostiensis,
1573 5688 1755 5743 saeculi
1779 5688 1983 5743 duode-

2002 4460 2055 4522 D

2073 3206 2151 3261 las
2182 3220 2269 3260 res
2296 3221 2360 3261 ac
2387 3203 2672 3261 facultates
2698 3204 2951 3261 Ecclesiae
2979 3206 3147 3276 ipsius
3176 3209 3570 3276 expendcrant;
3594 3220 3655 3265 et

2070 3296 2140 3350 ob
2167 3296 2271 3350 hoc
2297 3296 2493 3360 minus,
2527 3311 2688 3365 quam
2716 3294 3006 3362 debuerat,
3038 3296 3284 3353 utilitatis
3324 3298 3495 3352 sacris
3520 3298 3654 3356 locis

2072 3387 2128 3441 in
2152 3387 2340 3440 eodem
2370 3386 2677 3455 episcopatu
2718 3386 3027 3440 constitutis
3070 3386 3265 3443 exinde
3306 3400 3652 3457 provenerat.

2074 3470 2333 3533 Volumus
2361 3478 2523 3531 etiam
2550 3485 2608 3531 ut
2630 3478 2844 3532 vassalli
2866 3486 2920 3531 ct
2945 3479 3254 3549 quicunque
3280 3479 3464 3536 ﬁdeles
3485 3483 3657 3537 nostri

2074 3583 2139 3620 ex
2170 3567 2333 3621 rebus
2355 3564 2594 3633 ejusdem
2626 3566 2968 3636 episcopatus
2995 3565 3199 3636 aliquid
3226 3567 3445 3631 habent,
3481 3569 3657 3623 eidem

2074 3657 2221 3727 operi
2253 3656 2567 3721 inserviant,
2604 3656 2743 3710 sicut
2786 3656 3137 3710 constitutum
3180 3665 3264 3711 est
3298 3671 3330 3710 a
3368 3657 3523 3712 bona:
3552 3674 3660 3712 me-

2075 3751 2264 3806 moria:
2287 3750 2483 3805 domno
2504 3757 2557 3804 et
2584 3748 2823 3819 genitore
2850 3755 3069 3813 nostro;
3111 3756 3167 3803 et
3203 3749 3343 3803 sicut
3379 3749 3656 3813 decretum

2075 3852 2153 3898 est
2187 3859 2217 3897 a
2251 3843 2353 3913 piae
2394 3842 2783 3897 recordationis
2815 3842 3031 3897 domino
3066 3852 3122 3896 et
3163 3856 3264 3896 avo
3310 3849 3495 3897 nostro
3535 3841 3660 3911 Pip-

2076 3936 2223 4005 pino,
2250 3934 2487 3989 decimas
2507 3943 2561 3988 et
2583 3950 2751 3988 nonas
2774 3933 2947 3989 eidem
2971 3933 3217 3989 ecclesiae
3237 3950 3303 3989 ex
3340 3934 3499 3989 rebus
3523 3949 3659 4003 quas

2077 4024 2200 4079 inde
2233 4023 2454 4088 habent,
2483 4021 2810 4093 persolvant.
2842 4022 2971 4078 Vias
2996 4021 3158 4076 etiam
3180 4023 3425 4091 publicas
3445 4037 3656 4088 omnes,

2077 4135 2197 4189 qua:
2217 4121 2358 4176 circa
2383 4121 2624 4177 eamdem
2651 4121 2934 4176 ecclesiam
2964 4120 3187 4181 vadunt,
3205 4129 3257 4173 et
3278 4119 3658 4188 impedimento

2077 4228 2198 4268 csse
2223 4223 2448 4284 possunt
2473 4214 2540 4269 ad
2568 4213 2803 4268 claustra
2835 4221 2889 4268 et
2914 4227 3194 4267 servorum
3226 4211 3318 4266 Dei
3353 4210 3657 4267 habitacula

2078 4306 2459 4369 construenda,
2503 4313 2564 4359 ut
2605 4303 2885 4359 transferri
2915 4312 3078 4373 atque
3120 4304 3395 4358 immutari
3428 4304 3655 4374 possint,

2080 4394 2450 4449 concedimus.
2478 4392 2546 4447 Et
2564 4394 2609 4448 si
2639 4393 2840 4463 aliquid
2861 4392 2934 4447 ibi
2962 4393 3027 4448 de
3049 4393 3179 4449 fisco
3202 4401 3389 4448 nostro
3410 4391 3654 4458 habetur,

2080 4506 2208 4561 cimi
2238 4506 2393 4562 initio
2440 4506 2773 4571 demortuus,
2804 4506 3011 4577 primus
3051 4505 3151 4561 fuit
3182 4506 3275 4575 qui
3318 4506 3438 4577 ejus
3470 4507 3658 4562 memi-

2081 4576 2533 4647 nerit,_ideoque
2583 4576 2909 4647 nongmulto
2950 4585 3075 4631 ante
3117 4576 3423 4647 excogitata
3462 4576 3652 4632 fuerat.

2082 4644 2388 4728 Ludovicus
2431 4644 2496 4728 ea
2542 4644 3492 4728 donatione“conceditmapostolicge
3540 4647 3656 4728 .sedi

2081 4715 2285 4769 insulas
2321 4715 2588 4770 Corsicam
2631 4724 2681 4769 et
2712 4715 3027 4771 Sardiniam
3046 4725 3095 4770 et
3124 4715 3364 4771 Siciliam
3394 4717 3491 4771 sub
3532 4718 3656 4770 inte-

2082 4784 2288 4856 gritatgr
2313 4802 2432 4856 cum
2478 4786 2714 4840 omnibus
2744 4784 3108 4856 adjacentibus
3149 4788 3430 4856 territorii:
3457 4804 3472 4841 :
3500 4796 3559 4842 et
3580 4796 3657 4840 ta-

2084 4852 2207 4909 men
2235 4852 2420 4910 Sicilia
2449 4870 2724 4925 nunquam
2774 4852 2829 4909 in
2860 4864 3126 4925 potestate
3150 4855 3329 4911 Caroli
3359 4856 3536 4925 Magni
3564 4871 3657 4911 nec

2084 4938 2460 4980 successorum
2491 4922 2609 4979 fuit.
2658 4922 2900 4995 Denique
2930 4925 2981 4979 in
3016 4938 3078 4995 ea
3116 4926 3404 4980 donatione
3432 4922 3651 4981 Ludovi-

2085 5010 2183 5049 cus
2239 4996 2428 5065 statuit
2467 5002 2548 5055 nt,
2590 4994 2825 5065 mortuo
2858 4994 3115 5063 pontiﬁce
3176 4995 3442 5061 Romano,
3502 5010 3655 5065 quem

2085 5079 2277 5120 omnes
2297 5064 2529 5137 Romani
2555 5064 2839 5133 elegerint,
2864 5066 2985 5137 sine
3008 5066 3188 5135 aliqua
3224 5064 3577 5137 ambiguitate
3607 5072 3657 5121 et

2086 5134 2516 5189 contradictione
2554 5149 2707 5189 more
2750 5135 3010 5191 canonico
3040 5134 3407 5191 consecretur.
3437 5136 3506 5190 Et
3543 5151 3656 5189 cast

2088 5212 2420 5258 consecratus
2468 5204 2649 5273 fuerit,
2694 5202 2890 5273 inquit,
2920 5203 3077 5273 legati
3103 5205 3171 5258 ad
3197 5221 3289 5258 nos
3316 5205 3392 5258 vel
3430 5206 3500 5259 ad
3540 5222 3657 5259 suc-

2087 5289 2316 5344 cessores
2355 5271 2561 5326 nostros
2601 5288 2745 5342 reges
2770 5271 3127 5328 'Francorum
3182 5274 3502 5344 dirigantur,
3553 5284 3653 5328 etc.

2090 5340 2243 5412 Quod
2289 5340 2903 5412 merumcommentum
2947 5351 3052 5409 est,
3080 5358 3224 5407 cum,
3251 5340 3368 5412 ipso
3395 5344 3658 5399 Ludovico

2088 5411 2185 5482 Pio
2210 5411 2445 5482 vivente,
2475 5411 2757 5482 Eugenius
2776 5412 2820 5467 ll
2859 5427 2997 5482 papa
3022 5413 3090 5468 ad
3123 5411 3541 5482 postulationem
3566 5413 3658 5467 Lo-

2089 5480 2254 5553 tharii
2295 5481 2505 5551 imperii
2531 5480 2739 5551 paterni
2790 5480 3007 5553 collega:
3054 5480 3304 5538 statuerit
3346 5492 3406 5538 ut
3426 5482 3657 5553 pontifex

2088 5550 2387 5623 Romanus
2402 5566 2505 5623 non
2534 5550 2881 5606 Consecretur
2916 5552 3017 5606 nisi
3048 5554 3099 5607 in
3136 5550 3443 5621 prtesentia'
3465 5553 3658 5623 legato-

2089 5636 2212 5675 rum
2241 5621 2599 5703 imperialiurn
2629 5638 2642 5674 :
2673 5622 2815 5703 quod
2855 5630 2968 5676 toto
3004 5622 3104 5677 hoc
3134 5623 3332 5678 saeculo
3361 5631 3417 5679 et
3444 5621 3582 5677 ultra
3606 5622 3653 5674 in

2088 5705 2190 5745 usu
2216 5692 2450 5763 positum
2491 5692 2610 5746 fuit.
2728 5698 2740 5713 ’
