3996 6178
404 317 559 373 {073,

1530 310 1925 369 Dll’LOMATA
1963 308 2523 367 ECCI.ESIASTICA.

3519 312 3657 371 una

404 446 502 501 per
550 428 671 483 boc-
697 431 896 481 nostra:
950 424 1287 481 auctoritatis
1342 434 1668 497 praeceptum
1719 433 1980 497 perpetuo
2005 426 2056 485 Α
2082 423 2354 493 quondam
2401 421 2645 477 locellum
2695 430 3094 493 nuncupantem
3142 424 3295 480 Stilla
3329 437 3384 491 ε,
3434 429 3577 496 quod
3627 446 3657 484 a

406 534 554 589 teque
564 517 930 584 concedimus,
945 525 1006 573 ut
1022 518 1200 572 nullus
1213 516 1399 586 iudex,
1422 532 1628 582 comes,
1647 524 1740 571 aut
1762 518 1980 582 missus,

406 615 518 671 sive
543 613 738 682 aliquis
762 627 830 667 ex
845 608 1131 682 iudiciaria
1161 617 1430 681 potestate
1454 610 1620 663 ullam
1645 608 1773 663 inde
1805 608 1981 664 eidem

404 711 607 758 sancta:
630 702 725 757 Dei
750 700 1021 771 praedictae
1046 697 1338 753 Rhemeusi
1371 697 1616 753 ecclesiae
1654 695 1981 767 inquietudi-

400 807 525 847 nem
555 800 649 847 aut
680 791 851 845 ullum
873 789 1159 855 calumnia:
1188 788 1631 858 impedimentum
1657 786 1859 843 inferre
1888 802 1982 840 un-

398 884 560 951 quam
578 887 906 951 praesumat:
935 879 1285 935 obsecrantes
1311 891 1652 933 successores
1677 886 1895 934 nostros
1921 886 1983 932 ut

399 970 726 1026 salutissuze
753 981 1040 1033 memores,
1070 967 1354 1037 praesentis
1386 967 1596 1023 scilicet
1631 976 1689 1022 et
1728 975 1974 1032 aeternae;

397 1062 670 1115 memores
690 1059 855 1114 etiam
886 1056 1272 1129 beneﬁciorum
1305 1070 1425 1126 quae
1452 1056 1610 1112 nobis
1635 1064 1692 1111 et
1713 1056 1861 1128 genti
1883 1071 1981 1111 no-

396 1157 525 1206 atrae
550 1165 616 1205 ac
636 1148 1127 1220 predecessoribus
1147 1147 1349 1202 nostris
1369 1146 1424 1200 in
1444 1146 1634 1201 eodem
1653 1156 1841 1203 saneto
1860 1147 1978 1203 loco

392 1257 494 1312 per
519 1243 737 1298 beatum
764 1239 1075 1311 Remigium
1097 1238 1309 1293 meritis
1345 1247 1547 1294 sanctae
1571 1238 1750 1293 Mariae
1784 1239 1977 1293 collata

390 1341 556 1399 sunt;
597 1333 737 1388 sicut
760 1345 858 1386 sua
885 1331 1023 1386 bene
1047 1339 1198 1401 gesta
1225 1329 1389 1385 asuis
1407 1328 1815 1385 successoribus
1848 1343 1977 1384 cou-

387 1425 601 1482 servari
629 1423 917 1489 voluerint,
947 1423 1022 1477 ita
1063 1436 1183 1491 quae
1209 1436 1310 1492 pro
1334 1435 1519 1476 amore
1549 1421 1643 1475 Dei
1670 1435 1736 1475 ac
1775 1427 1978 1476 sanctae

384 1517 512 1587 eius
556 1514 834 1586 genitricis
880 1528 947 1568 ac
991 1512 1136 1567 beati
1176 1512 1502 1582 protectoris
1530 1511 1701 1566 nostri
1746 1510 1975 1581 Remigii

382 1605 649 1677 smpefato
687 1612 891 1661 sancto
916 1604 1038 1660 loco
1065 1603 1424 1669 contulimus,
1462 1611 1728 1673 perpetuo
1754 1602 1977 1657 inviola-

381 1698 576 1754 biliter
602 1711 927 1752 conservare
955 1703 1266 1765 procurent.
1297 1695 1367 1748 Et
1388 1702 1450 1749 ut
1484 1695 1600 1750 haec
1617 1703 1819 1750 nostrae
1846 1709 1975 1749 con-

2081 516 2241 586 longo
2279 523 2521 584 tempore
2558 528 2657 583 per
2697 514 3137 571 conﬁrmationcs
3182 532 3370 586 regum
3405 518 3660 588 praedicta

2079 605 2325 675 possidet
2351 604 2598 667 ecclesia,
2630 612 2870 659 rectores
2894 604 3064 675 ipsius
3091 606 3334 661 ecclesiae
3368 623 3492 662 cum
3514 606 3661 677 iudi—

2081 694 2236 749 cibus
2257 693 2531 764 regalibus
2557 693 2863 748 habuerant
2880 695 3255 761 intentionem,
3272 703 3328 750 et
3348 697 3661 766 praedictum

2078 784 2259 841 locum
2288 800 2385 855 per
2404 784 2522 840 loca
2550 785 2917 851 denominata,
2951 786 3004 840 id
3031 794 3134 852 est,
3158 800 3257 856 per
3293 788 3439 858 regia
3468 796 3661 853 strata,

2079 890 2201 944 qua:
2225 876 2403 945 pergit
2423 889 2587 944 super
2611 874 2866 941 rivulum,
2888 874 2984 945 qui
3010 875 3208 931 dicitur
3239 875 3394 932 Stilla
3422 876 3442 917 ί
3454 919 3470 944 ,
3501 894 3666 950 super

2079 978 2207 1019 casa
2228 963 2534 1019 Bummaldi
2557 973 2603 1027 Β,
2624 964 2818 1019 deinde
2837 964 2928 1019 ubi
2951 965 3149 1020 dicitur
3167 965 3589 1035 Paphinisnaida
3608 969 3660 1029 ιι,

2079 1054 2207 1111 inde
2224 1060 2399 1110 totum
2415 1062 2648 1109 montem
2672 1055 2765 1125 qui
2780 1064 3007 1111 vocatur
3017 1056 3399 1130 Arlegisbergo
3428 1060 3472 1125 ἰ,
3490 1076 3663 1130 usque

2079 1144 2171 1198 ubi
2216 1144 2422 1199 rivulus
2458 1145 2632 1216 surgit
2673 1146 2767 1216 qui
2812 1146 3012 1202 dicitur
3036 1147 3197 1203 Hasla
3230 1147 3243 1198 i
3278 1167 3293 1214 ;
3335 1150 3527 1205 deinde
3563 1152 3654 1207 ubi

2079 1232 2295 1289 Wiehia
2319 1234 2346 1273 ιι
2370 1236 2563 1307 surgit,
2596 1251 2769 1305 usque
2798 1252 2905 1306 quo
2934 1239 2989 1293 in
3020 1239 3221 1295 Brusca
3264 1240 3280 1279 ι
3319 1242 3657 1312 ingreditur;

2078 1323 2202 1377 inde
2228 1323 2423 1378 iterum
2446 1340 2547 1394 per
2568 1325 2724 1396 longa
2748 1327 2974 1393 Brusca,
3001 1344 3169 1399 usque
3189 1330 3325 1384 dum
3340 1329 3494 1385 Stilla
3516 1331 3662 1385 intus

2078 1413 2413 1484 ingreditur,
2447 1415 2516 1469 ad
2557 1424 2765 1485 partem
2806 1417 3081 1486 praedictae
3116 1419 3359 1475 ecclesia:
3397 1422 3663 1490 acquisie-

2078 1515 2242 1570 ruut;
2292 1513 2347 1559 et
2402 1506 2635 1562 domnus
2674 1516 2729 1563 et
2785 1509 2999 1580 genitor
3052 1520 3236 1567 noster
3274 1527 3371 1583 per
3417 1515 3661 1570 eamdem

2077 1598 2462 1654 auctoritatem
2498 1600 2565 1655 ad
2594 1600 2763 1670 ipsam
2796 1603 2978 1658 sedem
3003 1605 3314 1672 perenniter
3353 1605 3420 1659 ad
3458 1606 3662 1660 haben-

2077 1690 2207 1745 dum
2226 1690 2592 1748 conﬁrmaret.
2626 1692 2695 1748 Et
2714 1692 3036 1763 deprecatus
3055 1704 3140 1751 est
3160 1704 3220 1750 ut
3239 1705 3525 1765 paternum
3546 1712 3662 1752 mo-

380 1787 655 1844 cessionis
682 1788 980 1841 auctoritas
1025 1800 1126 1855 per
1147 1784 1342 1839 futura
1386 1793 1628 1855 tempora
1664 1785 1720 1839 in
1756 1785 1850 1840 Dei
1878 1800 1972 1840 no-
1999 1786 2048 1845 B
2076 1797 2191 1838 rem
2239 1792 2530 1854 sequentes
2572 1792 2757 1840 nostra
2803 1785 3255 1845 confirmaremus
3303 1786 3659 1851 auctoritate,

381 1880 538 1934 mine
568 1878 868 1947 pleniorem
895 1877 1139 1933 obtineat
1164 1876 1441 1931 ﬁrmitatis
1479 1876 1742 1947 vigorem,
1787 1876 1969 1931 annuli

381 1971 563 2028 nostri
595 1970 952 2042 impressione
974 1968 1367 2040 subtersignari
1398 1968 1754 2024 decrevimus.

1063 2079 1293 2136 LXXIII.

746 2184 771 2213 ³
805 2186 907 2227 PRO
931 2184 1184 2227 ECCLESIA
1210 2184 1615 2226 kBGENTlNI-ZNSI.

1007 2260 1179 2332 (Antio
1200 2259 1351 2330 817.)

385 2353 571 2428 [Apud
588 2351 931 2416 Grandidier,
970 2351 1112 2428 Hist.
1152 2351 1216 2405 de
1245 2349 1412 2428 l‘Eigl;
1441 2349 1507 2428 de
1541 2349 1747 2404 Strasb.
1772 2391 1785 2416 ,
1814 2350 1966 2419 prob.

898 2430 1030 2478 tom.
1056 2421 1101 2477 ll
1121 2461 1137 2486 ,
1158 2435 1280 2490 pag.
1312 2419 1460 2491 165.]

462 2511 522 2566 in
546 2510 763 2566 nomine
785 2508 1069 2566 Domiuiet
1086 2507 1385 2563 Salvatoris
1403 2508 1576 2563 nostri
1596 2505 1726 2563 Iesu
1746 2506 1970 2572 Christi,

387 2599 696 2665 Ludovicus
742 2593 923 2655 divina
967 2598 1253 2654 ordinante
1299 2597 1640 2667 providentia
1679 2598 1974 2667 imperator

388 2690 685 2760 Augustus.

460 2777 597 2835 Cum
624 2778 974 2848 petitionibus
999 2791 1282 2834 servorum
1303 2777 1399 2834 Dei
1415 2776 1604 2848 iustis,
1619 2786 1675 2833 et
1688 2791 1970 2835 servorum

388 2870 489 2926 Dei
519 2871 547 2911 ιι
568 2870 983 2926 rationabilibus
1002 2869 1167 2926 divini
1190 2870 1369 2926 cultus
1392 2885 1577 2926 amore
1600 2870 1861 2934 favemus,
1889 2884 1972 2925 su-

385 2978 559 3033 perna
578 2976 679 3018 nos
698 2962 871 3033 gratia
897 2962 1103 3018 muniri
1133 2977 1242 3018 non
1280 2962 1605 3018 dubitamus.
1637 2962 1843 3018 Idcirco
1874 2976 1969 3017 uo-

387 3050 530 3106 verit
564 3052 806 3106 omnium
842 3051 1078 3108 ﬁdelium
1120 3060 1431 3108 nostrorum
1472 3036 1579 3108 tam
1623 3053 1965 3123 praesentium

2070 1873 2218 1942 quod
2237 1874 2310 1929 ita
2338 1889 2438 1929 nos
2465 1872 2658 1931 fecisse
2681 1876 2922 1931 omnium
2958 1876 3215 1932 fidelium-
3232 1884 3541 1932 nostrorum
3571 1891 3661 1932 co-

2072 1972 2295 2034 gnoscat
2318 1964 2601 2021 industria.
2618 1965 3001 2036 Praecipiemus
3015 1965 3428 2038 ergoiubemus,
3446 1968 3664 2023 utsicut

2073 2056 2128 2109 in
2154 2066 2427 2128 praecepto
2451 2058 2636 2114 domui
2666 2067 2721 2115 et
2746 2060 3010 2131 genitoris
3038 2061 3212 2116 nostri
3239 2063 3579 2128 continetur,
3607 2075 3662 2118 et

2072 2148 2327 2217 praedicta
2351 2151 2580 2207 ecclesia
2605 2153 2864 2207 moderno
2894 2161 3139 2223 tempore
3174 2153 3445 2222 possidet,
3467 2154 3540 2209 ita
3565 2156 3661 2211 de-

2072 2235 2255 2307 inceps
2278 2239 2483 2309 absque
2502 2240 2669 2296 ullius
2689 2242 3075 2312 impedimento
3097 2250 3277 2299 teneat
3305 2251 3468 2313 atque
3490 2246 3661 2314 possi-

2073 2326 2225 2393 deat,
2254 2335 2312 2382 et
2338 2329 2603 2400 quidquid
2628 2331 2694 2386 de
2715 2332 2833 2400 ipso
2862 2331 2948 2386 vel
2975 2331 3028 2385 in
3056 2332 3173 2402 ipso
3197 2342 3441 2389 rectores
3466 2337 3662 2404 pracdi-

2073 2422 2174 2469 ctae
2199 2415 2342 2470 sedis
2363 2417 2432 2471 ob
2456 2417 2747 2473 utilitatem
2776 2426 2833 2473 et
2850 2417 3153 2487 profectum
3182 2419 3351 2489 ipsius
3374 2420 3550 2476 facere
3577 2425 3659 2475 vel

2065 2503 2313 2572 iudicare
2336 2508 2626 2573 voluerint,
2645 2507 2769 2576 jure
2788 2510 3160 2565 ecclesiastico
3182 2512 3510 2579 perennibus
3534 2521 3662 2567 tem-

2070 2595 2292 2663 poribus
2315 2595 2487 2653 libero
2528 2598 2806 2668 potiantur
2833 2598 3063 2654 arbitrio
3090 2597 3339 2654 faciendi.
3384 2599 3509 2656 ΙΙωο
3533 2617 3679 2656 vero.

2073 2688 2392 2755 auctoritas,
2434 2698 2495 2745 ut
2523 2689 2819 2745 ﬁrmiorem
2848 2692 2901 2745 in
2928 2691 3025 2746 Dei
3051 2691 3271 2746 nomine
3309 2692 3554 2748 obtineat
3581 2696 3658 2750 vi-

2071 2793 2277 2849 gerem,
2303 2788 2360 2836 et
2383 2796 2414 2835 a
2442 2780 2688 2837 ﬁdelibus
2712 2790 2916 2837 sanctae
2956 2783 3052 2839 Dei
3092 2783 3349 2840 Ecclesia:
3375 2793 3430 2840 et
3460 2788 3659 2842 nostris

2069 2871 2251 2926 verius
2273 2872 2526 2927 credatur
2555 2880 2609 2927 et
2631 2872 2941 2944 diligentius
2961 2883 3331 2942 conservetur,
3353 2892 3516 2932 manu
3534 2894 3657 2948 pro-

2069 2961 2187 3031 pria
2215 2962 2402 3018 subter
2429 2961 2764 3018 ﬁrmavimus
2784 3005 2797 3028 ,
2839 2970 2894 3018 et
2935 2964 3118 3019 annuli
3149 2966 3319 3021 nostri
3351 2979 3390 3006 ιιι
3426 2968 3656 3038 impres-

2069 3049 2222 3105 sione
2248 3051 2448 3122 signari
2466 3050 2727 3120 iussimus
2750 3062 2799 3106 ιι.

385 3155 553 3212 quam
579 3150 637 3197 et
660 3140 971 3197 futurorum
1012 3142 1298 3209 industria,
1349 3142 1476 3212 quia
1519 3143 1604 3197 vir
1645 3141 1968 3198 venerabilis
1993 3127 2037 3190 C
2143 3140 2369 3211 Signum
2396 3141 2654 3200 Ludovici
2684 3143 3016 3199 serenissimi
3047 3145 3409 3216 imperatoris.

383 3230 633 3287 Adaloeh
652 3229 1148 3303 Argeutorateusis,
1178 3231 1293 3287 sive
1328 3230 1772 3303 Strazburgensis
1793 3231 1967 3287 eccle-

384 3322 485 3378 sia:
508 3329 734 3378 vocatus
750 3323 1060 3393 episcopus,
1089 3336 1210 3392 quae
1229 3330 1314 3378 est
1337 3330 1645 3379 constructa
1677 3323 1731 3378 in
1760 3323 1965 3379 honore

384 3418 592 3467 sanctae
620 3411 717 3466 Dei
744 3411 1021 3480 genitricis
1042 3426 1362 3482 semperque
1386 3413 1613 3482 virginis
1640 3412 1847 3479 Mariae,
1873 3414 1966 3470 de-

384 3500 512 3555 tulit
530 3500 806 3579 obtutibus
823 3501 1028 3557 nostris
1041 3511 1064 3539 ιε
1082 3502 1368 3571 quamdam
1384 3504 1762 3559 auctoritatem
1782 3504 1964 3559 domui

380 3598 442 3646 et
488 3589 749 3662 genitoris
791 3590 962 3646 nostri
1002 3589 1183 3646 Caroli
1223 3591 1379 3647 bonae
1417 3593 1694 3648 memoria:
1736 3594 1966 3662 piissimi

383 3680 620 3753 Augusti
666 3679 719 3745 ἀ,
755 3679 810 3734 in
852 3694 960 3748 qua
1008 3680 1387 3735 continebatur
1429 3682 1693 3738 insertum
1733 3683 1966 3751 qualiter

461 3830 629 3903 nﬁoc
648 3829 882 3903 diploma
905 3829 1152 3885 mutilum
1167 3828 1507 3903 erstatapud
1520 3830 1964 3903 Cuillimanuum,

383 3904 454 3957 de
484 3900 753 3971 Episcop;
766 3899 986 3970 Argent.
1013 3901 1298 3971 pag._il8;
1334 3899 1628 3971 Cointium,
1670 3899 1962 3957 in"Annal.

382 3968 693 4041 ecclesiast.
714 3968 934 4041 Franc,
948 3968 1209 4041 toianl,
1231 3985 1353 4041 pag.
1383 3970 1508 4041 481,
1530 3978 1586 4026 et
1605 3972 1963 4040 Bouquetum,

384 4044 441 4098 in
488 4040 752 4110 Scriptor.
778 4039 906 4111 Rer.
945 4039 1215 4111 Fraucic.,
1236 4039 1374 4111 tom.
1407 4040 1497 4105 Vl,
1524 4055 1643 4111 pag.
1673 4039 1797 4096 505.
1821 4041 1967 4097 inte-

358 4127 546 4182 'grum
569 4109 714 4175 vero,
746 4110 840 4166 sed
874 4110 1194 4179 quibusdam
1233 4111 1288 4166 in
1316 4109 1449 4167 locis
1477 4109 1811 4181 corruptum,
1854 4111 1969 4167 edi-

381 4184 586 4237 derunt
610 4179 797 4236 Gallia:
819 4179 1020 4235 Christ.
1062 4181 1331 4237 editores.
1372 4190 1504 4235 tom.
1530 4178 1574 4233 V
1601 4180 1744 4236 inter
1768 4181 1968 4236 instru-

610 4221 1353 4320 Eiéi'i'céféi"s}:ﬁ'é'§pﬁi£6§,
1374 4221 1963 4319 Χίέἕι.’ἀὶῦὶὸἱηῖ’,“ἰόιιῖξ

384 4322 423 4381 l.
462 4334 584 4391 pag.
615 4319 706 4385 65,
735 4334 891 4391 num.
910 4319 1001 4385 8l,
1027 4321 1118 4386 qui
1140 4319 1291 4391 illud
1316 4336 1425 4391 tere
1462 4319 1691 4374 incisum
1724 4320 1902 4391 tabula
1932 4320 1967 4376 8

387 4388 1123 4473 repraesentavitﬁincerum
1152 4390 1243 4445 hic
1269 4405 1337 4445 ex
1365 4390 1483 4462 ipso
1510 4389 1844 4461 autograpbo
1873 4390 1964 4446 de-

379 4458 650 4527 scriptum
678 4458 982 4514 referimus.
1385 4458 1403 4462 ⁷
1646 4458 1661 4461 ⁷
1740 4458 1755 4459 ί

461 4530 490 4569 δ
514 4528 640 4612 Haec
666 4530 912 4612 repetitio
930 4545 1194 4611 servorum
1216 4528 1316 4611 Dei
1338 4536 1516 4612 exstat
1540 4529 1595 4584 in
1620 4528 1852 4600 ipsemet
1873 4544 1966 4584 au-

384 4598 680 4719 togralpho,
705 4598 929 4652 forsitan
952 4599 1158 4653 incuria
1188 4599 1487 4669 scriptoris.
1642 4598 1658 4600 “

428 4739 440 4750 ⁸
462 4679 487 4707 ο
518 4667 744 4750 [lustris
767 4667 936 4750 abbas
957 4666 1283 4750 Godefridus
1301 4670 1371 4750 de
1388 4668 1567 4750 Bessel
1591 4668 1643 4722 in
1669 4682 1786 4750 suo
1801 4667 1966 4750 Chro-

383 4739 517 4794 nico
539 4736 885 4802 Gotvvieensi,
910 4746 1041 4792 tom.
1074 4737 1116 4801 l,
1149 4752 1276 4806 pag.
1306 4737 1396 4801 76,
1435 4753 1503 4793 ex
1544 4739 1645 4793 hac
1687 4739 1884 4793 usitata
1911 4739 1963 4793 in

382 4807 631 4877 antiquis
673 4807 1059 4877 imperatorum
1087 4807 1468 4877 diplomatibus
1504 4807 1735 4862 formula
1781 4807 1964 4863 detulit

384 4876 653 4933 obtutibus
682 4876 873 4931 nostris
900 4886 1177 4947 prtecepm,
1207 4882 1321 4947 sive,
1352 4878 1691 4947 auctoritates
1731 4887 1965 4947 anteces-

382 4962 568 5003 sontm
594 4946 912 5016 nostrorum,
949 4954 1176 5000 conatur
1211 4946 1441 5016 probare
1456 4946 1571 5016 iam
1602 4962 1744 5002 nono
1767 4946 1963 5002 saculo

382 5016 682 5074 constituta
711 5015 879 5072 fuisse
918 5017 1217 5085 imperialia
1259 5015 1563 5072 Germaniae
1598 5017 1852 5080 archiva,
1894 5032 1961 5071 ex

384 5086 595 5168 quibus
620 5086 849 5168 allegata
876 5086 1172 5168 diplomata
1210 5086 1439 5168 ‘fuerunnt
1479 5087 1814 5168 deprompta.
1857 5085 1963 5168 ξεί]

386 5155 510 5212 haec
539 5170 645 5210 non
667 5155 961 5226 probantur
990 5171 1056 5211 ex
1082 5155 1338 5226 praedicta
1359 5155 1611 5219 formula,
1634 5155 1761 5225 quin
1785 5156 1964 5225 potius

384 5227 727 5280 demonstrat
751 5225 878 5279 talia
905 5225 1191 5294 diplomata
1215 5242 1321 5280 non
1346 5240 1413 5281 ex
1442 5226 1644 5281 scrinio
1675 5226 1964 5294 imperato-

386 5309 537 5359 rum,
564 5295 658 5348 sed
679 5309 745 5348 ex
768 5295 899 5363 ipsis
920 5294 1266 5349 ecclesiarum
1291 5296 1568 5351 tabulariis
1591 5303 1745 5348 eruta
1776 5295 1958 5351 fuisse.

462 5363 705 5434 d_Exstat
724 5364 841 5434 haec
866 5363 1169 5434 auctoritas
1190 5365 1303 5418 sive
1324 5365 1558 5433 diploma
1583 5364 1760 5418 Caroli
1791 5365 1965 5434 Magni

386 5434 460 5504 de
488 5432 575 5486 die
596 5433 827 5504 septima
868 5431 1175 5504 Martii-1'25
1202 5431 1396 5504 supra,
1428 5450 1575 5489 num.
1606 5434 1695 5497 65,
1723 5449 1841 5504 pag.
1880 5431 1967 5489 cu

388 5498 740 5571 (Patrologiiw
758 5498 1015 5571 tomo_XC
1032 5498 1160 5571 νῃ,
1185 5498 1284 5553 col.
1314 5504 1458 5571 926).

472 5579 498 5607 ο
529 5568 1427 5656 Ιιορῖςῒνίειμβ’ξιίιιεϐοιιςιιιθιιιυιί
1451 5582 1590 5628 nota:
1628 5573 1866 5643 praedicti
1890 5574 1968 5628 tli—

390 5638 649 5710 plomatis
672 5638 851 5695 Caroli
878 5638 1070 5709 Magni.

478 5706 496 5747 ί
527 5706 753 5767 liivulus
774 5709 930 5766 hodie
952 5723 1160 5780 quoque
1185 5709 1356 5765 dictus
1384 5710 1525 5766 Still.

2138 3232 2427 3289 Durandus
2454 3233 2716 3290 diaconus
2742 3242 2767 3269 ο
2800 3233 2866 3289 ad
2891 3235 3064 3290 vicem
3106 3235 3422 3292 Helisachar
3449 3248 3474 3287 Ρ
3504 3254 3655 3299 recc.—

2066 3324 2225 3396 gnovi
2253 3332 2310 3380 et
2330 3324 2648 3397 subscripsi.

2136 3416 2273 3472 Data
2295 3431 2328 3471 v
2350 3415 2618 3473 Kalendas
2639 3414 2986 3488 Septembres
3003 3432 3023 3484 ,'
3046 3431 3212 3483 anno,
3234 3417 3451 3477 Christo
3474 3420 3653 3491 propi-

2066 3508 2166 3575 tio,
2194 3508 2356 3564 tertio
2378 3508 2590 3579 imperii
2613 3509 2798 3566 domui
2824 3509 3081 3565 Ludovici
3109 3510 3341 3579 piissimi
3380 3510 3609 3580 Augusti
3631 3553 3645 3577 ,

2066 3600 2359 3656 indictione
2380 3601 2609 3656 decima.
2646 3600 2842 3655 Actum
2884 3599 3210 3671 Aquisgrani
3244 3600 3447 3669 palatio
3476 3603 3645 3673 regio.

2064 3685 2120 3738 in
2141 3685 2238 3741 Dei
2262 3687 2480 3743 nomine
2505 3686 2755 3753 feliciter,
2779 3688 2951 3744 Amen
2988 3698 3035 3741 τι,

2140 3841 2164 3879 ε
2194 3837 2360 3895 Vicus
2389 3839 2595 3895 Urmat.

2137 3908 2165 3948 ¹ι
2194 3908 2372 3981 Locus
2395 3910 2627 3981 ignotus.

2145 3980 2160 4050 ἱ
2197 3978 2584 4050 βάιίθεῖέὺενσο

2142 4047 2154 4096 ι
2196 4047 2364 4103 Rivus
2392 4047 2576 4115 uasat.

2139 4118 2165 4156 Ιι
2194 4116 2421 4174 Rivulus
2450 4119 2619 4173 Wiclt.

2148 4187 2161 4225 ι
2200 4186 2420 4244 Fluvius
2442 4188 2695 4244 Brusche.

2136 4268 2177 4297 ιιι
2204 4257 2331 4313 Haec
2354 4259 2721 4314 verbaannuli
2752 4264 2915 4316 nostri
2945 4264 2996 4318 in
3030 4264 3341 4320 authentico
3375 4274 3648 4324 vetustate

2067 4335 2189 4383 ευιιι
2218 4343 2393 4384 erasa.

2140 4397 2425 4477 nAduolat
2460 4397 2759 4477 Ihegauus
2798 4401 2865 4453 ad
2883 4417 2982 4477 an.
3016 4404 3154 4477 βυ,
3199 4420 3318 4477 cap.
3364 4405 3464 4477 i9,
3506 4407 3647 4477 apud

1991 4468 2044 4528 Ι)
2066 4467 2425 4536 Bouquetum,
2450 4467 2704 4539 tomel,
2734 4483 2857 4539 pag.
2883 4470 2982 4535 76,
3016 4467 3347 4528 Ludovicum
3382 4467 3649 4532 Pium're-

2070 4551 2300 4614 novasse
2328 4538 2517 4614 omnia
2544 4537 2841 4614 diplomata
2877 4540 3120 4596 ecclesiis
3161 4558 3418 4598 concessa
3450 4560 3481 4598 a
3510 4561 3646 4614 prte-

2071 4606 2456 4689 decessoribus
2476 4606 2615 4689 suis,
2641 4623 2758 4678 qum
2782 4608 2888 4679 ipse
2919 4625 3079 4664 manu
3117 4613 3332 4682 propria
3373 4630 3490 4667 cum
3510 4606 3648 4669 ’διώ-

2070 4679 2770 4801 δεῗρδιῗῗξηῖιῗὲζῧέτέόηυε
2794 4747 2895 4802 fuit
2915 4749 3169 4806 Ludovici
3202 4750 3280 4805 Pii
3306 4753 3648 4810 imperatoris

2072 4816 2315 4939 ri‘tliltarligs
2352 4818 2452 4871 sub
2485 4817 2823 4873 cancellariis
2851 4818 3225 4887 llelisachare,
3270 4816 3553 4894 Fridugiso
3591 4835 3647 4880 et

2155 4900 2221 4939 eo
2281 4901 2366 4939 ne.

2155 4894 2366 4940 θοιοηρ.

2146 4966 2173 5005 ι)
2218 4955 2574 5031 Helisachar,
2598 4959 2713 5031 sive
2752 4957 3031 5031 Elisachar
3068 4959 3170 5015 fuit
3210 4961 3401 5017 ordine
3441 4963 3646 5031 primus

2075 5025 2426 5101 cancellarius
2458 5025 2718 5101 _I_.u_dovici
2758 5029 2862 5094 Pii,
2904 5029 3178 5101 nullisque
3210 5025 3458 5100 prostant
3476 5031 3648 5101 huius

2076 5096 2752 5172 imperatolisdiplomata,
2775 5101 2969 5172 quibus
2989 5100 3076 5154 ille
3091 5096 3431 5172 subscripsit.
3456 5096 3648 5172 Appel-

2074 5166 2306 5250 lat‘ur‘ab
2334 5165 2665 5250 Eginhardo.
2682 5177 2743 5250 et
2761 5165 3046 5250 A'gobardg
3081 5165 3343 5250 presbyter
3362 5172 3420 5223 'et
3447 5165 3645 5250 eli—bes;

2074 5235 2303 5310 abbatize
2331 5236 2476 5310 enim
2499 5239 2670 5293 sancti
2696 5235 2970 5310 Maximini
2992 5235 3327 5310 Trevirensis
3354 5239 3646 5310 multisque

2072 5304 2485 5377 aliis‘emnobiis
2505 5322 2567 5377 ea
2592 5317 2749 5362 astate
2774 5309 2986 5377 prmfuit
3012 5309 3167 5363 titulo
3198 5308 3427 5364 abbatis.

2141 5384 2169 5423 ιι
2193 5373 2435 5450 Sigillum
2478 5376 2636 5450 huius
2662 5373 2965 5450 diplomatis
3001 5394 3099 5448 per
3142 5379 3297 5449 longa
3338 5388 3641 5450 temporum

2073 5443 2353 5497 intervalla
2380 5443 2734 5512 deperditum
2750 5455 2835 5501 est
2858 5465 2872 5512 ;
2914 5443 3040 5501 olim
3076 5464 3201 5503 vero
3226 5443 3488 5506 exstantis
3516 5460 3650 5509 nota.

2069 5520 2314 5584 remanet
2338 5512 2395 5584 in
2414 5515 2726 5584 membrana
2756 5517 3082 5584 nigricantc,
3130 5529 3185 5573 et
3225 5520 3548 5575 decussatim
3587 5521 3641 5575 in

2072 5580 2248 5702 crtlrcis
2278 5583 2493 5637 modum
2521 5582 2687 5639 incisa
2707 5624 2720 5650 ,
2763 5580 2988 5642 revulsis
3016 5580 3261 5643 ineisurzc
3288 5599 3517 5659 quatuor
3546 5605 3642 5648 au-

2072 5664 2135 5702 eu
2160 5666 2225 5702 IS.

2067 5664 2225 5719 guns.
