3996 6178
421 275 556 331 1075

1088 388 1321 447 LXXIV.

875 493 976 535 PRO
1009 494 1347 537 IONAS'I‘ERlO
1372 494 1418 536 Β.
1450 496 1627 539 GALLI.

1046 569 1220 641 (Anno
1251 570 1402 643 817.)

483 664 660 738 [Apud
681 665 961 736 Neugart.,
988 662 1170 721 Codex
1198 663 1594 732 Alamannicus,
1620 680 1745 738 pag.
1774 665 1922 740 165.]

478 778 537 831 In
575 776 792 832 nomine
838 776 1049 832 Domini
1078 774 1175 831 Dei
1220 783 1279 832 et
1321 775 1621 834 Salvatoris
1654 779 1825 834 nostri
1864 778 1992 837 ἔθευ

407 866 633 931 Christi,
665 864 969 922 Ludovicus
996 865 1178 921 divina
1203 866 1488 922 ordinante
1522 867 1859 937 providentia
1892 868 1993 927 im-

404 967 626 1029 perator
656 957 1235 1028 Augustusyomnibus
1267 958 1555 1013 comitibus
1591 958 1839 1030 partibus
1865 958 1994 1015 Ala-

403 1049 657 1114 manniae,
688 1063 782 1104 seu
815 1048 1220 1105 successoribus
1253 1056 1415 1118 atque
1433 1046 1739 1117 itinioribus
1772 1050 1987 1117 vestris,

403 1139 489 1196 vel
517 1140 768 1195 omnibus
805 1139 1052 1195 ﬁdelibus
1076 1139 1295 1204 nostris,
1322 1146 1508 1194 notum
1526 1139 1600 1194 sit
1625 1138 1750 1209 quia
1786 1139 1993 1209 placuit

402 1230 559 1286 nobis
581 1245 683 1300 pro
709 1230 947 1286 remedio
971 1229 1165 1284 animm
1191 1236 1414 1295 nostrae,
1439 1236 1496 1284 et
1513 1236 1731 1284 atoma;
1755 1228 1989 1284 retribu-

404 1322 565 1378 tionis
598 1320 852 1384 fructum,
881 1319 1211 1375 monasterio
1250 1318 1309 1374 S.
1343 1316 1505 1383 Galli,
1527 1318 1674 1389 quod
1696 1325 1781 1374 est
1821 1318 1989 1374 situm

400 1413 456 1466 in
476 1426 616 1482 pago
638 1410 979 1483 Durguowae,
1003 1409 1095 1465 ubi
1117 1407 1457 1466 Gauzbertus
1476 1408 1801 1465 venerabilis
1817 1408 1986 1465 abbas

399 1510 613 1573 praeest,
671 1509 726 1557 et
746 1500 1150 1572 congregationi
1178 1499 1345 1570 ipsius
1376 1497 1689 1555 monasterii
1714 1499 1985 1569 quoddam

397 1607 621 1648 censum
641 1592 709 1648 de
727 1600 914 1662 supter
942 1591 1157 1663 scriptis
1176 1590 1401 1657 mansis,
1431 1589 1562 1646 illud
1579 1591 1722 1662 quod
1741 1591 1985 1661 partibus

398 1684 657 1739 comitum
692 1683 844 1739 exire
877 1682 1106 1749 solebat,
1140 1681 1288 1738 salva
1317 1691 1498 1737 tamen
1532 1680 1832 1749 iunctione,
1862 1697 1983 1754 qua:

1547 275 1875 335 LUDOVICI
1909 278 1930 335 1
1966 278 2438 341 COGNOIIENTO
2472 284 2556 339 PII

3531 296 3659 354 £076

2025 405 2075 465 Α
2101 412 2348 463 mansum
2407 397 2721 469 Hutneperti,
2769 407 2823 455 et
2849 414 3112 473 mansum
3148 403 3382 465 Herirati
3414 410 3484 466 de
3530 413 3659 469 Tan.

2094 487 2424 559 ninghouum
2446 498 2471 537 ι
2499 508 2511 543 :
2536 489 2603 545 de
2637 489 2941 547 ministerio
2974 491 3208 550 Odalriei
3256 499 3472 556 comitis
3520 519 3662 560 man-

2093 591 2215 632 sum
2254 576 2490 634 Rihwini
2538 579 2607 635 de
2652 578 2849 636 Stetim
2878 590 2901 617 ι
2927 582 2996 637 de
3045 581 3358 642 Mavacdort‘
3375 601 3433 631 δι
3465 595 3664 653 musis

2091 666 2370 725 lsamberti
2402 709 2418 736 ,
2445 670 2841 739 etltuadberti,
2880 680 2938 727 et
2979 672 3287 745 Ruatbaldi,
3331 687 3389 736 et
3434 675 3668 751 Amolti,

2091 766 2148 813 et
2170 773 2416 815 mansum
2432 759 2695 817 Walberti
2707 762 2775 817 de
2787 761 3018 819 Fisbach
3035 764 3121 841 δξι,
3135 773 3195 821 et
3220 782 3464 828 mansum
3492 773 3665 830 Theo-

2090 850 2289 907 tramni
2302 852 2371 907 de
2389 851 2755 910 Chlusturnou
2778 865 2860 920 ω’,
2881 869 3005 925 qua:
3017 854 3155 919 ﬁunt
3177 858 3338 919 simul
3359 876 3527 927 um,
3546 864 3665 919 nul-

2090 938 2203 995 lum
2229 954 2454 1001 censum
2480 949 2574 997 aut
2605 943 2889 1010 tributum,
2931 952 3028 1009 aut
3062 960 3251 1016 opera,
3274 947 3360 1003 vel
3391 960 3665 1017 araturos,

2090 1038 2183 1086 aut
2216 1032 2352 1090 alias
2388 1033 2658 1104 quaslibet
2691 1034 2998 1093 {unctiones
3032 1038 3251 1109 exigere
3291 1048 3387 1096 aut
3412 1051 3663 1099 caelare

2087 1123 2449 1203 praesumatis,
2487 1124 2585 1181 sed
2602 1125 2744 1184 sicut
2771 1141 2872 1183 nos
2895 1126 2951 1182 in
2973 1136 3161 1187 nostra
3181 1129 3520 1203 eleemosyna
3536 1147 3663 1189 con-

2088 1214 2371 1281 cessimus,
2427 1216 2502 1270 ita
2543 1226 2805 1287 perpetuo
2844 1228 3120 1277 maneant.
3168 1219 3279 1279 Has
3303 1236 3435 1282 vero
3466 1234 3669 1281 nostne

2088 1307 2429 1364 auctoritatis
2453 1308 2680 1375 litteras,
2702 1317 2762 1365 ut
2785 1310 2855 1366 ab
2876 1310 3130 1367 omnibus
3152 1312 3345 1369 melius
3376 1314 3663 1371 credantur

2086 1404 2249 1470 atque
2287 1407 2703 1465 conserventur,
2728 1399 2798 1456 de
2832 1400 3036 1458 annulo
3064 1410 3276 1466 nostro,
3302 1404 3489 1461 subter
3499 1403 3665 1475 jussi-

2085 1505 2206 1545 mus
2230 1490 2472 1562 sigillari.

2154 1579 2442 1637 Durandus
2462 1580 2725 1640 diaconus
2752 1581 2820 1639 ad
2842 1582 3015 1639 vicem
3038 1582 3354 1643 Helisaebar
3378 1588 3663 1658 recognovi

2083 1677 2140 1725 et
2158 1670 2474 1741 subscripsi.

398 1783 508 1831 tam
537 1789 606 1830 ex
628 1791 871 1840 censum,
895 1791 1057 1845 quam
1082 1791 1151 1831 ex
1184 1776 1465 1841 tributum,
1490 1776 1577 1831 vel
1608 1776 1714 1831 alia
1742 1775 1971 1846 qualibel

2153 1760 2289 1816 Data
2322 1762 2498 1831 pridie
2523 1763 2706 1821 Nonas
2732 1762 2940 1831 Iunias,
2979 1780 3123 1823 anno
3157 1765 3375 1823 Christo
3406 1769 3666 1838 propitio,

396 1881 456 1921 re
475 1866 721 1937 partibus
745 1865 926 1936 palatii
947 1865 1117 1920 nostri
1143 1864 1298 1921 exire
1327 1862 1545 1930 debent,
1582 1879 1680 1936 per
1713 1865 1854 1921 hanc
1885 1880 1984 1922 no-

393 1944 580 2013 stram'
592 1958 968 2013 auctoritatem
1012 1957 1331 2012 concedere.
1360 1956 1429 2011 Et
1452 1965 1736 2026 propterea
1758 1958 1859 2012 has
1884 1972 1981 2014 no-

391 2062 519 2109 stra:
565 2051 988 2124 prescriptionis
1050 2051 1262 2106 litteras
1326 2051 1587 2122 praedicto
1647 2051 1981 2107 monasterio

392 2146 620 2218 ejusque
647 2145 1053 2216 congregationi
1103 2143 1222 2199 ﬁeri
1256 2141 1541 2212 iussimus,
1561 2157 1659 2213 per
1694 2156 1832 2213 quas
1858 2159 1976 2199 om-

390 2239 551 2295 nibus
585 2238 741 2295 vobis
776 2236 1118 2308 prateipimus
1152 2243 1214 2291 ut
1250 2236 1316 2292 de
1344 2235 1548 2291 mansis
1593 2234 1975 2301 denominatis,

390 2333 495 2388 hoc
536 2338 624 2387 est
651 2349 664 2384 :
695 2331 751 2385 in
792 2328 1095 2385 ministerio
1140 2326 1420 2383 Frumaldi
1464 2326 1681 2383 comitis
1726 2340 1972 2381 mansum

390 2421 645 2479 Weisarii
668 2422 725 2477 iu
750 2420 1088 2490 Huntiugun,
1117 2431 1144 2461 α
1173 2428 1229 2474 et
1254 2418 1527 2474 Puadonis
1557 2418 1612 2472 in
1635 2416 1915 2489 Cheuigun
1943 2418 1972 2458 δ

385 2524 443 2572 et
488 2517 542 2571 in
597 2513 902 2570 ministerio
934 2511 1240 2568 Cunthardi
1275 2510 1491 2567 comitis
1536 2509 1605 2565 ad
1649 2508 1897 2580 Pisingas
1945 2519 1967 2548 ο

387 2621 634 2664 mansum
650 2605 873 2661 Tatonis
901 2613 957 2659 et
976 2602 1255 2670 Cuatouis,
1278 2612 1333 2658 et
1356 2617 1609 2659 mansum
1627 2600 1886 2667 Geilonis,
1917 2608 1973 2655 et

387 2713 631 2755 mansum
660 2696 937 2763 Gozbert—i,
958 2705 1014 2751 et
1047 2706 1295 2752 mansum
1326 2694 1609 2758 Wolfonis,
1639 2704 1695 2751 et
1721 2709 1970 2750 mansum

386 2790 656 2847 Altmauui
680 2807 694 2858 ;
718 2789 773 2847 in
801 2789 1102 2846 ministerio
1130 2786 1459 2844 Karamanni
1487 2786 1701 2843 comitis
1721 2788 1789 2842 ad
1810 2786 1971 2842 Secr-

384 2883 570 2954 zingas
590 2881 617 2921 ά
642 2881 847 2937 mansis
869 2880 1030 2935 Atolll
1055 2887 1109 2936 et
1131 2879 1435 2946 Liutholdi;
1470 2879 1539 2933 ad
1567 2876 1924 2949 Swauuiugas
1943 2888 1966 2916 α

384 2990 634 3030 mansum
678 2973 933 3036 Liuholti,
965 2980 1020 3028 et
1054 2973 1121 3027 ad
1150 2971 1524 3028 Wilaresbach
1559 2970 1579 3011 ί
1614 2972 1820 3026 mansis
1858 2970 1968 3025 Ra-

384 3066 503 3122 tolti
541 3074 597 3121 et
646 3064 929 3136 Berigeri:
983 3065 1121 3120 etin
1180 3065 1483 3120 ministerio
1528 3061 1825 3120 Hhuadarii
1875 3077 1967 3118 co-

388 3157 538 3213 mitis
555 3158 582 3197 κ
608 3156 677 3212 ad
693 3155 985 3228 Teiniugas
1006 3156 1033 3196 ιι
1066 3157 1273 3213 mansis
1297 3155 1598 3222 Amalonis,
1622 3163 1677 3210 et
1690 3153 1963 3221 Gcrharti,

381 3254 437 3301 et
457 3246 749 3311 Luitharii,
775 3255 832 3302 et
850 3245 1156 3314 Wolfoerti,
1199 3256 1255 3302 et
1281 3246 1528 3313 Nilouis;
1580 3247 1648 3301 ad
1675 3245 1915 3318 Filiugas
1944 3245 1959 3285 ί

383 3336 587 3391 mansis
615 3334 849 3391 Witonis
872 3344 927 3391 et
959 3336 1267 3403 lleimonis;
1299 3338 1367 3393 ad
1408 3336 1736 3392 Nordstetim
1762 3334 1776 3385 i
1813 3350 1967 3391 man-

381 3442 500 3482 sum
525 3425 717 3483 Otonis
735 3434 788 3481 et
815 3421 1134 3497 Reginkeri;
1159 3427 1226 3481 ad
1252 3425 1478 3481 Forrum
1501 3426 1528 3467 ι
1560 3440 1804 3481 mansum
1830 3424 1966 3480 Pru-

2082 1861 2281 1923 quarto
2310 1853 2525 1923 imperii
2549 1854 2735 1912 domui
2757 1854 3012 1913 Ludovici
3040 1857 3268 1928 piissimi
3297 1859 3550 1929 Augusti,
3576 1861 3660 1917 in-

2079 1941 2315 2000 dictione
2346 1945 2414 2000 lO
2438 1944 2519 1999 ἀει.
2545 1945 2742 2003 Actum
2788 1946 3114 2019 Aquisgrani
3152 1950 3354 2022 palau'o
3383 1953 3557 2024 regio,
3608 1953 3663 2009 in

2079 2032 2180 2089 Dei
2209 2035 2427 2092 nomine
2465 2035 2698 2092 feliciter
2736 2036 2931 2093 Amen.

2765 2152 2979 2212 LXXV.

2516 2256 2617 2297 PRO
2650 2256 2825 2303 εουειι
2865 2258 3221 2303 κουλετεωο.

2692 2333 2865 2406 (Anno
2898 2334 3049 2407 818.)

2358 2422 2534 2496 [Apud
2562 2425 2845 2497 Neugart.,
2865 2427 3023 2492 ibid.,
3051 2442 3174 2500 pag.
3205 2428 3353 2501 l69.]

2143 2513 2202 2568 lu
2252 2516 2468 2571 nomine
2513 2516 2722 2571 Domini
2752 2517 2847 2573 Dei
2876 2524 2928 2572 et
2974 2517 3285 2574 .Salvatoris
3310 2518 3480 2574 nostri
3525 2518 3664 2576 Iesu

2073 2603 2307 2671 Christi,
2354 2604 2681 2672 Ludovicus,
2725 2608 2906 2663 divina
2952 2608 3241 2664 ordinante
3289 2611 3663 2680 providentia,

2074 2693 2367 2763 imperator
2392 2693 2686 2765 Augustus.

2141 2783 2274 2839 Cum
2302 2784 2439 2841 locis
2467 2787 2650 2843 divino
2692 2787 2855 2843 cultui
2907 2791 3231 2862 mancipatis
3259 2792 3510 2863 quiddam
3541 2792 3658 2849 lar-

2071 2876 2295 2947 gitionis
2339 2886 2541 2933 nostra:
2588 2895 2814 2936 munere
2861 2881 3133 2952 quippiam
3177 2884 3507 2940 conferimus
3530 2926 3548 2950 ,
3602 2888 3656 2942 id

2070 2966 2226 3021 nobis
2253 2974 2307 3022 et
2329 2968 2396 3021 ad
2417 2967 2772 3025 stabilitatem
2802 2970 3010 3041 imperii
3048 2979 3242 3040 nostri,
3272 2983 3328 3030 et
3345 2975 3411 3030 ad
3432 2985 3661 3032 {eterna

2070 3058 2193 3112 vitae
2214 3060 2496 3129 prmmium
2522 3062 2909 3131 capessendum
2935 3062 3272 3133 profuturum
3306 3066 3512 3135 liquido
3529 3083 3655 3123 cre-

1994 3121 2038 3184 C
2070 3121 2267 3232 (limus.
2314 3148 2546 3208 Proinde
2574 3121 2761 3208 uotum
2816 3121 2951 3210 esse.
2965 3154 3211 3210 volumus
3240 3121 3481 3212 omnium

2068 3239 2199 3293 lium
2228 3245 2903 3313 uostrorumprteseutium
2932 3251 2987 3300 et
3010 3245 3313 3302 futurorum
3335 3249 3647 3320 sagacitati,

2065 3329 2190 3398 quia
2233 3332 2319 3385 vir
2355 3333 2683 3390 venerabilis
2724 3334 3061 3392 Gauzliertus
3108 3337 3279 3394 abbas
3328 3342 3652 3397 monasterii

2064 3420 2239 3476 sancti
2266 3421 2429 3489 Galli,
2449 3425 2592 3495 quod
2621 3433 2707 3481 est
2730 3426 2895 3481 situm
2924 3427 2977 3482 iu
3011 3441 3149 3499 pago
3177 3427 3500 3500 Durguowe,
3517 3447 3652 3503 sug-

381 3517 526 3589 niugi
564 3524 620 3571 et
645 3515 925 3588 Waningi;
952 3518 1021 3574 ad
1047 3515 1399 3588 Speichingas
1424 3514 1442 3555 ι
1473 3531 1718 3572 mansum
1750 3515 1965 3593 Ottonis
2063 3513 2231 3581 gessit
2271 3522 2469 3570 nostra:
2492 3517 2801 3583 serenitati,
2831 3533 2897 3573 eo
2935 3521 3076 3588 quod
3104 3519 3326 3590 quidam
3357 3521 3519 3579 homo
3549 3539 3651 3578 uo-

377 3618 433 3666 et
478 3611 849 3676 Waramanni,
889 3622 946 3666 et
993 3610 1305 3690 Adalmari;
1339 3611 1408 3665 ad
1453 3609 1717 3666 Tanheim
1742 3620 1782 3649 In
1811 3623 1964 3663 man-
2060 3605 2210 3659 mine
2234 3605 2551 3678 lsingrimus
2575 3608 2705 3663 olim
2759 3624 2858 3679 per
2899 3618 3198 3667 stramenta
3228 3611 3541 3669 chartarum
3572 3614 3650 3669 le-

381 3722 502 3761 sum
554 3705 813 3762 Tuatonis
850 3726 863 3760 :
895 3706 949 3761 in
991 3704 1296 3762 ministerio
1354 3703 1709 3774 Erchaugarii
1745 3701 1962 3758 comitis
2061 3694 2255 3765 galiter
2286 3696 2606 3758 tradidisset
2646 3698 2908 3769 quasdam
2958 3713 3046 3755 res
3071 3701 3421 3771 proprietatis
3448 3718 3561 3759 sua:
3593 3706 3660 3760 in

380 3815 629 3855 mansum
664 3798 990 3855 Ruadleozzi
1014 3798 1081 3854 de
1108 3796 1371 3853 Heimhak
1402 3807 1452 3863 ι’,
1483 3804 1540 3851 et
1561 3811 1810 3851 mansum
1832 3793 1962 3850 Fre—
2057 3789 2349 3858 praesentia
2383 3789 2643 3851 nobilium
2671 3792 2912 3853 virorum
2944 3834 2959 3861 ,
3012 3810 3133 3866 qua:
3175 3804 3303 3853 sunt
3356 3797 3411 3851 in
3450 3796 3645 3853 eodem

379 3892 511 3947 hotti
545 3891 611 3946 de
639 3891 947 3947 Talahusuu
977 3898 1002 3925 ο
1022 3897 1078 3944 et
1111 3889 1315 3961 Otgarii
1338 3889 1403 3945 de
1427 3887 1704 3944 Puahhein
1737 3897 1794 3953 r;
1822 3894 1877 3941 et
1904 3885 1957 3940 in
2058 3894 2214 3951 pago,
2241 3881 2575 3937 manasterio
2597 3881 2685 3939 cui
2705 3883 2841 3953 ipse,
2866 3892 3089 3945 auctore
3103 3886 3507 3956 Deo,pr.elatus
3530 3897 3644 3953 est,

377 3981 680 4036 ministerio
705 3980 942 4037 Bihwini
961 3992 987 4031 ει
1005 3981 1220 4037 comitis
1241 3994 1487 4035 mansum
1509 3976 1729 4033 Suizolﬁ
1746 3977 1812 4032 de
1826 3976 1960 4032 Hut-
2057 3977 2113 4025 ct
2138 3971 2436 4027 secundum
2459 3972 2631 4044 legem
2654 3974 2974 4031 vestituram
3002 3975 3296 4046 legitimam
3319 3977 3640 4045 praedictum

376 4070 645 4127 tinvillare
674 4081 721 4139 τ,
771 4086 1018 4126 mansum
1055 4068 1342 4126 Gundwiui
1372 4070 1438 4125 de
1473 4067 1900 4124 Chezzinvillare
1931 4078 1952 4105 ι
2056 4062 2338 4119 habuisset
2374 4065 2781 4121 monasterium.
2830 4064 2937 4122 Sed
2994 4067 3121 4123 dum
3159 4067 3451 4139 praedictus
3504 4069 3641 4125 lsin-

376 4160 518 4216 inter
554 4159 836 4215 Kiselmari
866 4169 920 4215 et
964 4161 1195 4216 Faceoni
1222 4175 1466 4215 mansum
1504 4175 1691 4225 unum,
1725 4167 1783 4214 et
1805 4174 1957 4214 man—
2053 4153 2261 4224 grimus
2288 4154 2522 4212 inﬁdelis
2550 4156 2708 4213 nobis
2737 4158 3015 4226 existeret,
3047 4167 3104 4214 et
3142 4160 3198 4215 in
3225 4159 3413 4215 eadem
3441 4161 3634 4217 inlide-

375 4266 497 4306 sum
525 4249 804 4320 Roatperti
843 4252 910 4306 de
928 4250 1357 4331 Lauchasalachi
1395 4252 1435 4315 ί,
1467 4259 1529 4307 et
1571 4250 1708 4305 duos
1736 4264 1954 4304 mansos
2054 4243 2206 4302 litate
2230 4246 2569 4315 interfectus,
2598 4264 2686 4305 res
2711 4252 2980 4323 proprias,
3012 4267 3152 4322 quas
3184 4253 3453 4320 habebat,
3502 4255 3634 4311 fisco

374 4340 440 4394 de
463 4339 735 4394 Zilleslata
762 4352 812 4407 ιι,
843 4349 899 4395 et
926 4356 1171 4397 mansum
1199 4340 1476 4407 Amalrici,
1500 4349 1555 4397 et
1583 4339 1859 4395 Balduvini
1887 4339 1955 4394 dc
2053 4338 2291 4393 reducta:
2327 4348 2483 4394 sunt:
2511 4341 2763 4397 similiter
2795 4351 2852 4398 et
2907 4343 3064 4410 istas,
3094 4360 3230 4416 quas
3270 4345 3473 4402 dudum
3503 4347 3634 4419 legi—

374 4429 673 4487 llebinhow
700 4441 747 4499 ν,
773 4439 829 4487 et
854 4447 1100 4489 mansum
1125 4432 1379 4489 Puwouis
1406 4432 1473 4487 de
1491 4431 1798 4488 lﬁnvu’ltare
1827 4444 1874 4496 ι,
1895 4441 1958 4488 et
1974 4460 2027 4521 Β
2053 4428 2186 4485 timo
2224 4431 2413 4487 ordine
2448 4432 2705 4502 praedicto
2739 4433 3034 4491 tradiderat
3086 4438 3449 4505 monasterio,
3502 4439 3635 4496 ﬁsco

2054 4591 2248 4665 rimus,
2302 4591 2380 4647 uti
2427 4593 2759 4665 et_eomites
2797 4592 3171 4665 Frumoldum,
3230 4594 3635 4665 Cunthardum,

2053 4661 2476 4737 Raramannum,
2493 4663 2883 4737 Rhuadar_ium,
2907 4672 2964 4737 et
2990 4663 3449 4737 Erehaugarium.

2121 4743 2149 4782 ιι
2191 4731 2696 4804 ξζϋηυὶῃωιροωβδ
2720 4733 3024 4804 Turgovize.

2128 4812 2155 4840 τ
2191 4800 2739 4874 (ζωοίιβρτοεείοεο

2123 4884 2146 4912 ι
2198 4872 2476 4943 Κοσωεὶιεὶι
2504 4873 2556 4928 in
2576 4872 2745 4943 Ταῖς.

2128 4944 2144 4982 ί
2184 4942 2570 5013 ῳῃάεσῂιαώε
2594 4944 2864 5013 parrochia:
2901 4944 3098 5000 Altnau
3128 4945 3200 5001 ib.

2118 5024 2145 5096 ξ
2201 5010 2501 5096 Ξὶιιεεήιαοι
2520 5010 2796 5096 parochia:
2822 5013 3114 5096 Sitterdorf
3144 5016 3222 5072 ib.

2082 5091 2145 5166 .'
2196 5080 2446 5149 Hennam,
2483 5080 2636 5140 vicus
2676 5099 2800 5139 cum
2850 5084 3082 5141 ecclesia
3119 5089 3340 5156 paroch.
3375 5104 3464 5160 ap.
3488 5090 3620 5160 Tog-

2022 5164 2180 5225 'gios.

443 4595 472 4659 ξ
511 4581 852 4659 ῌοαᾴίπθειι,
875 4602 1043 4658 prope
1065 4585 1678 4659 arcentFurstenbergIt.

440 4651 473 4694 ιτ
503 4649 799 4728 ᾁᾳῃὶηρῶι,
823 4649 1022 4728 ἱὶιέθρ.
1054 4673 1167 4728 rur.
1200 4658 1515 4727 Wurmling.

445 4733 468 4797 ς
510 4722 781 4797 βίξὶηρεη,
797 4728 938 4783 inter
952 4722 1247 4797 Bahlingeu
1264 4735 1320 4782 et
1331 4722 1510 4784 arcem
1526 4726 1940 4783 Hohcuzollern.

440 4791 469 4835 δ
500 4790 873 4867 δᾲεῄενὶὶησεη,
907 4797 961 4851 iu
993 4812 1109 4866 cap.
1136 4790 1327 4867 Ebiug.

446 4874 471 4940 ξ
515 4861 927 4940 ἕρήψεηίᾇιῃεριε
948 4868 1015 4921 ad
1040 4861 1185 4940 δέει-ἱ
1207 4861 1401 4940 fontes,
1427 4883 1594 4940 prope
1638 4867 1923 4940 Villingeu.

443 4932 468 5010 ξ
517 4932 870 5010 Weilgrsboclt
881 4978 896 5002 ,
909 4938 1059 5010 inter
1072 4936 1356 4992 Botwilam
1372 4932 1649 4994 et'dic'tum
1668 4932 1942 5010 oppidum.

441 5005 469 5046 ⁸
505 5004 615 5072 AL,
641 5003 1089 5062 Ruadhariicom.

437 5075 465 5148 ιξ
510 5072 838 5148 running“,
861 5091 1053 5148 versus
1090 5075 1529 5148 Fami-Montem.

446 5146 465 5221 ξ
517 5142 741 5221 [ξιιὶῃςᾶ
774 5147 1052 5216 oppidum,
1079 5156 1134 5221 et
1164 5147 1315 5221 vicus
1342 5147 1515 5203 Haud.

442 5215 456 5288 ξ
507 5215 562 5288 1]
565 5215 868 5288 ordsteueit,
894 5232 1060 5288 prope
1085 5218 1248 5275 Horb.

340 5328 343 5331 .
442 5285 470 5326 ι
512 5282 812 5354 Pforlzeim,
840 5282 910 5343 ad
940 5282 1241 5343 Danubium
1272 5288 1413 5342 inter
1449 5303 1630 5345 arcem
1650 5288 1895 5345 Warten.

328 5353 353 5379 ’⁵
443 5354 462 5396 1
507 5353 874 5430 §peiehingeu,
896 5359 949 5430 iu
981 5359 1165 5415 comit.
1199 5358 1573 5430 llocheuberg.

438 5435 481 5467 ιι
519 5426 771 5482 Tanlteini
806 5429 884 5484 dit
910 5429 1096 5486 Furst.

440 5505 465 5532 ιι
507 5493 835 5570 ﬁeignbach,
883 5514 1049 5570 prepe
1088 5501 1338 5557 Dorhnan
1379 5499 1654 5570 oppidum.

418 5571 465 5621 ,ο
505 5564 825 5635 Thalausen,
849 5564 1296 5627 infra-Romilam
1326 5573 1393 5627 ad
1414 5564 1653 5627 Nicrum.

442 5645 468 5683 Ρ
508 5634 778 5711 Bucchen,
805 5639 1076 5711 Burneim,
1103 5643 1244 5711 quod
1270 5659 1391 5696 cum
1433 5644 1644 5697 emlcris
1664 5641 1793 5697 locis
1815 5642 1941 5700 hac-

371 5713 526 5760 tenus
573 5708 853 5761 recensitis
881 5709 947 5761 ad
984 5708 1219 5766 veterem
1254 5711 1753 5768 Bertholdcsharam
1804 5715 1941 5772 refe-

2118 5238 2144 5267 x
2184 5222 2355 5347 greci]
2378 5225 2647 5295 parochiae
2679 5222 2958 5306 Bichelsee
2981 5228 3034 5283 in
3072 5227 3237 5299 Turg.

2114 5303 2146 5343 1
2236 5293 2443 5351 ωηιΙεοη
2491 5296 2578 5351 vel
2602 5295 2932 5351 Tenmclten.

2120 5374 2151 5402 ι·
2195 5363 2600 5448 διειιᾳηΛρνορθ
2632 5364 3024 5439 Marisburgum
3048 5368 3101 5423 in
3134 5369 3446 5437 Liuzeovia,
3468 5368 3612 5439 cujus

2047 5449 2228 5491 comes
2250 5442 2370 5490 erat
2396 5435 2680 5491 Odericus.

2119 5517 2175 5577 es
2218 5505 2418 5577 [gnere
2444 5505 2651 5577 librarii
2675 5521 2775 5577 pro
2795 5505 3129 5574 Maracdori‘,
3156 5509 3444 5565 Markdorl'.

2118 5576 2181 5617 hb
2220 5574 2530 5630 Fischbaclt.

2119 5658 2174 5684 σε
2208 5644 2472 5714 Klnflern.

2115 5715 2171 5755 dd
2188 5715 2415 5771 lndictio
2436 5715 2499 5772 10
2517 5719 2767 5777 currebat
2788 5734 2873 5775 an.
2890 5720 3014 5786 817,
3030 5720 3284 5776 Ludovici
3299 5720 3378 5775 Pii
3399 5723 3601 5790 quarto.
