3946 6174
349 313 484 369 1077

1485 304 1880 362 DlPLOMATA
1921 303 2474 364 ECCLESIASTICA.

3479 319 3613 373 1078

341 428 566 484 sociata
601 427 746 477 sunt.
779 419 888 476 Nos
911 435 1040 476 vero
1064 419 1327 490 iussimus
1374 420 1639 476 Rieltoino
1689 419 1870 475 comiti
1897 433 1922 461 ιι
1953 422 2005 480 Α
2027 419 2284 488 possidet,
2310 420 2393 474 vel
2422 435 2543 490 qua
2593 421 2849 491 deinceps
2877 421 2928 476 in
2949 422 3072 492 jure
3101 424 3271 494 ipsius
3306 429 3480 481 sancti
3509 429 3615 485 loci

349 519 485 571 hanc
513 528 628 568 rem
654 512 942 583 diligenter
977 513 1252 582 inquirere
1273 553 1288 578 ,
1341 519 1397 567 et
1453 512 1609 566 nobis
1650 511 1922 566 nuntiare.

351 607 449 674 Qui
477 605 545 660 ad
568 619 668 660 nos
692 604 952 668 veniens,
1007 612 1062 660 et
1107 619 1223 660 rem
1274 603 1561 674 diligenter
1607 601 1924 672 inquisitam

347 697 617 753 nuntiavit
646 697 722 750 ita
745 711 804 750 se
825 696 1049 762 habere,
1064 697 1204 752 sicut
1227 696 1340 768 ipse
1362 694 1701 764 Gau-zpertus
1720 708 1928 750 assere-

345 787 457 841 bat.
493 786 648 842 Unde
675 785 878 855 placuit
913 784 1247 840 excellentia
1289 772 1489 839 nostra
1509 784 1579 838 ob
1615 782 1808 837 anima
1829 798 1927 837 no—

341 884 474 931 stra
500 875 925 930 emolumentum
952 874 1296 944 prascriptas
1343 887 1453 937 res,
1487 887 1622 943 quas
1669 869 1928 941 prafatus

341 968 660 1036 [singrimus
687 966 947 1037 pradicto
971 964 1194 1024 tradidit
1239 963 1590 1029 monasterio,
1617 977 1729 1018 non
1751 962 1925 1018 solum

344 1057 594 1124 reddere,
625 1073 813 1112 verum
841 1057 1005 1112 etiam
1026 1066 1083 1111 et
1101 1071 1201 1127 per
1238 1056 1380 1111 hanc
1408 1063 1608 1111 nostra
1634 1054 1928 1110 auctorita—

342 1151 415 1204 tis
472 1148 937 1204 conﬁrmationem
974 1147 1232 1218 pradicto
1279 1146 1398 1202 ﬁeri
1454 1146 1805 1213 monasterio,
1831 1161 1929 1216 per

339 1253 507 1308 quam
529 1238 800 1293 modernis
827 1235 1132 1307 futurisque
1155 1237 1488 1306 temporibus
1528 1244 1770 1291 rectores
1791 1250 1929 1306 pra-

337 1329 610 1384 nominati
636 1329 952 1385 monasterii
983 1337 1209 1385 teneant
1253 1337 1414 1399 atque
1441 1329 1776 1400 possideant.
1829 1330 1929 1385 De-

335 1422 622 1478 cernimus
652 1422 815 1492 igitur
847 1429 1012 1493 atque
1050 1420 1302 1491 iubemus
1323 1463 1339 1488 ,
1371 1431 1430 1476 ut
1489 1421 1666 1476 nullus
1705 1421 1931 1492 quilibet

335 1513 546 1568 nostris
604 1521 660 1568 et
689 1512 888 1568 futuris
946 1513 1280 1584 temporibus
1315 1512 1604 1584 praedictas
1627 1527 1716 1567 res
1738 1554 1752 1579 ,
1792 1528 1928 1583 quas

331 1601 690 1671 praescriptus
727 1601 1040 1672 lsingrimus
1079 1601 1228 1671 iuste
1280 1609 1337 1657 et
1382 1601 1626 1673 legaliter
1670 1602 1930 1673 pradicto

332 1691 565 1746 tradidit
593 1692 946 1757 monasterio,
978 1692 1046 1748 de
1066 1692 1256 1747 eodem
1287 1692 1539 1748 coenobio
1577 1693 1924 1758 abstrahere,

2029 509 2259 564 voluerit
2280 509 2462 564 divina
2511 510 2685 581 pictas
2733 513 2937 581 augeri,
2965 513 3033 567 ad
3058 529 3250 572 causas
3283 517 3616 589 audiendas,

2026 598 2110 653 vel
2138 598 2290 654 freda
2311 610 2334 639 ε
2363 600 2650 672 exigenda,
2681 611 2774 656 aut
2798 603 3109 659 mansiones
3133 604 3160 643 ά
3190 607 3274 662 vel
3319 619 3538 677 paratas
3565 623 3616 680 ε,

2028 689 2302 745 faciendas
2326 731 2340 756 ,
2398 699 2491 745 aut
2530 690 2873 760 fideiussores
2902 693 3199 761 tollendos,
3239 707 3333 752 aut
3370 699 3620 758 homines

2027 781 2196 851 ipsius
2225 783 2564 849 monasterii,
2602 791 2711 837 tam
2738 783 2998 854 ingenuos
3021 801 3186 856 quam
3217 796 3273 842 et
3299 803 3508 857 servos,
3526 806 3618 847 su-

2027 888 2127 942 per
2162 882 2364 930 terram
2391 875 2562 946 ipsius
2585 884 3014 943 commanentes,
3060 877 3513 936 irrationabiliter
3538 881 3619 938 di-

2028 965 2390 1035 SIringendos,
2420 980 2524 1020 nec
2551 965 2689 1022 ullas
2709 966 3122 1034 redhibitiones,
3145 976 3237 1023 aut
3270 968 3490 1026 illicitas
3527 986 3621 1028 oc-

2027 1055 2274 1111 casiones
2305 1056 2659 1127 requirendus
2706 1058 2907 1114 nostris
2950 1067 3006 1114 et
3050 1057 3249 1116 futuris
3279 1064 3620 1132 temporibus

2027 1147 2237 1219 ingredi
2261 1148 2502 1214 auderet,
2532 1149 2617 1204 vel
2655 1164 2718 1204 ea
2757 1165 2877 1220 qua
2916 1166 3080 1222 supra
3107 1164 3406 1209 memorata
3455 1166 3617 1227 sunt,

2027 1240 2245 1310 penitus
2291 1241 2508 1311 exigere
2563 1250 2925 1312 prasumant;
2967 1244 3064 1298 sed
3109 1244 3268 1300 liceat
3319 1260 3622 1305 memorato

2029 1327 2244 1394 abbati,
2294 1329 2514 1398 suisque
2544 1329 2972 1396 successoribus,
3021 1346 3111 1386 res
3146 1332 3390 1403 praedicti
3433 1351 3621 1391 mona-

2030 1419 2181 1474 sterii
2219 1434 2343 1474 cum
2385 1420 2637 1476 omnibus
2681 1420 2783 1475 sibi
2815 1420 3104 1490 subjectis,
3157 1432 3212 1480 et
3249 1427 3414 1482 rebus
3443 1435 3498 1482 et
3522 1428 3622 1482 bo—

2030 1510 2266 1565 minibus
2307 1509 2377 1566 ad
2428 1524 2487 1565 se
2554 1510 2698 1580 iuste
2752 1512 3143 1584 aspicientibus
3190 1515 3277 1570 vel
3325 1518 3622 1586 pertinen-

2031 1600 2174 1655 tibus
2217 1599 2317 1655 sub
2365 1599 2608 1655 tuitiouis
2635 1609 2799 1670 atque
2856 1602 3218 1661 immunitatis
3269 1617 3471 1664 nostra
3523 1610 3618 1664 de‘

2031 1687 2309 1755 fensione,
2367 1697 2577 1745 remota
2634 1692 2801 1747 totius
2846 1690 3149 1761 iudiciaria
3192 1699 3480 1766 potestatis
3535 1699 3619 1753 in-

328 1790 426 1838 aut
446 1783 694 1853 aliquam
738 1781 994 1852 iniustam
1010 1783 1474 1851 calumniam,aut
1500 1784 1930 1854 inquietudinem
1957 1775 2004 1836 B
2032 1779 2367 1850 quietudine,
2396 1781 2580 1850 quieto
2611 1781 2800 1837 ordine
2849 1783 3150 1853 possidere,
3187 1793 3242 1840 et
3276 1795 3466 1842 nostro
3493 1787 3626 1843 ﬁde—

321 1882 529 1927 conrra
554 1872 732 1942 ipsum
775 1872 1106 1937 coenobium,
1142 1871 1371 1943 eiusque
1423 1872 1723 1928 rectoribus
1751 1872 1930 1928 facere

320 1972 417 2017 aut
485 1962 734 2034 ingerere
761 1970 1056 2033 prasamat
1095 1961 1237 2017 :‘sed
1272 1961 1534 2032 quidquid
1563 1963 1630 2018 de
1667 1963 1798 2032 ipsis
1845 1962 1930 2016 vel

322 2055 381 2109 in
411 2053 558 2124 ipsis
592 2052 803 2123 pralati
825 2053 994 2123 ipsius
1015 2053 1335 2108 monasterii
1362 2093 1377 2118 ,
1426 2053 1496 2107 ob
1527 2052 1817 2107 utilitatem
1874 2061 1930 2108 et

326 2145 643 2217 profectum
672 2143 912 2212 eiusdem
949 2144 1130 2200 facere
1159 2144 1453 2209 voluerint,
1481 2143 1654 2199 libero
1673 2144 1727 2198 in
1756 2144 1930 2199 omni-

331 2237 436 2292 bus
471 2233 822 2305 perfruantur
853 2235 1109 2290 arbritrio
1129 2233 1386 2290 faciendi.
1411 2233 1480 2288 Et
1519 2234 1718 2288 uthac
1746 2245 1932 2290 aucto-

333 2325 480 2378 ritas
510 2323 806 2377 ﬁrmiorem
832 2321 1076 2377 obtineat
1122 2323 1385 2391 vigorem,
1417 2324 1484 2377 de
1514 2323 1715 2377 annulo
1745 2331 1931 2378 nostro

335 2413 532 2467 subter
548 2426 670 2466 eam
691 2410 958 2480 iussimus
981 2411 1223 2482 sigillari.

410 2503 701 2558 Durandus
728 2502 993 2559 diaconus
1006 2503 1074 2558 ad
1089 2503 1264 2559 vicem
1291 2503 1610 2560 Helisachar
1639 2504 1932 2575 recognovi

336 2601 398 2648 et
432 2593 750 2664 subscripsi.

410 2687 547 2741 Data
569 2702 623 2741 tv
638 2685 820 2742 Nonas
843 2685 1032 2741 lunias
1054 2699 1216 2751 anno,
1240 2683 1456 2741 Christo
1473 2684 1932 2756 propitio,quinto

335 2779 558 2848 imperii
593 2779 778 2834 domui
829 2777 1090 2833 Ludovici
1120 2777 1452 2834 serenissimi
1487 2777 1745 2849 Augusti,
1792 2776 1932 2832 indi—

335 2872 521 2927 ctione
551 2871 610 2925 Η
646 2872 696 2925 b.
730 2869 926 2926 Actum
952 2870 1275 2941 Aquisgrani
1320 2870 1518 2941 palatio
1554 2871 1704 2940 regio
1739 2871 1794 2925 in
1835 2870 1931 2926 Dei

339 2963 568 3018 nomine
598 2960 855 3017 feliciter.
885 2965 1076 3016 Amen.

1011 3051 1244 3107 LXXVI.

788 3161 890 3202 PRO
926 3159 1103 3200 EODEM
1142 3160 1496 3202 MONASTEBIO.

955 3235 1128 3308 (Anno
1167 3236 1316 3306 8l8.)
1363 3287 1369 3291 .

339 3330 532 3403 [Apud
580 3329 864 3401 Neugart.,
903 3328 1056 3403 igid._
1095 3344 1162 3403 es
1199 3326 1518 3403 goltectione
1568 3329 1926 3401 diplomatt'ca,

934 3397 998 3452 D.
1026 3399 1092 3454 de
1114 3397 1324 3472 Halle.]

413 3491 474 3548 In
507 3491 726 3547 nomine
758 3489 973 3545 Domini
1012 3488 1111 3545 Dei
1141 3496 1198 3544 et
1228 3488 1526 3546 Salvatoris
1575 3491 1750 3546 nostri
1799 3486 1928 3547 Jesu

335 3586 564 3651 Christi,
590 3584 916 3648 Ludovicus,
939 3581 1120 3636 divina
1146 3581 1434 3636 ordinante
1452 3581 1932 3650 providentia,im-

336 3681 560 3742 perator
584 3672 860 3740 Augustus

414 3762 549 3817 Cum
573 3759 923 3829 petitionibus
941 3770 1222 3812 servorum
1248 3754 1344 3812 Dei
1365 3753 1526 3823 iustis
1551 3763 1606 3810 et
1626 3756 1930 3811 rationabi-

337 3854 484 3908 libus
512 3849 679 3907 divini
708 3849 885 3905 cultus
910 3863 1096 3903 amore
1137 3846 1403 3912 favemus,
1427 3847 1646 3916 superni
1690 3846 1930 3901 muneris

338 3945 545 4000 donqu
573 3941 730 3996 nobis
775 3956 805 3994 a
843 3939 1072 3995 Domino
1118 3937 1383 4010 impertiri
1428 3936 1816 4010 [conﬁdimus].
1848 3936 1932 3993 ld-

337 4036 494 4092 circo
524 4043 709 4089 notum
738 4049 858 4089 esse
886 4033 1135 4088 volumus
1174 4030 1421 4086 omnibus
1457 4028 1704 4086 fidelibus
1730 4035 1931 4085 sancta

336 4125 442 4182 Dei
489 4123 763 4189 Ecclesia,
788 4132 842 4178 ct
871 4122 1091 4189 nostris,
1128 4121 1484 4193 praesentibus
1510 4120 1716 4176 scilicet
1744 4129 1799 4176 et
1842 4119 1928 4174 fu-

338 4217 506 4281 turis,
538 4217 665 4290 quia
700 4215 1090 4272 monasterium
1123 4212 1180 4268 S.
1233 4212 1404 4277 Galli,
1458 4213 1602 4284 quod
1637 4221 1722 4268 est
1766 4213 1930 4268 situm

340 4309 401 4362 in
426 4322 565 4378 pago
591 4307 918 4378 Durguowe,
950 4305 1041 4360 ubi
1097 4304 1422 4360 venerabilis
1452 4305 1537 4359 vir
1595 4303 1933 4360 Gauzbertus

341 4398 514 4453 abbas
544 4406 758 4468 praeest,
797 4397 941 4467 quod
966 4395 1268 4466 subiectum
1309 4394 1412 4451 fuit
1434 4397 1768 4467 episcopatui
1793 4412 1927 4452 san-

2031 1871 2154 1926 liter
2177 1886 2370 1941 parere
2399 1872 2629 1943 imperio
2654 1892 2666 1927 :
2695 1881 2964 1944 quatenus
3019 1877 3166 1945 ipsos
3196 1880 3496 1935 monachos
3527 1881 3624 1950 qui

2033 1961 2234 2018 ibidem
2260 1963 2372 2018 Deo
2395 1962 2644 2019 famulari
2673 1965 2946 2032 videntur,
2972 1967 3154 2036 quiete
3180 1969 3626 2037 consistentibus,
3673 2020 3676 2022 _

2031 2068 2130 2124 pro
2164 2053 2321 2108 nobis
2345 2061 2402 2108 et
2429 2053 2680 2125 coniuge,
2710 2054 2972 2128 proleque
2993 2065 3198 2125 nostra,
3233 2068 3394 2130 atque
3421 2061 3630 2117 stabili.

2031 2153 2145 2201 tate
2177 2145 2342 2201 totius
2372 2144 2586 2216 imperii
2613 2162 2646 2200 a
2673 2145 2785 2202 Deo
2815 2147 2973 2203 nobis
3004 2147 3206 2217 collati,
3233 2148 3458 2221 eiusque
3510 2151 3626 2208 cle-

2033 2235 2370 2292 mentissima
2399 2235 2753 2291 miseratione
2787 2252 2886 2306 per
2919 2237 3247 2294 immensam
3271 2241 3629 2296 conservandi

2025 2322 2228 2393 iugiter
2249 2323 2467 2379 Domini
2488 2324 2924 2380 misericordiam
2945 2341 3175 2382 exorare
3209 2327 3457 2384 delectet.
3475 2329 3630 2385 Hane

2030 2415 2216 2484 itaque
2250 2414 2650 2480 auctoritatem,
2675 2423 2736 2470 ut
2759 2415 3054 2486 pleniorem
3082 2417 3138 2472 in
3169 2417 3266 2472 Dei
3293 2419 3510 2474 nomine
3531 2421 3629 2475 ba.

2032 2508 2520 2575 beat‘ﬁrmitatem,
2551 2516 2608 2564 et
2635 2524 2667 2563 a
2718 2509 2970 2566 ﬁdelibus
2999 2519 3202 2566 sancta
3237 2511 3496 2568 Ecclesia
3519 2553 3534 2580 ,
3573 2523 3632 2568 et

2031 2598 2236 2655 nostris
2273 2599 2455 2655 verius
2483 2600 2756 2666 credatur,
2782 2608 2836 2655 et
2871 2600 3182 2669 diligentius
3233 2611 3621 2670 conservetur,

2031 2688 2101 2744 de
2130 2688 2331 2744 annulo
2357 2698 2546 2745 nostro
2575 2689 2763 2745 subter
2778 2689 3044 2760 iussimus
3076 2690 3322 2762 sigillari.

2106 2779 2397 2835 Duraudus
2424 2780 2685 2836 diaconus
2711 2778 2779 2835 ad
2803 2779 2981 2835 vicem
3004 2779 3324 2836 Helisachar
3341 2782 3644 2854 recognovi.

2033 2879 2090 2926 et
2111 2871 2429 2942 subscripsi.

2106 2963 2242 3018 Data
2292 2979 2352 3018 ιιι
2389 2963 2572 3020 Nonas
2599 2961 2830 3031 lunias,
2872 2979 3041 3031 anno,
3088 2963 3308 3021 Christo
3357 2965 3638 3035 propitio,.

2035 3056 2226 3126 quinto
2263 3056 2477 3127 imperii
2502 3055 2761 3112 Ludovici
2792 3057 3024 3127 piissimi
3057 3057 3306 3130 Augusti,
3336 3057 3631 3114 indictione

1959 3117 2004 3180 (ἶ
2037 3117 2096 3200 1-1
2131 3143 2179 3197 ί.
2207 3117 2402 3199 Actum
2438 3144 2762 3216 Aquisgrani
2792 3117 3005 3217 palatio
3030 3117 3179 3220 regio
3205 3148 3261 3204 in
3287 3117 3382 3204 Dei
3412 3147 3636 3205 nomine

2032 3235 2283 3293 feliciter.
2313 3236 2514 3295 Amen.

2700 3327 2962 3385 LXXVII.

2387 3431 2490 3474 PRO
2527 3430 2864 3474 MONASTEBIO
2900 3432 3262 3478 FLORILCENBI.

2636 3508 2824 3582 (Anno
2862 3508 3022 3580 sis.)

2035 3597 2222 3670 [Apud
2248 3598 2313 3652 ι).
2344 3597 2635 3670 Bouquet.,
2658 3599 2820 3670 ῥίφω,
2839 3613 2971 3670 pag.
3017 3599 3157 3670 5H,
3190 3613 3261 3654 ex
3289 3585 3531 3670 Perardo
3569 3600 3628 3658 in

2208 3667 2458 3721 instrum.
2477 3667 2490 3670 ’
2514 3683 2613 3737 pro
2648 3667 2791 3721 Hist.
2831 3667 3132 3738 Burgund.,
3163 3684 3284 3740 pag.
3313 3667 3445 3741 46.]

2103 3753 2160 3808 ln
2193 3755 2411 3808 nomine
2455 3753 2669 3808 Domini
2711 3754 2808 3808 Dei
2838 3762 2892 3808 et
2923 3753 3226 3810 Salvatoris
3267 3757 3438 3814 nostri
3491 3755 3622 3816 Iesu

2032 3842 2257 3909 Christi,
2279 3843 2606 3910 Ludovicus,
2635 3843 2814 3901 divina
2841 3843 3126 3900 ordinante
3151 3845 3510 3916 providentia,
3529 3849 3626 3904 im-

2034 3942 2256 4006 perator
2283 3933 2576 4003 Augustus.

2100 4023 2239 4079 Cum
2271 4023 2624 4096 petitionibus
2650 4038 2930 4079 servorum
2959 4024 3056 4080 Dei
3105 4024 3266 4095 iustis
3289 4036 3343 4082 et
3393 4029 3624 4084 rationa-

2030 4115 2230 4172 bilibus
2258 4115 2426 4171 divini
2457 4116 2634 4171 cultus
2686 4130 2872 4171 amore
2900 4101 3179 4184 favemus,
3234 4133 3468 4190 superna
3522 4137 3622 4176 nos

2033 4209 2209 4280 gratia
2237 4209 2437 4264 muniri
2467 4225 2574 4266 non
2606 4209 2950 4279 ambigimus.
2981 4209 3180 4265 Notum
3208 4211 3279 4265 sit
3318 4211 3481 4283 igitur
3502 4228 3623 4267 om-

2033 4299 2194 4354 nibus
2224 4296 2472 4352 ﬁdelibus
2504 4306 2706 4354 sancta
2736 4298 2831 4353 Dei
2857 4299 3114 4355 Ecclesia
3159 4307 3214 4354 et
3259 4301 3478 4368 nostris,
3506 4309 3617 4356 tam

2031 4390 2393 4462 prasentibus
2422 4406 2584 4460 quam
2623 4389 2842 4457 futuris,
2871 4393 3015 4462 quod
3056 4393 3248 4448 detulit
3275 4395 3432 4449 nobis
3457 4409 3622 4450 vene-

339 4499 446 4547 eta
473 4458 714 4544 ecclesia
743 4458 1092 4552 Constantia,
1123 4486 1214 4541 ubi
1245 4487 1404 4542 modo
1447 4458 1782 4545 Wolﬁeozuo
1813 4490 1928 4558 epi-
1952 4458 2007 4518 Β
2033 4458 2218 4538 rabilis
2242 4483 2326 4537 vir
2357 4458 2702 4553 Adalgandus
2731 4458 2905 4537 abbas
2942 4496 3010 4536 ex
3063 4485 3390 4539 monasterio
3441 4487 3616 4540 sancti

341 4594 544 4650 sc0pus
571 4589 787 4647 praest,
811 4593 934 4635 cum
986 4575 1270 4634 monachis
1295 4576 1492 4634 ibidem
1531 4576 1762 4634 Domino
1791 4578 1929 4633 mili-

342 4669 608 4734 tantibus,
642 4683 764 4724 cum
800 4668 962 4721 rebus
989 4675 1045 4722 et
1085 4667 1394 4722 hominibus
1422 4666 1524 4723 sibi
1551 4666 1841 4736 subiectis,
1872 4677 1929 4723 et

339 4757 588 4828 legaliter
623 4755 1008 4825 aspicientibus
1033 4755 1118 4810 vel
1167 4756 1563 4826 pertinentibus
1611 4757 1712 4812 sub
1741 4765 1926 4814 nostra

341 4846 682 4916 suscepimus
743 4845 1086 4912 defensione,
1146 4857 1203 4900 et
1273 4847 1630 4903 immunitatis
1676 4848 1921 4904 tuitione.

341 4939 728 5008 Praecipientes
753 4952 883 5010 ergo
917 4937 1200 5010 iubemus,
1248 4947 1308 4996 ut
1332 4938 1508 4994 nullus
1537 4937 1704 5008 iudex
1753 4941 1929 5010 publi-

343 5047 464 5096 cus,
490 5031 576 5086 vel
591 5030 843 5100 quislibet
872 5046 936 5086 ex
963 5030 1248 5100 iudiciaria
1273 5039 1542 5101 potestate
1585 5031 1640 5084 in
1668 5031 1929 5089 ecclesias

342 5129 440 5176 aut
467 5121 607 5188 loca,
638 5121 723 5175 vel
749 5137 930 5192 agros,
963 5136 1058 5177 seu
1082 5123 1322 5191 reliquas
1374 5121 1767 5191 possessiones,
1793 5137 1927 5191 quas

347 5214 603 5270 moderno
646 5222 888 5282 tempore
915 5215 968 5268 in
1018 5216 1346 5284 quibuslibet
1371 5216 1556 5287 pagis,
1597 5215 1680 5271 vel
1710 5216 1928 5271 territo-

348 5304 442 5359 riis
469 5302 607 5360 infra
635 5303 894 5359 ditionem
924 5304 1135 5374 imperii
1181 5307 1351 5362 nostri
1391 5305 1537 5374 iuste
1579 5315 1634 5362 et
1685 5307 1928 5378 legaliter

416 5447 445 5509 ξι
481 5435 802 5509 Bichoinus,
833 5434 906 5489 al.
941 5435 1283 5509 Ricliwinus,
1311 5455 1490 5496 comes
1518 5440 1816 5509 Turgovia.

418 5505 446 5544 ιι
482 5504 640 5560 Αιιιιο
663 5507 767 5562 818
796 5507 1046 5560 currebat
1068 5507 1288 5564 indictio
1329 5509 1413 5563 ll.

422 5585 444 5648 ς
481 5575 735 5648 [reduxi],
768 5575 984 5648 mulcta,
1013 5577 1095 5630 vel
1121 5580 1284 5632 etiam
1319 5580 1520 5648 quavis
1549 5576 1779 5633 exactio.

418 5643 445 5684 ει
487 5644 691 5700 Mausio
713 5648 816 5717 hoc
840 5645 956 5701 loco
982 5662 1078 5716 pro
1105 5648 1284 5702 debito
1312 5643 1590 5717 accipitur,
1621 5649 1816 5704 missos
1829 5665 1922 5704 seu

349 5713 555 5784 legatos
583 5715 861 5786 pr'ueipis,
896 5713 1089 5774 aliusve
1142 5719 1380 5784 publicas
1406 5713 1665 5786 personas
1687 5720 1923 5788 hospitio

2032 4575 2307 4632 Benedicti
2329 4574 2710 4639 Floriacensis,
2726 4573 2868 4644 quod
2896 4581 2980 4628 est
3005 4580 3374 4630 constructum
3397 4573 3452 4628 in
3474 4591 3616 4647 pago

2032 4669 2409 4726 Aurelianensi
2431 4682 2593 4737 super
2611 4665 2833 4721 ﬁuvium
2873 4665 3101 4736 Ligeris,
3127 4666 3217 4721 ubi
3247 4666 3361 4735 ipse
3397 4674 3620 4722 sanctus

2032 4762 2358 4819 Benedictus
2385 4775 2610 4832 corpore
2638 4759 2948 4830 requiescit,
2977 4759 3327 4814 auctoritates
3355 4758 3616 4815 immuni-

2035 4861 2230 4919 talum,
2257 4852 2344 4906 avi
2382 4851 2634 4907 videlicet
2678 4850 2851 4906 nostri
2895 4849 3106 4920 Pippini
3154 4850 3421 4922 quondam
3448 4850 3621 4921 regis,

2032 4959 2126 5000 seu
2152 4942 2334 4998 domni
2367 4949 2422 4996 et
2461 4941 2723 5012 genitoris
2773 4941 2943 4998 nostri
2967 4939 3146 4996 Caroli
3179 4941 3407 5012 piissimi
3433 4940 3616 5011 Augu-

2031 5034 2121 5100 sti,
2151 5033 2206 5088 in
2232 5032 2431 5104 quibus
2466 5039 2584 5086 erat
2609 5031 2898 5094 insertum,
2929 5031 3068 5098 quod
3098 5029 3217 5085 sive
3248 5027 3372 5100 ipsi,
3396 5027 3507 5082 sive
3522 5043 3617 5083 an-

2029 5139 2331 5185 tecessores
2371 5141 2580 5189 eorum,
2609 5138 2764 5195 reges
2811 5123 3062 5178 videlicet
3090 5121 3447 5186 Francorum,
3476 5135 3616 5190 pra-

2029 5216 2198 5274 fatum
2238 5214 2627 5272 monasterium
2672 5227 2794 5268 cum
2829 5213 2991 5266 rebus
3019 5219 3074 5265 et
3120 5209 3429 5266 hominibus
3453 5209 3521 5264 ad
3553 5224 3616 5264 se

2027 5295 2425 5378 pertinentibus
2452 5315 2508 5360 et
2534 5304 2940 5376 aspicientibus,
2966 5304 3066 5358 sub
3096 5303 3323 5358 tuitione
3347 5310 3404 5358 et
3424 5301 3608 5359 defen-

2029 5435 2364 5559 excipilendi,
2419 5435 2604 5505 eisque
2664 5434 2864 5491 victum
2923 5434 3284 5490 necessarium
3348 5431 3609 5490 submini-

2029 5515 2178 5559 stran
2222 5523 2256 5559 1.

2029 5515 2375 5630 5"timlglii'atae
2401 5616 2414 5640 ,
2473 5589 2722 5644 expensa
2751 5574 2804 5628 in
2833 5573 3102 5645 hospitum
3153 5574 3492 5644 susceptione
3519 5571 3603 5628 fa-

2027 5646 2250 5702 ciemla.

2104 5717 2123 5756 f
2169 5715 2424 5773 Convertit
2454 5714 2672 5771 indictio
2701 5715 2757 5770 ll
2790 5729 2926 5769 anno
2957 5712 3076 5769 8l8.
