3946 6174
502 327 634 385 ίοῖθ

497 451 650 504 sione
682 462 778 502 sua
807 444 1119 499 habuissent
1149 480 1163 505 ,
1217 445 1271 492 et
1297 450 1484 492 eorum
1528 431 1957 488 immunitatibus
1986 443 2081 482 au-

502 539 815 595 ctoritatnm
845 551 873 589 a
908 530 1209 603 judiciaria‘.
1226 528 1511 600 potestatis
1539 522 1905 595 inquietudine
1934 538 2085 579 sem-

497 648 595 702 per
615 630 895 686 defensum
921 633 977 681 et
1007 625 1274 679 munitum
1298 620 1509 677 fuisset.
1541 618 1622 675 Ob
1659 618 1739 674 rei
1766 625 1947 672 tamen
1976 614 2073 668 flr-

494 723 737 777 mitatem
761 716 1055 789 postulavit
1079 716 1234 771 nobis
1264 713 1521 785 prmfatus
1551 711 1715 767 abbas
1738 720 1802 765 ut
1834 709 1906 766 ob
1926 723 2075 764 amo-

493 826 608 868 rem
645 810 743 866 Dei
769 817 826 865 et
852 808 1213 865 reverentiam
1241 804 1419 861 sancti
1434 804 1581 859 Petri
1625 810 1681 857 et
1706 800 1879 856 sancti
1905 798 2076 854 Bene—

491 901 622 957 dicti
646 907 933 971 paternum
947 913 1043 955 seu
1055 897 1513 968 praedecessorum
1532 900 1845 948 nostrorum
1866 902 2075 944 morem

490 998 802 1062 sequentes,
830 988 1187 1044 immanitatis
1216 993 1415 1042 nostra:
1452 992 1788 1054 praceptum
1813 980 1960 1036 circa
1995 980 2074 1050 ip-

491 1100 612 1139 sum
637 1090 885 1137 sanctum
914 1093 940 1122 ει
972 1080 1149 1135 locum
1205 1077 1331 1134 ﬁeri
1350 1088 1717 1133 censeremus.
1745 1071 1909 1142 Cuius
1933 1072 2074 1142 peti-

452 1230 467 1238 ,
492 1177 626 1233 tioni
656 1188 936 1231 assensum
961 1171 1311 1243 praebuimus,
1340 1177 1397 1224 et
1415 1169 1521 1224 hoc
1552 1174 1753 1221 nostra:
1775 1164 2075 1221 auctorita-

490 1270 563 1323 tis
594 1272 926 1338 prmceptum
959 1264 1106 1320 circa
1130 1263 1313 1333 ipsum
1332 1266 1582 1315 sanctum
1628 1256 1806 1312 locum
1841 1253 1959 1310 ﬁeri
1984 1254 2078 1310 de-

491 1360 803 1415 crevimus:
833 1372 933 1427 per
960 1354 1104 1425 quod
1142 1351 1486 1424 praecipimus
1512 1357 1674 1419 atque
1717 1346 1971 1417 iubemus
2019 1354 2078 1400 ut

489 1451 671 1507 nullus
697 1450 862 1521 iudex
895 1447 1163 1519 publicus,
1190 1453 1246 1500 et
1283 1442 1537 1514 quislibet
1567 1456 1634 1497 ex
1670 1438 1960 1509 iudiciaria
1980 1452 2077 1507 po-

490 1549 709 1607 testate,
739 1541 795 1595 in
824 1538 1081 1595 ecclesias
1106 1543 1200 1591 aut
1224 1535 1361 1601 ioca,
1385 1541 1439 1589 et
1479 1546 1657 1604 agros,
1695 1545 1791 1585 seu
1840 1529 2077 1599 reliquas

488 1631 877 1703 possessiones,
906 1642 1041 1698 quas
1072 1624 1331 1680 moderno
1362 1630 1607 1690 tempore
1656 1621 1710 1674 in
1748 1618 2078 1688 quibuslibet

489 1723 645 1795 pagis
670 1728 764 1775 aut
801 1718 1096 1775 territoriis
1141 1716 1284 1770 infra
1333 1714 1590 1769 ditionem
1641 1708 1851 1781 imperii
1902 1709 2075 1763 nostri

485 1812 633 1882 juste
659 1818 716 1867 et
742 1809 988 1880 legaliter
1013 1806 1285 1877 possidet,
1336 1812 1390 1858 et
1415 1803 1559 1873 quod
1580 1801 1835 1871 deinceps
1857 1799 1913 1853 in
1954 1798 2077 1869 jure

495 1903 665 1974 ipsius
692 1899 865 1956 sancti
897 1897 1001 1952 loci
1038 1895 1272 1950 voluerit
1316 1894 1498 1949 divina
1522 1892 1696 1962 pietas
1723 1890 1947 1960 augeri,
2009 1889 2077 1944 ad

494 2009 689 2049 causas
713 1991 1028 2055 audiendas,
1057 1996 1113 2043 et
1145 1986 1295 2042 {reda
1325 1986 1607 2057 exigenda,
1641 1992 1734 2039 aut
1769 1984 2079 2038 mansiones

493 2092 549 2140 et
575 2091 795 2156 paratas
841 2081 1140 2145 faciendas,
1170 2087 1265 2133 aut
1296 2076 1639 2148 ﬁdeiussores
1668 2074 1953 2140 tollendos,
1985 2080 2081 2128 aut

492 2178 743 2234 homines
768 2175 937 2248 ipsius
963 2172 1275 2229 monasterii
1307 2184 1468 2239 super
1507 2177 1708 2222 terram
1739 2167 1908 2236 ipsius
1931 2178 2079 2221 com-

491 2276 777 2324 manentes
805 2263 1225 2336 distringendos,
1270 2276 1373 2317 nec
1408 2260 1542 2315 ullas
1570 2257 1963 2313 redhibitiones
1987 2262 2081 2310 aut

491 2360 709 2415 illicitas
730 2356 1043 2413 occasiones
1081 2351 1469 2422 requirendus,
1524 2349 1727 2404 nostris
1779 2355 1836 2402 et
1860 2344 2081 2401 'i‘uturis

490 2448 826 2520 temporibus
852 2444 1059 2517 ingredi
1085 2443 1300 2507 audeat,
1330 2449 1387 2496 et
1407 2455 1471 2495 ea
1512 2453 1633 2509 quae
1673 2437 1919 2506 superius
1961 2452 2080 2492 me-

476 2540 705 2596 ‘morata
750 2545 894 2601 sunt,
931 2522 1148 2606 penitus
1185 2532 1402 2603 exigere
1431 2535 1750 2601 praesumat;
1797 2527 1891 2581 sed
1918 2525 2081 2580 liceat

491 2637 793 2687 memorato
824 2628 1007 2684 abbati
1032 2627 1254 2695 suisque
1284 2622 1687 2680 successoribus
1709 2635 1798 2675 res
1836 2619 2077 2689 prmdicti

492 2719 808 2777 monasterii
834 2719 935 2775 sub
959 2714 1317 2772 immunitatis
1335 2708 1545 2767 nostrae
1559 2708 1873 2765 defensione
1895 2707 2079 2777 quieto

491 2813 684 2870 ordine
711 2811 1007 2883 possidere.
1023 2809 1092 2863 Et
1117 2806 1332 2879 quando
1359 2805 1575 2875 quidem
1599 2802 1782 2858 divina
1795 2800 2078 2855 vocatione

492 2902 833 2974 supradictus
858 2900 1026 2956 abbas
1072 2906 1129 2953 et
1156 2900 1500 2953 successores
1536 2891 1655 2962 ejus
1697 2892 1765 2947 de
1806 2893 1910 2946 hac
1958 2888 2077 2944 luce

492 2996 866 3070 migraverint,
894 2993 1133 3066 quandiu
1154 2991 1256 3061 ipsi
1285 2988 1540 3045 monachi
1588 2987 1731 3041 inter
1749 3000 1807 3039 se
1838 2983 1975 3038 tales
1997 2982 2079 3036 in-

492 3090 679 3144 venire
698 3087 1002 3160 potuerint,
1040 3081 1133 3153 qui
1165 3083 1339 3152 ipsam
1369 3078 1845 3149 congregationem
1878 3088 2077 3129 secun—

495 3180 625 3235 dum
640 3174 894 3245 ‘regulam
945 3173 1118 3230 sancti
1144 3169 1423 3226 Benedicti
1464 3180 1652 3237 regere
1679 3163 1927 3228 valeant,
1980 3177 2079 3233 per

494 3271 637 3324 hanc
660 3274 901 3323 nostram
947 3263 1329 3319 auctoritatem
1359 3267 1415 3316 et
1441 3271 1769 3314 consensum
1809 3253 2083 3309 licentiam

494 3359 733 3416 habeant
754 3357 986 3427 eligendi
1016 3356 1273 3419 abbates;
1311 3359 1581 3423 quatenus
1612 3349 1760 3418 ipsos
1780 3345 2083 3409 monachos

497 3453 590 3525 qui
619 3451 820 3511 ibidem
835 3449 946 3504 Deo
974 3446 1225 3502 famulari
1252 3444 1524 3508 videntur,
1550 3456 1651 3512 pro
1679 3438 1839 3495 nobis
1865 3445 1921 3493 et
1948 3451 2085 3492 con-

491 3544 619 3615 juge
647 3540 906 3612 proleque
941 3546 1150 3604 nostra,
1184 3545 1348 3605 atque
1387 3532 1686 3589 stabilitate
1712 3529 1881 3615 totius
1907 3528 2082 3598 impe-

498 3632 564 3689 rii
588 3614 821 3693 nostri'a
853 3630 964 3687 Deo
997 3630 1153 3686 nobis
1198 3626 1445 3685 concessi
1494 3632 1656 3695 atque
1684 3614 2039 3679 conservandi
2067 3661 2081 3685 ,

490 3726 700 3798 iugiter.
718 3724 932 3785 Domini
957 3720 1385 3783 misericordiam
1423 3731 1653 3775 exorare
1676 3716 1909 3773 delectet
1930 3714 1980 3767 ι’.
2019 3713 2087 3767 Et

498 3813 761 3891 quidquid
803 3814 966 3873 rebus
1019 3810 1229 3884 praefati
1285 3807 1607 3865 monasterii
1648 3806 1814 3863 ﬁscus
1870 3805 2087 3876 exigere

499 3912 734 3975 poterat,
762 3902 986 3974 praefato
1017 3898 1348 3957 monasterio
1400 3897 1630 3967 ejusque
1677 3892 2086 3965 congregationi

500 3997 701 4057 ibidem
719 3996 831 4056 Deo
855 3992 1138 4050 famulanti
1180 3988 1551 4047 concessimus
1569 4027 1583 4053 ,
1622 3995 1692 4039 ut
1717 3986 1799 4040 eis
1825 3984 1892 4039 ad
1920 3982 2088 4039 servi-

502 4088 634 4142 tium
662 4085 1027 4161 peragendum
1048 4088 1396 4152 augmentum
1408 4077 1493 4131 vel
1519 4075 1948 4147 supplementum
1970 4074 2085 4127 ﬁat.

501 4178 568 4235 Et
594 4159 712 4233 haec
731 4159 1025 4233 auctoritas
1048 4180 1108 4229 ut
1131 4171 1341 4229 nostris
1375 4167 1681 4237 futurisque
1725 4165 2086 4235 temporibus,

501 4267 733 4323 Domino
770 4271 1104 4339 protegente,
1136 4260 1318 4319 valeat
1347 4256 1665 4315 inconvulsa
1694 4271 1937 4322 manere,
1966 4270 2089 4310 eam

502 4373 666 4413 manu
709 4354 930 4427 propria
971 4355 1160 4410 subter
1189 4352 1527 4407 ﬁrmavimus
1551 4392 1565 4416 ,
1598 4358 1653 4406 et
1698 4348 1880 4405 annuli
1918 4350 2087 4404 nostri

504 4448 862 4524 impressione
885 4447 1074 4508 subter
1110 4444 1331 4516 sigillari
1349 4442 1631 4513 jussimus.

575 4538 1090 4613 SignumLudovici
1118 4535 1450 4595 serenissimi
1481 4533 1841 4604 imperatoris.

575 4628 862 4684 Durandus
918 4628 1193 4687 diaconus
1230 4627 1299 4682 ad
1342 4626 1518 4681 vicem
1572 4623 1889 4680 Helisachar
1935 4638 2086 4679 reco-

508 4720 687 4792 gnovL

581 4813 711 4867 Data
746 4827 797 4866 vi
834 4808 1105 4865 Kalendas
1141 4807 1435 4878 Augustas,
1466 4819 1625 4868 anno,
1664 4804 1881 4859 Christo
1909 4804 2089 4875 propi-

510 4904 606 4969 tio,
648 4909 838 4972 quinto
862 4900 1072 4970 imperii
1099 4899 1279 4956 domni
1303 4896 1562 4952 Ludovici
1603 4895 1934 4950 serenissimi
1980 4893 2089 4948 Au-

509 4994 673 5067 gusti,
714 4991 1004 5047 indictione
1042 4990 1344 5045 undecima.
1384 4988 1578 5044 Actum
1617 4984 1934 5041 Aurelianis.
1960 4986 2090 5044 civi-

511 5093 621 5140 tate
649 5085 703 5139 in
732 5082 827 5138 Dei
853 5080 1071 5137 nomine
1098 5079 1344 5135 feliciter.
1375 5077 1566 5133 Amen.

585 5208 612 5238 ι
651 5194 914 5266 Cpirupte
940 5192 1247 5266 secundum,
1275 5189 1417 5266 apud
1440 5187 1756 5245 Perardum.

582 5266 613 5348 ξ’
645 5265 801 5348 Male.
813 5258 953 5348 51nd
979 5258 1531 5348 sumsisse???-

585 5344 608 5374 ε
645 5325 887 5390 Meminit
910 5333 1068 5402 hujus
1110 5330 1379 5401 privilegii
1408 5328 1743 5402 Adrevaldus
1773 5326 1825 5402 in
1850 5325 2090 5402 _libro_de

515 5403 788 5460 Miraculis
813 5395 998 5460 sancti
1015 5395 1459 5470 Benedictifcap.
1491 5399 1579 5464 19,
1608 5398 1694 5454 his
1716 5397 1926 5470 verbis:
1952 5415 1969 5446 ι
1995 5395 2094 5470 Re-

516 5473 621 5545 guli
647 5474 1014 5545 munificentia
1058 5472 1186 5545 huic
1232 5466 1601 5527 sacratissimo
1647 5467 1945 5545 coenobioa
1975 5466 2090 5534 pri-

518 5536 628 5597 scis
665 5543 1001 5598 Francorum
1032 5541 1249 5611 regibus
1290 5556 1387 5610 per
1414 5539 1679 5611 praecepti
1724 5536 1929 5611 proprii
1970 5549 2095 5604 syn-

519 5611 782 5680 graphum
813 5607 1126 5680 concessum
1152 5607 1327 5680 fuerat
1347 5607 1867 5680 uti’quatu’ornaves
1890 5607 2096 5680 immu-

520 5675 708 5756 nes—ab
728 5679 882 5756 omni
896 5680 1075 5756 deli-ito
1093 5677 1212 5756 ﬁsci
1234 5675 1506 5756 liberrime
1535 5695 1646 5756 per.
1658 5677 1865 5756 alveum
1890 5675 2096 5756 Ligeris

522 5747 948 5803 discurrerent.»
980 5745 1174 5800 Postea
1200 5755 1386 5800 narrat
1422 5745 1750 5801 Adrevaldus
1776 5745 2096 5799 miraculum

1636 309 1955 369 LUDOVICI
1988 310 2009 364 Ι
2046 301 2521 362 ΟΟΟΝΟΜΕΝΤΟ
2553 296 2640 356 Pl!

3553 305 3662 363 l080

2108 427 2155 485 Α
2840 411 3099 468 LXXVI“
3198 426 3207 437 ‘

2525 522 2626 564 PRO
2668 520 3004 562 IONASTEBIO
3032 518 3369 560 PLORIACENSI‘.
3428 564 3435 579 .

2793 593 2968 667 (Anno
2992 593 3147 665 818.)

2176 690 2354 765 [Apud
2396 689 2461 745 ι).
2506 687 2800 758 Bouquet.,
2816 683 3005 765 λήξαι,
3052 696 3135 765 φιτ
3166 683 3365 740 schedis
3404 684 3461 739 ι).
3505 686 3669 745 cmi;

2814 753 3137 824 Estiennot.]

2244 847 2302 904 ln
2331 846 2551 903 nomine
2592 844 2693 899 Dei
2738 851 2797 899 et
2828 842 3129 899 Salvatoris
3172 844 3336 898 nostri
3363 842 3477 899 Iesu
3495 845 3670 913 Christi,

2175 937 2500 1001 Ludovicus,
2529 934 2712 991 divina
2747 933 3033 989 ordinante
3057 932 3400 1003 providentia,
3437 935 3672 1007 imperator

2122 1074 2129 1079 .
2174 1027 2471 1099 Augustus.

2246 1113 2510 1171 Omnibus
2526 1111 2826 1183 episcopis,
2843 1111 3150 1178 abbatibus,
3172 1111 3408 1178 dntibus,
3427 1114 3669 1177 comitibus,

2178 1203 2424 1268 vicariis,
2478 1202 2835 1266 centenariis,
2895 1200 3228 1268 teloneariis,
3282 1202 3575 1269 aetionnriis,
3616 1205 3674 1258 vel

2176 1294 2430 1349 omnibus
2452 1290 3381 1361 rempublicamadminisu‘antibus,
3405 1294 3673 1348 seucmteris

2178 1383 2426 1440 ﬁdelibus
2450 1390 2655 1439 sanctae
2699 1380 2797 1437 Dei
2839 1379 3100 1437 Ecclesia:
3124 1388 3180 1436 et
3218 1382 3426 1447 nostris,
3463 1392 3558 1438 tam
3578 1400 3676 1454 pitr-

2178 1472 2429 1529 sentibus
2457 1486 2620 1542 quam
2662 1470 2883 1536 futuris,
2925 1476 3117 1527 notum
3157 1471 3233 1526 sit
3275 1472 3396 1541 quia
3420 1472 3675 1528 venerabilis

2178 1562 2263 1618 vir
2308 1562 2663 1633 Adalgaudus
2704 1561 2844 1617 abba
2890 1574 2961 1619 ex
3006 1561 3338 1617 monasterio
3384 1560 3675 1626 Floriacensi,

2179 1654 2325 1724 quod
2364 1661 2451 1710 est
2495 1659 2866 1710 constructum
2902 1651 2961 1706 in
3006 1665 3150 1722 pago
3182 1650 3527 1707 Aurelianensi
3560 1668 3679 1723 sum

2103 1767 2152 1826 Β
2177 1742 2401 1801 ﬂuvium
2433 1744 2662 1815 Ligeris,
2711 1743 2769 1797 in
2795 1742 3005 1797 honore
3048 1741 3298 1797 videlicet
3336 1740 3391 1797 S.
3416 1740 3541 1796 Petri
3568 1743 3676 1813 prin-

2180 1836 2316 1907 cipis
2342 1834 2710 1905 apostolorum
2737 1839 2796 1887 et
2834 1831 2901 1886 S.
2947 1831 3227 1887 Benedicti
3274 1830 3578 1894 confessoris,
3614 1831 3679 1884 ubi

2180 1929 2296 1999 ipse
2323 1926 2382 1984 S.
2407 1926 2732 1982 Benedictus
2757 1937 2986 1993 corpore
3026 1924 3335 1994 requiescit,
3367 1922 3536 1979 detulit
3566 1922 3679 1976 nobis

2180 2015 2564 2072 auctoritatem
2587 2014 2972 2087 prteceptionis
3009 2014 3196 2069 domui
3225 2020 3280 2069 et
3299 2013 3534 2082 genitoris
3553 2012 3677 2066 nostri

2178 2107 2336 2179 bona:
2359 2105 2639 2162 memoriae
2674 2104 2855 2161 Caroli
2878 2104 3115 2175 piissimi
3139 2103 3379 2172 Augusti,
3417 2103 3465 2158 in
3485 2118 3574 2173 qua
3588 2117 3679 2157 con.

2181 2196 2458 2253 tinebatur
2500 2196 2645 2267 quod
2681 2210 2818 2251 avus
2847 2202 3034 2251 noster
3072 2193 3328 2265 Pippinus
3356 2193 3590 2263 quondam
3610 2205 3678 2247 rex

2179 2293 2235 2361 et
2259 2287 2402 2343 idem
2423 2286 2632 2357 genitor
2655 2294 2841 2343 noster
2859 2284 3223 2341 contulissent
3240 2283 3535 2339 monasterio
3550 2281 3678 2337 eidem

2182 2376 2453 2431 teloneum
2479 2376 2546 2431 de
2575 2382 2809 2445 quatuor
2833 2374 3089 2441 navibus,
3134 2389 3254 2445 quae
3286 2388 3379 2444 per
3411 2371 3586 2442 Ligeris
3611 2368 3681 2424 lluc

2180 2483 2307 2524 men
2331 2482 2428 2523 seu
2464 2475 2664 2523 caetera
2703 2465 2926 2521 ﬁumina
2952 2473 3181 2536 propter
3208 2465 3285 2520 sal
3309 2473 3365 2520 et
3385 2472 3555 2520 caetera
3568 2474 3681 2517 com-

2180 2559 2385 2613 mercia
2412 2557 2809 2622 discurrebant,
2854 2569 3066 2610 necnon
3090 2564 3146 2609 et
3173 2556 3239 2609 de
3266 2553 3427 2609 carris
3445 2560 3495 2607 et
3516 2561 3680 2619 sagma-

2181 2649 2279 2703 riis
2315 2647 2626 2704 necessaria
2651 2645 2821 2717 ipsius
2849 2645 3172 2701 monasterii
3215 2642 3298 2699 vel
3331 2636 3683 2712 congregationis

2180 2737 2383 2792 ibidem
2408 2737 2520 2792 Deo
2543 2735 2854 2791 famulantis
2883 2733 3277 2799 deferentibus,
3304 2740 3361 2787 et
3382 2732 3443 2787 de
3472 2729 3604 2792 villis,
3627 2725 3685 2781 vel

2179 2828 2247 2885 de
2291 2826 2563 2894 omnibus,
2615 2826 2974 2896 undecunque
3022 2823 3194 2880 ﬁscus
3238 2823 3485 2879 teloneum
3521 2819 3684 2887 exigere

2177 2927 2411 2990 poterat.
2468 2918 2576 2977 Pro
2625 2916 2898 2971 ﬁrmitatis
2947 2930 3189 2985 namque
3241 2914 3409 2969 studio
3456 2907 3685 2981 postulavit

2178 3011 2336 3066 nobis
2383 3008 2640 3079 praal‘atus
2674 3006 2845 3062 abbas
2891 3015 2952 3061 ut
2997 3016 3290 3076 paternum
3334 3018 3422 3058 seu
3459 2999 3687 3070 praedeces-

2179 3116 2365 3156 sorum
2407 3106 2719 3154 nostrorum
2780 3111 2988 3151 morem
3031 3103 3356 3167 sequentes,
3395 3084 3695 3163 hujuscemodi

2184 3190 2527 3247 auctoritatis
2570 3197 2771 3245 nostrae
2798 3198 2819 3227 ο
2858 3186 3190 3244 beneﬁcium
3233 3187 3400 3242 eidem
3429 3180 3689 3240 concedere-

2180 3298 2303 3338 mus
2333 3282 2419 3341 vel
2446 3281 2915 3339 conﬁrmaremus.
2947 3279 3109 3348 Quod
3137 3289 3194 3336 et
3227 3280 3459 3342 fecimus,
3483 3284 3570 3331 etc.

2254 3375 2479 3446 Signum
2508 3372 2767 3428 Ludovici
2796 3372 3139 3428 serenissimi
3169 3369 3506 3441 imperatoris.

2170 3496 2173 3499 ι
2252 3466 2561 3522 Durandus.
2592 3463 2856 3520 diaconus
2905 3463 2973 3518 ad
3024 3463 3207 3519 vicem
3256 3460 3543 3518 Helisachar
3582 3467 3697 3509 reco-

2183 3559 2386 3632 gnovit.

2255 3652 2391 3706 Data
2406 3666 2459 3704 v1
2476 3648 2595 3704 Kal.
2623 3649 2787 3720 Aug.,
2803 3662 2964 3713 anno,
2983 3645 3209 3703 Christo
3233 3643 3473 3717 propitio,
3489 3640 3517 3695 ὃ
3535 3632 3691 3707 imperii

2156 3742 2370 3799 .domni
2426 3741 2686 3797 Ludovici
2737 3739 2969 3811 piissimi
3022 3738 3278 3811 Augusti,
3332 3732 3588 3792 indictione
3628 3722 3689 3776 ll-

2185 3833 2387 3887 Actum
2425 3830 2732 3888 Aurelianis
2764 3829 2988 3885 civitate
3028 3828 3085 3884 in
3116 3829 3215 3885 Dei
3258 3824 3464 3883 nomine
3506 3816 3690 3876 [elicitum

2185 3921 2396 3979 Amen..

2853 3989 3094 4047 LXXIX.

2519 4078 2623 4119 PRO
2651 4076 2988 4118 IlONASTEBIO
3025 4071 3429 4116 HAGNlLOCENSI.

2796 4149 2972 4223 (Anno
3010 4149 3167 4220 8l8.)

2441 4245 2619 4319 [Apud
2644 4246 2708 4301 D.
2735 4245 3022 4315 Bouquet.,
3040 4244 3200 4309 ibid.,
3227 4257 3349 4313 pag.
3377 4234 3510 4308 513.]

2261 4340 2321 4392 ln
2350 4337 2568 4393 nomine
2610 4335 2828 4392 Domini
2872 4336 2968 4390 Dei
3012 4342 3066 4389 et
3111 4332 3408 4389 Salvatoris
3431 4324 3573 4384 nostri
3606 4318 3694 4373 Jesu

2192 4429 2414 4495 Christi,
2438 4426 2763 4494 Ludovicus,
2793 4428 2973 4485 divina
2996 4426 3285 4483 ordinante
3305 4415 3614 4494 providentia,
3632 4409 3681 4462 im

2111 4497 2167 4558 D
2189 4530 2410 4593 perator
2437 4521 2727 4592 Augustus.

2262 4614 2399 4670 Cum
2445 4612 2580 4668 locis
2636 4612 2819 4667 divino
2873 4610 3038 4667 cultui
3088 4610 3410 4679 mancipatis
3457 4602 3518 4659 ob
3557 4593 3695 4653 divina!

2174 4705 2470 4770 servitutis
2511 4705 2773 4759 honorem
2801 4717 2957 4773 Opem
2987 4715 3289 4772 congruam
3334 4696 3555 4756 ferimus,
3578 4692 3621 4740 et
3640 4693 3693 4773 ff

2194 4799 2339 4870 slum
2366 4810 2573 4852 morem
2595 4767 2854 4850 decenter
2896 4767 3202 4861 implemus,
3233 4797 3289 4845 et
3330 4788 3381 4843 id
3416 4781 3552 4840 nobis
3570 4767 3696 4870 proli!-

2195 4898 2377 4946 turum
2405 4889 2474 4944 ad
2495 4894 2711 4943 aeternae
2732 4883 3187 4941 remunerationis
3210 4879 3421 4953 praemia
3445 4859 3694 4953 cape-tisi???a

2167 4966 2465 5036 veraciter
2497 4977 2785 5035 credimus.
2814 4974 3008 5031 Notum
3032 4949 3341 5044 igitur—esse
3377 4964 3590 5021 volumus
3612 4949 3697 5044 ᾔδε’

2196 5069 2339 5125 libus
2386 5077 2587 5124 sanctae
2627 5065 2725 5120 Dei
2762 5063 3016 5119 Ecclesiae
3050 5039 3105 5117 et
3149 5059 3371 5120 nostris,
3416 5039 3697 5123 ρι’τβεθυιίῢυε

2198 5193 2440 5252 tempore
2474 5179 2715 5252 Rationis
2758 5174 2974 5252 ορωίιίδ
3014 5173 3238 5252 fusam-
3281 5146 3696 5252 ¥®‘!'29§E§:.Lii;

2198 5219 3031 5309 εἴ
3037 5219 3371 5309 “illi-"vellet
3410 5219 3697 5309 Adrevalilfgl

2199 5297 2656 5378 ﬁibééeTSEEnY
2672 5297 2991 5371 consimilis
3022 5297 3287 5366 miraculi.
3336 5304 3571 5378 ousgrva}

2375 5366 2908 5445 idemﬁﬁabillonius
2951 5366 3050 5452 per
3091 5381 3142 5436 id
3190 5388 3397 5452 tempus
3437 5366 3701 5452 ξιςζιῇίξξί

2197 5435 2974 5534 ὲᾙίέἒε’Ϊεὶὶίᾠῖιῖίὶξίὲέιὶυξιῃζ
2998 5435 3249 5534 testante

2197 5504 2381 5534 θυιυυν
2428 5504 2605 5513 νυνι-η·
2649 5504 2851 5510 --ν---τ-
2869 5504 2973 5517 ww.

2196 5531 2433 5603 pitulari,
2476 5526 2629 5595 cujus
2658 5525 2833 5603 capite
2878 5522 2961 5603 l9_
2975 5521 3317 5603 presbyteros
3338 5515 3507 5603 mon-et
3526 5504 3697 5603 ἐξ.ιέρὲ

2199 5565 2433 5603 puum”,
2476 5565 2629 5595 υυιιισ
2659 5565 2833 5595 Win“,
2884 5565 2940 5577 ...ι
2975 5565 3153 5592 ιηνηηδ
3174 5565 3242 5571 νν-
3261 5565 3310 5570 ν-
3343 5565 3369 5568 -,
3408 5565 3446 5590 γ·
3663 5565 3670 5569 _

2199 5601 2524 5669 sanguineos
2574 5610 2703 5669 suos
2754 5594 2821 5647 ad
2887 5591 3137 5669 scholani
3175 5587 3388 5669 mittant
3434 5565 3695 5669 inznef‘c‘lfif

2677 5642 2818 5734 'qua:
2842 5642 3189 5734 pagiediralis.
3220 5663 3341 5718 est,_
3369 5657 3453 5705 aut
3480 5646 3525 5699 in
3561 5642 3696 5691 mona-

2198 5741 2363 5799 sterio
2394 5739 2451 5796 S.
2483 5726 2676 5792 Aniani
2714 5726 2804 5789 aut
2834 5731 2891 5787 S.
2922 5726 3214 5785 Benedicti.
