3996 6178
278 282 414 351 ’1681

1420 289 1816 349 DIPLOMATA
1852 293 2404 353 ECCLESIASTICA.
2478 264 2487 267 ’

290 412 488 468 scilicet
513 414 575 462 et
598 404 1069 476 futuris,qualiter
1104 422 1223 471 nos,
1258 408 1401 463 sicut
1434 408 1487 462 in
1526 408 1645 467 aliis
1689 417 1874 464 aucto—
1895 417 1948 475 Α
2043 410 2332 467 Durandus
2381 409 2641 466 diaconus
2692 409 2759 464 ad
2806 409 2982 465 vicem
3032 410 3351 469 Helisachar
3397 430 3549 471 reco-

292 501 541 556 ritatibus
567 498 765 552 nostris
788 499 1121 563 continetur,
1147 497 1463 554 Heimonem
1497 498 1864 555 venerabilem

295 589 540 643 abbatem
584 601 651 641 ex
698 587 1029 643 monasterio
1071 588 1227 658 cuius
1271 588 1591 644 vocabulum
1635 598 1723 646 est
1761 590 1868 646 Ma-

293 691 425 748 gnus
448 674 627 731 Locus
652 674 965 746 LManlieu),
994 676 1137 745 quod
1173 685 1258 733 est
1288 687 1659 734 constructum
1685 680 1741 734 in
1769 680 1869 736 ho—

292 777 419 818 nore
442 761 498 817 S.
528 760 836 818 Sebastiani
881 763 936 817 in
965 780 1104 835 pago
1145 763 1468 833 Arvernico,
1498 776 1555 822 et
1579 782 1868 840 congrega-

290 851 488 907 tionem
514 852 680 919 illius,
708 868 830 908 cum
852 854 1014 910 rebus
1040 854 1252 910 illorum
1268 854 1414 924 iuste
1434 857 1537 913 sibi
1565 866 1869 929 competen-

252 928 258 942 ’
290 941 454 1007 tibus,
484 942 584 999 sub
613 951 799 1000 nostra
837 944 1176 1016 suscepimus
1214 945 1527 1016 plenissima
1556 928 1868 1007 defensione

288 1040 345 1089 et
381 1033 740 1088 immunitatis
778 1034 1022 1090 tuitione.
1065 1034 1133 1090 Et
1164 1035 1286 1092 ideo
1319 1036 1661 1093 decernimus
1703 1046 1869 1109 atque

285 1136 387 1192 per
405 1122 506 1178 hos
533 1124 715 1194 apices
758 1125 1065 1197 imperiales
1106 1135 1325 1183 nostros
1367 1129 1640 1185 sancimus
1667 1138 1728 1186 ut
1756 1146 1868 1186 om-

285 1228 384 1269 nes
432 1227 521 1268 res
564 1212 806 1281 eiusdem
860 1217 1195 1283 monasterii,
1243 1217 1387 1272 sicut
1434 1218 1690 1284 diximus,
1743 1234 1868 1274 cum

282 1300 535 1357 omnibus
558 1302 661 1358 sibi
683 1302 959 1374 subjectis,
984 1305 1084 1360 sub
1105 1314 1305 1361 nostra;
1328 1306 1657 1363 defensionis
1680 1308 1870 1362 immu-

283 1391 453 1446 nitate
510 1392 833 1448 consistant.
888 1394 1268 1465 Przecipientes
1310 1411 1445 1469 ergo
1484 1396 1740 1466 iubemus
1786 1405 1868 1453 at-

280 1493 386 1551 que
409 1482 758 1552 praecipimus
786 1491 846 1539 ut
863 1483 1040 1540 nullus
1071 1484 1237 1554 iudex
1268 1486 1657 1557 publicus,aut
1687 1486 1867 1556 cuius-

279 1573 410 1630 libet
431 1576 740 1645 superioris
755 1584 850 1632 aut
868 1577 1141 1634 inferioris
1164 1580 1372 1636 ordinis
1390 1580 1704 1650 reipublicae
1743 1594 1868 1650 pro-

278 1673 524 1732 curator,
566 1666 635 1721 ad
675 1681 869 1722 causas
904 1667 1199 1738 iudiciario
1243 1684 1397 1725 more
1441 1669 1759 1734 audiendas,
1808 1670 1864 1724 in

1966 515 2172 644 3.13:»
2198 605 2286 644 xvi
2317 588 2438 644 Kal.
2466 589 2640 659 Sept.,
2665 605 2833 657 anno,
2860 588 3081 646 Christo
3097 572 3353 664 propitio,
3383 594 3417 646 5
3440 595 3547 649 im-

1963 679 2102 750 perii
2123 679 2306 735 domui
2336 679 2595 735 Ludovici
2620 679 2851 749 piissimi
2871 681 3121 752 Augusti,
3147 682 3438 737 indictione
3459 683 3547 738 11.

1963 770 2160 826 Actum
2202 769 2504 826 Andecavis
2532 770 2747 840 palatio.
2783 771 2842 826 in
2890 771 2989 828 Dei
3031 773 3259 828 nomine
3295 771 3547 829 feliciter.

1964 860 2167 917 Amen.

2653 932 2869 988 LXXX.

2276 1040 2377 1081 PRO
2414 1040 2686 1082 ιοτιιλιυο
2711 1040 2918 1081 IIPERII
2945 1041 3235 1084 CONSOR'I'B.

2285 1096 2298 1119 ‘
2546 1113 2721 1186 (Anno
2749 1114 2853 1171 818
2890 1115 2963 1185 ι.)

1967 1205 2145 1278 [Apud
2190 1205 2539 1281 Qrandidier,
2579 1206 2724 1262 Hist.
2766 1208 2835 1281 με
2882 1207 3158 1281 ΓΕθι.υ‹1ε
3204 1208 3547 1281 Strasbourg,

2038 1285 2170 1348 tom.
2203 1276 2266 1341 ll,
2291 1292 2414 1348 pag.
2439 1276 2563 1348 167,
2587 1292 2655 1348 ex
2682 1277 2803 1333 cod.
2825 1292 2929 1332 ms.
2962 1276 3019 1332 ἡ.
3040 1278 3181 1348 2718
3202 1276 3552 1337 Bibliotheca:

2036 1346 2199 1415 regiae
2225 1346 2691 1417 notis'tyronianis
2719 1355 2945 1402 exarato
2975 1347 3057 1419 ιη]

2036 1431 2094 1487 In
2122 1433 2340 1488 nomine
2365 1433 2579 1488 Domini
2616 1441 2672 1488 et
2705 1432 3004 1489 Salvatoris
3028 1435 3199 1490 nostri
3237 1434 3364 1491 Jesu
3394 1435 3553 1492 Chri-
3586 1456 3594 1467 κ

1967 1527 2061 1591 sti,
2089 1526 2413 1593 Ludovicus,
2439 1526 2623 1581 divina
2650 1527 2938 1582 ordinante
2979 1528 3342 1597 providentia,
3382 1529 3553 1598 impe—

1968 1626 2119 1674 rator
2144 1618 2419 1690 Augustus
2468 1629 2515 1671 ε.
2564 1617 2762 1673 Notum
2790 1618 2862 1673 sit
2894 1620 3148 1675 omnibus
3182 1619 3428 1675 ﬁdelibus
3455 1635 3553 1674 no-

1968 1709 2119 1775 stris,
2148 1717 2257 1763 tam
2282 1708 2642 1777 praesentibus
2673 1721 2835 1778 quam
2862 1717 2919 1763 et
2941 1708 3155 1774 futuris,
3180 1710 3303 1779 quia
3344 1726 3442 1764 nos
3469 1710 3553 1764 dic

460 1757 472 1769 .
630 1756 643 1768 .
1010 1759 1023 1772 .
1423 1759 1436 1772 .
1968 1754 2119 1775 πων,
2150 1754 2257 1763 ----
2284 1754 2642 1777 τ-νυυν---ωυυ
2675 1754 2835 1778 1w»-
2865 1754 2919 1763 ν-
2941 1754 3155 1774 -υ--υ--υ,
3182 1754 3303 1779 -ι--ι-
3344 1754 3441 1764 --νυ
3470 1754 3522 1764 υ-

278 1754 1164 1867 ﬁ‘fi‘ef'f‘fj{'_"f§;‘f‘{fehf!?¥
1188 1774 1577 1867 P0589532"?
1604 1774 1727 1867 me
1750 1776 1868 1867 tuo.
1892 1769 1941 1828 Β
1967 1798 2109 1854 lecto
2137 1799 2247 1854 ﬁlio
2282 1798 2539 1853 Lothario
2563 1796 2765 1853 Caesari
2786 1798 2820 1838 ἀ
2842 1806 2896 1853 et
2936 1799 3173 1853 consorti
3222 1798 3431 1867 imperii
3461 1814 3554 1853 no-

279 1845 446 1901 derno
474 1856 720 1918 tempore
740 1847 796 1902 iri
830 1850 1161 1918 quibuslibet
1185 1851 1485 1920 provinciis
1511 1852 1579 1907 ad
1616 1852 1865 1907 eumdem

275 1930 452 1989 locum
479 1936 773 2005 pertinent,
796 1936 882 1991 vel
907 1935 1085 2010 [quas]
1131 1938 1386 2009 deinceps
1409 1946 1503 1993 aut
1528 1954 1628 2008 per
1648 1955 1753 1995 nos
1773 1949 1867 1995 aut

272 2039 373 2095 per
398 2026 545 2082 alios
583 2026 853 2096 quoslibet
878 2028 934 2083 in
958 2028 1080 2099 iure
1120 2028 1290 2099 ipsius
1335 2031 1652 2086 monasterii
1682 2031 1866 2086 divina

269 2117 440 2186 pietas
461 2118 707 2174 voluerit
736 2121 945 2189 augeri,
976 2119 1185 2191 ingredi
1218 2130 1533 2191 prmsumat,
1565 2136 1663 2177 nec
1688 2121 1863 2189 freda,

271 2216 365 2264 aut
388 2209 624 2276 tributa,
672 2220 767 2265 aut
810 2212 1143 2276 mansiones,
1187 2219 1279 2267 aut
1317 2221 1559 2284 paratas,
1608 2222 1703 2269 aut
1731 2215 1867 2271 telo-

274 2315 461 2367 neum,
519 2310 614 2356 aut
657 2300 1002 2371 ﬁdeiussores
1052 2303 1261 2368 tollere,
1295 2312 1395 2358 aut
1437 2305 1705 2371 homines,
1753 2313 1865 2360 tam

279 2384 554 2463 ingenuos
596 2408 760 2462 quam
811 2407 1023 2459 servos,
1074 2407 1239 2462 super
1289 2401 1492 2449 terram
1539 2395 1709 2464 ipsius
1759 2396 1865 2451 loci

278 2489 685 2552 commaneutes
730 2482 1072 2552 distringere,
1116 2496 1219 2539 nec
1262 2482 1413 2537 ullas
1449 2483 1694 2553 publicas
1745 2483 1867 2539 fun-

284 2569 519 2634 ctiones,
571 2577 671 2624 aut
714 2569 1126 2637 redhibitioues,
1153 2572 1241 2626 vel
1285 2572 1503 2627 illicitas
1546 2574 1863 2629 occasiones

282 2660 588 2728 requirere,
619 2659 818 2729 quibus
843 2660 899 2716 in
934 2660 1128 2731 aliquo,
1142 2661 1284 2716 idem
1315 2662 1705 2717 monasterium
1730 2663 1864 2718 sibi-

282 2764 389 2820 que
408 2748 642 2819 subiecti
664 2751 881 2821 aliquod
909 2752 1106 2823 iniuste
1130 2752 1409 2823 patiantur
1432 2754 1861 2821 incommodum;
1896 2762 1903 2775 '

280 2842 491 2899 nostris
517 2842 824 2914 futurisque
866 2844 1199 2915 temporibus
1227 2844 1514 2915 quisquam
1560 2853 1869 2915 tamteme-

283 2932 468 2989 rarius
497 2933 722 3000 cxistat,
762 2934 856 3003 qui
884 2933 937 2988 id
961 2932 1197 2989 faciendi
1223 2934 1327 2989 sibi
1361 2941 1683 3004 potestatem
1713 2935 1870 2989 attri-

280 3024 451 3079 buere
474 3024 687 3080 audeat.
737 3024 806 3079 Et
842 3023 1105 3094 quidquid
1134 3024 1201 3079 de
1241 3023 1404 3079 rebus
1440 3021 1653 3094 praefati
1682 3038 1867 3078 mona-

282 3114 437 3171 sterii
462 3112 627 3170 ﬁscus
655 3127 874 3182 sperare
914 3121 1148 3182 poterat,
1178 3120 1349 3167 totum
1390 3128 1491 3168 nos
1532 3126 1633 3183 pro
1660 3119 1865 3167 aeterna
1893 3114 1937 3178 C
1968 3143 2171 3200 {maris
2193 3146 2421 3202 arbitrio
2449 3112 2699 3203 faciendi;

288 3204 731 3259 remuneratione
757 3204 1019 3275 praedicto
1045 3204 1371 3259 monasterio
1408 3204 1772 3270 concedimus,
1808 3213 1872 3259 ut

282 3295 616 3364 perennibus
686 3294 1019 3367 temporibus
1063 3296 1120 3350 in
1164 3295 1420 3351 alimonia
1467 3311 1768 3367 pauperum
1812 3303 1869 3352 et

287 3385 554 3456 stipendia
607 3386 997 3442 monachorum
1061 3387 1262 3443 ibidem
1319 3388 1431 3443 Deo
1482 3386 1865 3444 famulantium

286 3474 538 3543 proﬁciat
560 3474 616 3529 in
650 3485 1034 3546 augmentum:
1067 3484 1333 3547 quatenus
1370 3476 1565 3533 ibidem
1613 3478 1724 3537 Deo
1753 3494 1868 3535 ser-

282 3565 493 3621 vientes
519 3580 619 3637 pro
660 3566 837 3631 nobis,
879 3564 1109 3635 coniuge
1144 3566 1403 3635 proleque
1446 3575 1655 3633 nostra,
1700 3576 1864 3637 atque

283 3656 578 3713 stabilitate
602 3656 769 3712 totius
797 3656 1010 3724 imperii
1035 3670 1067 3708 a
1091 3657 1202 3709 Deo
1240 3656 1395 3709 nobis
1424 3661 1669 3712 concessi
1696 3667 1862 3729 atque

282 3747 663 3811 conservandi,
687 3747 887 3817 iugiter
914 3745 1011 3799 Dei
1057 3745 1486 3800 misericordiam
1514 3760 1745 3803 exorare
1769 3749 1863 3804 de-

282 3841 471 3895 beant.
504 3835 633 3892 liine
658 3851 789 3891 vero
826 3835 1123 3890 auctoritas
1166 3835 1523 3891 immunitatis
1547 3845 1765 3903 nostrae,
1803 3847 1865 3894 ut

282 3942 384 3999 per
429 3925 702 3985 curricula
747 3940 1013 3980 annorum
1060 3924 1424 3980 inviolabilem
1469 3933 1632 3995 atque
1675 3928 1863 3983 incon-

287 4015 508 4073 vulsam
535 4013 780 4071 obtineat
825 4012 1163 4078 ﬁrmitatem,
1211 4027 1376 4067 manu
1417 4013 1633 4084 propria
1676 4014 1864 4070 subter

284 4106 646 4171 ﬁrmavimus,
696 4111 753 4159 et
800 4102 984 4159 annuli
1036 4101 1208 4157 nostri
1255 4102 1613 4172 impressione
1663 4103 1866 4176 signari

280 4195 563 4265 iussimus.

359 4284 586 4357 Signum
620 4282 880 4346 Ludovici
906 4283 1239 4341 serenissimi
1270 4283 1641 4354 imperatoris.

1966 1889 2079 1943 stri’
2092 1889 2442 1944 concedimus
2464 1889 2532 1943 ad
2553 1888 2833 1960 proprium
2854 1903 2921 1943 ex
2951 1888 3187 1959 quadam
3216 1889 3342 1943 villa
3366 1899 3551 1944 nostra

1967 1993 2090 2048 qua:
2116 1978 2222 2031 sita
2267 1985 2351 2033 est
2383 1977 2438 2031 in
2465 1992 2605 2049 pago
2632 1977 2931 2043 Alsacinse,
2972 1994 3094 2048 quae
3141 1980 3337 2035 dicitur
3363 1980 3553 2035 Heriu-

1965 2069 2128 2132 stein,
2158 2083 2407 2122 mansum
2455 2067 2785 2123 dominicum
2832 2083 2954 2123 cum
2982 2068 3232 2124 omnibus
3280 2084 3438 2138 supra
3463 2085 3554 2140 po-

1966 2159 2084 2214 sitis
2107 2167 2160 2214 et
2186 2158 2322 2215 alios
2359 2175 2576 2216 mansos
2603 2168 2813 2215 tantum
2852 2162 3129 2233 sexaginta
3160 2162 3229 2217 ad
3271 2177 3394 2217 eum
3425 2178 3551 2232 per.-

1966 2250 2285 2316 tinentibus,
2314 2266 2438 2306 cum
2470 2252 2757 2322 mancipiis
2804 2254 3036 2322 desuper
3080 2256 3553 2310 commanentibus

1964 2347 2024 2394 et
2046 2339 2114 2393 ad
2141 2340 2363 2395 eosdem
2406 2340 2688 2412 sexaginta
2735 2357 2955 2397 mansos
2992 2343 3399 2411 aspicientibus.
3444 2345 3554 2399 llas

1964 2444 2094 2483 vero
2126 2444 2236 2495 res,
2283 2430 2422 2484 sicut
2454 2433 2702 2501 superius
2742 2433 3052 2487 continetur
3095 2434 3381 2503 scriptum,
3427 2451 3553 2489 cum

1966 2518 2234 2584 domibus,
2262 2518 2527 2586 aediﬁciis,
2560 2521 2869 2592 mancipiis,
2907 2523 3089 2588 terris,
3138 2524 3331 2593 pratis,
3376 2525 3547 2593 silvis,

1963 2608 2197 2677 pascuis,
2250 2609 2407 2678 aquis
2453 2625 2787 2680 aquarumve
2827 2612 3167 2675 decursibus,
3209 2611 3550 2681 molendiuis,

1964 2691 2163 2748 mobile
2186 2700 2243 2748 et
2268 2693 2563 2762 immobile,
2587 2695 2685 2749 tibi
2710 2695 2904 2751 dilecto
2949 2695 3059 2752 filio
3083 2705 3270 2752 nostro
3294 2698 3554 2755 Lothario

1967 2781 2279 2851 imperatori
2328 2785 2394 2839 ad
2428 2785 2706 2856 proprium
2736 2801 2833 2854 per
2878 2787 3019 2841 banc
3067 2797 3268 2843 nostra:
3315 2791 3550 2845 auctori-

1966 2872 2094 2927 tatis
2119 2872 2457 2943 largitionem
2484 2876 2750 2931 tradimus
2779 2877 2846 2930 ad
2897 2878 3285 2946 possidendum
3312 2897 3326 2947 ;
3372 2880 3445 2935 ita
3475 2882 3554 2936 vi-

1966 2962 2161 3019 delicet
2190 2973 2251 3019 ut
2274 2966 2535 3037 quidquid
2558 2967 2625 3022 de
2666 2968 2871 3023 eisdem
2900 2969 3064 3025 rebus
3087 2979 3143 3025 et
3167 2974 3450 3044 mancipiis
3477 2973 3555 3030 fa-

1967 3068 2093 3109 cere
2117 3054 2506 3112 vel'vindicare
2534 3057 2790 3121 volueris,
2827 3059 3001 3115 libero
3046 3060 3100 3114 in
3144 3062 3397 3118 omnibus
3435 3080 3555 3133 per-

2744 3149 2812 3203 Et
2840 3158 2897 3203 ut
2922 3151 3037 3206 haec
3072 3151 3285 3223 largitio
3308 3154 3555 3210 donatio-

1968 3236 2054 3291 nis
2076 3245 2275 3292 nostra:
2293 3253 2391 3308 per
2416 3237 2598 3293 futura
2630 3246 2871 3309 tempora
2903 3240 3269 3298 inviolabilem
3311 3245 3553 3301 obtineat

1969 3327 2306 3394 ﬁrmitatem,
2335 3344 2496 3384 manu
2522 3329 2743 3399 propria
2763 3370 2776 3383 .
2798 3368 2813 3384 .
2832 3370 2846 3384 .
2869 3370 2883 3385 .
2908 3339 3015 3387 etc.

2642 3416 2877 3476 LXXXI.

2258 3523 2284 3552 ⁸
2314 3528 2416 3568 PRO
2443 3528 2673 3568 ΑΒΒΛΤῙᾹ
2701 3529 3268 3571 APRIIIONASTEBIENSI.

2576 3604 2747 3674 (Anno
2782 3604 2935 3675 818.)

1969 3691 2146 3765 [Apud
2175 3693 2540 3765 Gra_ndidier.,
2570 3694 2824 3765 ibid_.,_ex
2861 3694 2982 3765 cod.
3013 3709 3116 3765 ms.
3150 3695 3403 3765 Chronici
3437 3698 3551 3751 No-

2036 3761 2435 3903 ῗῖἱὶἒξὲἔξδῐᾛυί
2457 3769 2635 3816 exstat
2662 3761 2946 3818 Selestadii
2970 3764 3026 3817 in
3051 3763 3375 3821 bibliotheca
3407 3767 3551 3821 beati

2124 3846 2284 3886 enant
2319 3846 2333 3867 ¹
2348 3868 2364 3883 .

2037 3921 2097 3975 In
2142 3919 2361 3974 nomine
2409 3918 2627 3974 Domini
2666 3918 2761 3974 Dei
2804 3928 2860 3976 et
2892 3919 3189 3977 Salvatoris
3228 3925 3398 3979 nostri
3422 3924 3551 3981 Jcsu

1966 4011 2190 4077 Christi,
2248 4009 2553 4066 Ludovicus
2616 4010 2797 4066 divina
2861 4014 3151 4070 ordinante
3208 4018 3549 4086 providentia
3648 4056 3653 4059 Α

1966 4104 2262 4175 imperator
2281 4100 2574 4172 Augustus.

2038 4193 2098 4250 Si
2143 4209 2270 4267 erga
2308 4193 2427 4250 loca
2464 4193 2665 4250 divinis
2703 4193 2938 4252 cultibus
2979 4197 3285 4269 mancipata
3324 4207 3550 4270 propter

1967 4301 2209 4344 amorem
2248 4286 2346 4342 Dei
2393 4286 2605 4357 ipsique
2652 4286 2709 4343 in
2748 4287 2954 4345 eisdem
2983 4289 3117 4346 locis
3162 4290 3551 4348 famulantibus

356 4500 383 4528 ι
408 4487 612 4564 Charta
653 4493 740 4543 est
765 4488 894 4564 anni
936 4487 1149 4564 incerti,
1184 4486 1280 4541 sed
1325 4484 1575 4564 fuitdata
1612 4495 1737 4564 post
1772 4488 2045 4564 an7Dcis
2089 4494 2250 4564 antea
2297 4485 2579 4564 dicebatur
2620 4494 2879 4564 exaratos
2925 4487 3144 4564 litteris,
3203 4502 3375 4557 usque
3422 4490 3550 4546 dum

284 4570 418 4626 uum
445 4558 570 4621 817,
618 4571 727 4626 quo
777 4555 1069 4612 Lotharius
1098 4573 1130 4611 a
1175 4564 1333 4626 patre
1376 4555 1477 4626 fuit
1518 4555 1859 4626 renuntiatus

284 4625 601 4697 imperator.
621 4623 887 4697 Prmcedit
901 4641 1027 4680 vero
1043 4623 1588 4697 mensemAOCtobrem
1608 4625 1732 4694 82!,
1750 4642 1859 4697 quo

286 4693 741 4766 idem_Lotharius
767 4694 1152 4766 lrmingardem
1175 4694 1329 4766 duxit
1354 4710 1597 4766 uxorem.

356 4763 638 4846 ltharta.
662 4763 1077 4846 barguvigesima
1118 4763 1306 4846 quinta
1349 4772 1527 4845 exstat
1564 4764 1624 4846 in
1661 4765 1863 4846 capitu-

283 4830 393 4904 lari
438 4832 692 4888 Ludovici
735 4833 816 4888 Pii
866 4830 1009 4904 quod
1043 4849 1106 4904 ex
1137 4830 1517 4904 'codiccregio
1561 4830 1861 4904 tyroniauis

286 4903 433 4985 notis
452 4911 677 4983 exarato
696 4901 1020 4985 vulgavit)".
1047 4901 1451 4985 Carpenterius;
1478 4903 1534 4985 in
1561 4901 1862 4985 Alphabeto

286 4919 433 4957 nous
452 4919 677 4957 exarato
696 4919 934 5029 vutgsagut
962 4919 1020 4957 ι’.
1047 4919 1449 4984 uarpentertus,
1478 4919 1534 4957 in
1561 4919 1862 4985 mpnaneto

285 4972 592 5096 tgoroniano,
638 4989 759 5054 pag.
832 5044 843 5055 .
881 5014 893 5027 .
944 4974 1022 5028 Ex
1069 4974 1422 5054 Carpentcrto
1461 4973 1867 5099 descripserunt

367 5051 619 5099 uauctus.
645 5059 698 5096 In
729 5042 992 5099 Scrmtor.
1021 5043 1146 5099 Iter.
1188 5042 1432 5097 Francnc.
1458 5050 1589 5097 tom.
1672 5042 1713 5099 l’.
1738 5058 1862 5099 Datz.

367 5051 619 5114 uquctus,
642 5042 992 5113 in'Seriptor.
1021 5043 1146 5103 Rer.
1178 5042 1433 5114 'Francic.
1458 5050 1589 5097 tom.
1627 5042 1719 5114 Vt,
1738 5058 1862 5114 pag.

287 5110 416 5175 646,
461 5119 517 5183 et
556 5110 923 5183 Heumﬁannus,
969 5113 1024 5169 in
1052 5114 1351 5168 Comment.
1402 5112 1468 5167 de
1508 5128 1569 5183 re
1614 5110 1861 5183 diplomi,

289 5188 423 5234 tum.
469 5180 513 5245 l,
556 5182 958 5253 pag._§ii3.__De
1000 5184 1145 5239 notis
1187 5182 1486 5253 tyronianis
1535 5180 1867 5253 fuse—agunt

289 5258 543 5334 auctores
558 5249 770 5334 “gallici
785 5250 982 5334 "Novae
1028 5249 1413 5333 Diplomaticaa,
1425 5261 1581 5334 .tom.
1621 5250 1706 5334 Ill,
1719 5249 1859 5334 pag.

290 5318 539 5374 563—622.
586 5319 645 5374 in
691 5318 1015 5375 bibliotheca
1060 5318 1280 5387 maioris
1327 5321 1569 5378 ecclesia:
1615 5318 1865 5387 Argénti—

291 5390 764 5461 nensisgexstabat
789 5388 919 5442 olim
953 5400 1215 5461 praestans
1256 5391 1575 5461 psalterium,
1601 5388 1745 5461 notis
1781 5399 1866 5461 ty-

292 5458 536 5527 ronianis
558 5466 863 5522 exaratum,
908 5459 1191 5526 aureisque
1220 5459 1482 5527 capitoliis
1528 5458 1861 5513 distinctum.

292 5525 549 5599 (Iudicem
575 5527 724 5581 illum
770 5527 981 5599 viderat
1022 5525 1163 5582 anno
1204 5525 1337 5584 1498
1363 5528 1868 5599 Αντςοιιῑὶιιῌω-,Ιοεω-

295 5612 394 5667 nes
418 5595 763 5667 Trithemtus,
804 5596 1059 5667 illumque
1086 5599 1316 5651 maxime
1338 5595 1573 5652 celebrat
1604 5595 1866 5667 Polygra-

295 5666 437 5738 phiae
464 5665 601 5721 libro
622 5667 826 5734 quinto.
856 5665 1263 5734 Argeutineusis
1286 5667 1372 5722 ille
1396 5668 1562 5723 codex
1588 5665 1868 5725 Armenias

1965 4558 2261 4630 praedictus
2308 4557 2475 4612 abbas
2517 4556 2573 4630 in
2620 4556 2709 4630 illo
2757 4556 3156 4630 recognovisset
3201 4556 3358 4630 notas
3407 4566 3555 4627 tyro-

1966 4625 2182 4694 nianas,
2218 4641 2449 4697 quarum
2497 4625 2944 4697 signiﬁcationem
2989 4627 3211 4683 exhibet
3261 4625 3550 4694 Gruterus,

1965 4713 2090 4769 pag.
2117 4698 2208 4753 30.

2041 4800 2064 4828 ε
2094 4787 2349 4843 Formula
2376 4788 2492 4842 htec
2534 4786 2760 4843 initialis
2800 4787 2957 4843 deest
2993 4788 3046 4842 in
3083 4801 3186 4843 ms.
3219 4786 3429 4849 codice,
3457 4790 3553 4843 sed

1969 4858 2189 4914 indubie
2212 4858 2529 4927 supplenda.

2038 4946 2065 4986 ά
2098 4945 2343 5001 Notanda
2373 4947 2463 5017 hic
2495 4946 2657 5017 venit,
2681 4945 2912 5002 Cesaris
2948 4946 3235 5017 appellatio
3258 4954 3386 5002 tunc
3413 4956 3551 5002 tem-

1968 5017 2136 5085 poris,
2164 5031 2248 5080 eo,
2281 5033 2388 5087 quo
2413 5016 2505 5071 hic
2523 5015 2777 5087 sumitur,
2802 5031 2969 5087 sensu
2986 5015 3234 5087 maxime
3269 5032 3413 5082 rara,
3439 5034 3546 5086 qua

1969 5101 2236 5155 nusquam
2267 5088 2368 5142 usi.
2398 5095 2524 5144 sunt
2554 5086 2895 5154 Eginhardus
2925 5086 3086 5140 aliive
3115 5087 3426 5155 scriptorcs,
3456 5088 3547 5141 ubi

1967 5155 2283 5212 Lotharium
2326 5164 2633 5212 consortem
2680 5155 2893 5225 imperii
2938 5171 2971 5209 a
3012 5162 3165 5226 patre
3212 5156 3551 5211 nominatum

1966 5234 2287 5284 memorant.

2042 5329 2065 5356 θ
2095 5317 2209 5372 Hoc
2244 5316 2477 5384 diploma
2502 5316 2589 5371 bis
2614 5314 2783 5371 refert
2826 5312 3187 5385 Schaepﬁinus
3226 5316 3281 5385 in
3327 5312 3547 5385 Alsatiu:

1968 5387 2322 5456 diplomatica:
2344 5394 2518 5456 Atom.
2543 5384 2587 5450 l,
2620 5386 2760 5439 inter
2790 5384 3021 5456 sincera,
3059 5400 3182 5455 pag.
3214 5384 3313 5450 66;
3346 5384 3551 5439 rectius

1968 5453 2096 5509 vero
2126 5456 2268 5508 inter
2291 5454 2613 5519 adulterina,
2642 5469 2761 5525 pag.
2794 5453 2913 5509 105.

2043 5547 2060 5584 ί
2105 5544 2229 5625 llam
2247 5546 2443 5625 charta
2468 5561 2574 5602 non
2601 5553 2775 5602 exstat
2802 5546 2856 5600 in
2894 5547 3114 5603 archivo
3141 5546 3371 5603 abbatis:
3391 5544 3559 5618 Apri-
3588 5598 3595 5605 .

1969 5624 2431 5673 monasteriensts.

3390 288 3553 357 “i032
3643 308 3648 316 ·
