3996 6178
302 288 438 345 1085

1434 275 1829 333 DlPLOMATA
1870 278 2427 336 ECCLESIASTICA.

3354 350 3365 351 ,
3415 288 3553 345 1086

298 408 563 463 vocatur;
606 395 657 451 in
696 393 982 449 latitudine
1009 406 1139 448 vero
1168 391 1308 446 ultra
1332 391 1684 446 Vachonnam
1716 388 1869 458 juxta
1897 394 1949 451 Α
1976 388 2235 445 tincntiis.
2270 389 2327 443 In
2354 388 2595 447 Nortltus
2630 392 2675 456 ί,
2725 392 2901 448 curtis
2932 393 3207 449 dominica
3234 409 3357 450 cum
3383 398 3557 450 omni-

298 487 646 545 Lucelwilre'
669 499 841 555 usque
858 484 912 538 in
923 497 1138 538 amnem
1166 482 1257 552 qui
1276 480 1541 535 Mulibacb
1567 480 1596 519 ιι
1625 486 1869 543 vocatur,

298 582 354 635 in
388 578 639 636 comitatu
659 575 933 642 lllicliick,
979 582 1035 629 et
1065 574 1120 629 in
1147 573 1461 650 episcopatu
1489 570 1871 641 Argentinensi

295 672 417 728 sita.
468 671 526 726 ln
556 666 856 725 Olleswilre
896 676 946 733 ι,
984 665 1157 722 curtis
1197 663 1470 724 dominica
1499 677 1625 717 cum
1672 660 1874 716 allodio

289 762 569 818 vinearum
616 767 672 815 et
698 746 948 829 agrorum
972 797 987 821 ,
1025 769 1246 813 mansus
1291 752 1575 809 censuales
1602 758 1657 807 et
1694 750 1869 811 servi-

288 853 395 919 les;
436 851 657 908 decim
685 850 856 923 ipsius
876 847 1065 920 praedii
1094 845 1333 902 totaliter
1347 845 1416 900 ad
1438 851 1655 915 portam
1683 856 1873 897 mona-

288 942 438 998 sterii
471 943 525 997 in
546 957 679 997 usus
698 954 995 1012 pauperum
1019 945 1074 994 et
1093 936 1371 1009 hospitum
1402 935 1697 1006 pertinent.
1726 931 1872 987 Ban-

284 1048 390 1089 nus
415 1032 585 1103 ipsius
613 1031 792 1091 allodii
813 1046 936 1085 cum
950 1028 1099 1084 omni
1122 1026 1478 1085 mundiburde
1493 1039 1591 1082 sua
1617 1024 1671 1078 in
1695 1023 1869 1094 ipsam

285 1121 483 1180 curtim
528 1122 795 1191 pertinet,
844 1120 949 1175 viis
971 1118 1181 1175 scilicet
1222 1126 1277 1172 et
1307 1115 1499 1181 inviis,
1531 1113 1769 1171 exitibus
1814 1120 1872 1168 et

282 1212 623 1278 redditihus;
672 1209 973 1266 communis
987 1223 1115 1264 vero
1136 1209 1347 1264 bannus
1370 1222 1543 1278 usque
1570 1205 1627 1260 in
1653 1203 1869 1260 alveum

280 1303 607 1375 Eggenbach
648 1301 675 1342 ἀ
724 1311 780 1358 et
824 1301 1034 1356 alveum
1085 1299 1178 1355 Ille
1234 1298 1474 1354 ﬂuminis
1501 1337 1518 1364 ,
1569 1311 1701 1352 usus
1735 1308 1869 1348 vero

278 1395 550 1469 lignorum
566 1402 620 1451 et
639 1409 841 1465 pascua
877 1393 946 1448 ad
968 1392 1294 1464 saginandos
1328 1389 1718 1461 quinquaginta
1745 1403 1872 1460 por-

276 1500 369 1542 cos
394 1486 452 1541 in
481 1484 825 1541 Westerbolz
872 1483 927 1540 in
956 1482 1133 1554 ipsam
1174 1488 1385 1537 curtem
1433 1478 1712 1551 pertinet:
1764 1476 1870 1532 sita

273 1587 359 1634 est
383 1586 574 1633 autem
607 1577 664 1632 in
712 1575 969 1631 comitatu
999 1573 1333 1629 Kirehbeim.
1374 1572 1434 1626 In
1464 1569 1786 1627 Seerewilre
1814 1579 1867 1633 θ,

273 1668 446 1724 curtis
513 1665 785 1723 dominica
843 1679 968 1721 cum
1029 1663 1203 1719 vineis
1252 1672 1310 1718 et
1360 1661 1507 1733 agris
1564 1668 1619 1716 et
1673 1659 1867 1730 pratis,

1977 479 2076 535 bus
2108 479 2437 551 appendiciis
2464 483 2610 548 suis;
2652 482 2821 537 salica
2848 491 2994 537 terra
3019 498 3144 537 eum
3174 484 3401 539 decimis
3418 484 3555 551 Suis,

1974 587 2095 643 quae
2123 575 2191 628 ad
2217 582 2431 645 portam
2485 575 2775 645 pertinent.
2805 573 2867 628 In
2895 575 3012 645 ipsa
3037 575 3190 641 villa,
3242 582 3297 631 et
3328 575 3382 629 in
3409 575 3558 631 Hun-

1974 668 2286 726 denesbeim
2324 666 2374 735 i,
2400 676 2456 723 et
2479 668 2535 724 in
2580 667 2988 724 Lumeresbeim
3020 669 3069 733 ιι,
3104 667 3365 722 medietas
3391 668 3556 724 etiam

1971 756 2136 821 banni
2167 758 2220 815 in
2251 758 2425 831 ipsam
2446 758 2642 813 curtim
2664 758 2920 829 pertinet.
2951 757 3011 812 In
3040 757 3332 814 Utenheim
3366 756 3410 826 ι,
3433 775 3558 814 cur-

1974 851 2044 907 tis
2081 850 2353 907 dominiea
2384 865 2509 906 cum
2537 849 2704 905 salica
2732 859 2876 905 terra
2909 856 2965 905 et
2991 849 3218 905 decimis
3246 848 3439 919 ipsius,
3467 864 3568 905 ec-

1971 941 2137 999 clesia
2165 957 2289 999 cum
2313 940 2539 997 decimis
2560 942 2673 996 suis
2704 955 2719 994 :
2748 948 2943 1010 quarta
2968 954 3099 1010 pars
3119 940 3286 995 banni
3308 941 3362 993 in
3384 940 3553 1010 ipsam

1973 1033 2168 1089 curtim
2221 1032 2476 1104 pertinet.
2508 1031 2567 1086 In
2598 1030 2767 1085 Valva
2790 1042 2853 1096 ω,
2882 1030 3053 1086 curtis
3092 1028 3361 1085 dominica
3388 1037 3445 1084 et
3470 1044 3555 1083 sa-

1971 1121 2076 1177 liea
2130 1131 2276 1176 terra
2324 1135 2448 1175 cum
2471 1119 2718 1175 curtibus
2760 1128 2816 1193 et
2851 1118 3046 1190 pratis,
3077 1126 3133 1173 ct
3182 1127 3375 1189 quarta
3399 1127 3555 1189 parte

1969 1212 2156 1269 banni.
2180 1211 2238 1266 In
2268 1211 2584 1269 Hiltesheim
2617 1219 2667 1277 η,
2701 1210 2872 1266 curtis
2896 1210 3188 1275 dominica,
3218 1209 3382 1265 salica
3409 1217 3554 1265 terra

1972 1318 2097 1359 cum
2130 1301 2355 1356 decimis
2385 1300 2517 1366 suis,
2555 1282 2943 1356 ecclesia‘cum
2989 1300 3214 1356 decimis
3255 1300 3390 1365 suis,
3420 1299 3554 1354 ban-

1973 1410 2076 1449 nus
2106 1394 2347 1449 totaliter
2376 1408 2499 1447 cum
2540 1392 2687 1448 omni
2736 1391 3110 1448 mundeburde
3131 1400 3187 1446 et
3207 1390 3352 1446 omni
3405 1391 3551 1445 utili-

1972 1492 2101 1539 tate.
2142 1484 2199 1538 In
2235 1483 2625 1539 Witenesheim
2656 1490 2705 1550 °,
2758 1483 2929 1539 curtis
2975 1483 3242 1539 dominica
3287 1499 3411 1539 cum
3438 1498 3553 1537 om-

1972 1574 2133 1633 nibus
2181 1571 2524 1644 pertinentiis
2565 1572 2699 1639 suis,
2756 1572 2921 1627 salica
2976 1581 3121 1627 terra
3151 1587 3275 1627 cum
3328 1570 3555 1625 decimis

1974 1666 2109 1732 suis,
2141 1665 2353 1720 bannus
2413 1679 2537 1720 cum
2573 1663 2723 1719 omni
2760 1663 3021 1719 dominio.
3059 1662 3276 1732 Capella
3328 1661 3553 1716 Nivera-

272 1774 500 1816 mansus
562 1756 844 1813 censuales
889 1762 946 1811 et
996 1763 1177 1812 curtes
1223 1732 1498 1824 ipsorum,
1559 1759 1615 1806 et
1653 1750 1866 1806 bannus
1892 1732 1939 1793 Β
1968 1753 2197 1809 tesheim
2224 1763 2273 1818 P,
2324 1767 2447 1807 cum
2505 1752 2730 1809 decimis
2784 1752 2915 1808 suis.
2954 1752 3015 1807 In
3059 1748 3456 1805 Muoteresholz
3490 1760 3544 1813 ιι,

272 1850 443 1922 ipsius
466 1848 661 1920 przedii
685 1855 742 1903 et
763 1846 1021 1904 villicatio
1047 1846 1101 1901 in
1124 1846 1298 1917 ipsam
1319 1844 1518 1900 curtim
1540 1840 1871 1899 dominicam

269 1941 517 2014 pertinet
539 1957 554 2008 ;
586 1939 808 1996 decima:
831 1938 1011 1994 salice
1032 1945 1194 1994 terra}
1218 1936 1287 1991 ad
1306 1943 1525 2007 portam
1546 1931 1869 1991 monasterii

271 2033 601 2103 respiciunt.
632 2029 692 2085 In
718 2028 1086 2101 Chagenheim
1115 2026 1162 2094 ί,
1197 2027 1368 2082 curtis
1421 2024 1703 2082 Dominica
1737 2037 1867 2077 cum

274 2123 443 2180 salica
497 2131 672 2188 terra,
721 2128 923 2187 curtas,
972 2119 1276 2185 curteﬁcia,
1315 2133 1540 2173 mansus
1562 2115 1786 2172 serviles
1812 2121 1870 2169 et

270 2212 583 2278 censuales,
618 2225 744 2268 cum
777 2209 1091 2265 molendino
1122 2216 1180 2264 et
1224 2207 1639 2280 piscationibus,
1691 2204 1865 2267 etfa-

276 2304 430 2360 milia
484 2302 715 2371 aliisque
765 2299 1102 2370 appendiciis
1136 2308 1191 2354 et
1219 2298 1370 2354 omni
1408 2297 1578 2353 libera
1607 2297 1863 2352 utilitate.

270 2393 328 2447 ln
385 2388 821 2446 Sarmeresheim
871 2390 921 2455 3,
970 2388 1144 2444 curtis
1188 2388 1460 2444 dominica
1516 2402 1641 2442 cum
1699 2387 1867 2442 salica

277 2492 353 2538 tet
368 2498 452 2548 ra,
484 2488 687 2545 curtes,
712 2493 934 2535 mansus
961 2478 1189 2535 serviles
1215 2486 1271 2534 et
1299 2477 1605 2544 censuales,
1632 2477 1865 2532 ecclesia

274 2571 453 2642 ipsius
479 2568 620 2625 villa:
645 2582 769 2623 eum
798 2567 1025 2627 decimis
1073 2567 1188 2623 suis
1215 2584 1231 2634 ;
1269 2568 1495 2625 decimae
1522 2582 1655 2623 vero
1683 2566 1865 2622 salica:

269 2673 438 2721 terrae
495 2661 565 2717 ad
614 2668 829 2732 portam
880 2658 1195 2732 pertinent;
1233 2661 1446 2719 bannus
1499 2666 1556 2714 et
1602 2657 1875 2713 villicatio

269 2754 450 2824 ipsius
473 2750 663 2823 praedii
692 2749 783 2805 vel
826 2747 1044 2805 familia:
1067 2750 1125 2805 in
1170 2748 1345 2820 ipsam
1383 2748 1581 2805 curtim
1604 2747 1858 2819 pertinet.

266 2845 328 2901 In
361 2842 700 2899 Hittenheim
725 2842 779 2907 δ,
829 2841 1000 2897 curtis
1036 2841 1309 2896 dominica
1363 2855 1489 2895 cum
1517 2839 1684 2894 salica
1716 2846 1862 2896 terra

265 2943 327 2991 et
350 2932 614 2990 omnibus
636 2930 981 3002 pertinentiis
1007 2929 1199 3001 ipsius,
1233 2928 1581 2999 molendino,
1600 2928 1863 2998 piscatio-

265 3026 476 3091 nibus;
513 3022 746 3080 ecclesia
808 3021 1135 3093 parochialis
1164 3036 1288 3077 cum
1339 3020 1594 3077 omnibus
1634 3019 1861 3077 decimis

267 3116 470 3187 ipsius,
498 3113 724 3169 decimae
769 3090 951 3168 salicze
1005 3120 1169 3167 terra:
1192 3110 1261 3166 ad
1289 3117 1505 3181 portam
1534 3110 1808 3181 pertinent
1836 3127 1850 3165 :
1885 3090 1930 3154 Ο

268 3203 543 3263 medietas
561 3201 729 3258 banni
756 3200 930 3270 ipsam
957 3199 1156 3255 curtim
1188 3198 1413 3270 respicit
1439 3213 1563 3255 cum
1590 3200 1704 3255 suis
1728 3213 1855 3271 per-

342 3394 374 3425 ι
412 3380 588 3439 Hodie
620 3379 1011 3451 viculusWiltr
1034 3379 1090 3438 in
1123 3378 1458 3451 Gregoriana
1489 3377 1659 3447 Valle,
1702 3394 1867 3451 como

268 3451 518 3510 muniter
540 3452 715 3523 dictus
740 3450 1097 3523 Kleinihg,
1128 3449 1255 3523 quaﬁ
1297 3449 1489 3523 ultima
1525 3450 1859 3522 nuncupatio

266 3523 425 3579 idem
450 3528 541 3577 est
587 3538 652 3578 ac
676 3521 998 3579 Lucetwim.
1051 3519 1237 3580 Latia!
1280 3520 1426 3577 enim
1454 3527 1539 3575 est
1563 3519 1722 3575 vetus
1747 3535 1857 3576 vox

268 3592 566 3657 theotisca,
596 3608 715 3663 quae
776 3606 966 3648 arvum
986 3590 1118 3662 quid
1149 3589 1440 3660 signiﬁcat,
1459 3588 1631 3648 Alsat.
1658 3590 1856 3657 illusL,

268 3671 409 3718 tom.
444 3662 485 3718 l.
512 3677 635 3718 nae.
667 3609 791 3718 728.

266 3671 409 3718 tom.
444 3662 485 3726 l,
512 3660 635 3733 pagi
667 3660 791 3718 726.
1004 3660 1015 3662 ⁷

278 3731 590 3808 "enodis
642 3731 791 3808 rivus
844 3727 1146 3791 Nﬁhlbacu,
1201 3740 1366 3808 quem
1409 3724 1601 3808 incola
1653 3733 1857 3808 vocant

267 3798 706 3883 βιεέηυιαὲραςάν
738 3806 996 3883 cavrem
1018 3794 1650 3883 asee,€i!99._etrﬁws
1680 3794 1861 3850 "W-

266 3871 406 3924 bach
414 3863 715 3991 (pertinens
747 3863 1091 3947 αάξοιιρἰιιὶιι
1124 3863 1565 3919 Monasteriense.
1722 3933 1735 3946 .

344 3951 368 3978 ε
469 3936 760 3991 rschwetler
784 3951 899 3991 Sive
929 3934 1255 4004 Orchweyer,
1270 3948 1439 4004 prope
1471 3932 1855 4004 Selestadtum.

337 4008 369 4049 ἀ
411 4007 651 4063 Torrens
665 4006 995 4069 Eckenbach,
1016 4003 1109 4073 qui
1138 4002 1470 4073 superiorem
1495 4002 1757 4073 Alsatiatu
1787 4004 1855 4059 ab

263 4077 558 4160 inferiore,
603 4084 660 4133 et
703 4076 981 4132 dioecesim
1015 4072 1462 4143 Argentinensem
1495 4087 1525 4127 a
1564 4072 1860 4131 Basileensi

260 4148 483 4205 dividit.

343 4229 370 4297 2
415 4215 839 4297 ἐσθίωμεν-η
980 4285 993 4297 .
1044 4285 1057 4297 .
1398 4281 1451 4297 ..
1510 4284 1543 4297 -.

344 4286 369 4327 ί
416 4286 589 4344 llodie
614 4288 768 4343 vicus
789 4285 1131 4357 Kogenhcim_
1153 4297 1322 4355 prope
1365 4281 1634 4357 abbatiam
1663 4283 1859 4340 Ebers-

260 4357 634 4437 lteimenjem,
659 4352 937 4437 pertinens
956 4356 1024 4411 ad
1045 4352 1362 4437 episcopum
1386 4352 1857 4424 Argentinensem,

261 4428 323 4484 in
342 4443 474 4553 ἕλιξ)
495 4429 600 4551 illae
611 4422 791 4553 1ιῖιέῗῶ
791 4427 999 4483 curiam
1025 4422 1425 4483 dominicalem.

462 4515 571 4551 erm
605 4515 654 4552 γε
798 4537 811 4551 υ

336 4566 368 4607 ιι
413 4537 811 4623 ῖῐιὲἰὲἓῐέἱέἔῖιὲἑῖ”

356 4707 364 4715 .
412 4634 961 4715 ιΧοτμίιαιεξςην..νμιεο
990 4632 1183 4715 Ναπη-

351 4707 367 4758 i
424 4703 598 4760 Hodie
633 4701 986 4767 Iliadisheim,
1029 4703 1203 4760 tribus
1247 4717 1410 4774 supra
1438 4701 1855 4774 Argentoratum

258 4776 445 4838 [sucis
458 4776 683 4838 distans,
697 4774 975 4841 pertinens
985 4773 1053 4829 ad
1063 4771 1374 4844 episcopum
1383 4771 1857 4843 Argehtinensem,

261 4854 322 4907 in
361 4846 625 4907 ballivatu
656 4843 1086 4899 D.:clisteinensi.

339 4922 369 4965 κ
411 4915 584 4971 Hodie
597 4913 985 4996 [:eimersheign,
1015 4928 1183 4996 prope
1198 4912 1475 5038 Hipfheim
1526 4920 1780 4993 spectans
1792 4911 1859 4969 ad

339 4987 526 5038 mdem
552 4998 884 5038 episcopum.
912 5000 967 5038 tn
996 4984 1251 5038 balltvatu
1318 4952 1638 5038 enfeldensi.

259 4987 526 5047 eumdem
552 4984 884 5055 episcopum,
912 4984 967 5039 in
996 4984 1251 5041 ballivatu
1273 4984 1638 5038 Benfeldensi.

346 5056 366 5097 ι
418 5053 861 5135 Utenla_eim_vicus
888 5053 1323 5135 ad-lteinacliios,
1343 5052 1641 5135 pertinens,
1664 5050 1719 5105 in
1753 5064 1860 5132 quo

260 5145 397 5184 cum
412 5123 652 5195 parocho
676 5124 914 5180 decimas
926 5121 1353 5195 dividitabbatia
1376 5121 1855 5195 Ebersheimensis.

259 5198 369 5254 lus
401 5190 1021 5265 patronatusiintegrum
1059 5193 1127 5265 ad
1149 5193 1397 5265 eamdem
1428 5191 1698 5265 abbatiam
1728 5190 1856 5265 olim

303 5260 616 5328 terti—nebat;
658 5264 751 5319 sed
774 5263 828 5316 vi
858 5260 1238 5318 fransactionis
1260 5277 1404 5317 anno
1436 5260 1571 5316 I749
1592 5260 1738 5315 inita:
1763 5260 1858 5314 tri-

345 5353 374 5390 s
403 5331 890 5413 vicibusoliocjure
902 5332 1098 5401 gaudet
1120 5332 1404 5400 episcopus
1424 5329 1854 5401 Argentinensis,

222 5424 239 5477 ι
264 5415 324 5462 et
355 5410 557 5473 quarta
585 5402 701 5455 vice
726 5401 912 5455 abbas.

416 5471 585 5551 ιιοεείο
614 5469 931 5556 WHT?
950 5466 1853 5556 “sefedeesERWenheimium

263 5545 442 5603 situs,
484 5540 634 5593 vicus
653 5538 719 5593 ad
750 5538 964 5593 Nobiles
992 5539 1058 5593 de
1077 5538 1282 5592 Andlau
1309 5545 1575 5607 spectans.

348 5623 378 5650 ιι
426 5608 592 5688 Hodie
620 5607 850 5688 "illud,
873 5610 1022 5663 vicus
1054 5608 1120 5662 ad
1158 5603 1860 5688 episcopumﬁrgentinen-

269 5697 403 5740 scin
447 5678 740 5751 pertinens,
798 5679 851 5734 in
903 5695 1007 5749 quo
1028 5671 1278 5735 omnibus
1305 5671 1723 5741 decintis,éuria
1764 5671 1859 5726 do-

1973 1846 2142 1901 curtis
2170 1845 2462 1909 dominica,
2503 1843 2671 1900 salica
2705 1853 2852 1899 terra
2888 1860 3012 1899 cum
3041 1843 3265 1899 decimis
3302 1842 3434 1907 suis,
3464 1856 3554 1897 ec-

1969 1934 2135 1990 clesia
2174 1950 2298 1990 eum
2334 1933 2559 1990 decimis
2604 1935 2756 1990 suis:
2787 1935 3053 1990 medietas
3105 1932 3269 1988 banni
3295 1932 3351 1987 in
3379 1932 3553 2003 ipsam

1967 2026 2166 2085 curtim
2195 2025 2452 2099 pertinet.
2480 2023 2699 2097 Capella
2728 2025 2785 2079 in
2813 2023 3163 2080 Baldenbeim
3198 2034 3242 2091 ι’,
3285 2039 3408 2080 cum
3438 2038 3549 2079 me-

1968 2116 2174 2171 dietate
2199 2115 2533 2171 decimarum
2590 2115 2760 2187 ipsius
2792 2115 2954 2173 villae.
2986 2115 3043 2170 ln
3073 2116 3471 2172 Artolvesheim
3503 2126 3553 2180 ι,

1966 2208 2137 2263 curtis
2162 2207 2432 2263 dominica
2458 2222 2582 2263 cum
2620 2206 2872 2262 omnibus
2904 2206 3248 2277 pertinentiis
3296 2208 3431 2273 suis,
3469 2221 3557 2260 sa-

1966 2297 2072 2353 lica
2110 2306 2258 2357 terra
2292 2312 2418 2363 cum
2466 2297 2692 2353 decimis
2734 2298 2868 2364 suis,
2898 2296 3128 2354 ecclesia
3175 2313 3300 2352 cum
3328 2296 3557 2352 decimis

1966 2388 2099 2453 suis,
2131 2388 2344 2442 bannus
2376 2385 2617 2442 totaliter
2663 2402 2787 2441 cum
2835 2386 2984 2441 omni
3032 2386 3288 2440 utilitate.
3338 2384 3554 2455 Capella
3590 2380 3599 2388 ’

1964 2477 2021 2532 in
2064 2476 2375 2532 Birenheim
2405 2477 2449 2543 ί,
2483 2492 2608 2531 cum
2661 2475 2889 2535 decimis
2933 2476 3105 2547 ipsius
3137 2476 3296 2530 villae.
3328 2475 3385 2531 ln
3413 2472 3554 2529 Gru-

1966 2568 2213 2625 zenheim
2242 2578 2294 2634 ιι,
2324 2566 2495 2622 curtis
2524 2566 2796 2622 dominica
2821 2582 2942 2622 cum
2980 2566 3147 2623 salica
3192 2574 3339 2621 terra
3374 2580 3438 2620 ac
3462 2565 3555 2620 de-

1964 2658 2123 2715 cimis
2150 2658 2349 2729 ipsius,
2363 2657 2597 2715 ecclesia
2622 2673 2749 2717 cum
2775 2657 2921 2713 omni
2944 2658 3150 2717 decima
3179 2657 3349 2727 ipsius
3368 2656 3555 2722 banni,

1962 2750 2179 2806 bannus
2208 2749 2451 2806 totaliter
2478 2766 2603 2806 cum
2647 2751 2796 2805 omni
2836 2750 3077 2806 dominio
3115 2760 3172 2806 et
3197 2750 3368 2805 libera
3399 2749 3550 2804 utili-

1964 2847 2097 2895 tate.
2126 2839 2185 2895 ln
2213 2838 2462 2895 Wizwile
2490 2848 2539 2906 ',
2568 2854 2689 2911 qua:
2739 2840 2845 2895 sita
2873 2848 2959 2895 est
2986 2839 3039 2894 in
3097 2855 3236 2911 pago
3282 2838 3556 2911 Brisigau—

1962 2930 2140 3002 gensi,
2181 2930 2354 2987 curtis
2411 2929 2687 2987 dominica
2738 2945 2861 2985 cum
2908 2930 3162 2987 omnibus
3220 2930 3558 3000 appendiciis

1962 3021 2101 3087 suis,
2129 3020 2359 3076 ecclesia
2406 3036 2527 3075 cum
2574 3020 2827 3076 omnibus
2866 3020 3095 3077 decimis
3153 3020 3290 3088 suis,
3340 3020 3555 3077 bannus

1963 3127 2087 3167 cum
2113 3113 2260 3169 omni
2289 3111 2463 3169 libera
2483 3111 2736 3167 utilitate.
2777 3111 2834 3168 In
2862 3111 3151 3168 Burcheim
3178 3125 3227 3177 ι,
3258 3111 3431 3167 curtis
3454 3111 3557 3165 do-

1963 3201 2183 3270 minica,
2207 3201 2377 3258 salies
2404 3210 2549 3257 terra
2585 3216 2708 3257 cum
2746 3199 2974 3259 decimis
3005 3201 3141 3267 suis,
3173 3200 3407 3258 ecclesia
3428 3217 3553 3258 cum

1960 3381 2208 3467 minicali
2224 3390 2279 3440 et
2291 3382 2417 3456 iure
2430 3389 2749 3455 patrouatus
2775 3382 2976 3454 gaudet
2996 3380 3213 3439 abbatia
3227 3381 3360 3455 Apri
3367 3399 3552 3442 mona-

1958 3461 2261 3510 steriensis.

2033 3530 2059 3558 °
2094 3523 2266 3600 Hodie
2277 3521 2802 3600 ἶνίιιξςιιεὶηγγυιεο
2822 3520 3123 3600 Witaean
3145 3537 3253 3590 quo
3282 3523 3549 3600 vicoprze-

1960 3591 2102 3648 dicta
2129 3592 2343 3649 abbatia
2370 3591 2838 3674 adpuc‘babetjus
2864 3599 3183 3659 pauouatus
3209 3600 3266 3647 et
3286 3591 3545 3659 decimas,

1959 3676 2098 3735 quas
2126 3677 2248 3715 cum
2277 3661 2517 3730 parocho
2544 3661 2752 3718 dividit.

1962 3798 1973 3800 Α
2036 3740 2081 3800 ιζ
2104 3728 2338 3800 Niﬂern,
2361 3730 2515 3784 vicus
2538 3730 2747 3800 duabus
2781 3730 2952 3785 leucts
2972 3730 3041 3783 ab
3061 3728 3547 3800 Aprimonasterio,

1959 3797 2121 3852 hodie
2139 3797 2468 3852 destructus.
2550 3799 2741 3853 Exstat
2778 3807 2986 3854 tantum
3022 3797 3227 3866 capella
3269 3799 3326 3854 S.
3357 3797 3551 3857 Catina-1

1960 3867 2095 3941 rinte
2120 3867 2188 3941 ad
2213 3868 2527 3941 pmdictam
2555 3868 2826 3941 abbatiam
2870 3868 3162 3939 pertinens,
3187 3869 3245 3923 in
3270 3872 3544 3941 parochize

1962 3934 2521 3992 Schwabsheimensis
2551 3938 2819 3993 districtu.

2030 4017 2057 4056 ει
2074 4004 2268 4078 Allodie
2290 4005 2642 4078 Histersholz,
2656 4007 3009 4078 isesquiletlca
3043 4022 3074 4061 a
3104 4006 3401 4065 Selestadio
3421 4025 3544 4065 ver-

1959 4089 2053 4132 sus
2074 4075 2321 4148 Rhenum
2328 4076 2504 4148 situs,
2544 4078 2611 4132 ad
2644 4075 3127 4148 Ralh‘sambausios
3159 4080 3456 4148 pertinens,
3492 4081 3544 4135 in

1955 4161 2068 4216 quo
2092 4146 2308 4203 abbatis
2327 4146 2793 4203 Ehersbeimensis
2812 4148 2963 4204 curia
2979 4146 3312 4209 dominica“.
3324 4151 3547 4206 decimis

1958 4225 2015 4273 et
2032 4217 2156 4293 jure
2175 4224 2495 4288 patronatus
2516 4218 2731 4289 gaudet.
3520 4254 3529 4261 ι

2035 4319 2058 4347 ι’
2091 4306 2456 4374 Baldenheim,
2505 4309 2660 4365 vicus
2680 4317 2765 4365 est
2793 4309 2859 4364 ad
2903 4309 2967 4363 D.
2993 4310 3060 4365 de
3086 4309 3345 4371 Weidner
3377 4312 3546 4374 perti-

1958 4379 2485 4449 nens.il)ecimarum
2512 4379 2786 4449 dimidiam
2800 4387 3007 4449 partem
3032 4379 3103 4449 ibi
3134 4379 3541 4438 habetabbatia.

1958 4450 2020 4506 ιιι
2048 4448 2396 4504 Baldenheim
2439 4449 2567 4519 olim
2591 4447 2692 4503 fuit
2721 4447 2929 4519 capella
2960 4447 3017 4502 S.
3041 4447 3273 4519 Oswaldi
3302 4452 3368 4507 ad
3392 4467 3542 4505 eam-

1960 4520 2084 4575 dem
2110 4525 2371 4588 spectans
2386 4518 2697 4588 abbatiam‘:
2736 4518 2901 4588 hodie
2940 4525 3025 4572 est
3054 4518 3348 4581 destmcta,
3391 4528 3445 4574 et
3469 4521 3540 4574 ti-

1960 4588 2105 4647 tulus
2130 4586 2247 4659 ejus
2268 4586 2470 4659 dicitur
2487 4589 2543 4643 in
2563 4586 2849 4648 ecclesiam
2862 4586 3331 4646 Ebersbeimensis
3352 4605 3541 4645 mona-

1880 4649 1936 4710 D
1960 4659 2111 4717 sterii
2140 4649 2451 4715 t'ranslatus.

2036 4760 2059 4787 ο
2100 4747 2269 4803 Hodie
2297 4746 2629 4813 Artelshe'm,
2653 4745 2928 4803 inferioris
2953 4745 3173 4802 Alsatize
3193 4747 3437 4803 Rhenum
3460 4748 3542 4803 iu-

1960 4826 2045 4873 ter
2064 4833 2129 4872 ac
2157 4816 2513 4872 Selestadium
2543 4817 2711 4880 vicus,
2768 4816 2837 4870 ad
2880 4817 3175 4887 principem
3227 4817 3291 4887 de
3324 4815 3541 4871 lichan-

1962 4887 2181 4943 Soubt'se
2200 4887 2497 4956 pertinens.
2551 4887 2609 4941 In
2638 4902 2704 4941 eo
2733 4901 2853 4940 cum
2876 4886 3112 4956 parocho
3136 4886 3373 4941 decimas
3401 4886 3537 4956 divi-

1963 4957 2045 5019 dit
2064 4955 2278 5015 abbatia
2302 4955 2903 5026 Apritnonasteriensis’,
2953 4971 3072 5025 qua:
3103 4969 3317 5026 quoque
3340 4955 3540 5012 ibidem

1963 5027 2160 5108 gaudet
2183 5027 2339 5108 curia
2352 5024 2667 5108 dominica“
2694 5033 2749 5081 et
2768 5024 2892 5096 jure
2918 5024 3256 5103 patronatus‘,
3294 5034 3353 5081 ut
3378 5039 3542 5095 supra

1962 5096 2018 5151 in
2043 5096 2326 5153 Utenheim
2364 5096 2619 5155 diximus.
2930 5096 2935 5097 “
2968 5096 2975 5103 ’

2040 5190 2059 5226 ί
2101 5187 2273 5244 Hodie
2300 5188 2453 5243 vicus
2481 5186 2729 5251 Bindern,
2758 5201 2927 5256 prope
2948 5185 3394 5256 Ebcrsheimcnse
3425 5200 3547 5239 lno-

1964 5259 2283 5322 nasterium,
2334 5258 2613 5328 pertinens
2630 5257 2705 5328 ad
2730 5254 3044 5328 episcopum
3071 5254 3543 5328 Argentinensem.

1962 5328 2179 5387 Curiam
2216 5322 2596 5385 dom'inicalem
2627 5326 2682 5381 in
2737 5322 2801 5381 eo
2830 5322 3070 5396 possidet
3094 5322 3307 5382 abbatia
3345 5322 3543 5380 libers»

1964 5396 2274 5452 hcimensis.
2480 5430 2485 5437 ι

1996 5492 2011 5497 -
2035 5479 2062 5505 ιι
2100 5465 2460 5520 Grusenhet'm.

2039 5544 2063 5572 '
2104 5532 2442 5588 Weisweiler.

2040 5619 2063 5645 ι
2099 5601 2399 5672 Burghcim.
