3996 6178
486 311 622 367 1087

1632 294 1957 355 LL'DOV'ICI
1995 295 2015 348 I
2053 286 2524 348 COGNOMENI‘O
2563 287 2648 343 P11

3611 277 3753 332 1088

485 421 713 480 decimis
745 420 859 474 suis
884 458 898 482 ,
950 416 1160 469 bannus
1194 428 1316 467 cum
1346 411 1490 465 omni
1524 410 1692 465 libera
1716 409 1970 464 utilitate.
2005 407 2067 461 In
2093 404 2144 465 Α
2169 402 2404 456 rieorum
2432 398 2599 468 gregi,
2630 409 2927 465 eorumque
2951 391 3181 463 posteris
3217 388 3501 460 pimfatam
3544 399 3759 444 curtem

486 509 866 584 Lagelenbeim
883 520 934 572 δ,
951 506 1121 559 curtis
1148 504 1441 569 dominica,
1467 504 1633 559 saltca
1661 513 1804 557 terra
1831 517 1953 557 eum
1977 500 2071 555 de-

491 603 649 658 cimis
706 600 897 670 ipsius,
942 595 1173 652 ecclesia
1223 610 1347 650 cum
1400 595 1625 651 decimis
1677 595 1808 658 suis,
1859 593 2073 649 bannus

490 706 613 749 cum
639 689 783 743 omni
814 687 1053 742 dominio
1100 702 1198 741 suo
1245 701 1275 739 a
1332 686 1447 756 ripa
1476 683 1652 739 Rheni
1682 698 1853 753 usque
1902 683 1969 738 ad
1999 682 2073 736 ri-

483 796 611 853 pam
638 778 729 834 Ille
751 776 1007 832 ﬂuminis.
1065 777 1252 845 Itaque
1282 774 1573 851 prtedietus
1617 773 1959 845 Theopaldus
1981 773 2074 828 ab-

484 874 587 928 bas
608 878 665 926 et
708 884 897 925 omnes
929 881 1272 922 successores
1303 866 1472 936 ipsius
1502 865 1602 920 has
1638 865 1925 935 praedictas
1950 878 2075 919 cur-

487 969 715 1016 tescum
762 958 1013 1013 omnibus
1050 956 1395 1026 pertinentiis
1445 955 1687 1025 ipsarum
1720 953 1925 1024 absque
1964 951 2073 1007 ulla

488 1047 941 1111 contradictione,
972 1060 1068 1100 seu
1095 1044 1463 1109 convulsione,
1485 1043 1571 1099 vel
1600 1043 1953 1098 diminutione
1978 1042 2076 1098 ali-

488 1139 642 1208 cujus
679 1137 981 1209 iudiciaria:
1020 1135 1326 1205 potestatis,
1381 1149 1474 1188 seu
1504 1132 1799 1197 saecularis,
1827 1132 1941 1187 sive
1962 1132 2075 1201 spi-

492 1230 704 1285 ritualis
729 1243 827 1299 per
851 1225 1281 1282 muniﬁcentiam
1318 1232 1520 1280 nostra:
1547 1224 1847 1295 imperialis
1890 1230 2077 1278 aucto-

490 1323 666 1378 ritatis
698 1329 753 1378 et
785 1321 1089 1391 largitatem
1131 1317 1466 1373 meliorando
1485 1323 1540 1371 et
1569 1316 1963 1387 augmentando
1982 1330 2078 1386 po-

489 1416 740 1471 testative
775 1414 1105 1486 possideant,
1143 1420 1409 1482 quatenus
1436 1409 1635 1465 fratres
1668 1409 1801 1465 inibi
1825 1409 1936 1464 Deo
1966 1422 2078 1463 ser-

488 1507 697 1562 vientes
720 1507 895 1576 ipsum
937 1520 1037 1576 pro
1065 1504 1236 1559 salute
1266 1511 1452 1558 nostra
1483 1518 1547 1557 ac
1570 1517 1670 1571 pro
1696 1509 1841 1573 statu
1862 1501 2077 1571 imperii

488 1597 663 1651 nostri
710 1596 1045 1665 frequentius
1064 1602 1319 1655 exorent.
1371 1594 1516 1648 Etut
1550 1594 1669 1648 hinc
1694 1601 1881 1648 nostra
1911 1592 2080 1662 impe-

490 1686 642 1740 rialis
664 1685 960 1740 auctoritas
984 1684 1186 1739 nostris
1207 1691 1262 1739 et
1282 1681 1479 1738 futuris
1508 1682 1839 1752 temporibus
1868 1682 2079 1737 stabilis

2169 491 2447 554 Anutium,
2509 504 2632 544 cum
2659 487 2929 542 universis
2976 482 3290 553 adiacentiis
3338 483 3478 549 suis,
3525 482 3758 549 mansio,

2169 581 2438 645 videlicet,
2471 580 2753 645 districtis,
2782 593 2847 632 ac
2871 576 3148 647 pontibus,
3172 575 3352 640 terris,
3386 588 3450 628 ac
3478 573 3685 639 vineis,
3707 578 3764 628 et

2171 674 2401 744 campis,
2426 673 2838 745 piscationibus,
2888 670 3054 726 cultis
3096 675 3152 722 et
3178 667 3413 733 incultis,
3456 666 3758 728 montibus,

2170 767 2424 832 vallibus,
2482 772 2539 819 et
2585 763 2932 835 planitiebus,
2980 761 3157 831 rupis,
3186 769 3242 816 et
3288 760 3523 830 rupinis,
3580 760 3761 829 aquis,

2173 869 2443 926 aquarum
2459 853 2796 915 decursibus,
2826 850 3133 922 paludibus,
3157 847 3485 919 iudiciariis,
3512 849 3693 904 servis
3710 859 3763 903 et

2174 943 2385 1000 ancillis
2416 943 2698 1013 utriusque
2727 954 2917 1006 sexus,
2958 940 3221 1008 legalibus
3259 955 3496 1010 quoque,
3524 939 3763 1010 placitis,

2175 1048 2550 1106 aquarumque
2597 1033 2861 1088 districtis
2905 1048 2939 1086 a
2976 1032 3209 1087 termino
3237 1031 3305 1086 de
3340 1030 3543 1096 Cadra,
3592 1046 3768 1101 usque

2175 1127 2243 1181 ad
2291 1125 2495 1180 Trasize
2538 1134 2783 1195 pontem,
2830 1122 3012 1178 omnia
3052 1122 3105 1176 in
3146 1122 3441 1192 integrum,
3489 1124 3654 1178 sicuti
3698 1123 3763 1177 ad

2174 1231 2294 1271 eam
2314 1215 2459 1284 iuste
2488 1225 2544 1270 et
2570 1213 2814 1284 legaliter
2833 1213 3104 1283 pertinere
3126 1211 3478 1282 dignoscitur,
3488 1213 3764 1284 iubemus,

2174 1315 2236 1362 ut
2272 1307 2529 1378 praedicta
2582 1306 2927 1376 congregatio
2957 1312 3161 1360 sanctae
3212 1303 3470 1360 Cumana;
3523 1306 3767 1360 ecclesia:

2177 1397 2520 1455 sacerdotum
2568 1404 2625 1451 et
2660 1397 3009 1461 clericorum,
3063 1395 3155 1465 qui
3209 1410 3309 1465 pro
3363 1405 3615 1466 tempore
3661 1396 3769 1451 Deo

2176 1498 2470 1558 sanctoque
2522 1487 2770 1542 Abundio
2814 1486 3115 1543 confessori
3157 1493 3213 1541 et
3261 1488 3491 1557 martyri
3539 1487 3770 1558 Pelagia:

2177 1579 2547 1644 deservierint,
2578 1585 2903 1649 potestatem
2953 1576 3151 1632 habeat
3201 1591 3321 1631 eam
3352 1584 3567 1642 tenere,
3597 1578 3768 1647 possi-

2178 1669 2327 1735 dere,
2350 1678 2407 1725 et
2432 1669 2693 1740 quidquid
2720 1683 2785 1723 ex
2834 1669 3025 1724 eadem
3063 1678 3217 1724 curte
3262 1669 3485 1739 suisque
3507 1668 3768 1740 legalibus

489 1785 545 1831 ει
588 1776 920 1842 ίηεοηνυιεθ,
974 1776 1192 1831 Christo
1218 1775 1502 1845 largiente,
1548 1783 1885 1845 permaneat,
1913 1789 2079 1829 manu
2107 1746 2154 1805 Β
2180 1759 2523 1831 pertinentiis
2562 1758 2741 1815 facere
2768 1758 3016 1824 voluerit,
3055 1758 3217 1814 faciat
3255 1776 3319 1813 ex
3352 1770 3541 1815 nostra
3573 1761 3769 1831 plenis-

489 1868 708 1937 propria
753 1865 938 1921 subter
968 1865 1298 1936 signavimus
1343 1877 1397 1920 et
1428 1864 1612 1919 annuli
1646 1865 1819 1920 nostri
1854 1865 2079 1935 impres-

491 1957 643 2011 sione
662 1955 1035 2027 sigillavimus.

563 2045 789 2115 Signum
811 2045 993 2100 domni
1022 2045 1279 2100 Ludovici
1310 2044 1644 2100 serenissiini
1680 2045 2043 2115 imperatoris.

564 2137 676 2208 Ego
696 2119 983 2194 Durandus
1029 2136 1277 2191 notarius
1302 2136 1369 2191 ad
1419 2137 1593 2192 vicem
1634 2137 1845 2193 Domini
1878 2136 2028 2192 Ilclie
2052 2137 2080 2177 δ

493 2226 953 2281 archicancellarii
976 2226 1282 2295 recognovi.

562 2316 699 2370 Data
726 2316 978 2372 Kalendis
1002 2316 1151 2381 Maii,
1181 2331 1343 2382 anno,
1368 2315 1583 2372 Christo
1611 2317 1870 2387 propitio,
1895 2318 1928 2371 3
1953 2317 2083 2387 piis-

493 2408 617 2464 simi
646 2408 989 2478 imperatoris
1016 2407 1264 2477 Augusti.
1312 2407 1506 2463 Actum
1535 2408 1770 2463 Trhonie
1792 2423 1887 2464 seu
1916 2407 2083 2464 Kilik-

491 2500 617 2555 hein
649 2511 672 2540 ο
704 2500 756 2555 in
779 2500 1038 2557 comitatu
1060 2500 1261 2557 domini
1285 2500 1581 2557 Wuorandi
1603 2501 1836 2567 comitis,
1871 2501 1923 2555 in
1952 2517 2082 2555 con-

492 2589 650 2645 cione
664 2592 1004 2660 imperatoris
1015 2598 1069 2646 et
1090 2591 1417 2661 principum,
1438 2607 1580 2647 anno
1595 2591 1887 2646 Dominicre
1913 2592 2084 2647 incar-

498 2679 737 2736 nationis
753 2680 876 2748 817,
896 2679 1298 2746 indictioneﬁd,
1314 2681 1368 2735 in
1382 2680 1583 2737 Christi
1600 2681 1816 2736 nomine
1830 2680 2076 2737 feliciter.

1158 2789 1419 2845 LXXXII.

907 2874 1010 2914 Ριιο
1047 2875 1386 2915 IONASTERIO
1422 2876 1667 2916 COMENSI.

840 2947 1017 3022 (Anno
1050 2949 1176 3015 818,
1212 2950 1382 3021 pridie
1411 2949 1537 3004 Kal.
1564 2951 1723 3023 Aug.)

949 3039 1209 3113 [Ughelli,
1241 3040 1405 3096 Italia
1433 3040 1631 3114 sacra,]

568 3129 875 3186 Ludovicus
901 3130 1082 3185 divina
1109 3131 1448 3201 providentia
1471 3147 1686 3202 semper
1708 3132 2002 3204 Augustus.

565 3220 699 3275 Cum
723 3221 885 3290 iustis
917 3221 1271 3290 petitionibus
1326 3223 1670 3277 sacerdotum
1706 3238 1771 3277 ac
1799 3238 2079 3279 servorum

497 3307 617 3373 Dei,
672 3324 810 3376 quas
864 3309 1083 3363 auribus
1136 3311 1339 3365 nostris
1384 3311 1794 3379 insinuaverint,
1848 3312 2082 3368 libenter

497 3395 870 3462 annuerimus,
922 3404 979 3452 et
1029 3411 1121 3453 eas
1152 3414 1276 3453 cum
1307 3399 1403 3454 Dei
1459 3401 1660 3457 auxilio
1706 3403 1775 3457 ad
1828 3400 2079 3460 effectum

497 3486 803 3555 pervenire,
834 3486 1124 3543 fecerimus
1162 3504 1269 3544 non
1297 3490 1473 3545 solum
1496 3493 1699 3562 regiam
1725 3500 1782 3548 et
1825 3493 2081 3563 imperia-

496 3575 604 3629 lem
632 3578 1083 3633 consuetudinem
1105 3593 1443 3644 exercemus,
1476 3596 1662 3637 verum
1693 3582 1857 3638 etiam
1886 3583 2082 3640 libera-

495 3666 704 3723 litatem
724 3670 792 3725 ad
817 3677 1014 3725 statum
1038 3672 1241 3727 terreni
1260 3674 1410 3745 regni
1431 3673 1914 3742 corroborandum,
1936 3677 2081 3747 quod

430 3804 439 3828 ,
500 3757 573 3812 ad
621 3766 881 3816 mternam
905 3761 1293 3819 beatitudinem
1322 3765 1710 3834 capessendam
1738 3766 2081 3836 profuturum

498 3865 623 3906 esse
652 3850 991 3907 conﬁdimus.
1041 3852 1252 3909 Idcirco
1300 3861 1486 3910 notum
1529 3870 1650 3911 esse
1695 3856 1943 3914 volumus
1966 3872 2081 3913 om-

499 3938 659 3995 nibus
684 3938 931 3997 ﬁdelibus
960 3950 1161 3998 sancta:
1187 3943 1284 3999 Dei
1313 3943 1568 4000 Ecclesiae
1597 3951 1656 3999 et
1694 3947 1916 4014 nostris,
1939 3963 2079 4018 prae-

499 4030 747 4087 sentibus
791 4030 1002 4088 scilicet
1027 4043 1083 4088 et
1108 4032 1331 4100 futuris,
1364 4034 1490 4103 quia
1517 4033 1706 4090 adiens
1732 4036 2080 4094 serenitatem

495 4123 673 4179 nostri
721 4123 997 4190 culminis,
1051 4124 1304 4180 videlicet
1351 4126 1520 4181 totius
1573 4134 1776 4181 sanctas
1826 4126 2083 4184 Cumana

498 4212 776 4278 Ecclesiae,
815 4221 924 4266 tam
949 4213 1292 4268 sacerdotum
1323 4229 1485 4284 quam
1514 4224 1571 4270 et
1607 4215 1925 4273 clericorum
1948 4219 2083 4275 ordo

497 4306 826 4377 generaliter
849 4307 1207 4372 obsecrando,
1233 4315 1292 4362 ut
1327 4323 1428 4379 pro
1451 4308 1818 4366 Retributoris
1861 4312 2083 4381 superni

496 4410 704 4460 amore,
729 4404 786 4450 et
829 4395 1028 4450 intuitu
1063 4395 1258 4452 anima:
1303 4408 1522 4464 nostrae,
1559 4400 1840 4471 nostrique
1879 4401 2083 4459 domini

495 4485 756 4557 genitoris
811 4485 987 4542 Caroli
1047 4488 1150 4558 pia
1203 4489 1595 4546 recordationis
1645 4494 2082 4562 pratotantissimi

494 4575 625 4644 imp.
651 4574 943 4644 quamdam
995 4583 1203 4631 curtem
1245 4575 1387 4646 iuris
1419 4580 1570 4650 regni
1605 4580 1800 4648 nostri,
1829 4597 1951 4652 qua:
1987 4596 2082 4638 vo-

492 4671 649 4717 catur
698 4662 959 4718 Anutium
1000 4663 1154 4734 iuxta
1198 4665 1376 4722 lacum
1403 4667 1704 4735 Lucanum,
1754 4684 1877 4725 cum
1907 4674 2078 4741 perti-

493 4754 691 4809 nentiis
714 4762 773 4810 et
814 4755 1132 4825 adiacentiis
1161 4759 1273 4814 suis
1296 4758 1538 4830 legaliter
1585 4761 1653 4817 ad
1679 4763 1927 4819 eamdem
1955 4778 2079 4833 per-

496 4844 794 4901 tinentibus
831 4848 1221 4917 perpetualiter
1258 4849 1637 4919 possidendam
1665 4854 1963 4910 concedere
1990 4854 2077 4909 di-

497 4949 807 5005 gnaremur.
860 4934 969 4991 Nos
1024 4951 1279 5007 quoque,
1331 4938 1422 5007 qui
1474 4946 1649 4994 ratam
1701 4942 2077 5012 prospeximus

493 5028 931 5098 postulationem,
960 5030 1274 5085 earumdem
1317 5031 1569 5100 precibus
1603 5031 1833 5088 libenter
1859 5034 2077 5104 acquie-

494 5121 693 5189 vimus,
716 5120 1073 5177 concedentes
1083 5120 1199 5193 iam
1222 5121 1366 5177 dicto
1385 5122 1582 5189 ordini,
1615 5133 1919 5195 cunctoque
1971 5127 2069 5183 cle-

567 5290 594 5349 9
632 5276 986 5349 Lagelnlteim.

568 5347 596 5386 ιι
629 5346 880 5404 Forsitan
919 5347 1236 5404 Helisachar
1260 5346 1629 5412 cancellarius,
1663 5347 1718 5401 in
1743 5346 1944 5406 chartis
1964 5349 2071 5406 Lu-

497 5414 792 5472 dovicianis
813 5427 1161 5475 memoratus.

571 5497 596 5560 ξ
634 5486 711 5560 De
737 5487 936 5560 palatio
964 5491 1113 5560 regio
1142 5490 1195 5544 in
1228 5487 1500 5545 Kireheim
1525 5488 1691 5560 multa
1713 5488 1920 5560 habent
1943 5491 2070 5549 Bes-

502 5555 666 5610 sclius
696 5555 752 5610 in
769 5555 1579 5624 Chronico'Gottwicensi,tom.
1614 5558 1678 5621 ll,
1712 5558 1799 5613 lib.
1829 5576 1908 5624 III,
1977 5578 2006 5616 a
2051 5604 2063 5616 .

502 5623 637 5684 487,.
656 5627 1100 5684 etSchmnﬁinus.
1149 5630 1317 5682 Alsat.
1345 5630 1507 5684 illust.
1540 5636 1671 5682 tom.
1699 5627 1738 5684 Ι.
1794 5646 1912 5684 nae.

502 5580 666 5610 DUIIUS
697 5580 748 5610 Ill
769 5580 1038 5614 DIII'OIIICO
1057 5580 1427 5624 UOIHVICCI'ISI,
1448 5580 1579 5613 ιοιιι.
1614 5580 1678 5621 ιι,
1712 5580 1799 5613 ιιυ.
1829 5580 1908 5624 III,
1977 5580 2006 5616 3
2051 5604 2063 5616 .

502 5623 637 5698 £87,.
651 5627 1100 5698 etScbmpﬁinus,
1149 5630 1317 5682 Alsat.
1345 5630 1507 5684 illust.
1540 5636 1671 5682 tom.
1699 5627 1738 5690 Ι,
1794 5646 1912 5698 pag.

571 5693 599 5732 ά
635 5692 823 5749 Annus
857 5692 1244 5753 Incarnationis
1264 5699 1363 5753 817
1389 5716 1495 5754 non
1515 5698 1765 5755 convenit
1785 5692 1906 5754 cum
1928 5716 2067 5759 anno

2182 1851 2320 1906 sima
2348 1848 2612 1920 imperiali
2635 1849 2978 1903 auctoritate.
3008 1848 3393 1920 Prmeipientes
3415 1868 3553 1923 ergo
3594 1854 3767 1908 sanci-

2181 1956 2301 1996 mus
2343 1949 2403 1995 ut
2432 1939 2611 1994 nullus
2653 1939 2782 2004 dux,
2813 1954 3014 2003 comes,
3058 1947 3153 1994 aut
3185 1941 3413 2010 quilibet
3463 1943 3770 2012 reipublicae

2180 2040 2523 2105 procurator,
2557 2047 2732 2103 neque
2769 2032 2947 2103 aliqua
2982 2047 3211 2102 persona
3243 2048 3463 2105 magna,
3489 2036 3577 2090 vel
3611 2052 3767 2105 parva

2181 2124 2468 2194 utriusque
2492 2138 2677 2189 sexus,
2707 2121 2966 2192 cujusque
2990 2123 3216 2189 ordinis,
3253 2132 3347 2178 aut
3371 2125 3665 2195 dignitatis
3706 2142 3769 2180 ex

2180 2221 2480 2283 praztaxata
2511 2219 2664 2267 curte
2709 2211 2990 2275 Anutium,
3019 2211 3104 2265 vel
3144 2213 3492 2282 pertinentiis
3529 2216 3648 2269 suis
3678 2215 3773 2269 an-

2182 2320 2345 2374 quam
2390 2303 2887 2370 diminorationem,
2919 2311 3013 2358 aut
3048 2304 3385 2369 invasionem
3425 2305 3613 2362 facere
3635 2324 3775 2378 pra:-

2182 2407 2383 2464 sumat,
2419 2412 2519 2454 nec
2557 2397 2763 2453 eisdem
2812 2397 3123 2452 hominibus
3158 2397 3402 2467 eiusdem
3433 2401 3630 2468 curtis,
3684 2418 3775 2457 seu

2182 2488 2321 2542 infra
2374 2489 2687 2560 praztaxatis
2736 2488 2933 2544 ﬁnibus
2960 2496 3071 2543 tam
3096 2490 3363 2561 ingenuis,
3397 2508 3567 2562 quam
3598 2497 3774 2550 servis

2182 2578 2500 2649 degentibus
2548 2578 2671 2634 ullo‘
2704 2579 2759 2633 in
2817 2587 3060 2649 tempore
3109 2580 3164 2634 in
3201 2580 3444 2651 qualibet
3490 2582 3775 2639 functione

2180 2673 2525 2743 publica,aut
2549 2674 2923 2731 redhibitionis
2949 2676 3254 2742 exactione,
3284 2676 3371 2732 vel
3400 2681 3637 2736 excubia
3675 2696 3772 2751 pu-

2180 2765 2320 2821 blica
2346 2767 2543 2821 audeat
2565 2767 2874 2833 molestare,
2904 2785 3005 2825 nec
3033 2770 3235 2841 aliquid
3256 2772 3323 2826 de
3347 2787 3434 2837 eo,
3462 2789 3589 2842 qua:
3609 2790 3776 2844 super

2182 2855 2603 2912 memoravimus
2623 2857 2959 2926 abstrahere,
2997 2860 3081 2916 vel
3119 2862 3539 2918 diminutionem
3569 2864 3774 2931 facere,

2177 2960 2394 3015 quoque
2446 2948 2692 3017 tempore
2738 2960 3058 3018 przesumat;
3120 2952 3215 3007 sed
3271 2952 3435 3008 liceat
3498 2957 3778 3024 priedictze

2184 3035 2525 3090 sacerdotum
2577 3046 2632 3092 et
2666 3040 3053 3095 canonicorum
3081 3043 3516 3112 congregationi,
3549 3045 3775 3115 suisque

2184 3125 2612 3190 successoribus,
2660 3128 2752 3197 qui
2800 3144 2899 3199 pro
2942 3138 3184 3201 tempore
3214 3131 3435 3198 fuerint,
3488 3134 3773 3204 pratfatam

2181 3223 2391 3270 curtem
2447 3216 2503 3271 in
2553 3218 2822 3290 integrum
2882 3220 2949 3275 ad
3001 3220 3215 3276 laudem
3252 3233 3309 3277 et
3359 3223 3527 3278 decus
3572 3234 3775 3279 sancta:

2181 3303 2439 3361 Romanae
2459 3305 2718 3364 Ecclesia:
2737 3309 2919 3378 quiete
2932 3319 3003 3389 ‘et
3026 3311 3255 3382 paciﬁce
3280 3314 3586 3383 possidere,
3612 3326 3777 3386 prout

2190 3397 2461 3455 hactenus
2508 3413 2760 3467 possessa
2806 3408 2892 3456 est
2936 3416 3004 3457 ex
3040 3403 3256 3472 publica
3295 3412 3472 3474 parte.
3521 3406 3583 3461 Si
3624 3421 3769 3471 vero,

2180 3486 2325 3555 quod
2345 3487 2569 3543 minime
2585 3489 2881 3557 credimus,
2898 3500 3096 3548 contra
3126 3492 3287 3564 huius
3321 3496 3493 3550 nostri
3514 3499 3771 3567 pnecepti

2181 3582 2386 3630 statuta
2444 3577 2731 3646 quisquam
2760 3580 3095 3637 temerarius
3153 3584 3449 3649 exstiterit,
3507 3586 3651 3640 sciat
3715 3603 3769 3642 se

2183 3670 2609 3739 compositurum
2647 3674 2767 3729 auri
2808 3675 3085 3743 purissimi
3111 3677 3280 3734 libras
3303 3689 3546 3744 centum,
3565 3683 3765 3736 medie-

2182 3766 2351 3815 tatem
2388 3760 2593 3830 palatio
2614 3773 2819 3831 nostro,
2848 3774 2904 3821 et
2927 3768 3289 3825 medietatem.
3314 3772 3455 3841 parti
3494 3773 3764 3841 prmdicta:

2181 3852 2638 3922 congregationis.
2665 3853 2737 3911 Ut
2758 3864 2941 3913 autem
2959 3859 3140 3919 verius
3169 3861 3445 3927 credatur,
3461 3871 3519 3917 et
3544 3862 3764 3934 diligen-

2185 3940 2289 3997 tius
2315 3942 2383 3998 ab
2410 3946 2663 4001 omnibus
2699 3946 3040 4016 observetur,
3068 3966 3231 4005 manu
3257 3952 3478 4021 propria
3504 3955 3767 4023 approba-

2183 4040 2297 4087 tum
2330 4032 2687 4104 impressione
2704 4039 2889 4093 annuli
2916 4040 3089 4094 nostri
3118 4038 3381 4109 iussimus
3424 4042 3703 4113 insigniri.

2253 4122 2539 4181 Durandus
2558 4126 2819 4184 diaconus
2851 4131 2921 4184 ad
2946 4130 3124 4186 vicem
3170 4133 3482 4203 rewgnovi.

2254 4213 2451 4270 Datum
2510 4217 2686 4287 pridie
2759 4219 2877 4274 Kal.
2948 4220 3214 4292 Augusti,
3266 4237 3411 4279 anno
3476 4222 3767 4280 Dominieae

2184 4305 2577 4364 incarnationis
2639 4310 2746 4367 818
2771 4350 2789 4376 ,
2850 4312 3147 4368 indictione
3208 4314 3501 4370 undecima
3564 4318 3760 4372 domini

2110 4435 2160 4495 ο
2184 4395 2442 4455 Ludovici
2472 4401 2804 4495 serenissimi
2839 4403 3208 4495 imperatoris,
3238 4420 3381 4460 anno
3405 4404 3526 4474 eius
3556 4408 3759 4479 imperii

2183 4497 2378 4558 quarto
2411 4501 2458 4545 ο.
2497 4490 2693 4547 Actum
2731 4491 2903 4549 Cumo
2937 4494 3005 4550 ad
3032 4494 3293 4551 Sanctum
3319 4496 3549 4554 Petrum
3595 4500 3651 4555 in
3672 4499 3757 4554 Dei

2184 4579 2402 4636 nomine
2428 4579 2676 4638 feliciter.
2708 4582 2907 4639 Amen.

2840 4674 3122 4730 LXXXIII.

2427 4757 2529 4798 PRO
2559 4756 2924 4800 IAGALONENSI
2967 4761 3015 4800 8.
3052 4761 3211 4809 ΡΕΤῌΙ
3236 4762 3509 4804 εοϐιιςειει.

2783 4824 2956 4896 (Anna
2985 4824 3137 4893 819.)

2182 4896 2357 4969 [Apud
2405 4900 2794 4975 D._§ouquet.,
2835 4903 3046 4958 Recueil
3102 4904 3193 4959 de:
3251 4905 3405 4975 hist.,
3469 4917 3602 4964 tom.
3664 4911 3749 4975 Vl,

2248 4984 2372 5041 pag.
2427 4970 2553 5036 513,
2599 4970 2665 5027 ei
2697 4972 3052 5041 Sammarth.,
3103 4982 3237 5030 tom.
3266 4975 3332 5029 Ill
3375 4974 3571 5035 Gallia:
3609 4970 3751 5035 Chai

2247 5040 2457 5107 aliane,
2486 5057 2540 5111 p.
2578 5040 2729 5115 558.]

2246 5126 2303 5182 In
2333 5130 2549 5187 nomine
2592 5132 2804 5188 Domini
2841 5133 2936 5190 Dei
2973 5145 3029 5190 et
3066 5134 3369 5193 Salvatoris
3415 5142 3590 5196 nostri
3631 5139 3748 5197 Iesu

2174 5290 2367 5361 quarto
2411 5283 2622 5355 imperii
2674 5285 2933 5361 Ludovici
2959 5290 3060 5356 Pii,
3111 5292 3203 5361 qui
3260 5293 3449 5348 incidit
3477 5296 3533 5350 in
3554 5312 3746 5350 annum

2172 5355 2298 5418 818,
2348 5370 2445 5409 nec
2499 5370 2622 5410 cum
2674 5358 2967 5415 indictione
3013 5355 3165 5417 sexta
3192 5378 3312 5421 (tua:
3361 5372 3492 5419 tunc
3514 5375 3633 5420 erat
3662 5368 3740 5421 15.

2173 5423 2305 5505 Dein
2333 5424 2553 5505 indictio
2581 5427 2640 5505 11
2664 5430 2940 5505 .currebat
2960 5446 3105 5505 anno
3131 5423 3267 5505 818,
3302 5450 3397 5489 Seu
3428 5447 3625 5505 quarto
3644 5436 3744 5489 Luc

2173 5494 2367 5575 devici.
2384 5494 2518 5575 ilice
2551 5503 2605 5550 et
2631 5494 2734 5575 alia
2767 5500 2918 5575 vitta,
2939 5502 2985 5554 si
3009 5517 3122 5575 _no_n
3150 5494 3531 5575 adulterintun,
3558 5508 3743 5565 saltem

2173 5565 2569 5643 interpolatum,
2606 5566 2834 5643 reddunt
2864 5571 2965 5624 hoc
2992 5570 3245 5643 diploma.

2248 5646 2269 5673 θ
2312 5635 2665 5691 Scribcmlum
2684 5638 2890 5707 quinto.
