3946 6174
262 254 399 307 1389

1398 235 1789 294 DII’LOMATA
1830 233 2381 289 ECCLESIASTICA.

3382 229 3513 281 10330

258 366 482 430 Christi,
514 362 834 428 Ludovicus,
869 362 1050 416 divina
1074 359 1358 414 ordinante
1385 356 1696 419 clementia,
1730 354 1834 406 im-
1864 353 1915 412 Α
1940 349 2121 404 lentia:
2142 358 2343 404 nostra:
2363 357 2424 403 ut
2451 348 2736 402 transitum
2760 346 2809 399 ei
2827 346 3077 414 perviam
3105 343 3329 413 regiam,
3348 356 3515 412 quam

256 466 478 530 perator
503 456 797 525 Augustus.

328 553 549 610 Constat
571 566 686 614 nos,
717 549 898 605 divina
922 550 1205 604 ordinante
1224 546 1422 618 gratia,
1450 542 1664 600 ezeteris
1685 556 1832 596 mor-

256 641 455 696 talibus
505 639 947 710 supereminere:
986 637 1127 693 unde
1170 644 1386 706 oportet
1413 644 1473 688 ut
1508 632 1663 703 cujus
1696 644 1834 701 prte-

255 731 499 786 cellimus
524 744 745 784 munere
772 730 1085 785 studeamus
1112 728 1287 783 modis
1306 726 1558 782 omnibus
1578 721 1836 779 ecclesia—

255 822 406 877 sticis
430 822 593 877 rebus
617 836 773 891 opem
806 820 967 875 ferre.
1002 820 1205 875 Idcirco
1233 826 1418 874 notum
1444 815 1561 871 ﬁeri
1586 813 1835 868 volumus

255 912 509 966 omnibus
562 909 812 967 ﬁdelibus
857 910 1082 974 nostris,
1112 907 1471 978 prmsentibus
1526 902 1735 959 scilicet
1780 906 1836 954 et

258 1000 474 1065 futuris,
504 1015 600 1055 seu
628 1000 1030 1055 successoribus
1080 996 1283 1051 nostris
1338 993 1587 1050 ﬁdelibus
1633 998 1835 1046 sancta:

257 1090 352 1145 Dei
378 1090 653 1153 Ecclesia},
672 1090 797 1159 quia
820 1087 1020 1159 placuit
1040 1085 1194 1141 nobis
1213 1100 1312 1156 pro
1336 1082 1603 1138 mercedis
1636 1089 1835 1136 nostra;

257 1189 568 1251 augmento,
605 1188 660 1234 et
683 1190 899 1234 interna:
929 1175 1380 1234 remunerationis
1416 1172 1615 1235 fructu,
1640 1187 1834 1241 quam-

257 1272 381 1325 dam
445 1271 624 1324 villam
692 1286 812 1339 qua:
859 1277 944 1325 est
996 1270 1049 1323 in
1111 1267 1384 1322 territorio
1448 1262 1833 1335 Magalonensi,

260 1361 413 1430 cujus
456 1362 771 1417 vocabulum
801 1370 887 1417 est
913 1361 1212 1425 Villanova,
1253 1360 1394 1415 sicut
1419 1373 1539 1413 eam
1567 1356 1836 1411 Robertus

260 1467 445 1506 comes
472 1452 523 1505 in
565 1450 883 1506 beneﬁcium
914 1450 1118 1515 habuit,
1148 1448 1394 1504 ecclesiae
1442 1446 1499 1502 S.
1536 1446 1683 1501 Petri
1731 1444 1839 1498 Ma-

262 1544 591 1616 galonensis,
609 1544 722 1610 ubi,
742 1545 852 1600 Deo
866 1552 1108 1610 auctore,
1132 1543 1449 1614 Argerimus
1473 1547 1693 1611 praeest,
1708 1538 1838 1608 quia

262 1648 473 1695 constat
516 1654 637 1694 eam
682 1653 750 1694 ex
775 1622 1046 1709 praédictis
1078 1637 1240 1692 rebus
1293 1636 1483 1700 fuisse,
1532 1648 1657 1688 cum
1689 1629 1839 1686 omni

1938 446 2164 495 stratam
2194 442 2308 495 sive
2337 438 2621 493 caleiatam
2647 437 2854 500 dicunt,
2878 435 3116 503 ejusdem
3145 448 3299 502 aqum
3325 447 3517 487 conce-

1936 531 2211 597 deremus,
2263 532 2497 602 qualiter
2539 527 2850 602 [quatenus]
2888 530 2955 583 ad
2983 527 3297 597 praedictum
3323 539 3516 580 mona-

1936 622 2162 677 sterium
2203 622 2406 677 nostris
2447 631 2503 677 et
2544 620 2739 675 futuris
2771 619 3111 689 temporibus
3162 618 3368 686 absque
3419 615 3521 669 ali-

1936 711 2092 781 cujus
2137 713 2521 783 impedimento
2553 713 2738 767 venire
2788 698 3177 781 potuissctzet
3222 708 3277 762 in
3328 707 3522 762 eodem

1936 802 2056 859 loco
2085 802 2225 857 velle
2269 810 2490 872 pontem
2535 802 2748 867 facere,
2807 810 2869 855 ut
2921 798 3328 854 transeuntibus
3386 793 3522 851 nihil

1938 894 2378 965 impedimentum
2415 901 2580 948 esset.
2624 890 2788 962 Cujus
2826 891 3092 962 petitioni,
3126 890 3252 959 quia
3276 888 3424 959 justa
3466 893 3523 941 et

1936 984 2193 1055 prmdicto
2220 984 2551 1038 monasterio
2572 983 2720 1038 utilis
2744 997 2866 1037 esse
2888 981 3195 1044 videbatur,
3230 991 3520 1033 assensum

1936 1075 2287 1144 praebuimus,
2310 1082 2364 1129 et
2392 1074 2665 1129 licentiam
2689 1073 3065 1144 aqtueduetum
3092 1086 3189 1140 per
3206 1069 3521 1139 pnndietam

1937 1172 2163 1219 stratam
2195 1180 2336 1230 esse,
2384 1174 2591 1219 tantum
2630 1173 2687 1218 ut
2714 1180 2848 1235 pons
2896 1163 3127 1232 desuper
3174 1160 3296 1214 talis
3346 1159 3516 1217 ﬁeret.

1938 1255 2029 1323 qui
2055 1255 2458 1310 transeuntibus
2479 1255 2612 1309 nihil
2632 1256 2867 1319 obesset,
2893 1252 3283 1308 concessimus.
3314 1249 3521 1303 Idcirco

1937 1345 2281 1415 pra-cipimus
2310 1354 2474 1414 atque
2490 1346 2744 1414 jubemus
2772 1355 2831 1399 ut
2859 1344 3036 1399 nullus
3060 1342 3286 1413 quilibet
3319 1341 3521 1394 nostris

1938 1445 2041 1484 nec
2110 1428 2308 1485 futuris
2367 1430 2699 1501 temporibus
2757 1430 2972 1500 aliquod
3028 1426 3365 1483 obstaculum
3429 1435 3524 1479 aut

1938 1521 2405 1592 impedimentum,
2461 1523 2546 1577 vel
2574 1523 2899 1578 calumniam
2916 1520 3231 1576 rectoribus
3278 1515 3522 1587 praedicti

1941 1613 2256 1668 monasterii
2277 1614 2343 1668 de
2368 1614 2628 1683 praedicto
2653 1614 2971 1684 aquaadueto
3013 1611 3194 1665 facere
3233 1617 3327 1663 aut
3374 1608 3522 1678 inge-

265 1730 573 1800 integritate
603 1699 846 1794 reddere,
875 1730 950 1784 ita
992 1730 1253 1783 duntaxat
1286 1736 1345 1782 ut
1372 1725 1634 1798 quidquid
1662 1731 1839 1778 recto-

1952 1717 2065 1757 rere
2103 1713 2416 1773 praesumat,
2455 1705 2549 1760 sed
2587 1703 2791 1776 absque
2820 1702 2981 1757 ullius
3029 1699 3373 1756 infestatione
3418 1699 3523 1751 hoc

266 1836 353 1875 res
407 1836 471 1876 ac
499 1821 726 1875 ministri
757 1820 1026 1890 praedicta;
1051 1820 1196 1876 sedis
1244 1820 1497 1886 deinceps
1523 1831 1621 1887 pro
1648 1830 1843 1885 oppor-

266 1912 495 1966 tunitate
557 1912 726 1982 ipsius
768 1913 1010 1967 ecclesia:
1039 1911 1106 1967 de
1134 1911 1323 1966 eadem
1368 1909 1493 1965 villa
1544 1908 1629 1963 vel
1672 1907 1742 1962 de
1776 1906 1842 1961 iis

264 2018 385 2072 quae
435 2002 501 2056 ad
548 2017 667 2057 eam
724 2003 980 2058 modemo
1028 2011 1268 2073 tempore
1313 2000 1606 2073 pertinent,
1661 1998 1843 2054 facere

266 2093 546 2155 voluerint,
594 2093 762 2147 libero
788 2094 1063 2163 potiantur
1090 2093 1317 2149 arbitrio
1336 2093 1404 2148 ad
1435 2094 1550 2147 haec
1572 2089 1865 2159 facienda.,

267 2185 333 2239 Et
384 2187 503 2241 ideo
534 2187 784 2242 omnibus
815 2187 1180 2257 praecipimus,
1222 2204 1288 2243 ac
1334 2202 1434 2258 per
1484 2187 1585 2242 has
1633 2186 1843 2239 litteras

266 2279 572 2342 statuimus,
624 2286 684 2331 ut
732 2278 907 2333 nullus
952 2278 1180 2348 quilibet
1224 2278 1458 2334 ﬁdelium
1508 2284 1842 2339 nostrorum,

267 2378 377 2420 tam
399 2369 746 2436 prtescntium
776 2384 936 2437 quam
963 2367 1288 2432 futurorum,
1325 2367 1635 2437 prmdictam
1661 2366 1843 2418 villam

268 2474 390 2511 cum
440 2458 689 2513 omnibus
713 2459 779 2513 ad
825 2474 883 2513 se
912 2458 1307 2529 pertinentibus
1330 2458 1395 2512 de
1435 2456 1694 2527 praedicta
1719 2454 1846 2508 sedc

267 2548 607 2613 abstrahere,
661 2556 754 2602 aut
797 2548 999 2617 aliquid
1048 2548 1391 2613 imminuere,
1440 2553 1535 2601 aut
1592 2544 1846 2614 injustam

270 2637 748 2707 interpellationem
780 2637 1023 2707 ingerere
1041 2646 1362 2708 praesumat;
1393 2636 1715 2702 sed,sicuta
1746 2651 1845 2690 no-

266 2727 351 2782 bis
383 2728 677 2797 injunctum
711 2738 815 2793 est,
841 2736 896 2783 et
920 2744 1016 2799 per
1045 2730 1185 2783 hanc
1204 2736 1444 2783 nostram
1466 2727 1846 2782 auctoritatem

269 2818 537 2887 praedicta:
573 2818 814 2873 ecclesiae
863 2818 1263 2882 conﬁrmatum,
1313 2818 1387 2872 ita
1416 2827 1677 2888 perpetuo
1727 2832 1849 2887 per-

269 2916 507 2961 maneat.
546 2904 610 2961 Et
638 2916 696 2961 ut
742 2908 859 2963 haec
891 2908 1183 2962 auctoritas
1210 2906 1438 2961 ﬁrmiter
1469 2909 1753 2970 habeatur,
1793 2917 1850 2962 et

267 3012 366 3067 per
404 2996 580 3051 futura
612 3005 851 3067 tempora
895 2999 1086 3052 melius
1132 3008 1504 3065 conservetur,
1534 2998 1601 3053 de
1648 2999 1846 3054 annulo

212 3122 217 3133 η
266 3096 456 3141 nostro
484 3089 671 3143 subter
690 3089 952 3159 jussimus
974 3090 1215 3160 sigillari.

341 3176 562 3250 Signum
588 3177 844 3233 Ludovici
874 3180 1202 3234 serenissimi
1233 3180 1595 3249 imperatoris.

339 3266 622 3323 Durandus
669 3269 927 3324 diaconus
980 3270 1048 3324 ad
1100 3269 1270 3325 vicem
1326 3270 1642 3326 IIelisachar
1693 3256 1844 3326 reco-

270 3357 471 3427 gnovit.

344 3445 534 3501 Datum
586 3447 763 3504 Idibus
802 3449 997 3513 Martii,
1048 3466 1207 3518 anno,
1249 3450 1468 3507 Christo
1510 3452 1761 3521 propitio,
1810 3450 1844 3505 6

272 3537 483 3605 imperii
535 3540 715 3594 domni
771 3540 1028 3595 Ludovici
1084 3542 1525 3597 excellentissimi
1579 3543 1841 3612 Augusti,

272 3626 562 3683 indictione
596 3629 678 3681 12.
706 3630 898 3682 Actum
919 3629 1241 3705 Aquisgrani
1268 3631 1466 3700 palatio
1493 3632 1642 3701 regio
1669 3632 1721 3685 in
1748 3632 1845 3686 Dei

270 3716 489 3771 nomine
517 3716 762 3771 feliciter.
786 3717 976 3771 Amen.

917 3802 1197 3861 LXXXIV.

698 3910 798 3951 P80
838 3911 1176 3952 NONASTEPJO
1203 3912 1409 3953 DEENSI.

883 3987 1055 4060 (Αηηο
1086 3987 1234 4060 819.)

274 4080 447 4153 [Apud
474 4079 536 4134 D.
566 4078 852 4201 Bougtiet"
893 4078 1044 4141 ibid.,
1081 4094 1203 4149 pag.
1244 4076 1368 4161 511i,
1401 4093 1468 4133 ex
1514 4076 1745 4134 Chil'ﬁet.
1791 4080 1848 4134 in

399 4153 553 4201 nrob.
579 4150 648 4201 ad
732 4158 820 4201 ist.
851 4148 968 4201 abb.
1006 4146 1392 4201 Trenorcensts.
1425 4163 1546 4201 nae.
1581 4149 1728 4201 191.1

399 4153 553 4220 prob.
579 4150 648 4204 ad
677 4146 820 4202 Hist.
851 4148 968 4202 abb.
1006 4146 1392 4215 Tréndrcemis,
1425 4163 1546 4220 pag.
1581 4149 1729 4221 191.]

341 4243 398 4296 In
455 4243 670 4301 nomine
719 4240 930 4296 Domini
952 4240 1047 4295 Dei
1087 4246 1140 4295 et
1192 4239 1487 4297 Salvatoris
1511 4242 1683 4297 nostri
1716 4241 1846 4298 Jesu

272 4331 517 4397 Christi,
572 4330 877 4386 Ludovicus
927 4314 1109 4385 divina
1158 4330 1445 4388 ordinante
1500 4331 1844 4402 providentia

274 4423 563 4491 imperator
589 4421 878 4491 Augustus.

342 4511 537 4566 Notum
594 4511 665 4565 sit
688 4511 930 4566 omnium
958 4509 1195 4567 ﬁdelium
1249 4518 1582 4580 nostrorum,
1609 4529 1847 4585 pr:esen-

272 4603 405 4656 tium
447 4601 652 4655 scilicet
695 4609 746 4655 et
792 4599 1097 4656 futurorum
1123 4601 1424 4670 sagacitati,
1476 4603 1713 4674 qualiter
1762 4606 1848 4660 vir

268 4689 597 4747 venerabilis
650 4688 909 4745 Arnulfus
949 4690 1118 4746 abbas
1170 4706 1237 4746 ex
1299 4696 1630 4749 monasterio
1673 4697 1846 4751 sancti

273 4779 535 4847 Filiberti,
577 4780 720 4851 quod
765 4788 850 4836 est
869 4781 1033 4835 situm
1053 4782 1109 4836 in
1131 4782 1302 4837 insula
1323 4797 1445 4852 quae
1466 4784 1668 4840 dicitur
1697 4786 1840 4852 Heri,

270 4879 489 4940 propter
514 4871 850 4926 incursiones
869 4870 1221 4927 barbarorum
1235 4873 1327 4943 qui
1348 4872 1848 4947 frequenteripsum

271 4961 655 5016 monasterium
690 4961 1102 5033 depopulantur,
1127 4961 1274 5018 feras
1300 4962 1355 5018 in
1380 4978 1518 5034 pago
1540 4966 1632 5036 qui
1659 4968 1854 5024 dicitur

270 5049 987 5125 Erbadellicus(ﬂerbauge),
1014 5054 1068 5108 in
1093 5054 1214 5110 loco
1249 5053 1403 5123 cujus
1428 5057 1747 5113 vocabulum
1767 5068 1854 5115 est

271 5140 410 5197 Deas
433 5153 481 5208 ι,
537 5158 636 5213 per
686 5152 933 5200 nostrum
959 5161 1281 5203 consensum
1311 5157 1474 5218 atque
1500 5147 1851 5218 adjutorium,

271 5250 470 5288 novum
494 5238 880 5292 monasterium
899 5240 1216 5307 aediﬁcasse,
1238 5251 1293 5298 et
1319 5245 1386 5300 ob
1409 5247 1849 5303 commoditatem

268 5323 509 5394 ejusdem
534 5327 870 5393 monasterii,
899 5336 955 5382 et
971 5332 1405 5399 congregationis
1431 5335 1630 5390 ibidem
1656 5336 1851 5406 degen-

268 5414 367 5479 tis,
387 5431 454 5469 ex
477 5413 636 5470 ﬂuvio
661 5417 755 5485 qui
773 5418 972 5472 dicitur
993 5418 1228 5474 Bedonia
1256 5421 1331 5491 (la
1352 5421 1621 5495 Bologne),
1653 5440 1847 5494 aquam

270 5503 347 5561 ibi
401 5504 540 5559 velle
579 5506 905 5575 perducere;
953 5509 1243 5565 obsecrans
1294 5512 1633 5570 clementiam
1673 5517 1849 5571 excel-

1872 3074 1919 3138 C

1943 1797 2087 1869 quod
2118 1814 2217 1854 nos
2245 1800 2635 1864 concessimus,
2658 1807 2835 1853 ratum
2871 1805 2925 1852 et
2962 1793 3153 1850 stabile
3180 1791 3328 1847 omni
3382 1798 3521 1844 tem-

1943 1905 2073 1960 pore
2124 1899 2457 1958 permaneat.
2517 1890 2584 1943 Et
2634 1900 2694 1944 ut
2744 1891 2860 1944 hzec
2912 1896 3099 1943 nostra
3143 1885 3317 1956 jussio
3370 1882 3520 1938 omni

1944 1991 2186 2053 tempore
2208 1982 2416 2036 stabilis
2444 1991 2500 2036 ct
2530 1980 2843 2036 inconvulsa
2864 1984 3201 2050 permaneat,
3224 1976 3290 2031 de
3324 1974 3524 2029 annulo

1946 2082 2132 2126 nostro
2161 2072 2351 2127 subter
2372 2071 2634 2140 jussimus
2672 2069 2919 2141 sigillari.

2018 2158 2132 2233 Ego
2156 2161 2444 2216 Durandus
2465 2163 2723 2217 diaconus
2752 2160 2821 2215 ad
2840 2160 3014 2216 vicem
3032 2157 3353 2215 Helisacbar
3375 2170 3525 2211 reco-

1945 2254 2105 2322 gnovi
2141 2262 2197 2308 et
2242 2253 2559 2322 subscripsi.

2020 2334 2154 2397 Data
2184 2360 2291 2397 xvu
2326 2344 2595 2398 Kalendas
2615 2342 2815 2411 Aprilis
2844 2357 3005 2406 anno,
3024 2339 3241 2394 Christo
3268 2337 3525 2407 propitio,

1946 2432 1979 2485 6
2011 2431 2221 2501 imperii
2270 2431 2451 2485 doumi
2500 2430 2757 2484 Ludovici
2812 2428 3042 2499 piissimi
3091 2427 3342 2498 Augusti,
3390 2426 3532 2479 indi-

1948 2520 2127 2575 ctione
2161 2518 2244 2571 12.
2273 2518 2468 2573 Actum
2494 2518 2818 2588 Aquisgrani
2862 2517 3061 2588 palatio
3091 2518 3145 2571 in
3187 2516 3283 2571 Dei
3313 2514 3533 2570 nomine

1947 2606 2198 2663 feliciter.
2220 2608 2411 2662 Amen.

2611 2676 2873 2731 LXXXV.

1950 2805 2053 2845 PRO
2074 2805 2409 2845 MONASTEBIO
2430 2805 2720 2846 CONCIIENSI
2774 2806 2829 2845 IN
2885 2803 3114 2845 υιαῖεεει
3176 2805 3527 2846 ΒυτιιΕΝεΝει.

2557 2902 2729 2974 (Λιιηο
2778 2901 2928 2973 819.)

1954 2991 2131 3066 [Apud
2165 2992 2468 3059 Baluzium,
2515 2992 2771 3066 Capitul.,
2796 3008 2945 3066 pag..
2982 2992 3137 3066 1_4I_6,
3194 3008 3262 3048 ex
3312 2993 3534 3049 archiva

2372 3063 2687 3119 monasterii
2718 3063 3099 3136 Couchensis.]

2020 3153 2079 3209 In
2106 3154 2325 3211 nomine
2350 3153 2565 3209 Domini
2597 3152 2692 3205 Dei
2731 3161 2786 3206 et
2839 3151 3137 3207 Salvatoris
3185 3152 3355 3207 nostri
3403 3153 3532 3208 Jcsu

1947 3246 2173 3311 Christi,
2196 3247 2520 3310 Ludovicus,
2538 3245 2719 3300 divina
2745 3247 3029 3301 ordinante
3046 3246 3412 3315 providentia,
3433 3249 3532 3303 im-

1946 3347 2165 3410 perator
2189 3338 2480 3410 Augustus.

2020 3429 2199 3483 Multis
2222 3429 2458 3485 ﬁdelium
2488 3437 2821 3493 nostrorum,
2853 3436 2909 3482 et
2937 3428 3209 3499 praecipue
3250 3430 3335 3485 his
3356 3431 3447 3501 qui
3477 3431 3531 3485 in

1947 3520 2202 3575 occiduas
2218 3529 2403 3589 partes
2422 3528 2547 3575 sunt
2567 3517 2865 3583 constituti,
2885 3534 3043 3572 nosse
3064 3519 3338 3575 credimus
3358 3521 3535 3589 quali-

1950 3619 2033 3664 ter
2058 3610 2141 3663 vir
2170 3609 2455 3677 religiosus
2480 3607 2629 3662 Dado
2650 3607 2884 3676 quodam
2924 3607 3159 3670 nomine,
3190 3608 3281 3676 qui
3324 3609 3529 3663 nostris

1950 3699 2285 3767 temporibus
2314 3698 2574 3767 religione
2601 3706 2655 3750 et
2681 3697 2996 3762 sanctitate,
3025 3697 3207 3751 divina
3229 3698 3333 3752 sibi
3361 3698 3533 3752 admi-

1950 3788 2225 3845 niculante
2280 3787 2476 3859 gratia,
2528 3787 2771 3853 emicuit,
2804 3786 2933 3840 dum
2984 3787 3217 3855 quietem
3249 3797 3533 3858 appeteret

1950 3885 2006 3932 et
2035 3877 2275 3931 vacando
2303 3874 2487 3931 videre
2512 3874 2675 3930 vellet
2712 3889 2874 3944 quam
2905 3876 3088 3931 suavis
3111 3884 3195 3931 est
3248 3877 3530 3946 Dominus,

1950 3965 2218 4038 quoddam
2246 3966 2493 4022 locellum
2522 3966 2578 4020 in
2617 3980 2753 4037 pago
2781 3963 3048 4022 Rutenico
3093 3983 3255 4037 super
3300 3968 3533 4027 rivulum

1951 4058 2281 4123 Dordunum,
2315 4056 2470 4127 cujus
2506 4057 2823 4113 vocabulum
2848 4066 2932 4113 est
2963 4060 3194 4125 Concas,
3244 4060 3526 4117 inveniens

1950 4151 2079 4206 huic
2104 4151 2319 4221 negotio
2340 4158 2546 4220 aptum,
2573 4164 2682 4219 quo
2710 4149 2766 4204 in
2816 4149 2936 4206 loco
2956 4150 3200 4205 nonnulli
3230 4151 3529 4209 Christiani

1948 4249 2171 4313 propter
2199 4249 2400 4297 metum
2432 4239 2853 4307 Saracenorum,
2885 4241 2979 4312 qui
3017 4240 3163 4296 illam
3195 4250 3400 4299 terram
3433 4258 3533 4313 pe-

1952 4349 2022 4389 ne
2044 4339 2210 4388 totam
2235 4333 2587 4387 devastarunt
2613 4341 2669 4386 et
2689 4332 2747 4386 in
2769 4347 3014 4387 eremum
3052 4333 3396 4404 redegerunt,
3428 4336 3527 4391 du-

1872 4406 1928 4469 Β
1952 4426 2079 4480 dum
2110 4424 2502 4496 confugientes,
2543 4424 2914 4495 permodicum
2959 4433 3379 4482 construxerunt
3407 4444 3531 4483 ora-

1950 4516 2173 4582 torium,
2204 4517 2317 4586 ipse
2340 4525 2618 4587 assumpto
2645 4515 2832 4572 labore
2851 4516 3088 4587 propriis
3107 4517 3357 4573 manibus
3378 4533 3530 4573 eum-

1948 4606 2073 4661 dem
2098 4605 2272 4661 locum
2284 4605 2441 4675 juxta
2476 4607 2621 4661 vires
2671 4607 2937 4662 mundare
2960 4614 3126 4676 atque
3157 4607 3393 4679 Stirpare
3434 4623 3529 4664 cu-

1949 4696 2111 4762 ravit,
2147 4705 2204 4751 et
2225 4704 2286 4750 ut
2306 4705 2464 4766 aptus
2483 4696 2601 4765 ejus
2619 4696 2784 4766 quieti
2812 4695 2955 4753 foret
2980 4712 3202 4769 operam
3229 4699 3396 4755 dedit.
3419 4698 3526 4754 Sed

1950 4802 2058 4844 non
2083 4795 2206 4857 post
2230 4787 2429 4844 multos
2464 4787 2581 4844 dies
2602 4787 2687 4842 vir
2713 4787 2996 4860 religiosus
3018 4788 3322 4846 Medraldus
3359 4791 3532 4847 nomi-

1956 4895 2024 4933 ne
2045 4877 2293 4934 eumdem
2317 4877 2493 4933 locum
2522 4878 2680 4932 simul
2707 4894 2830 4934 cum
2873 4889 3172 4935 memorato
3201 4879 3418 4936 Dadone
3458 4881 3527 4935 ad

1956 4968 2309 5024 habitandum
2330 4968 2512 5038 elegit.
2544 4968 2612 5022 Et
2654 4968 2782 5039 quia
2831 4968 3029 5024 famam
3053 4972 3208 5027 bona:
3253 4973 3528 5043 Opinionis

1956 5077 2085 5118 vera
2113 5061 2303 5133 religio
2331 5061 2544 5116 illorum
2579 5063 2719 5133 apud
2739 5063 3051 5119 convicinos
3074 5074 3367 5136 sparserat,
3390 5082 3528 5121 non-

1955 5150 2088 5207 nulli
2119 5159 2503 5222 postpouentes
2538 5153 2815 5219 saeculum,
2862 5153 3101 5222 quietam
3156 5154 3525 5224 nihilominus,

1957 5258 2118 5313 quam
2146 5243 2250 5312 ipsi
2272 5243 2561 5313 degebant,
2593 5252 2845 5313 appetere
2878 5244 3047 5298 vitam
3093 5244 3271 5299 conati
3293 5252 3435 5310 sunt,
3470 5254 3530 5301 et

1952 5347 2142 5389 eorum
2184 5332 2456 5401 religiosis
2503 5333 2764 5402 exemplis
2816 5333 3117 5389 imitatores
3151 5334 3269 5389 ﬁeri
3305 5337 3527 5406 cupien-

1951 5433 2052 5486 tes,
2108 5437 2294 5477 eorum
2345 5435 2404 5475 se
2452 5423 2763 5498 magisterio
2801 5424 3111 5492 subdidere,
3152 5442 3217 5482 ac
3238 5428 3364 5484 dum
3395 5442 3526 5499 pau-

1952 5512 2102 5567 latim
2134 5511 2249 5580 ipsa
2275 5512 2622 5580 congregatio
2655 5522 2947 5582 cresceret,
2998 5517 3281 5573 ecclesiam
3325 5520 3524 5575 ibidem

346 5650 371 5679 ⁸
413 5638 583 5709 Vulgo
610 5640 714 5693 θέε
759 5641 842 5695 vel
884 5639 1257 5705 Grand-Lieu:
1300 5662 1440 5701 nunc
1487 5649 1757 5718 pz'ioratus
1798 5648 1848 5702 in
1890 5645 2108 5704 dioecesi
2139 5644 2502 5702 Namnetensi.
