3946 6174
564 309 695 371 1091

1702 284 2021 347 LUDOVICI
2056 288 2074 343 I
2109 280 2577 343 COGNOMENTO
2609 278 2696 337 ΡΗ

3608 290 3707 347 Ιθῦὲ

562 424 617 479 in
645 421 852 476 honore
880 411 1090 469 Domini
1112 409 1208 464 Dei
1227 415 1281 463 et
1295 406 1590 462 Salvatoris
1611 403 1781 458 nostri
1797 398 2138 456 JesuChristi
2167 400 2219 460 Α
2239 396 2452 452 ferente
2479 393 2745 450 indefesse
2781 393 2957 448 valeat
3006 392 3282 451 observare
3308 406 3358 452 et
3378 413 3466 467 pro
3497 403 3624 460 nobis
3650 412 3709 465 vel

562 511 1004 567 construxerunt,
1034 507 1089 554 et
1115 507 1174 553 ut
1201 497 1347 552 Dado
1367 494 1522 563 juxta
1538 493 1801 549 divinitus
1831 491 1945 547 'sibi
1974 488 2142 545 colla-

563 607 676 652 tum
700 593 1028 650 desiderium
1050 587 1400 643 remotiorem
1422 584 1600 639 adhuc
1626 583 1827 647 locum,
1841 581 1933 651 qui
1947 579 2146 635 dicitur

558 684 778 743 Grande
799 681 1057 745 Vabrum,
1082 677 1224 733 sicut
1252 686 1308 731 et
1333 674 1478 741 fecit,
1493 681 1723 743 peteret,
1751 681 1807 727 et
1832 680 1893 726 ut
1919 667 2145 724 Medral-

561 779 663 832 alus
691 775 861 829 abbas
892 770 1072 836 ﬁeret,
1104 776 1158 824 et
1191 775 1252 822 ut
1293 767 1409 837 ipsa
1461 762 1806 835 congregatio
1855 758 2141 830 regularis,

554 870 710 940 juxta
732 864 873 935 quod
894 863 974 918 eis
995 859 1225 915 facultas
1251 866 1305 914 et
1327 857 1674 913 intellectusa
1690 854 1916 908 Domino
1941 851 2146 940 tribue-

559 939 743 1022 batur,
792 956 1077 1019 existeret,
1107 949 1384 1007 communi
1409 948 1688 1002 voluntate
1709 953 1890 1000 actum
1912 950 2013 997 est.
2048 939 2145 995 IIis

559 1062 690 1103 vero
716 1048 791 1101 ita
818 1044 1065 1116 patratis,
1104 1041 1332 1111 contigit
1371 1037 1618 1094 eamdem
1662 1032 2145 1105 congregationem

560 1146 616 1201 in
648 1153 832 1200 nostra
869 1141 1086 1213 propria
1124 1137 1346 1211 speciali
1381 1135 1692 1192 defensione
1724 1141 1890 1203 atque
1917 1130 2146 1185 tuitione

561 1234 832 1291 devenire.
869 1232 1003 1286 Nam
1044 1245 1165 1296 nos,
1194 1235 1255 1283 ut
1304 1226 1537 1298 plenitus
1584 1224 1687 1280 sub
1738 1222 1925 1293 regula
1970 1220 2145 1276 sancti

560 1324 835 1381 Benedicti
859 1323 1087 1378 Domino
1110 1321 1433 1384 militarent,
1460 1325 1517 1374 et
1543 1332 1642 1387 per
1662 1317 1927 1372 bonorum
1957 1328 2145 1369 mona-

555 1418 783 1471 chorum
808 1414 1116 1471 consultum
1139 1420 1195 1467 et
1215 1426 1312 1480 per
1332 1419 1579 1465 nostram
1633 1406 2022 1463 crcberrimam
2050 1403 2145 1459 ad—

562 1510 915 1565 monitionem
954 1507 1169 1576 efﬁcere
1193 1503 1422 1559 Domino
1475 1500 1774 1573 opitulante
1794 1498 2141 1563 studuimus;

558 1610 617 1657 et
651 1600 718 1654 ad
784 1599 1034 1670 proprias
1081 1611 1272 1652 eorum
1324 1592 1678 1649 necessitates
1736 1588 2035 1645 fulciendas
2076 1588 2144 1644 de

559 1691 723 1746 rebus
751 1688 954 1744 nostris
982 1685 1236 1756 quiddam
1286 1682 1488 1738 ibidem
1538 1678 1926 1751 delegavimus,
1967 1676 2141 1733 eccle-

556 1779 695 1835 siam
721 1778 971 1833 videlicet
999 1778 1064 1831 de
1086 1774 1431 1844 Cermangis,
1461 1780 1517 1827 et
1536 1771 1818 1826 ecclesiam
1836 1785 1956 1839 qua:
1968 1770 2141 1825 nomi-
2170 1743 2218 1804 Β

562 1878 725 1926 natur
749 1868 984 1937 Campus
1012 1866 1233 1931 Iliacus,
1261 1873 1316 1921 et
1339 1864 1626 1921 ecclesiam
1649 1861 1836 1918 Sancti
1891 1861 2139 1925 Christo-

559 1962 719 2034 pbori
752 1962 805 2016 in
830 1960 1158 2015 Montiniaco
1202 1965 1592 2020 constructam,
1643 1970 1768 2011 cum
1798 1955 1947 2010 omni
2004 1954 2141 2009 inte-

559 2054 756 2125 gritate
782 2068 990 2108 earum.
1021 2049 1197 2107 Simili
1219 2047 1379 2104 modo
1390 2054 1445 2103 et
1456 2046 1744 2102 ecclesiam
1774 2045 1840 2101 de
1853 2043 2138 2117 Garcanga

559 2161 684 2201 eum
710 2153 862 2199 curte
886 2144 954 2199 de
978 2142 1362 2200 Gammaleria.
1390 2139 1594 2197 Iterum
1612 2140 1840 2195 alteram
1852 2139 2140 2196 ecclesiam

558 2236 628 2293 ad
671 2244 885 2307 portum
913 2232 1040 2291 Acri
1068 2234 1170 2289 sub
1211 2235 1417 2289 honore
1454 2232 1631 2288 sancti
1681 2230 1964 2287 Saturnini
2012 2247 2144 2288 con-

559 2335 846 2393 structam,
884 2341 1009 2381 cum
1038 2324 1290 2381 omnibus
1319 2322 1654 2395 appendiciis
1680 2337 1890 2379 earum.
1920 2323 2142 2380 Necnon

559 2415 816 2471 similiter
867 2413 1193 2470 contulimus
1223 2412 1425 2468 ibidem
1461 2412 1754 2469 ecclesiam
1786 2412 1973 2469 Sancti
2017 2412 2141 2469 Sal.

558 2503 764 2559 vatoris
788 2502 843 2557 in
877 2499 1216 2568 Cicerniaco,
1245 2509 1301 2557 et
1325 2501 1462 2559 alias
1484 2503 1622 2558 duas
1650 2501 1933 2571 ecclesias,
1978 2518 2142 2560 unam

559 2594 615 2649 in
652 2592 991 2661 Burnacello,
1018 2600 1074 2650 et
1097 2594 1326 2650 alteram
1351 2594 1406 2651 in
1437 2592 1804 2661 Rucenniaco,
1834 2610 1957 2652 cum
1974 2598 2147 2652 omni-

559 2688 662 2741 bus
686 2685 1003 2756 adjacentiis
1026 2702 1237 2754 earum,
1268 2688 1432 2743 aliam
1489 2701 1706 2759 quoque
1745 2688 2034 2745 ecclesiam
2085 2691 2142 2747 in

561 2778 777 2833 Ruhilia
806 2763 930 2835 Eum
956 2780 1104 2835 omni
1131 2779 1445 2850 integritate
1485 2794 1624 2846 sua;
1680 2795 1713 2834 a
1768 2796 1877 2851 quo
1926 2782 2145 2852 quidem

565 2875 750 2925 tenore
777 2878 834 2924 et
858 2866 1238 2924 Selvaniacum
1262 2876 1317 2923 et
1343 2867 1526 2923 omnia
1539 2884 1660 2939 quae
1671 2868 1873 2925 ibidem
1900 2869 2144 2943 delegata

561 2967 689 3014 sunt
703 2974 800 3029 per
809 2969 1051 3015 nostram
1068 2959 1449 3015 auctoritatem
1461 2960 1563 3014 sub
1588 2959 1873 3017 immunita
1880 2960 1948 3018 tis
1960 2962 2145 3019 tuitio-

561 3062 632 3109 ne
645 3051 881 3124 pleniter
895 3052 1200 3110 consistere
1224 3051 1472 3121 fecimus,
1486 3061 1549 3109 ut
1572 3054 1826 3112 videlicet
1845 3057 1992 3111 omni
2005 3064 2145 3113 tem-

560 3159 695 3214 pore
730 3151 1084 3199 memoratum
1115 3146 1508 3201 monasterium
1531 3162 1654 3202 cum
1702 3149 1892 3205 eadem
1919 3163 2145 3222 congre-

564 3234 783 3305 gatione
813 3242 868 3288 et
899 3250 1021 3289 cum
1051 3235 1311 3305 praedicto
1347 3235 1469 3292 loco
1505 3237 1597 3307 qui
1644 3246 1870 3294 vocatur
1924 3239 2147 3299 Grande

567 3324 827 3388 Vabrum,
859 3325 912 3378 in
948 3340 1055 3393 quo
1100 3333 1434 3380 memoratus
1479 3324 1629 3382 Dado
1684 3337 1997 3399 exoptatam
2041 3332 2147 3388 sibi

565 3414 805 3483 quietem
827 3414 1001 3467 tenuit
1028 3422 1084 3468 et
1112 3413 1329 3469 vivendi
1374 3411 1539 3469 finem
1563 3414 1711 3482 fecit,
1739 3432 1864 3474 cum
1894 3420 2148 3477 omnibus

567 3504 730 3558 rebus
757 3502 859 3557 sibi
882 3503 1027 3572 juste
1054 3501 1475 3572 pertinentibus,
1504 3502 1620 3559 sive
1662 3520 1782 3575 quae
1825 3507 1876 3561 in
1892 3511 2147 3578 praesenti

567 3596 811 3665 tempore
844 3594 1107 3664 possidet,
1141 3595 1257 3650 sive
1318 3611 1440 3666 qua:
1494 3594 1711 3652 inantea
1749 3590 2013 3655 Dominus
2048 3602 2148 3658 ibi-

562 3685 689 3740 dem
721 3686 905 3756 augeri
936 3685 1189 3751 voluerit,
1245 3700 1371 3741 eum
1412 3686 1499 3742 his
1556 3688 1810 3745 omnibus
1858 3691 2149 3761 praedictus

565 3778 718 3833 locus
744 3778 834 3848 qui
861 3776 1059 3832 dicitur
1079 3775 1327 3834 Concbas
1349 3779 1450 3835 sub
1462 3779 1682 3851 speciali
1696 3789 1885 3838 nostra
1897 3783 2149 3841 videlicet

530 3882 535 3887 '
565 3879 623 3924 et
645 3869 878 3923 filiorum
903 3868 985 3923 vel
1008 3884 1413 3937 successorum,
1444 3870 1556 3926 Deo
1577 3881 1871 3939 annuente,
1902 3884 2147 3944 tempora

568 3958 953 4015 inviolabiliter
979 3960 1263 4027 consistat,
1291 3970 1351 4016 ut
1378 3962 1570 4018 eadem
1599 3965 1947 4035 congregatio
1962 3966 2147 4034 quiete

568 4062 784 4119 semper
824 4049 1087 4119 imperiali
1120 4058 1176 4107 et
1225 4051 1394 4124 regali
1422 4052 1734 4109 defensione
1782 4062 1897 4109 tuta
1942 4056 2149 4127 absque

569 4139 857 4211 cujuslibet
892 4140 1277 4212 impedimento
1304 4144 1642 4213 propositum
1668 4160 1824 4201 suum
1854 4146 1963 4202 Deo
1991 4160 2149 4217 opem

641 4303 669 4371 ξι
706 4290 1135 4371 Istud_Ludovici
1167 4292 1272 4359 Pii,
1298 4301 1359 4371 ut
1384 4303 1440 4371 et
1491 4295 1670 4371 Caroli
1711 4294 1883 4371 Calvi,
1909 4299 2150 4371 itemque

569 4361 801 4435 Othonis
829 4362 873 4416 II
898 4363 1283 4435 imperatorum
1307 4365 1621 4435 diplomata,
1647 4368 1703 4422 in
1727 4361 1969 4425 favorem
2002 4361 2149 4426 Gan-

2247 503 2343 558 pro
2386 486 2664 541 communi
2712 484 2927 554 imperii
2957 485 3126 540 nostri
3178 488 3448 545 stabilitate
3494 493 3711 554 Dominum

2243 592 2492 633 exorare.
2531 575 2658 631 Haec
2685 590 2816 630 vero
2837 576 3131 631 auctoritas
3153 590 3211 632 ut
3244 579 3308 633 ab
3349 583 3568 641 omnibus
3609 604 3713 647 ven-

2246 669 2363 724 cius
2385 668 2662 733 credatur,
2704 681 2899 721 manus
2931 673 3127 722 nostrae
3178 669 3435 738 signaculo
3457 674 3614 732 subter
3630 694 3710 737 ean

2245 759 2503 815 roborare
2530 767 2586 814 et
2613 757 2681 813 dc
2705 756 2906 813 annulo
2932 767 3116 822 nostro
3141 757 3363 829 sigillare
3393 761 3600 823 fecimus.

2318 852 2546 926 Signum
2582 851 2840 908 Ludovici
2870 850 3203 906 serenissimi
3232 852 3559 922 imperatoris.

2316 943 2601 999 Durandus
2626 942 2890 999 diaconus
2921 941 2988 998 ad
3021 941 3191 997 vicem
3217 941 3505 999 Helisachar
3524 962 3706 1022 recogito
3800 984 3805 993 .

2243 1033 2325 1088 vit
2357 1041 2415 1088 et
2439 1032 2786 1104 subscripsit.

2316 1125 2453 1179 Data
2473 1141 2526 1180 vt
2554 1125 2680 1180 Idus
2705 1122 2929 1194 Aprilis,
2954 1138 3094 1178 anno
3114 1131 3284 1203 sexto,
3313 1125 3509 1185 Christo
3530 1136 3711 1203 propitio,

2246 1214 2462 1285 imperii
2489 1213 2695 1271 domini
2722 1211 2987 1268 Ludovici
3017 1213 3244 1284 piissimi
3284 1215 3508 1288 Augusti,
3537 1220 3714 1278 indictio-

2246 1320 2317 1362 ne
2354 1305 2440 1359 12.

2315 1392 2512 1450 Actum
2559 1392 2886 1465 Aquisgrani
2925 1390 3129 1463 palatio
3182 1393 3325 1463 regio
3366 1395 3417 1450 in
3447 1395 3529 1453 Dei
3568 1403 3716 1456 nomine

2244 1483 2494 1542 feliciter.
2525 1483 2718 1540 Amen.

2895 1562 3184 1620 LXXXVI.

2458 1670 2563 1712 PIO
2587 1669 2927 1711 IONAS'I’EIIO
2952 1669 3001 1710 8.
3027 1669 3248 1712 BAVONIB
3268 1670 3574 1713 ςικιιεκειει.

2863 1742 3037 1817 (Anno
3066 1744 3216 1818 8l9.)

2348 1835 2526 1907 [Apud
2552 1834 2817 1900 Miramm,
2841 1832 3166 1889 Donationes
3190 1834 3419 1906 Belgicis,
3440 1851 3543 1907 pag.
3565 1837 3649 1910 55.]

2311 1950 2372 2005 In
2401 1950 2620 2007 nomine
2663 1949 2876 2005 Domini
2905 1947 3004 2006 Dei
3042 1958 3101 2005 et
3148 1950 3431 2009 Salvatoris
3466 1957 3603 2010 nostri
3637 1955 3719 2012 Iesu

2242 2040 2466 2107 Christi,
2521 2040 2847 2107 Ludovicus,
2888 2039 3075 2097 divina
3131 2041 3407 2100 ordinante
3450 2046 3717 2116 providentia,

2242 2134 2539 2205 imperator
2562 2132 2859 2205 Augustus.
3220 2159 3227 2166 ~

2314 2226 2375 2282 Si
2409 2240 2538 2298 erga
2580 2224 2702 2283 loca
2747 2225 2944 2282 divinis
2983 2225 3221 2283 cultibus
3260 2228 3534 2298 mancipata
3568 2237 3722 2299 propter

2243 2336 2486 2377 amorem
2511 2320 2627 2387 Dei,
2655 2319 2879 2392 ejusque
2915 2320 2971 2376 in
2998 2319 3211 2377 eisdem
3250 2320 3378 2377 locis
3409 2322 3499 2377 sibi
3532 2319 3723 2375 famulam

2246 2420 2351 2481 tes,
2386 2412 2648 2470 beneficia
2683 2421 2986 2484 opportuna
3028 2412 3315 2486 largimur,
3341 2413 3584 2484 prmium
3620 2413 3726 2467 nobis

2244 2502 2389 2574 apud
2418 2501 2706 2558 Dominum
2731 2508 2953 2558 aeterna
2981 2502 3428 2560 remunerationis
3458 2501 3635 2573 rependi
3657 2517 3727 2555 non

2245 2592 2558 2652 diffidimus.

2314 2683 2523 2740 Idcirco
2553 2686 2765 2741 noverit
2789 2685 3035 2743 omnium
3069 2685 3309 2753 fidelium
3336 2694 3517 2743 saneta
3555 2686 3633 2741 Dei
3660 2686 3729 2741 Ec-

2246 2773 2451 2842 clesiae,
2487 2783 2908 2848 novorumque
2953 2777 3306 2849 praesentium
3347 2778 3527 2834 scilicet
3554 2792 3608 2832 ac
3632 2776 3731 2830 fm-

2246 2884 2431 2924 rorum
2470 2869 2714 2935 solertia,
2745 2871 2891 2941 quod
2915 2870 3001 2926 vir
3026 2871 3356 2927 venerabilis
3378 2870 3650 2935 Einhardus,
3669 2867 3731 2921 ah-

2246 2957 2345 3015 bas
2371 2974 2438 3015 ex
2469 2961 2799 3018 monasterio
2826 2961 2971 3033 quod
2999 2960 3209 3019 dicitur
3246 2963 3440 3031 Gauda,
3477 2964 3594 3034 quod
3620 2963 3731 3018 situm

2248 3057 2332 3106 est
2377 3051 2433 3106 in
2475 3066 2612 3125 pago
2656 3051 3085 3122 Brachbatcnse,
3133 3064 3482 3113 constructum
3514 3056 3559 3111 in
3587 3056 3733 3110 honore

2247 3143 2423 3198 sancti
2462 3141 2607 3199 Petri
2640 3144 2904 3217 principis
2945 3147 3337 3216 apostolorum,
3380 3148 3462 3204 ubi
3494 3147 3622 3202 etiam
3647 3159 3732 3199 sae

2246 3239 2370 3288 ctus
2398 3231 2549 3289 Bavo
2579 3233 2861 3292 confessor
2887 3234 3097 3292 Christi
3125 3253 3347 3311 corpore
3369 3238 3585 3311 quiescit,
3603 3234 3733 3292 detulit

2245 3326 2525 3384 obtutibus
2550 3329 2754 3385 nostris
2792 3330 3183 3387 auctoritatem
3226 3331 3552 3387 immunitatis
3583 3325 3732 3383 Domini

2245 3425 2302 3473 et
2331 3418 2593 3489 genitoris
2619 3408 2791 3476 nostri
2819 3420 3018 3489 Caroli,
3051 3422 3211 3479 bonas
3255 3423 3525 3487 memorias,
3547 3428 3732 3494 praestan-

2248 3506 2444 3562 tissimi
2486 3507 2850 3578 imperatoris,
2897 3511 2953 3566 in
2991 3527 3103 3582 qua
3148 3514 3507 3569 continebatur
3541 3512 3729 3566 insertum

2248 3596 2480 3667 qualiter
2507 3597 2622 3669 ipse
2645 3598 2715 3654 ob
2739 3614 2983 3655 amorem
3008 3598 3109 3657 Dei
3141 3602 3638 3673 tranquillitatemque
3660 3596 3729 3650 fra-

2249 3697 2393 3745 trum
2427 3689 2483 3744 in
2512 3688 2703 3746 eodem
2737 3692 3073 3748 monasterio
3102 3693 3428 3765 degentium,
3461 3705 3636 3761 semper
3665 3685 3729 3741 sub

2247 3779 2557 3851 plenissima
2602 3777 2919 3839 defensione
2961 3793 3020 3841 et
3060 3785 3415 3842 immunitatis
3455 3784 3638 3839 mitione
3667 3780 3727 3833 ln-

2248 3870 2472 3926 buisset.

2317 3963 2424 4020 Pro
2475 3964 2751 4021 ﬁrmitatis
2801 3981 3039 4038 namque
3085 3967 3301 4035 studio,
3343 3963 3598 4039 postulavit
3627 3959 3728 4017 nobis

2247 4058 2537 4128 praedictus
2575 4058 2885 4116 Einhardus
2917 4059 2947 4101 ι)
2974 4059 3180 4127 abbas,
3226 4070 3288 4116 ut
3329 4068 3542 4131 paterna:
3566 4051 3731 4111 auctori—

2250 4150 2367 4216 tati,
2413 4149 2689 4207 firmitatis
2731 4151 2927 4223 gratia,
2959 4158 3212 4208 nostram
3264 4164 3469 4223 quoque
3495 4140 3730 4219 stipendia

2252 4304 2418 4377 [nunc
2438 4317 2568 4358 vero
2570 4303 2838 4377 seorsim.
2847 4300 3040 4377 “Vide
3054 4303 3283 4375 hujusce
3311 4299 3547 4377 tqmicol.
3564 4291 3724 4377 509,

2253 4360 2339 4458 ier
2358 4373 2538 4457 Dpera
2570 4371 2905 4458 Eginhardi].
2944 4372 3089 4458 ξ’μὶξῖ
3109 4360 3729 4458 autemﬁiubardusjbkf

572 4431 757 4514 densis
785 4446 879 4486 seu
913 4430 1169 4514 Βάγῳρθοί
1216 4430 1529 4514 ιηοηξειθτῇί
1564 4430 1842 4514 concessa,
1870 4441 2152 4514 hodieque
2176 4446 2233 4509 Β
2255 4430 2498 4514 decimus
2537 4430 2759 4514 quintus
2787 4430 3021 4500 ctehobii
3048 4443 3372 4507 Gandensis,
3397 4451 3449 4500 et
3485 4431 3728 4514 primus”;

572 4502 936 4592 integr-acum
948 4502 1325 4592 sigillissuis,
1344 4504 1590 4592 Candavi
1635 4507 1688 4562 in
1719 4498 1921 4592 palatio
1946 4498 2151 4581 episcoé
2176 4498 2224 4509 ”
2252 4498 2369 4592 βείᾶ
2392 4498 2904 4586 Selingestadensis,
2924 4498 3008 4592 fin

572 4573 699 4644 pali
726 4573 1088 4644 asservantur,
1116 4589 1237 4643 quas
1264 4590 1364 4644 pro
1392 4591 1489 4630 sua
1516 4573 1852 4636 humanitate
1898 4573 2148 4638 reveren-

572 4642 915 4721 dissimusD.
931 4642 1198 4721 Antonius
1213 4642 1496 4721 Triestius,
1517 4648 1800 4721 episcopus
1820 4649 2144 4721 Gandensis,

573 4712 730 4767 nobis
768 4710 1119 4791 exhibuitac
1147 4710 1581 4791 communicavit.
1596 4710 1846 4791 Integra,
1891 4710 2145 4791 inquam,

573 4788 944 4858 asservantur,
982 4788 1042 4835 ut
1079 4792 1205 4858 pote
1248 4799 1279 4838 a
1314 4782 2043 4858 Normannis(quodtrarutn
2089 4782 2145 4849 in

575 4848 802 4921 Belgicae
841 4848 1210 4977 monasterii]?
1255 4868 1531 4925 nunquam
1558 4848 1781 4924 violata,
1808 4868 1868 4915 ut
1901 4848 2145 4918 narrant.

575 4918 859 4977 Ingruente
892 4934 1124 4977 namque
1198 4938 1583 4977 ormannorum
1614 4928 1666 4977 in
1696 4928 1964 4977 Belgicam
2007 4931 2145 4977 im...

573 4918 859 5001 Ingruente
892 4918 1583 5001 namq-uehNormannorum
1614 4928 1666 4983 in
1696 4918 1964 5000 Belgicam
2007 4931 2149 4988 irru-

573 4990 1422 5085 Εξίεἱιέθιὲὶαιξάεηξοε
1461 5013 1582 5085 eam
1596 4990 1925 5085 ,ωηειάέυεει
1965 5003 2150 5085 Piens

575 5058 727 5140 ribus
752 5075 815 5114 ac
854 5059 1257 5140 diplomatibus,
1283 5066 1471 5140 primo
1488 5058 1992 5140 ‘Audomarapolim',
2024 5058 2149 5129 inde

575 5126 893 5205 Lugdunum
908 5126 1186 5205 Clavatum
1203 5126 1415 5205 (Leon),
1439 5136 1698 5192 Picardiaa
1711 5126 1898 5194 urbem
1909 5180 1923 5204 ,
1953 5126 2012 5196 se
2026 5126 2149 5198 con:

577 5198 834 5283 tulerunt,
859 5201 1191 5283 declinanda!
1219 5198 1543 5283 tempestati.
1569 5206 1685 5283 Quo
1708 5208 1762 5262 in
1790 5198 1964 5283 tractu
1994 5214 2151 5268 annis

575 5268 902 5395 glus'minus
921 5281 1137 5328 centum
1150 5268 1521 5342 perstiterunt,
1544 5268 1770 5333 et'rebus
1790 5281 2010 5347 sedatis,
2026 5282 2150 5341 inde

626 5340 917 5395 andavum.
941 5343 1010 5395 ad
1024 5352 1178 5395 vetus
1192 5359 1348 5395 suum
1380 5348 1786 5395 monasterium-
1814 5351 2148 5395 mctliminin

626 5340 917 5465 a‘ngavutm.
941 5343 1010 5398 ad
1024 5340 1178 5400 vetus
1192 5359 1349 5401 suum
1378 5340 1787 5415 monasterium,
1814 5340 2148 5420 postliminio

626 5425 692 5465 su
730 5426 830 5465 run
860 5453 874 5465 .

577 5425 874 5466 redierunt.

650 5481 678 5519 δ
706 5481 1011 5561 Einhardus
1042 5498 1150 5561 seu
1205 5485 1550 5561 Eginhardus
1602 5497 1688 5561 est
1734 5489 1781 5547 is
1827 5493 1918 5561 qui
1968 5491 2146 5548 Caroli

579 5546 789 5619 Magni,
833 5554 1117 5628 nutritoris
1157 5546 1280 5628 sui:
1296 5566 1355 5628 ut
1388 5558 1501 5625 ipse
1541 5546 1799 5628 loquitur,
1842 5546 2149 5618 vitamveIe-i

579 5629 870 5715 ret
900 5637 967 5715 ei:
990 5622 1115 5715 ,τιμε
1158 5622 1459 5715 descripsit.
1505 5622 1733 5715 Ess'tant
1772 5622 2009 5715 ejusdem
2040 5634 2152 5715 epi-

581 5685 731 5738 stolae
756 5688 956 5754 aliquot
989 5691 1127 5743 inter
1149 5685 1402 5760 epistolas
1427 5696 1559 5767 Lupi
1601 5685 2148 5759 Ferrariensis‘edi‘tm

2249 4586 2366 4657 ipse
2392 4599 2489 4640 suo
2523 4578 2632 4641 ὧτε
2664 4585 2967 4640 construxit
2994 4600 3058 4641 ac
3088 4585 3327 4653 dotavit;
3365 4578 3424 4639 ut
3454 4582 3503 4637 in
3527 4578 3729 4635 ωποιιιαε

2250 4655 2688 4728 Laurisbamensi
2723 4662 2777 4709 et
2811 4654 3081 4728 Gandensi
3110 4655 3325 4728 legitur.
3357 4651 3604 4728 Gaudense
3622 4653 3726 4728 ρριςὶςι]

2252 4725 2311 4780 S.
2337 4726 2483 4781 Petri
2530 4725 2922 4781 monasterium
2951 4713 3464 4781 sanctus‘Amandus
3487 4718 3581 4793 (qui
3604 4713 3725 4793 rem

2248 4796 2564 4872 ερίεορρειιιι
2587 4794 2861 4872 Tuam“
2890 4810 2985 4872 seu
3012 4796 3366 4872 Traisstemi.
3383 4788 3729 4872 ,ονοέέρίφμὲτ

2297 4860 2562 4921 Iandriam
2585 4882 2651 4922 ac
2672 4860 3022 4922 B'rabantiam
3053 4860 3237 4922 multis
3276 4860 3561 4935 annis'egit)
3583 4860 3726 4935 635"}?

2250 4917 2615 5008 gressus;
2626 4917 3620 5008 sﬁigaéjasibistaaeas
3641 4917 3729 4976 mili

2251 5007 2421 5081 tia_ad_
2440 5006 2653 5061 sacram
2678 5015 2737 5061 et
2760 5006 3051 5081 ascetieam
3080 5006 3359 5081 traduxit._
3427 5073 3440 5081 Α
3525 5070 3539 5081 _
3565 5068 3577 5081 ο

2320 5075 2512 5153 Inhoc
2548 5078 2880 5132 monasterio
2914 5077 3157 5153 primum
3175 5076 3359 5153 clerici
3376 5070 3540 5153 simul
3563 5070 3731 5153 δοες

2252 5148 2400 5219 muni
2423 5147 2687 5219 viventes,
2708 5156 2828 5217 post
2850 5134 3098 5219 monachi
3122 5144 3444 5219 Benedictini

2290 5218 2341 5271 ui
2384 5208 2727 5283 annmlS’é‘l;
2748 5216 3071 5274 auctoritate
3107 5216 3256 5273 Pauli
3297 5216 3360 5271 Ill
3389 5209 3586 5269 Romani
3609 5208 3730 5283 ponit“

2290 5288 2386 5347 eis.
2416 5295 2619 5342 mutata
2660 5274 2833 5353 veste,
2881 5287 3006 5343 facti
3038 5296 3159 5344 sunt
3191 5284 3460 5347 canonici,
3498 5287 3549 5334 ut
3577 5274 3728 5353 focam:

2249 5346 2558 5437 seculares,
2588 5364 2803 5427 petente
2822 5346 3024 5413 Carolo
3065 5359 3110 5414 V
3155 5346 3474 5427 imperatore

2249 5424 2518 5460 ιιί....,ι....η
2536 5428 2733 5460 ,ιη-..ιω
2778 5426 3033 5460 mamma.
3055 5436 3170 5460 mm.
3223 5442 3341 5460 nsum
3367 5425 3502 5460 ιηριιει
3521 5417 3594 5460 ille
3613 5412 3656 5460 S.
3721 5432 3731 5442 -

2249 5412 2523 5502 Flandriae
2536 5412 3034 5502 corniteaTriennio
3055 5412 3341 5502 post,.c'um
3367 5425 3505 5502 locus
3521 5417 3594 5472 ille

2250 5480 2437 5568 vobis.
2454 5480 2524 5568 ad
2545 5480 2773 5553 “sanas
2790 5480 2871 5553 Dei
2884 5480 3413 5568 "assesasses
3449 5492 3582 5568 suos,

2249 5567 2445 5623 Carolo
2474 5566 2515 5622 γ
2557 5568 2831 5622 videretur
2859 5569 2971 5623 arci
2990 5611 3006 5634 ,
3034 5571 3102 5625 ad
3144 5565 3437 5636 custodiam
3461 5559 3605 5636 urbis}.
3626 5560 3730 5636 ειςξί

2253 5637 2427 5692 tandze
2452 5636 2785 5701 commodus,
2816 5627 3132 5694 translatum
3161 5645 3246 5692 est
3271 5635 3393 5690 inde
3416 5627 3651 5703 ωυςείιξφ
3669 5627 3731 5703 οῗ

2251 5691 2571 5763 nonicorurn
2626 5691 2689 5765 ad
2714 5691 3130 5778 iparochialeﬁni‘
3164 5691 3223 5761 S.
3272 5702 3482 5760 Joannis
3523 5691 3730 5753 [insiliant
