3946 6174
246 260 374 315 ltiti?)

1382 255 1778 314 DlPLOMATA
1817 256 2376 317 ECCLESIASTICA.

3378 262 3518 318 1095

251 385 423 426 remus
447 365 847 422 auetoritatem.
891 367 1055 439 Cuius
1089 368 1339 438 petitioni
1385 369 1617 425 libenter
1644 384 1826 425 assen-
1854 374 1905 433 Α
1930 370 2056 425 dum
2096 372 2449 438 conﬁdimus;
2490 372 2691 428 idcirco
2729 380 2913 429 notum
2949 389 3071 431 esse
3100 375 3348 431 volumus
3379 392 3513 433 cun-

251 474 364 518 sum
388 460 730 532 praebuimus,
754 468 811 513 et
831 459 973 515 hanc
998 468 1239 516 nostram
1267 464 1671 529 auctoritatem,
1695 479 1824 535 erga

250 553 555 624 praedictum
579 552 966 605 monasterium
997 552 1221 622 ejusque
1264 563 1527 621 rectores,
1569 555 1826 610 immuni-

252 640 373 695 tatis
412 647 572 708 atque
615 638 863 694 tuitionis
906 638 1098 711 gratia
1129 641 1247 697 ﬁeri
1293 644 1633 700 decrevimus
1669 662 1682 698 :
1726 659 1826 715 per

247 732 384 801 quod
434 731 778 801 praecipimus
832 735 996 801 atque
1033 731 1287 801 iubemus
1334 743 1394 790 ut
1444 735 1622 792 nullus
1658 736 1823 806 iudex

244 822 509 893 publicus,
553 822 640 877 vel
688 821 946 893 quislibet
989 838 1058 879 ex
1099 823 1387 892 iudiciaria
1432 835 1724 897 potestate,
1767 831 1821 884 in

243 912 513 976 ecclesias,
544 918 637 969 aut
662 912 804 975 loca,
828 912 914 968 vel
942 928 1121 985 agros,
1149 929 1244 970 seu
1267 917 1504 988 reliquas
1526 919 1826 988 possessio-

242 1020 336 1059 nes
362 1004 647 1059 memorati
675 1004 1011 1067 monasterii,
1038 1004 1183 1073 quod
1207 1005 1468 1064 moderno
1495 1017 1737 1079 tempore
1768 1009 1824 1065 in

240 1094 568 1163 quibuslibet
594 1094 746 1165 pagis
772 1110 833 1149 ac
857 1093 1165 1162 territoriis,
1194 1096 1335 1152 infra
1361 1098 1620 1155 ditionem
1646 1103 1821 1157 nostri

239 1185 447 1254 imperii
470 1184 617 1253 iuste
646 1201 709 1240 ac
740 1184 985 1257 legalitcr
1009 1185 1271 1254 possidet,
1300 1188 1382 1244 vel
1413 1204 1535 1259 quae
1562 1191 1821 1261 deinceps

237 1280 294 1333 in
319 1280 492 1349 ipsius
529 1278 703 1333 sancti
745 1277 849 1332 loci
876 1281 1219 1336 commodum
1246 1280 1482 1336 voluerit
1504 1280 1684 1336 divina
1712 1282 1827 1352 pie-

237 1378 322 1424 tas
347 1368 558 1439 augeri,
583 1367 652 1421 ad
676 1381 872 1423 causas
904 1369 1221 1435 audiendas,
1248 1368 1331 1424 vel
1355 1368 1508 1424 freda
1536 1370 1823 1441 exigenda,

233 1468 328 1514 aut
370 1459 684 1514 mansiones
731 1458 818 1514 vel
857 1466 1079 1528 paratas
1124 1458 1419 1524 faciendas,
1462 1467 1558 1513 aut
1610 1458 1828 1528 ﬁdeius-

231 1565 385 1606 sores
421 1548 710 1615 tollendos,
749 1556 845 1603 aut
870 1550 1119 1605 homines
1143 1550 1314 1619 ipsius
1339 1549 1675 1617 monasterii,
1714 1556 1825 1605 tam

230 1642 494 1711 ingenuos
530 1653 694 1709 quam
722 1646 776 1693 et
800 1653 1010 1703 servos,
1035 1653 1199 1708 super
1228 1646 1432 1694 terram
1459 1638 1630 1708 ipsius
1675 1653 1824 1695 com-

1928 460 2031 515 etis
2079 461 2327 516 ﬁdelibus
2360 470 2561 517 sanctae
2596 462 2691 516 Dei
2734 462 3008 528 licclesim,
3040 466 3373 535 nostrisque,
3408 474 3518 521 tam

1927 554 2288 622 prtesentibus
2331 568 2493 623 quam
2525 552 2744 619 futuris,
2789 554 2916 624 quia
2948 555 3129 610 divino
3172 560 3300 610 tacti
3332 573 3523 614 amore

1929 643 2260 698 monasterio
2285 643 2560 699 Buchovia
2589 652 2611 682 ο
2647 645 2943 708 nominato,
2974 645 3117 713 quod
3145 652 3521 701 constructum

1926 739 2011 787 est
2049 732 2104 787 in
2155 733 2364 789 honore
2412 741 2729 789 sanctorum
2770 732 3005 789 Cornelii
3048 742 3104 789 et
3149 733 3425 807 Cypriani,
3456 752 3521 792 ac

1927 823 2091 878 situm
2133 830 2219 879 est
2265 820 2421 893 iuxta
2471 826 2649 879 lacum
2694 825 2787 894 qui
2842 832 3069 879 vocatur
3122 824 3430 882 Phedersee
3466 826 3520 893 ἀ,

1929 914 2222 983 quamdam
2250 913 2434 969 villam
2472 914 2828 986 proprietatis
2867 923 3087 981 nostrae,
3117 916 3277 970 sitam
3312 916 3366 970 in
3394 931 3524 972 cen-

1926 1008 2069 1067 tena,
2100 1005 2319 1075 extagia
2346 1015 2371 1045 ο
2403 1013 2736 1075 nuncupata,
2761 1010 2883 1075 Qua:
2908 1004 3210 1075 appellatur
3241 1005 3442 1077 Sulgon
3472 1006 3520 1073 τ,

1930 1104 2056 1151 cum
2084 1097 2334 1152 terminis
2361 1105 2415 1153 et
2443 1097 2695 1152 omnibus
2721 1098 2788 1152 a‘d
2816 1112 2875 1152 se
2918 1097 3333 1167 pertinentibus,
3365 1098 3519 1153 vide-

1926 1188 2054 1243 licet
2081 1188 2382 1255 curtilibus,
2411 1187 2676 1254 aediﬁciis,
2703 1186 2926 1242 familiis
2947 1202 3011 1242 ac
3043 1187 3347 1256 mancipiis,
3375 1195 3523 1242 terra

1925 1279 2108 1346 salica,
2139 1278 2298 1336 cultis
2331 1288 2387 1335 et
2430 1278 2670 1346 incultis,
2708 1278 2877 1350 agris,
2910 1277 3107 1346 pratis,
3151 1278 3380 1346 campis,
3428 1291 3525 1345 pa-

1926 1370 2102 1437 scuis,
2159 1369 2343 1435 silvis,
2376 1369 2630 1432 decimis,
2673 1368 2832 1439 aquis
2882 1382 3214 1437 aquarumve
3255 1367 3523 1422 .decursi-

1925 1458 2044 1525 bus,
2089 1460 2436 1526 molendinis,
2467 1459 2888 1529 piscationibus,
2934 1459 3039 1513 viis
3082 1466 3138 1514 ct
3182 1458 3364 1523 inviis,
3409 1459 3525 1513 exi-

1925 1550 2070 1605 tibus
2103 1560 2159 1605 et
2198 1550 2558 1622 regressibus,
2598 1551 2963 1619 omnibusque
2986 1550 3149 1604 rebus
3192 1550 3424 1620 magnis,
3468 1561 3525 1604 et

1926 1642 2109 1711 parvis
2136 1642 2205 1696 ad
2240 1642 2463 1698 easdem
2496 1656 2586 1699 res
2622 1642 2769 1712 iuste
2812 1641 3164 1713 legitimeque
3199 1642 3524 1711 pertinenti-

229 1738 539 1794 manentes,
563 1729 987 1799 distringendos,
1013 1743 1116 1783 nec
1142 1727 1279 1784 ullas
1302 1728 1699 1784 redhibitiones
1730 1736 1826 1784 aut
1852 1734 1899 1794 Β
1928 1733 2049 1797 bus,
2074 1734 2404 1789 mternaliter
2429 1734 2483 1788 in
2512 1734 2791 1805 preprium
2816 1735 3113 1800 donamus;
3142 1734 3524 1789 constituimus

224 1822 440 1878 illicitas
493 1820 809 1878 occasiones
849 1819 1234 1890 requirendas,
1285 1819 1488 1875 nostris
1529 1826 1586 1873 et
1629 1818 1828 1875 futuris

217 1914 568 1986 temporibus
595 1912 802 1983 ingredi
828 1912 1049 1977 audeat,
1074 1911 1159 1967 vel
1184 1926 1249 1967 ea
1278 1927 1400 1983 qua:
1423 1926 1589 1982 supra
1616 1926 1829 1969 memo-

219 2013 337 2062 rata
360 2014 506 2062 sunt
533 2006 751 2077 exigere
772 2012 1091 2075 praesumat.

295 2098 405 2153 Sed
432 2098 608 2152 liceat
635 2104 937 2151 memorato
961 2093 1143 2151 abbati
1168 2095 1394 2167 suisque
1420 2094 1831 2151 successoribus

226 2203 313 2243 res
339 2186 596 2259 praedicti
635 2185 978 2251 monasterii,
1007 2193 1123 2240 tum
1157 2200 1347 2241 omnes
1378 2184 1562 2240 fredos
1605 2194 1830 2241 conces-

226 2293 340 2343 sos,
378 2279 527 2332 sicut
574 2276 631 2331 in
678 2284 950 2345 praecepto
982 2274 1187 2330 domini
1233 2283 1292 2331 et
1334 2274 1597 2345 genitoris
1649 2274 1829 2329 nostri

226 2368 567 2432 continetur,
589 2365 691 2419 sub
714 2363 1070 2420 immunitatis
1090 2372 1288 2419 nostra;
1311 2362 1625 2419 defensione
1641 2363 1831 2434 quieto

228 2456 430 2513 ordine
461 2453 762 2525 possidere,
791 2461 847 2507 et
878 2458 1067 2509 nostro
1097 2451 1332 2508 ﬁdeliter
1353 2466 1549 2522 parere
1575 2450 1826 2535 imperio,

226 2553 529 2631 quatenus-
548 2543 695 2615 ipsos
733 2557 921 2599 servos
958 2543 1078 2609 Dei,
1104 2542 1198 2613 qui
1248 2543 1446 2599 ibidem
1497 2542 1610 2598 Deo
1653 2541 1830 2597 famu-

230 2639 441 2704 lantur,
466 2651 566 2707 pro
587 2636 743 2692 nobis
764 2644 822 2692 et
847 2634 1093 2706 coniuge,
1126 2635 1385 2706 proleque
1427 2644 1639 2702 nostra,
1664 2643 1831 2705 atque

226 2727 536 2785 stabilitate
564 2727 729 2783 totius
750 2726 963 2797 imperii
989 2726 1182 2791 nostri,
1208 2740 1240 2780 a
1265 2725 1377 2781 Deo
1406 2726 1562 2782 nobis
1581 2725 1828 2781 concessi

227 2830 402 2892 atque
455 2821 845 2886 conservandi,
882 2820 1083 2892 iugiter
1127 2818 1340 2880 Domini
1367 2818 1830 2875 ~misericordiam

226 2928 469 2972 exorare
499 2913 748 2970 delectet.

303 3005 465 3061 Hanc
506 3006 692 3077 itaque
732 3005 1141 3071 auctoritatem,
1191 3011 1253 3059 ut
1282 3002 1580 3073 pleniorem
1626 3003 1682 3058 in
1730 3000 1829 3058 Dei

1928 1822 2141 1894 quoque
2168 1834 2221 1879 et
2250 1824 2635 1880 conﬁrmamus
2661 1839 2760 1893 per
2797 1832 2996 1879 nostra:
3024 1823 3367 1878 auctoritatis
3393 1837 3518 1876 mu—

1927 1915 2188 1970 nitionem
2212 1922 2275 1969 ut
2300 1914 2479 1969 nullus
2504 1914 2751 1985 publicus
2769 1913 2936 1983 iudex
2981 1927 3158 1984 neque
3187 1913 3316 1979 dux,
3346 1928 3523 1982 neque

1929 2016 2136 2071 comes,
2163 2011 2253 2059 aut
2277 2003 2505 2076 quilibet
2525 2019 2588 2058 ex
2610 2002 2900 2073 iudiciaria
2926 2011 3215 2074 potestate,
3240 2002 3519 2069 ecclesias,

1927 2102 2135 2159 curtes,
2161 2103 2257 2149 aut
2287 2094 2427 2161 loca,
2453 2093 2539 2149 vel
2564 2109 2743 2166 agros,
2768 2108 2861 2149 seu
2886 2094 3127 2165 reliquas
3150 2095 3524 2166 possessiones

1906 2192 2228 2242 memorato
2249 2186 2580 2241 monasterio
2604 2186 2856 2257 prtesenti
2882 2188 3124 2256 tempore
3152 2182 3518 2254 subiacentes,

1925 2276 2013 2348 vel
2054 2286 2176 2346 quae
2205 2275 2463 2346 deinceps
2499 2276 2555 2331 in
2598 2274 2690 2345 ius
2715 2284 2771 2331 et
2805 2276 3104 2330 dominium
3141 2273 3383 2344 eiusdem
3409 2289 3525 2330 nio-

1929 2368 2153 2423 nasterii
2194 2367 2390 2422 divina:
2439 2367 2659 2437 pietatis
2710 2374 2998 2437 augmento
3034 2367 3404 2435 pervenerint,
3453 2366 3522 2421 ad

1929 2472 2124 2514 causas
2169 2457 2488 2524 audiendas,
2522 2456 2608 2513 vel
2654 2456 2811 2512 freda
2855 2458 3139 2529 exigenda,
3181 2456 3266 2511 vel
3306 2464 3526 2528 paratas

1929 2548 2225 2613 faciendas,
2251 2547 2598 2619 ﬁdeiussores
2625 2544 2910 2614 tollendos,
2939 2553 3033 2601 aut
3059 2546 3308 2601 homines
3357 2548 3522 2603 etiam

1932 2648 2046 2694 tam
2092 2639 2360 2711 ingenuos
2394 2654 2557 2709 quam
2595 2647 2650 2694 et
2680 2652 2867 2695 servos
2907 2652 3071 2708 super
3116 2645 3319 2693 terram
3358 2639 3527 2709 ipsius

1931 2730 2248 2788 monasterii
2293 2740 2699 2788 commanentes
2725 2728 3131 2803 distinguendos
3172 2730 3527 2802 [distringen-

1932 2822 2076 2897 dos],
2099 2838 2200 2879 nec
2226 2823 2364 2878 ullas
2386 2824 2796 2890 redhibitioncs,
2820 2823 2905 2879 vel
2931 2824 3160 2889 bannos,
3183 2829 3276 2876 aut
3308 2822 3528 2880 illicitas

1930 2915 2249 2971 occasiones
2291 2915 2665 2986 requirendas,
2714 2931 2811 2971 seu
2856 2912 3025 2968 ullum
3059 2913 3317 2983 placitum
3346 2914 3527 2984 publi-

1931 3021 2055 3062 cum
2084 3006 2412 3073 habendum,
2457 3006 2620 3061 nullis
2651 3005 2988 3075 temporibus
3023 3004 3232 3075 ingredi
3276 3003 3520 3077 (audeat)

225 3099 460 3155 nomine
501 3098 747 3153 obtineat
794 3098 1129 3164 ﬁrmitatem,
1168 3106 1224 3153 et
1259 3113 1293 3152 a
1331 3097 1578 3153 ﬁdelibus
1623 3104 1827 3152 sancte
1853 3097 1899 3159 C
1928 3096 2014 3151 vel
2038 3111 2101 3151 ea
2125 3111 2244 3166 quae
2268 3111 2433 3165 supra
2461 3104 2759 3151 memorata
2783 3103 2930 3162 sunt,
2953 3103 3251 3165 praesumat
3271 3095 3521 3164 exigere,

227 3190 330 3245 Dei
367 3188 626 3245 Ecclesiae
665 3197 722 3245 et
762 3189 964 3245 nostris
1005 3188 1189 3245 verius
1216 3188 1531 3259 certiusque
1576 3187 1834 3244 credatur

228 3288 290 3335 et
316 3279 634 3351 diligentius
661 3287 1036 3346 conservetur,
1082 3294 1245 3336 manu
1290 3281 1508 3352 propria
1547 3278 1833 3336 subterﬁr—

228 3369 532 3436 mavimus,
558 3378 615 3425 et
641 3368 826 3425 annuli
868 3370 1040 3426 nostri
1082 3371 1443 3442 impressione
1467 3370 1673 3443 signari
1709 3367 1833 3440 jus—

227 3476 434 3517 SIIINIS.

307 3552 452 3607 Data
473 3553 655 3609 idibus
677 3553 898 3624 Aprilis,
914 3567 1079 3619 anno,
1096 3552 1316 3609 Christo
1326 3554 1585 3624 propitio,
1618 3551 1833 3622 imperii

228 3645 416 3700 nostri
460 3652 636 3710 sexto,
665 3628 967 3700 indictione
988 3643 1076 3697 is.
1108 3643 1307 3697 Actum
1333 3642 1660 3712 Aquisgrani
1689 3641 1834 3711 pala-

225 3739 315 3794 tio
338 3735 498 3808 regio
522 3736 577 3790 in
606 3735 701 3789 Dei
730 3734 947 3789 nomine
971 3732 1222 3788 feliciter.
1249 3732 1443 3787 Amen.

303 3830 541 3898 Signum
564 3825 821 3882 Ludovici
848 3825 1185 3882 serenissimi
1216 3823 1584 3894 imperatoris.

885 3934 1189 3993 LXXXVII.

598 4043 699 4085 PRO
725 4043 1074 4085 PARTHENONE
1109 4039 1478 4083 BUCHAWBNSI.

691 4121 739 4195 (α
760 4122 914 4177 Anno
939 4120 1064 4185 819,
1088 4119 1243 4175 Junii
1273 4118 1391 4189 22.)

223 4214 732 4293 [ΑρυύᾼΝερεξὶιξξη
759 4211 938 4269 Codex
980 4213 1376 4293 Alamannicus,
1408 4228 1472 4293 .p.
1510 4212 1615 4293 17,.
1630 4224 1697 4293 es
1733 4210 1835 4266 Lu-

386 4288 496 4358 nig.
528 4281 738 4358 Spicil.,
764 4293 907 4356 part.
933 4300 1018 4351 tu,
1044 4300 1168 4355 cap,
1191 4285 1244 4350 7,
1272 4284 1338 4338 de
1366 4281 1688 4355 alibatissis.]

302 4381 370 4436 In
401 4379 621 4435 nomine
649 4378 862 4435 Domini
909 4378 1008 4435 Dei
1030 4385 1085 4434 et
1129 4377 1431 4433 Salvatoris
1481 4376 1654 4432 nostri
1702 4374 1834 4432 Jesu

222 4570 470 4634 perator
494 4562 788 4631 Augustus.

308 4651 377 4706 Si
401 4649 535 4704 locis
568 4648 677 4704 Deo
706 4650 899 4707 dicatis
927 4650 1203 4720 quippiam
1227 4651 1471 4708 muneris
1500 4647 1834 4705 conferimus

221 4751 288 4800 et
337 4740 642 4810 imperialis
678 4740 1096 4813 magniﬁcentia:
1136 4756 1344 4797 morem
1371 4740 1739 4810 exsequimur,
1768 4755 1834 4796 ac

226 4831 489 4887 divinum
526 4844 623 4899 per
663 4831 767 4886 hoc
808 4831 966 4886 nobis
1001 4830 1244 4898 favorem
1289 4829 1504 4886 facilius
1534 4829 1831 4886 concilian-

222 4941 605 5009 Gandensem,
631 4944 788 5000 titulo
828 4943 890 5002 S.
917 4942 1140 5000 Joannis
1166 4944 1222 4998 in
1254 4942 1467 4999 titulum
1503 4942 1562 4998 S.
1595 4941 1830 4997 Bavonis

227 5021 487 5086 mutato,
518 5029 635 5086 _per
674 5015 917 5086 eiusdem
960 5013 1237 5086 pontiﬁcis
1282 5015 1581 5086 decretum.
1623 5012 1834 5086 Exinde

226 5082 494 5158 Philippo
518 5082 561 5158 _l_l
586 5082 717 5158 rege
734 5082 1022 5158 catholico,
1051 5086 1234 5143 Caroli
1254 5085 1395 5158 lilio,
1423 5082 1833 5158 roganteLl’au-

227 5153 788 5227 lus_lV‘collegiatam
815 5156 874 5211 Β.
898 5154 1130 5213 Bavonis
1156 5156 1440 5213 ecclesiam
1466 5153 1593 5211 ann.
1616 5153 1754 5209 1559
1777 5154 1831 5209 in

229 5223 613 5281 cathedralem
639 5224 838 5279 evexit.

318 5293 444 5348 Fuit
473 5302 651 5349 autem
681 5303 902 5350 sanctus
932 5295 1080 5351 Bavo
1110 5295 1325 5353 Aailulﬁ
1353 5296 1409 5351 in
1440 5296 1715 5353 llasbania
1739 5310 1830 5351 co-

232 5364 402 5421 mitis
434 5363 597 5429 filius,
642 5365 886 5434 obiitque
932 5363 1183 5421 Gandavi
1222 5367 1277 5420 in
1332 5366 1659 5422 monasterio
1694 5381 1725 5420 a
1774 5379 1833 5421 se

232 5434 477 5515 fundato
504 5450 631 5488 ann.
662 5434 876 5515 650,_ut
906 5434 1226 5515 Sigebertus
1262 5436 1317 5490 in
1345 5438 1614 5493 Chronico
1636 5450 1836 5507 suppu-

233 5514 354 5568 tat,
377 5513 471 5574 aut
494 5519 635 5558 anno
658 5506 906 5574 proxime
927 5506 1192 5573 sequenti.

326 5589 355 5613 ι
390 5572 775 5645 Apographum
840 5575 944 5629 hoc
1004 5572 1374 5645 Lunigianum
1421 5574 1833 5632 vitiosissimum

236 5657 399 5717 esse
423 5657 581 5699 nemo
618 5660 726 5699 non
761 5645 982 5717 videbit.
1028 5645 1285 5699 Dedimus
1312 5646 1493 5716 itaque
1524 5660 1745 5717 operam
1772 5652 1838 5717 ut

243 5714 434 5784 aliud,
474 5717 809 5788 autographa
838 5715 1009 5788 magis
1048 5714 1491 5784 consentaneum,
1531 5714 1599 5771 ei
1642 5714 1838 5772 tabulis

1936 3195 2074 3242 etut
2099 3187 2384 3242 censuales
2410 3188 2660 3243 homines
2685 3202 2796 3243 suae
2822 3186 3061 3252 familiae,
3099 3186 3154 3239 in
3191 3185 3497 3256 quibuscun
3515 3214 3529 3226 -

1935 3288 2041 3349 que
2080 3277 2216 3334 locis
2239 3278 2349 3333 sint
2390 3278 2719 3344 constitutae,
2748 3292 2938 3349 pacem
2964 3277 3222 3342 habeant,
3250 3285 3306 3331 et
3337 3291 3527 3331 coram

1934 3366 2083 3421 nullo
2102 3364 2286 3434 iudice
2330 3374 2590 3438 regantur
2614 3375 2706 3421 aut
2737 3367 2940 3422 bonum
2986 3364 3274 3439 [bannum]
3316 3365 3525 3436 persol-

1934 3467 2084 3525 vant,
2114 3467 2208 3514 aut
2253 3459 2515 3516 saeculare
2560 3458 2834 3531 negotium
2883 3460 3143 3524 habeant,
3191 3460 3295 3514 nisi
3338 3475 3525 3514 coram

1885 3568 1897 3573 -
1934 3548 2230 3614 abbatissa,
2261 3547 2343 3601 vel
2370 3547 2541 3619 ipsius
2573 3547 2892 3602 monasterii
2931 3547 3214 3611 advocato,
3243 3546 3337 3601 sed
3364 3546 3529 3600 liceat

1934 3639 2228 3709 Supradicti
2265 3639 2582 3694 monasterii
2627 3638 2917 3693 abbatissis
2960 3636 3062 3692 sub
3096 3637 3380 3691 dominicae
3422 3636 3524 3691 im-

1935 3727 2215 3782 munitatis
2238 3728 2467 3783 tuitione
2490 3729 2674 3796 quieto
2692 3727 2884 3782 ordine
2906 3741 3005 3796 per
3023 3727 3203 3782 omnia
3223 3725 3520 3797 possidere.

1935 3816 2191 3873 Avocatis
2219 3826 2422 3884 autem,
2450 3819 2593 3887 quod
2620 3818 2894 3874 nescimus
2918 3817 3107 3888 quales
3135 3819 3245 3873 sint
3281 3819 3526 3888 quando-

1936 3902 2052 3981 que
2070 3908 2259 3975 futuri,
2285 3909 2687 3975 constituimus,
2714 3916 2771 3964 et
2804 3917 2997 3965 nostra
3026 3909 3294 3979 imperiali
3331 3918 3520 3965 aucto-

1942 4000 2100 4056 ritate
2127 3998 2457 4070 percipimus
2487 3988 2899 4072 [prmcipimus],
2924 4006 2983 4053 ut
3012 3998 3127 4068 ipse
3151 3998 3444 4054 advocatus
3471 4000 3527 4054 in

1938 4091 2056 4147 loco
2082 4104 2245 4161 supra
2275 4096 2575 4145 memorato
2606 4088 2810 4144 nullum
2836 4087 2926 4159 ius
2956 4089 3158 4145 habeat
3199 4088 3528 4159 placitandi,

1937 4181 2022 4237 Vel
2066 4180 2302 4252 aliquam
2340 4180 2688 4251 iudiciariam
2718 4189 3041 4252 potestatem
3070 4180 3391 4247 exercendi,
3421 4182 3529 4252 nisi

1937 4272 2078 4328 forte
2107 4273 2175 4328 ab
2202 4272 2477 4328 abbatissa
2505 4282 2733 4329 vocatus
2766 4273 3067 4339 advenerit,
3097 4280 3153 4329 et
3184 4280 3313 4329 tunc
3337 4272 3529 4327 volun-

1940 4366 2058 4432 tati,
2088 4366 2201 4421 sive
2232 4365 2479 4436 petitioni
2507 4366 2677 4437 ipsius
2713 4365 3073 4432 satisfecerit;
3120 4372 3370 4435 sumptus
3396 4378 3531 4420 vero

222 4471 467 4538 Christi,
490 4469 817 4537 Ludovicus,
840 4470 1023 4526 divina
1047 4470 1349 4542 inspirante
1368 4469 1654 4527 clementia
1669 4469 1834 4536 ιδῃ..
1859 4437 1913 4502 Ῐ)
1938 4458 2022 4515 vel
2065 4459 2272 4515 servitii
2304 4464 2513 4512 tantum
2543 4458 2704 4512 detur
2749 4458 3014 4513 advocato
3051 4470 3118 4510 ex
3161 4462 3315 4525 parte
3357 4454 3529 4509 abba-

1937 4550 2101 4615 tissze,
2134 4547 2201 4602 ad
2230 4560 2669 4618 unumquemque
2708 4545 2886 4602 locum
2928 4547 3223 4601 advocatus
3256 4558 3379 4599 cum
3427 4558 3517 4599 se-

1936 4638 2042 4694 mel
2084 4639 2139 4693 in
2169 4644 2313 4693 anno
2354 4636 2616 4708 placitum
2649 4636 2921 4704 habuerit,
2946 4645 3002 4693 et
3028 4635 3313 4691 duodecim
3356 4651 3529 4705 equos

1937 4730 2244 4797 adduxerit,
2269 4736 2479 4785 tantum
2501 4729 2731 4787 honeste
2754 4739 3096 4801 procuretur.
3112 4727 3331 4784 Nullum
3358 4729 3526 4801 placi-

1936 4834 2051 4881 tum
2078 4829 2276 4894 praeter
2298 4815 2636 4879 voluntatem
2659 4822 2947 4879 abbatissae
2982 4837 3209 4892 usquam
3232 4820 3533 4876 advocatus

1939 4932 2438 5015 Bu_ch_augiensinbus
2470 4934 2940 5015 nancisceremur;
2968 4932 3075 5015 sed;
3091 4933 3409 5015 incassum:
3442 4991 3527 5015 ma

2012 5008 2040 5047 b
2076 4998 2296 5060 Insolita
2323 5002 2573 5059 formula.
2614 4998 2965 5059 Communior
2987 5010 3116 5059 ante
3142 5002 3411 5058 Ludovici
3442 4998 3525 5059 Pii

1940 5076 2267 5134 amotionem
2306 5090 2336 5129 a
2379 5090 2545 5145 regno
2575 5092 2588 5129 :
2618 5075 2808 5145 Divina
2840 5076 3115 5145 ordinante
3157 5072 3525 5145 providentia;

1940 5149 2117 5206 rarior
2145 5164 2158 5200 :
2194 5146 2381 5201 Divina
2408 5140 2684 5199 ordinante
2711 5144 3004 5200 clementia.
3032 5140 3167 5199 Post
3190 5157 3391 5198 annum
3420 5140 3531 5198 855

1939 5219 2141 5298 usitata
2166 5236 2178 5271 :
2209 5216 2401 5298 ρίυὶῃα
2427 5217 2797 5298 reprapjtiqnte
2823 5215 3121 5271 clementia.
3403 5244 3415 5256 -

2011 5302 2034 5329 ο
2074 5289 2183 5355 ΑΙ.,
2210 5284 2544 5356 Buchaugt'a,
2572 5284 2812 5356 Buchau.

2007 5360 2035 5400 (ι
2073 5353 2174 5415 Vel
2209 5353 2486 5420 Federsee,
2512 5356 2705 5409 Latine
2746 5355 2892 5409 lacus
2916 5353 3231 5425 plumarius,
3270 5354 3340 5410 ad
3381 5354 3519 5411 dex-

1940 5439 2083 5485 tram
2109 5426 2359 5482 Danubii.

2015 5512 2039 5539 ε
2074 5497 2184 5563 AL,
2215 5496 2437 5565 estagia,
2464 5494 2549 5549 vel
2571 5494 2762 5566 stagia,
2792 5493 3006 5562 domus,
3036 5495 3271 5563 mansio,
3305 5494 3525 5552 domici-

1939 5571 2092 5633 lium,
2133 5584 2163 5622 a
2192 5576 2351 5621 stare.

2017 5640 2036 5678 ί
2076 5637 2270 5708 Sulgen
2297 5634 2380 5689 vel
2413 5632 2646 5704 Saulgen
2682 5635 2958 5707 oppidum,
2984 5634 3316 5694 domicilium
3355 5636 3525 5694 comi-

1942 5711 2011 5766 tis
2041 5717 2353 5765 memorata:
2376 5713 2636 5761 εριιιρηπι.
