3946 6174
422 268 563 329 1095

1552 256 1873 317 LUDOVlCl
1912 258 1933 311 l
1975 251 2449 312 COCNOMENTO
2481 245 2572 309 Pll

3539 242 3674 304 “96

421 389 644 445 statuat,
693 382 950 451 quidquid
981 380 1286 451 placita’ndo
1327 378 1660 447 acquisierit,
1702 376 1821 430 duae
1862 374 1986 428 inde
2013 372 2064 433 Α
2091 373 2449 441 assequenda,
2478 379 2533 426 et
2560 370 2627 424 ad
2663 368 2813 440 regni
2852 362 3202 422 stabilitatem
3237 364 3517 433 pertinere
3547 378 3682 419 con-

417 483 605 544 partes
657 480 817 527 erunt
871 472 1187 536 abbatissae,
1238 469 1399 523 tertia
1445 469 1739 537 advocato;
1788 464 1991 520 nullum

420 564 612 618 domus
658 560 753 614 Dei
806 560 1166 624 servientem,
1207 558 1325 613 sine
1383 557 1653 612 abbatissa
1694 553 1779 608 vel
1826 552 1995 623 ipsius

418 664 691 706 consensu
743 649 811 703 ad
858 648 1122 718 judicium
1174 655 1367 719 cogat;
1413 646 1619 700 nullum
1668 644 1736 699 de
1793 642 1995 697 familia

422 743 540 797 sine
579 742 727 811 justa
772 740 1043 796 sociorum
1085 755 1307 796 suorum
1356 737 1742 794 deliberatione
1780 736 1999 789 damnet

416 834 506 888 vel
530 840 809 896 coerceat;
844 833 1048 887 nullum
1088 833 1410 887 advocatum
1434 828 1516 884 vel
1544 835 1861 884 exactorem
1893 824 1997 879 sibi

412 926 742 989 constituat;
778 924 913 979 nihil
940 924 1139 993 privati
1182 922 1424 977 muneris
1450 920 1536 976 vel
1564 917 1771 975 servitii
1798 933 1830 972 a
1866 931 2000 986 quo-

415 1012 552 1066 libet
591 1012 733 1078 loco,
765 1012 878 1067 sive
919 1018 1094 1077 curte,
1127 1011 1241 1066 sive
1270 1009 1507 1065 cellariis
1534 1008 1689 1078 quasi
1727 1022 1791 1062 ex
1814 1004 2002 1060 debito

418 1109 476 1156 et
510 1110 713 1156 statuto
755 1100 858 1156 sibi
895 1099 1017 1169 jure
1063 1100 1274 1170 exigat;
1309 1098 1638 1162 mansiones,
1677 1110 1771 1152 seu
1804 1108 2001 1165 perno-

418 1191 686 1245 ctationes
714 1190 923 1258 uspiam
955 1188 1302 1258 frequentare
1344 1194 1562 1250 caveat;
1601 1185 1755 1255 .quod
1787 1185 1833 1240 si
1858 1183 2001 1237 ultra

419 1287 685 1332 statutum
711 1287 765 1333 et
798 1286 1129 1348 prmeeptum
1176 1279 1229 1332 in
1259 1276 1440 1346 aliquo
1469 1276 1590 1330 loco
1616 1275 1852 1330 voluerit
1892 1272 2002 1343 pla-

419 1371 609 1435 citare,
644 1368 761 1438 ipse
801 1370 868 1424 de
916 1369 1075 1422 tertia
1118 1368 1201 1422 sui
1241 1377 1398 1438 parte
1431 1366 1627 1421 ibidem
1656 1364 1759 1419 sibi
1795 1362 2005 1417 contin-

419 1469 578 1530 gente
616 1459 896 1529 provideat
935 1459 1065 1528 quid
1114 1459 1185 1513 ad
1216 1467 1489 1528 sumptum
1533 1456 1734 1511 habere
1775 1453 1999 1517 debeat,

418 1551 525 1606 nisi
558 1548 697 1604 forte
720 1549 899 1618 aliqua
927 1549 993 1603 de
1022 1562 1184 1603 causa
1208 1548 1277 1602 ab
1306 1546 1583 1602 abbatissa
1606 1544 1733 1599 illuc
1757 1551 2000 1606 vocetur,

419 1656 558 1709 aqua
589 1649 716 1694 tunc
744 1640 1020 1702 decenter,
1057 1637 1202 1707 quod
1244 1644 1478 1705 oportet,
1506 1634 1611 1690 sibi
1657 1633 2001 1689 exhibeatur.

417 1732 654 1787 Proinde
682 1731 729 1785 si
759 1731 877 1785 haec
922 1737 1121 1784 statuta
1161 1729 1450 1797 quisquam
1493 1726 1802 1781 advocatus.
1828 1723 1999 1778 obsti-
2029 1710 2078 1769 Β

420 1831 547 1877 nata
574 1821 797 1876 audacia
836 1820 1142 1890 transgredi
1165 1826 1220 1874 et
1248 1818 1542 1888 infringere
1566 1814 1997 1888 praesumpserit,

418 1919 636 1965 centum
665 1900 830 1963 libras
865 1908 984 1962 auri
1027 1907 1241 1977 optimi,
1277 1906 1624 1960 medietatem
1656 1902 1862 1974 palatio
1905 1917 2003 1957 no-

418 2013 557 2070 stro,
584 2001 931 2056 medietatem
958 2015 1088 2054 vero
1116 1997 1448 2053 monasterio
1472 1995 1777 2066 persolvat,
1813 2004 1868 2049 et
1909 1994 2004 2048 ad-

417 2091 629 2146 vocatia
654 2106 778 2145 cum
805 2088 1016 2144 caeteris
1045 2087 1342 2143 commodis
1364 2084 1516 2155 justa
1542 2084 2005 2156 praevaricationis

418 2182 827 2238 examinatione
865 2180 1015 2236 omni
1045 2188 1290 2249 tempore
1314 2184 1520 2234 careat.
1566 2176 1795 2245 Quando
1823 2184 2004 2232 autem

422 2275 641 2331 domina
664 2282 720 2329 et
755 2280 928 2329 mater
972 2272 1142 2342 ipsius
1180 2270 1501 2326 monasterii
1525 2270 1592 2324 de
1617 2268 1865 2324 hac'luce
1897 2267 2005 2321 mi-

420 2364 681 2434 graverit,
715 2378 823 2417 non
866 2361 1088 2415 aliunde
1113 2361 1338 2415 veniens
1378 2358 1452 2415 ibi
1494 2359 1767 2415 abbatissa
1801 2358 2004 2414 consti-

421 2460 624 2518 tuatur,
655 2451 750 2507 sed
771 2452 841 2506 ab
870 2451 1002 2522 ipsis
1032 2448 1559 2512 sanctimonialibus,
1585 2447 1779 2502 deinde
1801 2461 1832 2501 a
1861 2447 2007 2502 clero

421 2550 476 2597 ct
502 2542 720 2613 populo,
747 2556 912 2610 quam
955 2541 1201 2603 idoneam
1230 2540 1467 2594 existere
1499 2538 1875 2608 cognoverint,
1905 2536 2006 2592 eli-

422 2642 581 2706 gatur
612 2639 665 2687 ct
692 2632 1086 2695 constituatur;
1117 2630 1204 2685 cui
1252 2641 1594 2698 summopere
1635 2625 2008 2681 interdicimus

425 2741 495 2780 ne
523 2724 734 2795 aliquas
768 2738 856 2778 res
882 2720 1438 2792 przei‘atimonasterii
1474 2720 1727 2788 cuiquam
1756 2718 1811 2772 in
1843 2718 2009 2773 bene-

423 2817 608 2872 licium
631 2816 915 2879 concedat,
938 2815 1023 2868 vel
1052 2813 1231 2883 aliquo
1262 2812 1423 2868 modo
1452 2811 1624 2866 abusu
1645 2823 1894 2865 sororum
1923 2807 2010 2863 vel

423 2911 654 2966 fratrum
681 2911 793 2966 Deo
823 2911 897 2966 ibi
935 2909 1308 2964 famulantium
1338 2906 1576 2961 alienare
1601 2908 1914 2974 prmsumat.
1943 2900 2011 2954 Et

424 3014 485 3060 ut
523 3004 638 3059 haec
682 3010 883 3058 nostrm
932 3001 1300 3057 concessionis
1346 2997 1642 3055 auctoritas
1687 3000 2008 3066 perpetuum

2096 462 2330 517 fidimus.
2363 462 2567 516 Idcirco
2599 468 2784 514 notum
2811 457 2928 511 fieri
2954 456 3203 510 volumus
3229 453 3480 508 omnibus
3508 451 3687 507 ﬁdeli-

2095 556 2199 609 bus
2228 553 2449 617 nostris,
2478 549 2835 621 praesentibus
2873 547 3084 602 scilicet
3107 553 3163 599 et
3195 543 3413 608 futuris,
3442 542 3576 611 quia
3601 542 3691 596 vir

2095 643 2421 700 venerabilis
2458 642 2608 697 Podo
2651 640 2710 696 S.
2742 638 3069 694 Placentina:
3111 635 3352 690 ecclesiae
3390 634 3691 703 episcopus

2096 749 2194 805 per
2219 733 2445 788 missum
2481 746 2638 786 suum
2670 730 2891 785 nomine
2917 727 3277 800 Reginoldum
3298 726 3691 795 presbyterum

2099 824 2340 879 ostendit
2389 822 2547 877 nobis
2566 820 2848 891 privilegia
2909 819 2963 873 in
3017 819 3213 887 quibus
3262 814 3695 871 continebantur

2100 915 2425 970 donationes
2467 928 2656 984 regum
2686 911 3191 982 Longobardorum,
3223 906 3529 977 Hilprandi,
3557 905 3694 959 ﬂai-

2099 1005 2269 1069 stulii,
2297 1004 2584 1070 Desiderii,
2613 1018 2825 1058 necnon
2854 1010 2910 1057 et
2935 1002 3166 1055 aliorum
3202 999 3465 1055 bonorum
3503 997 3694 1053 homi-

2100 1111 2254 1161 num,
2296 1096 2365 1152 de
2402 1111 2634 1167 quorum
2667 1093 3048 1151 donationibus
3092 1089 3361 1161 quoddam
3406 1097 3695 1144 monaste-

2101 1190 2264 1254 rium,
2307 1188 2455 1259 quod
2499 1195 2842 1257 nuncupatur
2866 1186 3169 1248 Gravacus,
3217 1190 3458 1253 tempore
3500 1181 3693 1237 donmi

2103 1291 2155 1339 et
2195 1283 2455 1354 genitoris
2491 1281 2667 1336 nostri
2695 1279 2871 1335 Caroli
2895 1279 3000 1348 piae
3026 1275 3413 1332 recordationis
3451 1288 3556 1343 per
3582 1272 3692 1326 ali—

2104 1388 2241 1443 quos
2265 1372 2534 1437 homines,
2565 1371 2707 1425 sicut
2742 1369 2858 1439 ipse
2884 1365 3216 1438 Reginoldus
3252 1364 3452 1418 missus
3488 1360 3694 1432 praedi-

2103 1462 2176 1517 cti
2204 1461 2441 1531 episcopi
2465 1461 2765 1524 asserebat,
2793 1457 2991 1527 injuste
3014 1458 3347 1511 abstractum
3372 1455 3495 1520 fuit,
3521 1466 3694 1523 quam

2104 1568 2222 1606 rem
2274 1540 2537 1622 jussimus
2587 1550 2772 1605 missis
2826 1549 3030 1604 nostris
3075 1545 3337 1600 Adallabo
3387 1543 3692 1599 venerabili

2102 1641 2377 1711 episcopo,
2417 1648 2471 1695 et
2497 1638 2762 1693 Artmano
2804 1638 3011 1702 comiti,
3054 1651 3189 1706 quos
3218 1636 3284 1689 ad
3311 1633 3558 1702 justitias
3608 1633 3693 1686 fa-

2105 1732 2325 1787 ciendas
2368 1731 2423 1785 in
2470 1729 2681 1785 Italiam
2725 1729 2996 1793 misimus,
3046 1726 3289 1797 diligenti
3333 1725 3697 1795 inquisitione

2105 1825 2452 1894 investigare,
2492 1830 2548 1878 et
2585 1821 2764 1886 nobis,
2801 1821 2847 1875 si
2899 1820 2975 1874 ita
3020 1833 3210 1873 verum
3255 1824 3426 1881 esset,
3480 1830 3693 1870 renuu-

2106 1915 2262 1969 tiare.
2301 1914 2454 1970 Hanc
2495 1927 2713 1968 causam
2753 1910 3028 1967 subtiliter
3070 1910 3451 1980 investigatam
3482 1906 3696 1961 detule-

2106 2013 2234 2061 runt
2270 2003 2386 2074 jam
2429 2002 2559 2058 dicti
2606 2002 2759 2057 missi
2804 2000 2977 2056 nostri
3020 2000 3089 2055 ad
3131 2006 3376 2054 nostram
3416 1996 3693 2059 notitiam,

2106 2102 2161 2149 et
2199 2109 2340 2160 eam,
2379 2101 2583 2163 quanta
2624 2098 2919 2162 potuenmt
2961 2088 3282 2152 subtilitate,
3320 2086 3481 2140 nobis
3522 2098 3695 2154 expo-

2106 2194 2348 2242 suerunt.
2384 2185 2557 2253 Quam
2594 2200 2720 2240 cum
2749 2198 2848 2239 nos
2887 2181 3196 2253 diligentius
3231 2177 3564 2233 attendendo
3604 2191 3698 2230 co-

2108 2291 2515 2347 gnosceremus,
2568 2274 2935 2330 intelleximus
2959 2270 3168 2339 justum
3209 2284 3354 2334 esse,
3392 2276 3456 2322 ut
3493 2267 3698 2336 praedi-

2109 2373 2258 2421 ctum
2302 2364 2692 2420 monasterium
2732 2378 2841 2417 una
2880 2376 3004 2416 cum
3051 2359 3258 2415 cellulis
3294 2367 3351 2412 et
3383 2357 3554 2411 rebus
3591 2355 3698 2410 sibi

2110 2453 2369 2524 subjectis
2398 2454 2465 2510 ad
2494 2463 2703 2526 partem
2728 2452 3055 2508 Placentinae
3079 2451 3422 2520 episcopatus
3448 2446 3699 2503 ecclesia

2111 2551 2449 2613 redderetur,
2484 2557 2539 2605 et
2566 2548 2687 2604 ideo
2722 2545 3039 2617 praedictum
3062 2543 3455 2599 monasterium
3480 2541 3587 2595 sub
3617 2541 3699 2594 in-

2111 2642 2359 2712 tegritate
2386 2654 2483 2710 per
2508 2641 2650 2694 hanc
2676 2644 2876 2693 nostrae
2915 2634 3253 2690 auctoritatis
3275 2632 3699 2703 praeceptionem

2112 2743 2414 2787 memorato
2465 2728 2761 2786 venerabili
2819 2728 3103 2797 episcopo,
3169 2730 3330 2792 atque
3372 2721 3703 2776 Placentina

2111 2819 2356 2876 ecclesia:
2412 2818 2608 2875 rectori
2659 2818 2947 2873 restituere
2983 2825 3040 2871 et
3081 2813 3406 2869 confirmare
3453 2811 3703 2865 decrevi—

2113 2928 2254 2969 mus.
2297 2911 2682 2982 Praacipientes
2708 2924 2837 2981 ergo
2865 2907 3119 2977 jubemus
3155 2914 3216 2960 ut
3252 2903 3429 2959 nullus
3458 2902 3703 2958 ﬁdelium

2112 3010 2426 3061 nostrorum
2469 3001 2729 3070 praedicto
2767 2996 3059 3053 venerabili
3097 2995 3351 3066 episcopo
3379 2992 3620 3057 Pedoni,
3648 3002 3707 3046 et

422 3095 667 3150 obtineat
690 3095 950 3165 vigorem,
985 3093 1050 3149 de
1077 3091 1279 3147 annulo
1308 3097 1495 3147 nostro
1532 3089 1721 3144 subter
1747 3099 1870 3140 eam
1896 3082 2011 3153 jus—
2040 3076 2085 3139 C
2116 3095 2447 3151 placentium
2483 3092 2750 3157 ecclesia},
2779 3090 2865 3145 vel
2906 3086 3313 3145 successoribus
3345 3083 3464 3153 ejus
3500 3083 3572 3138 de
3614 3099 3707 3138 sn-

425 3185 595 3239 simus
622 3184 867 3253 sigillari.

496 3272 694 3327 Datum
722 3271 1009 3327 undecimo
1036 3271 1306 3327 Kalendas
1335 3268 1586 3340 Augusti,
1614 3264 2014 3331 anno,Christo

425 3363 685 3433 propitio,
708 3372 863 3417 sexto
890 3361 1103 3430 imperii
1133 3361 1335 3415 domini
1366 3358 1622 3414 Ludovici
1649 3355 1881 3425 piissimi
1905 3355 2016 3408 Au-

427 3453 570 3522 gusti
592 3493 606 3513 ,
655 3451 949 3506 indictione
981 3449 1047 3503 12
1071 3462 1120 3502 ιι.
1150 3449 1346 3504 Actum
1390 3445 1712 3517 Angelhaim
1740 3444 1769 3483 δ
1812 3442 2015 3514 palatio

429 3544 667 3613 publico,
694 3543 746 3597 in
776 3542 869 3597 Dei
898 3540 1115 3596 nomine
1141 3539 1388 3595 feliciter.
1413 3538 1605 3593 Amen.

505 3632 729 3704 Signum
756 3632 960 3688 domini
984 3630 1266 3695 Ludovici,
1295 3629 1525 3701 piissimi
1556 3626 1896 3698 imperatoris
1915 3626 2019 3681 Au-

433 3724 576 3795 gusti
609 3736 656 3777 ο.
1104 3772 1108 3777 .
1142 3783 1159 3796 ⁸

1058 3798 1391 3872 LXxxan

828 3921 931 3964 ιδιιο
968 3918 1310 3961 IONASTERIO
1347 3917 1624 3959 GRAVENSI.

1043 3996 1227 4069 (Anno
1265 3993 1417 4065 820)

509 4089 695 4163 [Apud
718 4088 950 4161 Ugbelli,
983 4088 1150 4143 Italia
1184 4104 1357 4149 sacra,
1388 4093 1521 4141 tom.
1553 4084 1616 4151 ll,
1645 4100 1767 4158 pag.
1796 4083 1949 4157 201.]

503 4183 560 4238 ln
610 4183 830 4237 nomine
857 4180 1068 4235 Domini
1100 4180 1215 4245 Dei,
1264 4187 1320 4234 et
1358 4176 1658 4232 Salvatoris
1695 4176 1867 4231 nostri
1892 4175 2023 4232 Jesu

433 4272 663 4351 Christi,
689 4272 1018 4335 Ludovicus,
1044 4269 1236 4339 divina
1260 4269 1548 4325 ordinante
1575 4265 1883 4337 prudentia,
1922 4265 2025 4321 im-

432 4371 659 4432 perator
681 4360 975 4431 Augustus.

2117 3187 2363 3259 pradicto
2418 3184 2753 3241 monasterio
2801 3181 3049 3238 Gravaco
3096 3178 3151 3233 in
3198 3192 3337 3248 pago
3385 3176 3709 3230 Placentino

2116 3284 2429 3333 constructo
2452 3275 2682 3331 ulterius
2710 3272 3032 3342 inquietare,
3060 3276 3155 3323 aut
3177 3267 3343 3323 ullam
3370 3266 3707 3321 calumniam

2117 3371 2365 3441 ingerere
2396 3374 2725 3439 praesumat;
2763 3365 2859 3421 sed
2901 3364 3064 3419 liceat
3097 3362 3149 3417 ei
3188 3376 3255 3416 ac
3291 3358 3711 3416 Successor-ibus

2117 3458 2234 3529 ejus
2286 3463 2641 3513 memoratum
2665 3453 3076 3518 monasterium,
3124 3461 3236 3505 tam
3275 3449 3484 3505 nostris
3535 3462 3707 3518 quam

2121 3563 2496 3606 successorum
2539 3554 2847 3604 nostrorum
2885 3542 3241 3614 temporibus,
3287 3541 3501 3611 absque
3542 3539 3711 3594 ullius

2119 3640 2408 3711 potestatis
2434 3639 2522 3694 vel
2558 3653 2805 3710 personae
2844 3629 3056 3707 injusfa:
3082 3633 3496 3699 contrarietate,
3521 3632 3711 3703 quieto

2121 3732 2313 3786 ordine
2336 3738 2521 3786 tenere
2542 3744 2609 3784 ac
2631 3728 2926 3784 secundum
2954 3741 3141 3783 sacros
3161 3739 3403 3781 canones
3424 3723 3708 3787 ordinare,

2122 3834 2178 3881 et
2202 3823 2462 3895 quidquid
2483 3824 2679 3879 exinde
2701 3823 2998 3878 secundum
3021 3820 3331 3890 aequitatem
3359 3826 3416 3873 et
3433 3815 3708 3886 justitiam

2125 3913 2307 3971 facere
2348 3913 2652 3977 voluerint,
2692 3912 2919 3967 liberam
2966 3917 3023 3965 et
3062 3908 3429 3964 firmissimam
3472 3906 3709 3962 habeant

2125 4013 2481 4078 potestatem;
2514 4013 2571 4062 et
2598 4013 2660 4060 ut
2681 4006 2799 4060 haec
2839 4005 3134 4059 auctoritas
3171 4002 3381 4057 ﬁrmior
3416 4000 3710 4064 habeatur,

2125 4105 2182 4154 et
2209 4113 2240 4151 a
2270 4095 2519 4152 fidelibus
2548 4104 2751 4151 sanctae
2775 4093 2869 4149 Dei
2897 4094 3151 4150 Ecclesia:
3176 4108 3242 4147 ac
3272 4090 3483 4146 nostris
3515 4089 3713 4145 melius

2127 4188 2381 4244 credatur
2418 4201 2484 4242 ac
2527 4184 2837 4256 diligentius
2879 4191 3246 4250 conservetur,
3292 4179 3486 4236 annuli
3537 4181 3713 4239 nostri

2125 4279 2485 4350 impressione
2514 4278 2715 4349 signari
2737 4276 3020 4347 jussimus.

2198 4372 2311 4443 Ego
2341 4370 2641 4429 Gandulfus
2681 4369 2752 4426 ad
2783 4369 2956 4425 vicem
2994 4367 3262 4440 Fridugisi
3298 4368 3625 4438 recognovi,
3660 4375 3716 4421 et

414 4461 435 4477 '
508 4448 568 4505 Si
591 4465 677 4505 res
699 4447 767 4504 ad
788 4456 1168 4506 sacrosanctas
1194 4446 1457 4504 ecclesias
1483 4455 1540 4503 et
1566 4454 1764 4503 caetera
1793 4460 2022 4501 venera-
2045 4425 2101 4485 Ῑ)
2126 4425 2442 4533 δυῇέᾎξ-ίιζεί,

435 4541 564 4597 bilia
594 4541 681 4611 pia
703 4541 820 4596 loca
848 4542 1201 4612 pertinentes,
1225 4556 1345 4612 qua;
1373 4547 1468 4596 aut
1493 4554 1594 4610 per
1613 4537 2023 4610 negligentiam,

438 4638 535 4684 aut
573 4645 670 4700 per
700 4630 1062 4705 quorumlibet
1106 4629 1400 4686 carnaliter
1424 4628 1725 4685 viventium
1753 4626 2025 4697 cupidita-

441 4726 551 4772 tem
576 4718 642 4772 de
670 4716 803 4787 ipsis
830 4710 1116 4772 abstractae
1139 4725 1287 4782 sunt,
1315 4717 1520 4773 eisdem
1551 4716 1759 4773 sanctis
1781 4715 2028 4772 ecclesiis

438 4815 495 4862 et
539 4805 936 4861 venerabilibus
976 4821 1041 4860 ac
1086 4805 1191 4875 piis
1237 4806 1371 4861 locis
1420 4804 1839 4871 restituerimus,
1873 4814 1928 4860 et
1956 4806 2026 4860 ad

436 4912 630 4953 carum
684 4897 1107 4952 dominationem
1157 4897 1625 4961 revocaverimus,
1674 4896 1792 4951 haec
1837 4895 2024 4966 procul

443 4988 607 5046 dubio
654 4989 833 5056 nobis,
887 4998 943 5046 et
988 4996 1205 5045 internae
1238 4979 1504 5063 mercedis
1543 4991 1763 5062 praemia
1809 4987 2023 5046 facilius

519 5158 545 5188 ιι
576 5142 804 5199 Indictio
833 5141 901 5198 12
925 5142 1216 5214 respondet
1232 5143 1523 5214 annog819.

513 5214 542 5254 ι’
557 5214 754 5268 Errore
776 5211 1121 5277 amanuensis
1140 5229 1239 5283 pro
1252 5211 1618 5284 Ingelinheint,
1635 5230 1743 5284 quo
1754 5231 1820 5271 ex
1832 5214 2027 5284 Aquis-

444 5285 698 5366 granensi
746 5284 954 5366 palatio.
991 5284 1292 5366 imperator
1323 5298 1526 5366 mense
1548 5283 1698 5366 Julio‘
1720 5283 2019 5366 concessit,

445 5353 759 5423 ibidemque
773 5354 991 5410 comitia
1016 5354 1223 5418 habuit,
1250 5362 1309 5408 ut
1337 5353 1559 5410 disertis
1586 5356 1770 5410 verbis
1792 5362 2022 5411 testatur

446 5423 789 5495 Egiphardus
832 5426 886 5478 in
929 5423 1226 5495 Annalibus
1273 5425 1544 5495 adhunc
1599 5440 1832 5490 annum,
1883 5424 2027 5495 apud

448 5493 514 5547 Di
547 5493 832 5565 Bguquetn
868 5503 998 5549 tom.
1028 5493 1115 5555 Vl,
1137 5510 1259 5564 pag.
1286 5494 1387 5565 1'78
1420 5495 1508 5565 (Et
1533 5511 1717 5565 supra,
1741 5495 1844 5550 col.
1874 5493 2023 5565 ’ᾅδης

521 5572 544 5600 ο
580 5559 706 5616 Haec
735 5565 920 5627 verba,
945 5577 1065 5631 qua:
1090 5559 1287 5619 iii-aliis
1316 5559 2029 5632 diplomatibus'cancellarii

451 5644 646 5684 nomen
695 5642 960 5702 notasque
1002 5633 1299 5690 Chronicas
1332 5637 1669 5705 praecedunt,
1720 5632 1861 5690 forte
1897 5635 2046 5687 anti-

2198 4555 2335 4610 Data
2363 4571 2398 4609 v
2420 4554 2538 4608 Kal.
2567 4553 2757 4620 Maias,
2786 4568 2950 4619 anno,
2972 4551 3191 4627 Christo
3212 4548 3475 4620 propitio,
3494 4549 3530 4602 ‘1
3548 4552 3715 4619 impe-

2126 4647 2195 4703 rii
2229 4647 2293 4702 D.
2316 4644 2574 4702 Ludovici
2609 4643 2840 4714 piissimi
2867 4643 3118 4716 Augusti,
3158 4642 3349 4699 indict.
3379 4641 3487 4696 13:
3522 4641 3716 4695 Actum

2127 4736 2452 4807 Aquisgrani
2490 4736 2694 4806 palatio
2738 4735 2888 4807 regio
2934 4734 2990 4790 in
3036 4732 3131 4788 Dei
3183 4732 3404 4789 nomine
3456 4730 3716 4801 tenuiter.

2128 4826 2322 4884 Amen.

2127 5144 2405 5268 grapharii
2434 5141 2589 5214 culpa
2622 5143 2692 5225 ad
2721 5142 2881 5199 ﬁnem
2908 5143 3105 5213 reiecta
3135 5154 3280 5230 supt.
3302 5145 3511 5229 .Rel‘ert
3541 5160 3726 5207 tamen

2174 5223 2439 5268 ououetus
2465 5214 2567 5268 loc.
2597 5223 2714 5268 οη..
2744 5229 2866 5268 nae.
2896 5214 3021 5268 518.
3048 5231 3119 5268 ex
3151 5216 3315 5268 Mll'ﬂﬂ
3340 5216 3481 5268 Cod-
3520 5221 3722 5268 Bonas-

2174 5214 2439 5285 ouquetus
2465 5214 2583 5285 loc.
2594 5214 2729 5285 cit.,_
2744 5229 2866 5284 pag.
2896 5214 3021 5278 518,
3048 5231 3119 5271 ex
3151 5216 3316 5273 Mirati
3340 5216 3481 5274 Cod.
3520 5221 3723 5277 Donat.

2128 5282 2372 5367 giarum,
2390 5299 2526 5367 pag“.
2571 5283 2662 5367 55_,
2707 5282 3065 5367 fragmentum
3091 5286 3348 5367 alterius
3380 5289 3722 5367 diplomatis,

2131 5351 2440 5422 Eginharn'o
2478 5351 3127 5411 Candensis‘monasterii
3169 5358 3350 5412 abbati
3382 5374 3415 5413 a
3436 5351 3727 5416 Ludovico

2132 5423 2230 5497 Pio
2256 5424 2519 5488 concessi,
2553 5423 2643 5497 ubi
2672 5424 2994 5497 subscriptio
3017 5425 3361 5497 imperatoris
3396 5430 3626 5485 tandem
3656 5432 3726 5485 ad

2134 5494 2340 5619 gillccem
2375 5510 2588 5565 quoque
2617 5493 2829 5566 legitur.
2862 5493 2993 5553 Vide
3032 5493 3266 5568 diploma
3295 5501 3554 5568 proxime
3580 5515 3723 5574 pra-

2271 5582 2360 5619 ιις.

2271 5582 2360 5620 ll".
