3946 6174
326 258 450 315 tht

1442 238 1836 297 DlPLOMATA
1870 237 2428 297 ECCLESIASTICA.

3423 232 3563 290 “02

324 388 446 431 vero
474 384 564 442 per
596 369 736 423 hanc
772 372 1013 421 nostram
1041 361 1418 417 auctoritatem
1448 356 1665 413 easdem
1690 370 1779 410 res
1825 361 1881 409 et
1909 355 1959 413 Α
1986 351 2152 414 mitis,
2185 359 2240 405 et
2286 351 2358 406 ibi
2410 364 2520 442 una
2551 364 2674 405 cum
2714 350 2977 405 advocato
3004 349 3289 442 Parisiacae
3319 348 3565 442 ecclesia!

324 464 576 534 mancipia
605 474 669 515 ae
713 456 922 512 telonea
951 454 1122 525 ipsius
1154 451 1418 517 ecclesize,
1443 447 1886 506 conﬁrmavimus

322 574 387 614 ac
431 551 814 614 roboravimus,
844 556 905 603 ut
928 547 982 601 in
1010 554 1292 617 posterum
1316 550 1557 599 rectores
1589 541 1761 611 ipsius
1796 554 1883 595 ec—

324 647 493 705 clesiae
519 644 723 712 absque
745 640 907 695 ullius
927 636 1298 709 inquietudine
1342 635 1428 690 vel
1473 634 1669 704 iniusta
1715 632 1885 687 inter-

318 736 593 809 pellatione
612 732 792 802 quiete
827 737 1048 786 teneant
1075 736 1132 783 et
1161 742 1353 782 secure
1409 725 1745 795 possideant.
1798 720 1883 775 In-

315 840 472 894 super
508 825 674 879 etiam
699 822 872 878 eidem
897 820 1010 889 iam
1041 817 1318 873 nominato
1372 816 1632 872 Ynehado
1672 813 1879 885 episco-

316 930 382 985 po
408 914 626 984 suisque
670 910 1075 967 successoribus
1123 905 1492 963 concessimus
1530 914 1691 974 atque
1733 917 1885 958 more

313 1015 534 1077 paterno
563 1020 661 1076 per
686 1010 927 1059 nostram
953 1000 1331 1055 auctoritatem
1367 995 1806 1052 conﬁrmavimus
1827 1003 1888 1049 ut

312 1096 488 1152 nullus
514 1110 696 1151 comes
724 1109 899 1163 neque
922 1092 1028 1147 ulla
1057 1088 1348 1156 iudiciaria
1372 1097 1614 1158 potestas
1655 1088 1709 1142 in
1741 1097 1885 1142 terra

310 1186 520 1242 Sanctae
549 1186 730 1239 Mariae
755 1185 808 1238 in
839 1184 953 1253 ipsa
977 1182 1151 1237 insula
1190 1181 1522 1237 consistente
1547 1179 1712 1233 ullum
1763 1193 1885 1233 cen-

306 1296 425 1336 sum
455 1280 520 1335 de
552 1288 700 1334 terra
729 1278 943 1332 Sancta:
972 1275 1154 1330 Mariae
1194 1274 1447 1345 accipiat,
1476 1288 1579 1328 nec
1605 1272 1672 1327 de
1729 1271 1886 1326 fami-

306 1371 374 1426 lia
406 1371 579 1441 ipsius
604 1370 849 1426 ecclesia:
880 1383 1054 1437 neque
1079 1367 1145 1422 de
1190 1366 1313 1422 aliis
1359 1365 1547 1421 liberis
1575 1365 1885 1421 hominibus

304 1462 389 1518 vel
416 1462 627 1525 incolis,
657 1476 778 1530 qum
820 1460 1023 1515 rustice
1048 1458 1241 1514 Albani
1277 1457 1637 1528 appellantur,
1668 1456 1725 1512 in
1772 1457 1886 1525 ipsa

303 1560 445 1608 terra
474 1550 696 1607 Sancta:
719 1549 900 1605 Maria:
921 1550 1268 1604 manentibus
1324 1548 1429 1604 hoc
1464 1562 1625 1618 agere
1684 1563 1887 1618 praesu-

302 1652 473 1709 mant,
500 1658 609 1697 nec
636 1642 801 1696 etiam
825 1641 906 1696 eis
936 1640 1193 1710 quislibet
1238 1640 1401 1694 ullam
1459 1639 1885 1709 inquietudinem

300 1734 383 1790 vel
405 1732 836 1790 dominationem
861 1746 955 1787 seu
984 1731 1151 1785 ullum
1198 1730 1436 1786 bannum
1477 1738 1665 1785 contra
1716 1729 1889 1800 legem

300 1826 384 1880 vel
414 1825 665 1880 illicitam
691 1824 1034 1879 occasionem
1062 1821 1244 1878 facere
1264 1823 1499 1888 studeat,
1528 1838 1707 1891 neque
1755 1838 1887 1879 cen-

301 1932 420 1973 sum
470 1931 638 1986 quem
667 1916 851 1971 dicunt
876 1916 1186 1982 foraticum,
1242 1931 1418 1986 neque
1441 1915 1751 1986 ripaticum,
1795 1929 1890 1970 ne-

300 2022 405 2077 que
448 2006 798 2071 salvaticum,
854 2020 951 2061 seu
980 2004 1145 2059 ullam
1171 2005 1587 2060 redhibitionem
1642 2005 1709 2060 de
1744 2013 1888 2058 terra

303 2094 521 2151 Sanctae
551 2096 733 2150 Maria:
760 2094 847 2150 vel
867 2096 933 2150 de
953 2094 1463 2164 supermanentibus
1498 2093 1750 2165 accipere
1794 2100 1892 2148 aut

301 2195 563 2242 exactare
588 2187 802 2241 audeat.
830 2183 938 2241 Sed
960 2185 1122 2240 liceat
1141 2200 1283 2255 saepe
1312 2185 1592 2241 nominato
1636 2185 1889 2255 episcopo

304 2276 570 2332 Yuchado
590 2291 654 2331 ac
677 2276 1084 2333 successoribus
1122 2276 1234 2330 suis
1273 2276 1456 2346 quiete
1498 2275 1676 2345 ipsam
1734 2276 1883 2331 insu-

306 2368 422 2423 lam
454 2370 748 2423 secundum
773 2367 1051 2438 prepriam
1078 2367 1415 2422 voluntatem
1441 2366 1697 2421 ordinare
1724 2373 1890 2436 atque

303 2459 618 2530 gubernare
643 2464 699 2511 et
722 2458 773 2512 in
808 2458 926 2528 ipsa
956 2465 1100 2513 terra
1131 2455 1345 2512 Sancta:
1365 2455 1550 2510 Maria:
1576 2465 1690 2511 tam
1710 2456 1890 2510 taber-

302 2565 409 2605 nas
438 2564 602 2619 quam
629 2548 763 2604 alias
790 2563 919 2603 suas
946 2547 1299 2605 necessitates
1325 2547 1443 2604 sine
1466 2546 1694 2615 alicujus
1709 2545 1889 2602 redhi-

302 2640 516 2695 bitione
542 2653 817 2693 exercere.
843 2637 1193 2708 Prtecipimus
1215 2638 1379 2692 etiam
1435 2644 1596 2707 atque
1636 2637 1889 2708 iubemus

302 2730 451 2785 utde
474 2728 639 2800 regali
667 2729 754 2782 via
780 2742 846 2783 ex
875 2735 1029 2799 parte
1082 2726 1267 2783 Sancti
1316 2725 1571 2782 Germani
1609 2742 1640 2782 a
1688 2725 1889 2782 Sancto

308 2820 591 2876 Mederico
617 2835 788 2889 usque
819 2820 886 2874 ad
916 2818 1094 2874 locum
1120 2818 1213 2889 qui
1238 2818 1396 2889 vulgo
1421 2826 1649 2872 vocatur
1665 2817 1888 2873 Tudella

302 2912 361 2966 in
395 2925 533 2979 ruga
563 2910 751 2965 Sancti
774 2908 1053 2973 Germani,
1106 2921 1281 2978 neque
1310 2907 1365 2961 in
1416 2906 1538 2966 aliis
1587 2906 1890 2962 minoribus

300 3002 414 3055 viis
444 3016 565 3070 quae
594 3000 819 3056 tendunt
843 3000 911 3055 ad
951 2998 1341 3054 monasterium
1394 2996 1632 3066 ejusdem
1672 3013 1887 3068 praeno-

303 3089 505 3144 minati
535 3087 719 3144 Sancti
744 3087 1023 3151 Germani,
1049 3086 1187 3143 ullus
1223 3087 1423 3141 missus
1448 3086 1753 3142 dominicus
1784 3087 1885 3142 ali-

298 3196 476 3250 quam
506 3179 849 3249 judiciariam
905 3187 1228 3251 potestatem
1259 3178 1332 3234 ibi
1383 3186 1657 3244 exerceat,
1714 3194 1889 3250 neque

302 3268 549 3336 aliquem
574 3284 817 3336 censum,
848 3286 1023 3341 neque
1040 3271 1340 3342 ripaticum,
1373 3284 1549 3341 neque
1574 3268 1885 3336 ioraticum,

301 3375 489 3429 neque
514 3361 679 3415 ullum
711 3363 977 3418 teloneum
1002 3364 1261 3434 recipiat;
1284 3363 1380 3419 sed
1411 3365 1610 3419 missus
1648 3361 1888 3433 episcopi

301 3452 614 3508 secundum
651 3454 923 3524 prepriam
976 3454 1311 3510 voluntatem
1357 3454 1604 3520 ordinet;
1641 3461 1698 3508 et
1724 3453 1889 3507 advo-

300 3551 470 3597 catus
488 3540 727 3611 ejusdem
754 3544 997 3600 ecclesiae
1039 3553 1151 3599 tam
1208 3545 1275 3601 de
1321 3545 1440 3614 ipsa
1496 3552 1640 3599 terra
1701 3542 1887 3598 Sancti

296 3634 572 3690 Germani
599 3650 760 3704 quam
786 3636 852 3689 de
891 3635 1144 3705 praedicta
1194 3642 1341 3689 terra
1369 3634 1586 3689 Sancta:
1613 3633 1796 3687 Maria:
1832 3634 1889 3687 in

298 3723 487 3779 insula
513 3724 690 3793 posita
716 3732 921 3777 rectam
958 3737 1022 3776 ac
1047 3722 1273 3792 legalem
1303 3724 1567 3776 rationem
1596 3723 1791 3776 reddat
1818 3722 1889 3779 si-

298 3829 375 3867 ne
416 3812 600 3881 aliqua
627 3811 894 3880 judicaria
924 3820 1190 3879 potestate
1218 3812 1348 3867 inibi
1372 3812 1457 3868 vel
1479 3813 1676 3875 hanno,
1708 3812 1811 3866 nisi
1835 3813 1889 3866 in

296 3902 480 3958 malle
506 3901 748 3972 legitimo
785 3900 869 3955 vel
894 3900 1061 3971 regali
1084 3901 1471 3972 placito,..sicut
1487 3901 1598 3955 Lex
1633 3899 1889 3956 ecclesia-

299 4004 438 4046 rum
474 3990 740 4060 przecipit.
772 3989 849 4045 De
861 3990 1045 4045 liberis
1068 4000 1247 4046 autem
1275 3992 1586 4047 hominibus
1606 3991 1697 4061 qui
1728 4006 1890 4062 super

298 4093 520 4137 terram
544 4082 712 4152 ipsius
733 4083 1056 4153 supradictae
1081 4082 1324 4138 ecclesiae
1339 4082 1628 4141 Parisiacae
1646 4100 1890 4140 comma-

297 4188 445 4229 nere
470 4173 740 4239 videntur,
776 4188 841 4229 ac
872 4190 991 4229 eam
1018 4176 1321 4246 perservire
1364 4185 1686 4243 noscuntur,
1743 4177 1889 4232 volu.

298 4283 436 4323 mus
462 4275 525 4322 ut
547 4267 759 4322 sicutin
792 4278 1061 4339 praecepto
1084 4268 1296 4339 Pippini
1318 4270 1403 4324 avi
1451 4271 1621 4325 nostri
1652 4271 1889 4325 contine-

1987 444 2174 499 venire
2201 459 2311 499 non
2339 440 2612 508 diﬁ'erant,
2636 450 2692 496 et
2715 448 2916 496 rectam
2948 441 3214 497 rationem
3244 457 3309 498 ac
3335 440 3564 513 legalem

1979 530 2247 601 iustitiam
2275 531 2572 602 adimplere
2611 538 2892 605 cogantur.
2922 530 3050 587 Haec
3098 546 3228 588 vero
3266 532 3566 589 auctoritas

1986 631 2046 676 ut
2074 621 2282 676 ﬁrmior
2315 621 2369 676 in
2425 621 2519 675 Dei
2573 621 2792 676 nomine
2822 620 3106 686 habeatur,
3138 629 3195 676 et
3229 636 3260 675 a
3318 620 3567 679 ﬁdelibus

1986 720 2187 766 sancite
2213 711 2310 766 Dei
2335 710 2591 766 Ecclesiae
2627 719 2683 766 et
2718 710 2919 766 nostris
2946 710 3256 781 diligentius
3280 725 3567 765 conserve-

1986 809 2096 866 tur,
2121 817 2283 855 manu
2312 800 2531 871 propria
2555 816 2677 855 eam
2708 799 2894 855 subter
2920 798 3257 855 ﬁrmavimus
3277 808 3333 855 et
3381 799 3567 853 annuli

1989 894 2160 948 nostri
2199 894 2554 963 impressione
2569 892 2774 963 signari
2796 891 3072 959 iussimus.

2057 984 2344 1040 Durandus
2372 986 2619 1042 notarius
2644 986 2712 1040 ad
2761 985 2934 1041 vicem
2962 984 3233 1057 Frudigisi
3257 986 3570 1054 recognovit

1986 1085 2041 1133 et
2065 1079 2405 1150 subscripsit.

2055 1168 2251 1225 Datum
2272 1186 2361 1225 xiv
2383 1169 2501 1225 Kal.
2533 1169 2877 1237 Novembris,
2919 1185 3063 1225 anno
3093 1168 3310 1227 Christo
3336 1171 3570 1242 propitio

1988 1257 2020 1311 7
2058 1257 2269 1328 imperii
2300 1260 2483 1316 domni
2510 1260 2770 1316 Ludovici
2799 1261 3029 1330 piissimi
3059 1262 3423 1332 imperatoris.
3459 1262 3567 1318 Ac-

1988 1353 2099 1399 tum
2127 1347 2453 1420 Aquisgrani
2483 1349 2670 1419 palatii
2696 1349 2911 1421 publice
2940 1350 2995 1405 in
3018 1350 3115 1407 Dei
3151 1351 3369 1407 nomine
3399 1350 3571 1407 felici-

1989 1440 2090 1488 ter.
2116 1434 2308 1490 Amen.

2693 1526 2871 1583 XCIII.

2397 1631 2499 1673 P80
2528 1632 2780 1674 ECCLESIA
2844 1632 3155 1674 PARISIENSI.

2598 1704 2775 1779 (Anno
2808 1704 2959 1776 820.)

2420 1820 2442 1892 i
2446 1820 2602 1892 Apud
2642 1821 2943 1887 Baluzium,
2984 1820 3141 1893 ibid.]

2059 1905 2117 1960 ln
2148 1907 2368 1964 nomine
2406 1910 2620 1965 Domini
2652 1910 2750 1965 Dei
2790 1919 2847 1965 et
2874 1910 3176 1966 Salvatoris
3226 1912 3401 1967 nostri
3444 1912 3569 1969 Iesu

1989 1994 2212 2062 Christi,
2245 1997 2586 2067 Ludovicus,
2633 2002 2813 2057 divina
2863 2002 3155 2059 ordinante
3198 2004 3570 2072 providentia,

1990 2085 2287 2165 imperator
2310 2089 2606 2162 Augustus.

2062 2175 2119 2231 Si
2145 2178 2499 2247 petitionibus
2527 2182 2871 2238 sacerdotum
2918 2183 2973 2238 in
3010 2184 3339 2255 quibusiibet
3387 2202 3575 2243 neces-

1990 2267 2246 2323 sitatibus
2273 2270 2663 2328 ecclesiasticis
2697 2282 2887 2328 nostra
2918 2277 3243 2332 auctoritate
3290 2264 3577 2334 sublevan-

1989 2358 2074 2413 dis
2106 2360 2464 2428 consulimus,
2512 2370 2568 2417 et
2594 2364 2663 2417 ad
2680 2392 2695 2397 η
2714 2364 3075 2421 ministerium
3119 2382 3310 2423 eorum
3353 2368 3575 2424 liberius

1989 2450 2397 2517 exsequendum
2449 2464 2607 2521 opem
2672 2451 2916 2515 ferimus,
2961 2468 2992 2508 a
3046 2470 3259 2511 summo
3313 2455 3575 2513 Pontiﬁce

1988 2537 2216 2593 Domino
2244 2547 2433 2595 nostro
2469 2538 2598 2596 Jesu
2629 2540 2850 2596 Christo
2875 2550 3095 2598 aeternae
3115 2547 3576 2602 remunerationis

1989 2625 2176 2697 larg‘ri
2206 2629 2363 2683 nobis
2385 2630 2605 2700 praemia
2642 2645 2751 2685 non
2813 2632 3156 2704 ambigimus.
3194 2633 3428 2693 Proinde
3478 2652 3578 2694 no-

1990 2725 2103 2773 tum
2140 2719 2213 2773 sit
2248 2721 2499 2777 omnibus
2542 2720 2790 2777 ﬁdelibus
2836 2731 3039 2779 saneta
3083 2724 3177 2781 Dei
3206 2726 3467 2785 Ecclesia:
3520 2739 3577 2785 et

1989 2811 2215 2877 nostris,
2245 2812 2601 2883 praesentibus
2630 2814 2839 2871 scilicet
2864 2822 2921 2872 et
2955 2814 3172 2884 futuris,
3210 2820 3337 2888 quia
3372 2822 3459 2876 vir
3487 2836 3578 2876 ve-

1989 2902 2253 2957 nerabilis
2267 2902 2534 2958 inchadus
2546 2903 2838 2960 Parisiacae
2855 2906 3007 2961 urbis
3022 2907 3268 2963 ecclesiae
3289 2909 3578 2982 episcopus

1992 2991 2187 3045 detulit
2198 2992 2481 3048 serenitati
2503 3002 2702 3049 nostrae
2715 2997 3005 3065 quamdam
3016 3000 3399 3056 auctoritatem
3414 3016 3576 3071 quam

1992 3081 2221 3137 domnus
2243 3090 2299 3139 et
2335 3084 2552 3154 genitor
2600 3093 2784 3142 noster
2831 3088 2988 3144 bona:
3031 3092 3308 3147 memoriae
3355 3092 3580 3148 Carolus

1987 3170 2413 3242 gioriosissimus
2444 3174 2745 3246 imperator
2772 3177 2841 3232 ad
2870 3180 3187 3248 petitionem
3218 3184 3579 3253 praedecesso—

1987 3263 2065 3318 ris
2092 3264 2176 3319 sui
2204 3265 2542 3322 Enchenradi
2557 3268 2728 3339 ipsius
2740 3269 2979 3326 civitatis
2991 3271 3235 3344 episcopi
3257 3273 3544 3343 ﬁeriiussit
3561 3295 3576 3343 ;

1990 3352 2045 3409 in
2073 3370 2179 3425 qua
2208 3356 2593 3412 continebatur
2629 3359 2895 3415 insertum
2919 3362 3065 3431 quod
3106 3378 3205 3432 per
3225 3364 3492 3422 incuriam
3524 3378 3581 3423 et

1988 3446 2369 3517 negligentiam
2425 3450 2712 3505 custodum
2755 3452 2926 3523 ipsius
2976 3454 3226 3511 ecclesiae
3272 3465 3578 3515 strumenta

1986 3538 2303 3594 chartarum
2341 3547 2533 3595 exusta
2578 3541 2664 3596 vel
2693 3551 3033 3598 concremata
3058 3544 3174 3600 sive
3198 3547 3410 3615 perdita
3440 3547 3577 3603 fuis-

1990 3637 2132 3691 sent,
2196 3643 2295 3698 per
2346 3643 2467 3696 quae
2513 3630 2724 3685 scilicet
2770 3632 2916 3700 quod
2960 3632 3146 3701 plures
3208 3634 3418 3691 nobiles
3473 3638 3576 3693 viri

1988 3730 2088 3785 pro
2112 3716 2352 3771 remedio
2381 3717 2577 3772 animae
2623 3732 2735 3773 suae
2782 3733 2872 3775 res
2922 3728 2981 3775 et
3002 3720 3276 3791 mancipia
3305 3724 3374 3778 ad
3401 3724 3575 3795 ipsam

1988 3803 2375 3875 delegaverant
2409 3806 2720 3873 ecclesiam,
2766 3817 2824 3863 et
2866 3810 3009 3878 quod
3045 3810 3190 3866 idem
3220 3814 3434 3884 genitor
3471 3831 3573 3873 no.

1990 3904 2105 3951 ster
2164 3913 2263 3967 per
2319 3900 2566 3955 eamdem
2640 3900 3019 3958 conﬁrmasset
3081 3906 3460 3962 auctoritatem
3512 3918 3574 3966 ut

1991 4002 2079 4043 res
2122 3998 2177 4044 et
2212 3990 2482 4058 mancipia
2527 4005 2648 4061 quae
2700 3991 2755 4046 in
2801 3991 3010 4048 eisdem
3057 3993 3433 4055 instrumentis
3484 4000 3573 4054 ius

1992 4088 2136 4135 serta
2186 4078 2419 4146 fuerant,
2450 4087 2506 4136 et
2559 4080 2702 4135 unde
2753 4081 3012 4152 praedicta
3064 4084 3293 4141 ecclesia
3330 4100 3398 4143 eo
3440 4096 3576 4144 tem-

1992 4185 2123 4241 pore
2164 4171 2373 4242 legibus
2401 4172 2595 4227 vestita
2619 4180 2757 4238 erat,
2790 4171 2915 4241 jure
2964 4173 3339 4234 ecclesiastico
3384 4193 3578 4235 secure

1992 4270 2049 4319 et
2072 4263 2253 4331 quiete
2276 4271 2517 4318 rectores
2550 4264 2723 4334 ipsius
2748 4264 2996 4322 ecclesiae
3016 4266 3216 4326 futuris
3242 4271 3577 4342 temporibus

227 4433 243 4441 -
296 4369 424 4425 ιυιι,
460 4358 639 4414 nullus
667 4360 720 4413 in
742 4360 952 4414 hostem
982 4369 1170 4429 pergat
1195 4360 1298 4414 nisi
1345 4376 1454 4414 una
1479 4375 1602 4414 cum
1638 4361 1888 4430 episcopo
1914 4365 1968 4425 D
1995 4360 2241 4408 tenerent
2262 4360 2429 4421 atque
2474 4353 2839 4421 possiderent.
2887 4355 3055 4413 Petiit
3081 4359 3247 4415 etiam
3283 4360 3577 4431 praedictus

296 4450 484 4520 ipsius
517 4448 779 4514 ecclesiae,
819 4448 904 4502 vel
947 4448 1240 4503 secundum
1282 4464 1437 4503 suam
1492 4449 1890 4505 ordinationem

297 4544 627 4601 remaneat;
661 4547 718 4593 et
745 4551 921 4607 neque
976 4537 1045 4594 de
1097 4538 1227 4607 ipsis
1254 4539 1564 4594 hominibus
1593 4555 1753 4609 supra
1785 4548 1892 4595 ter-

295 4644 431 4682 ram
473 4627 689 4684 Sanctae
715 4629 898 4683 Maria:
924 4632 1272 4685 manentibus
1305 4631 1541 4701 aliquem
1567 4647 1788 4687 censum
1805 4632 1890 4687 vel

290 4721 552 4786 aliquam
575 4718 992 4775 redhibitionem
1029 4719 1223 4790 aliquis
1251 4722 1317 4774 de
1344 4721 1518 4790 capite
1569 4736 1753 4776 eorum
1802 4736 1892 4777 ae—

293 4812 494 4880 cipere
523 4818 818 4880 praesumat
838 4826 957 4881 qua:
986 4827 1017 4866 a
1049 4811 1209 4883 longo
1238 4820 1480 4881 tempore
1508 4812 1639 4868 dare
1666 4828 1895 4869 consue-

293 4907 506 4956 verant
527 4906 583 4954 et
613 4900 812 4956 futuris
839 4902 1175 4972 temporibus
1200 4902 1511 4971 persolvere
1538 4901 1771 4967 debent;
1798 4904 1893 4959 sed

296 4989 581 5060 quidquid
614 4990 738 5046 inde
774 4991 937 5047 ﬁscus
955 4999 1142 5047 noster
1162 4992 1400 5063 exigere
1429 5000 1521 5045 aut
1550 5006 1771 5063 sperare
1799 5006 1895 5062 po-

296 5076 500 5142 tuerit,
530 5092 627 5148 per
654 5079 833 5134 omnia
854 5094 955 5149 pro
986 5093 1172 5136 amore
1197 5080 1294 5136 Dei
1320 5089 1587 5136 etsanctre
1621 5081 1717 5136 Dei
1742 5081 1893 5153 geni—

297 5166 466 5223 tricis
527 5167 709 5224 Marite
771 5169 996 5239 praefato
1058 5171 1309 5243 Ynebado
1360 5172 1614 5242 episcopo
1675 5173 1896 5243 suisque

296 5259 725 5315 successoribus
751 5258 985 5315 libenter
995 5262 1366 5328 concedimus,
1399 5269 1454 5318 et
1466 5264 1701 5335 gratuito
1714 5264 1896 5319 animo

297 5353 642 5406 auctoritate
688 5358 875 5406 nostra
927 5351 1317 5408 conﬁrmamus
1371 5363 1433 5409 ut
1485 5355 1689 5410 nullam
1732 5356 1895 5410 etiam

299 5441 710 5498 districtiouem
760 5442 826 5496 de
865 5440 1177 5497 hominibus
1230 5457 1392 5512 super
1447 5453 1648 5499 terram
1697 5452 1898 5499 sancta:

298 5528 498 5584 Maria:
520 5530 862 5584 manentibus
877 5526 1160 5596 iudiciaria
1201 5539 1444 5600 potestas
1464 5548 1717 5588 exercere
1762 5548 1897 5603 prte-

302 5630 515 5688 sumat,
548 5622 669 5689 nisi,
700 5630 759 5675 ut
779 5636 942 5692 supra
970 5619 1227 5689 diximus,
1252 5621 1308 5677 in
1339 5623 1499 5679 malle
1541 5624 1778 5696 legitimo
1807 5640 1898 5681 co-

1994 4443 2261 4498 lnchadus
2297 4443 2647 4499 serenitatem
2676 4452 2920 4500 nostram
2957 4455 3020 4501 ut
3047 4463 3147 4517 pro
3181 4452 3449 4506 mercedis
3478 4466 3576 4506 no-

1994 4542 2120 4588 strae
2141 4540 2429 4603 augmento
2470 4540 2527 4588 et
2579 4532 2855 4589 ﬁrmitatis
2896 4536 3077 4591 studio
3101 4537 3282 4592 eidem
3330 4538 3576 4597 ecclesiae

1994 4639 2145 4680 more
2166 4632 2397 4694 paterno
2422 4632 2666 4680 nostram
2690 4625 3075 4682 auctoritatem
3106 4643 3270 4699 super
3314 4629 3417 4686 hoc
3474 4646 3573 4688 ue-

1992 4715 2138 4786 gotio
2167 4704 2638 4783 ﬁeri'juberemus,
2669 4729 2767 4785 per
2795 4731 2957 4786 quam
2987 4718 3264 4777 modernis
3286 4730 3342 4775 et
3378 4718 3573 4778 futuris

1993 4807 2329 4877 temporibus
2349 4819 2439 4861 res
2464 4814 2522 4863 et
2555 4806 2826 4881 mancipia
2860 4822 2979 4876 quae
3003 4822 3105 4877 per
3151 4808 3379 4878 praefata
3432 4820 3577 4865 stru—

1994 4905 2177 4951 menta
2226 4898 2543 4952 chartarum
2571 4897 2750 4951 eidem
2806 4897 3018 4953 tradita:
3057 4897 3272 4953 fuerant
3310 4899 3574 4963 ecclesiae.

1994 4987 2248 5053 ﬁrmiter,
2275 4988 2482 5057 quiete,
2505 5002 2571 5043 ac
2595 5002 2786 5044 secure
2820 5002 2853 5042 a
2876 4988 3111 5061 prmlatis
3142 4989 3311 5059 ipsius
3334 4990 3581 5047 ecclesiae

1993 5078 2327 5135 haberentur
2377 5078 2465 5135 vel
2510 5080 2941 5149 possiderentur.
2992 5079 3103 5136 Nos
3125 5083 3310 5153 itaque
3333 5083 3577 5154 inspecta

1994 5172 2186 5227 eadem
2214 5170 2540 5227 auctoritate
2566 5170 2749 5226 domui
2796 5178 2852 5227 et
2877 5172 3137 5243 genitoris
3166 5172 3359 5239 nostri,
3415 5172 3577 5228 libuit

1996 5263 2154 5318 nobis
2174 5261 2418 5333 eiusdem
2442 5261 2772 5318 venerabilis
2791 5263 2895 5317 viri
2918 5262 3271 5332 petitionibus
3296 5279 3577 5320 assensum

1994 5354 2237 5424 praebere
2263 5362 2320 5409 et
2341 5362 2583 5424 paterna:
2602 5353 2915 5410 auctoritati
2932 5354 3075 5409 hanc
3090 5368 3306 5425 quoque
3334 5364 3577 5411 nostram

1989 5442 2218 5513 iungere
2245 5444 2648 5499 auctoritatem.
2701 5443 3051 5514 Praecipimus
3088 5460 3217 5517 ergo
3249 5446 3580 5516 atquejube-

1996 5548 2118 5590 mus
2163 5540 2223 5587 ut
2244 5545 2433 5587 omnes
2470 5546 2559 5587 res
2592 5540 2648 5587 et
2683 5533 2951 5603 mancipia
2978 5549 3099 5604 qua
3144 5550 3211 5590 ex
3257 5534 3579 5607 liberalitate

1997 5626 2171 5683 eidem
2198 5623 2407 5679 collata:
2452 5622 2672 5679 fuerunt
2715 5622 2982 5693 ecclesiae,
3031 5627 3234 5682 nostris
3278 5636 3334 5683 et
3384 5626 3577 5683 tuturis
