3996 6178
337 361 475 417 Ηοὸ

1030 472 1191 527 κυεην,

753 601 854 641 1³1ιο
892 600 1227 640 ΙΞΟΝΔΞἹΕΒΙΟ
1268 600 1469 640 ικυεκει
1479 622 1495 637 υ

947 675 1121 747 (Anno
1150 675 1311 746 εει.)

328 767 505 840 [Apud
531 766 787 834 Martem,
811 765 985 840 Ampi:
1014 763 1254 840 Callet-1.,
1289 775 1419 821 tom.
1445 766 1494 832 l,
1527 782 1593 822 ex
1620 783 1720 823 ms.
1752 767 1813 821 D.
1843 769 1907 823 de

960 836 1256 907 Louvrex.]

395 928 452 983 In
495 929 716 983 nomine
742 924 956 981 Domini
1001 927 1095 980 Dei
1139 934 1193 981 et
1235 925 1535 983 Salvatoris
1575 928 1749 983 nostri
1775 927 1905 984 Jesu

324 1018 556 1085 Christi,
587 1018 894 1073 Ludovicus
921 1018 1100 1073 divina
1126 1019 1412 1073 ordinante
1441 1019 1775 1089 providentia
1805 1021 1905 1075 im-

323 1120 546 1181 perator
566 1110 860 1181 Augustus,
886 1109 1138 1164 omnibus
1161 1111 1447 1180 episcopis,
1475 1112 1785 1177 abbatibus,
1814 1128 1907 1168 co-

323 1202 569 1267 mitibus,
592 1201 835 1265 vicariis,
861 1202 1212 1268 centenariis,
1242 1202 1540 1269 tclonariis,
1566 1205 1902 1271 actionariis,

322 1292 407 1346 vel
455 1292 708 1346 omnibus
757 1291 1144 1360 rempublicam
1203 1292 1745 1356 administrantibus,
1807 1310 1902 1349 seu

320 1379 534 1434 czetcris
581 1379 826 1434 ﬁdelibus
873 1387 1076 1436 sanctae
1120 1381 1217 1436 Dei
1264 1382 1520 1439 Ecclesiae
1569 1393 1625 1439 et
1670 1386 1900 1450 nostris,

321 1480 433 1526 tam
471 1472 834 1541 praesentibus
869 1487 1033 1543 quam
1074 1481 1131 1528 et
1169 1472 1367 1531 futuris
1394 1517 1408 1542 ,
1458 1484 1645 1532 notum
1676 1478 1747 1532 sit
1773 1478 1905 1547 quia

320 1563 692 1617 concessimus
718 1564 1049 1619 monasterio
1072 1572 1261 1619 nostro
1281 1576 1331 1631 ι,
1357 1567 1500 1635 quod
1520 1567 1725 1622 dicitur
1746 1568 1899 1625 Inda.

247 1648 257 1660 '
319 1652 464 1724 quod
505 1664 589 1708 est
625 1653 863 1709 dicatum
903 1654 958 1709 in
998 1656 1207 1710 honore
1245 1657 1459 1711 Domini
1501 1665 1557 1711 et
1604 1655 1901 1714 Salvatoris

318 1744 491 1800 nostri
519 1743 646 1799 Jcsu
668 1743 900 1811 Christi,
928 1753 1298 1799 constructum
1328 1746 1385 1801 in
1412 1746 1547 1801 silva
1576 1754 1766 1803 nostra
1795 1746 1898 1801 Ar-

1473 357 1869 414 Dll’LOMATA
1910 354 2473 425 ECCLESIASTICA.:

1928 470 1980 529 Α
2077 466 2213 523 Data
2241 475 2393 523 sexto
2421 467 2544 521 ldus
2569 466 2851 523 Februarii
2876 478 2922 531 ε’,
2961 483 3101 525 anno
3126 469 3328 526 Christi
3352 474 3589 545 propitio

3455 360 3590 441 ttae

2009 562 2044 616 8
2074 560 2285 629 imperii
2324 559 2507 614 domui
2542 559 2797 615 Ludovici
2833 560 3166 614 serenissimi
3197 560 3455 632 Augusti,
3506 565 3583 621 ine

2008 650 2243 706 dictione
2276 649 2360 704 14.
2395 650 2591 705 Actum
2619 650 2946 720 Aquisgrani
2974 650 3178 721 palatio
3211 653 3380 723 regio,
3414 654 3468 708 in
3494 654 3592 710 Dei

2009 741 2226 798 nomine
2248 740 2499 798 feliciter.
2526 742 2719 797 Amen.

2594 874 2595 879 η
2697 830 2889 887 XCVI.

2364 939 2463 980 PRO
2491 939 2697 979 MONAS’I'
2706 939 2831 987 ERIO
2867 939 3237 979 Βυωλνιεδει.

2340 1074 2343 1075 ν
2616 1014 2789 1085 (Anno
2831 1013 2983 1085 82.1.)

2008 1102 2184 1174 [Apud
2215 1104 2510 1170 Schaten.,
2538 1102 2769 1158 Annales
2798 1102 3285 1170 Paderbarnenses,
3311 1118 3435 1174 pag.
3473 1104 3591 1179 δί]

2074 1198 2129 1253 in
2166 1200 2386 1255 nomine
2414 1198 2631 1255 Domini
2660 1197 2756 1254 Dei
2801 1204 2859 1252 et
2902 1195 3201 1251 Salvatoris
3248 1197 3424 1252 nostri
3459 1197 3591 1253 Jesu

2003 1290 2228 1356 Christi,
2253 1290 2560 1346 Ludovicus
2578 1287 2765 1344 divina
2795 1287 3082 1345 ordinante
3113 1286 3447 1357 providentia
3492 1288 3592 1343 im-

2003 1390 2221 1453 perator
2247 1382 2544 1453 Augustus.
3182 1450 3187 1455 ε

2075 1470 2131 1526 Si
2160 1472 2501 1527 sacerdotum
2538 1477 2594 1525 et
2624 1484 2908 1527 servorum
2958 1468 3053 1526 Dei
3094 1469 3412 1539 petitiones,
3446 1483 3587 1538 quas

2002 1577 2101 1633 pro
2125 1562 2241 1618 suis
2264 1561 2685 1617 necessitatibus
2706 1560 3064 1625 innotuerint,
3092 1560 3158 1614 ad
3184 1558 3435 1619 elfecturn
3467 1574 3591 1630 per—

2003 1654 2270 1721 ducimus,
2298 1670 2403 1709 non
2430 1653 2604 1709 solum
2632 1652 2971 1723 imperialem
2996 1664 3314 1706 exercemus
3336 1665 3590 1707 mansue—

2005 1744 2262 1808 tudinem,
2293 1758 2482 1798 verum
2515 1744 2685 1799 etiam
2709 1742 2780 1801 ad
2804 1743 2979 1798 beata:
3026 1740 3402 1795 retributionis
3441 1756 3586 1794 mer-

317 1835 531 1891 duenna
549 1875 563 1901 ,
607 1835 696 1889 ubi
735 1835 898 1889 etiam
935 1850 1079 1891 nunc
1106 1835 1389 1906 religiosus
1417 1838 1502 1891 vir
1525 1837 1848 1895 Benedictus
1870 1840 1899 1880 ιι
1927 1825 1975 1885 Β
2003 1834 2190 1888 cedem
2217 1834 2343 1888 talia
2380 1834 2538 1889 nobis
2561 1831 2704 1888 facta
2730 1829 3014 1901 profutura
3052 1828 3400 1910 conﬁdimus.
3442 1828 3587 1895 Qua‘

317 1924 485 1979 abbas
508 1932 726 1993 praeest,
756 1932 817 1979 et
835 1924 982 1979 omni
1011 1926 1421 1995 congregationi
1448 1927 1659 1983 ibidem
1678 1927 1791 1984 Deo
1818 1928 1900 1984 fa-

316 2012 572 2080 molanti,
619 2027 779 2068 omne
821 2012 1112 2078 tclonium,
1155 2021 1265 2069 tarn
1294 2016 1618 2090 de‘navibus
1644 2032 1765 2088 qua:
1800 2034 1900 2090 per

315 2103 528 2158 diversa
544 2102 773 2159 ﬁumina
796 2104 1006 2174 imperii
1032 2105 1202 2160 nostri
1225 2120 1324 2175 pro
1345 2086 1587 2176 qualibet
1609 2086 1898 2164 re'disc-ur-

315 2201 481 2261 runt,
528 2210 690 2266 quam
730 2203 787 2250 et
827 2195 894 2250 de
930 2195 1109 2250 curris
1154 2203 1209 2250 et
1254 2197 1541 2267 sagmariis
1574 2200 1897 2269 necessariis

314 2284 503 2358 [Forte
532 2284 860 2356 necessaria]
906 2284 1077 2355 ipsius
1117 2287 1438 2341 monasterii
1475 2286 1561 2341 vel
1597 2302 1895 2359 congrega-

315 2374 481 2430 tionis
525 2374 724 2428 ibidem
765 2375 881 2428 Deo
917 2372 1228 2429 famulantis
1265 2373 1664 2442 deferentibus,
1706 2379 1791 2433 vel
1829 2381 1896 2435 de

314 2467 559 2538 quolibet
602 2464 709 2521 alio
752 2466 972 2537 negotio
1019 2466 1378 2535 undecunque
1424 2466 1588 2525 ﬁscus
1634 2469 1896 2526 telonium

311 2558 532 2626 exigere
554 2562 799 2625 poterat,
832 2557 886 2610 in
912 2556 1181 2627 integrum
1208 2556 1598 2624 concessimus,
1629 2567 1690 2614 ut
1708 2560 1896 2618 nullus

313 2647 543 2718 quilibet
583 2646 842 2702 telonium
886 2655 979 2701 aut
1017 2648 1252 2717 aliquam
1280 2649 1617 2704 exactionem
1644 2651 1896 2721 accipere

312 2738 407 2793 aut
442 2738 662 2808 exigere
694 2747 1008 2808 praesumat.
1055 2738 1208 2794 Unde
1249 2739 1388 2795 hanc
1424 2747 1622 2795 nostrae
1659 2743 1896 2799 auctori-

314 2831 441 2886 tatis
462 2830 880 2901 pra-ceptioncm
920 2830 1177 2901 praedicto
1204 2832 1535 2888 monasterio
1570 2842 1628 2888 et
1663 2848 1894 2905 congre-

310 2918 516 2989 gationi
560 2919 760 2973 ibidem
805 2919 1018 2989 degenti
1065 2918 1182 2974 ﬁeri
1224 2921 1590 2991 prwcipimus,
1615 2930 1676 2977 ut
1702 2939 1892 2994 naves,

1999 1932 2220 1994 propter
2244 1933 2432 1979 notum
2459 1924 2530 1978 sit
2551 1923 2792 1978 omnium
2818 1920 3056 1976 ﬁdelium
3082 1927 3391 1975 nostrorum
3415 1922 3585 1974 soler-

2002 2015 2111 2079 tiae,
2137 2014 2490 2084 praesentium
2530 2022 2588 2068 et
2623 2014 2951 2078 futurorum,
2988 2010 3114 2079 quia
3149 2010 3230 2063 vir
3256 2008 3584 2064 venerabilis

1997 2106 2194 2163 Castus
2221 2105 2391 2162 abbas
2435 2105 2679 2163 ecclesiae
2720 2121 2840 2176 qua:
2867 2111 3091 2160 vocatur
3120 2101 3423 2164 Fiscbcchi,
3457 2118 3583 2156 cum

1997 2198 2256 2269 subjectis
2287 2198 2536 2254 ecclesiis
2562 2198 2617 2252 in
2641 2199 2831 2254 eodem
2854 2211 2992 2268 pago
3017 2194 3236 2265 Leriga,
3257 2200 3315 2248 et
3343 2208 3465 2248 cum
3490 2192 3584 2249 dc-

1997 2291 2137 2346 cima
2168 2292 2235 2345 de
2261 2290 2399 2345 silva
2442 2290 2683 2344 Annueri
2713 2298 2767 2345 et
2792 2288 3127 2355 Ponteburg,
3152 2292 3209 2339 et
3236 2283 3450 2347 carueris
3483 2299 3576 2339 ec-

1996 2379 2175 2435 clesiis
2201 2379 2256 2433 in
2276 2378 2474 2448 Hesiga
2493 2386 2550 2432 et
2577 2376 2837 2447 Fenkiga,
2862 2382 3088 2444 excepta
3126 2386 3231 2426 una
3262 2371 3491 2427 ecclesia
3521 2372 3577 2424 in

1996 2466 2274 2537 Saxlinga,
2297 2481 2460 2536 quam
2496 2465 2867 2521 concessimus
2908 2465 2975 2518 ad
3024 2461 3341 2533 parochiam
3393 2460 3581 2519 Sancti

1994 2556 2149 2612 Pauli
2179 2556 2381 2612 reverti
2398 2595 2413 2624 ,
2441 2555 2510 2610 ad
2545 2554 2731 2611 locum'
2746 2554 2839 2624 qui
2863 2560 3088 2607 vocatur
3115 2546 3578 2620 Mimigcrnaford‘.

1993 2648 2086 2703 ubi
2135 2644 2419 2703 Gerl'ridus
2464 2646 2755 2716 episcopus
2802 2655 3036 2714 praeesse
3067 2641 3325 2705 videtur,
3352 2636 3580 2694 veniens

1993 2739 2064 2794 ad
2082 2753 2204 2806 nos,
2222 2738 2397 2809 petiit.
2426 2736 2803 2795 celsitudinem
2842 2742 3111 2800 nostram,
3133 2741 3192 2788 ut
3229 2731 3402 2803 ipsum
3452 2746 3580 2787 san-

1993 2837 2143 2885 ctum
2186 2828 2366 2887 locum
2410 2842 2512 2898 pro
2563 2827 2840 2884 mercedis
2884 2834 3085 2887 nostra:
3133 2831 3424 2894 augmento
3477 2822 3580 2880 sub

1995 2927 2185 2976 nostra
2213 2918 2531 2977 defensione
2563 2927 2621 2974 et
2646 2916 3004 2976 immunitatis
3032 2915 3263 2970 tuitione
3304 2914 3576 2984 recipere-

307 3010 395 3064 vel
421 3024 598 3076 curre,
629 3018 683 3064 et
708 3012 983 3082 sagmarii,
1012 3025 1107 3066 seu
1134 3011 1385 3079 quaelibet
1411 3012 1514 3067 alia
1536 3014 1801 3081 vehicula,
1823 3016 1894 3071 ad
1924 3032 1966 3090 ο
1992 3025 2136 3066 mus.
2165 3009 2337 3083 Cujus
2367 3011 2617 3081 petitioni
2642 3025 2747 3082 pro
2767 3009 2949 3064 divino
2990 3022 3179 3065 amore
3210 3006 3574 3068 adswsimtIS.

309 3100 522 3156 diversa
554 3100 768 3170 negotia
801 3101 969 3171 ipsius
993 3101 1305 3157 monasterii
1343 3103 1646 3173 peragenda
1666 3144 1682 3170 ,
1728 3114 1783 3161 et
1824 3109 1892 3163 ad

309 3188 666 3244 necessitates
697 3189 816 3259 ejus
849 3189 1229 3256 sublevandas,
1258 3205 1356 3260 per
1380 3193 1694 3250 universum
1723 3197 1893 3268 impe-

310 3279 453 3333 rium
483 3287 726 3335 nostrum
754 3280 925 3336 libere
948 3281 1290 3349 discurrant,
1336 3292 1397 3339 et
1435 3284 1615 3345 nullus
1646 3288 1894 3359 publicus

304 3367 494 3438 iudex,
520 3370 606 3425 vel
635 3370 863 3441 quilibet
889 3380 1114 3428 exactor
1130 3370 1434 3441 iudiciaria:
1461 3378 1769 3446 potestatis,
1799 3387 1895 3435 aut

309 3458 608 3515 teionarius
650 3461 719 3516 de
765 3462 990 3518 navibus
1030 3470 1126 3517 aut
1168 3463 1237 3519 de
1276 3466 1529 3522 omnibus
1566 3450 1689 3537 quae
1728 3484 1890 3540 supra

308 3556 608 3605 memorata
643 3558 809 3617 sunt,
864 3554 1220 3623 undecunque
1265 3556 1517 3613 videlicet
1555 3560 1721 3616 ﬁscus
1761 3561 1891 3618 telo-

286 3637 461 3693 ‘nium
478 3639 698 3712 exigere
718 3649 916 3712 potest,
948 3644 1117 3698 ullum
1148 3646 1426 3711 telonium,
1459 3656 1553 3703 aut
1578 3650 1885 3719 ripaticum,

308 3737 406 3784 aut
437 3732 763 3800 portaticum
786 3771 803 3796 ,
846 3739 940 3786 aut
965 3734 1335 3802 pontaticum,
1375 3743 1470 3792 aut
1507 3737 1885 3806 salutaticum,

305 3828 407 3874 aut
433 3821 723 3874 rotaticum
740 3858 755 3885 ,
785 3828 880 3875 aut
904 3822 1299 3891 pulveraticum
1316 3863 1332 3890 ,
1363 3832 1456 3883 aut
1483 3829 1851 3896 cesponticurn
1868 3870 1884 3895 ,

304 3921 405 3967 aut
446 3911 773 3966 travaticum
798 3950 813 3976 ,
865 3919 960 3966 aut
1006 3912 1174 3968 ullum
1218 3929 1505 3972 occursum
1527 3957 1544 3982 ,
1593 3918 1679 3974 vel
1719 3919 1889 3975 ullum

302 4015 571 4065 censum,
618 4007 717 4054 aut
738 4000 905 4055 ullam
936 4002 1349 4060 retributionem
1388 4006 1458 4062 ab
1497 4006 1583 4063 eis
1611 4009 1892 4078 requirere

303 4100 404 4147 aut
438 4099 697 4147 exactarc
722 4100 1032 4161 prnsurust.
1081 4092 1189 4150 Sed
1214 4095 1422 4151 licitum
1451 4098 1524 4153 sit
1551 4098 1761 4169 absque
1786 4100 1889 4156 ali-

303 4181 464 4249 cujus
500 4181 688 4237 illicita
727 4182 1114 4239 contrarietate
1144 4183 1230 4239 vel
1261 4185 1577 4242 detentione
1612 4203 1714 4259 per
1746 4190 1889 4245 hanc

302 4279 550 4327 nostram
572 4268 956 4327 auctoritatem
975 4311 990 4338 ,
1030 4288 1218 4340 naves,
1243 4289 1437 4341 eum,
1456 4279 1774 4349 sagmarius,
1800 4280 1888 4336 vel

302 4369 507 4418 cetera
529 4361 775 4417 vehicula
794 4401 812 4429 ,
848 4369 907 4418 et
941 4363 1193 4421 lmmines
1215 4365 1309 4436 qui
1340 4367 1446 4423 hoc
1478 4368 1769 4437 providere
1786 4370 1888 4427 de-

303 4453 467 4519 bent,
508 4466 633 4507 cum
660 4453 753 4508 his
780 4468 903 4524 qua
931 4452 1212 4520 deferunt,
1257 4469 1354 4526 per
1380 4457 1693 4514 universum
1722 4460 1889 4530 impe-

1991 3110 2049 3156 et
2068 3100 2144 3156 ita
2174 3100 2231 3156 in
2264 3101 2540 3168 omnibus,
2564 3100 2690 3171 quia
2722 3098 2869 3170 iuste
2894 3106 2949 3153 et
2985 3096 3375 3153 rationabiliter
3396 3095 3577 3165 petiit,

1994 3205 2093 3262 per
2126 3192 2267 3248 hanc
2302 3199 2547 3248 nostram
2586 3191 2963 3249 auctoritatem
3007 3187 3331 3245 conﬁrmare
3368 3185 3579 3242 studui~

1993 3298 2134 3337 mus.
2155 3282 2542 3353 Pracipientes
2560 3298 2691 3355 ergo
2707 3282 2975 3353 iubemus-
2991 3288 3051 3336 ut
3089 3279 3269 3335 nullus
3285 3277 3451 3353 judex
3482 3293 3576 3347 pu-

1990 3372 2187 3439 blicus,
2203 3373 2650 3444 nequequth
2661 3388 2729 3429 ex
2738 3371 3037 3441 judiciaria
3053 3379 3347 3443 potestate,
3367 3384 3468 3427 seu
3481 3369 3576 3425 ali-

1992 3464 2117 3535 quis
2133 3479 2203 3519 ex
2215 3464 2464 3521 ﬁdelibus
2476 3474 2678 3521 sanctae
2692 3463 2788 3519 Dei
2804 3462 3084 3533 Ecclesiae,
3099 3477 3163 3517 ac
3178 3459 3473 3524 nostris,,in
3494 3475 3579 3515 cc-

1990 3555 2207 3622 ciesias,
2232 3565 2326 3611 aut
2338 3555 2489 3621 loca,
2508 3556 2591 3611 vel
2604 3570 2784 3627 agros,
2800 3570 2896 3610 seu
2920 3553 3159 3623 reliquas
3178 3549 3574 3620 possessiones,

1989 3658 2127 3714 quas
2138 3646 2397 3702 moderno
2409 3654 2652 3715 tempore
2656 3644 2805 3714 juste
2818 3652 2874 3698 et
2886 3639 3196 3697 rationabili
3203 3647 3284 3693 ter
3290 3637 3576 3711 possidere

1973 3735 2237 3800 videtur,
2258 3735 2314 3789 in
2343 3734 2675 3803 quibuslibet
2705 3734 2861 3803 pagis
2889 3739 2946 3786 et
2983 3728 3276 3785 territoriis
3295 3727 3451 3793 sitas,
3487 3727 3575 3797 vel

1989 3824 2254 3894 quidquid
2307 3826 2484 3881 etiam.
2517 3823 2773 3894 deinceps
2808 3830 3030 3892 propter
3056 3819 3300 3879 divinum
3326 3834 3570 3876 amorem

1989 3914 2244 3971 collatum
2266 3914 2453 3981 fuerit,
2478 3914 2548 3969 ad
2571 3928 2765 3971 causas
2793 3911 3125 3977 audiendas,
3142 3910 3230 3966 vel
3255 3910 3412 3967 freda
3450 3909 3572 3968 exi-

1989 4007 2198 4079 genda,
2225 4015 2321 4063 aut
2345 4007 2658 4064 mansiones
2681 4013 2737 4062 et
2763 4011 2982 4083 paratas
3006 4002 3305 4069 faciendas,
3332 4010 3427 4057 aut
3472 4002 3574 4059 bo—

1987 4100 2167 4157 mines
2196 4098 2367 4169 ipsius
2387 4098 2768 4169 ecclesia-tam
2791 4097 3056 4168 ingenuos
3080 4110 3248 4166 quam
3285 4102 3343 4149 et
3380 4097 3572 4151 servos

1989 4189 2188 4259 injuste
2217 4189 2639 4260 distringendos,
2672 4195 2766 4243 aut
2796 4187 2934 4242 ullas
2961 4183 3372 4251 redhibitioncs,
3390 4183 3477 4240 vel
3507 4183 3572 4238 il-

1986 4282 2166 4339 licitas
2192 4281 2508 4339 occasiones
2537 4279 2890 4350 requirendas
2920 4276 3029 4333 ullo
3055 4292 3292 4348 unquam
3328 4284 3574 4346 tempore

1987 4374 2201 4446 ingredi
2243 4374 2461 4439 audeat,
2486 4373 2584 4428 vel.
2622 4379 2875 4428 exactore
2927 4377 3252 4441 prwsumat;
3308 4369 3569 4440 quidquid

1988 4474 2170 4523 autem
2196 4466 2265 4521 de
2282 4466 2452 4533 rebus
2477 4462 2715 4534 prwfatae
2737 4462 2984 4519 ecclesia:
3009 4460 3179 4516 ﬁscus
3216 4474 3439 4530 sperare
3477 4474 3572 4529 po«

302 4543 448 4597 τῖυπι
464 4549 726 4597 ἠθείηπη
754 4542 931 4598 “bere
950 4550 1113 4613 “que
1136 4525 1325 4601 θεωέθ
1348 4546 1430 4601 ite
1456 4555 1513 4603 αι
1533 4549 1732 4615 redire.
1758 4525 1816 4606 εί
1839 4551 1888 4607 si
1910 4525 1965 4586 Β
1991 4567 2149 4626 terat,
2178 4528 2353 4617 totum
2391 4525 2498 4616 nos
2534 4574 2633 4628 pro
2659 4558 2840 4614 divino
2875 4572 3062 4614 amore
3105 4525 3454 4619 concedimus
3468 4525 3571 4619 ,ut

301 4634 519 4702 aliquas
544 4646 728 4689 moras
758 4634 812 4687 in
839 4634 1080 4703 quolibet
1116 4637 1236 4692 loco
1272 4637 1537 4705 fecerint,
1564 4650 1659 4697 aut
1685 4642 1887 4712 aliquid

300 4722 533 4778 mercati
561 4720 767 4777 fuerint
798 4732 895 4779 aut
919 4725 1297 4793 vendiderint,
1345 4728 1483 4783 nihil
1520 4730 1589 4785 ab
1622 4730 1706 4786 eis
1731 4747 1889 4802 pror-

300 4832 421 4880 sus,
448 4820 509 4871 ut
551 4814 759 4870 dictum
787 4824 900 4883 est,
939 4817 1209 4890 exigatur.
1238 4819 1384 4889 Haec
1416 4836 1546 4877 vero
1591 4823 1887 4883 auctoritas

296 4919 364 4966 ut
392 4910 693 4981 pleniorem
738 4910 796 4966 in
843 4913 936 4968 Dei
978 4914 1198 4970 nomine
1239 4916 1483 4971 obtineat
1509 4917 1785 4990 vigorem,
1829 4928 1887 4975 et

298 5003 554 5060 omnibus
574 5003 758 5059 verius
791 5013 977 5061 nostra
1013 5020 1136 5062 esse
1168 5007 1448 5073 credatur,
1483 5018 1543 5065 et
1573 5009 1885 5080 diligentius

300 5101 676 5161 conservetur,
720 5094 791 5151 de
830 5096 1031 5153 annulo
1068 5106 1258 5155 nostro
1298 5101 1487 5157 subter
1511 5099 1775 5170 iussimus
1811 5103 1884 5158 si-

301 5180 503 5237 uillari.
797 5192 805 5199 '

342 5200 503 5237 Illa".

301 5200 336 5257 κ
373 5273 658 5333 Durandus
680 5277 941 5333 diaconus
966 5278 1038 5333 ad
1057 5279 1230 5335 vicem
1254 5280 1523 5356 Fridugisi
1548 5285 1874 5356 recognovit.

373 5400 400 5430 ι
428 5388 597 5464 _Suurn
622 5403 785 5447 vocat
818 5390 1048 5464 lndepse
1086 5398 1469 5454 monasterium
1493 5441 1508 5464 ,
1558 5416 1665 5455 non
1705 5401 1876 5459 solum

299 5459 445 5530 quod
485 5462 635 5531 regio
674 5476 775 5517 suo
815 5462 1011 5530 palatio
1049 5464 1356 5533 proximum
1386 5459 1554 5535 esset,
1577 5472 1670 5526 sed
1713 5470 1876 5526 etiam

268 5529 432 5586 «tuin
459 5530 591 5585 illud
615 5529 956 5586 fundaverat.

299 5545 432 5601 quia
459 5545 591 5585 tuuu
615 5545 956 5586 runuaverat.

377 5600 404 5639 δ
432 5598 533 5654 llic
568 5606 651 5653 est
687 5600 955 5665 maximus
993 5600 1079 5656 ille
1114 5603 1434 5662 Benedictus
1469 5606 1676 5664 ordinis
1707 5611 1877 5665 nostri

299 5668 657 5749 reformator,
709 5664 876 5725 abbas
921 5672 1246 5749 Anianensis
1293 5686 1349 5728 et
1396 5677 1672 5749 lmlensis,
1727 5664 1878 5747 cujus

303 5744 538 5796 maxime
558 5754 720 5811 opera
742 5750 1124 5821 congregatum
1147 5744 1323 5803 fuerat
1350 5747 1533 5817 paucis
1554 5759 1677 5807 ante
1697 5744 1874 5819 annis,

1988 4650 2319 4720 perennibus
2351 4651 2690 4721 temporibus
2709 4649 2769 4705 in
2788 4648 3044 4705 alimonia
3072 4662 3372 4725 pauperum
3395 4655 3453 4702 et
3475 4647 3567 4703 sti-

1988 4741 2182 4809 pendia
2204 4756 2483 4801 servorum
2514 4741 2607 4796 Dei
2635 4741 2834 4797 ibidem
2862 4739 2976 4796 Deo
3014 4738 3394 4794 famulantium
3440 4753 3565 4809 pro-

1989 4831 2138 4887 ﬁciat
2158 4831 2214 4888 in
2240 4840 2608 4903 augmentum.
2652 4831 2933 4898 Quatenus
2957 4830 3091 4900 ipsis
3117 4829 3294 4894 servis
3321 4827 3440 4895 Dei,
3471 4828 3567 4900 qui

1988 4921 2065 4977 ibi
2088 4922 2200 4979 Deo
2223 4921 2476 4979 famulari
2502 4923 2777 4989 videntur,
2800 4937 2898 4991 pro
2924 4920 3081 4977 nobis
3109 4930 3164 4974 et
3184 4921 3414 4992 conjuge
3439 4935 3566 4991 pro—

1988 5013 2146 5083 leque
2176 5020 2363 5068 nostra
2391 5022 2449 5068 et
2483 5012 2776 5069 stabilitate
2825 5011 2999 5082 ipsius
3044 5010 3259 5082 imperii
3312 5010 3487 5065 nostri
3532 5027 3565 5064 a

1987 5104 2103 5161 Deo
2124 5106 2282 5163 nobis
2304 5105 2727 5175 concessialque
2745 5104 3100 5165 conservandi
3120 5101 3324 5174 jugiter
3348 5102 3565 5156 Domini

1986 5196 2418 5254 misericordiam
2476 5213 2707 5256 exorare
2751 5198 3002 5256 delectet.
3059 5198 3380 5254 Pnadictam
3432 5212 3563 5275 vero

1980 5291 2259 5349 abbatiam
2303 5293 2475 5359 illius,
2499 5294 2919 5362 circumquaque
2957 5308 3055 5361 per
3101 5292 3346 5347 diversos
3393 5305 3562 5362 pagos

1980 5403 2188 5475 scilicet
2216 5403 2340 5475 817,
2368 5404 2800 5475 Aquisgranensc
2822 5403 3128 5459 concilium.

2054 5484 2077 5512 ο
2105 5472 2184 5528 Ac
2215 5471 2449 5531 proinde
2462 5471 2647 5527 datum
2677 5480 2731 5525 et
2757 5486 3074 5527 concessum
3103 5479 3187 5528 est
3214 5471 3557 5528 sanctissimo

1981 5541 2161 5597 abbati
2196 5541 2487 5614 Benedicto
2525 5543 2667 5597 istud
2702 5542 2981 5614 diplomat
3010 5543 3182 5598 tribus
3218 5550 3344 5598 ante
3384 5543 3557 5614 ipsius

1980 5621 2209 5667 mortem
2233 5611 2448 5675 diebus;
2469 5627 2596 5666 nam
2626 5610 2785 5665 tertio
2815 5610 2936 5667 ldus
2964 5611 3239 5668 Februarii
3268 5610 3549 5678 anni'S‘M,

1980 5681 2273 5751 indictione
2304 5679 2387 5743 li,
2422 5688 2745 5750 pnesentcm
2776 5698 2897 5739 cum
2929 5691 3130 5740 aeterna
3162 5685 3266 5739 vita
3298 5684 3546 5751 mutavit,

1978 5754 2034 5810 in
2059 5767 2157 5810 suo
2182 5749 2393 5808 lndensi
2421 5749 2685 5809 cinnobio.
