3996 6178
525 348 654 404 “07

1629 346 1947 404 LUDOVlCl
1983 349 2002 402 ι
2039 345 2508 404 COGNOMENTO
2547 349 2631 405 PII

3633 361 3654 415 ι
3669 361 3764 423 1οὸ

517 465 696 527 sitam,
727 474 888 516 nemo
914 457 1150 514 ﬁdelium
1177 465 1483 514 nostrorum
1506 459 1700 516 exinde
1735 461 1937 532 aliquid
1963 462 2087 516 abs-
2113 459 2167 519 A
2190 461 2319 515 stris
2343 461 2658 531 inquisitum
2687 471 2743 518 et
2768 465 2926 521 nobis
2961 467 3266 524 nuntiatum
3309 479 3392 525 est
3411 511 3426 537 ,
3457 473 3530 528 ita
3561 477 3632 531 ab
3680 480 3770 535 ho-

517 555 731 610 trahere
759 561 852 606 aut
875 550 1163 621 prohibere
1187 561 1509 622 praesumat;
1531 624 1542 637 .
1569 553 1701 624 quin
1719 555 1771 610 ei
1798 555 1960 611 liceat
1987 571 2087 626 per

514 645 657 701 hanc
701 651 944 699 nostram
991 643 1368 698 auctoritatem
1403 644 1629 700 verbum
1660 644 2084 716 pradicationis,

515 736 743 791 Domino
777 733 1092 800 auxiliante,
1123 748 1382 789 exercere
1432 742 1489 790 et
1524 735 1883 792 ministerium
1929 751 2088 790 suum

515 823 746 894 pleniter
762 837 1042 894 peragere.
1071 823 1139 877 Et
1165 830 1225 876 ut
1247 823 1364 876 haec
1391 824 1687 879 auctoritas
1714 824 1914 878 nostris
1945 823 2089 878 futu-

515 912 700 982 risque
735 911 1068 982 temporibus
1097 910 1328 966 Domino
1356 919 1672 983 protegente
1703 911 1882 968 valeat
1905 913 2089 966 incon-

515 1003 668 1057 vulsa
697 1017 942 1069 manere,
971 1017 1136 1057 manu
1180 1003 1399 1073 propria
1438 1001 1861 1072 subscripsimus
1899 1012 1955 1059 et
1993 1017 2088 1057 an-

515 1094 630 1151 nuli
661 1095 833 1150 nostri
857 1094 1211 1164 impressione
1235 1094 1436 1164 signari
1453 1093 1734 1163 iussimus.

586 1184 812 1256 Signum
859 1185 1116 1241 Ludovici
1171 1185 1504 1241 serenissimi
1559 1184 1918 1255 imperatoris.

583 1276 873 1332 Durandus
893 1276 1152 1333 diaconus
1170 1275 1238 1331 ad
1261 1276 1435 1331 vicem
1457 1275 1772 1331 Helisaebar
1801 1275 2086 1346 recognovi

513 1377 568 1423 et
592 1368 911 1438 Subscripsi.

586 1457 718 1512 Data
751 1473 785 1513 v
819 1457 1000 1514 Nonas
1033 1455 1340 1528 Septembr.
1385 1455 1514 1512 anni
1548 1457 1762 1526 imperii
1809 1455 1982 1512 nostri
2030 1457 2081 1519 8,

514 1549 808 1604 indictione
834 1547 918 1602 14.
936 1547 1131 1603 Actum
1154 1546 1484 1619 Aquisgrani
1507 1545 1707 1616 palatio
1733 1546 1884 1617 regio
1910 1546 1964 1599 in
1989 1544 2087 1601 Dei

512 1639 731 1694 nomine
752 1636 1002 1694 feliciter.
1033 1637 1226 1694 Amen.

1202 1727 1404 1785 XCVII.

862 1833 966 1877 PRO
991 1835 1326 1877 IONASTEIUO
1350 1835 1728 1878 HORNIACENSI.

1105 1915 1289 1984 (Anno
1317 1912 1484 1986 821.)

890 2002 1150 2076 [Histoire
1176 2005 1240 2058 de
1275 2004 1446 2071 Metz,
1471 2019 1594 2076 pag.
1634 2003 1728 2075 23]

578 2095 638 2153 In
667 2096 886 2152 nomine
918 2097 1131 2153 Domini
1161 2106 1216 2152 et
1240 2095 1539 2153 Salvatoris
1559 2097 1733 2152 nostri
1762 2094 1891 2151 Jesu
1930 2094 2088 2150 Chri-

509 2187 604 2253 sti,
626 2185 952 2252 Ludovicus,
979 2186 1162 2242 divina
1187 2187 1474 2244 ordinante
1516 2185 1880 2259 providentia,
1912 2185 2086 2254 impe-

506 2287 657 2333 rator
682 2277 972 2348 Augustus.

578 2367 775 2422 Notum
837 2382 957 2423 esse
1009 2369 1257 2426 volumus
1309 2368 1520 2425 cunctis
1565 2367 1816 2425 ﬁdelibus
1862 2365 2083 2433 nostris,

506 2458 867 2530 praesentibus
889 2458 1096 2514 scilicet
1117 2467 1173 2514 et
1195 2459 1413 2534 futuris,
1443 2459 1569 2530 quia
1611 2461 1798 2515 adiens
1828 2459 2086 2514 serenita-

507 2557 616 2603 tem
649 2548 900 2604 culminis
929 2550 1100 2606 nostri
1138 2550 1223 2604 vir
1268 2549 1492 2605 illustris
1539 2551 1868 2605 Lantbertus
1901 2563 2086 2604 comes

506 2639 777 2710 suggessit
813 2640 989 2705 nobis,
1023 2654 1089 2695 eo
1126 2641 1270 2710 quod
1324 2648 1474 2696 actor
1514 2638 1816 2695 dominicus
1867 2639 2084 2694 nomine

507 2726 850 2794 Nantearius,
865 2743 929 2783 ex
953 2730 1086 2786 ﬁsco
1105 2737 1292 2786 nostro
1316 2728 1744 2792 Franconofurd,
1760 2728 2080 2800 proprisset,

510 2830 752 2891 tempore
781 2820 986 2876 domini
1014 2830 1068 2876 et
1094 2823 1355 2894 genitoris
1379 2821 1552 2876 nostri
1580 2819 1760 2876 Caroli
1779 2820 1935 2876 bona:
1973 2833 2084 2874 me-

505 2911 692 2966 moriae
735 2911 964 2982 piissimi
996 2912 1358 2983 imperatoris,
1400 2912 1663 2983 quasdam
1709 2925 1816 2976 res,
1869 2909 1924 2965 id
1973 2916 2078 2975 est,

504 3009 679 3056 terras
706 3008 761 3057 et
801 3002 966 3059 silvas
1011 3011 1066 3058 et
1100 3012 1257 3073 prata
1278 3018 1440 3074 super
1475 3002 1755 3058 marcham
1801 3002 1926 3066 sita,
1957 3014 2080 3070 qua:

503 3099 680 3147 estex
712 3093 1040 3149 monasterio
1067 3109 1188 3158 suo,
1215 3094 1357 3163 quod
1385 3094 1586 3150 dicitur
1609 3090 1937 3149 Orombach.
1965 3090 2076 3146 Nos

505 3194 633 3236 vero
659 3181 801 3237 hanc
843 3197 958 3237 rem
995 3182 1261 3254 iussimus
1285 3183 1599 3254 investigari
1618 3182 1818 3238 dilecto
1845 3181 1958 3236 ﬁlio
1979 3196 2077 3237 uo-

502 3277 616 3324 stro
639 3267 903 3324 Lothario
930 3270 1267 3338 imperatori,
1292 3285 1396 3327 nec
1417 3287 1525 3326 non
1555 3279 1610 3326 et
1637 3269 1936 3325 Mantfredo
1965 3268 2080 3323 illu-

502 3358 601 3412 stri
625 3358 764 3412 viro.
795 3359 988 3414 Postea
1015 3361 1237 3416 veniens
1263 3362 1332 3417 ad
1359 3376 1459 3417 nos
1484 3361 1815 3433 Wyrundus,
1830 3360 2077 3430 pmdicﬁ

505 3445 828 3504 venerabilis
855 3451 1168 3506 monasterii
1195 3451 1382 3518 abbas,
1406 3451 1652 3506 eamdem
1677 3467 1896 3507 causam
1922 3451 2078 3507 nobis

502 3540 791 3612 suggessit.
831 3541 941 3598 Nos
977 3543 1173 3599 iterum
1223 3543 1800 3614 iussimusﬂantfredo
1850 3554 1907 3602 et
1943 3546 2078 3602 alios

502 3629 690 3688 ﬁdeles
733 3641 949 3688 nostros
992 3633 1133 3690 hanc
1178 3649 1293 3690 rem
1319 3635 1603 3708 diligenter
1632 3637 1924 3707 inquirere.
1950 3635 2078 3704 Qui,

503 3722 643 3777 sicut
694 3724 850 3780 nobis
884 3726 1351 3793 renuntiaverunt,
1377 3727 1704 3784 invenerunt
1733 3742 1832 3799 per
1882 3727 2080 3784 Hruot-

497 3812 691 3869 bertur
717 3816 989 3884 comitem,
1023 3826 1078 3873 et
1119 3827 1347 3877 caeteros
1371 3819 1578 3877 nobiles
1618 3836 1684 3877 ac
1709 3836 1937 3877 veraces
1978 3822 2080 3878 ho-

499 3905 680 3962 mines,
701 3907 851 3965 circa
875 3916 1177 3976 manentes,
1209 3911 1354 3982 quod
1390 3911 1692 3983 praedictus,
1717 3910 2078 3969 Nantoharius

498 4011 623 4052 cum
653 3999 827 4056 servis
854 4000 1140 4061 dominicis
1175 4002 1372 4072 injuste
1408 4005 1580 4076 ipsam
1608 4005 1984 4062 investituram
2011 4007 2079 4063 de

495 4097 769 4160 potestate
822 4093 1068 4162 praedicti
1117 4095 1435 4151 monasterii
1493 4096 1827 4163 abstulisset,
1873 4104 1931 4152 et
1979 4112 2080 4168 per

491 4181 758 4250 justitiam
787 4189 843 4238 et
869 4183 1254 4241 certitudinem
1283 4186 1426 4242 inter
1467 4195 1710 4244 nostram
1738 4197 1794 4244 et
1829 4190 2078 4262 praedicti

495 4277 809 4331 monasterii
853 4287 1064 4348 partem
1111 4295 1232 4337 esse
1274 4281 1525 4350 debebat,
1549 4284 1777 4354 etquod
1819 4287 2077 4356 praedicta

497 4364 720 4420 marcha
747 4365 918 4421 divisa
947 4376 1093 4423 esset
1125 4369 1179 4424 in
1209 4369 1318 4437 via,
1341 4385 1464 4441 quae
1518 4371 1717 4428 dicitur
1751 4373 2077 4431 Talanwelte

2115 1794 2163 1854 B

2185 553 2376 610 dierno
2395 555 2482 611 die
2504 557 2560 610 in
2587 563 2857 626 potestate
2881 559 3128 629 praedicti
3149 564 3462 618 monasterii
3483 569 3766 625 consistat.

2186 643 2254 699 Et
2292 645 2499 700 nullam
2545 646 2801 718 deinceps
2843 650 3260 706 commotionem
3301 662 3395 707 aut
3440 656 3769 717 calumniam

2187 744 2280 790 aut
2307 736 2524 806 aliquod
2548 736 2993 808 impedimentum
3042 755 3074 795 a
3120 749 3278 810 parte
3299 741 3415 799 ﬁsci
3443 748 3619 802 nostri
3639 765 3771 820 pars

2185 827 2428 896 praedicti
2488 830 2804 884 monasterii
2863 843 2922 885 se
2970 831 3280 886 habituram
3341 836 3558 902 penitus
3605 843 3770 909 perti-

2186 925 2434 971 mescat:
2471 925 2527 972 et
2569 927 2631 973 ut
2671 919 2789 974 haec
2830 920 3128 976 auctoritas
3176 920 3384 978 ﬁrmior
3421 925 3688 982 habeatur
3719 941 3772 986 et

2187 1024 2215 1062 a
2258 1008 2505 1065 ﬁdelibus
2535 1011 2739 1066 nostris
2765 1011 2950 1067 verius
2981 1013 3291 1082 certiusque
3319 1015 3580 1072 credatur
3605 1028 3771 1090 atque

2186 1109 2556 1168 conservetur,
2582 1101 2649 1157 de
2671 1101 2870 1158 annulo
2898 1112 3086 1159 nostro
3107 1104 3298 1160 subter
3335 1121 3459 1162 eam
3501 1109 3768 1180 iussimus

2185 1188 2430 1259 sigillari.

2257 1278 2544 1334 Durandus
2571 1278 2834 1335 diaconus
2859 1280 2926 1335 ad
2965 1281 3140 1337 vicem
3189 1281 3461 1351 Fridugisi
3509 1301 3766 1358 recogno-

2185 1366 2284 1421 vit.

2256 1461 2391 1518 Data
2449 1478 2502 1517 vr
2544 1462 2668 1519 ldus
2718 1463 3035 1531 Ianuarias,
3061 1480 3228 1532 anno,
3258 1466 3475 1524 Christo
3503 1470 3764 1539 propitio,

2186 1551 2221 1606 8
2246 1552 2458 1623 imperii
2483 1553 2685 1611 domini
2705 1553 2963 1611 Ludovici
2987 1555 3219 1624 piissimi
3240 1557 3480 1628 Augusti.

2866 1663 3097 1719 XCVII].

2649 1749 2988 1791 IONAS'I'EIIO
3039 1749 3230 1790 ειιωτι
3267 1749 3444 1791 GALLI.

2653 1821 2829 1896 (Anno
2858 1823 2982 1890 821,
3015 1823 3085 1878 l5
3120 1822 3307 1895 Febr.)

2263 1913 2440 1986 [Apud
2466 1912 2748 1985 Neugart.,
2778 1911 2957 1968 Codex
2974 1913 3372 1979 Alemannicua,
3395 1928 3517 1986 pag.
3545 1915 3698 1987 179.]

2258 2006 2315 2060 In
2362 2005 2582 2060 nomine
2627 2005 2840 2060 Domini
2880 2003 2977 2060 Dei
3019 2014 3076 2060 et
3112 2004 3410 2061 Salvatoris
3438 2007 3613 2062 nostri
3639 2005 3763 2064 ιω

2187 2093 2411 2159 Christi,
2437 2093 2745 2150 Ludovicus
2780 2095 2962 2150 divina
2985 2095 3272 2152 ordinante
3294 2097 3643 2168 providentia
3669 2099 3762 2152 im-

2185 2192 2408 2258 perator
2425 2185 2721 2258 Augustus.

2257 2277 2394 2334 Cum
2411 2277 2576 2349 iustis
2595 2292 2877 2334 servorum
2903 2278 3000 2334 Dei
3025 2278 3394 2350 petitionibus.
3407 2294 3548 2350 quas
3564 2282 3766 2336 nostris

2185 2368 2412 2423 auribus
2456 2368 2880 2435 insinuaverint,
2910 2369 3141 2428 libenter
3184 2371 3560 2437 annuerimus,
3579 2379 3640 2425 et
3676 2384 3765 2426 eas

2183 2472 2307 2512 cum
2335 2453 2430 2511 Dei
2459 2457 2658 2514 auxilio
2703 2458 2774 2513 ad
2815 2457 3062 2514 effectum
3108 2460 3393 2529 pervenire
3442 2459 3766 2525 fecerimus,

2182 2562 2293 2602 non
2338 2547 2512 2602 solum
2563 2547 2769 2619 regiam
2829 2556 2886 2603 et
2932 2547 3268 2619 imperialem
3314 2550 3765 2606 consuetudinem

2182 2649 2520 2702 exercemus,
2565 2652 2754 2693 verum
2801 2637 2966 2693 etiam
3015 2637 3120 2693 hoc
3165 2637 3323 2695 nobis
3365 2638 3561 2710 procul
3601 2640 3766 2700 dubio

2183 2737 2294 2782 tam
2327 2729 2396 2783 ad
2421 2736 2623 2784 statum
2662 2729 2867 2786 terreni
2894 2729 3045 2799 regni
3090 2729 3576 2796 corroborandum,
3599 2744 3765 2800 quam

2180 2817 2250 2872 ad
2301 2825 2519 2884 atteram
2558 2818 2686 2873 vine
2721 2817 3106 2874 beatitudinem
3147 2818 3538 2888 capessendam
3578 2819 3766 2888 protu—

2179 2917 2363 2964 turum
2383 2922 2506 2965 esse
2533 2908 2874 2964 conﬁdimus.
2903 2909 3110 2965 idcirco
3131 2918 3321 2964 notum
3353 2908 3475 2964 ﬁeri
3511 2908 3766 2964 velimus

2176 2999 2424 3054 omnium
2449 2999 2690 3056 ﬁdelium
2715 3009 3042 3066 nostrorum,
3069 3008 3180 3054 tam
3217 2999 3569 3071 praemium
3597 3014 3766 3068 quam

2179 3089 2506 3159 futurorum,
2537 3092 2792 3159 solertiae,
2824 3093 3000 3148 virum
3028 3091 3396 3147 venerabilem
3429 3088 3769 3147 Cozbertum

2183 3186 2436 3244 abbatem
2460 3204 2527 3244 ex
2546 3188 2878 3245 monasterio
2900 3187 2960 3243 S.
2983 3185 3124 3244 Galli
3143 3195 3386 3242 nostram
3409 3184 3587 3240 adisse
3608 3199 3767 3240 man-

2181 3283 2556 3352 suetudinem,
2590 3284 2853 3354 nobisque
2897 3283 3198 3339 innotuisse
3215 3321 3232 3348 ,
3257 3280 3492 3351 qualiter
3518 3288 3769 3348 tempore

2180 3376 2408 3433 Joannis
2435 3378 2676 3449 episcopi
2695 3385 2752 3434 et
2775 3377 3019 3446 eiusdem
3045 3376 3360 3432 monasterii
3387 3375 3626 3439 abbatis,
3645 3373 3769 3428 villa

2180 3483 2302 3540 qua
2329 3469 2528 3525 dicitur
2555 3469 2894 3525 chinriuda
2918 3481 2966 3534 ι,
2995 3482 3160 3538 quam
3182 3465 3336 3522 Gieta
3358 3473 3415 3520 et
3452 3463 3766 3534 Lantpreh-

2179 3569 2270 3616 tus
2321 3560 2465 3617 ﬁlius
2509 3561 2626 3632 eius
2674 3577 2798 3617 cum
2847 3558 3179 3630 appendiciis
3211 3557 3326 3612 suis
3353 3557 3441 3627 pia
3475 3555 3765 3626 largitione

2179 3668 2279 3724 per
2339 3654 2650 3710 testamenti
2708 3653 3162 3723 conscriptionem
3209 3651 3387 3706 eidem
3433 3647 3769 3704 monasterio

2179 3743 2548 3809 contulerunt,
2577 3743 2758 3799 ablata
2800 3752 2974 3808 esset,
3002 3750 3060 3797 et
3099 3739 3300 3812 Turigo
3333 3740 3365 3780 ι
3394 3738 3530 3794 ﬁsco
3575 3744 3764 3792 nostro

2180 3833 2403 3889 sociata.
2432 3832 2586 3890 Unde
2619 3831 2940 3904 deprecatus
2963 3839 3048 3887 est
3094 3846 3196 3886 nos
3237 3839 3300 3886 ut
3346 3843 3516 3899 super
3551 3827 3660 3882 hac
3705 3838 3764 3879 re

2171 3919 2531 3990 iustissimam
2552 3922 2958 3992 inquisitionem
2986 3920 3167 3976 facere
3182 3918 3504 3989 iuberemus
3530 3935 3546 3971 :
3571 3925 3764 3986 quate-

2179 4025 2283 4066 nus
2306 4010 2361 4066 id
2391 4011 2536 4080 quod
2561 4011 2653 4067 ille
2673 4011 2740 4067 de
2762 4011 3005 4082 praedicti
3035 4008 3353 4066 monasterii
3379 4009 3548 4064 rebus
3573 4021 3765 4062 secun-

2178 4097 2307 4154 dum
2331 4099 2605 4169 aequitatis
2627 4101 2876 4156 ordinem
2902 4100 3109 4156 habere
3129 4100 3410 4164 debuerat,
3432 4097 3636 4168 iniuste
3657 4110 3767 4150 non

2176 4187 2472 4242 amitteret.
2501 4186 2668 4259 Cuius
2689 4188 2940 4259 petitioni
2981 4204 3084 4243 nos
3125 4202 3407 4243 assensum
3433 4185 3765 4257 praebentes.

2177 4273 2406 4331 fecimus
2432 4284 2495 4331 ut
2516 4281 2822 4348 rogaverat.
2847 4277 2917 4332 Et
2933 4276 3169 4334 Geroldo
3194 4289 3217 4316 ε
3247 4276 3390 4333 ﬁdeli
3412 4284 3602 4332 uestro
3621 4274 3771 4330 hanc

2176 4380 2400 4422 causam
2429 4368 2707 4438 inquirere
2727 4366 3009 4437 iussimus,
3040 4376 3098 4424 et
3135 4368 3425 4439 diligenter
3449 4366 3770 4438 inquisitam

2501 1748 2606 1788 ιιιιο

494 4463 549 4508 et
579 4455 703 4511 inde
727 4456 796 4512 ab
827 4456 1220 4529 Geroldisphad
1236 4502 1252 4528 ,
1279 4461 1472 4518 deinde
1501 4463 1568 4518 ad
1601 4462 2074 4535 Wisigartaweck,
2100 4475 2155 4536 ι)
2179 4457 2338 4512 nobis
2360 4458 2692 4512 renuntiare.
2715 4459 2817 4526 Qui
2849 4473 3102 4514 reversus
3129 4456 3482 4527 reurlit,quia
3506 4456 3650 4512 sicut
3672 4465 3773 4524 per

495 4547 589 4602 sed
616 4556 672 4603 et
697 4546 1004 4605 Gheroldus
1033 4559 1184 4608 actor
1209 4560 1414 4619 noster,
1428 4553 1520 4622 qui
1543 4555 1858 4624 praedictum
1885 4555 2073 4612 ﬁscum

492 4647 742 4698 nostrum
767 4641 824 4695 in
874 4642 1178 4701 ministerio
1222 4645 1406 4711 habet,
1449 4647 1816 4715 interrogatus
1862 4647 1930 4701 ab
1969 4648 2073 4715 eis,

491 4731 697 4790 nullam
727 4732 806 4788 rei
824 4732 1207 4793 certitudinem
1231 4736 1406 4802 potuit
1431 4735 2076 4807 deinonstrare,qualiter

493 4822 562 4876 ad
606 4831 850 4878 nostram
902 4833 1114 4894 partem
1167 4824 1375 4895 legibus
1423 4834 1607 4880 tenere
1663 4827 1966 4897 potuisset;
2018 4838 2075 4883 et

493 4912 616 4968 ideo
652 4913 854 4988 placuit
898 4915 1074 4980 nobis,
1101 4916 1394 4972 secundum
1443 4915 1583 4972 hanc
1640 4916 2068 4988 inquisitionem,

492 5003 740 5058 eamdem
783 5007 1061 5061 marcliam
1091 5007 1348 5076 praedicto
1375 5009 1709 5067 monasterio
1735 5009 1908 5076 reddi,
1933 5012 2073 5068 sicut

494 5094 814 5166 inquisitum
842 5103 895 5150 et
920 5094 1264 5153 testiﬁcatum
1293 5096 1411 5152 fuit.
1436 5097 1669 5154 Proinde
1698 5099 1839 5156 hanc
1886 5110 2074 5157 aucto-

494 5191 710 5246 ritatem
735 5191 1114 5265 praeceptionis
1138 5199 1338 5246 nostrae
1363 5190 1776 5260 ﬁeriiussimus,
1793 5209 2070 5264 perquam

490 5281 836 5352 praecipimus
865 5291 1029 5354 atque
1049 5282 1325 5354 iubemus,
1353 5290 1412 5337 ut
1451 5283 1594 5338 sicut
1629 5297 1665 5337 a
1691 5282 1943 5341 ﬁdelibus
1976 5302 2076 5343 non

564 5433 592 5462 ι
629 5423 688 5479 in
714 5423 922 5480 chartis
939 5421 1119 5478 Beata:
1143 5427 1199 5476 et
1225 5419 1499 5476 Lamberti
1529 5435 1636 5474 non
1664 5420 1903 5476 occurrit
1947 5421 2064 5477 Ub-

492 5493 756 5558 cinriuda,
779 5493 874 5550 sed
903 5492 1216 5550 Tunriudde
1237 5506 1334 5547 seu
1363 5489 1664 5556 Tunriude;
1714 5506 1902 5548 verum
1926 5491 2068 5547 inter

493 5571 780 5632 utrumque
805 5578 1000 5618 nomen
1030 5562 1196 5618 nimia
1236 5560 1491 5633 distantia
1519 5570 1621 5627 est,
1646 5577 1806 5633 quam
1851 5569 1922 5633 _ut
1967 5578 2066 5633 pro

493 5646 604 5701 uno
624 5629 920 5701 eodemque
941 5633 1223 5687 habeatur.
1248 5631 1386 5686 Hinc
1406 5629 1625 5687 Beatam
1641 5629 1695 5687 et
1720 5629 2064 5686 Lambertnm

497 5698 888 5770 Uhcinriudam
940 5715 1037 5770 per
1082 5701 1241 5754 aliam
1290 5701 1534 5756 chartam
1581 5701 1638 5755 S.
1683 5701 1836 5756 Gallo
1897 5702 2068 5756 ascri-

496 5765 671 5830 psisse
698 5765 958 5836 coniicio:
979 5769 1179 5838 Estque
1205 5771 1260 5826 in
1295 5770 1606 5827 ecrumdem
1639 5771 1900 5840 locorum,
1927 5784 2063 5842 quo-

2132 4593 2140 4600 .
2180 4561 2446 4618 pagenses
2493 4547 2598 4603 loci
2643 4548 2810 4613 illius,
2853 4547 3114 4603 adhibitis
3141 4547 3229 4602 his
3259 4545 3459 4615 quibus
3503 4543 3649 4599 inter
3673 4555 3771 4596 eos

2181 4641 2418 4695 maxima
2463 4640 2599 4696 ﬁdes
2651 4641 2979 4705 habebatur,
3012 4638 3258 4694 invenire
3306 4643 3582 4707 potuerat,
3619 4630 3772 4702 quod

2176 4731 2495 4800 praedictum
2522 4732 2914 4787 monasterium
2931 4730 3000 4785 de
3017 4729 3104 4786 his
3127 4729 3290 4784 rebus
3308 4725 3456 4782 unde
3471 4723 3770 4781 Cmbertns

2176 4829 2335 4884 nobis
2388 4837 2756 4900 suggesserat,
2793 4827 2994 4898 injuste
3029 4825 3322 4897 spoliatum
3348 4821 3563 4877 fuisset.
3587 4817 3772 4886 Quam

2182 4921 2502 4980 relationem
2526 4935 2649 4975 cum
2669 4921 3028 4985 audissemus,
3049 4928 3106 4972 et
3127 4932 3250 4973 eam
3271 4929 3458 4970 veram
3483 4925 3606 4966 esse
3624 4921 3773 4962 eom-

2174 5013 2524 5085 perissemus,
2549 5010 2806 5081 iussimus
2823 5009 3140 5080 praedictam
3158 5005 3347 5061 villam
3366 5016 3494 5057 cum
3513 4994 3778 5053 omnibus

2175 5109 2341 5165 rebus
2369 5107 2438 5160 ad
2464 5119 2585 5160 eam
2611 5103 3028 5173 pertinentibus,
3050 5115 3173 5170 qua
3197 5097 3402 5153 dudum
3435 5099 3636 5162 erepta
3659 5088 3776 5143 fne-

2172 5206 2281 5264 rat.
2309 5197 2486 5253 eidem
2538 5194 2838 5250 venerabili
2885 5189 3212 5249 monasterio
3261 5183 3500 5242 restitui.
3545 5181 3669 5237 Sed
3724 5185 3781 5233 et

2172 5290 2318 5351 idem
2341 5283 2626 5357 religiosus
2645 5285 2732 5340 vir
2749 5283 3048 5342 Cosbertus
3073 5282 3244 5337 abbas
3271 5284 3476 5333 nostri:
3499 5283 3802 5370 ιιιειιιιξιιο-ι

2171 5435 2294 5476 rum
2331 5417 2532 5476 charta
2575 5418 2824 5472 excitata:
2853 5414 3238 5486 meminerunt,
3271 5407 3471 5486 vicinia
3499 5403 3787 5486 Fischer»

2171 5475 2286 5547 ried
2307 5475 2431 5544 villa
2456 5491 2508 5542 in
2533 5488 2788 5559 parochia
2812 5485 3101 5541 Busskirch
3125 5475 3780 5559 suprajiappersyiltm

2173 5543 2243 5618 id
2262 5543 2456 5615 lonam
2487 5543 2684 5624 rivum,
2710 5559 2862 5628 cujus
2899 5570 3094 5610 nomen
3130 5543 3253 5607 cu'm
3296 5543 3648 5608 Uhcinriuda
3702 5543 3785 5599 fa-

2171 5631 2330 5688 cilius
2368 5628 2726 5697 componitur.

2243 5701 2270 5743 δ
2299 5701 2586 5762 Turegum,
2612 5697 2654 5749 Ζ
2659 5698 2825 5750 urich.

2246 5715 2270 5743 ο
2310 5715 2410 5754 tur
2477 5715 2586 5762 um,
2612 5715 2825 5750 Lumen.

2246 5783 2267 5810 ι·
2305 5715 2568 5827 (ὶετξῗάιιε
2597 5782 2778 5825 comes
2803 5764 3192 5837 Zurichgovim.
