3946 6174
287 339 428 397 “09

1415 329 1814 388 anLOMATA
1854 327 2408 388 ECCLESIASTICA.

285 453 452 512 ιικιίηί
477 449 761 522 suggessit,
786 455 848 503 ut
873 462 1034 516 super
1068 448 1156 502 bis
1181 445 1342 502 rebus
1361 447 1628 502 restitutis
1649 462 1854 516 prace-
1882 450 1932 510 Α
1959 446 2166 516 religio,
2191 453 2248 501 et
2274 460 2372 515 pro
2397 444 2574 510 nobis,
2599 443 2824 514 conjuge
2851 443 3109 514 proleque
3135 454 3342 512 nostra,
3363 457 3420 502 et
3443 463 3543 517 pro

284 544 478 615 ptionis
505 549 703 595 nostrae
727 538 1193 594 continuationem
1229 538 1335 593 sibi
1376 539 1508 593 dare
1525 539 1858 608 juberemus.

282 633 446 703 Cujus
467 629 806 700 petitionem,
835 628 962 697 quia
1001 628 1336 684 rationabilis
1361 629 1516 684 nobis
1554 629 1857 693 videbatur,

283 723 350 778 ad
371 721 621 776 eﬁ'ectum
646 721 944 791 perducere
975 719 1286 775 curavimus
1336 738 1349 773 :
1389 727 1689 775 statuentes
1732 734 1862 790 ergo

279 813 547 882 iubemus,
571 822 635 867 ut
658 827 824 882 supra
850 812 1158 866 nominatas
1187 826 1275 865 res
1295 808 1594 880 Cozpertus
1613 811 1860 882 praedicti

279 905 598 960 monasterii
640 904 810 959 abbas
835 943 849 969 ,
894 916 1343 970 successoresque
1395 900 1514 968 ejus
1571 917 1668 970 per
1722 901 1864 956 banc

277 1003 480 1052 nostrae
503 994 848 1048 auctoritatis
873 991 1342 1048 conﬁrmationem
1383 990 1580 1046 abhinc
1623 990 1676 1043 in
1718 988 1863 1044 futu-

277 1103 398 1142 rum
439 1086 760 1141 ﬁrmissime
806 1092 1028 1141 teneant
1083 1093 1246 1153 atque
1291 1083 1643 1154 possideant,
1690 1096 1862 1152 neque

274 1199 304 1238 a
329 1181 576 1250 quolibet
607 1180 843 1236 ﬁdelium
885 1182 1086 1232 sancta:
1112 1174 1208 1228 Dei
1253 1173 1530 1238 Ecclesiae,
1555 1181 1718 1242 atque
1768 1171 1886 1227 no?

272 1281 536 1335 atrorum,
565 1270 650 1324 vel
679 1286 711 1324 a
731 1265 1015 1338 cujuslibet
1039 1263 1262 1318 honoris
1289 1271 1381 1317 aut
1426 1263 1714 1332 potestatis
1741 1277 1865 1332 per-

272 1377 404 1429 sona
437 1361 552 1414 ullo
574 1373 810 1428 unquam
852 1365 1096 1426 tempore
1123 1369 1152 1408 a
1182 1353 1304 1422 jure
1332 1353 1575 1423 praedicti
1599 1361 1864 1408 monaste-

269 1454 338 1509 rii
379 1452 773 1514 subtrahatur,
795 1450 888 1504 sed
914 1449 1094 1518 potius
1122 1463 1189 1502 ex
1217 1447 1320 1502 hac
1349 1455 1547 1501 nostra:
1575 1445 1866 1500 auctorita-

271 1541 342 1597 tis
365 1540 784 1596 conﬁrmatione
808 1544 1126 1608 perpetuam
1178 1543 1359 1590 sumat
1406 1536 1739 1590 ﬁrmitatem.
1797 1534 1866 1589 Et

270 1643 331 1690 ut
362 1636 480 1690 haec
517 1633 822 1694 auctoritas
855 1631 1057 1686 nostris
1090 1630 1396 1698 futurisque
1421 1628 1756 1698 temporibus
1784 1627 1866 1681 in-

268 1725 598 1782 violabilem
627 1732 790 1792 atque
818 1723 1187 1778 inconvulsam
1227 1722 1472 1776 obtineat
1519 1718 1861 1783 firmitatem,

271 1814 456 1870 annuli
484 1814 663 1869 nostri
693 1813 1047 1882 impressione
1072 1827 1192 1866 eam
1213 1810 1416 1882 signari
1433 1808 1716 1878 iussimus.

340 1903 655 1960 Gundulfus
676 1915 702 1944 ι
725 1902 794 1958 ad
819 1904 992 1958 vicem
1019 1903 1286 1973 Fridugisi
1314 1901 1604 1972 recognovi
1644 1909 1700 1954 et
1739 1900 1866 1955 sub-

271 1997 490 2066 scripsi.
1822 1993 1836 2004 ·

342 2087 481 2141 Data
518 2101 590 2140 xv
637 2084 755 2140 Kal.
786 2085 970 2151 Marb,
1008 2099 1150 2141 anno
1197 2085 1417 2142 Christo
1438 2087 1676 2156 propitio
1703 2085 1738 2140 8
1766 2085 1868 2140 im-

271 2177 410 2246 peril
433 2175 620 2232 domui
651 2175 906 2230 Ludovici
932 2175 1161 2244 piissimi
1183 2173 1439 2246 Augusti,
1462 2175 1754 2231 indictione
1777 2175 1865 2230 M.

272 2266 474 2323 Actum
500 2266 828 2337 Aquisgrani
859 2267 887 2308 b
915 2267 1118 2337 palatio
1151 2267 1300 2338 regio
1326 2267 1384 2321 in
1423 2267 1519 2321 Dei
1545 2269 1765 2323 nomine
1792 2265 1872 2322 fe-

276 2356 486 2412 liciter.
509 2356 704 2411 Amen.

973 2447 1158 2503 XCIX.

462 2552 566 2594 Ριο
602 2553 939 2596 ωτωιιοεαει
973 2555 1018 2597 8.
1054 2555 1287 2596 SULPITII
1325 2556 1681 2599 IONASTBRIO.

787 2631 966 2703 (Circa
995 2648 1194 2686 annum
1222 2632 1372 2705 821.)

277 2719 466 2792 [Apud
495 2721 557 2792 Dr.
579 2719 879 2792 Bouquet.,
913 2720 1126 2776 Recueil
1156 2722 1246 2777 des
1271 2723 1570 2789 historicus,
1609 2731 1740 2779 tom.
1769 2723 1870 2792 Vl,

375 2806 505 2862 pag.
529 2791 655 2858 525,
683 2807 748 2847 ex
779 2791 1111 2848 cbartulario
1136 2791 1381 2862 ejusdem
1407 2794 1774 2867 monasterii.]

350 2903 411 2957 ln
449 2903 671 2959 nomine
709 2902 924 2958 Domini
965 2902 1060 2958 Dei
1099 2911 1155 2956 et
1194 2902 1497 2959 Salvatoris
1537 2905 1708 2960 nostri
1743 2902 1871 2960 Iesu

273 2993 513 3058 Christi,
541 2992 848 3049 Ludovicus
875 2993 1056 3049 divina
1083 2994 1368 3049 ordinante
1394 2995 1733 3064 providentia
1768 2996 1872 3051 im-

274 3094 506 3157 perator
531 3087 828 3158 Augustus.

349 3175 654 3245 lmperialis
681 3175 1023 3232 celsitudinis
1056 3175 1223 3232 moris
1249 3183 1334 3231 est
1359 3175 1712 3247 petitionibus
1739 3175 1872 3232 ﬁde-

277 3268 416 3323 lium
455 3276 765 3324 nostrorum
800 3267 1034 3323 libenter
1062 3282 1342 3322 assensum
1378 3269 1734 3338 praebere.....
1763 3283 1873 3338 quo

276 3361 495 3416 dulcius
529 3368 642 3416 tam
686 3363 914 3432 privatis
939 3377 1104 3432 quam
1141 3361 1376 3431 publicis
1415 3362 1670 3417 studeant
1705 3361 1874 3416 iuba»

276 3467 410 3508 rere
454 3451 750 3524 obsequiis.
811 3453 1022 3510 Idcirco
1067 3453 1282 3508 noverit
1324 3452 1659 3524 experientia
1707 3460 1872 3523 atque

274 3542 550 3598 industria
579 3544 821 3598 omnium
848 3543 1085 3598 fidelium
1115 3550 1459 3607 nostrorum,
1493 3551 1603 3596 tam
1631 3555 1872 3610 prasen-

273 3637 417 3690 tium
451 3651 612 3705 quam
645 3634 987 3698 futurorum,
1033 3634 1177 3702 quod
1220 3633 1408 3687 adiens
1449 3632 1662 3701 imperii
1701 3631 1873 3686 nostri

273 3727 663 3782 celsitudinem
689 3727 912 3795 quidam
954 3724 1129 3778 ﬁdelis
1170 3731 1373 3786 noster,
1419 3722 1736 3777 Ranincbus
1777 3737 1874 3776 no-

273 3817 454 3879 mine,
484 3817 652 3868 abbas
681 3829 748 3868 ex
777 3814 1106 3868 monasterio
1145 3811 1202 3867 S.
1235 3810 1450 3882 Sulpitii
1470 3853 1485 3878 ,
1533 3811 1676 3880 quod
1708 3812 1872 3867 situm

271 3913 364 3961 est
393 3904 451 3956 in
481 3902 739 3958 suburbio
763 3901 1019 3972 Biturigae
1046 3901 1302 3966 civitatis,
1331 3901 1525 3955 detulit
1549 3900 1603 3954 in
1632 3906 1872 3955 nostram

271 3995 632 4068 praesentiam
660 3995 894 4064 plurima
919 4002 1188 4063 praecepta
1217 4007 1403 4062 regum
1422 4033 1436 4058 ,
1484 3993 1724 4061 ipsorum
1755 4007 1848 4048 mu

273 4086 560 4143 niﬁcentia
591 4085 841 4140 roborata
859 4127 873 4151 ,
912 4101 976 4140 ac
1003 4084 1231 4154 prmfato
1258 4083 1377 4138 loco
1401 4083 1596 4139 collata
1616 4124 1630 4148 ,
1676 4085 1874 4154 quibus

274 4175 667 4232 continebatur
692 4176 926 4246 qualiter
955 4176 1024 4231 ad
1051 4175 1371 4246 petitionem
1411 4175 1666 4231 abbatum
1711 4184 1874 4247 atque

275 4274 558 4322 rectorum
601 4266 867 4336 praelibati
909 4266 1145 4322 cmnobii
1188 4265 1519 4322 liberalitate
1555 4267 1871 4338 principum

273 4371 601 4412 concessum
647 4364 765 4422 est,
808 4364 870 4412 ut
911 4357 970 4413 S.
999 4357 1178 4413 Patris
1209 4356 1426 4427 Sulpitii
1456 4357 1762 4413 reverentia
1809 4373 1873 4414 ac

1897 3145 1943 3207 C

1963 537 2264 593 stabilitate
2293 535 2445 606 regni
2483 536 2654 590 nostri
2695 550 2883 591 servos
2917 535 3129 591 Domini
3171 537 3279 594 illic
3304 555 3546 597 comma-

1964 637 2156 683 nentes
2184 627 2465 682 ardentius
2489 640 2652 681 orare
2678 624 2930 681 delectet.
2974 625 3421 698 Pratceptumque
3450 645 3548 685 no.

1963 728 2094 774 stne
2122 717 2469 773 auctoritatis
2504 715 2610 773 illis
2639 716 2757 770 ﬁeri
2789 714 3084 785 jussimus,
3121 733 3230 787 quo
3259 711 3550 775 conﬁrma-

1965 812 2142 866 vimus
2169 810 2274 865 illis
2301 818 2489 864 nostra
2515 808 2907 864 deliberatione
2932 818 3097 881 atque
3121 811 3344 866 decreto
3365 813 3551 868 omnia

1965 918 2086 972 quae
2131 901 2563 971 praedecessores
2607 900 2778 954 nostri
2824 899 2944 956 loco
2989 901 3165 958 eidem
3209 909 3554 968 statuerunt,

1967 994 2082 1049 sive
2126 992 2366 1062 quandiu
2417 991 2489 1046 ibi
2536 993 2672 1046 ordo
2717 991 2962 1048 ﬂoruerit
3009 994 3383 1058 monasticus,
3439 995 3557 1051 sive

1968 1083 2254 1152 deinceps;
2293 1090 2402 1136 tam
2436 1097 2501 1137 ea
2527 1097 2648 1151 quae
2672 1081 2788 1152 jam
2817 1084 3362 1140 commemoravimus
3391 1100 3553 1155 quam

1966 1190 2031 1230 ea
2067 1190 2188 1244 quae
2227 1175 2517 1244 przeceptis
2561 1174 2682 1228 aliis
2724 1173 3076 1229 continentur
3105 1175 3172 1231 de
3201 1178 3459 1233 mercatis
3498 1186 3557 1233 et

1965 1266 2249 1335 portubus,
2286 1281 2449 1335 quam
2480 1274 2536 1321 et
2565 1266 2632 1321 de
2661 1265 2877 1321 urbium
2908 1268 3075 1332 areis,
3103 1276 3160 1322 et
3189 1269 3244 1322 in
3271 1269 3411 1323 villis
3437 1285 3556 1325 ser-

1967 1356 2144 1409 vanda
2175 1364 2286 1410 tam
2317 1356 2509 1410 incolis
2541 1370 2704 1424 quam
2732 1355 3033 1422 incolabus,
3062 1367 3123 1412 ut
3147 1358 3374 1424 scilicet,
3415 1360 3558 1414 sicut

1970 1445 2271 1500 anteriores
2296 1461 2360 1501 ac
2386 1444 2702 1501 decessores
2726 1447 2899 1501 nostri
2925 1447 3304 1513 decreverunt,
3333 1449 3408 1503 ita
3435 1465 3558 1520 per-

1969 1545 2226 1592 maneant
2254 1537 2593 1593 inconvulsa.
2647 1537 2794 1593 Sane
2835 1547 3049 1594 constat
3088 1556 3278 1596 omnes
3323 1542 3558 1596 maxime

1968 1628 2342 1698 possessiones
2379 1629 2493 1699 jam
2535 1629 2664 1684 dicti
2707 1630 3020 1685 monasterii
3067 1632 3389 1686 donationes
3433 1646 3558 1687 esse

1973 1720 2235 1782 ﬁdelium,
2271 1721 2365 1789 qui
2395 1719 2598 1790 prmdia
2627 1735 2725 1775 sua
2755 1735 2877 1775 cum
2909 1721 3192 1790 mancipiis
3221 1722 3290 1775 ob
3316 1735 3558 1775 amorem

1891 1796 1939 1855 Β
1969 1807 2179 1864 Domini
2207 1817 2263 1865 et
2291 1809 2350 1865 S.
2382 1809 2598 1880 Sulpitii
2631 1810 2808 1865 eidem
2835 1811 2954 1866 loco
2981 1811 3385 1882 delegaverunt.
3419 1811 3555 1879 Quia

1968 1916 2118 1966 vero,
2147 1909 2205 1956 ut
2230 1901 2403 1957 relatu
2426 1900 2536 1970 jam
2565 1902 2828 1958 nominati
2855 1904 3066 1958 abbatis
3089 1904 3398 1972 didicimus,
3422 1919 3556 1961 sana

1969 1993 2304 2065 indulgentia
2352 1995 2712 2064 quorumdam
2760 1995 2875 2064 ipsa
2926 1993 3130 2053 familia
3173 1998 3232 2052 in
3266 1997 3559 2066 judicando

1970 2083 2171 2139 dicitur
2200 2083 2372 2153 legem
2405 2099 2627 2140 servare
2664 2083 2914 2140 servilem
2935 2125 2950 2150 ,
2990 2085 3060 2140 ob
3091 2086 3196 2140 hoc
3223 2087 3443 2156 quidam
3469 2101 3560 2143 ec-

1969 2173 2149 2230 clesia:
2178 2174 2520 2240 detrectant,
2570 2188 2696 2229 cum
2741 2173 2845 2229 sibi
2891 2175 3216 2244 aliquotiens
3255 2173 3564 2248 junguntur

1971 2263 2228 2331 familiae,
2272 2264 2594 2320 divisionem
2633 2279 2854 2320 servare
2894 2265 3142 2335 legalem.
3195 2267 3349 2323 Unde
3381 2268 3561 2324 eidem

1971 2356 2117 2412 ﬁdeli
2156 2365 2345 2412 nostro
2373 2355 2656 2412 Ranincho
2681 2358 2887 2425 petenti
2929 2358 3162 2428 benigne
3188 2360 3560 2425 concedimus,

1970 2457 2034 2505 ut
2056 2448 2490 2516 quandocunque
2518 2447 2723 2501 familia
2751 2447 2809 2502 S.
2841 2447 3060 2517 Sulpitii
3089 2448 3307 2506 familia:
3338 2450 3563 2506 alterius

1974 2536 2220 2592 ecclesiae
2247 2551 2346 2605 per
2371 2536 2702 2590 connubium
2733 2536 2895 2590 fuerit
2926 2536 3209 2607 copulata,
3243 2537 3449 2592 nullum
3476 2537 3561 2594 fa-

1973 2625 2085 2681 ciat
2112 2625 2510 2696 prazjudicium,
2534 2625 2678 2695 quod
2708 2626 2923 2682 servilis
2945 2628 3188 2684 conditio
3213 2628 3385 2700 legem
3414 2646 3566 2685 reva-

1973 2715 2124 2772 diare
2153 2715 2396 2770 cernitur
2418 2714 2742 2771 colonilem:
2776 2717 2870 2771 sed
2894 2718 3144 2774 omnibus
3169 2719 3223 2773 in
3252 2720 3384 2775 locis
3408 2735 3564 2790 atque

1974 2807 2270 2864 secundum
2313 2807 2487 2879 legem
2527 2806 2839 2864 celebretur
2875 2809 3090 2864 divisio.
3143 2809 3368 2882 Insuper
3409 2820 3467 2868 et
3507 2813 3564 2868 in

1975 2897 2124 2953 ﬁscis
2150 2897 2374 2964 nostris,
2397 2897 2490 2968 qui
2517 2897 2874 2955 ecclesiastici
2898 2899 3064 2956 fuisse
3088 2910 3407 2967 noscuntur,
3432 2901 3564 2958 illud

1974 2991 2346 3046 concedimus.
2384 2990 2519 3046 Illud
2546 2998 2608 3046 et
2630 2993 2932 3048 concedere
2959 3003 3015 3049 et
3043 2994 3246 3050 addere
3268 2995 3472 3065 placuit
3505 3002 3568 3052 ut

1972 3083 2102 3152 quia
2139 3097 2228 3138 res
2263 3082 2433 3153 ipsius
2468 3083 2576 3139 loci
2613 3085 2848 3154 sparsim
2882 3085 3216 3152 dividuntur,
3256 3095 3313 3142 et
3347 3087 3566 3157 plurimi

1971 3175 2224 3231 advocati
2251 3175 2443 3231 mallos
2469 3189 2567 3246 per
2591 3176 2806 3247 singula
2834 3176 2954 3233 loca
2982 3178 3258 3234 custodire
3287 3187 3566 3248 nequeunt

1973 3266 2093 3322 sine
2119 3266 2410 3335 praesentia
2439 3269 2698 3337 regis.._...
2731 3267 3120 3326 detrimentum
3147 3283 3257 3324 non
3285 3269 3566 3339 patiantur

1973 3372 2180 3422 rerum,
2209 3371 2387 3426 neque
2416 3356 2472 3411 in
2501 3357 2756 3423 civitate;
2793 3372 2902 3427 quo
2933 3366 2993 3413 et
3025 3359 3196 3414 tutius
3223 3373 3287 3414 ac
3312 3359 3563 3415 securius

1973 3448 2096 3506 illos
2121 3448 2352 3505 Domino
2377 3448 2613 3506 militare
2637 3449 2888 3506 delectet.
2922 3449 3195 3508 Praeterea
3219 3453 3567 3508 concedimus

1971 3541 2030 3598 in
2052 3542 2309 3598 vestiaria
2337 3549 2394 3597 et
2416 3542 2682 3598 calcearia
2709 3542 2942 3598 fratrum
2966 3546 3363 3599 monachorum
3379 3585 3394 3610 ,
3423 3545 3566 3600 sicut

1972 3632 2154 3690 fuerat
2175 3633 2336 3698 olim,
2369 3648 2561 3689 omnes
2586 3633 2752 3689 ferias
2777 3635 3038 3690 annuales
3069 3637 3295 3690 mercati
3324 3652 3448 3691 cum
3477 3637 3564 3692 in-

1973 3721 2227 3789 tegritate
2255 3728 2312 3774 et
2339 3721 2591 3776 districtu
2611 3761 2628 3787 ,
2671 3737 2741 3777 ex
2779 3730 3023 3778 mercato
3053 3739 3290 3793 quoque.
3309 3725 3565 3796 septima-

1973 3811 2086 3868 nali
2123 3812 2269 3867 illam
2319 3813 2738 3869 redhibitionem
2795 3830 2958 3884 quam
2991 3817 3061 3870 ad
3089 3817 3264 3886 ipsum
3295 3817 3565 3894 pertinere

1973 3902 2155 3958 locum
2184 3902 2528 3958 indulsimus.
2567 3902 2840 3959 Praeterea
2868 3913 2928 3960 ut
2955 3907 3132 3962 nullus
3161 3909 3394 3978 praesul,
3420 3909 3563 3968 nulla

1971 4001 2242 4065 potestas,
2270 4008 2372 4049 nec
2400 3994 2566 4050 etiam
2601 3995 2746 4052 ullus
2779 4004 2967 4053 noster
2999 4000 3400 4056 mansionarius
3425 3999 3564 4056 infra

1971 4087 2221 4158 ejusdem
2265 4088 2585 4144 monasterii
2630 4088 2868 4144 claustra
2919 4098 2975 4146 et
3022 4090 3138 4146 loca
3186 4093 3450 4150 damnare
3474 4094 3562 4149 vel

1974 4177 2317 4233 mansionare
2341 4185 2669 4249 praesumat;
2707 4185 2768 4233 ut
2792 4181 2864 4235 ob
2894 4181 2976 4235 sui
3002 4181 3306 4251 profectum
3331 4191 3386 4239 et
3408 4185 3565 4255 quie-

1976 4279 2086 4325 tem
2117 4271 2185 4327 ab
2219 4272 2301 4327 eis
2337 4287 2446 4327 non
2483 4272 2658 4342 possit
2685 4272 2794 4328 ullo
2823 4275 2982 4330 modo
3013 4285 3198 4330 nostra
3228 4276 3412 4333 divelli
3447 4292 3566 4332 me-

1973 4361 2166 4416 moria.
2219 4361 2291 4417 Et
2329 4370 2390 4417 ut
2434 4372 2636 4418 nostra
2679 4364 3042 4421 ordinationis
3087 4382 3154 4421 ac
3195 4367 3566 4425 concessionis

273 4447 524 4518 dignitas
549 4449 648 4502 sub
676 4448 1036 4505 immunitatis
1065 4449 1296 4505 tuitione
1317 4448 1522 4520 jugiter
1545 4463 1870 4520 permanere
1894 4510 1942 4523 ﬁ
1974 4451 2271 4506 auctoritas
2291 4452 2374 4507 sui
2395 4452 2600 4523 vigoris
2617 4462 2934 4523 perpetuam
2959 4455 3201 4511 obtineat
3224 4457 3560 4520 ﬁrmitatem,

273 4510 515 4594 debeat:
550 4545 607 4592 et
632 4539 779 4592 nulla
815 4539 1102 4609 iudiciaria
1144 4510 1410 4610 potest'asv
1427 4541 1483 4595 in
1521 4510 1687 4596 rebus
1719 4539 1867 4608 ejus-
1894 4510 1948 4571 Β
1974 4555 2137 4597 manu
2158 4542 2376 4612 propria
2397 4510 2582 4598 subter
2594 4510 3561 4613 eam-ﬁrmavimuget

273 4629 410 4684 dem
435 4628 752 4682 monasterii
779 4627 959 4698 aliquo
985 4630 1144 4685 modo
1171 4630 1457 4695 damnare,
1506 4645 1684 4701 neque
1720 4630 1868 4685 intra

273 4724 378 4772 aut
400 4724 556 4770 extra
582 4717 857 4773 civitatem
886 4720 940 4775 in
973 4720 1137 4787 areis,
1164 4720 1430 4785 ecclesiis,
1455 4721 1542 4776 vel
1563 4721 1706 4776 villis
1731 4720 1871 4776 fora-

272 4807 452 4860 ticum
483 4809 540 4858 et
567 4806 856 4861 rotaticum
884 4808 1122 4878 exigere,
1153 4815 1248 4862 aut
1272 4808 1508 4878 aliquem
1538 4824 1756 4866 servum
1781 4810 1869 4866 vel

272 4895 512 4951 liberum
539 4911 641 4966 pro
667 4898 892 4954 servitio
915 4899 1130 4954 Domini
1155 4901 1395 4955 bannum
1420 4901 1640 4972 aliquod
1665 4900 1871 4956 facien-

274 4995 394 5041 tem
422 4987 747 5059 distringere
768 4987 1126 5064 [prmsumat].
1161 4991 1451 5048 Humiliter
1475 5009 1603 5065 ergo
1629 4995 1784 5065 petiit
1810 5004 1871 5052 ut

273 5079 428 5149 quod
472 5081 706 5150 sparsim
751 5083 1164 5149 continebatur;
1219 5092 1276 5139 et
1315 5085 1429 5155 jam
1477 5086 1870 5156 quodammodo

271 5167 738 5236 labefactabatur,
787 5180 978 5228 nostro
1019 5181 1294 5246 praecepto
1341 5175 1718 5246 colligeremus
1740 5218 1756 5243 ,
1804 5193 1870 5234 ac

273 5259 448 5313 veluti
483 5260 538 5316 in
567 5276 736 5315 unum
766 5261 1188 5330 eomplectentes
1223 5265 1692 5325 confirmaremus.
1743 5269 1868 5326 Pla-

274 5348 395 5402 cuit
431 5349 615 5420 itaque
658 5351 1062 5407 mansuetudini
1107 5362 1308 5411 nostra:
1351 5357 1722 5414 saluberrimis
1752 5359 1868 5428 ejus

275 5451 526 5492 annuere
545 5438 820 5507 precibus,
833 5444 890 5492 et
908 5453 1016 5507 quo
1036 5442 1208 5508 magis
1230 5445 1506 5516 magisque
1525 5447 1636 5504 illic
1655 5458 1867 5505 crescat

361 5579 382 5606 η
427 5567 723 5638 Episcopus
749 5566 1020 5638 Metensis.
1046 5568 1192 5626 Obiit
1225 5589 1293 5627 an
1319 5573 1454 5638 825,
1495 5592 1865 5637 successorem

278 5649 478 5714 nactus
501 5637 821 5714 Drogonem,
849 5637 1106 5698 Ludovici
1147 5641 1228 5700 Pii
1261 5637 1508 5714 fratrem,
1552 5657 1610 5703 ut
1654 5659 1866 5708 veteres

279 5708 508 5765 annales
530 5708 734 5780 passim
761 5716 1049 5767 testantur.

1975 4633 2334 4704 impressione
2359 4635 2625 4706 assignari
2648 4633 2933 4704 iussimus.

2365 4831 2467 4871 PRO
2493 4831 2834 4874 IONASTEBIO
2864 4833 3140 4875 FULDENSI.

1980 4905 2157 4978 [Apud
2171 4905 2430 4971 Scbaten,
2449 4908 2792 4979 Episcopatus
2811 4909 3284 4976 Paderbornensis,
3298 4927 3422 4985 pag.
3439 4910 3558 4984 70.]

2049 4996 2109 5050 in
2156 4997 2373 5053 nomine
2414 4999 2629 5054 Domini
2658 5000 2752 5056 Dei
2795 5009 2851 5056 et
2887 5000 3186 5058 Salvatoris
3221 5004 3391 5060 nostri
3430 5002 3562 5058 Jesu

1977 5089 2201 5158 Christi,
2239 5090 2542 5148 Ludovicus
2565 5093 2742 5148 divina
2772 5095 3057 5151 ordinante
3083 5097 3418 5166 providentia
3449 5097 3555 5151 im-

1975 5192 2196 5252 perator
2216 5182 2512 5255 Augustus.

2046 5273 2104 5328 Si
2152 5289 2280 5346 erga
2324 5275 2440 5331 loca
2485 5276 2684 5333 divinis
2726 5277 2959 5334 cultibus
2987 5279 3312 5350 mancipata,
3337 5286 3560 5350 propter

1972 5379 2214 5418 amorem
2265 5364 2359 5418 Dei
2403 5363 2627 5434 ejusque
2669 5366 2725 5420 in
2763 5367 2844 5422 eis
2883 5367 3018 5424 locis
3058 5369 3160 5423 sibi
3205 5369 3555 5435 famulantes,

1970 5453 2473 5528 beneﬁcia'potiora
2511 5455 2823 5524 largiamur,
2861 5458 3146 5527 praemium
3178 5460 3319 5531 apud
3366 5458 3554 5515 Domi-

2046 5584 2074 5624 ιι
2106 5584 2206 5640 Ubi
2225 5585 2519 5656 imperator
2543 5589 2774 5646 hiemem
2803 5593 3085 5656 exegit,“
3111 5608 3295 5653 mense
3323 5597 3562 5653 Februa-

1975 5655 2062 5736 rio.
2095 5654 2313 5736 comitia
2350 5658 2555 5723 habuit,
2577 5668 2724 5736 teste
2779 5654 3087 5734 Egitﬂtardo
3132 5666 3188 5722 in
3232 5669 3557 5736 Annalibus,

1975 5725 2203 5796 aliisque
2229 5729 2680 5800 chronographis.
2824 5725 2853 5734 ⁷
2895 5739 2899 5744 ’
