3946 6174
428 297 560 354 ιίιι

1530 299 1854 356 ιυῡογιει
1893 302 1911 352 ι
1949 302 2420 356 ευωυλιωτιυ
2459 302 2548 360 PII

3552 314 3690 366 illi

427 433 558 474 num
597 426 814 472 aeternae
851 415 1220 470 retributionis
1249 415 1405 471 nobis
1450 415 1667 484 rependi
1715 431 1822 469 non
1868 414 2003 470 dilii—
2029 419 2081 478 Α
2106 426 2321 466 marum
2378 412 2608 468 salutem
2663 416 2915 483 supernis
2977 418 3291 487 angelorum
3351 424 3591 479 actibus
3639 442 3690 479 tn

424 511 623 565 dimus.
652 507 820 578 igitur
857 514 1045 560 notum
1083 522 1204 562 esse
1233 506 1480 562 volumus
1525 506 1734 561 cunctis
1761 505 2004 560 ﬁdelibus

424 599 645 663 nostris,
673 598 1030 666 praisentibus
1051 597 1260 653 scilicet
1281 605 1334 652 et
1377 596 1591 663 futuris,
1622 597 1747 666 quia
1777 610 2004 651 venera-

422 690 546 744 bilis
587 690 672 743 vir
696 688 1006 744 Baderadus
1035 690 1319 760 episcopus
1337 689 1599 755 ecclesize,
1622 706 1742 759 quae
1767 700 1849 744 est
1875 705 2003 744 con-

421 790 626 836 structa
665 781 718 834 in
747 782 951 837 honore
993 789 1195 836 sanctae
1229 780 1411 834 Maria:
1448 795 1662 852 semper
1704 781 1930 850 virginis
1950 789 2004 835 et

421 871 596 927 sancti
622 872 836 937 Kiliani,
864 873 918 926 in
950 872 1068 927 loco
1103 873 1194 943 qui
1219 872 1417 927 dicitur
1436 871 1843 937 Paderbrunna,
1867 871 1998 925 mis-

419 978 481 1018 sa
526 965 791 1034 petitione
835 964 1157 1034 deprecatus
1197 971 1301 1029 est,
1359 971 1420 1016 ut
1457 963 1771 1033 praedictam
1815 962 2000 1017 sedem

420 1072 544 1111 cum
593 1057 842 1111 omnibus
867 1058 1013 1110 adse
1032 1057 1179 1125 juste
1211 1064 1268 1110 et
1301 1055 1548 1126 legaliter
1573 1055 1834 1110 moderno
1858 1062 1998 1107 tem-

420 1162 551 1216 pore
575 1148 969 1218 pertinentibus
1001 1146 1085 1201 vel
1125 1146 1506 1215 aspicientibus
1539 1146 1638 1201 sub
1667 1153 1853 1200 nostra
1896 1145 1999 1199 tui-

367 1290 372 1296 ,
427 1238 592 1302 tione,
619 1245 674 1292 et
696 1237 1051 1296 immunitatis
1090 1237 1405 1292 defensione
1429 1251 1553 1290 cum
1582 1236 1744 1290 rebus
1767 1246 1824 1290 et
1847 1251 1997 1290 man-

415 1328 574 1398 cipiis
608 1329 1081 1395 constitueremus,
1125 1328 1267 1397 quod
1309 1328 1383 1382 ita
1427 1337 1484 1382 et
1519 1327 1712 1382 fecisse
1756 1327 1996 1382 omnium

420 1419 655 1474 ridelium
688 1427 995 1474 nostrorum
1022 1425 1312 1489 cognoscat
1341 1418 1624 1473 industria.
1674 1417 1997 1487 Praecipitan-

420 1518 501 1564 tes
525 1524 653 1581 ergo
669 1508 946 1579 jubemus,
970 1519 1028 1564 ut
1055 1509 1236 1564 nullus
1245 1508 1408 1580 judex
1431 1508 1694 1577 publicus,
1727 1516 1818 1560 aut
1845 1507 1993 1577 quis-

420 1599 553 1656 libet
593 1616 659 1656 ex
690 1599 978 1669 judiciaria
1014 1607 1279 1670 potestate
1308 1599 1361 1654 in
1403 1598 1682 1662 ecclesias,
1732 1604 1826 1650 aut
1853 1596 1993 1662 loca,

415 1695 500 1748 vel
533 1710 713 1765 agros,
765 1709 861 1749 seu
902 1694 1139 1762 reliquas
1166 1692 1534 1762 possessiones
1566 1698 1878 1745 memoratae
1908 1703 1998 1743 ec-

2105 512 2309 558 aeterna
2339 505 2671 561 beatitudine
2699 507 3165 575 ascribendarum,
3196 520 3416 567 terrena
3440 530 3691 571 commo-

2102 595 2171 649 da
2219 594 2446 650 subsidii
2494 597 2821 666 temporalis,
2877 597 2996 654 sine
3045 601 3244 669 quibus
3293 617 3540 671 prmsens
3583 606 3692 660 vita

2103 685 2326 755 transigi
2366 699 2473 739 non
2525 693 2721 754 potest,
2781 702 3183 757 comparamus,
3218 699 3279 746 ut
3315 691 3393 746 iiii
3433 701 3687 748 tantum-

2100 773 2262 828 modo
2289 774 2408 828 sine
2439 773 2846 842 impedimento,
2893 787 3158 845 quantum
3177 780 3461 848 praesentis
3489 791 3692 836 morta-

2101 863 2272 919 litatis
2318 865 2450 920 sinit
2487 864 2776 936 fragilitas,
2809 867 2978 923 libere
3023 869 3348 936 deserviant,
3391 875 3483 928 cui
3519 875 3689 930 semel

2101 967 2160 1007 se
2207 954 2548 1023 mancipasse
2586 955 2655 1009 ad
2682 955 2896 1011 laudem
2923 957 3354 1030 obsequiumque
3387 963 3561 1031 ipsius
3579 973 3691 1020 toto

2100 1043 2226 1096 vitae
2253 1059 2364 1098 sua:
2388 1060 2552 1100 cursu
2576 1055 2905 1112 noscuntur;
2937 1049 3112 1102 nostri
3132 1049 3334 1106 laboris
3378 1053 3621 1108 studium
3638 1063 3692 1108 et

2097 1135 2318 1204 pietatis
2342 1151 2478 1206 opus
2509 1137 2649 1206 apud
2671 1136 2842 1192 Deum
2871 1139 3182 1194 nullatenus
3214 1141 3330 1197 fore
3358 1144 3480 1198 sine
3511 1145 3689 1200 fructu

2098 1226 2389 1291 credimus,
2437 1227 2559 1282 sine
2602 1242 2710 1296 quo
2760 1243 2862 1282 nec
2916 1229 3052 1283 velle
3101 1230 3392 1300 quisquam
3419 1234 3685 1304 benepoe

2096 1323 2225 1381 test,
2255 1324 2458 1384 quanto
2479 1318 2650 1387 magis
2674 1318 2954 1386 perﬁcere.
3000 1319 3167 1389 igitur
3203 1323 3511 1391 comperiat
3558 1340 3672 1378 om~

2098 1405 2246 1460 nium
2275 1406 2508 1461 fidelium
2536 1416 2740 1463 sancta:
2768 1408 2864 1463 Dei
2901 1408 3176 1475 Ecclesia,
3206 1418 3317 1464 tam
3337 1415 3692 1481 prmsentium

2098 1511 2259 1565 quam
2299 1496 2610 1552 futurorum
2639 1538 2656 1564 ,
2697 1499 3006 1564 sinceritas,
3048 1501 3176 1568 quia
3219 1501 3304 1554 vir
3357 1503 3694 1558 venerabilis

2098 1585 2422 1654 Hieremias,
2446 1596 2649 1643 sancta:
2666 1587 2948 1644 Senonicae
2960 1589 3202 1645 ecclesia:
3225 1591 3692 1662 archiepiscopus.

2099 1678 2292 1732 humili
2332 1679 2679 1749 suggestione
2721 1679 3027 1737 clementia:
3066 1690 3268 1735 nostra:
3314 1681 3583 1747 innotuit,
3626 1700 3692 1740 eo

417 1785 616 1850 elesiae,
639 1800 775 1855 quas
795 1785 1052 1840 moderno
1075 1795 1316 1854 tempore
1337 1783 1475 1838 infra
1503 1783 1762 1838 ditionem
1785 1783 1992 1852 imperii

2096 1769 2238 1837 quod
2268 1781 2294 1809 ι
2342 1769 2492 1824 cella:
2537 1771 2866 1826 emnobiales
2889 1771 3169 1842 episcopii,
3197 1774 3283 1828 cui
3311 1782 3544 1829 auctore
3579 1775 3691 1830 Deo

415 1878 620 1932 nostris
647 1877 854 1948 legibus
899 1877 1156 1947 possidet,
1203 1885 1296 1932 aut
1339 1892 1458 1946 qua:
1487 1877 1736 1946 deinceps
1786 1877 1842 1931 in
1873 1874 1995 1943 jure

415 1969 588 2036 ipsius
632 1969 737 2024 loci
770 1968 1000 2023 voluerit
1031 1969 1209 2023 divina
1237 1969 1410 2038 pietas
1443 1968 1650 2039 augeri,
1707 1968 1774 2022 ad
1802 1981 1994 2022 causas

414 2059 698 2127 judiciario
722 2060 881 2114 modo
907 2059 1224 2124 audiendas,
1268 2059 1352 2113 vel
1377 2058 1529 2114 freda
1558 2059 1844 2129 exigenda,
1899 2066 1994 2112 aut

415 2153 742 2218 mansiones,
785 2152 871 2208 vel
911 2161 1130 2222 paratas
1175 2152 1469 2216 faciendas,
1504 2160 1599 2205 aut
1627 2151 1991 2222 ﬁdcijussores

417 2243 708 2311 tollendos,
730 2252 822 2299 aut
841 2245 1086 2299 homines
1117 2244 1288 2313 ipsius
1308 2243 1550 2299 ecclesia:
1572 2242 1991 2312 distringendos,

415 2347 518 2388 nec
537 2331 674 2388 ullas
695 2333 1099 2399 redhibitiones,
1126 2333 1210 2389 vel
1237 2333 1450 2388 illicitas
1477 2333 1795 2388 occasiones
1817 2333 1996 2402 requi-

421 2425 638 2490 rendas,
660 2424 770 2481 ullo
791 2440 1030 2494 unquam
1073 2434 1315 2495 tempore
1346 2424 1557 2496 ingredi
1597 2425 1813 2490 audeat,
1832 2424 1912 2479 vel
1933 2439 1997 2479 ea

411 2531 533 2585 qua:
579 2533 741 2587 supra
777 2529 1076 2573 memorata
1121 2528 1268 2584 sunt,
1301 2519 1518 2589 penitus
1538 2520 1757 2588 exigere
1784 2533 1992 2588 prtesu-

411 2614 542 2660 mut.
585 2607 690 2662 Sed
725 2608 883 2664 liceat
913 2617 1209 2664 memorato
1229 2609 1484 2679 episcopo
1514 2609 1736 2677 suisque
1773 2623 1990 2663 succes-

407 2697 626 2752 soribus
669 2713 758 2753 res
806 2698 1077 2767 praedicta:
1113 2699 1357 2754 ecclesize
1392 2713 1514 2753 cum
1561 2698 1811 2753 omnibus
1859 2714 1995 2768 quas

410 2789 668 2858 possidet,
716 2789 901 2859 quieto
947 2789 1138 2844 ordine
1165 2789 1464 2859 possidere,
1494 2797 1550 2843 et
1591 2797 1778 2844 nostro
1817 2788 1996 2844 fideli-

411 2885 499 2932 ter
547 2893 739 2947 parere
786 2879 1035 2949 imperio.
1089 2878 1358 2952 Quidquid
1409 2893 1538 2937 vero
1587 2877 1752 2936 ﬁscus
1798 2879 1995 2936 exinde

411 2981 635 3036 sperare
665 2971 920 3039 potuerit,
980 2979 1151 3026 totum
1179 2986 1280 3026 nos
1324 2987 1423 3042 pro
1450 2981 1651 3027 aeterna
1682 2986 1996 3026 remunera-

409 3059 559 3114 tione
588 3061 858 3130 prtedictae
887 3064 1131 3120 ecclesiae
1169 3065 1238 3120 ad
1287 3065 1556 3134 stipendia
1598 3080 1896 3135 pauperum
1940 3072 1996 3119 et

411 3149 698 3205 luminaria
720 3153 1090 3210 concinnanda
1116 3156 1494 3221 concedimus;
1537 3155 1775 3226 qualiter
1803 3154 1998 3209 melius

410 3238 640 3294 delectet
665 3242 892 3297 clericos
926 3245 980 3298 in
1009 3245 1198 3300 eadem
1237 3247 1366 3302 sede
1391 3248 1649 3318 degentes
1677 3262 1777 3316 pro
1815 3249 1996 3315 nobis,

408 3330 637 3401 conjuge
683 3340 739 3387 et
761 3333 910 3401 prole
939 3343 1123 3389 nostra
1171 3335 1384 3390 Domini
1415 3337 1847 3393 misericordiam
1901 3355 1999 3394 ex-

409 3435 594 3475 orare.
631 3421 701 3475 Et
721 3428 782 3476 ut
807 3423 922 3479 bzec
971 3424 1268 3480 auctoritas
1297 3441 1394 3494 per
1415 3425 1860 3498 futura'tempora
1885 3444 2000 3484 me-

413 3508 520 3564 lius
567 3519 920 3567 conservetur
949 3529 1113 3568 manu
1153 3516 1373 3584 propria
1416 3515 1606 3572 subter
1638 3516 1993 3586 firmavimus,

409 3611 464 3656 et
488 3602 672 3657 annuli
703 3605 876 3659 nostri
912 3605 1268 3673 impressione
1297 3607 1502 3678 signa'i
1529 3607 1810 3676 iussimus.

482 3689 710 3762 Signum
736 3693 992 3749 Ludovici
1017 3695 1348 3751 serenissimi
1387 3698 1753 3767 imperatoris.

480 3781 859 3842 Hirminmaris
895 3786 1154 3842 diaconus
1179 3787 1248 3842 ad
1275 3787 1451 3844 vicem
1477 3789 1749 3860 Fridugisi
1779 3793 1992 3852 abbatis

410 3875 716 3944 recognovi.

480 3964 614 4020 Data
653 3975 847 4037 quarto
892 3967 1028 4024 Non.
1083 3969 1278 4040 April.,
1320 3987 1466 4028 anno
1503 3973 1537 4028 9
1561 3973 1773 4043 imperii
1803 3976 1990 4032 domui

409 4059 668 4115 Ludovici
721 4062 951 4131 piissimi
1012 4062 1261 4136 Augusti,
1316 4065 1612 4122 indictione
1660 4068 1744 4122 15.
1795 4067 1988 4126 Actum

410 4151 732 4220 Aquisgrani
746 4151 947 4220 palatio
961 4153 1108 4224 regio
1124 4155 1176 4208 in
1195 4154 1288 4210 Dei
1303 4156 1520 4212 nomine
1533 4155 1780 4212 feliciter.
1795 4157 1984 4216 Amen.

1158 4245 1243 4300 Cl.

699 4348 798 4388 rno
834 4347 1185 4390 IONASTERHS
1205 4351 1258 4390 IN
1281 4353 1415 4392 υιωιε
1438 4353 1740 4396 δεκοκεκει.

1073 4423 1244 4494 (Anno
1265 4424 1415 4496 822.)

410 4514 588 4587 {Apud
613 4513 808 4569 Mabill.
851 4514 1043 4572 Annal.
1067 4515 1294 4642 οηιᾶξό
1319 4515 1551 4660 ]Bened.,
1592 4528 1725 4575 tom.
1764 4521 1826 4585 ll,
1857 4537 1980 4593 pag.

481 4673 538 4728 ln
578 4675 795 4731 nomine
837 4675 1050 4731 Domini
1087 4677 1181 4731 Dei
1218 4686 1273 4732 ct
1311 4676 1607 4735 Salvatoris
1635 4682 1806 4736 nostri
1855 4680 1982 4738 Jesu

411 4763 632 4831 Christi,
669 4765 970 4821 Ludovicus
1008 4765 1188 4821 divina
1214 4766 1498 4822 ordinante
1516 4770 1853 4840 providentia
1881 4772 1982 4827 im-

410 4865 627 4925 perator
661 4854 954 4926 Augustus.

482 4945 539 5001 Si
578 4945 722 5002 illius
761 4959 944 5000 amore
968 4943 1120 5013 cujus
1161 4961 1384 5002 munere
1431 4951 1642 5006 caeteris
1668 4952 1982 5008 mortalibus

409 5035 616 5105 praelati
641 5050 848 5100 sumus,
899 5034 1000 5088 soli
1041 5035 1150 5088 Deo
1198 5035 1298 5091 sub
1331 5047 1518 5092 sancta
1555 5040 1810 5111 religione
1845 5043 1984 5096 mili-

413 5127 650 5182 tantibus
693 5127 761 5181 ad
792 5125 1006 5180 laudem
1045 5125 1414 5196 honoremque
1445 5129 1616 5200 ipsius
1653 5139 1709 5185 et
1753 5132 1823 5187 ad
1868 5133 1985 5188 ani-

484 5294 508 5322 ι
549 5281 725 5352 Cellas
761 5276 1034 5334 humiliori
1075 5279 1333 5352 vocabulo
1371 5283 1605 5352 appellat
1645 5285 1763 5340 lucc
1801 5301 1986 5341 mona-

413 5353 579 5406 steria
636 5351 968 5426 Ludovicus,
1012 5357 1106 5403 aut
1147 5351 1327 5420 potius
1382 5351 1679 5426 Hieremias
1719 5357 1809 5425 qui
1857 5371 1987 5426 prae-

410 5431 633 5545 ἕρμυῶ
663 5420 918 5485 obtinuit,
972 5429 1033 5474 ut
1067 5433 1256 5478 eorum
1293 5424 1552 5496 majorem
1599 5420 1983 5496 subiectionem

452 5507 554 5545 eno
640 5529 654 5542 .

452 5500 654 5546 cnotet.

395 5595 398 5599 -
489 5562 516 5600 δ
555 5563 632 5634 E5
660 5559 831 5634 tribus
860 5559 964 5634 illis
987 5561 1331 5634 monasteriis
1357 5563 1462 5618 duo
1496 5574 1803 5634 supersunt,
1829 5567 1986 5620 nimi-

397 5641 539 5701 .rum
585 5627 770 5701 Sancti
797 5627 964 5701 Petri,
1009 5626 1128 5682 Vivi
1155 5630 1316 5701 vulgo
1352 5635 1504 5700 dicti,
1529 5626 1584 5687 et
1618 5626 1799 5690 Sancti
1821 5635 1983 5690 Joan—

420 5695 520 5760 nis,
575 5695 716 5766 quod
739 5697 1006 5764 posterius
1051 5697 1207 5753 modo
1236 5695 1320 5756 e'st
1370 5695 1749 5762 canonicorum
1776 5706 1982 5774 regula-

2012 4465 2064 4526 D

2098 1869 2318 1930 praeest,
2377 1862 2432 1916 id
2459 1870 2544 1917 est
2589 1862 2724 1918 cella
2775 1861 2961 1918 Sancti
3003 1862 3174 1927 Petri,
3224 1872 3279 1919 et
3314 1864 3452 1919 cella
3504 1864 3692 1920 Sancti

2095 1948 2340 2018 Joannis,
2372 1963 2426 2008 et
2451 1953 2583 2009 cella
2610 1953 2795 2009 Sancti
2814 1955 3042 2026 Remigii
3065 1956 3115 2022 b,
3143 1956 3196 2010 in
3225 1956 3420 2025 quibus
3435 1959 3691 2013 monachi

2097 2042 2197 2097 sub
2213 2050 2400 2098 sancta
2420 2044 2618 2114 regula:
2643 2045 2930 2115 disciplina
2959 2046 3268 2116 religiosam
3294 2047 3467 2100 vitam
3495 2047 3690 2102 divina

2096 2135 2286 2204 pietati
2330 2143 2444 2190 toto
2476 2135 2683 2195 laboris
2713 2137 2907 2192 adnisu
2935 2136 3138 2192 debent
3179 2137 3467 2202 exhibere,
3529 2139 3693 2192 variis

2095 2223 2312 2280 casibus
2350 2225 2688 2295 diversisque
2711 2226 3046 2298 indigentiis,
3095 2228 3292 2297 quibus
3319 2228 3561 2282 humana
3593 2228 3692 2281 ful-

2095 2314 2240 2368 citur
2265 2314 2550 2386 fragilitas,
2600 2326 2725 2373 ante
2752 2319 2953 2373 addicti
2973 2320 3074 2374 sub
3100 2321 3351 2376 manibus
3375 2329 3433 2375 et
3457 2330 3695 2391 potesta-

2095 2412 2150 2460 te
2177 2415 2581 2464 antecessorum
2611 2410 2798 2480 ipsius,
2855 2423 3084 2482 urgente
3125 2414 3439 2467 omnimoda
3481 2416 3688 2485 inopia,

2096 2495 2252 2568 longe
2296 2513 2328 2551 a
2376 2513 2474 2553 suo
2517 2501 2793 2569 proposito
2841 2502 3162 2557 aberrantes
3209 2504 3686 2568 exorbitaverunt,

2097 2585 2226 2641 dum
2285 2587 2540 2643 videlicet
2587 2600 3011 2646 memoratarum
3063 2593 3367 2647 substantia
3416 2595 3685 2649 cellarum

2095 2690 2196 2746 per
2231 2676 2554 2732 divisionem
2605 2677 2736 2734 olim
2784 2678 2984 2734 factam
3017 2680 3302 2736 imminuta
3345 2681 3580 2749 fuisset;
3634 2695 3689 2739 et

2097 2767 2190 2836 qui
2221 2774 2496 2837 praeerant
2527 2768 2788 2839 episcopi,
2830 2785 2935 2824 non
2971 2771 3233 2826 habentes
3258 2773 3402 2826 unde
3441 2775 3687 2828 subsidia

2097 2865 2407 2930 sumptuum
2439 2857 2552 2916 suis
2573 2859 2761 2918 usibus
2788 2860 3098 2920 necessaria
3137 2872 3420 2936 caperent,
3465 2880 3535 2924 ex
3581 2867 3686 2926 eis-

2097 2949 2220 3007 dem
2248 2951 2423 3017 cellis,
2447 2960 2710 3020 quantum
2727 2961 3052 3025 extorquere
3077 2957 3324 3026 quibant,
3353 2958 3484 3013 dum
3510 2960 3690 3015 alinu-

2099 3043 2166 3099 de
2213 3043 2584 3100 sufficientiam
2614 3047 2816 3103 habere
2863 3063 2971 3103 non
3001 3057 3245 3119 possent,
3306 3051 3426 3106 dari
3460 3053 3566 3107 sibi
3597 3070 3690 3108 eo-

2024 3115 2069 3178 C
2100 3135 2298 3206 gebant
2324 3149 2339 3188 :
2369 3136 2556 3206 sicque
2604 3136 2769 3194 fiebat
2815 3146 2874 3192 ut
2911 3139 2967 3194 hi
3002 3115 3102 3209 qui
3136 3140 3330 3195 devota
3379 3144 3689 3199 stabilitate

2097 3226 2297 3282 mentis
2338 3235 2394 3282 et
2428 3229 2674 3299 corporis
2719 3228 2917 3285 ibidem
2962 3247 3208 3301 superna:
3255 3234 3446 3303 pietati
3492 3235 3686 3291 laudes

2097 3319 2425 3388 persolvere,
2477 3337 2738 3391 suamque
2784 3323 2952 3378 vitam
2997 3327 3403 3391 commendare,
3446 3343 3552 3397 pro
3593 3344 3686 3382 no-

2097 3415 2209 3464 stra
2247 3421 2480 3480 quoque,
2501 3411 2750 3482 conjugis
2778 3427 2844 3467 ac
2872 3413 3166 3468 liberorum
3197 3415 3604 3480 incolumitate,
3632 3426 3690 3472 et

2095 3514 2196 3569 pro
2222 3501 2372 3570 regni
2397 3501 2577 3558 divina
2628 3502 2782 3557 nobis
2815 3503 3162 3559 miseratione
3187 3506 3434 3560 concessi
3468 3522 3692 3560 conser-

2093 3589 2331 3653 vatione,
2386 3605 2594 3660 proque
2632 3591 2796 3647 totius
2828 3591 3081 3648 Eeclesiae
3123 3592 3459 3662 indulgentia
3507 3604 3571 3648 et
3615 3595 3688 3648 fe-

2093 3678 2185 3734 lici
2247 3679 2316 3734 ad
2358 3688 2616 3736 aeternam
2659 3681 3044 3738 beatitudinem
3092 3683 3447 3752 perventicne
3503 3685 3681 3739 inter-

2090 3769 2294 3840 pellare
2337 3771 2626 3837 debebant,
2673 3772 2799 3827 dum
2841 3787 2873 3826 a
2910 3773 3226 3828 monasterii
3260 3773 3517 3828 claustris
3571 3785 3685 3828 Inr-

2090 3861 2233 3930 piter
2255 3860 2590 3928 qumritando
2613 3877 2676 3916 ea
2700 3861 2894 3931 quibus
2919 3878 3074 3918 suam
3103 3871 3388 3920 tuerentur
3411 3865 3682 3934 inopiam,

2091 3948 2249 4020 longe
2276 3949 2493 4020 lateque
2524 3960 2813 4023 vagarent;
2863 3952 3090 4009 confuso
3117 3954 3327 4019 ordine,
3370 3970 3542 4024 quem
3567 3971 3680 4011 ser-

2092 4053 2220 4094 vare
2257 4040 2551 4108 debebant,
2600 4056 2707 4096 non
2748 4041 2924 4097 solum
2957 4058 3147 4097 eorum
3175 4059 3342 4099 causa
3385 4060 3511 4114 qua
3543 4062 3684 4116 pra-

2090 4129 2355 4196 misimus,
2378 4132 2534 4187 nobis
2555 4131 2689 4186 nihil
2713 4133 2966 4202 prodesse
2991 4142 3262 4203 poterant,
3289 4149 3481 4188 verum
3511 4137 3684 4190 etiam

2088 4223 2192 4279 sibi
2220 4224 2436 4293 suisque
2466 4223 2707 4294 prmlatis
2742 4239 2848 4279 non
2892 4225 3126 4282 absurde
3160 4225 3458 4295 plurimum
3484 4228 3682 4282 crede-

2088 4322 2277 4368 rentur
2303 4313 2515 4367 obesse.
2562 4311 2730 4382 Cujus
2749 4313 2827 4369 rei
2856 4313 3053 4385 gratia,
3099 4316 3386 4370 memorati
3423 4317 3680 4386 episcopi

2087 4403 2338 4472 precibus
2375 4401 2654 4467 admoniti,
2716 4403 2939 4473 dignum
2984 4419 3122 4473 opus
3157 4419 3321 4474 supra
3353 4402 3476 4458 fieri
3517 4406 3686 4460 duxi-

2090 4507 2228 4558 mus,
2281 4499 2360 4558 ut,
2401 4492 2526 4547 dum
2556 4493 2735 4548 adhuc
2765 4493 2818 4548 in
2856 4493 2960 4550 hoc
2988 4494 3204 4548 mortali
3225 4510 3463 4564 corpore
3487 4496 3676 4551 subsi—

2089 4583 2308 4647 stimus,
2335 4597 2442 4638 non
2479 4583 2651 4639 solum
2674 4585 2766 4655 qui
2795 4601 2936 4641 nunc
2961 4587 3222 4657 temporis
3259 4588 3315 4640 iu
3356 4588 3579 4644 eisdem
3607 4591 3685 4644 lo-

2089 4673 2169 4728 cis
2215 4673 2412 4728 divinis
2439 4674 2671 4731 cultibus
2711 4677 3004 4746 mancipati
3036 4693 3158 4733 esse
3187 4687 3530 4744 noscuntur;
3587 4682 3682 4734 sed

2087 4764 2194 4820 illis
2233 4781 2448 4836 quoque
2471 4767 2561 4836 qui
2603 4765 2799 4824 futuris
2837 4769 3171 4839 temporibus
3209 4785 3398 4825 amore
3419 4785 3680 4838 supernae

2086 4857 2363 4926 sapientim
2402 4857 2682 4924 illustrati,
2729 4859 2916 4914 eadem
2945 4859 3012 4914 ad
3042 4860 3390 4915 serviendum
3423 4860 3540 4915 Deo
3587 4875 3683 4914 ex-

2087 4947 2344 5018 petierint
2391 4947 2526 5012 loca,
2583 4949 2977 5019 prospiciamus
3007 4964 3022 5002 :
3053 4959 3320 5020 quatenus
3354 4965 3425 5004 ex
3462 4950 3683 5004 eisdem

2087 5043 2458 5114 temporalium
2484 5043 2672 5098 solatia
2693 5052 3003 5114 sumptuum
3027 5059 3127 5100 suo
3153 5044 3333 5100 ordini
3363 5058 3688 5112 congruen-

2089 5138 2163 5194 tia
2205 5138 2457 5205 habeant,
2495 5138 2690 5209 quibus
2730 5137 2788 5194 in
2830 5139 2935 5194 bac
2967 5138 3406 5209 peregrinatione
3446 5137 3685 5192 interim

2092 5287 2229 5344 rium
2276 5287 2481 5343 ordinis
2527 5287 2696 5358 sancti
2744 5287 3052 5358 Augustini,
3102 5295 3232 5358 tunc
3265 5287 3686 5358 monachorum

2089 5359 2190 5440 sub
2216 5368 2400 5440 saneta
2431 5355 2858 5440 l'egltla:'ttt__ttlia
2893 5359 3016 5440 duo,
3073 5356 3686 5440 viventium..A.bbatia

2090 5429 2278 5506 Sancti
2318 5425 2849 5506 Rhemigii_Vallilias
2878 5436 3076 5506 postea
3101 5427 3362 5506 translata
3397 5425 3527 5490 fuit,

2090 5498 2212 5554 inde
2241 5500 2291 5552 in
2325 5496 2559 5568 primum
2593 5497 2766 5552 locum
2798 5496 2975 5568 denuo
3000 5497 3193 5568 relata,
3241 5496 3402 5568 modo
3454 5496 3684 5568 penitus

2086 5569 2269 5643 eicisa
2319 5565 2449 5622 est:
2500 5567 2695 5643 cujus__
2718 5567 2898 5636 portio
2938 5566 3248 5643 abiatialis
3305 5565 3682 5643 missionariis

2086 5638 2316 5704 clericis,
2361 5639 2729 5693 conventualis
2780 5638 2954 5694 sancti
3003 5636 3148 5692 Petri
3199 5639 3536 5691 monasterio
3583 5636 3680 5689 tri~

2085 5709 2232 5763 bula.
2929 5728 2935 5730 ‘
2963 5727 2966 5729 λ
