3996 6178
381 310 518 369 1113

1515 310 1906 368 DIPLOMATA
1948 308 2502 368 ECCLESIASTICA.

2151 218 2207 231 σε

3492 323 3623 377 ll.”

374 423 669 481 sustentari
715 430 934 494 queant,
987 423 1159 480 donec
1183 425 1251 479 ad
1287 432 1504 480 aeterna:
1525 425 1715 494 patrita
1746 422 1940 495 gaudia
1970 424 2019 482 Α
2046 422 2114 476 ad
2139 432 2356 478 :etemze
2394 425 2843 481 remunerationis
2866 429 3084 496 praemia
3114 435 3440 501 capessenda
3468 451 3622 491 vera-

374 516 556 570 divina
583 513 948 569 misericordia
1001 515 1179 569 vocati
1209 515 1424 570 valeant
1470 507 1776 585 pervenire.
1808 516 1947 570 Con-

369 606 653 661 stituentcs
677 606 857 674 itaque
886 605 988 660 hoc
1014 614 1212 660 nostra:
1232 607 1574 661 auctoritatis
1592 616 1944 676 przeceptum,

362 693 517 762 juxta
566 695 850 748 memorati
902 694 1138 764 episcopi
1196 694 1544 763 petitionem,
1605 695 1946 749 decrevimus

365 786 484 842 ﬁeri
517 803 531 838 :
557 795 614 840 ut
634 801 699 840 ex
726 787 909 850 rebus,
937 800 1290 855 quascunque
1328 802 1491 856 supra
1512 787 1625 856 jam
1654 786 1945 840 nominata:

362 875 511 930 cellze
531 891 675 930 nunc
704 876 962 944 temporis
990 876 1176 930 usibus
1203 877 1589 930 monachorum
1615 876 1811 930 ibidem
1835 876 1946 930 Dco

363 967 783 1021 deservientium
846 968 1129 1036 deputatas
1173 967 1395 1033 habent,
1444 968 1622 1022 nullus
1665 969 1944 1037 episcopo-

362 1073 504 1114 rum.
533 1058 839 1127 quicunque
875 1059 1057 1113 divina
1085 1059 1369 1114 vocatione
1392 1074 1488 1129 per
1525 1068 1766 1128 tempora
1819 1075 1944 1115 suc-

359 1149 603 1212 cesserit,
657 1159 949 1218 praesumat
1006 1150 1208 1220 aliquid
1258 1151 1578 1206 subtrahere
1625 1152 1710 1205 vel
1762 1152 1943 1205 immi-

359 1256 528 1294 nuere
549 1241 784 1310 quolibet
800 1251 1116 1311 argumento
1139 1242 1220 1297 vel
1241 1243 1550 1308 occasione,
1579 1258 1754 1312 neque
1781 1243 1834 1295 in
1857 1242 1944 1294 lie-

359 1329 611 1384 nelicium
643 1330 797 1394 dare,
822 1339 914 1384 aut
937 1333 1051 1387 suis
1074 1332 1261 1388 usibus
1283 1333 1554 1403 applicare
1581 1351 1593 1388 :
1625 1335 1720 1389 sed
1743 1335 1816 1388 ita
1846 1349 1944 1402 per

356 1422 538 1476 omnia
570 1423 884 1476 conservari
925 1425 1160 1488 studeat,
1188 1425 1346 1480 sicuti
1372 1433 1708 1480 memoratus
1733 1427 1940 1495 episco-

356 1527 457 1582 pus
487 1513 540 1565 in
580 1512 744 1567 libelli
775 1513 918 1568 serie
960 1513 1170 1583 singula
1222 1513 1339 1570 loca
1367 1531 1464 1584 per
1501 1516 1748 1570 ordinem
1778 1517 1943 1570 adno-

357 1602 522 1656 tando
551 1600 799 1671 digessit,
853 1610 909 1657 et
956 1618 1117 1657 manu
1155 1619 1250 1659 sua
1285 1606 1624 1675 subscripsit,
1659 1614 1716 1662 et
1741 1606 1794 1660 in
1819 1622 1942 1662 con-

353 1698 517 1746 ventu
553 1692 928 1760 episcoporum
952 1709 1046 1748 eos
1088 1694 1181 1763 qui
1204 1695 1451 1760 aderant,
1483 1695 1824 1751 subscribere
1850 1711 1939 1750 ro-

354 1784 518 1854 gavit,
581 1794 804 1854 propter
841 1785 1110 1842 cavendas
1169 1787 1495 1842 omnimodis
1541 1788 1937 1853 contentiones,
1969 1762 2015 1821 Β

353 1890 473 1946 qua:
515 1875 710 1931 futuris
757 1878 1092 1946 temporibus
1146 1885 1400 1947 poterant
1428 1879 1665 1944 oboriri;
1707 1880 1800 1933 sed
1842 1895 1941 1934 nec

352 1965 518 2020 etiam
578 1966 720 2022 aliud
747 1968 1027 2023 servilium
1061 1968 1145 2023 vel
1183 1966 1390 2035 majora
1423 1984 1645 2024 munera
1675 1970 1798 2025 inde
1835 1970 1938 2025 sibi

355 2069 455 2125 pro
480 2062 723 2126 tempore
755 2066 998 2127 usurpet,
1027 2065 1226 2127 praeter
1251 2073 1314 2113 ea
1363 2073 1482 2128 qua:
1530 2059 1583 2113 in
1614 2059 1798 2114 libello
1841 2074 1963 2113 eo-.

352 2145 473 2200 dem
497 2145 639 2201 idem
674 2146 788 2216 ipse
823 2148 1104 2216 episcOpus
1127 2148 1366 2202 inserere
1394 2148 1624 2217 putavit.
1650 2147 1726 2202 Ac
1757 2163 1827 2202 ne
1848 2149 1942 2202 hu-

347 2235 436 2305 jus
469 2237 673 2293 decreti
727 2253 892 2291 causa
933 2237 986 2291 in
1038 2238 1244 2292 eisdem
1288 2239 1552 2292 cmnobiis
1591 2237 1817 2294 abbates
1855 2238 1940 2294 vel

350 2329 601 2383 monachi
631 2327 912 2382 constituti
942 2335 1128 2382 contra
1161 2343 1319 2381 suum
1350 2328 1611 2396 incipiant
1651 2328 1939 2396 superbire

350 2419 687 2488 episcopum,
726 2416 1083 2486 pmcavimus
1119 2431 1334 2470 omnem
1365 2417 1702 2470 occasionem
1745 2431 1937 2486 ampu-

354 2511 600 2574 tandam,
649 2524 823 2578 neque
853 2509 1030 2564 locum
1077 2507 1288 2562 diabolo
1331 2507 1587 2570 dandum,
1613 2507 1760 2562 salva
1799 2509 1941 2563 scili-

353 2608 440 2656 cet
479 2601 532 2654 in
576 2599 830 2654 omnibus
880 2597 1203 2652 auctoritate
1237 2606 1291 2651 et
1326 2604 1594 2666 potestate
1616 2597 1853 2669 episcopi
1882 2598 1937 2651 in

352 2691 564 2746 cunctis
599 2688 980 2744 ecclesiastica:
1009 2687 1209 2758 regula:
1231 2686 1532 2756 disciplinis
1562 2705 1574 2740 :
1601 2687 1854 2741 videlicet
1877 2695 1938 2740 ut

351 2784 568 2838 easdem
596 2781 760 2836 cellas
794 2782 894 2835 sub
931 2781 1153 2849 proprio
1183 2794 1415 2848 semper
1440 2779 1710 2850 regimine
1737 2781 1938 2850 guber-

353 2889 511 2937 nans,
535 2875 827 2929 secundum
867 2873 1259 2928 institutionem
1294 2879 1496 2927 sanctae
1543 2871 1739 2942 regula:
1773 2871 1939 2926 abba~

356 2973 434 3020 tes
469 2966 788 3029 constituat,
813 2972 887 3029 et,
929 2965 974 3018 si
1024 2977 1246 3018 necesse
1273 2961 1456 3028 fuerit,
1505 2969 1711 3027 mutet;
1763 2976 1927 3031 prava

349 3073 576 3128 qumque
607 3059 864 3128 corrigat,
896 3055 1166 3125 superflua
1189 3065 1420 3119 resecet,
1446 3055 1675 3109 virtutes
1704 3055 1928 3118 nutriat,

2048 509 2185 564 citer
2213 513 2502 567 credimus.
2541 512 2746 567 Idcirco
2772 523 2958 568 notum
2984 531 3105 572 esse
3139 519 3382 576 volumus
3416 527 3626 581 cunctis

2050 599 2297 656 fidelibus
2323 613 2526 658 sanctae
2557 603 2653 657 Dei
2692 603 2952 660 Ecclesia:
2999 616 3054 661 et
3088 611 3311 674 nostris,
3347 616 3624 680 praesenti-

2047 690 2148 745 bus
2169 691 2376 746 scilicet
2407 701 2460 748 et
2490 692 2717 759 futuris,
2768 696 2893 763 quia
2923 697 3111 752 adiens
3137 701 3482 756 serenitatem
3512 705 3626 758 cul-

2047 781 2209 836 minis
2235 783 2406 838 nostri
2459 784 2541 837 vir
2579 786 2906 840 venerabilis
2935 787 3240 843 Adaleodus
3276 791 3412 845 abba
3441 808 3626 847 mona-

2046 873 2194 926 sterii
2223 874 2396 928 sancti
2419 873 2672 938 Amandi,
2695 891 2801 928 una
2829 892 2952 930 cum
2973 877 3191 933 Aldrico
3220 880 3384 934 misso
3419 893 3620 946 nostro,

2044 977 2203 1032 quem
2232 963 2300 1017 ad
2330 964 2644 1033 praedictum
2689 967 2998 1021 coenobium
3039 967 3335 1024 direximus
3375 971 3442 1024 ad
3480 972 3624 1026 ordi-

2045 1071 2168 1110 nem
2215 1057 2414 1127 rcgulm
2459 1057 2630 1111 sancti
2671 1056 2942 1113 Benedicti
2991 1059 3453 1128 confirmandum;
3496 1079 3622 1133 sug-

2044 1157 2325 1216 gesserunt
2348 1149 2740 1204 mansuetudini
2772 1158 2967 1204 nostrae
2992 1151 3222 1218 qualiter
3247 1154 3619 1224 congregatio—

2044 1239 2098 1291 ni
2119 1238 2441 1294 confessoris
2485 1239 2687 1294 Christi
2726 1241 2957 1296 Amandi
3003 1243 3178 1312 aliqtta
3237 1244 3302 1298 de
3355 1248 3514 1301 rebus
3562 1255 3619 1300 et

2043 1329 2186 1382 villis
2211 1329 2451 1398 ejusdem
2501 1332 2743 1386 ecclesiae
2786 1335 3043 1401 deputare
3093 1342 3147 1389 ct
3195 1335 3516 1392 confirmare
3549 1339 3618 1392 ad

2043 1438 2174 1477 usus
2203 1431 2260 1476 et
2294 1424 2647 1478 necessitates
2673 1424 2882 1478 illorum
2921 1427 3414 1496 prrejudicarcmus.
3469 1429 3620 1484 ideo-

2041 1529 2148 1582 que
2173 1514 2239 1568 ad
2274 1516 2640 1584 precationem
2683 1516 2765 1571 vel
2811 1519 3208 1587 suggestionem
3239 1521 3618 1589 praedictorum

2041 1602 2318 1668 abbatum,
2346 1603 2603 1658 Adalcodi
2631 1606 2878 1660 videlicet
2907 1615 2961 1661 et
2988 1609 3208 1673 Aldrici,
3241 1610 3348 1665 imo
3373 1612 3443 1665 ob
3471 1626 3618 1665 emo-

2043 1693 2340 1748 lumentum
2387 1694 2580 1749 anima:
2609 1705 2810 1750 nostrae
2831 1737 2844 1759 ,
2893 1696 3166 1767 conjugis,
3206 1709 3366 1768 atque
3389 1700 3622 1769 prolium

2043 1791 2380 1848 nostrarum,
2422 1800 2510 1838 res
2539 1786 2726 1839 subter
2751 1785 3034 1842 adnotatas
3063 1789 3335 1857 prmdictis
3367 1791 3623 1844 fratribus

2041 1879 2097 1926 et
2122 1873 2526 1942 congregationi
2567 1872 2750 1929 Sancti
2795 1875 3022 1929 Atnandi
3073 1877 3140 1929 ad
3181 1877 3416 1941 victum,
3457 1877 3621 1931 vesti-

2041 1973 2222 2018 menta
2257 1973 2312 2018 et
2349 1964 2710 2026 calceamenta
2737 2008 2751 2030 ,
2805 1982 2899 2021 seu
2935 1968 3097 2021 etiam
3142 1977 3368 2023 exteros
3399 1985 3529 2023 usus
3564 1979 3623 2024 et

2040 2055 2392 2110 necessitates
2421 2054 2692 2124 ipsorum,
2743 2058 2953 2112 tradere
2984 2065 3038 2112 et
3082 2057 3406 2114 confirmare
3439 2059 3623 2114 decre-

2039 2146 2245 2210 vimus,
2289 2154 2346 2200 et
2386 2161 2549 2216 super
2591 2147 2734 2202 hanc
2785 2149 3049 2202 cessionis
3101 2151 3477 2204 auctoritatem
3522 2150 3622 2204 bos

2039 2242 2256 2290 nostros
2297 2235 2604 2305 imperiales
2647 2237 2827 2304 apices
2877 2236 2993 2292 fieri
3041 2238 3408 2300 decrevimus.
3458 2247 3623 2308 atque

2034 2323 2288 2392 jubemus
2316 2332 2378 2377 ut
2413 2325 2613 2380 abhinc
2655 2325 2707 2379 in
2754 2326 2992 2380 futurum
3035 2342 3064 2379 a
3099 2327 3254 2381 nobis
3296 2335 3352 2381 et
3398 2328 3616 2390 nostris,

2039 2411 2150 2466 Deo
2179 2412 2544 2480 dispensante,
2576 2415 2998 2479 successoribus,
3031 2415 3132 2482 piis
3161 2414 3395 2469 oraculis
3417 2415 3620 2470 nostris

2039 2502 2408 2556 conservanda
2441 2503 2837 2568 mandavimus,
2865 2505 3007 2572 quod
3042 2518 3139 2557 nos
3168 2520 3266 2573 pro
3290 2505 3508 2559 aeternis
3529 2520 3620 2559 ca-

2038 2592 2319 2662 pessendis
2342 2592 2581 2661 prtemiis
2599 2633 2612 2655 ,
2647 2602 2704 2646 et
2731 2601 3042 2647 memoratae
3070 2593 3470 2662 congregationi
3492 2609 3621 2648 con-

2038 2681 2278 2736 sulendis
2312 2682 2730 2737 necessitatibus
2761 2682 2956 2736 fecisse
2988 2689 3043 2734 et
3071 2682 3404 2738 concessisse
3437 2691 3618 2738 vestra

2037 2780 2330 2840 cognoscat
2371 2769 2667 2834 industria;
2719 2771 2790 2824 ita
2833 2771 3095 2824 duntaxat
3137 2779 3198 2823 ut
3243 2771 3502 2840 quidquid
3547 2772 3616 2826 de

2039 2859 2170 2929 ipsis
2193 2859 2354 2914 rebus
2387 2860 2496 2914 Deo
2521 2861 2754 2914 donante
2791 2874 2886 2928 per
2921 2861 3122 2913 bonum
3158 2861 3394 2914 studium
3421 2860 3619 2930 poterit

2038 2950 2228 3005 haberi
2253 2950 2337 3004 vel
2359 2951 2565 3020 acquiri
2591 2991 2605 3014 ,
2649 2957 2820 3005 totum
2855 2949 2908 3002 in
2948 2949 3177 3004 fratrum
3209 2951 3325 3005 sine
3358 2950 3462 3004 ulla
3490 2951 3615 3005 sub-

2039 3042 2304 3097 tractione
2332 3042 2520 3097 usibus
2549 3041 2724 3096 cedat.
2770 3040 2891 3096 Pari
2930 3042 3095 3097 etiam
3122 3051 3308 3096 nostra
3349 3042 3616 3110 imperiali

349 3104 591 3202 gradicet
635 3104 783 3211 vitia?
841 3104 1020 3215 atque,
1064 3153 1124 3198 ut
1174 3145 1348 3199 bonus
1394 3142 1652 3213 agricola,
1693 3143 1931 3197 cvellens
1959 3104 2003 3165 C
2034 3135 2359 3190 auctoritate
2404 3133 2748 3203 pracipimus
2789 3149 2852 3190 ac
2879 3133 3134 3203 jubemus
3160 3142 3222 3188 ut
3249 3133 3428 3188 nullus
3449 3133 3608 3202 quili-

352 3236 596 3301 fruticcs,
648 3235 870 3288 Patrum
921 3248 1156 3303 sequens
1185 3233 1449 3298 instituta,
1491 3234 1765 3288 discernat
1806 3249 1934 3302 qua-

353 3325 457 3379 lem
502 3326 695 3396 cuique
724 3333 882 3380 terra:
910 3334 1207 3380 sementem
1242 3325 1502 3379 mandare
1525 3324 1737 3378 debeat.
1782 3323 1933 3380 Hanc

353 3423 533 3470 autem
581 3424 781 3470 nostra
827 3414 1234 3471 constitutionis
1279 3415 1656 3468 auctoritatem
1691 3413 1811 3469 ideo
1856 3413 1934 3469 fa-

352 3515 514 3570 ctam,
554 3522 620 3562 ne
648 3507 922 3578 religionis
947 3507 1084 3560 ordo
1111 3506 1163 3560 in
1189 3521 1350 3575 supra
1377 3505 1594 3574 scriptis
1641 3505 1793 3566 locis.
1836 3518 1934 3560 no-

351 3600 478 3654 stris
517 3598 820 3670 futurisque
869 3599 1202 3667 temporibus
1248 3596 1633 3659 confundatur,
1692 3597 1788 3650 sed
1824 3611 1931 3664 per

351 3691 534 3745 omnia
565 3691 617 3743 in
647 3690 741 3744 Dei
764 3688 1008 3751 servitio,
1039 3687 1106 3740 ad
1128 3685 1509 3754 cujuslaudem
1534 3694 1592 3738 et
1611 3685 1932 3752 obsequium

349 3779 550 3834 conditi
580 3792 786 3840 sumus,
816 3773 1196 3828 inviolabiliter
1228 3773 1282 3826 in
1308 3780 1627 3841 perpetuum
1648 3784 1936 3825 conserve-

351 3879 466 3932 tur,
525 3877 584 3922 ut
617 3867 914 3938 pleniorem
945 3866 998 3918 in
1035 3864 1128 3919 Dei
1173 3864 1391 3918 nomine
1431 3863 1642 3916 cunctis
1678 3861 1940 3931 tempori-

351 3963 455 4016 bus
489 3960 732 4014 obtineat
779 3957 1110 4019 firmitatem,
1157 3968 1321 4008 manu
1359 3953 1574 4022 propria
1617 3952 1806 4007 subter
1843 3950 1936 4005 fir-

352 4051 640 4115 mavimus,
690 4056 746 4102 et
780 4045 962 4100 annuli
1000 4043 1171 4098 nostri
1209 4041 1563 4111 impressione
1585 4039 1790 4112 signari
1810 4040 1933 4111 jus-

353 4141 543 4194 simus.

423 4231 646 4302 Signum
673 4226 931 4284 Ludovici
957 4221 1287 4281 serenissimi
1313 4222 1563 4293 Augusti.

422 4321 708 4376 Durandus
757 4319 1018 4374 diaconus
1079 4316 1146 4369 ad
1199 4314 1372 4370 vicem
1437 4309 1711 4382 Fridugisi
1772 4323 1932 4366 reco-

355 4411 535 4482 guovi.

428 4501 559 4555 Data
597 4516 668 4554 xv
715 4497 832 4553 Kal.
864 4495 1031 4559 Junii,
1072 4509 1216 4549 anno
1261 4492 1478 4548 Christo
1508 4491 1742 4562 propitio
1764 4492 1796 4546 9
1831 4489 1934 4544 im—

355 4592 493 4662 perii
527 4589 708 4645 domni
755 4586 930 4641 nostri
976 4583 1236 4638 Ludovici
1289 4581 1627 4636 serenissimi
1690 4579 1942 4650 Augusti,

1961 4448 2014 4508 D

2029 3227 2349 3282 betsancta:
2390 3224 2486 3280 Dei
2539 3224 2818 3291 Ecclesiae,
2860 3226 3209 3294 prmsentium
3261 3225 3511 3280 videlicet
3555 3233 3614 3280 et

2034 3316 2370 3380 futurorum,
2415 3315 2482 3370 de
2517 3316 2791 3384 praedictis
2827 3325 2882 3370 et
2919 3317 3312 3372 subternotatis
3339 3317 3502 3370 rebus
3532 3316 3615 3369 in-

2032 3407 2402 3478 quietudinem
2433 3413 2526 3458 aut
2564 3403 2981 3476 refragationem
3013 3405 3096 3460 vel
3129 3403 3500 3474 prmjudicium
3525 3401 3611 3458 vel

2032 3497 2347 3552 violentiam
2398 3495 2580 3550 facere
2627 3502 2802 3550 mutet
2827 3512 2839 3547 :
2889 3494 2981 3548 sed
3012 3495 3189 3564 potius
3218 3495 3333 3549 sine
3364 3493 3471 3548 ulla
3495 3493 3617 3548 sub-

2032 3590 2310 3658 reptione,
2362 3595 2456 3641 aut
2489 3587 2886 3650 subtractione,
2939 3585 3024 3638 vel
3057 3585 3412 3639 diminutione
3453 3596 3616 3652 atque

2033 3679 2323 3740 divisione,
2359 3677 2520 3730 liceat
2549 3690 2642 3729 eas
2670 3676 2846 3730 eidem
2883 3673 3288 3743 congregationi
3317 3675 3614 3727 monacho-

2034 3782 2153 3820 rum
2187 3766 2297 3819 Deo
2324 3763 2676 3817 militantium
2712 3777 2836 3816 cum
2870 3763 3018 3816 omni
3049 3761 3358 3830 integritate
3387 3761 3614 3816 inviola-

2033 3858 2217 3913 biliter
2239 3857 2445 3926 absque
2482 3855 2590 3909 ulla
2618 3854 2888 3909 calumnia
2924 3863 2980 3909 et
3011 3855 3436 3910 contradictione
3459 3871 3614 3910 secu-

2035 3947 2169 4000 riter
2195 3961 2258 4000 ac
2282 3944 2668 4014 perpetualiter
2695 3943 2918 4009 habere,
2946 3944 3228 4014 possidere
3252 3954 3306 3998 et
3337 3943 3461 3999 frui.
3507 3945 3610 4000 So-

2032 4035 2305 4091 lummodo
2348 4034 2599 4090 videlicet
2637 4035 2705 4090 ad
2745 4035 2878 4099 hoc,
2927 4036 3069 4090 sicut
3103 4037 3442 4105 praemissum
3499 4047 3604 4103 est,

2033 4125 2341 4197 specialiter
2368 4141 2397 4178 a
2433 4124 2590 4180 nobis
2621 4133 2747 4180 sunt
2778 4140 2878 4194 pro
2903 4125 3152 4181 mercede
3177 4134 3364 4181 nostra
3399 4127 3612 4197 delega-

2037 4226 2103 4272 tre
2127 4225 2184 4271 et
2213 4216 2571 4281 confirmatas,
2620 4224 2679 4271 ut
2711 4231 2815 4271 nec
2849 4216 3084 4271 humana
3115 4225 3354 4285 potestas
3387 4217 3502 4271 sine
3529 4218 3612 4273 sui

2036 4307 2277 4377 periculo
2301 4306 2632 4362 discriminis
2665 4306 2838 4377 possit
2862 4320 2955 4361 eas
2987 4315 3322 4369 convertere,
3349 4307 3444 4361 sed
3470 4322 3613 4360 sem-

2037 4416 2135 4470 per
2159 4401 2261 4455 sub
2305 4397 2473 4470 regali
2503 4408 2558 4454 et
2585 4397 2851 4467 imperiali
2899 4397 3124 4452 tuitione
3165 4397 3616 4467 irrcfragabiliter

2039 4491 2201 4545 salvae
2235 4489 2464 4544 fratrum
2496 4488 2684 4543 usibus
2712 4487 3012 4542 consistant
3037 4504 3048 4538 :
3079 4495 3344 4554 quatenus
3370 4484 3613 4552 ejusdem

2041 4581 2144 4636 loci
2172 4581 2380 4635 devotae
2407 4578 2518 4633 Deo
2547 4575 2768 4638 amabili
2809 4573 3210 4643 congregationi
3245 4589 3342 4642 pro
3369 4572 3524 4626 nobis
3550 4589 3614 4626 ac

355 4682 656 4738 indictione
700 4678 788 4732 l5.
849 4677 1044 4731 Actum
1085 4673 1412 4744 Aquisgrani
1453 4671 1654 4742 palatio
1701 4670 1850 4741 regio
1890 4669 1944 4724 in
2042 4687 2140 4742 pro
2172 4669 2337 4724 totius
2357 4666 2568 4738 imperii
2598 4665 2757 4736 hujus
2777 4663 3072 4719 stabilitate
3113 4678 3176 4718 ac
3217 4677 3380 4732 pace,
3417 4670 3614 4716 nostra:

357 4774 453 4831 Dei
482 4772 696 4828 nomine
724 4767 968 4824 feliciter.
995 4767 1188 4820 Amen.

1103 4857 1190 4911 Cll

727 4967 829 5008 ινιιο
867 4963 1205 5006 IONASTSBIO
1241 4961 1530 5002 ELNO‘NENSI
1541 4984 1554 4997 .

969 5040 1142 5112 (Αηηο
1187 5037 1338 5108 822.)

579 5135 771 5208 [Apud
806 5135 870 5188 D.
912 5133 1201 5202 Bouquet.,
1228 5130 1380 5194 ibid.,
1415 5145 1536 5200 pag.
1569 5124 1719 5198 550.]

430 5229 485 5282 ln
518 5228 734 5282 nomine
779 5224 989 5278 Domini
1022 5223 1117 5276 Dei
1164 5230 1220 5276 et
1264 5218 1562 5276 Salvatoris
1601 5215 1772 5271 nostri
1806 5213 1930 5268 Jesu

358 5320 584 5384 Christi,
621 5317 922 5372 Ludovicus
951 5314 1130 5369 divina
1155 5313 1440 5368 ordinante
1467 5307 1801 5380 providentia
1830 5305 1931 5359 im—

357 5419 579 5481 perator
607 5408 898 5476 Augustus.

430 5502 565 5554 Cum
596 5498 729 5553 locis
755 5497 937 5550 divino
967 5494 1135 5550 cultui
1166 5493 1483 5563 maneipatis
1509 5491 1578 5544 ob
1615 5488 1809 5544 div-iure
1829 5501 1939 5541 ser-

361 5590 550 5645 vitutis
580 5603 819 5643 amorem
855 5602 1011 5657 opem
1053 5600 1344 5654 congruam
1392 5583 1628 5642 ferimus,
1657 5578 1935 5648 etregium

363 5697 572 5740 morem
599 5681 850 5737 decenter
875 5678 1158 5750 implcmus
1179 5717 1192 5742 ,
1243 5683 1294 5730 ct
1333 5675 1384 5729 id
1414 5673 1568 5728 nobis
1596 5667 1936 5740 profuturum

2043 4760 2264 4832 pietatis
2293 4772 2516 4812 munere
2558 4753 2752 4822 adjutze
2771 4793 2786 4819 ,
2831 4753 3114 4807 Dominum
3140 4750 3462 4822 propensius
3486 4765 3614 4804 exo-

2048 4865 2169 4906 rare
2195 4848 2440 4905 delectet.
2479 4847 2546 4901 Et
2586 4846 2702 4900 lucc
2731 4843 2947 4899 nomina
2981 4841 3048 4896 de
3082 4841 3214 4909 ipsis
3256 4839 3450 4901 rebus,
3481 4853 3617 4905 quas

2039 4943 2144 4998 illis
2165 4941 2281 4996 dari
2317 4938 2696 4995 decrevimus:
2730 4936 2786 4989 ln
2816 4948 2952 5004 pago
2973 4930 3352 4994 Bracbatensi,
3385 4929 3437 4981 in
3479 4927 3613 4982 locis

2037 5030 2360 5100 nuncupatis
2386 5027 2647 5083 Baceroth
2682 5021 3019 5096 (Bassarode)
3044 5062 3058 5086 ,
3087 5020 3268 5085 Decla,
3297 5017 3620 5073 Neonisioet

2040 5123 2350 5186 Securiaco,
2379 5118 2554 5175 mansi
2599 5132 2796 5180 sum;
2848 5115 2900 5168 in
2930 5129 3066 5183 pago
3089 5108 3522 5171 Ostrebautinse,
3559 5107 3594 5159 it

2039 5215 2158 5270 loco
2196 5215 2289 5286 qui
2329 5209 2528 5268 dicitur
2568 5208 2885 5269 llalciacus,
2950 5218 3070 5258 cum
3130 5198 3460 5271 appendiciis
3505 5196 3620 5250 suis

2039 5308 2214 5363 mansi
2237 5321 2399 5369 LVIII;
2433 5304 2485 5357 in
2534 5317 2670 5373 pago
2707 5299 2797 5370 qui
2837 5296 3031 5351 dicitur
3062 5293 3383 5364 Mcnpiscus,
3417 5290 3466 5342 in
3499 5288 3622 5341 loco

2039 5405 2382 5467 nuncupante
2432 5395 2643 5457 Roslar,
2702 5406 2823 5446 cum
2869 5385 3199 5457 appendiciis
3245 5384 3388 5447 suis,
3443 5383 3617 5435 mansi

2037 5504 2235 5551 cum;
2265 5483 2614 5540 mansioniles
2639 5483 2781 5535 circa
2825 5475 3208 5531 monasterium
3239 5490 3312 5537 tv,
3351 5482 3406 5527 et
3434 5472 3610 5542 pisca-

2042 5578 2241 5630 tionem
2268 5584 2427 5643 atque
2456 5573 2842 5630 Seoncurtcm;
2893 5576 2946 5618 et
2982 5564 3033 5616 in
3066 5562 3328 5617 Flandras
3357 5560 3611 5615 mariscas

2043 5681 2179 5719 \‘lll:
2229 5665 2322 5719 scd
2364 5671 2417 5716 et
2464 5662 2514 5715 in
2559 5674 2695 5730 pago
2738 5654 3077 5711 Lauduncnsi
3119 5651 3452 5708 Barisiacum
3493 5663 3614 5705 tum
