  <div class='ocr_page' id='page_1' title='image "/cluster/home/n/w/nwhite01/storage/ocr_20150623/104/hvd.32044052819794/563.png"; bbox 0 0 3946 6174; ppageno 0'>
   <div class='ocr_carea' id='block_1_1' title="bbox 439 289 578 345">
    <p class='ocr_par' dir='ltr' id='par_1_1' title="bbox 439 289 578 345">
     <span class='ocr_line' id='line_1_1' title="bbox 439 289 578 345; baseline 0.007 -1"><span class='ocrx_word' id='word_1_1' title='bbox 439 289 578 345; x_wconf 67' lang='lat' dir='ltr'><strong>IIIS</strong></span> 
     </span>
    </p>
   </div>
   <div class='ocr_carea' id='block_1_2' title="bbox 1541 267 2553 336">
    <p class='ocr_par' dir='ltr' id='par_1_2' title="bbox 1541 267 2553 336">
     <span class='ocr_line' id='line_1_2' title="bbox 1541 267 2553 336; baseline -0.002 -2"><span class='ocrx_word' id='word_1_2' title='bbox 1541 267 1865 336; x_wconf 70' lang='grc' dir='ltr'><strong>ιυυσηοι</strong></span> <span class='ocrx_word' id='word_1_3' title='bbox 1901 278 1921 332; x_wconf 90' lang='grc'><strong>1</strong></span> <span class='ocrx_word' id='word_1_4' title='bbox 1957 276 2428 334; x_wconf 67' lang='lat' dir='ltr'><strong>COGNOMEN-TO</strong></span> <span class='ocrx_word' id='word_1_5' title='bbox 2467 275 2553 332; x_wconf 84' lang='lat' dir='ltr'><strong>PII</strong></span> 
     </span>
    </p>
   </div>
   <div class='ocr_carea' id='block_1_3' title="bbox 3567 278 3718 336">
    <p class='ocr_par' dir='ltr' id='par_1_3' title="bbox 3567 278 3718 336">
     <span class='ocr_line' id='line_1_3' title="bbox 3567 278 3718 336; baseline 0.013 -6"><span class='ocrx_word' id='word_1_6' title='bbox 3567 278 3718 336; x_wconf 69' lang='grc'><strong>1116</strong></span> 
     </span>
    </p>
   </div>
   <div class='ocr_carea' id='block_1_4' title="bbox 413 385 3721 469">
    <p class='ocr_par' dir='ltr' id='par_1_4' title="bbox 413 385 3721 469">
     <span class='ocr_line' id='line_1_4' title="bbox 413 385 3721 469; baseline -0.002 -11"><span class='ocrx_word' id='word_1_7' title='bbox 413 402 686 458; x_wconf 73' lang='lat' dir='ltr'><strong>omnibus</strong></span> <span class='ocrx_word' id='word_1_8' title='bbox 710 398 1039 469; x_wconf 85' lang='lat' dir='ltr'><strong>appendiciis</strong></span> <span class='ocrx_word' id='word_1_9' title='bbox 1063 397 1196 452; x_wconf 84' lang='lat' dir='ltr'><strong>suis.</strong></span> <span class='ocrx_word' id='word_1_10' title='bbox 1247 395 1470 464; x_wconf 87' lang='lat' dir='ltr'><strong>Insuper</strong></span> <span class='ocrx_word' id='word_1_11' title='bbox 1497 393 1809 448; x_wconf 84' lang='lat' dir='ltr'><strong>censuimus</strong></span> <span class='ocrx_word' id='word_1_12' title='bbox 1845 390 2011 446; x_wconf 86' lang='lat' dir='ltr'><strong>etiam</strong></span> <span class='ocrx_word' id='word_1_13' title='bbox 2042 394 2091 451; x_wconf 86' lang='grc' dir='ltr'><strong>Α</strong></span> <span class='ocrx_word' id='word_1_14' title='bbox 2116 389 2200 444; x_wconf 88' lang='lat' dir='ltr'><strong>vel</strong></span> <span class='ocrx_word' id='word_1_15' title='bbox 2233 388 2487 460; x_wconf 84' lang='lat' dir='ltr'><strong>deinceps</strong></span> <span class='ocrx_word' id='word_1_16' title='bbox 2535 389 2588 444; x_wconf 92' lang='lat' dir='ltr'><strong>in</strong></span> <span class='ocrx_word' id='word_1_17' title='bbox 2632 385 2756 456; x_wconf 85' lang='lat' dir='ltr'><strong>iure</strong></span> <span class='ocrx_word' id='word_1_18' title='bbox 2805 387 2974 457; x_wconf 84' lang='lat' dir='ltr'><strong>ipsius</strong></span> <span class='ocrx_word' id='word_1_19' title='bbox 3009 389 3185 443; x_wconf 89' lang='lat' dir='ltr'><strong>sancti</strong></span> <span class='ocrx_word' id='word_1_20' title='bbox 3219 387 3324 444; x_wconf 86' lang='lat' dir='ltr'><strong>loci</strong></span> <span class='ocrx_word' id='word_1_21' title='bbox 3354 389 3600 447; x_wconf 82' lang='lat' dir='ltr'><strong>voluerit</strong></span> <span class='ocrx_word' id='word_1_22' title='bbox 3632 396 3721 450; x_wconf 87' lang='lat' dir='ltr'><strong>di—</strong></span> 
     </span>
    </p>
   </div>
   <div class='ocr_carea' id='block_1_5' title="bbox 438 480 2017 556">
    <p class='ocr_par' dir='ltr' id='par_1_5' title="bbox 438 480 2017 556">
     <span class='ocr_line' id='line_1_5' title="bbox 438 480 2017 556; baseline -0.007 -11"><span class='ocrx_word' id='word_1_23' title='bbox 438 492 547 546; x_wconf 84' lang='lat' dir='ltr'><strong>iilis</strong></span> <span class='ocrx_word' id='word_1_24' title='bbox 575 491 692 544; x_wconf 89' lang='lat' dir='ltr'><strong>dari</strong></span> <span class='ocrx_word' id='word_1_25' title='bbox 731 503 928 544; x_wconf 89' lang='lat' dir='ltr'><strong>nonam</strong></span> <span class='ocrx_word' id='word_1_26' title='bbox 968 493 1175 556; x_wconf 83' lang='lat' dir='ltr'><strong>partem</strong></span> <span class='ocrx_word' id='word_1_27' title='bbox 1208 485 1275 539; x_wconf 90' lang='lat' dir='ltr'><strong>de</strong></span> <span class='ocrx_word' id='word_1_28' title='bbox 1301 485 1450 539; x_wconf 88' lang='lat' dir='ltr'><strong>omni</strong></span> <span class='ocrx_word' id='word_1_29' title='bbox 1484 483 1836 555; x_wconf 78' lang='lat' dir='ltr'><strong>suppellectili</strong></span> <span class='ocrx_word' id='word_1_30' title='bbox 1873 480 2017 550; x_wconf 85' lang='lat' dir='ltr'><strong>eius-</strong></span> 
     </span>
    </p>
   </div>
   <div class='ocr_carea' id='block_1_6' title="bbox 437 573 2020 648">
    <p class='ocr_par' dir='ltr' id='par_1_6' title="bbox 437 573 2020 648">
     <span class='ocr_line' id='line_1_6' title="bbox 437 573 2020 648; baseline -0.008 -10"><span class='ocrx_word' id='word_1_31' title='bbox 437 584 560 638; x_wconf 88' lang='lat' dir='ltr'><strong>dem</strong></span> <span class='ocrx_word' id='word_1_32' title='bbox 591 580 835 635; x_wconf 69' lang='lat' dir='ltr'><strong>ccclesiae</strong></span> <span class='ocrx_word' id='word_1_33' title='bbox 856 593 955 648; x_wconf 91' lang='lat' dir='ltr'><strong>per</strong></span> <span class='ocrx_word' id='word_1_34' title='bbox 975 585 1116 632; x_wconf 84' lang='lat' dir='ltr'><strong>totas</strong></span> <span class='ocrx_word' id='word_1_35' title='bbox 1145 575 1322 640; x_wconf 85' lang='lat' dir='ltr'><strong>villas,</strong></span> <span class='ocrx_word' id='word_1_36' title='bbox 1349 583 1404 630; x_wconf 90' lang='lat' dir='ltr'><strong>et</strong></span> <span class='ocrx_word' id='word_1_37' title='bbox 1430 575 1829 645; x_wconf 81' lang='lat' dir='ltr'><strong>possessionem</strong></span> <span class='ocrx_word' id='word_1_38' title='bbox 1859 573 2020 642; x_wconf 89' lang='lat' dir='ltr'><strong>huius</strong></span> 
     </span>
    </p>
   </div>
   <div class='ocr_carea' id='block_1_7' title="bbox 438 651 2016 733">
    <p class='ocr_par' dir='ltr' id='par_1_7' title="bbox 438 651 2016 733">
     <span class='ocr_line' id='line_1_7' title="bbox 438 651 2016 733; baseline -0.006 -7"><span class='ocrx_word' id='word_1_39' title='bbox 438 669 668 726; x_wconf 72' lang='lat' dir='ltr'><strong>cmuobii</strong></span> <span class='ocrx_word' id='word_1_40' title='bbox 715 668 976 732; x_wconf 75' lang='lat' dir='ltr'><strong>rectoris,</strong></span> <span class='ocrx_word' id='word_1_41' title='bbox 1027 668 1080 722; x_wconf 91' lang='lat' dir='ltr'><strong>id</strong></span> <span class='ocrx_word' id='word_1_42' title='bbox 1127 674 1213 721; x_wconf 90' lang='lat' dir='ltr'><strong>est</strong></span> <span class='ocrx_word' id='word_1_43' title='bbox 1241 651 1308 720; x_wconf 82' lang='lat' dir='ltr'><strong>de</strong></span> <span class='ocrx_word' id='word_1_44' title='bbox 1333 680 1579 729; x_wconf 89' lang='lat' dir='ltr'><strong>annona,</strong></span> <span class='ocrx_word' id='word_1_45' title='bbox 1630 663 1696 718; x_wconf 90' lang='lat' dir='ltr'><strong>de</strong></span> <span class='ocrx_word' id='word_1_46' title='bbox 1727 663 2016 733; x_wconf 74' lang='lat' dir='ltr'><strong>legumine,</strong></span> 
     </span>
    </p>
   </div>
   <div class='ocr_carea' id='block_1_8' title="bbox 438 753 2023 825">
    <p class='ocr_par' dir='ltr' id='par_1_8' title="bbox 438 753 2023 825">
     <span class='ocr_line' id='line_1_8' title="bbox 438 753 2023 825; baseline -0.004 -11"><span class='ocrx_word' id='word_1_47' title='bbox 438 763 505 814; x_wconf 90' lang='lat' dir='ltr'><strong>de</strong></span> <span class='ocrx_word' id='word_1_48' title='bbox 535 758 685 823; x_wconf 90' lang='lat' dir='ltr'><strong>feno,</strong></span> <span class='ocrx_word' id='word_1_49' title='bbox 738 759 805 814; x_wconf 87' lang='lat' dir='ltr'><strong>dc</strong></span> <span class='ocrx_word' id='word_1_50' title='bbox 835 759 1149 822; x_wconf 79' lang='lat' dir='ltr'><strong>formatico,</strong></span> <span class='ocrx_word' id='word_1_51' title='bbox 1193 757 1258 811; x_wconf 91' lang='lat' dir='ltr'><strong>de</strong></span> <span class='ocrx_word' id='word_1_52' title='bbox 1291 756 1506 825; x_wconf 89' lang='lat' dir='ltr'><strong>porcis,</strong></span> <span class='ocrx_word' id='word_1_53' title='bbox 1542 755 1608 808; x_wconf 91' lang='lat' dir='ltr'><strong>de</strong></span> <span class='ocrx_word' id='word_1_54' title='bbox 1647 753 1918 824; x_wconf 85' lang='lat' dir='ltr'><strong>poledris,</strong></span> <span class='ocrx_word' id='word_1_55' title='bbox 1953 753 2023 807; x_wconf 89' lang='lat' dir='ltr'><strong>de</strong></span> 
     </span>
    </p>
   </div>
   <div class='ocr_carea' id='block_1_9' title="bbox 439 845 2025 920">
    <p class='ocr_par' dir='ltr' id='par_1_9' title="bbox 439 845 2025 920">
     <span class='ocr_line' id='line_1_9' title="bbox 439 845 2025 920; baseline -0.003 -17"><span class='ocrx_word' id='word_1_56' title='bbox 439 850 698 914; x_wconf 83' lang='lat' dir='ltr'><strong>camsilis,</strong></span> <span class='ocrx_word' id='word_1_57' title='bbox 731 851 796 904; x_wconf 86' lang='lat' dir='ltr'><strong>de</strong></span> <span class='ocrx_word' id='word_1_58' title='bbox 817 851 1014 920; x_wconf 89' lang='lat' dir='ltr'><strong>pastis,</strong></span> <span class='ocrx_word' id='word_1_59' title='bbox 1047 851 1113 904; x_wconf 90' lang='lat' dir='ltr'><strong>de</strong></span> <span class='ocrx_word' id='word_1_60' title='bbox 1141 849 1299 911; x_wconf 90' lang='lat' dir='ltr'><strong>vino,</strong></span> <span class='ocrx_word' id='word_1_61' title='bbox 1326 847 1393 900; x_wconf 91' lang='lat' dir='ltr'><strong>de</strong></span> <span class='ocrx_word' id='word_1_62' title='bbox 1427 847 1565 901; x_wconf 90' lang='lat' dir='ltr'><strong>ovis.</strong></span> <span class='ocrx_word' id='word_1_63' title='bbox 1608 846 1673 900; x_wconf 84' lang='lat' dir='ltr'><strong>Et</strong></span> <span class='ocrx_word' id='word_1_64' title='bbox 1699 853 1761 900; x_wconf 89' lang='lat' dir='ltr'><strong>ut</strong></span> <span class='ocrx_word' id='word_1_65' title='bbox 1787 845 1902 900; x_wconf 59' lang='lat' dir='ltr'><strong>hate</strong></span> <span class='ocrx_word' id='word_1_66' title='bbox 1928 861 2025 899; x_wconf 90' lang='lat' dir='ltr'><strong>au-</strong></span> 
     </span>
    </p>
   </div>
   <div class='ocr_carea' id='block_1_10' title="bbox 442 936 2027 1010">
    <p class='ocr_par' dir='ltr' id='par_1_10' title="bbox 442 936 2027 1010">
     <span class='ocr_line' id='line_1_10' title="bbox 442 936 2027 1010; baseline -0.003 -17"><span class='ocrx_word' id='word_1_67' title='bbox 442 941 668 994; x_wconf 88' lang='lat' dir='ltr'><strong>ctoritas</strong></span> <span class='ocrx_word' id='word_1_68' title='bbox 712 956 809 1010; x_wconf 87' lang='lat' dir='ltr'><strong>per</strong></span> <span class='ocrx_word' id='word_1_69' title='bbox 855 939 1034 993; x_wconf 88' lang='lat' dir='ltr'><strong>futura</strong></span> <span class='ocrx_word' id='word_1_70' title='bbox 1073 947 1313 1006; x_wconf 89' lang='lat' dir='ltr'><strong>tempora</strong></span> <span class='ocrx_word' id='word_1_71' title='bbox 1358 937 1741 991; x_wconf 88' lang='lat' dir='ltr'><strong>imviolabilem</strong></span> <span class='ocrx_word' id='word_1_72' title='bbox 1783 936 2027 990; x_wconf 80' lang='lat' dir='ltr'><strong>obtineat</strong></span> 
     </span>
    </p>
   </div>
   <div class='ocr_carea' id='block_1_11' title="bbox 442 1028 2028 1100">
    <p class='ocr_par' dir='ltr' id='par_1_11' title="bbox 442 1028 2028 1100">
     <span class='ocr_line' id='line_1_11' title="bbox 442 1028 2028 1100; baseline -0.002 -16"><span class='ocrx_word' id='word_1_73' title='bbox 442 1029 776 1093; x_wconf 87' lang='lat' dir='ltr'><strong>ﬁrmitatem,</strong></span> <span class='ocrx_word' id='word_1_74' title='bbox 809 1046 971 1084; x_wconf 91' lang='lat' dir='ltr'><strong>manu</strong></span> <span class='ocrx_word' id='word_1_75' title='bbox 999 1030 1217 1100; x_wconf 87' lang='lat' dir='ltr'><strong>propria</strong></span> <span class='ocrx_word' id='word_1_76' title='bbox 1253 1030 1442 1084; x_wconf 86' lang='lat' dir='ltr'><strong>subter</strong></span> <span class='ocrx_word' id='word_1_77' title='bbox 1467 1028 1822 1095; x_wconf 89' lang='lat' dir='ltr'><strong>ﬁrmavimus,</strong></span> <span class='ocrx_word' id='word_1_78' title='bbox 1854 1035 1910 1084; x_wconf 90' lang='lat' dir='ltr'><strong>et</strong></span> <span class='ocrx_word' id='word_1_79' title='bbox 1935 1043 2028 1082; x_wconf 88' lang='lat' dir='ltr'><strong>au-</strong></span> 
     </span>
    </p>
   </div>
   <div class='ocr_carea' id='block_1_12' title="bbox 441 1121 1660 1192">
    <p class='ocr_par' dir='ltr' id='par_1_12' title="bbox 441 1121 1660 1192">
     <span class='ocr_line' id='line_1_12' title="bbox 441 1121 1660 1192; baseline -0.001 -15"><span class='ocrx_word' id='word_1_80' title='bbox 441 1123 550 1177; x_wconf 89' lang='lat' dir='ltr'><strong>nuli</strong></span> <span class='ocrx_word' id='word_1_81' title='bbox 580 1125 747 1177; x_wconf 84' lang='lat' dir='ltr'><strong>nostri</strong></span> <span class='ocrx_word' id='word_1_82' title='bbox 771 1125 1125 1192; x_wconf 89' lang='lat' dir='ltr'><strong>impressione</strong></span> <span class='ocrx_word' id='word_1_83' title='bbox 1153 1123 1355 1192; x_wconf 86' lang='lat' dir='ltr'><strong>signari</strong></span> <span class='ocrx_word' id='word_1_84' title='bbox 1377 1121 1660 1190; x_wconf 89' lang='lat' dir='ltr'><strong>iussimus.</strong></span> 
     </span>
    </p>
   </div>
   <div class='ocr_carea' id='block_1_13' title="bbox 515 1212 1774 1282">
    <p class='ocr_par' dir='ltr' id='par_1_13' title="bbox 515 1212 1774 1282">
     <span class='ocr_line' id='line_1_13' title="bbox 515 1212 1774 1282; baseline -0.001 -15"><span class='ocrx_word' id='word_1_85' title='bbox 515 1212 737 1282; x_wconf 89' lang='lat' dir='ltr'><strong>Signum</strong></span> <span class='ocrx_word' id='word_1_86' title='bbox 763 1213 1021 1268; x_wconf 81' lang='lat' dir='ltr'><strong>Ludovici</strong></span> <span class='ocrx_word' id='word_1_87' title='bbox 1049 1212 1387 1268; x_wconf 88' lang='lat' dir='ltr'><strong>serenissimi</strong></span> <span class='ocrx_word' id='word_1_88' title='bbox 1413 1213 1774 1281; x_wconf 80' lang='lat' dir='ltr'><strong>imperatoris.</strong></span> 
     </span>
    </p>
   </div>
   <div class='ocr_carea' id='block_1_14' title="bbox 513 1302 2022 1374">
    <p class='ocr_par' dir='ltr' id='par_1_14' title="bbox 513 1302 2022 1374">
     <span class='ocr_line' id='line_1_14' title="bbox 513 1302 2022 1374; baseline 0.001 -18"><span class='ocrx_word' id='word_1_89' title='bbox 513 1303 796 1356; x_wconf 87' lang='lat' dir='ltr'><strong>Durandus</strong></span> <span class='ocrx_word' id='word_1_90' title='bbox 825 1303 1085 1358; x_wconf 83' lang='lat' dir='ltr'><strong>diaconus</strong></span> <span class='ocrx_word' id='word_1_91' title='bbox 1117 1304 1184 1357; x_wconf 90' lang='lat' dir='ltr'><strong>ad</strong></span> <span class='ocrx_word' id='word_1_92' title='bbox 1209 1303 1384 1357; x_wconf 90' lang='lat' dir='ltr'><strong>vicem</strong></span> <span class='ocrx_word' id='word_1_93' title='bbox 1415 1302 1686 1374; x_wconf 84' lang='lat' dir='ltr'><strong>Fridugisi</strong></span> <span class='ocrx_word' id='word_1_94' title='bbox 1715 1303 2022 1374; x_wconf 76' lang='lat' dir='ltr'><strong>recognovi.</strong></span> 
     </span>
    </p>
   </div>
   <div class='ocr_carea' id='block_1_15' title="bbox 512 1393 2027 1464">
    <p class='ocr_par' dir='ltr' id='par_1_15' title="bbox 512 1393 2027 1464">
     <span class='ocr_line' id='line_1_15' title="bbox 512 1393 2027 1464; baseline 0 -17"><span class='ocrx_word' id='word_1_95' title='bbox 512 1393 645 1447; x_wconf 88' lang='lat' dir='ltr'><strong>Data</strong></span> <span class='ocrx_word' id='word_1_96' title='bbox 673 1409 731 1447; x_wconf 85' lang='grc' dir='ltr'>ιιι</span> <span class='ocrx_word' id='word_1_97' title='bbox 760 1394 879 1448; x_wconf 83' lang='lat' dir='ltr'><strong>Kal.</strong></span> <span class='ocrx_word' id='word_1_98' title='bbox 906 1393 1065 1459; x_wconf 86' lang='lat' dir='ltr'><strong>Julii,</strong></span> <span class='ocrx_word' id='word_1_99' title='bbox 1111 1410 1254 1449; x_wconf 92' lang='lat' dir='ltr'><strong>anno</strong></span> <span class='ocrx_word' id='word_1_100' title='bbox 1284 1394 1504 1449; x_wconf 85' lang='lat' dir='ltr'><strong>Christo</strong></span> <span class='ocrx_word' id='word_1_101' title='bbox 1540 1394 1773 1464; x_wconf 91' lang='lat' dir='ltr'><strong>pr0pitio</strong></span> <span class='ocrx_word' id='word_1_102' title='bbox 1807 1395 1840 1450; x_wconf 87' lang='lat'><strong>8</strong></span> <span class='ocrx_word' id='word_1_103' title='bbox 1865 1407 1890 1434; x_wconf 72' lang='grc' dir='ltr'>α</span> <span class='ocrx_word' id='word_1_104' title='bbox 1926 1394 2027 1448; x_wconf 89' lang='lat' dir='ltr'><strong>im-</strong></span> 
     </span>
    </p>
   </div>
   <div class='ocr_carea' id='block_1_16' title="bbox 442 1483 2029 1555">
    <p class='ocr_par' dir='ltr' id='par_1_16' title="bbox 442 1483 2029 1555">
     <span class='ocr_line' id='line_1_16' title="bbox 442 1483 2029 1555; baseline 0.002 -19"><span class='ocrx_word' id='word_1_105' title='bbox 442 1483 576 1554; x_wconf 86' lang='lat' dir='ltr'><strong>perii</strong></span> <span class='ocrx_word' id='word_1_106' title='bbox 620 1485 803 1538; x_wconf 83' lang='lat' dir='ltr'><strong>domui</strong></span> <span class='ocrx_word' id='word_1_107' title='bbox 846 1485 1102 1539; x_wconf 84' lang='lat' dir='ltr'><strong>Ludovici</strong></span> <span class='ocrx_word' id='word_1_108' title='bbox 1152 1484 1380 1555; x_wconf 87' lang='lat' dir='ltr'><strong>piissimi</strong></span> <span class='ocrx_word' id='word_1_109' title='bbox 1422 1483 1649 1554; x_wconf 80' lang='lat' dir='ltr'><strong>Augusti</strong></span> <span class='ocrx_word' id='word_1_110' title='bbox 1675 1524 1690 1547; x_wconf 94' lang='lat'><strong>,</strong></span> <span class='ocrx_word' id='word_1_111' title='bbox 1729 1484 2029 1539; x_wconf 87' lang='lat' dir='ltr'><strong>indictione</strong></span> 
     </span>
    </p>
   </div>
   <div class='ocr_carea' id='block_1_17' title="bbox 445 1573 2024 1644">
    <p class='ocr_par' dir='ltr' id='par_1_17' title="bbox 445 1573 2024 1644">
     <span class='ocr_line' id='line_1_17' title="bbox 445 1573 2024 1644; baseline 0.001 -17"><span class='ocrx_word' id='word_1_112' title='bbox 445 1573 531 1627; x_wconf 67' lang='lat'><strong>£5.</strong></span> <span class='ocrx_word' id='word_1_113' title='bbox 575 1573 768 1630; x_wconf 80' lang='lat' dir='ltr'><strong>Actum</strong></span> <span class='ocrx_word' id='word_1_114' title='bbox 800 1574 1054 1631; x_wconf 79' lang='lat' dir='ltr'><strong>Stratella</strong></span> <span class='ocrx_word' id='word_1_115' title='bbox 1102 1574 1230 1630; x_wconf 89' lang='lat' dir='ltr'><strong>villa</strong></span> <span class='ocrx_word' id='word_1_116' title='bbox 1277 1574 1331 1629; x_wconf 94' lang='lat' dir='ltr'><strong>in</strong></span> <span class='ocrx_word' id='word_1_117' title='bbox 1377 1574 1474 1629; x_wconf 92' lang='lat' dir='ltr'><strong>Dei</strong></span> <span class='ocrx_word' id='word_1_118' title='bbox 1507 1575 1726 1630; x_wconf 89' lang='lat' dir='ltr'><strong>nomine</strong></span> <span class='ocrx_word' id='word_1_119' title='bbox 1773 1573 2024 1644; x_wconf 78' lang='lat' dir='ltr'><strong>feliciter.</strong></span> 
     </span>
    </p>
   </div>
   <div class='ocr_carea' id='block_1_18' title="bbox 445 1663 632 1719">
    <p class='ocr_par' dir='ltr' id='par_1_18' title="bbox 445 1663 632 1719">
     <span class='ocr_line' id='line_1_18' title="bbox 445 1663 632 1719; baseline 0.005 -3"><span class='ocrx_word' id='word_1_120' title='bbox 445 1663 632 1719; x_wconf 75' lang='lat' dir='ltr'><strong>Amen.</strong></span> 
     </span>
    </p>
   </div>
   <div class='ocr_carea' id='block_1_19' title="bbox 1161 1755 1292 1811">
    <p class='ocr_par' dir='ltr' id='par_1_19' title="bbox 1161 1755 1292 1811">
     <span class='ocr_line' id='line_1_19' title="bbox 1161 1755 1292 1811; baseline -0.008 0"><span class='ocrx_word' id='word_1_121' title='bbox 1161 1755 1292 1811; x_wconf 86' lang='lat' dir='ltr'><strong>CIII.</strong></span> 
     </span>
    </p>
   </div>
   <div class='ocr_carea' id='block_1_20' title="bbox 696 1860 1786 1906">
    <p class='ocr_par' dir='ltr' id='par_1_20' title="bbox 696 1860 1786 1906">
     <span class='ocr_line' id='line_1_20' title="bbox 696 1860 1786 1906; baseline 0.006 -8"><span class='ocrx_word' id='word_1_122' title='bbox 696 1860 798 1901; x_wconf 73' lang='lat' dir='ltr'><strong>PRO</strong></span> <span class='ocrx_word' id='word_1_123' title='bbox 837 1861 1175 1904; x_wconf 72' lang='lat' dir='ltr'><strong>IIONAS&#39;I&#39;ERIO</strong></span> <span class='ocrx_word' id='word_1_124' title='bbox 1207 1865 1424 1905; x_wconf 61' lang='grc' dir='ltr'><strong>ελκοτε</strong></span> <span class='ocrx_word' id='word_1_125' title='bbox 1464 1865 1786 1906; x_wconf 69' lang='grc' dir='ltr'><strong>σιιιηετιιω.</strong></span> 
     </span>
    </p>
   </div>
   <div class='ocr_carea' id='block_1_21' title="bbox 1062 1936 1520 2011">
    <p class='ocr_par' dir='ltr' id='par_1_21' title="bbox 1062 1936 1520 2011">
     <span class='ocr_line' id='line_1_21' title="bbox 1062 1936 1520 2011; baseline 0.007 -22"><span class='ocrx_word' id='word_1_126' title='bbox 1062 1936 1237 2009; x_wconf 78' lang='lat' dir='ltr'><strong>(Anno</strong></span> <span class='ocrx_word' id='word_1_127' title='bbox 1266 1939 1416 2011; x_wconf 83' lang='lat'><strong>822.)</strong></span> <span class='ocrx_word' id='word_1_128' title='bbox 1515 1987 1520 1992; x_wconf 90' lang='lat'><strong>.</strong></span> 
     </span>
    </p>
   </div>
   <div class='ocr_carea' id='block_1_22' title="bbox 447 2024 2030 2099">
    <p class='ocr_par' dir='ltr' id='par_1_22' title="bbox 447 2024 2030 2099">
     <span class='ocr_line' id='line_1_22' title="bbox 447 2024 2030 2099; baseline 0.006 -22"><span class='ocrx_word' id='word_1_129' title='bbox 447 2024 636 2096; x_wconf 81' lang='lat' dir='ltr'><strong>[Apud</strong></span> <span class='ocrx_word' id='word_1_130' title='bbox 665 2024 849 2080; x_wconf 87' lang='lat' dir='ltr'><strong>Baluz.</strong></span> <span class='ocrx_word' id='word_1_131' title='bbox 873 2025 1112 2099; x_wconf 61' lang='lat' dir='ltr'><strong>Capitol.</strong></span> <span class='ocrx_word' id='word_1_132' title='bbox 1150 2037 1278 2081; x_wconf 82' lang='lat' dir='ltr'><strong>tam.</strong></span> <span class='ocrx_word' id='word_1_133' title='bbox 1311 2029 1372 2090; x_wconf 89' lang='lat' dir='ltr'><strong>II,</strong></span> <span class='ocrx_word' id='word_1_134' title='bbox 1413 2044 1537 2099; x_wconf 89' lang='lat' dir='ltr'><strong>pag.</strong></span> <span class='ocrx_word' id='word_1_135' title='bbox 1563 2030 1736 2098; x_wconf 69' lang='lat' dir='ltr'><strong>I422,</strong></span> <span class='ocrx_word' id='word_1_136' title='bbox 1767 2045 1838 2087; x_wconf 82' lang='lat' dir='ltr'><strong>ex</strong></span> <span class='ocrx_word' id='word_1_137' title='bbox 1859 2031 2030 2086; x_wconf 78' lang='lat' dir='ltr'><strong>veteri</strong></span> 
     </span>
    </p>
   </div>
   <div class='ocr_carea' id='block_1_23' title="bbox 925 2097 1550 2172">
    <p class='ocr_par' dir='ltr' id='par_1_23' title="bbox 925 2097 1550 2172">
     <span class='ocr_line' id='line_1_23' title="bbox 925 2097 1550 2172; baseline 0.005 -21"><span class='ocrx_word' id='word_1_138' title='bbox 925 2097 1046 2151; x_wconf 89' lang='lat' dir='ltr'><strong>cod.</strong></span> <span class='ocrx_word' id='word_1_139' title='bbox 1090 2097 1550 2172; x_wconf 51' lang='lat' dir='ltr'><strong>Longobardico&#39;.]</strong></span> 
     </span>
    </p>
   </div>
   <div class='ocr_carea' id='block_1_24' title="bbox 519 2203 2032 2265">
    <p class='ocr_par' dir='ltr' id='par_1_24' title="bbox 519 2203 2032 2265">
     <span class='ocr_line' id='line_1_24' title="bbox 519 2203 2032 2265; baseline 0.005 -9"><span class='ocrx_word' id='word_1_140' title='bbox 519 2203 576 2257; x_wconf 86' lang='lat' dir='ltr'><strong>In</strong></span> <span class='ocrx_word' id='word_1_141' title='bbox 605 2204 825 2260; x_wconf 88' lang='lat' dir='ltr'><strong>nomine</strong></span> <span class='ocrx_word' id='word_1_142' title='bbox 875 2205 1088 2259; x_wconf 85' lang='lat' dir='ltr'><strong>Domini</strong></span> <span class='ocrx_word' id='word_1_143' title='bbox 1138 2205 1233 2259; x_wconf 87' lang='lat' dir='ltr'><strong>Dei</strong></span> <span class='ocrx_word' id='word_1_144' title='bbox 1279 2213 1335 2259; x_wconf 91' lang='lat' dir='ltr'><strong>et</strong></span> <span class='ocrx_word' id='word_1_145' title='bbox 1370 2205 1672 2262; x_wconf 88' lang='lat' dir='ltr'><strong>Salvatoris</strong></span> <span class='ocrx_word' id='word_1_146' title='bbox 1703 2210 1873 2264; x_wconf 86' lang='lat' dir='ltr'><strong>nostri</strong></span> <span class='ocrx_word' id='word_1_147' title='bbox 1903 2207 2032 2265; x_wconf 73' lang='lat' dir='ltr'><strong>Iesu</strong></span> 
     </span>
    </p>
   </div>
   <div class='ocr_carea' id='block_1_25' title="bbox 444 2294 2029 2368">
    <p class='ocr_par' dir='ltr' id='par_1_25' title="bbox 444 2294 2029 2368">
     <span class='ocr_line' id='line_1_25' title="bbox 444 2294 2029 2368; baseline 0.003 -20"><span class='ocrx_word' id='word_1_148' title='bbox 444 2295 668 2357; x_wconf 81' lang='lat' dir='ltr'><strong>Christi,</strong></span> <span class='ocrx_word' id='word_1_149' title='bbox 721 2294 1064 2360; x_wconf 72' lang='lat' dir='ltr'><strong>Ludovicus,</strong></span> <span class='ocrx_word' id='word_1_150' title='bbox 1100 2294 1282 2349; x_wconf 86' lang='lat' dir='ltr'><strong>divina</strong></span> <span class='ocrx_word' id='word_1_151' title='bbox 1331 2297 1619 2353; x_wconf 84' lang='lat' dir='ltr'><strong>ordinante</strong></span> <span class='ocrx_word' id='word_1_152' title='bbox 1664 2299 2029 2368; x_wconf 80' lang='lat' dir='ltr'><strong>providentia,</strong></span> 
     </span>
    </p>
   </div>
   <div class='ocr_carea' id='block_1_26' title="bbox 445 2383 1056 2454">
    <p class='ocr_par' dir='ltr' id='par_1_26' title="bbox 445 2383 1056 2454">
     <span class='ocr_line' id='line_1_26' title="bbox 445 2383 1056 2454; baseline -0.002 -17"><span class='ocrx_word' id='word_1_153' title='bbox 445 2383 741 2454; x_wconf 82' lang='lat' dir='ltr'><strong>imperator</strong></span> <span class='ocrx_word' id='word_1_154' title='bbox 765 2383 1056 2453; x_wconf 83' lang='lat' dir='ltr'><strong>Augustus.</strong></span> 
     </span>
    </p>
   </div>
   <div class='ocr_carea' id='block_1_27' title="bbox 513 2475 2034 2548">
    <p class='ocr_par' dir='ltr' id='par_1_27' title="bbox 513 2475 2034 2548">
     <span class='ocr_line' id='line_1_27' title="bbox 513 2475 2034 2548; baseline 0.003 -18"><span class='ocrx_word' id='word_1_155' title='bbox 513 2475 651 2530; x_wconf 86' lang='lat' dir='ltr'><strong>Cum</strong></span> <span class='ocrx_word' id='word_1_156' title='bbox 686 2476 1038 2545; x_wconf 87' lang='lat' dir='ltr'><strong>petitionibus</strong></span> <span class='ocrx_word' id='word_1_157' title='bbox 1069 2491 1348 2532; x_wconf 88' lang='lat' dir='ltr'><strong>servorum</strong></span> <span class='ocrx_word' id='word_1_158' title='bbox 1379 2477 1475 2533; x_wconf 87' lang='lat' dir='ltr'><strong>Dei</strong></span> <span class='ocrx_word' id='word_1_159' title='bbox 1498 2478 1662 2548; x_wconf 91' lang='lat' dir='ltr'><strong>iustis</strong></span> <span class='ocrx_word' id='word_1_160' title='bbox 1705 2487 1760 2532; x_wconf 89' lang='lat' dir='ltr'><strong>et</strong></span> <span class='ocrx_word' id='word_1_161' title='bbox 1793 2478 2034 2534; x_wconf 83' lang='lat' dir='ltr'><strong>rationa-</strong></span> 
     </span>
    </p>
   </div>
   <div class='ocr_carea' id='block_1_28' title="bbox 447 2565 2036 2639">
    <p class='ocr_par' dir='ltr' id='par_1_28' title="bbox 447 2565 2036 2639">
     <span class='ocr_line' id='line_1_28' title="bbox 447 2565 2036 2639; baseline 0.003 -19"><span class='ocrx_word' id='word_1_162' title='bbox 447 2565 647 2621; x_wconf 89' lang='lat' dir='ltr'><strong>hilibus</strong></span> <span class='ocrx_word' id='word_1_163' title='bbox 677 2566 844 2620; x_wconf 85' lang='lat' dir='ltr'><strong>divini</strong></span> <span class='ocrx_word' id='word_1_164' title='bbox 873 2566 1052 2622; x_wconf 91' lang='lat' dir='ltr'><strong>cultus</strong></span> <span class='ocrx_word' id='word_1_165' title='bbox 1078 2582 1266 2622; x_wconf 85' lang='lat' dir='ltr'><strong>amore</strong></span> <span class='ocrx_word' id='word_1_166' title='bbox 1293 2567 1567 2634; x_wconf 86' lang='lat' dir='ltr'><strong>favemus,</strong></span> <span class='ocrx_word' id='word_1_167' title='bbox 1598 2569 1818 2639; x_wconf 89' lang='lat' dir='ltr'><strong>superni</strong></span> <span class='ocrx_word' id='word_1_168' title='bbox 1846 2585 2036 2626; x_wconf 86' lang='lat' dir='ltr'><strong>mune-</strong></span> 
     </span>
    </p>
   </div>
   <div class='ocr_carea' id='block_1_29' title="bbox 450 2657 2037 2730">
    <p class='ocr_par' dir='ltr' id='par_1_29' title="bbox 450 2657 2037 2730">
     <span class='ocr_line' id='line_1_29' title="bbox 450 2657 2037 2730; baseline 0.003 -20"><span class='ocrx_word' id='word_1_169' title='bbox 450 2657 529 2711; x_wconf 87' lang='lat' dir='ltr'><strong>ris</strong></span> <span class='ocrx_word' id='word_1_170' title='bbox 555 2657 754 2711; x_wconf 89' lang='lat' dir='ltr'><strong>donum</strong></span> <span class='ocrx_word' id='word_1_171' title='bbox 785 2657 944 2712; x_wconf 89' lang='lat' dir='ltr'><strong>nobis</strong></span> <span class='ocrx_word' id='word_1_172' title='bbox 973 2672 1004 2711; x_wconf 92' lang='lat' dir='ltr'><strong>a</strong></span> <span class='ocrx_word' id='word_1_173' title='bbox 1039 2657 1270 2713; x_wconf 89' lang='lat' dir='ltr'><strong>Domino</strong></span> <span class='ocrx_word' id='word_1_174' title='bbox 1295 2658 1560 2730; x_wconf 87' lang='lat' dir='ltr'><strong>impertiri</strong></span> <span class='ocrx_word' id='word_1_175' title='bbox 1600 2659 1896 2715; x_wconf 77' lang='lat' dir='ltr'><strong>credimus.</strong></span> <span class='ocrx_word' id='word_1_176' title='bbox 1949 2658 2037 2714; x_wconf 90' lang='lat' dir='ltr'><strong>Id-</strong></span> 
     </span>
    </p>
   </div>
   <div class='ocr_carea' id='block_1_30' title="bbox 447 2747 2038 2806">
    <p class='ocr_par' dir='ltr' id='par_1_30' title="bbox 447 2747 2038 2806">
     <span class='ocr_line' id='line_1_30' title="bbox 447 2747 2038 2806; baseline 0.003 -5"><span class='ocrx_word' id='word_1_177' title='bbox 447 2747 596 2801; x_wconf 89' lang='lat' dir='ltr'><strong>circo</strong></span> <span class='ocrx_word' id='word_1_178' title='bbox 625 2756 810 2801; x_wconf 90' lang='lat' dir='ltr'><strong>notum</strong></span> <span class='ocrx_word' id='word_1_179' title='bbox 841 2762 963 2802; x_wconf 89' lang='lat' dir='ltr'><strong>esse</strong></span> <span class='ocrx_word' id='word_1_180' title='bbox 990 2747 1242 2803; x_wconf 91' lang='lat' dir='ltr'><strong>volumus</strong></span> <span class='ocrx_word' id='word_1_181' title='bbox 1280 2749 1534 2805; x_wconf 90' lang='lat' dir='ltr'><strong>omnibus</strong></span> <span class='ocrx_word' id='word_1_182' title='bbox 1557 2747 1808 2804; x_wconf 90' lang='lat' dir='ltr'><strong>ﬁdelibus</strong></span> <span class='ocrx_word' id='word_1_183' title='bbox 1833 2757 2038 2806; x_wconf 67' lang='lat' dir='ltr'><strong>sancta</strong></span> 
     </span>
    </p>
   </div>
   <div class='ocr_carea' id='block_1_31' title="bbox 451 2839 2038 2912">
    <p class='ocr_par' dir='ltr' id='par_1_31' title="bbox 451 2839 2038 2912">
     <span class='ocr_line' id='line_1_31' title="bbox 451 2839 2038 2912; baseline 0.003 -18"><span class='ocrx_word' id='word_1_184' title='bbox 451 2839 546 2894; x_wconf 78' lang='lat' dir='ltr'><strong>Dei</strong></span> <span class='ocrx_word' id='word_1_185' title='bbox 572 2841 830 2895; x_wconf 66' lang='lat' dir='ltr'><strong>Ecclesia!</strong></span> <span class='ocrx_word' id='word_1_186' title='bbox 861 2841 1201 2911; x_wconf 82' lang='lat' dir='ltr'><strong>nostrisque,</strong></span> <span class='ocrx_word' id='word_1_187' title='bbox 1233 2841 1594 2912; x_wconf 66' lang='lat' dir='ltr'><strong>praesentibus</strong></span> <span class='ocrx_word' id='word_1_188' title='bbox 1624 2842 1833 2898; x_wconf 89' lang='lat' dir='ltr'><strong>scilicet</strong></span> <span class='ocrx_word' id='word_1_189' title='bbox 1870 2851 1926 2898; x_wconf 92' lang='lat' dir='ltr'><strong>et</strong></span> <span class='ocrx_word' id='word_1_190' title='bbox 1953 2841 2038 2898; x_wconf 87' lang='lat' dir='ltr'><strong>fu-</strong></span> 
     </span>
    </p>
   </div>
   <div class='ocr_carea' id='block_1_32' title="bbox 454 2929 2039 2999">
    <p class='ocr_par' dir='ltr' id='par_1_32' title="bbox 454 2929 2039 2999">
     <span class='ocr_line' id='line_1_32' title="bbox 454 2929 2039 2999; baseline 0.003 -18"><span class='ocrx_word' id='word_1_191' title='bbox 454 2929 612 2992; x_wconf 90' lang='lat' dir='ltr'><strong>turis,</strong></span> <span class='ocrx_word' id='word_1_192' title='bbox 664 2930 790 2997; x_wconf 87' lang='lat' dir='ltr'><strong>quia</strong></span> <span class='ocrx_word' id='word_1_193' title='bbox 818 2930 904 2983; x_wconf 91' lang='lat' dir='ltr'><strong>vir</strong></span> <span class='ocrx_word' id='word_1_194' title='bbox 934 2931 1261 2986; x_wconf 78' lang='lat' dir='ltr'><strong>venerabilis</strong></span> <span class='ocrx_word' id='word_1_195' title='bbox 1285 2929 1511 2999; x_wconf 88' lang='lat' dir='ltr'><strong>Petrus,</strong></span> <span class='ocrx_word' id='word_1_196' title='bbox 1564 2933 1732 2988; x_wconf 84' lang='lat' dir='ltr'><strong>abbas</strong></span> <span class='ocrx_word' id='word_1_197' title='bbox 1756 2947 1822 2987; x_wconf 81' lang='lat' dir='ltr'><strong>ex</strong></span> <span class='ocrx_word' id='word_1_198' title='bbox 1850 2947 2039 2989; x_wconf 87' lang='lat' dir='ltr'><strong>mona-</strong></span> 
     </span>
    </p>
   </div>
   <div class='ocr_carea' id='block_1_33' title="bbox 453 3018 2087 3093">
    <p class='ocr_par' dir='ltr' id='par_1_33' title="bbox 453 3018 2087 3093">
     <span class='ocr_line' id='line_1_33' title="bbox 453 3018 2087 3093; baseline 0.002 -22"><span class='ocrx_word' id='word_1_199' title='bbox 453 3018 622 3073; x_wconf 86' lang='lat' dir='ltr'><strong>sterio</strong></span> <span class='ocrx_word' id='word_1_200' title='bbox 648 3019 864 3074; x_wconf 67' lang='lat' dir='ltr'><strong>Sancta:</strong></span> <span class='ocrx_word' id='word_1_201' title='bbox 889 3019 1210 3088; x_wconf 71' lang='lat' dir='ltr'><strong>Christinte,</strong></span> <span class='ocrx_word' id='word_1_202' title='bbox 1261 3023 1404 3092; x_wconf 90' lang='lat' dir='ltr'><strong>quod</strong></span> <span class='ocrx_word' id='word_1_203' title='bbox 1431 3029 1515 3077; x_wconf 85' lang='lat' dir='ltr'><strong>est</strong></span> <span class='ocrx_word' id='word_1_204' title='bbox 1549 3021 1713 3077; x_wconf 88' lang='lat' dir='ltr'><strong>situm</strong></span> <span class='ocrx_word' id='word_1_205' title='bbox 1737 3036 1908 3093; x_wconf 86' lang='lat' dir='ltr'><strong>prope</strong></span> <span class='ocrx_word' id='word_1_206' title='bbox 1936 3021 2037 3077; x_wconf 90' lang='lat' dir='ltr'><strong>vil-</strong></span> <span class='ocrx_word' id='word_1_207' title='bbox 2083 3042 2087 3054; x_wconf 86' lang='grc'>·</span> 
     </span>
    </p>
   </div>
   <div class='ocr_carea' id='block_1_34' title="bbox 2117 481 3721 553">
    <p class='ocr_par' dir='ltr' id='par_1_34' title="bbox 2117 481 3721 553">
     <span class='ocr_line' id='line_1_34' title="bbox 2117 481 3721 553; baseline 0.003 -18"><span class='ocrx_word' id='word_1_208' title='bbox 2117 482 2240 536; x_wconf 86' lang='lat' dir='ltr'><strong>vina</strong></span> <span class='ocrx_word' id='word_1_209' title='bbox 2268 482 2446 551; x_wconf 86' lang='lat' dir='ltr'><strong>pietas</strong></span> <span class='ocrx_word' id='word_1_210' title='bbox 2471 481 2689 553; x_wconf 90' lang='lat' dir='ltr'><strong>augeri,</strong></span> <span class='ocrx_word' id='word_1_211' title='bbox 2739 481 2808 534; x_wconf 89' lang='lat' dir='ltr'><strong>ad</strong></span> <span class='ocrx_word' id='word_1_212' title='bbox 2850 496 3044 534; x_wconf 81' lang='lat' dir='ltr'><strong>causas</strong></span> <span class='ocrx_word' id='word_1_213' title='bbox 3073 481 3406 548; x_wconf 87' lang='lat' dir='ltr'><strong>audiendas,</strong></span> <span class='ocrx_word' id='word_1_214' title='bbox 3439 484 3528 538; x_wconf 89' lang='lat' dir='ltr'><strong>vel</strong></span> <span class='ocrx_word' id='word_1_215' title='bbox 3558 483 3721 540; x_wconf 85' lang='lat' dir='ltr'><strong>freda</strong></span> 
     </span>
    </p>
   </div>
   <div class='ocr_carea' id='block_1_35' title="bbox 2117 570 3721 642">
    <p class='ocr_par' dir='ltr' id='par_1_35' title="bbox 2117 570 3721 642">
     <span class='ocr_line' id='line_1_35' title="bbox 2117 570 3721 642; baseline 0.002 -15"><span class='ocrx_word' id='word_1_216' title='bbox 2117 572 2402 642; x_wconf 85' lang='lat' dir='ltr'><strong>exigenda,</strong></span> <span class='ocrx_word' id='word_1_217' title='bbox 2433 580 2528 626; x_wconf 87' lang='lat' dir='ltr'><strong>aut</strong></span> <span class='ocrx_word' id='word_1_218' title='bbox 2559 571 2870 627; x_wconf 87' lang='lat' dir='ltr'><strong>mansiones</strong></span> <span class='ocrx_word' id='word_1_219' title='bbox 2894 571 2979 624; x_wconf 90' lang='lat' dir='ltr'><strong>vel</strong></span> <span class='ocrx_word' id='word_1_220' title='bbox 3006 580 3232 640; x_wconf 84' lang='lat' dir='ltr'><strong>paratas</strong></span> <span class='ocrx_word' id='word_1_221' title='bbox 3251 570 3563 638; x_wconf 79' lang='lat' dir='ltr'><strong>faciendas,</strong></span> <span class='ocrx_word' id='word_1_222' title='bbox 3595 577 3721 630; x_wconf 77' lang='lat' dir='ltr'><strong>sive</strong></span> 
     </span>
    </p>
   </div>
   <div class='ocr_carea' id='block_1_36' title="bbox 2119 662 3725 734">
    <p class='ocr_par' dir='ltr' id='par_1_36' title="bbox 2119 662 3725 734">
     <span class='ocr_line' id='line_1_36' title="bbox 2119 662 3725 734; baseline 0.002 -15"><span class='ocrx_word' id='word_1_223' title='bbox 2119 664 2467 734; x_wconf 88' lang='lat' dir='ltr'><strong>ﬁdeiussores</strong></span> <span class='ocrx_word' id='word_1_224' title='bbox 2500 662 2786 727; x_wconf 89' lang='lat' dir='ltr'><strong>tollendos,</strong></span> <span class='ocrx_word' id='word_1_225' title='bbox 2826 671 2923 717; x_wconf 89' lang='lat' dir='ltr'><strong>aut</strong></span> <span class='ocrx_word' id='word_1_226' title='bbox 2947 662 3196 719; x_wconf 89' lang='lat' dir='ltr'><strong>homines</strong></span> <span class='ocrx_word' id='word_1_227' title='bbox 3230 662 3400 732; x_wconf 88' lang='lat' dir='ltr'><strong>ipsius</strong></span> <span class='ocrx_word' id='word_1_228' title='bbox 3431 677 3725 722; x_wconf 84' lang='lat' dir='ltr'><strong>monaste-</strong></span> 
     </span>
    </p>
   </div>
   <div class='ocr_carea' id='block_1_37' title="bbox 2122 752 3722 824">
    <p class='ocr_par' dir='ltr' id='par_1_37' title="bbox 2122 752 3722 824">
     <span class='ocr_line' id='line_1_37' title="bbox 2122 752 3722 824; baseline 0.004 -15"><span class='ocrx_word' id='word_1_229' title='bbox 2122 755 2188 809; x_wconf 88' lang='lat' dir='ltr'><strong>rii</strong></span> <span class='ocrx_word' id='word_1_230' title='bbox 2213 754 2633 824; x_wconf 85' lang='lat' dir='ltr'><strong>distringendos,</strong></span> <span class='ocrx_word' id='word_1_231' title='bbox 2658 767 2758 808; x_wconf 90' lang='lat' dir='ltr'><strong>nec</strong></span> <span class='ocrx_word' id='word_1_232' title='bbox 2779 752 2918 808; x_wconf 88' lang='lat' dir='ltr'><strong>ullas</strong></span> <span class='ocrx_word' id='word_1_233' title='bbox 2939 753 3336 812; x_wconf 86' lang='lat' dir='ltr'><strong>redhibitioues</strong></span> <span class='ocrx_word' id='word_1_234' title='bbox 3361 765 3459 811; x_wconf 88' lang='lat' dir='ltr'><strong>aut</strong></span> <span class='ocrx_word' id='word_1_235' title='bbox 3492 757 3722 815; x_wconf 75' lang='lat' dir='ltr'><strong>illicitas</strong></span> 
     </span>
    </p>
   </div>
   <div class='ocr_carea' id='block_1_38' title="bbox 2120 844 3719 919">
    <p class='ocr_par' dir='ltr' id='par_1_38' title="bbox 2120 844 3719 919">
     <span class='ocr_line' id='line_1_38' title="bbox 2120 844 3719 919; baseline 0.003 -19"><span class='ocrx_word' id='word_1_236' title='bbox 2120 846 2434 901; x_wconf 86' lang='lat' dir='ltr'><strong>occasiones</strong></span> <span class='ocrx_word' id='word_1_237' title='bbox 2470 845 2852 915; x_wconf 79' lang='lat' dir='ltr'><strong>requirendtun</strong></span> <span class='ocrx_word' id='word_1_238' title='bbox 2871 885 2887 909; x_wconf 94' lang='lat'><strong>,</strong></span> <span class='ocrx_word' id='word_1_239' title='bbox 2916 845 3119 900; x_wconf 88' lang='lat' dir='ltr'><strong>nostris</strong></span> <span class='ocrx_word' id='word_1_240' title='bbox 3147 844 3463 918; x_wconf 78' lang='lat' dir='ltr'><strong>futurisque</strong></span> <span class='ocrx_word' id='word_1_241' title='bbox 3491 858 3719 919; x_wconf 81' lang='lat' dir='ltr'><strong>tempo-</strong></span> 
     </span>
    </p>
   </div>
   <div class='ocr_carea' id='block_1_39' title="bbox 2122 933 3707 1006">
    <p class='ocr_par' dir='ltr' id='par_1_39' title="bbox 2122 933 3707 1006">
     <span class='ocr_line' id='line_1_39' title="bbox 2122 933 3707 1006; baseline 0.002 -17"><span class='ocrx_word' id='word_1_242' title='bbox 2122 936 2274 991; x_wconf 88' lang='lat' dir='ltr'><strong>ribus</strong></span> <span class='ocrx_word' id='word_1_243' title='bbox 2313 935 2519 1006; x_wconf 76' lang='lat' dir='ltr'><strong>ingredi</strong></span> <span class='ocrx_word' id='word_1_244' title='bbox 2561 935 2758 989; x_wconf 88' lang='lat' dir='ltr'><strong>audeat</strong></span> <span class='ocrx_word' id='word_1_245' title='bbox 2779 973 2795 998; x_wconf 94' lang='lat'><strong>,</strong></span> <span class='ocrx_word' id='word_1_246' title='bbox 2843 933 2928 988; x_wconf 88' lang='lat' dir='ltr'><strong>vel</strong></span> <span class='ocrx_word' id='word_1_247' title='bbox 2970 949 3035 988; x_wconf 85' lang='lat' dir='ltr'><strong>ea</strong></span> <span class='ocrx_word' id='word_1_248' title='bbox 3065 949 3187 1003; x_wconf 55' lang='lat' dir='ltr'><strong>quae</strong></span> <span class='ocrx_word' id='word_1_249' title='bbox 3208 950 3370 1004; x_wconf 90' lang='lat' dir='ltr'><strong>supra</strong></span> <span class='ocrx_word' id='word_1_250' title='bbox 3392 945 3707 992; x_wconf 86' lang='lat' dir='ltr'><strong>memorata</strong></span> 
     </span>
    </p>
   </div>
   <div class='ocr_carea' id='block_1_40' title="bbox 2122 1024 3716 1096">
    <p class='ocr_par' dir='ltr' id='par_1_40' title="bbox 2122 1024 3716 1096">
     <span class='ocr_line' id='line_1_40' title="bbox 2122 1024 3716 1096; baseline 0.001 -14"><span class='ocrx_word' id='word_1_251' title='bbox 2122 1033 2248 1082; x_wconf 90' lang='lat' dir='ltr'><strong>sunt</strong></span> <span class='ocrx_word' id='word_1_252' title='bbox 2277 1027 2490 1094; x_wconf 89' lang='lat' dir='ltr'><strong>penitus</strong></span> <span class='ocrx_word' id='word_1_253' title='bbox 2518 1026 2737 1096; x_wconf 81' lang='lat' dir='ltr'><strong>exigere</strong></span> <span class='ocrx_word' id='word_1_254' title='bbox 2771 1035 3086 1094; x_wconf 71' lang='lat' dir='ltr'><strong>przesumat.</strong></span> <span class='ocrx_word' id='word_1_255' title='bbox 3149 1024 3257 1081; x_wconf 89' lang='lat' dir='ltr'><strong>Sed</strong></span> <span class='ocrx_word' id='word_1_256' title='bbox 3288 1026 3453 1082; x_wconf 86' lang='lat' dir='ltr'><strong>liceat</strong></span> <span class='ocrx_word' id='word_1_257' title='bbox 3495 1044 3716 1084; x_wconf 81' lang='lat' dir='ltr'><strong>memo—</strong></span> 
     </span>
    </p>
   </div>
   <div class='ocr_carea' id='block_1_41' title="bbox 2124 1114 3716 1188">
    <p class='ocr_par' dir='ltr' id='par_1_41' title="bbox 2124 1114 3716 1188">
     <span class='ocr_line' id='line_1_41' title="bbox 2124 1114 3716 1188; baseline 0.004 -19"><span class='ocrx_word' id='word_1_258' title='bbox 2124 1124 2248 1170; x_wconf 86' lang='lat' dir='ltr'><strong>rato</strong></span> <span class='ocrx_word' id='word_1_259' title='bbox 2275 1116 2458 1171; x_wconf 87' lang='lat' dir='ltr'><strong>abbati</strong></span> <span class='ocrx_word' id='word_1_260' title='bbox 2479 1115 2703 1185; x_wconf 87' lang='lat' dir='ltr'><strong>ejusque</strong></span> <span class='ocrx_word' id='word_1_261' title='bbox 2730 1114 3136 1170; x_wconf 87' lang='lat' dir='ltr'><strong>successoribus</strong></span> <span class='ocrx_word' id='word_1_262' title='bbox 3183 1131 3272 1172; x_wconf 90' lang='lat' dir='ltr'><strong>res</strong></span> <span class='ocrx_word' id='word_1_263' title='bbox 3310 1119 3566 1188; x_wconf 65' lang='lat' dir='ltr'><strong>praedicti</strong></span> <span class='ocrx_word' id='word_1_264' title='bbox 3592 1135 3716 1175; x_wconf 88' lang='lat' dir='ltr'><strong>mo-</strong></span> 
     </span>
    </p>
   </div>
   <div class='ocr_carea' id='block_1_42' title="bbox 2127 1206 3712 1278">
    <p class='ocr_par' dir='ltr' id='par_1_42' title="bbox 2127 1206 3712 1278">
     <span class='ocr_line' id='line_1_42' title="bbox 2127 1206 3712 1278; baseline 0.004 -20"><span class='ocrx_word' id='word_1_265' title='bbox 2127 1206 3712 1278; x_wconf 80' lang='lat' dir='ltr'><strong>naster_ii..............</strong></span> 
     </span>
    </p>
   </div>
   <div class='ocr_carea' id='block_1_43' title="bbox 2131 1296 3724 1368">
    <p class='ocr_par' dir='ltr' id='par_1_43' title="bbox 2131 1296 3724 1368">
     <span class='ocr_line' id='line_1_43' title="bbox 2131 1296 3724 1368; baseline 0.004 -16"><span class='ocrx_word' id='word_1_266' title='bbox 2131 1297 2272 1352; x_wconf 88' lang='lat' dir='ltr'><strong>sicut</strong></span> <span class='ocrx_word' id='word_1_267' title='bbox 2304 1298 2358 1351; x_wconf 92' lang='lat' dir='ltr'><strong>in</strong></span> <span class='ocrx_word' id='word_1_268' title='bbox 2385 1305 2660 1368; x_wconf 57' lang='lat' dir='ltr'><strong>praecepto</strong></span> <span class='ocrx_word' id='word_1_269' title='bbox 2684 1296 2867 1352; x_wconf 90' lang='lat' dir='ltr'><strong>domni</strong></span> <span class='ocrx_word' id='word_1_270' title='bbox 2896 1306 2952 1351; x_wconf 86' lang='lat' dir='ltr'><strong>et</strong></span> <span class='ocrx_word' id='word_1_271' title='bbox 2978 1298 3241 1368; x_wconf 82' lang='lat' dir='ltr'><strong>genitoris</strong></span> <span class='ocrx_word' id='word_1_272' title='bbox 3273 1300 3446 1355; x_wconf 88' lang='lat' dir='ltr'><strong>nostri</strong></span> <span class='ocrx_word' id='word_1_273' title='bbox 3473 1302 3724 1358; x_wconf 84' lang='lat' dir='ltr'><strong>contine-</strong></span> 
     </span>
    </p>
   </div>
   <div class='ocr_carea' id='block_1_44' title="bbox 2131 1388 3728 1462">
    <p class='ocr_par' dir='ltr' id='par_1_44' title="bbox 2131 1388 3728 1462">
     <span class='ocr_line' id='line_1_44' title="bbox 2131 1388 3728 1462; baseline 0.004 -19"><span class='ocrx_word' id='word_1_274' title='bbox 2131 1397 2247 1454; x_wconf 88' lang='lat' dir='ltr'><strong>tur,</strong></span> <span class='ocrx_word' id='word_1_275' title='bbox 2295 1391 2398 1444; x_wconf 86' lang='lat' dir='ltr'><strong>sub</strong></span> <span class='ocrx_word' id='word_1_276' title='bbox 2437 1388 2798 1444; x_wconf 86' lang='lat' dir='ltr'><strong>immunitatis</strong></span> <span class='ocrx_word' id='word_1_277' title='bbox 2834 1399 3038 1445; x_wconf 75' lang='lat' dir='ltr'><strong>nostra:</strong></span> <span class='ocrx_word' id='word_1_278' title='bbox 3064 1391 3382 1447; x_wconf 85' lang='lat' dir='ltr'><strong>defensione</strong></span> <span class='ocrx_word' id='word_1_279' title='bbox 3411 1393 3606 1462; x_wconf 87' lang='lat' dir='ltr'><strong>quieto</strong></span> <span class='ocrx_word' id='word_1_280' title='bbox 3635 1411 3728 1450; x_wconf 85' lang='lat' dir='ltr'><strong>or-</strong></span> 
     </span>
    </p>
   </div>
   <div class='ocr_carea' id='block_1_45' title="bbox 2131 1480 3725 1552">
    <p class='ocr_par' dir='ltr' id='par_1_45' title="bbox 2131 1480 3725 1552">
     <span class='ocr_line' id='line_1_45' title="bbox 2131 1480 3725 1552; baseline 0.003 -19"><span class='ocrx_word' id='word_1_281' title='bbox 2131 1480 2258 1534; x_wconf 90' lang='lat' dir='ltr'><strong>dine</strong></span> <span class='ocrx_word' id='word_1_282' title='bbox 2305 1480 2585 1550; x_wconf 87' lang='lat' dir='ltr'><strong>possidere</strong></span> <span class='ocrx_word' id='word_1_283' title='bbox 2636 1486 2692 1535; x_wconf 90' lang='lat' dir='ltr'><strong>et</strong></span> <span class='ocrx_word' id='word_1_284' title='bbox 2738 1487 2928 1536; x_wconf 89' lang='lat' dir='ltr'><strong>nostro</strong></span> <span class='ocrx_word' id='word_1_285' title='bbox 2957 1480 3186 1536; x_wconf 87' lang='lat' dir='ltr'><strong>ﬁdeliter</strong></span> <span class='ocrx_word' id='word_1_286' title='bbox 3220 1497 3413 1550; x_wconf 88' lang='lat' dir='ltr'><strong>parere</strong></span> <span class='ocrx_word' id='word_1_287' title='bbox 3442 1483 3725 1552; x_wconf 84' lang='lat' dir='ltr'><strong>imperio;</strong></span> 
     </span>
    </p>
   </div>
   <div class='ocr_carea' id='block_1_46' title="bbox 2130 1570 3729 1643">
    <p class='ocr_par' dir='ltr' id='par_1_46' title="bbox 2130 1570 3729 1643">
     <span class='ocr_line' id='line_1_46' title="bbox 2130 1570 3729 1643; baseline 0.003 -21"><span class='ocrx_word' id='word_1_288' title='bbox 2130 1577 2402 1638; x_wconf 86' lang='lat' dir='ltr'><strong>quatenus</strong></span> <span class='ocrx_word' id='word_1_289' title='bbox 2445 1570 2852 1641; x_wconf 83' lang='lat' dir='ltr'><strong>congregationi</strong></span> <span class='ocrx_word' id='word_1_290' title='bbox 2897 1570 3096 1624; x_wconf 91' lang='lat' dir='ltr'><strong>ibidem</strong></span> <span class='ocrx_word' id='word_1_291' title='bbox 3138 1571 3248 1626; x_wconf 90' lang='lat' dir='ltr'><strong>Deo</strong></span> <span class='ocrx_word' id='word_1_292' title='bbox 3291 1570 3580 1627; x_wconf 86' lang='lat' dir='ltr'><strong>Iamulanti</strong></span> <span class='ocrx_word' id='word_1_293' title='bbox 3628 1590 3729 1643; x_wconf 83' lang='lat' dir='ltr'><strong>pro</strong></span> 
     </span>
    </p>
   </div>
   <div class='ocr_carea' id='block_1_47' title="bbox 2132 1659 3732 1732">
    <p class='ocr_par' dir='ltr' id='par_1_47' title="bbox 2132 1659 3732 1732">
     <span class='ocr_line' id='line_1_47' title="bbox 2132 1659 3732 1732; baseline 0.003 -18"><span class='ocrx_word' id='word_1_294' title='bbox 2132 1661 2288 1715; x_wconf 90' lang='lat' dir='ltr'><strong>nobis</strong></span> <span class='ocrx_word' id='word_1_295' title='bbox 2310 1669 2366 1714; x_wconf 89' lang='lat' dir='ltr'><strong>et</strong></span> <span class='ocrx_word' id='word_1_296' title='bbox 2393 1661 2621 1732; x_wconf 87' lang='lat' dir='ltr'><strong>coniuge</strong></span> <span class='ocrx_word' id='word_1_297' title='bbox 2649 1659 2910 1730; x_wconf 89' lang='lat' dir='ltr'><strong>proleque</strong></span> <span class='ocrx_word' id='word_1_298' title='bbox 2939 1668 3126 1716; x_wconf 89' lang='lat' dir='ltr'><strong>nostra</strong></span> <span class='ocrx_word' id='word_1_299' title='bbox 3167 1661 3250 1715; x_wconf 88' lang='lat' dir='ltr'><strong>vel</strong></span> <span class='ocrx_word' id='word_1_300' title='bbox 3281 1677 3382 1731; x_wconf 90' lang='lat' dir='ltr'><strong>pro</strong></span> <span class='ocrx_word' id='word_1_301' title='bbox 3420 1663 3732 1719; x_wconf 77' lang='lat' dir='ltr'><strong>stabilitate</strong></span> 
     </span>
    </p>
   </div>
   <div class='ocr_carea' id='block_1_48' title="bbox 2052 1746 3730 1822">
    <p class='ocr_par' dir='ltr' id='par_1_48' title="bbox 2052 1746 3730 1822">
     <span class='ocr_line' id='line_1_48' title="bbox 2052 1746 3730 1822; baseline 0.002 -16"><span class='ocrx_word' id='word_1_302' title='bbox 2052 1746 2102 1806; x_wconf 88' lang='lat' dir='ltr'><strong>B</strong></span> <span class='ocrx_word' id='word_1_303' title='bbox 2131 1751 2296 1806; x_wconf 91' lang='lat' dir='ltr'><strong>totius</strong></span> <span class='ocrx_word' id='word_1_304' title='bbox 2319 1751 2532 1821; x_wconf 84' lang='lat' dir='ltr'><strong>imperii</strong></span> <span class='ocrx_word' id='word_1_305' title='bbox 2559 1751 2730 1806; x_wconf 89' lang='lat' dir='ltr'><strong>nostri</strong></span> <span class='ocrx_word' id='word_1_306' title='bbox 2760 1767 2790 1805; x_wconf 90' lang='lat' dir='ltr'><strong>a</strong></span> <span class='ocrx_word' id='word_1_307' title='bbox 2813 1750 2925 1806; x_wconf 89' lang='lat' dir='ltr'><strong>Deo</strong></span> <span class='ocrx_word' id='word_1_308' title='bbox 2952 1750 3110 1806; x_wconf 91' lang='lat' dir='ltr'><strong>nobis</strong></span> <span class='ocrx_word' id='word_1_309' title='bbox 3141 1753 3386 1808; x_wconf 87' lang='lat' dir='ltr'><strong>concessi</strong></span> <span class='ocrx_word' id='word_1_310' title='bbox 3407 1761 3574 1822; x_wconf 87' lang='lat' dir='ltr'><strong>atque</strong></span> <span class='ocrx_word' id='word_1_311' title='bbox 3595 1769 3730 1809; x_wconf 78' lang='lat' dir='ltr'><strong>ccu-</strong></span> 
     </span>
    </p>
   </div>
   <div class='ocr_carea' id='block_1_49' title="bbox 2132 1840 3727 1911">
    <p class='ocr_par' dir='ltr' id='par_1_49' title="bbox 2132 1840 3727 1911">
     <span class='ocr_line' id='line_1_49' title="bbox 2132 1840 3727 1911; baseline 0.003 -16"><span class='ocrx_word' id='word_1_312' title='bbox 2132 1840 2382 1895; x_wconf 88' lang='lat' dir='ltr'><strong>servandi</strong></span> <span class='ocrx_word' id='word_1_313' title='bbox 2417 1840 2622 1911; x_wconf 87' lang='lat' dir='ltr'><strong>iugiter</strong></span> <span class='ocrx_word' id='word_1_314' title='bbox 2651 1840 2864 1894; x_wconf 91' lang='lat' dir='ltr'><strong>Domini</strong></span> <span class='ocrx_word' id='word_1_315' title='bbox 2905 1841 3337 1896; x_wconf 88' lang='lat' dir='ltr'><strong>misericordiam</strong></span> <span class='ocrx_word' id='word_1_316' title='bbox 3366 1857 3604 1907; x_wconf 78' lang='lat' dir='ltr'><strong>exorare</strong></span> <span class='ocrx_word' id='word_1_317' title='bbox 3632 1845 3727 1899; x_wconf 85' lang='lat' dir='ltr'><strong>de-</strong></span> 
     </span>
    </p>
   </div>
   <div class='ocr_carea' id='block_1_50' title="bbox 2131 1929 3728 2003">
    <p class='ocr_par' dir='ltr' id='par_1_50' title="bbox 2131 1929 3728 2003">
     <span class='ocr_line' id='line_1_50' title="bbox 2131 1929 3728 2003; baseline 0.003 -18"><span class='ocrx_word' id='word_1_318' title='bbox 2131 1929 2315 1987; x_wconf 86' lang='lat' dir='ltr'><strong>lectet.</strong></span> <span class='ocrx_word' id='word_1_319' title='bbox 2352 1931 2421 1986; x_wconf 90' lang='lat' dir='ltr'><strong>Et</strong></span> <span class='ocrx_word' id='word_1_320' title='bbox 2442 1940 2503 1986; x_wconf 89' lang='lat' dir='ltr'><strong>ut</strong></span> <span class='ocrx_word' id='word_1_321' title='bbox 2536 1932 2652 1986; x_wconf 67' lang='lat' dir='ltr'><strong>haec</strong></span> <span class='ocrx_word' id='word_1_322' title='bbox 2687 1931 2989 1986; x_wconf 87' lang='lat' dir='ltr'><strong>auctoritas</strong></span> <span class='ocrx_word' id='word_1_323' title='bbox 3016 1933 3222 1988; x_wconf 89' lang='lat' dir='ltr'><strong>nostris</strong></span> <span class='ocrx_word' id='word_1_324' title='bbox 3247 1931 3559 2003; x_wconf 84' lang='lat' dir='ltr'><strong>futurisque</strong></span> <span class='ocrx_word' id='word_1_325' title='bbox 3589 1944 3728 1989; x_wconf 81' lang='lat' dir='ltr'><strong>tem-</strong></span> 
     </span>
    </p>
   </div>
   <div class='ocr_carea' id='block_1_51' title="bbox 2129 2022 3726 2096">
    <p class='ocr_par' dir='ltr' id='par_1_51' title="bbox 2129 2022 3726 2096">
     <span class='ocr_line' id='line_1_51' title="bbox 2129 2022 3726 2096; baseline 0.001 -19"><span class='ocrx_word' id='word_1_326' title='bbox 2129 2023 2357 2094; x_wconf 87' lang='lat' dir='ltr'><strong>poribus</strong></span> <span class='ocrx_word' id='word_1_327' title='bbox 2395 2022 2572 2076; x_wconf 81' lang='lat' dir='ltr'><strong>valeat</strong></span> <span class='ocrx_word' id='word_1_328' title='bbox 2614 2022 2928 2078; x_wconf 89' lang='lat' dir='ltr'><strong>inconvulsa</strong></span> <span class='ocrx_word' id='word_1_329' title='bbox 2975 2038 3198 2078; x_wconf 90' lang='lat' dir='ltr'><strong>manere</strong></span> <span class='ocrx_word' id='word_1_330' title='bbox 3219 2063 3236 2089; x_wconf 96' lang='lat'><strong>,</strong></span> <span class='ocrx_word' id='word_1_331' title='bbox 3291 2039 3456 2079; x_wconf 87' lang='lat' dir='ltr'><strong>manu</strong></span> <span class='ocrx_word' id='word_1_332' title='bbox 3501 2027 3726 2096; x_wconf 77' lang='lat' dir='ltr'><strong>propria</strong></span> 
     </span>
    </p>
   </div>
   <div class='ocr_carea' id='block_1_52' title="bbox 2135 2113 3727 2186">
    <p class='ocr_par' dir='ltr' id='par_1_52' title="bbox 2135 2113 3727 2186">
     <span class='ocr_line' id='line_1_52' title="bbox 2135 2113 3727 2186; baseline 0.002 -17"><span class='ocrx_word' id='word_1_333' title='bbox 2135 2116 2330 2170; x_wconf 87' lang='lat' dir='ltr'><strong>subter</strong></span> <span class='ocrx_word' id='word_1_334' title='bbox 2359 2113 2695 2169; x_wconf 85' lang='lat' dir='ltr'><strong>ﬁrmavimus</strong></span> <span class='ocrx_word' id='word_1_335' title='bbox 2740 2120 2797 2168; x_wconf 91' lang='lat' dir='ltr'><strong>et</strong></span> <span class='ocrx_word' id='word_1_336' title='bbox 2843 2113 3029 2169; x_wconf 90' lang='lat' dir='ltr'><strong>annuli</strong></span> <span class='ocrx_word' id='word_1_337' title='bbox 3051 2114 3227 2170; x_wconf 86' lang='lat' dir='ltr'><strong>nostri</strong></span> <span class='ocrx_word' id='word_1_338' title='bbox 3257 2115 3624 2186; x_wconf 85' lang='lat' dir='ltr'><strong>impressione</strong></span> <span class='ocrx_word' id='word_1_339' title='bbox 3649 2118 3727 2172; x_wconf 89' lang='lat' dir='ltr'><strong>si-</strong></span> 
     </span>
    </p>
   </div>
   <div class='ocr_carea' id='block_1_53' title="bbox 2133 2206 2594 2280">
    <p class='ocr_par' dir='ltr' id='par_1_53' title="bbox 2133 2206 2594 2280">
     <span class='ocr_line' id='line_1_53' title="bbox 2133 2206 2594 2280; baseline 0 -18"><span class='ocrx_word' id='word_1_340' title='bbox 2133 2209 2288 2280; x_wconf 85' lang='lat' dir='ltr'><strong>gnari</strong></span> <span class='ocrx_word' id='word_1_341' title='bbox 2311 2206 2594 2277; x_wconf 90' lang='lat' dir='ltr'><strong>iussimus.</strong></span> 
     </span>
    </p>
   </div>
   <div class='ocr_carea' id='block_1_54' title="bbox 2206 2297 3482 2369">
    <p class='ocr_par' dir='ltr' id='par_1_54' title="bbox 2206 2297 3482 2369">
     <span class='ocr_line' id='line_1_54' title="bbox 2206 2297 3482 2369; baseline -0.001 -16"><span class='ocrx_word' id='word_1_342' title='bbox 2206 2298 2433 2369; x_wconf 90' lang='lat' dir='ltr'><strong>Signum</strong></span> <span class='ocrx_word' id='word_1_343' title='bbox 2462 2297 2724 2355; x_wconf 84' lang='lat' dir='ltr'><strong>Ludovici</strong></span> <span class='ocrx_word' id='word_1_344' title='bbox 2752 2297 3087 2354; x_wconf 89' lang='lat' dir='ltr'><strong>serenissimi</strong></span> <span class='ocrx_word' id='word_1_345' title='bbox 3114 2297 3482 2368; x_wconf 85' lang='lat' dir='ltr'><strong>imperatoris.</strong></span> 
     </span>
    </p>
   </div>
   <div class='ocr_carea' id='block_1_55' title="bbox 2179 2388 3730 2459">
    <p class='ocr_par' dir='ltr' id='par_1_55' title="bbox 2179 2388 3730 2459">
     <span class='ocr_line' id='line_1_55' title="bbox 2179 2388 3730 2459; baseline -0.001 -15"><span class='ocrx_word' id='word_1_346' title='bbox 2179 2419 2182 2422; x_wconf 62' lang='grc'><strong><em>«</em></strong></span> <span class='ocrx_word' id='word_1_347' title='bbox 2207 2389 2494 2445; x_wconf 85' lang='lat' dir='ltr'><strong>Durandus</strong></span> <span class='ocrx_word' id='word_1_348' title='bbox 2516 2389 2780 2444; x_wconf 85' lang='lat' dir='ltr'><strong>diaconus</strong></span> <span class='ocrx_word' id='word_1_349' title='bbox 2804 2389 2872 2444; x_wconf 92' lang='lat' dir='ltr'><strong>ad</strong></span> <span class='ocrx_word' id='word_1_350' title='bbox 2895 2390 3067 2444; x_wconf 87' lang='lat' dir='ltr'><strong>vicem</strong></span> <span class='ocrx_word' id='word_1_351' title='bbox 3090 2388 3358 2458; x_wconf 86' lang='lat' dir='ltr'><strong>Fridugisi</strong></span> <span class='ocrx_word' id='word_1_352' title='bbox 3381 2389 3730 2459; x_wconf 76' lang='lat' dir='ltr'><strong>recognovit.</strong></span> 
     </span>
    </p>
   </div>
   <div class='ocr_carea' id='block_1_56' title="bbox 2205 2465 3735 2550">
    <p class='ocr_par' dir='ltr' id='par_1_56' title="bbox 2205 2465 3735 2550">
     <span class='ocr_line' id='line_1_56' title="bbox 2205 2465 3735 2550; baseline -0.001 -16"><span class='ocrx_word' id='word_1_353' title='bbox 2205 2479 2403 2534; x_wconf 86' lang='lat' dir='ltr'><strong>Datum</strong></span> <span class='ocrx_word' id='word_1_354' title='bbox 2437 2495 2490 2534; x_wconf 81' lang='lat' dir='ltr'><strong>tv</strong></span> <span class='ocrx_word' id='word_1_355' title='bbox 2519 2479 2744 2534; x_wconf 85' lang='lat' dir='ltr'><strong>Kalend.</strong></span> <span class='ocrx_word' id='word_1_356' title='bbox 2783 2465 3056 2544; x_wconf 78' lang='lat' dir='ltr'><strong>Octobris,</strong></span> <span class='ocrx_word' id='word_1_357' title='bbox 3081 2495 3224 2535; x_wconf 89' lang='lat' dir='ltr'><strong>anno</strong></span> <span class='ocrx_word' id='word_1_358' title='bbox 3245 2479 3465 2535; x_wconf 88' lang='lat' dir='ltr'><strong>Christo</strong></span> <span class='ocrx_word' id='word_1_359' title='bbox 3490 2479 3735 2550; x_wconf 73' lang='lat' dir='ltr'><strong>propitio</strong></span> 
     </span>
    </p>
   </div>
   <div class='ocr_carea' id='block_1_57' title="bbox 2135 2568 3733 2640">
    <p class='ocr_par' dir='ltr' id='par_1_57' title="bbox 2135 2568 3733 2640">
     <span class='ocr_line' id='line_1_57' title="bbox 2135 2568 3733 2640; baseline -0.003 -13"><span class='ocrx_word' id='word_1_360' title='bbox 2135 2570 2170 2627; x_wconf 85' lang='lat'><strong>9</strong></span> <span class='ocrx_word' id='word_1_361' title='bbox 2207 2571 2424 2640; x_wconf 86' lang='lat' dir='ltr'><strong>imperii</strong></span> <span class='ocrx_word' id='word_1_362' title='bbox 2468 2569 2652 2626; x_wconf 85' lang='lat' dir='ltr'><strong>domui</strong></span> <span class='ocrx_word' id='word_1_363' title='bbox 2703 2568 2963 2624; x_wconf 74' lang='lat' dir='ltr'><strong>Ludot&#39;ici</strong></span> <span class='ocrx_word' id='word_1_364' title='bbox 3004 2569 3233 2638; x_wconf 88' lang='lat' dir='ltr'><strong>piissimi</strong></span> <span class='ocrx_word' id='word_1_365' title='bbox 3277 2568 3542 2640; x_wconf 81' lang='lat' dir='ltr'><strong>Augusti,</strong></span> <span class='ocrx_word' id='word_1_366' title='bbox 3592 2568 3733 2622; x_wconf 86' lang='lat' dir='ltr'><strong>indi-</strong></span> 
     </span>
    </p>
   </div>
   <div class='ocr_carea' id='block_1_58' title="bbox 2136 2659 3734 2732">
    <p class='ocr_par' dir='ltr' id='par_1_58' title="bbox 2136 2659 3734 2732">
     <span class='ocr_line' id='line_1_58' title="bbox 2136 2659 3734 2732; baseline -0.001 -15"><span class='ocrx_word' id='word_1_367' title='bbox 2136 2663 2318 2718; x_wconf 88' lang='lat' dir='ltr'><strong>ctione</strong></span> <span class='ocrx_word' id='word_1_368' title='bbox 2345 2662 2544 2732; x_wconf 87' lang='lat' dir='ltr'><strong>prima.</strong></span> <span class='ocrx_word' id='word_1_369' title='bbox 2591 2659 2792 2716; x_wconf 82' lang='lat' dir='ltr'><strong>Actum</strong></span> <span class='ocrx_word' id='word_1_370' title='bbox 2821 2661 3108 2731; x_wconf 87' lang='lat' dir='ltr'><strong>Cispiacho</strong></span> <span class='ocrx_word' id='word_1_371' title='bbox 3134 2659 3188 2715; x_wconf 86' lang='lat' dir='ltr'><strong>in</strong></span> <span class='ocrx_word' id='word_1_372' title='bbox 3209 2659 3393 2716; x_wconf 81' lang='lat' dir='ltr'><strong>Ardua</strong></span> <span class='ocrx_word' id='word_1_373' title='bbox 3419 2660 3475 2714; x_wconf 92' lang='lat' dir='ltr'><strong>in</strong></span> <span class='ocrx_word' id='word_1_374' title='bbox 3506 2660 3607 2716; x_wconf 87' lang='lat' dir='ltr'><strong>Dei</strong></span> <span class='ocrx_word' id='word_1_375' title='bbox 3637 2675 3734 2715; x_wconf 87' lang='lat' dir='ltr'><strong>uo-</strong></span> 
     </span>
    </p>
   </div>
   <div class='ocr_carea' id='block_1_59' title="bbox 2137 2751 2801 2810">
    <p class='ocr_par' dir='ltr' id='par_1_59' title="bbox 2137 2751 2801 2810">
     <span class='ocr_line' id='line_1_59' title="bbox 2137 2751 2801 2810; baseline -0.005 0"><span class='ocrx_word' id='word_1_376' title='bbox 2137 2753 2286 2810; x_wconf 87' lang='lat' dir='ltr'><strong>mine</strong></span> <span class='ocrx_word' id='word_1_377' title='bbox 2317 2752 2572 2808; x_wconf 89' lang='lat' dir='ltr'><strong>feliciter.</strong></span> <span class='ocrx_word' id='word_1_378' title='bbox 2600 2751 2801 2808; x_wconf 84' lang='lat' dir='ltr'><strong>Amen.</strong></span> 
     </span>
    </p>
   </div>
   <div class='ocr_carea' id='block_1_60' title="bbox 2863 2840 2996 2897">
    <p class='ocr_par' dir='ltr' id='par_1_60' title="bbox 2863 2840 2996 2897">
     <span class='ocr_line' id='line_1_60' title="bbox 2863 2840 2996 2897; baseline -0.008 0"><span class='ocrx_word' id='word_1_379' title='bbox 2863 2840 2996 2897; x_wconf 83' lang='lat' dir='ltr'><strong>CIV.</strong></span> 
     </span>
    </p>
   </div>
   <div class='ocr_carea' id='block_1_61' title="bbox 2345 2945 3519 2989">
    <p class='ocr_par' dir='ltr' id='par_1_61' title="bbox 2345 2945 3519 2989">
     <span class='ocr_line' id='line_1_61' title="bbox 2345 2945 3519 2989; baseline 0 -1"><span class='ocrx_word' id='word_1_380' title='bbox 2345 2946 2448 2988; x_wconf 73' lang='lat' dir='ltr'><strong>PBO</strong></span> <span class='ocrx_word' id='word_1_381' title='bbox 2483 2946 2732 2989; x_wconf 70' lang='lat' dir='ltr'><strong>ECCLBSIA</strong></span> <span class='ocrx_word' id='word_1_382' title='bbox 2767 2945 2812 2988; x_wconf 79' lang='lat'><strong>8.</strong></span> <span class='ocrx_word' id='word_1_383' title='bbox 2848 2947 3099 2988; x_wconf 76' lang='lat' dir='ltr'><strong>VICTORIS</strong></span> <span class='ocrx_word' id='word_1_384' title='bbox 3137 2947 3519 2988; x_wconf 67' lang='lat' dir='ltr'><strong>IASSILIENSIS.</strong></span> 
     </span>
    </p>
   </div>
   <div class='ocr_carea' id='block_1_62' title="bbox 2761 3023 3114 3098">
    <p class='ocr_par' dir='ltr' id='par_1_62' title="bbox 2761 3023 3114 3098">
     <span class='ocr_line' id='line_1_62' title="bbox 2761 3023 3114 3098; baseline -0.008 -18"><span class='ocrx_word' id='word_1_385' title='bbox 2761 3024 2935 3096; x_wconf 81' lang='lat' dir='ltr'><strong>(Anno</strong></span> <span class='ocrx_word' id='word_1_386' title='bbox 2963 3023 3114 3098; x_wconf 84' lang='lat'><strong>822.)</strong></span> 
     </span>
    </p>
   </div>
   <div class='ocr_carea' id='block_1_63' title="bbox 452 3101 3732 3212">
    <p class='ocr_par' dir='ltr' id='par_1_63' title="bbox 452 3101 3732 3212">
     <span class='ocr_line' id='line_1_63' title="bbox 452 3101 3732 3212; baseline 0.008 -52"><span class='ocrx_word' id='word_1_387' title='bbox 452 3107 571 3212; x_wconf 23' lang='lat' dir='ltr'><strong>lam.</strong></span> <span class='ocrx_word' id='word_1_388' title='bbox 609 3119 853 3212; x_wconf 76' lang='lat' dir='ltr'><strong>nostram</strong></span> <span class='ocrx_word' id='word_1_389' title='bbox 875 3109 1223 3212; x_wconf 41' lang='lat' dir='ltr'><strong>_Ollonn-am-,</strong></span> <span class='ocrx_word' id='word_1_390' title='bbox 1274 3113 1472 3212; x_wconf 78' lang='lat' dir='ltr'><strong>obtulit</strong></span> <span class='ocrx_word' id='word_1_391' title='bbox 1508 3113 1805 3212; x_wconf 31' lang='lat' dir='ltr'><strong>obtutibus-</strong></span> <span class='ocrx_word' id='word_1_392' title='bbox 1834 3113 2037 3212; x_wconf 77' lang='lat' dir='ltr'><strong>nostris</strong></span> <span class='ocrx_word' id='word_1_393' title='bbox 2062 3101 2108 3165; x_wconf 84' lang='lat' dir='ltr'>C</span> <span class='ocrx_word' id='word_1_394' title='bbox 2141 3137 2322 3212; x_wconf 58' lang='lat' dir='ltr'><strong>[Apud</strong></span> <span class='ocrx_word' id='word_1_395' title='bbox 2349 3138 2415 3193; x_wconf 66' lang='grc' dir='ltr'><strong>ι),</strong></span> <span class='ocrx_word' id='word_1_396' title='bbox 2445 3137 2722 3212; x_wconf 58' lang='grc' dir='ltr'><strong>Βρρφιει,</strong></span> <span class='ocrx_word' id='word_1_397' title='bbox 2755 3135 2977 3212; x_wconf 59' lang='grc' dir='ltr'><strong>βαρειιείιΔ</strong></span> <span class='ocrx_word' id='word_1_398' title='bbox 2999 3136 3090 3212; x_wconf 61' lang='grc' dir='ltr'><strong>ἀς,</strong></span> <span class='ocrx_word' id='word_1_399' title='bbox 3121 3136 3426 3212; x_wconf 35' lang='lat' dir='ltr'><strong>pistoria-n3,</strong></span> <span class='ocrx_word' id='word_1_400' title='bbox 3459 3143 3597 3212; x_wconf 43' lang='lat' dir='ltr'><strong>uim.</strong></span> <span class='ocrx_word' id='word_1_401' title='bbox 3641 3137 3732 3198; x_wconf 66' lang='grc' dir='ltr'><strong>γι,</strong></span> 
     </span>
    </p>
   </div>
   <div class='ocr_carea' id='block_1_64' title="bbox 450 3201 2036 3277">
    <p class='ocr_par' dir='ltr' id='par_1_64' title="bbox 450 3201 2036 3277">
     <span class='ocr_line' id='line_1_64' title="bbox 450 3201 2036 3277; baseline 0.006 -26"><span class='ocrx_word' id='word_1_402' title='bbox 450 3201 832 3256; x_wconf 85' lang='lat' dir='ltr'><strong>auctoritatem</strong></span> <span class='ocrx_word' id='word_1_403' title='bbox 873 3203 1236 3259; x_wconf 78' lang='lat' dir='ltr'><strong>immanitatis</strong></span> <span class='ocrx_word' id='word_1_404' title='bbox 1277 3205 1462 3260; x_wconf 89' lang='lat' dir='ltr'><strong>domni</strong></span> <span class='ocrx_word' id='word_1_405' title='bbox 1491 3214 1547 3261; x_wconf 90' lang='lat' dir='ltr'><strong>et</strong></span> <span class='ocrx_word' id='word_1_406' title='bbox 1576 3205 1838 3277; x_wconf 86' lang='lat' dir='ltr'><strong>genitoris</strong></span> <span class='ocrx_word' id='word_1_407' title='bbox 1866 3205 2036 3261; x_wconf 86' lang='lat' dir='ltr'><strong>nostri</strong></span> 
     </span>
    </p>
   </div>
   <div class='ocr_carea' id='block_1_65' title="bbox 447 3289 2037 3366">
    <p class='ocr_par' dir='ltr' id='par_1_65' title="bbox 447 3289 2037 3366">
     <span class='ocr_line' id='line_1_65' title="bbox 447 3289 2037 3366; baseline 0.006 -24"><span class='ocrx_word' id='word_1_408' title='bbox 447 3289 631 3343; x_wconf 83' lang='lat' dir='ltr'><strong>Caroli</strong></span> <span class='ocrx_word' id='word_1_409' title='bbox 665 3289 820 3344; x_wconf 80' lang='lat' dir='ltr'><strong>bonae</strong></span> <span class='ocrx_word' id='word_1_410' title='bbox 864 3294 1142 3346; x_wconf 69' lang='lat' dir='ltr'><strong>memoriae</strong></span> <span class='ocrx_word' id='word_1_411' title='bbox 1183 3295 1516 3349; x_wconf 67' lang='lat' dir='ltr'><strong>serenissimi</strong></span> <span class='ocrx_word' id='word_1_412' title='bbox 1567 3295 1944 3366; x_wconf 85' lang='lat' dir='ltr'><strong>imperatoris,</strong></span> <span class='ocrx_word' id='word_1_413' title='bbox 1979 3296 2037 3352; x_wconf 88' lang='lat' dir='ltr'><strong>iu</strong></span> 
     </span>
    </p>
   </div>
   <div class='ocr_carea' id='block_1_66' title="bbox 449 3379 2038 3454">
    <p class='ocr_par' dir='ltr' id='par_1_66' title="bbox 449 3379 2038 3454">
     <span class='ocr_line' id='line_1_66' title="bbox 449 3379 2038 3454; baseline 0.007 -24"><span class='ocrx_word' id='word_1_414' title='bbox 449 3393 557 3447; x_wconf 89' lang='lat' dir='ltr'><strong>qua</strong></span> <span class='ocrx_word' id='word_1_415' title='bbox 589 3379 968 3434; x_wconf 66' lang='lat' dir='ltr'><strong>continebatur</strong></span> <span class='ocrx_word' id='word_1_416' title='bbox 996 3381 1262 3435; x_wconf 88' lang='lat' dir='ltr'><strong>insertum</strong></span> <span class='ocrx_word' id='word_1_417' title='bbox 1295 3383 1530 3451; x_wconf 87' lang='lat' dir='ltr'><strong>qualiter</strong></span> <span class='ocrx_word' id='word_1_418' title='bbox 1563 3384 1680 3453; x_wconf 86' lang='lat' dir='ltr'><strong>ipse</strong></span> <span class='ocrx_word' id='word_1_419' title='bbox 1716 3386 2038 3454; x_wconf 70' lang='lat' dir='ltr'><strong>praedictum</strong></span> 
     </span>
    </p>
   </div>
   <div class='ocr_carea' id='block_1_67' title="bbox 451 3467 2036 3541">
    <p class='ocr_par' dir='ltr' id='par_1_67' title="bbox 451 3467 2036 3541">
     <span class='ocr_line' id='line_1_67' title="bbox 451 3467 2036 3541; baseline 0.004 -19"><span class='ocrx_word' id='word_1_420' title='bbox 451 3467 840 3523; x_wconf 87' lang='lat' dir='ltr'><strong>monasterium</strong></span> <span class='ocrx_word' id='word_1_421' title='bbox 903 3485 1027 3523; x_wconf 92' lang='lat' dir='ltr'><strong>cum</strong></span> <span class='ocrx_word' id='word_1_422' title='bbox 1079 3471 1332 3526; x_wconf 90' lang='lat' dir='ltr'><strong>omnibus</strong></span> <span class='ocrx_word' id='word_1_423' title='bbox 1389 3473 1554 3528; x_wconf 89' lang='lat' dir='ltr'><strong>rebus</strong></span> <span class='ocrx_word' id='word_1_424' title='bbox 1600 3481 1657 3528; x_wconf 89' lang='lat' dir='ltr'><strong>et</strong></span> <span class='ocrx_word' id='word_1_425' title='bbox 1703 3473 2036 3541; x_wconf 86' lang='lat' dir='ltr'><strong>hominibus,</strong></span> 
     </span>
    </p>
   </div>
   <div class='ocr_carea' id='block_1_68' title="bbox 450 3559 2040 3634">
    <p class='ocr_par' dir='ltr' id='par_1_68' title="bbox 450 3559 2040 3634">
     <span class='ocr_line' id='line_1_68' title="bbox 450 3559 2040 3634; baseline 0.004 -22"><span class='ocrx_word' id='word_1_426' title='bbox 450 3572 590 3628; x_wconf 86' lang='lat' dir='ltr'><strong>quos</strong></span> <span class='ocrx_word' id='word_1_427' title='bbox 627 3567 738 3614; x_wconf 90' lang='lat' dir='ltr'><strong>tam</strong></span> <span class='ocrx_word' id='word_1_428' title='bbox 775 3559 841 3614; x_wconf 91' lang='lat' dir='ltr'><strong>de</strong></span> <span class='ocrx_word' id='word_1_429' title='bbox 879 3560 1172 3615; x_wconf 86' lang='lat' dir='ltr'><strong>donatione</strong></span> <span class='ocrx_word' id='word_1_430' title='bbox 1207 3575 1397 3632; x_wconf 82' lang='lat' dir='ltr'><strong>regum</strong></span> <span class='ocrx_word' id='word_1_431' title='bbox 1427 3563 1850 3632; x_wconf 87' lang='lat' dir='ltr'><strong>reginarumque</strong></span> <span class='ocrx_word' id='word_1_432' title='bbox 1877 3578 2040 3634; x_wconf 89' lang='lat' dir='ltr'><strong>quam</strong></span> 
     </span>
    </p>
   </div>
   <div class='ocr_carea' id='block_1_69' title="bbox 449 3649 2040 3719">
    <p class='ocr_par' dir='ltr' id='par_1_69' title="bbox 449 3649 2040 3719">
     <span class='ocr_line' id='line_1_69' title="bbox 449 3649 2040 3719; baseline 0.004 -15"><span class='ocrx_word' id='word_1_433' title='bbox 449 3650 614 3704; x_wconf 88' lang='lat' dir='ltr'><strong>etiam</strong></span> <span class='ocrx_word' id='word_1_434' title='bbox 656 3649 985 3719; x_wconf 89' lang='lat' dir='ltr'><strong>reliquorum</strong></span> <span class='ocrx_word' id='word_1_435' title='bbox 1026 3651 1194 3706; x_wconf 90' lang='lat' dir='ltr'><strong>Deum</strong></span> <span class='ocrx_word' id='word_1_436' title='bbox 1233 3653 1542 3707; x_wconf 91' lang='lat' dir='ltr'><strong>timentium</strong></span> <span class='ocrx_word' id='word_1_437' title='bbox 1579 3653 1866 3709; x_wconf 91' lang='lat' dir='ltr'><strong>hominum</strong></span> <span class='ocrx_word' id='word_1_438' title='bbox 1894 3655 2040 3711; x_wconf 89' lang='lat' dir='ltr'><strong>idem</strong></span> 
     </span>
    </p>
   </div>
   <div class='ocr_carea' id='block_1_70' title="bbox 452 3742 2041 3814">
    <p class='ocr_par' dir='ltr' id='par_1_70' title="bbox 452 3742 2041 3814">
     <span class='ocr_line' id='line_1_70' title="bbox 452 3742 2041 3814; baseline 0.003 -18"><span class='ocrx_word' id='word_1_439' title='bbox 452 3742 846 3798; x_wconf 85' lang='lat' dir='ltr'><strong>monasterium</strong></span> <span class='ocrx_word' id='word_1_440' title='bbox 893 3757 960 3798; x_wconf 87' lang='lat' dir='ltr'><strong>eo</strong></span> <span class='ocrx_word' id='word_1_441' title='bbox 1005 3751 1249 3812; x_wconf 88' lang='lat' dir='ltr'><strong>tempore</strong></span> <span class='ocrx_word' id='word_1_442' title='bbox 1293 3743 1532 3814; x_wconf 89' lang='lat' dir='ltr'><strong>legitime</strong></span> <span class='ocrx_word' id='word_1_443' title='bbox 1563 3744 1907 3814; x_wconf 86' lang='lat' dir='ltr'><strong>possidebat,</strong></span> <span class='ocrx_word' id='word_1_444' title='bbox 1937 3746 2041 3802; x_wconf 92' lang='lat' dir='ltr'><strong>sub</strong></span> 
     </span>
    </p>
   </div>
   <div class='ocr_carea' id='block_1_71' title="bbox 453 3832 2043 3899">
    <p class='ocr_par' dir='ltr' id='par_1_71' title="bbox 453 3832 2043 3899">
     <span class='ocr_line' id='line_1_71' title="bbox 453 3832 2043 3899; baseline 0.004 -14"><span class='ocrx_word' id='word_1_445' title='bbox 453 3846 552 3886; x_wconf 88' lang='lat' dir='ltr'><strong>suo</strong></span> <span class='ocrx_word' id='word_1_446' title='bbox 605 3832 905 3886; x_wconf 88' lang='lat' dir='ltr'><strong>munimine</strong></span> <span class='ocrx_word' id='word_1_447' title='bbox 949 3839 1007 3887; x_wconf 91' lang='lat' dir='ltr'><strong>et</strong></span> <span class='ocrx_word' id='word_1_448' title='bbox 1047 3832 1365 3888; x_wconf 85' lang='lat' dir='ltr'><strong>defensione</strong></span> <span class='ocrx_word' id='word_1_449' title='bbox 1412 3833 1714 3889; x_wconf 88' lang='lat' dir='ltr'><strong>consistere</strong></span> <span class='ocrx_word' id='word_1_450' title='bbox 1761 3832 1946 3899; x_wconf 45' lang='lat' dir='ltr'><strong>fecit,</strong></span> <span class='ocrx_word' id='word_1_451' title='bbox 1987 3842 2043 3891; x_wconf 89' lang='lat' dir='ltr'><strong>et</strong></span> 
     </span>
    </p>
   </div>
   <div class='ocr_carea' id='block_1_72' title="bbox 451 3923 2046 3997">
    <p class='ocr_par' dir='ltr' id='par_1_72' title="bbox 451 3923 2046 3997">
     <span class='ocr_line' id='line_1_72' title="bbox 451 3923 2046 3997; baseline 0.003 -20"><span class='ocrx_word' id='word_1_452' title='bbox 451 3923 570 3991; x_wconf 82' lang='lat' dir='ltr'><strong>eius</strong></span> <span class='ocrx_word' id='word_1_453' title='bbox 613 3926 937 3979; x_wconf 87' lang='lat' dir='ltr'><strong>auctoritate</strong></span> <span class='ocrx_word' id='word_1_454' title='bbox 986 3925 1344 3980; x_wconf 78' lang='lat' dir='ltr'><strong>immanitatis</strong></span> <span class='ocrx_word' id='word_1_455' title='bbox 1398 3926 1664 3983; x_wconf 88' lang='lat' dir='ltr'><strong>hactenus</strong></span> <span class='ocrx_word' id='word_1_456' title='bbox 1716 3925 1785 3981; x_wconf 90' lang='lat' dir='ltr'><strong>ab</strong></span> <span class='ocrx_word' id='word_1_457' title='bbox 1833 3926 2046 3997; x_wconf 82' lang='lat' dir='ltr'><strong>inquie-</strong></span> 
     </span>
    </p>
   </div>
   <div class='ocr_carea' id='block_1_73' title="bbox 453 4014 2045 4090">
    <p class='ocr_par' dir='ltr' id='par_1_73' title="bbox 453 4014 2045 4090">
     <span class='ocr_line' id='line_1_73' title="bbox 453 4014 2045 4090; baseline 0.005 -22"><span class='ocrx_word' id='word_1_458' title='bbox 453 4014 642 4069; x_wconf 87' lang='lat' dir='ltr'><strong>tudine</strong></span> <span class='ocrx_word' id='word_1_459' title='bbox 681 4014 984 4083; x_wconf 68' lang='lat' dir='ltr'><strong>iudiciariae</strong></span> <span class='ocrx_word' id='word_1_460' title='bbox 1016 4017 1301 4086; x_wconf 77' lang='lat' dir='ltr'><strong>potestatis</strong></span> <span class='ocrx_word' id='word_1_461' title='bbox 1359 4017 1503 4073; x_wconf 89' lang='lat' dir='ltr'><strong>idem</strong></span> <span class='ocrx_word' id='word_1_462' title='bbox 1558 4017 1827 4073; x_wconf 90' lang='lat' dir='ltr'><strong>munitum</strong></span> <span class='ocrx_word' id='word_1_463' title='bbox 1881 4027 2045 4090; x_wconf 86' lang='lat' dir='ltr'><strong>atque</strong></span> 
     </span>
    </p>
   </div>
   <div class='ocr_carea' id='block_1_74' title="bbox 452 4106 2045 4178">
    <p class='ocr_par' dir='ltr' id='par_1_74' title="bbox 452 4106 2045 4178">
     <span class='ocr_line' id='line_1_74' title="bbox 452 4106 2045 4178; baseline 0.003 -17"><span class='ocrx_word' id='word_1_464' title='bbox 452 4106 793 4161; x_wconf 87' lang='lat' dir='ltr'><strong>defensatum</strong></span> <span class='ocrx_word' id='word_1_465' title='bbox 843 4106 1011 4163; x_wconf 88' lang='lat' dir='ltr'><strong>fuisse</strong></span> <span class='ocrx_word' id='word_1_466' title='bbox 1057 4107 1469 4163; x_wconf 86' lang='lat' dir='ltr'><strong>monasterium.</strong></span> <span class='ocrx_word' id='word_1_467' title='bbox 1543 4109 1612 4164; x_wconf 88' lang='lat' dir='ltr'><strong>Et</strong></span> <span class='ocrx_word' id='word_1_468' title='bbox 1654 4123 1754 4178; x_wconf 87' lang='lat' dir='ltr'><strong>pro</strong></span> <span class='ocrx_word' id='word_1_469' title='bbox 1814 4109 2045 4166; x_wconf 87' lang='lat' dir='ltr'><strong>ﬁrmita-</strong></span> 
     </span>
    </p>
   </div>
   <div class='ocr_carea' id='block_1_75' title="bbox 455 4201 2042 4271">
    <p class='ocr_par' dir='ltr' id='par_1_75' title="bbox 455 4201 2042 4271">
     <span class='ocr_line' id='line_1_75' title="bbox 455 4201 2042 4271; baseline 0.003 -16"><span class='ocrx_word' id='word_1_470' title='bbox 455 4201 527 4256; x_wconf 87' lang='lat' dir='ltr'><strong>tis</strong></span> <span class='ocrx_word' id='word_1_471' title='bbox 581 4202 760 4256; x_wconf 89' lang='lat' dir='ltr'><strong>studio</strong></span> <span class='ocrx_word' id='word_1_472' title='bbox 808 4202 1103 4271; x_wconf 85' lang='lat' dir='ltr'><strong>postulavit</strong></span> <span class='ocrx_word' id='word_1_473' title='bbox 1146 4201 1290 4257; x_wconf 91' lang='lat' dir='ltr'><strong>idem</strong></span> <span class='ocrx_word' id='word_1_474' title='bbox 1350 4201 1546 4257; x_wconf 87' lang='lat' dir='ltr'><strong>Petrus</strong></span> <span class='ocrx_word' id='word_1_475' title='bbox 1608 4201 1776 4258; x_wconf 89' lang='lat' dir='ltr'><strong>abbas</strong></span> <span class='ocrx_word' id='word_1_476' title='bbox 1824 4203 2042 4259; x_wconf 85' lang='lat' dir='ltr'><strong>sereni-</strong></span> 
     </span>
    </p>
   </div>
   <div class='ocr_carea' id='block_1_76' title="bbox 456 4292 2046 4365">
    <p class='ocr_par' dir='ltr' id='par_1_76' title="bbox 456 4292 2046 4365">
     <span class='ocr_line' id='line_1_76' title="bbox 456 4292 2046 4365; baseline 0.003 -21"><span class='ocrx_word' id='word_1_477' title='bbox 456 4297 627 4345; x_wconf 88' lang='lat' dir='ltr'><strong>tatem</strong></span> <span class='ocrx_word' id='word_1_478' title='bbox 665 4299 907 4346; x_wconf 89' lang='lat' dir='ltr'><strong>nostram</strong></span> <span class='ocrx_word' id='word_1_479' title='bbox 935 4300 995 4344; x_wconf 92' lang='lat' dir='ltr'><strong>ut</strong></span> <span class='ocrx_word' id='word_1_480' title='bbox 1020 4300 1264 4360; x_wconf 77' lang='lat' dir='ltr'><strong>paterna:</strong></span> <span class='ocrx_word' id='word_1_481' title='bbox 1292 4292 1602 4348; x_wconf 88' lang='lat' dir='ltr'><strong>auctoritati</strong></span> <span class='ocrx_word' id='word_1_482' title='bbox 1635 4300 1878 4348; x_wconf 90' lang='lat' dir='ltr'><strong>nostram</strong></span> <span class='ocrx_word' id='word_1_483' title='bbox 1903 4308 2046 4365; x_wconf 86' lang='lat' dir='ltr'><strong>quo-</strong></span> 
     </span>
    </p>
   </div>
   <div class='ocr_carea' id='block_1_77' title="bbox 455 4381 2045 4454">
    <p class='ocr_par' dir='ltr' id='par_1_77' title="bbox 455 4381 2045 4454">
     <span class='ocr_line' id='line_1_77' title="bbox 455 4381 2045 4454; baseline 0.002 -19"><span class='ocrx_word' id='word_1_484' title='bbox 455 4397 563 4452; x_wconf 88' lang='lat' dir='ltr'><strong>que</strong></span> <span class='ocrx_word' id='word_1_485' title='bbox 603 4381 929 4436; x_wconf 88' lang='lat' dir='ltr'><strong>adderemus</strong></span> <span class='ocrx_word' id='word_1_486' title='bbox 976 4382 1376 4439; x_wconf 86' lang='lat' dir='ltr'><strong>auctoritatem.</strong></span> <span class='ocrx_word' id='word_1_487' title='bbox 1457 4381 1625 4451; x_wconf 88' lang='lat' dir='ltr'><strong>Cuius</strong></span> <span class='ocrx_word' id='word_1_488' title='bbox 1661 4384 1919 4454; x_wconf 83' lang='lat' dir='ltr'><strong>precibus</strong></span> <span class='ocrx_word' id='word_1_489' title='bbox 1973 4383 2045 4439; x_wconf 91' lang='lat' dir='ltr'><strong>ob</strong></span> 
     </span>
    </p>
   </div>
   <div class='ocr_carea' id='block_1_78' title="bbox 2338 3205 3528 3283">
    <p class='ocr_par' dir='ltr' id='par_1_78' title="bbox 2338 3205 3528 3283">
     <span class='ocr_line' id='line_1_78' title="bbox 2338 3205 3528 3283; baseline -0.003 -20"><span class='ocrx_word' id='word_1_490' title='bbox 2338 3224 2465 3280; x_wconf 87' lang='lat' dir='ltr'><strong>pag.</strong></span> <span class='ocrx_word' id='word_1_491' title='bbox 2489 3205 2616 3273; x_wconf 69' lang='lat'><strong>532,</strong></span> <span class='ocrx_word' id='word_1_492' title='bbox 2640 3222 2708 3262; x_wconf 78' lang='lat' dir='ltr'><strong>ex</strong></span> <span class='ocrx_word' id='word_1_493' title='bbox 2739 3207 3017 3283; x_wconf 78' lang='lat' dir='ltr'><strong>chartario</strong></span> <span class='ocrx_word' id='word_1_494' title='bbox 3045 3205 3206 3275; x_wconf 90' lang='lat' dir='ltr'><strong>huius</strong></span> <span class='ocrx_word' id='word_1_495' title='bbox 3233 3205 3528 3278; x_wconf 53' lang='lat' dir='ltr'><strong>ecclesia]</strong></span> 
     </span>
    </p>
   </div>
   <div class='ocr_carea' id='block_1_79' title="bbox 2209 3295 3729 3372">
    <p class='ocr_par' dir='ltr' id='par_1_79' title="bbox 2209 3295 3729 3372">
     <span class='ocr_line' id='line_1_79' title="bbox 2209 3295 3729 3372; baseline -0.001 -16"><span class='ocrx_word' id='word_1_496' title='bbox 2209 3300 2272 3356; x_wconf 87' lang='lat' dir='ltr'><strong>In</strong></span> <span class='ocrx_word' id='word_1_497' title='bbox 2306 3299 2524 3355; x_wconf 88' lang='lat' dir='ltr'><strong>nomine</strong></span> <span class='ocrx_word' id='word_1_498' title='bbox 2567 3298 2666 3354; x_wconf 90' lang='lat' dir='ltr'><strong>Dei</strong></span> <span class='ocrx_word' id='word_1_499' title='bbox 2695 3306 2750 3354; x_wconf 91' lang='lat' dir='ltr'><strong>et</strong></span> <span class='ocrx_word' id='word_1_500' title='bbox 2780 3297 3079 3372; x_wconf 80' lang='lat' dir='ltr'><strong>Salvatoris</strong></span> <span class='ocrx_word' id='word_1_501' title='bbox 3120 3297 3297 3352; x_wconf 89' lang='lat' dir='ltr'><strong>nostri</strong></span> <span class='ocrx_word' id='word_1_502' title='bbox 3322 3295 3452 3352; x_wconf 82' lang='lat' dir='ltr'><strong>Jesu</strong></span> <span class='ocrx_word' id='word_1_503' title='bbox 3489 3297 3729 3360; x_wconf 82' lang='lat' dir='ltr'><strong>Christi,</strong></span> 
     </span>
    </p>
   </div>
   <div class='ocr_carea' id='block_1_80' title="bbox 2139 3389 3738 3464">
    <p class='ocr_par' dir='ltr' id='par_1_80' title="bbox 2139 3389 3738 3464">
     <span class='ocr_line' id='line_1_80' title="bbox 2139 3389 3738 3464; baseline -0.001 -17"><span class='ocrx_word' id='word_1_504' title='bbox 2139 3391 2450 3448; x_wconf 85' lang='lat' dir='ltr'><strong>Ludovicus</strong></span> <span class='ocrx_word' id='word_1_505' title='bbox 2491 3391 2674 3447; x_wconf 87' lang='lat' dir='ltr'><strong>divina</strong></span> <span class='ocrx_word' id='word_1_506' title='bbox 2716 3391 3006 3446; x_wconf 88' lang='lat' dir='ltr'><strong>ordinante</strong></span> <span class='ocrx_word' id='word_1_507' title='bbox 3044 3389 3386 3460; x_wconf 84' lang='lat' dir='ltr'><strong>providentia</strong></span> <span class='ocrx_word' id='word_1_508' title='bbox 3427 3389 3738 3464; x_wconf 74' lang='lat' dir='ltr'><strong>imperator</strong></span> 
     </span>
    </p>
   </div>
   <div class='ocr_carea' id='block_1_81' title="bbox 2139 3482 3739 3558">
    <p class='ocr_par' dir='ltr' id='par_1_81' title="bbox 2139 3482 3739 3558">
     <span class='ocr_line' id='line_1_81' title="bbox 2139 3482 3739 3558; baseline -0.001 -18"><span class='ocrx_word' id='word_1_509' title='bbox 2139 3485 2458 3558; x_wconf 81' lang='lat' dir='ltr'><strong>Augustus,</strong></span> <span class='ocrx_word' id='word_1_510' title='bbox 2502 3483 2759 3540; x_wconf 86' lang='lat' dir='ltr'><strong>omnibus</strong></span> <span class='ocrx_word' id='word_1_511' title='bbox 2811 3483 3060 3539; x_wconf 86' lang='lat' dir='ltr'><strong>ﬁdelibus</strong></span> <span class='ocrx_word' id='word_1_512' title='bbox 3105 3491 3304 3538; x_wconf 64' lang='lat' dir='ltr'><strong>sanctae</strong></span> <span class='ocrx_word' id='word_1_513' title='bbox 3329 3482 3427 3537; x_wconf 92' lang='lat' dir='ltr'><strong>Dei</strong></span> <span class='ocrx_word' id='word_1_514' title='bbox 3475 3482 3739 3538; x_wconf 64' lang='lat' dir='ltr'><strong>Ecclesia</strong></span> 
     </span>
    </p>
   </div>
   <div class='ocr_carea' id='block_1_82' title="bbox 2139 3573 3735 3643">
    <p class='ocr_par' dir='ltr' id='par_1_82' title="bbox 2139 3573 3735 3643">
     <span class='ocr_line' id='line_1_82' title="bbox 2139 3573 3735 3643; baseline -0.003 -10"><span class='ocrx_word' id='word_1_515' title='bbox 2139 3586 2198 3633; x_wconf 87' lang='lat' dir='ltr'><strong>et</strong></span> <span class='ocrx_word' id='word_1_516' title='bbox 2215 3576 2446 3641; x_wconf 88' lang='lat' dir='ltr'><strong>nostris,</strong></span> <span class='ocrx_word' id='word_1_517' title='bbox 2477 3573 2563 3630; x_wconf 88' lang='lat' dir='ltr'><strong>vel</strong></span> <span class='ocrx_word' id='word_1_518' title='bbox 2601 3575 2814 3631; x_wconf 90' lang='lat' dir='ltr'><strong>cunctis</strong></span> <span class='ocrx_word' id='word_1_519' title='bbox 2853 3573 3296 3629; x_wconf 89' lang='lat' dir='ltr'><strong>ministerialibus</strong></span> <span class='ocrx_word' id='word_1_520' title='bbox 3335 3573 3735 3643; x_wconf 79' lang='lat' dir='ltr'><strong>rempublicam</strong></span> 
     </span>
    </p>
   </div>
   <div class='ocr_carea' id='block_1_83' title="bbox 2143 3661 3732 3735">
    <p class='ocr_par' dir='ltr' id='par_1_83' title="bbox 2143 3661 3732 3735">
     <span class='ocr_line' id='line_1_83' title="bbox 2143 3661 3732 3735; baseline -0.002 -13"><span class='ocrx_word' id='word_1_521' title='bbox 2143 3665 2657 3723; x_wconf 84' lang='lat' dir='ltr'><strong>administrantibus</strong></span> <span class='ocrx_word' id='word_1_522' title='bbox 2684 3673 2797 3720; x_wconf 90' lang='lat' dir='ltr'><strong>tam</strong></span> <span class='ocrx_word' id='word_1_523' title='bbox 2824 3663 3182 3735; x_wconf 65' lang='lat' dir='ltr'><strong>praesentibus</strong></span> <span class='ocrx_word' id='word_1_524' title='bbox 3207 3679 3374 3734; x_wconf 81' lang='lat' dir='ltr'><strong>quam</strong></span> <span class='ocrx_word' id='word_1_525' title='bbox 3418 3672 3479 3717; x_wconf 85' lang='lat' dir='ltr'><strong>et</strong></span> <span class='ocrx_word' id='word_1_526' title='bbox 3508 3661 3732 3719; x_wconf 87' lang='lat' dir='ltr'><strong>futuris.</strong></span> 
     </span>
    </p>
   </div>
   <div class='ocr_carea' id='block_1_84' title="bbox 2216 3752 3739 3822">
    <p class='ocr_par' dir='ltr' id='par_1_84' title="bbox 2216 3752 3739 3822">
     <span class='ocr_line' id='line_1_84' title="bbox 2216 3752 3739 3822; baseline -0.002 -12"><span class='ocrx_word' id='word_1_527' title='bbox 2216 3755 2415 3812; x_wconf 78' lang='lat' dir='ltr'><strong>Notum</strong></span> <span class='ocrx_word' id='word_1_528' title='bbox 2441 3770 2562 3811; x_wconf 89' lang='lat' dir='ltr'><strong>esse</strong></span> <span class='ocrx_word' id='word_1_529' title='bbox 2585 3755 2836 3811; x_wconf 86' lang='lat' dir='ltr'><strong>volumus</strong></span> <span class='ocrx_word' id='word_1_530' title='bbox 2860 3762 3058 3810; x_wconf 75' lang='lat' dir='ltr'><strong>vestra:</strong></span> <span class='ocrx_word' id='word_1_531' title='bbox 3081 3753 3362 3808; x_wconf 69' lang='lat' dir='ltr'><strong>industria:</strong></span> <span class='ocrx_word' id='word_1_532' title='bbox 3390 3752 3635 3822; x_wconf 83' lang='lat' dir='ltr'><strong>qualiter</strong></span> <span class='ocrx_word' id='word_1_533' title='bbox 3656 3755 3739 3807; x_wconf 79' lang='lat' dir='ltr'><strong>vir</strong></span> 
     </span>
    </p>
   </div>
   <div class='ocr_carea' id='block_1_85' title="bbox 2142 3842 3738 3916">
    <p class='ocr_par' dir='ltr' id='par_1_85' title="bbox 2142 3842 3738 3916">
     <span class='ocr_line' id='line_1_85' title="bbox 2142 3842 3738 3916; baseline -0.003 -14"><span class='ocrx_word' id='word_1_534' title='bbox 2142 3847 2475 3904; x_wconf 84' lang='lat' dir='ltr'><strong>venerabilis</strong></span> <span class='ocrx_word' id='word_1_535' title='bbox 2491 3845 2864 3902; x_wconf 85' lang='lat' dir='ltr'><strong>Theodbertus</strong></span> <span class='ocrx_word' id='word_1_536' title='bbox 2875 3845 3160 3916; x_wconf 88' lang='lat' dir='ltr'><strong>episcopus</strong></span> <span class='ocrx_word' id='word_1_537' title='bbox 3173 3842 3534 3899; x_wconf 78' lang='lat' dir='ltr'><strong>Massiliensis</strong></span> <span class='ocrx_word' id='word_1_538' title='bbox 3547 3843 3738 3897; x_wconf 80' lang='lat' dir='ltr'><strong>adiens</strong></span> 
     </span>
    </p>
   </div>
   <div class='ocr_carea' id='block_1_86' title="bbox 2147 3933 3740 4007">
    <p class='ocr_par' dir='ltr' id='par_1_86' title="bbox 2147 3933 3740 4007">
     <span class='ocr_line' id='line_1_86' title="bbox 2147 3933 3740 4007; baseline -0.005 -11"><span class='ocrx_word' id='word_1_539' title='bbox 2147 3939 2499 3996; x_wconf 84' lang='lat' dir='ltr'><strong>serenitatem</strong></span> <span class='ocrx_word' id='word_1_540' title='bbox 2547 3937 2802 3996; x_wconf 88' lang='lat' dir='ltr'><strong>culminis</strong></span> <span class='ocrx_word' id='word_1_541' title='bbox 2848 3935 3064 4003; x_wconf 88' lang='lat' dir='ltr'><strong>nostri,</strong></span> <span class='ocrx_word' id='word_1_542' title='bbox 3122 3943 3343 4007; x_wconf 82' lang='lat' dir='ltr'><strong>gestans</strong></span> <span class='ocrx_word' id='word_1_543' title='bbox 3385 3933 3441 3989; x_wconf 92' lang='lat' dir='ltr'><strong>in</strong></span> <span class='ocrx_word' id='word_1_544' title='bbox 3486 3935 3740 3989; x_wconf 85' lang='lat' dir='ltr'><strong>manibus</strong></span> 
     </span>
    </p>
   </div>
   <div class='ocr_carea' id='block_1_87' title="bbox 2145 4025 3736 4103">
    <p class='ocr_par' dir='ltr' id='par_1_87' title="bbox 2145 4025 3736 4103">
     <span class='ocr_line' id='line_1_87' title="bbox 2145 4025 3736 4103; baseline -0.004 -15"><span class='ocrx_word' id='word_1_545' title='bbox 2145 4035 2436 4103; x_wconf 83' lang='lat' dir='ltr'><strong>quamdam</strong></span> <span class='ocrx_word' id='word_1_546' title='bbox 2483 4031 2862 4088; x_wconf 87' lang='lat' dir='ltr'><strong>auctoritatem</strong></span> <span class='ocrx_word' id='word_1_547' title='bbox 2910 4029 3094 4086; x_wconf 86' lang='lat' dir='ltr'><strong>domui</strong></span> <span class='ocrx_word' id='word_1_548' title='bbox 3125 4028 3386 4099; x_wconf 86' lang='lat' dir='ltr'><strong>genitoris</strong></span> <span class='ocrx_word' id='word_1_549' title='bbox 3418 4027 3600 4083; x_wconf 90' lang='lat' dir='ltr'><strong>nostri</strong></span> <span class='ocrx_word' id='word_1_550' title='bbox 3640 4025 3736 4082; x_wconf 84' lang='lat' dir='ltr'><strong>Ca-</strong></span> 
     </span>
    </p>
   </div>
   <div class='ocr_carea' id='block_1_88' title="bbox 2147 4116 3737 4194">
    <p class='ocr_par' dir='ltr' id='par_1_88' title="bbox 2147 4116 3737 4194">
     <span class='ocr_line' id='line_1_88' title="bbox 2147 4116 3737 4194; baseline -0.006 -15"><span class='ocrx_word' id='word_1_551' title='bbox 2147 4124 2252 4179; x_wconf 88' lang='lat' dir='ltr'><strong>roli</strong></span> <span class='ocrx_word' id='word_1_552' title='bbox 2279 4123 2719 4194; x_wconf 71' lang='lat' dir='ltr'><strong>prmstantissimi</strong></span> <span class='ocrx_word' id='word_1_553' title='bbox 2768 4120 3135 4190; x_wconf 78' lang='lat' dir='ltr'><strong>imperatoris,</strong></span> <span class='ocrx_word' id='word_1_554' title='bbox 3185 4119 3237 4172; x_wconf 93' lang='lat' dir='ltr'><strong>in</strong></span> <span class='ocrx_word' id='word_1_555' title='bbox 3273 4133 3380 4188; x_wconf 90' lang='lat' dir='ltr'><strong>qua</strong></span> <span class='ocrx_word' id='word_1_556' title='bbox 3411 4116 3737 4172; x_wconf 85' lang='lat' dir='ltr'><strong>contineba-</strong></span> 
     </span>
    </p>
   </div>
   <div class='ocr_carea' id='block_1_89' title="bbox 2147 4207 3748 4282">
    <p class='ocr_par' dir='ltr' id='par_1_89' title="bbox 2147 4207 3748 4282">
     <span class='ocr_line' id='line_1_89' title="bbox 2147 4207 3748 4282; baseline -0.006 -13"><span class='ocrx_word' id='word_1_557' title='bbox 2147 4222 2240 4268; x_wconf 91' lang='lat' dir='ltr'><strong>tur</strong></span> <span class='ocrx_word' id='word_1_558' title='bbox 2268 4214 2533 4269; x_wconf 87' lang='lat' dir='ltr'><strong>inscrtum</strong></span> <span class='ocrx_word' id='word_1_559' title='bbox 2565 4212 2800 4282; x_wconf 89' lang='lat' dir='ltr'><strong>qualiter</strong></span> <span class='ocrx_word' id='word_1_560' title='bbox 2837 4210 3084 4266; x_wconf 63' lang='lat' dir='ltr'><strong>ecclesia:</strong></span> <span class='ocrx_word' id='word_1_561' title='bbox 3119 4210 3296 4265; x_wconf 89' lang='lat' dir='ltr'><strong>sancti</strong></span> <span class='ocrx_word' id='word_1_562' title='bbox 3328 4207 3567 4262; x_wconf 78' lang='lat' dir='ltr'><strong>Victoris</strong></span> <span class='ocrx_word' id='word_1_563' title='bbox 3596 4222 3748 4261; x_wconf 85' lang='lat' dir='ltr'><strong>mar-</strong></span> 
     </span>
    </p>
   </div>
   <div class='ocr_carea' id='block_1_90' title="bbox 2148 4299 3741 4375">
    <p class='ocr_par' dir='ltr' id='par_1_90' title="bbox 2148 4299 3741 4375">
     <span class='ocr_line' id='line_1_90' title="bbox 2148 4299 3741 4375; baseline -0.005 -17"><span class='ocrx_word' id='word_1_564' title='bbox 2148 4303 2303 4375; x_wconf 82' lang='lat' dir='ltr'><strong>tyris,</strong></span> <span class='ocrx_word' id='word_1_565' title='bbox 2328 4303 2418 4358; x_wconf 93' lang='lat' dir='ltr'><strong>ubi</strong></span> <span class='ocrx_word' id='word_1_566' title='bbox 2439 4302 2871 4359; x_wconf 87' lang='lat' dir='ltr'><strong>sacratissimu</strong></span> <span class='ocrx_word' id='word_1_567' title='bbox 2919 4316 3119 4371; x_wconf 84' lang='lat' dir='ltr'><strong>corpus</strong></span> <span class='ocrx_word' id='word_1_568' title='bbox 3151 4300 3269 4371; x_wconf 85' lang='lat' dir='ltr'><strong>eius</strong></span> <span class='ocrx_word' id='word_1_569' title='bbox 3302 4299 3595 4353; x_wconf 86' lang='lat' dir='ltr'><strong>humatum</strong></span> <span class='ocrx_word' id='word_1_570' title='bbox 3637 4306 3741 4363; x_wconf 86' lang='lat' dir='ltr'><strong>est,</strong></span> 
     </span>
    </p>
   </div>
   <div class='ocr_carea' id='block_1_91' title="bbox 2149 4388 3743 4460">
    <p class='ocr_par' dir='ltr' id='par_1_91' title="bbox 2149 4388 3743 4460">
     <span class='ocr_line' id='line_1_91' title="bbox 2149 4388 3743 4460; baseline 0 -12"><span class='ocrx_word' id='word_1_571' title='bbox 2149 4394 2510 4449; x_wconf 88' lang='lat' dir='ltr'><strong>concessisset</strong></span> <span class='ocrx_word' id='word_1_572' title='bbox 2529 4393 2803 4449; x_wconf 91' lang='lat' dir='ltr'><strong>teloncum</strong></span> <span class='ocrx_word' id='word_1_573' title='bbox 2853 4392 2920 4448; x_wconf 92' lang='lat' dir='ltr'><strong>de</strong></span> <span class='ocrx_word' id='word_1_574' title='bbox 2960 4392 3089 4446; x_wconf 89' lang='lat' dir='ltr'><strong>villa</strong></span> <span class='ocrx_word' id='word_1_575' title='bbox 3131 4405 3252 4460; x_wconf 70' lang='lat' dir='ltr'><strong>qua:</strong></span> <span class='ocrx_word' id='word_1_576' title='bbox 3278 4389 3482 4445; x_wconf 90' lang='lat' dir='ltr'><strong>dicitur</strong></span> <span class='ocrx_word' id='word_1_577' title='bbox 3511 4388 3743 4448; x_wconf 69' lang='lat' dir='ltr'><strong>[.eonio.</strong></span> 
     </span>
    </p>
   </div>
   <div class='ocr_carea' id='block_1_92' title="bbox 458 4461 3743 4558">
    <p class='ocr_par' dir='ltr' id='par_1_92' title="bbox 458 4461 3743 4558">
     <span class='ocr_line' id='line_1_92' title="bbox 458 4461 3743 4558; baseline 0.002 -32"><span class='ocrx_word' id='word_1_578' title='bbox 458 4471 630 4527; x_wconf 85' lang='lat' dir='ltr'><strong>divini</strong></span> <span class='ocrx_word' id='word_1_579' title='bbox 659 4471 835 4528; x_wconf 90' lang='lat' dir='ltr'><strong>cultus</strong></span> <span class='ocrx_word' id='word_1_580' title='bbox 871 4487 1115 4528; x_wconf 89' lang='lat' dir='ltr'><strong>amorem</strong></span> <span class='ocrx_word' id='word_1_581' title='bbox 1142 4481 1199 4528; x_wconf 90' lang='lat' dir='ltr'><strong>et</strong></span> <span class='ocrx_word' id='word_1_582' title='bbox 1227 4474 1634 4529; x_wconf 88' lang='lat' dir='ltr'><strong>venerationem</strong></span> <span class='ocrx_word' id='word_1_583' title='bbox 1667 4473 1840 4545; x_wconf 89' lang='lat' dir='ltr'><strong>ipsius</strong></span> <span class='ocrx_word' id='word_1_584' title='bbox 1865 4473 2042 4530; x_wconf 88' lang='lat' dir='ltr'><strong>sancti</strong></span> <span class='ocrx_word' id='word_1_585' title='bbox 2066 4461 2121 4522; x_wconf 77' lang='grc' dir='ltr'><strong><em>Β</em></strong></span> <span class='ocrx_word' id='word_1_586' title='bbox 2147 4487 2411 4558; x_wconf 71' lang='lat' dir='ltr'><strong>quidquid</strong></span> <span class='ocrx_word' id='word_1_587' title='bbox 2447 4485 2613 4542; x_wconf 72' lang='lat' dir='ltr'><strong>ﬁscus</strong></span> <span class='ocrx_word' id='word_1_588' title='bbox 2651 4486 2834 4556; x_wconf 61' lang='lat' dir='ltr'><strong>regius</strong></span> <span class='ocrx_word' id='word_1_589' title='bbox 2874 4483 3071 4541; x_wconf 66' lang='lat' dir='ltr'><strong>exinde</strong></span> <span class='ocrx_word' id='word_1_590' title='bbox 3099 4484 3352 4552; x_wconf 72' lang='lat' dir='ltr'><strong>exigebat</strong></span> <span class='ocrx_word' id='word_1_591' title='bbox 3389 4491 3506 4537; x_wconf 76' lang='lat' dir='ltr'><strong>tam</strong></span> <span class='ocrx_word' id='word_1_592' title='bbox 3534 4483 3605 4538; x_wconf 77' lang='lat' dir='ltr'><strong>de</strong></span> <span class='ocrx_word' id='word_1_593' title='bbox 3630 4482 3743 4537; x_wconf 72' lang='lat' dir='ltr'><strong>sale</strong></span> 
     </span>
    </p>
   </div>
   <div class='ocr_carea' id='block_1_93' title="bbox 456 4564 2044 4635">
    <p class='ocr_par' dir='ltr' id='par_1_93' title="bbox 456 4564 2044 4635">
     <span class='ocr_line' id='line_1_93' title="bbox 456 4564 2044 4635; baseline 0 -15"><span class='ocrx_word' id='word_1_594' title='bbox 456 4564 562 4620; x_wconf 89' lang='lat' dir='ltr'><strong>loci</strong></span> <span class='ocrx_word' id='word_1_595' title='bbox 591 4579 872 4619; x_wconf 84' lang='lat' dir='ltr'><strong>assensum</strong></span> <span class='ocrx_word' id='word_1_596' title='bbox 901 4567 1234 4635; x_wconf 64' lang='lat' dir='ltr'><strong>praebentes,</strong></span> <span class='ocrx_word' id='word_1_597' title='bbox 1273 4565 1414 4621; x_wconf 89' lang='lat' dir='ltr'><strong>hanc</strong></span> <span class='ocrx_word' id='word_1_598' title='bbox 1439 4566 1818 4621; x_wconf 83' lang='lat' dir='ltr'><strong>auctoritatem</strong></span> <span class='ocrx_word' id='word_1_599' title='bbox 1847 4565 2044 4621; x_wconf 86' lang='lat' dir='ltr'><strong>immu-</strong></span> 
     </span>
    </p>
   </div>
   <div class='ocr_carea' id='block_1_94' title="bbox 457 4656 2043 4726">
    <p class='ocr_par' dir='ltr' id='par_1_94' title="bbox 457 4656 2043 4726">
     <span class='ocr_line' id='line_1_94' title="bbox 457 4656 2043 4726; baseline -0.001 -14"><span class='ocrx_word' id='word_1_600' title='bbox 457 4657 647 4712; x_wconf 88' lang='lat' dir='ltr'><strong>nitatis</strong></span> <span class='ocrx_word' id='word_1_601' title='bbox 668 4665 870 4711; x_wconf 72' lang='lat' dir='ltr'><strong>nostrze</strong></span> <span class='ocrx_word' id='word_1_602' title='bbox 891 4657 1066 4712; x_wconf 88' lang='lat' dir='ltr'><strong>eidem</strong></span> <span class='ocrx_word' id='word_1_603' title='bbox 1111 4659 1446 4712; x_wconf 90' lang='lat' dir='ltr'><strong>monasterio</strong></span> <span class='ocrx_word' id='word_1_604' title='bbox 1479 4657 1598 4712; x_wconf 87' lang='lat' dir='ltr'><strong>ﬁeri</strong></span> <span class='ocrx_word' id='word_1_605' title='bbox 1624 4656 1912 4726; x_wconf 84' lang='lat' dir='ltr'><strong>iussimus,</strong></span> <span class='ocrx_word' id='word_1_606' title='bbox 1940 4670 2043 4726; x_wconf 89' lang='lat' dir='ltr'><strong>per</strong></span> 
     </span>
    </p>
   </div>
   <div class='ocr_carea' id='block_1_95' title="bbox 458 4747 2043 4818">
    <p class='ocr_par' dir='ltr' id='par_1_95' title="bbox 458 4747 2043 4818">
     <span class='ocr_line' id='line_1_95' title="bbox 458 4747 2043 4818; baseline 0.001 -18"><span class='ocrx_word' id='word_1_607' title='bbox 458 4762 622 4818; x_wconf 90' lang='lat' dir='ltr'><strong>quam</strong></span> <span class='ocrx_word' id='word_1_608' title='bbox 668 4747 1009 4817; x_wconf 67' lang='lat' dir='ltr'><strong>praecipimus</strong></span> <span class='ocrx_word' id='word_1_609' title='bbox 1057 4753 1219 4816; x_wconf 90' lang='lat' dir='ltr'><strong>atque</strong></span> <span class='ocrx_word' id='word_1_610' title='bbox 1257 4747 1510 4817; x_wconf 88' lang='lat' dir='ltr'><strong>iubemus</strong></span> <span class='ocrx_word' id='word_1_611' title='bbox 1562 4755 1622 4802; x_wconf 90' lang='lat' dir='ltr'><strong>ut</strong></span> <span class='ocrx_word' id='word_1_612' title='bbox 1679 4755 2043 4802; x_wconf 88' lang='lat' dir='ltr'><strong>memoratum</strong></span> 
     </span>
    </p>
   </div>
   <div class='ocr_carea' id='block_1_96' title="bbox 459 4836 2094 4899">
    <p class='ocr_par' dir='ltr' id='par_1_96' title="bbox 459 4836 2094 4899">
     <span class='ocr_line' id='line_1_96' title="bbox 459 4836 2094 4899; baseline -0.003 0"><span class='ocrx_word' id='word_1_613' title='bbox 459 4841 849 4899; x_wconf 88' lang='lat' dir='ltr'><strong>monasterium</strong></span> <span class='ocrx_word' id='word_1_614' title='bbox 885 4855 1009 4895; x_wconf 92' lang='lat' dir='ltr'><strong>cum</strong></span> <span class='ocrx_word' id='word_1_615' title='bbox 1047 4839 1300 4895; x_wconf 91' lang='lat' dir='ltr'><strong>omnibus</strong></span> <span class='ocrx_word' id='word_1_616' title='bbox 1326 4840 1489 4895; x_wconf 89' lang='lat' dir='ltr'><strong>rebus</strong></span> <span class='ocrx_word' id='word_1_617' title='bbox 1528 4847 1584 4894; x_wconf 88' lang='lat' dir='ltr'><strong>et</strong></span> <span class='ocrx_word' id='word_1_618' title='bbox 1620 4839 1935 4894; x_wconf 88' lang='lat' dir='ltr'><strong>hominibus</strong></span> <span class='ocrx_word' id='word_1_619' title='bbox 1964 4838 2035 4894; x_wconf 90' lang='lat' dir='ltr'><strong>ad</strong></span> <span class='ocrx_word' id='word_1_620' title='bbox 2091 4836 2094 4837; x_wconf 54' lang='grc'><strong><em>⁷</em></strong></span> 
     </span>
    </p>
   </div>
   <div class='ocr_carea' id='block_1_97' title="bbox 461 4927 2044 5003">
    <p class='ocr_par' dir='ltr' id='par_1_97' title="bbox 461 4927 2044 5003">
     <span class='ocr_line' id='line_1_97' title="bbox 461 4927 2044 5003; baseline -0.003 -14"><span class='ocrx_word' id='word_1_621' title='bbox 461 4948 521 4991; x_wconf 80' lang='lat' dir='ltr'><strong>se</strong></span> <span class='ocrx_word' id='word_1_622' title='bbox 543 4931 799 5003; x_wconf 72' lang='lat' dir='ltr'><strong>praesenti</strong></span> <span class='ocrx_word' id='word_1_623' title='bbox 831 4940 1073 5002; x_wconf 87' lang='lat' dir='ltr'><strong>tempore</strong></span> <span class='ocrx_word' id='word_1_624' title='bbox 1097 4929 1246 4998; x_wconf 89' lang='lat' dir='ltr'><strong>iuste</strong></span> <span class='ocrx_word' id='word_1_625' title='bbox 1282 4939 1338 4985; x_wconf 92' lang='lat' dir='ltr'><strong>et</strong></span> <span class='ocrx_word' id='word_1_626' title='bbox 1375 4929 1622 5001; x_wconf 87' lang='lat' dir='ltr'><strong>legaliter</strong></span> <span class='ocrx_word' id='word_1_627' title='bbox 1641 4927 2044 4999; x_wconf 88' lang='lat' dir='ltr'><strong>pertinentibus</strong></span> 
     </span>
    </p>
   </div>
   <div class='ocr_carea' id='block_1_98' title="bbox 460 5021 2046 5095">
    <p class='ocr_par' dir='ltr' id='par_1_98' title="bbox 460 5021 2046 5095">
     <span class='ocr_line' id='line_1_98' title="bbox 460 5021 2046 5095; baseline -0.001 -16"><span class='ocrx_word' id='word_1_628' title='bbox 460 5025 546 5080; x_wconf 91' lang='lat' dir='ltr'><strong>vel</strong></span> <span class='ocrx_word' id='word_1_629' title='bbox 573 5024 962 5095; x_wconf 89' lang='lat' dir='ltr'><strong>aspicientibus</strong></span> <span class='ocrx_word' id='word_1_630' title='bbox 988 5025 1088 5080; x_wconf 89' lang='lat' dir='ltr'><strong>sub</strong></span> <span class='ocrx_word' id='word_1_631' title='bbox 1116 5025 1474 5080; x_wconf 90' lang='lat' dir='ltr'><strong>immunitatis</strong></span> <span class='ocrx_word' id='word_1_632' title='bbox 1503 5033 1702 5079; x_wconf 67' lang='lat' dir='ltr'><strong>nostrae</strong></span> <span class='ocrx_word' id='word_1_633' title='bbox 1731 5021 2046 5080; x_wconf 90' lang='lat' dir='ltr'><strong>defensione</strong></span> 
     </span>
    </p>
   </div>
   <div class='ocr_carea' id='block_1_99' title="bbox 463 5118 2045 5190">
    <p class='ocr_par' dir='ltr' id='par_1_99' title="bbox 463 5118 2045 5190">
     <span class='ocr_line' id='line_1_99' title="bbox 463 5118 2045 5190; baseline 0.001 -18"><span class='ocrx_word' id='word_1_634' title='bbox 463 5119 638 5173; x_wconf 91' lang='lat' dir='ltr'><strong>modis</strong></span> <span class='ocrx_word' id='word_1_635' title='bbox 669 5118 921 5174; x_wconf 90' lang='lat' dir='ltr'><strong>omnibus</strong></span> <span class='ocrx_word' id='word_1_636' title='bbox 957 5118 1250 5184; x_wconf 89' lang='lat' dir='ltr'><strong>consistat,</strong></span> <span class='ocrx_word' id='word_1_637' title='bbox 1298 5127 1354 5174; x_wconf 90' lang='lat' dir='ltr'><strong>et</strong></span> <span class='ocrx_word' id='word_1_638' title='bbox 1391 5119 1568 5174; x_wconf 92' lang='lat' dir='ltr'><strong>nullus</strong></span> <span class='ocrx_word' id='word_1_639' title='bbox 1599 5120 1765 5190; x_wconf 82' lang='lat' dir='ltr'><strong>iudex</strong></span> <span class='ocrx_word' id='word_1_640' title='bbox 1796 5118 2045 5188; x_wconf 89' lang='lat' dir='ltr'><strong>publicus</strong></span> 
     </span>
    </p>
   </div>
   <div class='ocr_carea' id='block_1_100' title="bbox 462 5209 2045 5282">
    <p class='ocr_par' dir='ltr' id='par_1_100' title="bbox 462 5209 2045 5282">
     <span class='ocr_line' id='line_1_100' title="bbox 462 5209 2045 5282; baseline 0.003 -21"><span class='ocrx_word' id='word_1_641' title='bbox 462 5209 549 5262; x_wconf 88' lang='lat' dir='ltr'><strong>vel</strong></span> <span class='ocrx_word' id='word_1_642' title='bbox 571 5210 800 5279; x_wconf 89' lang='lat' dir='ltr'><strong>quilibet</strong></span> <span class='ocrx_word' id='word_1_643' title='bbox 838 5226 904 5266; x_wconf 79' lang='lat' dir='ltr'><strong>ex</strong></span> <span class='ocrx_word' id='word_1_644' title='bbox 946 5210 1236 5282; x_wconf 88' lang='lat' dir='ltr'><strong>iudiciaria</strong></span> <span class='ocrx_word' id='word_1_645' title='bbox 1276 5219 1542 5280; x_wconf 88' lang='lat' dir='ltr'><strong>potestate</strong></span> <span class='ocrx_word' id='word_1_646' title='bbox 1567 5211 1619 5264; x_wconf 94' lang='lat' dir='ltr'><strong>in</strong></span> <span class='ocrx_word' id='word_1_647' title='bbox 1655 5209 1918 5266; x_wconf 88' lang='lat' dir='ltr'><strong>ecclesias</strong></span> <span class='ocrx_word' id='word_1_648' title='bbox 1951 5218 2045 5265; x_wconf 89' lang='lat' dir='ltr'><strong>aut</strong></span> 
     </span>
    </p>
   </div>
   <div class='ocr_carea' id='block_1_101' title="bbox 463 5299 2043 5371">
    <p class='ocr_par' dir='ltr' id='par_1_101' title="bbox 463 5299 2043 5371">
     <span class='ocr_line' id='line_1_101' title="bbox 463 5299 2043 5371; baseline 0.003 -20"><span class='ocrx_word' id='word_1_649' title='bbox 463 5299 652 5366; x_wconf 88' lang='lat' dir='ltr'><strong>villas,</strong></span> <span class='ocrx_word' id='word_1_650' title='bbox 714 5309 930 5368; x_wconf 89' lang='lat' dir='ltr'><strong>curtes,</strong></span> <span class='ocrx_word' id='word_1_651' title='bbox 1007 5301 1123 5357; x_wconf 89' lang='lat' dir='ltr'><strong>loca</strong></span> <span class='ocrx_word' id='word_1_652' title='bbox 1152 5343 1174 5368; x_wconf 79' lang='lat'><strong>,</strong></span> <span class='ocrx_word' id='word_1_653' title='bbox 1227 5301 1312 5355; x_wconf 90' lang='lat' dir='ltr'><strong>vel</strong></span> <span class='ocrx_word' id='word_1_654' title='bbox 1363 5316 1523 5371; x_wconf 88' lang='lat' dir='ltr'><strong>agros</strong></span> <span class='ocrx_word' id='word_1_655' title='bbox 1551 5341 1566 5368; x_wconf 90' lang='lat'><strong>,</strong></span> <span class='ocrx_word' id='word_1_656' title='bbox 1633 5315 1727 5355; x_wconf 90' lang='lat' dir='ltr'><strong>seu</strong></span> <span class='ocrx_word' id='word_1_657' title='bbox 1806 5299 2043 5370; x_wconf 80' lang='lat' dir='ltr'><strong>reliquas</strong></span> 
     </span>
    </p>
   </div>
   <div class='ocr_carea' id='block_1_102' title="bbox 462 5375 2048 5462">
    <p class='ocr_par' dir='ltr' id='par_1_102' title="bbox 462 5375 2048 5462">
     <span class='ocr_line' id='line_1_102' title="bbox 462 5375 2048 5462; baseline -0.001 -17"><span class='ocrx_word' id='word_1_658' title='bbox 462 5393 835 5462; x_wconf 85' lang='lat' dir='ltr'><strong>possessiones</strong></span> <span class='ocrx_word' id='word_1_659' title='bbox 881 5375 1166 5448; x_wconf 89' lang='lat' dir='ltr'><strong>memorati</strong></span> <span class='ocrx_word' id='word_1_660' title='bbox 1215 5392 1563 5456; x_wconf 89' lang='lat' dir='ltr'><strong>monasterii,</strong></span> <span class='ocrx_word' id='word_1_661' title='bbox 1607 5405 1744 5461; x_wconf 87' lang='lat' dir='ltr'><strong>quas</strong></span> <span class='ocrx_word' id='word_1_662' title='bbox 1787 5389 2048 5444; x_wconf 87' lang='lat' dir='ltr'><strong>moderno</strong></span> 
     </span>
    </p>
   </div>
   <div class='ocr_carea' id='block_1_103' title="bbox 466 5484 2050 5558">
    <p class='ocr_par' dir='ltr' id='par_1_103' title="bbox 466 5484 2050 5558">
     <span class='ocr_line' id='line_1_103' title="bbox 466 5484 2050 5558; baseline 0 -20"><span class='ocrx_word' id='word_1_663' title='bbox 466 5491 710 5554; x_wconf 89' lang='lat' dir='ltr'><strong>tempore</strong></span> <span class='ocrx_word' id='word_1_664' title='bbox 756 5484 903 5552; x_wconf 90' lang='lat' dir='ltr'><strong>iuste</strong></span> <span class='ocrx_word' id='word_1_665' title='bbox 947 5495 1002 5542; x_wconf 92' lang='lat' dir='ltr'><strong>et</strong></span> <span class='ocrx_word' id='word_1_666' title='bbox 1055 5487 1302 5558; x_wconf 83' lang='lat' dir='ltr'><strong>legaliter</strong></span> <span class='ocrx_word' id='word_1_667' title='bbox 1351 5486 1592 5558; x_wconf 89' lang='lat' dir='ltr'><strong>possidet</strong></span> <span class='ocrx_word' id='word_1_668' title='bbox 1636 5486 1690 5539; x_wconf 90' lang='lat' dir='ltr'><strong>in</strong></span> <span class='ocrx_word' id='word_1_669' title='bbox 1716 5484 2050 5554; x_wconf 88' lang='lat' dir='ltr'><strong>quibuslibet</strong></span> 
     </span>
    </p>
   </div>
   <div class='ocr_carea' id='block_1_104' title="bbox 465 5574 2046 5648">
    <p class='ocr_par' dir='ltr' id='par_1_104' title="bbox 465 5574 2046 5648">
     <span class='ocr_line' id='line_1_104' title="bbox 465 5574 2046 5648; baseline 0.002 -22"><span class='ocrx_word' id='word_1_670' title='bbox 465 5575 617 5644; x_wconf 85' lang='lat' dir='ltr'><strong>pagis</strong></span> <span class='ocrx_word' id='word_1_671' title='bbox 663 5574 746 5629; x_wconf 85' lang='lat' dir='ltr'><strong>vel</strong></span> <span class='ocrx_word' id='word_1_672' title='bbox 794 5577 1089 5632; x_wconf 84' lang='lat' dir='ltr'><strong>territoriis</strong></span> <span class='ocrx_word' id='word_1_673' title='bbox 1126 5579 1265 5634; x_wconf 84' lang='lat' dir='ltr'><strong>infra</strong></span> <span class='ocrx_word' id='word_1_674' title='bbox 1303 5577 1560 5634; x_wconf 89' lang='lat' dir='ltr'><strong>ditionem</strong></span> <span class='ocrx_word' id='word_1_675' title='bbox 1606 5577 1816 5648; x_wconf 89' lang='lat' dir='ltr'><strong>imperii</strong></span> <span class='ocrx_word' id='word_1_676' title='bbox 1851 5574 2046 5644; x_wconf 88' lang='lat' dir='ltr'><strong>nostri,</strong></span> 
     </span>
    </p>
   </div>
   <div class='ocr_carea' id='block_1_105' title="bbox 542 5685 988 5756">
    <p class='ocr_par' dir='ltr' id='par_1_105' title="bbox 542 5685 988 5756">
     <span class='ocr_line' id='line_1_105' title="bbox 542 5685 988 5756; baseline 0.011 -17"><span class='ocrx_word' id='word_1_677' title='bbox 542 5696 568 5726; x_wconf 80' lang='grc' dir='ltr'>ι</span> <span class='ocrx_word' id='word_1_678' title='bbox 604 5685 912 5756; x_wconf 82' lang='lat' dir='ltr'><strong>Legendum</strong></span> <span class='ocrx_word' id='word_1_679' title='bbox 934 5690 988 5744; x_wconf 85' lang='lat'><strong>9.</strong></span> 
     </span>
    </p>
   </div>
   <div class='ocr_carea' id='block_1_106' title="bbox 2145 4573 3743 4650">
    <p class='ocr_par' dir='ltr' id='par_1_106' title="bbox 2145 4573 3743 4650">
     <span class='ocr_line' id='line_1_106' title="bbox 2145 4573 3743 4650; baseline -0.005 -16"><span class='ocrx_word' id='word_1_680' title='bbox 2145 4594 2309 4650; x_wconf 89' lang='lat' dir='ltr'><strong>quam</strong></span> <span class='ocrx_word' id='word_1_681' title='bbox 2335 4586 2391 4633; x_wconf 92' lang='lat' dir='ltr'><strong>et</strong></span> <span class='ocrx_word' id='word_1_682' title='bbox 2414 4577 2480 4634; x_wconf 87' lang='lat' dir='ltr'><strong>de</strong></span> <span class='ocrx_word' id='word_1_683' title='bbox 2503 4578 2624 4632; x_wconf 87' lang='lat' dir='ltr'><strong>aliis</strong></span> <span class='ocrx_word' id='word_1_684' title='bbox 2645 4576 3070 4640; x_wconf 87' lang='lat' dir='ltr'><strong>conditionibus,</strong></span> <span class='ocrx_word' id='word_1_685' title='bbox 3108 4589 3212 4630; x_wconf 85' lang='lat' dir='ltr'><strong>nec</strong></span> <span class='ocrx_word' id='word_1_686' title='bbox 3235 4588 3345 4628; x_wconf 89' lang='lat' dir='ltr'><strong>non</strong></span> <span class='ocrx_word' id='word_1_687' title='bbox 3367 4581 3424 4629; x_wconf 90' lang='lat' dir='ltr'><strong>et</strong></span> <span class='ocrx_word' id='word_1_688' title='bbox 3453 4573 3743 4628; x_wconf 78' lang='lat' dir='ltr'><strong>teloneum</strong></span> 
     </span>
    </p>
   </div>
   <div class='ocr_carea' id='block_1_107' title="bbox 2147 4664 3742 4736">
    <p class='ocr_par' dir='ltr' id='par_1_107' title="bbox 2147 4664 3742 4736">
     <span class='ocr_line' id='line_1_107' title="bbox 2147 4664 3742 4736; baseline -0.006 -8"><span class='ocrx_word' id='word_1_689' title='bbox 2147 4673 2214 4728; x_wconf 85' lang='lat' dir='ltr'><strong>de</strong></span> <span class='ocrx_word' id='word_1_690' title='bbox 2259 4669 2492 4726; x_wconf 85' lang='lat' dir='ltr'><strong>navibus</strong></span> <span class='ocrx_word' id='word_1_691' title='bbox 2533 4669 2602 4724; x_wconf 85' lang='lat' dir='ltr'><strong>ab</strong></span> <span class='ocrx_word' id='word_1_692' title='bbox 2637 4668 2794 4726; x_wconf 87' lang='lat' dir='ltr'><strong>Italia</strong></span> <span class='ocrx_word' id='word_1_693' title='bbox 2828 4668 3201 4728; x_wconf 87' lang='lat' dir='ltr'><strong>venientibus,</strong></span> <span class='ocrx_word' id='word_1_694' title='bbox 3236 4681 3358 4736; x_wconf 67' lang='lat' dir='ltr'><strong>quae.</strong></span> <span class='ocrx_word' id='word_1_695' title='bbox 3387 4665 3456 4719; x_wconf 87' lang='lat' dir='ltr'><strong>ad</strong></span> <span class='ocrx_word' id='word_1_696' title='bbox 3488 4664 3742 4720; x_wconf 72' lang='lat' dir='ltr'><strong>eamdem</strong></span> 
     </span>
    </p>
   </div>
   <div class='ocr_carea' id='block_1_108' title="bbox 2146 4748 3740 4830">
    <p class='ocr_par' dir='ltr' id='par_1_108' title="bbox 2146 4748 3740 4830">
     <span class='ocr_line' id='line_1_108' title="bbox 2146 4748 3740 4830; baseline -0.007 -12"><span class='ocrx_word' id='word_1_697' title='bbox 2146 4761 2434 4818; x_wconf 89' lang='lat' dir='ltr'><strong>ecclesiam</strong></span> <span class='ocrx_word' id='word_1_698' title='bbox 2472 4760 2720 4830; x_wconf 90' lang='lat' dir='ltr'><strong>arripare</strong></span> <span class='ocrx_word' id='word_1_699' title='bbox 2758 4748 3032 4823; x_wconf 68' lang='lat' dir='ltr'><strong>videntur,</strong></span> <span class='ocrx_word' id='word_1_700' title='bbox 3067 4765 3129 4814; x_wconf 89' lang='lat' dir='ltr'><strong>ut</strong></span> <span class='ocrx_word' id='word_1_701' title='bbox 3151 4755 3413 4826; x_wconf 82' lang='lat' dir='ltr'><strong>quidquid</strong></span> <span class='ocrx_word' id='word_1_702' title='bbox 3449 4753 3526 4809; x_wconf 87' lang='lat' dir='ltr'><strong>ad</strong></span> <span class='ocrx_word' id='word_1_703' title='bbox 3552 4753 3740 4823; x_wconf 79' lang='lat' dir='ltr'><strong>publi-</strong></span> 
     </span>
    </p>
   </div>
   <div class='ocr_carea' id='block_1_109' title="bbox 2147 4843 3745 4922">
    <p class='ocr_par' dir='ltr' id='par_1_109' title="bbox 2147 4843 3745 4922">
     <span class='ocr_line' id='line_1_109' title="bbox 2147 4843 3745 4922; baseline -0.008 -15"><span class='ocrx_word' id='word_1_704' title='bbox 2147 4867 2271 4908; x_wconf 91' lang='lat' dir='ltr'><strong>cum</strong></span> <span class='ocrx_word' id='word_1_705' title='bbox 2298 4866 2434 4922; x_wconf 84' lang='lat' dir='ltr'><strong>opus</strong></span> <span class='ocrx_word' id='word_1_706' title='bbox 2463 4850 2550 4906; x_wconf 92' lang='lat' dir='ltr'><strong>vel</strong></span> <span class='ocrx_word' id='word_1_707' title='bbox 2595 4851 2665 4906; x_wconf 89' lang='lat' dir='ltr'><strong>ad</strong></span> <span class='ocrx_word' id='word_1_708' title='bbox 2702 4849 2895 4905; x_wconf 89' lang='lat' dir='ltr'><strong>ﬁscum</strong></span> <span class='ocrx_word' id='word_1_709' title='bbox 2935 4849 3146 4918; x_wconf 83' lang='lat' dir='ltr'><strong>regium</strong></span> <span class='ocrx_word' id='word_1_710' title='bbox 3175 4846 3373 4902; x_wconf 77' lang='lat' dir='ltr'><strong>exinde</strong></span> <span class='ocrx_word' id='word_1_711' title='bbox 3396 4843 3745 4899; x_wconf 84' lang='lat' dir='ltr'><strong>consuetudo</strong></span> 
     </span>
    </p>
   </div>
   <div class='ocr_carea' id='block_1_110' title="bbox 2151 4935 3744 5013">
    <p class='ocr_par' dir='ltr' id='par_1_110' title="bbox 2151 4935 3744 5013">
     <span class='ocr_line' id='line_1_110' title="bbox 2151 4935 3744 5013; baseline -0.008 -14"><span class='ocrx_word' id='word_1_712' title='bbox 2151 4943 2254 5001; x_wconf 83' lang='lat' dir='ltr'><strong>fuit</strong></span> <span class='ocrx_word' id='word_1_713' title='bbox 2283 4955 2562 5010; x_wconf 83' lang='lat' dir='ltr'><strong>exactare,</strong></span> <span class='ocrx_word' id='word_1_714' title='bbox 2599 4944 2668 4998; x_wconf 89' lang='lat' dir='ltr'><strong>ad</strong></span> <span class='ocrx_word' id='word_1_715' title='bbox 2692 4942 3007 5013; x_wconf 63' lang='lat' dir='ltr'><strong>praedictam</strong></span> <span class='ocrx_word' id='word_1_716' title='bbox 3030 4939 3320 4997; x_wconf 87' lang='lat' dir='ltr'><strong>ecclesiam</strong></span> <span class='ocrx_word' id='word_1_717' title='bbox 3349 4936 3526 4992; x_wconf 90' lang='lat' dir='ltr'><strong>sancti</strong></span> <span class='ocrx_word' id='word_1_718' title='bbox 3557 4935 3744 4989; x_wconf 69' lang='lat' dir='ltr'><strong>Victo-</strong></span> 
     </span>
    </p>
   </div>
   <div class='ocr_carea' id='block_1_111' title="bbox 2151 5025 3746 5107">
    <p class='ocr_par' dir='ltr' id='par_1_111' title="bbox 2151 5025 3746 5107">
     <span class='ocr_line' id='line_1_111' title="bbox 2151 5025 3746 5107; baseline -0.009 -15"><span class='ocrx_word' id='word_1_719' title='bbox 2151 5037 2229 5092; x_wconf 87' lang='lat' dir='ltr'><strong>ris</strong></span> <span class='ocrx_word' id='word_1_720' title='bbox 2253 5037 2511 5107; x_wconf 89' lang='lat' dir='ltr'><strong>martyris</strong></span> <span class='ocrx_word' id='word_1_721' title='bbox 2538 5033 2923 5100; x_wconf 83' lang='lat' dir='ltr'><strong>Massiliensis,</strong></span> <span class='ocrx_word' id='word_1_722' title='bbox 2961 5031 3047 5087; x_wconf 88' lang='lat' dir='ltr'><strong>vel</strong></span> <span class='ocrx_word' id='word_1_723' title='bbox 3078 5031 3147 5086; x_wconf 86' lang='lat' dir='ltr'><strong>ad</strong></span> <span class='ocrx_word' id='word_1_724' title='bbox 3179 5039 3420 5085; x_wconf 90' lang='lat' dir='ltr'><strong>rectores</strong></span> <span class='ocrx_word' id='word_1_725' title='bbox 3453 5025 3575 5094; x_wconf 92' lang='lat' dir='ltr'><strong>eius</strong></span> <span class='ocrx_word' id='word_1_726' title='bbox 3612 5041 3746 5080; x_wconf 83' lang='lat' dir='ltr'><strong>con-</strong></span> 
     </span>
    </p>
   </div>
   <div class='ocr_carea' id='block_1_112' title="bbox 2151 5116 3747 5195">
    <p class='ocr_par' dir='ltr' id='par_1_112' title="bbox 2151 5116 3747 5195">
     <span class='ocr_line' id='line_1_112' title="bbox 2151 5116 3747 5195; baseline -0.009 -13"><span class='ocrx_word' id='word_1_727' title='bbox 2151 5128 2486 5182; x_wconf 89' lang='lat' dir='ltr'><strong>cederemus.</strong></span> <span class='ocrx_word' id='word_1_728' title='bbox 2543 5124 2880 5195; x_wconf 84' lang='lat' dir='ltr'><strong>Quapropter</strong></span> <span class='ocrx_word' id='word_1_729' title='bbox 2917 5121 3172 5193; x_wconf 89' lang='lat' dir='ltr'><strong>precibus</strong></span> <span class='ocrx_word' id='word_1_730' title='bbox 3213 5121 3409 5189; x_wconf 88' lang='lat' dir='ltr'><strong>quibus</strong></span> <span class='ocrx_word' id='word_1_731' title='bbox 3438 5116 3615 5170; x_wconf 88' lang='lat' dir='ltr'><strong>valuit</strong></span> <span class='ocrx_word' id='word_1_732' title='bbox 3650 5129 3747 5168; x_wconf 87' lang='lat' dir='ltr'><strong>no-</strong></span> 
     </span>
    </p>
   </div>
   <div class='ocr_carea' id='block_1_113' title="bbox 2150 5214 3746 5280">
    <p class='ocr_par' dir='ltr' id='par_1_113' title="bbox 2150 5214 3746 5280">
     <span class='ocr_line' id='line_1_113' title="bbox 2150 5214 3746 5280; baseline -0.009 -6"><span class='ocrx_word' id='word_1_733' title='bbox 2150 5226 2320 5274; x_wconf 89' lang='lat' dir='ltr'><strong>stram</strong></span> <span class='ocrx_word' id='word_1_734' title='bbox 2364 5217 2614 5273; x_wconf 78' lang='lat' dir='ltr'><strong>exoravit</strong></span> <span class='ocrx_word' id='word_1_735' title='bbox 2663 5214 3007 5271; x_wconf 89' lang='lat' dir='ltr'><strong>clementiam</strong></span> <span class='ocrx_word' id='word_1_736' title='bbox 3054 5221 3150 5278; x_wconf 90' lang='lat' dir='ltr'><strong>ut,</strong></span> <span class='ocrx_word' id='word_1_737' title='bbox 3194 5219 3483 5280; x_wconf 89' lang='lat' dir='ltr'><strong>paternum</strong></span> <span class='ocrx_word' id='word_1_738' title='bbox 3530 5219 3746 5262; x_wconf 80' lang='lat' dir='ltr'><strong>morem</strong></span> 
     </span>
    </p>
   </div>
   <div class='ocr_carea' id='block_1_114' title="bbox 2152 5298 3746 5382">
    <p class='ocr_par' dir='ltr' id='par_1_114' title="bbox 2152 5298 3746 5382">
     <span class='ocr_line' id='line_1_114' title="bbox 2152 5298 3746 5382; baseline -0.011 -16"><span class='ocrx_word' id='word_1_739' title='bbox 2152 5319 2439 5382; x_wconf 85' lang='lat' dir='ltr'><strong>sequentes</strong></span> <span class='ocrx_word' id='word_1_740' title='bbox 2465 5351 2480 5376; x_wconf 93' lang='lat'><strong>,</strong></span> <span class='ocrx_word' id='word_1_741' title='bbox 2531 5316 2773 5364; x_wconf 88' lang='lat' dir='ltr'><strong>nostram</strong></span> <span class='ocrx_word' id='word_1_742' title='bbox 2820 5307 2990 5362; x_wconf 85' lang='lat' dir='ltr'><strong>etiam</strong></span> <span class='ocrx_word' id='word_1_743' title='bbox 3047 5304 3426 5367; x_wconf 85' lang='lat' dir='ltr'><strong>auctoritatem</strong></span> <span class='ocrx_word' id='word_1_744' title='bbox 3477 5298 3746 5370; x_wconf 60' lang='lat' dir='ltr'><strong>praedicta</strong></span> 
     </span>
    </p>
   </div>
   <div class='ocr_carea' id='block_1_115' title="bbox 2147 5394 3741 5472">
    <p class='ocr_par' dir='ltr' id='par_1_115' title="bbox 2147 5394 3741 5472">
     <span class='ocr_line' id='line_1_115' title="bbox 2147 5394 3741 5472; baseline -0.006 -14"><span class='ocrx_word' id='word_1_745' title='bbox 2147 5402 2399 5468; x_wconf 89' lang='lat' dir='ltr'><strong>ecclesia,</strong></span> <span class='ocrx_word' id='word_1_746' title='bbox 2431 5401 2486 5456; x_wconf 91' lang='lat' dir='ltr'><strong>in</strong></span> <span class='ocrx_word' id='word_1_747' title='bbox 2511 5415 2618 5472; x_wconf 89' lang='lat' dir='ltr'><strong>qua</strong></span> <span class='ocrx_word' id='word_1_748' title='bbox 2645 5401 2762 5469; x_wconf 88' lang='lat' dir='ltr'><strong>ipse</strong></span> <span class='ocrx_word' id='word_1_749' title='bbox 2789 5398 2902 5453; x_wconf 90' lang='lat' dir='ltr'><strong>Deo</strong></span> <span class='ocrx_word' id='word_1_750' title='bbox 2937 5404 3160 5452; x_wconf 88' lang='lat' dir='ltr'><strong>auctore</strong></span> <span class='ocrx_word' id='word_1_751' title='bbox 3199 5394 3491 5465; x_wconf 85' lang='lat' dir='ltr'><strong>episcopus</strong></span> <span class='ocrx_word' id='word_1_752' title='bbox 3514 5395 3741 5460; x_wconf 61' lang='lat' dir='ltr'><strong>praeest.</strong></span> 
     </span>
    </p>
   </div>
   <div class='ocr_carea' id='block_1_116' title="bbox 2147 5487 3740 5559">
    <p class='ocr_par' dir='ltr' id='par_1_116' title="bbox 2147 5487 3740 5559">
     <span class='ocr_line' id='line_1_116' title="bbox 2147 5487 3740 5559; baseline -0.011 -11"><span class='ocrx_word' id='word_1_753' title='bbox 2147 5493 2349 5548; x_wconf 88' lang='lat' dir='ltr'><strong>habere</strong></span> <span class='ocrx_word' id='word_1_754' title='bbox 2371 5498 2693 5546; x_wconf 89' lang='lat' dir='ltr'><strong>mereretur.</strong></span> <span class='ocrx_word' id='word_1_755' title='bbox 2717 5487 2883 5558; x_wconf 87' lang='lat' dir='ltr'><strong>Cuius</strong></span> <span class='ocrx_word' id='word_1_756' title='bbox 2909 5487 3166 5559; x_wconf 86' lang='lat' dir='ltr'><strong>precibus</strong></span> <span class='ocrx_word' id='word_1_757' title='bbox 3207 5499 3397 5540; x_wconf 87' lang='lat' dir='ltr'><strong>aurem</strong></span> <span class='ocrx_word' id='word_1_758' title='bbox 3419 5492 3740 5535; x_wconf 85' lang='lat' dir='ltr'><strong>accommo-</strong></span> 
     </span>
    </p>
   </div>
   <div class='ocr_carea' id='block_1_117' title="bbox 2147 5570 3737 5649">
    <p class='ocr_par' dir='ltr' id='par_1_117' title="bbox 2147 5570 3737 5649">
     <span class='ocr_line' id='line_1_117' title="bbox 2147 5570 3737 5649; baseline -0.009 -13"><span class='ocrx_word' id='word_1_759' title='bbox 2147 5582 2360 5649; x_wconf 88' lang='lat' dir='ltr'><strong>dantes,</strong></span> <span class='ocrx_word' id='word_1_760' title='bbox 2384 5581 2483 5636; x_wconf 91' lang='lat' dir='ltr'><strong>hos</strong></span> <span class='ocrx_word' id='word_1_761' title='bbox 2509 5587 2723 5636; x_wconf 87' lang='lat' dir='ltr'><strong>nostros</strong></span> <span class='ocrx_word' id='word_1_762' title='bbox 2747 5577 3056 5649; x_wconf 87' lang='lat' dir='ltr'><strong>imperiales</strong></span> <span class='ocrx_word' id='word_1_763' title='bbox 3086 5575 3267 5648; x_wconf 84' lang='lat' dir='ltr'><strong>apices</strong></span> <span class='ocrx_word' id='word_1_764' title='bbox 3299 5572 3417 5628; x_wconf 86' lang='lat' dir='ltr'><strong>ﬁeri</strong></span> <span class='ocrx_word' id='word_1_765' title='bbox 3441 5570 3737 5641; x_wconf 81' lang='lat' dir='ltr'><strong>iussimus,</strong></span> 
     </span>
    </p>
   </div>
  </div>
