3996 6178
361 351 500 408 ΗΠ

354 483 456 538 per
483 479 618 537 quos
643 458 984 532 praecipimus
1013 462 1176 525 atque
1189 452 1443 524 iubemus
1466 459 1544 515 ut,
1568 449 1924 520 quemadmo—

359 562 486 616 dum
521 557 745 611 domnus
789 560 844 605 et
879 549 1094 620 genitor
1137 553 1325 601 noster
1367 541 1638 614 prmdictte
1661 537 1932 594 concessit

356 647 599 706 ecclesia:
620 686 635 710 ,
687 643 761 698 ita
796 650 853 697 et
887 640 1140 707 deinceps
1185 635 1238 690 in
1284 640 1605 705 perpetuum
1636 630 1851 699 firmum
1881 635 1936 682 et

358 735 551 794 stabile
591 721 908 806 permaneat
932 771 947 794 ,
994 737 1049 784 et
1092 726 1272 781 nullus
1311 723 1536 794 quilibet
1561 735 1628 774 ex
1643 714 1936 788 iudiciaria

356 835 624 899 potestate
650 822 864 893 aliquod
892 819 1163 876 tcloneum
1200 818 1266 872 de
1293 811 1618 884 supradictis
1650 808 1785 865 locis
1813 822 1940 863 exa-

360 930 509 977 ctare
538 927 630 975 aut
661 917 936 987 requirere
962 953 977 978 ,
1021 911 1107 966 vel
1137 910 1301 964 ullam
1336 905 1778 962 contrarietatem
1809 913 1938 970 erga

363 1015 675 1086 praedictam
713 1007 995 1065 ecclesiam
1035 1001 1219 1058 Sancti
1255 997 1492 1054 Victoris
1520 993 1745 1063 eiusque
1767 997 1944 1044 recto-

365 1063 675 1086 ρώπῳ--
723 1063 735 1065 _

365 1122 453 1160 res
476 1105 656 1158 facere
681 1109 773 1154 aut
799 1099 1042 1168 ingerere
1078 1097 1401 1163 praesumat;
1438 1084 1533 1141 sed
1565 1081 1766 1138 nostris
1790 1063 1939 1133 futu-

366 1200 551 1266 risque
580 1191 914 1264 temporibus
942 1183 1322 1242 inviolabiliter
1351 1183 1726 1235 conservetur.
1784 1172 1853 1226 Et
1882 1179 1944 1225 ut

366 1292 483 1345 haec
506 1287 799 1341 auctoritas
825 1277 1098 1336 firmitatis
1133 1283 1332 1331 nostra:
1355 1286 1453 1342 per
1478 1269 1658 1323 futura
1701 1274 1944 1333 tempora

368 1376 694 1434 inviolabilis
737 1377 1108 1433 conservetur,
1156 1363 1341 1420 annuli
1381 1359 1551 1416 nostri
1587 1351 1946 1427 impressione

370 1469 572 1542 signari
596 1467 877 1536 iussimus.
1469 1490 1471 1498 ε
1758 1512 1760 1514 ν

443 1560 669 1629 Signum
701 1553 881 1610 domni
919 1547 1179 1606 Ludovici
1217 1540 1566 1614 imperatoris
1590 1532 1946 1594 serenissimi.

445 1620 580 1704 Davta
630 1645 748 1700 Kal.
798 1639 1148 1713 Novembris,
1199 1650 1341 1690 anno
1369 1631 1572 1688 Christi
1609 1626 1843 1700 propitio
1869 1620 1949 1695 [9]

376 1737 588 1808 imperii
614 1735 797 1790 domni
832 1729 1089 1787 Ludovici
1119 1726 1350 1799 piissimi
1370 1721 1628 1793 Augusti,
1657 1715 1954 1773 indictione

376 1828 573 1898 prima.
613 1823 807 1879 Actum
827 1820 1141 1890 Isemburgo
1168 1814 1370 1888 palatio
1398 1812 1574 1881 regio.

698 2044 799 2085 ιδιιο
829 2037 1162 2084 κοκλετειιιο
1196 2034 1384 2076 SANCTI
1421 2027 1641 2071 AMANDI.

1001 2116 1175 2188 (Anno
1205 2108 1358 2177 822.)

386 2215 562 2289 [Apud
606 2209 831 2275 Mabill.,
874 2210 990 2263 Act.
1023 2203 1126 2289 βε.
1165 2192 1655 2289 _0_r_d.a§._‘Bened.
1705 2202 1832 2245 stec.
1891 2199 1966 2250 Iv,

917 2281 1062 2346 part.
1096 2289 1136 2338 ι,
1164 2285 1289 2341 pag.
1322 2263 1438 2336 66.]

457 2377 516 2432 In
555 2372 772 2428 nomine
799 2344 1016 2426 Domini
1058 2363 1158 2417 Dei
1202 2367 1258 2414 et
1301 2353 1600 2412 Salvatoris
1647 2345 1819 2404 nostri
1845 2344 1971 2400 Iesu

390 2467 612 2532 Christi,
641 2461 946 2519 Ludovicus
990 2455 1170 2512 divina
1194 2451 1480 2508 ordinante
1504 2438 1842 2516 providentia
1876 2439 1976 2493 im-

393 2565 612 2631 perator
646 2553 941 2624 Augustus.

465 2647 599 2702 Cum
628 2616 763 2698 locis
788 2639 972 2696 divino
991 2631 1158 2692 cultui
1185 2624 1509 2697 mancipatis
1535 2622 1604 2678 ob
1642 2616 1838 2675 divinae
1867 2628 1981 2671 ser-

395 2737 584 2795 vitutis
610 2747 850 2791 amorem
891 2743 1046 2800 apem
1074 2735 1368 2795 congruam
1395 2716 1640 2778 ferimus,
1689 2717 1744 2765 et
1774 2704 1981 2778 regium

399 2843 606 2888 morem
651 2827 904 2881 decenter
927 2798 1239 2889 implemus,
1280 2818 1335 2868 et
1361 2809 1414 2864 id
1441 2805 1598 2862 nobis
1639 2798 1982 2873 profuturum

401 2922 467 2976 ad
513 2927 728 2975 πίει-ηπ
758 2907 1214 2969 remunerationis
1261 2899 1488 2974 praemia
1528 2889 1860 2964 capessenda
1888 2900 1981 2940 ve-

402 3010 602 3066 raciter
628 3005 921 3062 credimus.
963 2998 1174 3054 Idcirco
1211 2999 1397 3048 notum
1428 2999 1547 3042 esse
1577 2982 1824 3037 volumus
1840 2990 1984 3031 .cun-

402 3101 504 3156 ctis
533 3095 781 3153 fidelibus
827 3099 1029 3150 sanctae
1056 3086 1152 3141 Dei
1195 3080 1452 3139 Ecclesiae
1495 3084 1550 3132 et
1576 3071 1799 3136 nostris,
1844 3080 1984 3138 pra:—

405 3188 652 3246 sentibus
680 3185 887 3241 scilicet
914 3189 970 3235 et
994 3176 1222 3241 futuris,
1269 3171 1396 3242 quia
1425 3167 1614 3223 adiens
1642 3160 1988 3218 serenitatem
2016 3139 2061 3200 Ο

406 3281 655 3341 culminis
681 3276 855 3333 nostri
891 3273 973 3327 vir
993 3265 1324 3326 venerabilis
1351 3257 1657 3316 Adaleodus
1679 3253 1838 3316 abba,
1870 3262 1989 3302 mo-

408 3373 634 3431 nasterii
660 3365 846 3425 Sancti
877 3360 1132 3426 Amandi,
1168 3371 1273 3412 una
1298 3369 1421 3409 cum
1459 3347 1674 3404 Aldrico
1701 3343 1867 3397 misso
1897 3351 1994 3392 no-

411 3478 546 3531 stro,
598 3478 756 3533 quem
786 3460 854 3516 ad
895 3455 1213 3529 przedictum
1259 3446 1566 3506 coenobium
1597 3437 1897 3495 direximus
1927 3431 1996 3486 ad

411 3556 655 3614 ordinem
711 3549 910 3622 regula:
957 3544 1135 3602 sancti
1188 3536 1465 3596 Benedicti
1513 3524 1992 3589 confirmandum;

412 3649 800 3718 suggesserunt
838 3631 1243 3694 mansuetudini
1271 3636 1470 3684 nostrae
1511 3621 1744 3693 qualiter
1771 3627 1998 3682 congre-

415 3703 617 3810 gationi
645 3727 977 3790 confessoris
1021 3719 1224 3779 Christi
1266 3713 1500 3771 Amandi
1542 3710 1722 3778 aliqua
1749 3705 1815 3760 de
1838 3703 1999 3756 rebus

417 3794 472 3890 Et
498 3831 637 3886 villis
666 3823 912 3896 ejusdem
941 3815 1182 3874 ecclesia:
1211 3812 1469 3880 deputare
1499 3811 1553 3859 et
1581 3800 1908 3857 confirmare
1934 3794 2002 3848 ad

419 3937 552 3980 usus
589 3927 646 3974 et
673 3883 1029 3970 necessitates
1063 3905 1277 3960 illorum
1307 3893 1805 3970 praeiudicaremus.
1851 3883 2004 3938 Ideo—

421 4027 527 4084 que
557 4008 620 4063 ad
647 4002 1018 4076 precationem
1045 3993 1132 4048 vel
1175 3985 1577 4059 suggestionem
1619 3974 2004 4048 praedictorum

423 4065 699 4164 manu},
728 4089 986 4150 Adaleodi
1012 4084 1262 4142 videlicet
1287 4086 1342 4134 et
1367 4073 1592 4137 Aldrici,
1621 4069 1730 4123 imo
1754 4065 1825 4121 ob
1850 4075 2005 4164 e‘mo-

424 4193 726 4248 Iumentum
773 4183 967 4239 animae
1015 4183 1238 4235 nostrae,
1283 4163 1528 4236 coniugis
1571 4165 1734 4227 atque
1773 4150 2007 4223 prolium

430 4291 758 4339 nostrarum,
800 4288 888 4328 res
917 4267 1105 4326 subter
1131 4262 1418 4317 adnotatas
1444 4245 1721 4324 praedictis
1751 4239 2010 4296 fratribus

431 4385 487 4431 et
513 4365 921 4445 congregationi
967 4357 1155 4417 Sancti
1189 4351 1418 4410 Amandi
1459 4346 1528 4402 ad
1553 4344 1791 4405 victum,
1835 4333 2007 4391 vesti-

434 4473 615 4520 menta
645 4469 700 4516 et
740 4457 1105 4513 calceamenta
1131 4489 1146 4514 ,
1191 4461 1287 4501 seu
1328 4441 1494 4497 etiam
1533 4442 1756 4491 caeteros
1791 4441 1922 4483 usus
1955 4431 2012 4479 et
2037 4477 2092 4538 Β

1213 4535 1227 4538 -
1534 4525 1561 4538 ,,
1783 4513 1984 4538 Lm“:

436 4553 789 4611 necessitates
817 4547 1081 4616 ipsorum,
1112 4535 1326 4592 tradere
1349 4541 1405 4586 et
1425 4525 1751 4584 confirmare
1775 4513 2016 4574 decrevi-

439 4660 580 4707 mus,
608 4650 664 4696 et
694 4652 855 4708 super
899 4636 1043 4689 hanc
1089 4625 1353 4684 cessionis
1378 4616 1754 4675 auctoritatem
1795 4609 1896 4664 hos
1920 4619 2018 4659 no-

441 4735 584 4790 Stros
618 4726 928 4800 imperiales
959 4721 1140 4791 apices
1182 4713 1301 4770 ﬁeri
1346 4707 1706 4767 decrevimus,
1749 4707 1912 4767 atque
1933 4695 2022 4765 iu-

442 4827 653 4887 bemus,
685 4782 746 4873 ut
776 4813 970 4870 abhinc
995 4782 1051 4865 in
1077 4807 1317 4862 futurum
1348 4815 1380 4854 a
1403 4795 1558 4852 nobis
1584 4799 1640 4847 et
1659 4785 1880 4848 nostris,
1909 4782 2022 4836 Deo

446 4917 793 4986 dispensante
820 4947 837 4974 ,
893 4897 1298 4960 successoribus
1322 4933 1337 4958 ,
1386 4888 1492 4960 piis
1540 4879 1776 4940 oraculis
1824 4873 2026 4930 nostris

449 4963 731 4986 ...-,--_----_
773 4963 782 4964 ,
821 4963 835 4974 ,

449 5002 815 5062 conservanda
869 4991 1279 5053 mandavimus,
1335 4980 1477 5053 quod
1524 4989 1626 5031 nos
1671 4986 1771 5043 pro
1812 4963 2028 5023 internis

451 5093 795 5168 capessendis
846 5085 1085 5159 praemiis
1146 5087 1202 5136 et
1252 5077 1564 5133 memorata:
1620 5053 2026 5133 congregationi

453 5182 796 5243 consulendis
823 5173 1239 5233 necessitatibus
1262 5166 1454 5222 fecisse
1479 5170 1534 5216 et
1564 5152 1902 5214 concessisse
1927 5162 2026 5204 ve-

456 5289 568 5336 stra
598 5277 887 5346 cognoscat
916 5262 1184 5322 industria
1204 5299 1220 5321 .
1261 5258 1341 5313 ita
1374 5255 1637 5311 duntaxat
1678 5254 1742 5301 ut
1769 5235 2033 5314 quidquid

458 5335 525 5423 de
555 5335 695 5436 ipsis
724 5361 888 5414 rebus
911 5357 1022 5410 Deo
1060 5352 1295 5406 donante
1317 5361 1413 5416 per
1440 5345 1642 5398 bonum
1667 5335 1903 5392 studium
1933 5343 2032 5399 po-

462 5456 590 5511 tcrit
615 5448 801 5509 haberi
827 5445 908 5500 vel
953 5439 1180 5511 acquiri,
1227 5444 1396 5491 totum
1422 5435 1476 5488 in
1502 5431 1729 5486 fratrum
1760 5425 1880 5478 sine
1925 5419 2034 5474 ulla

464 5537 830 5597 subtractione
857 5533 1041 5587 usibus
1067 5526 1243 5584 cedat.
1288 5521 1408 5578 Pari
1444 5520 1608 5576 etiam
1634 5521 1818 5570 nostra
1863 5511 2033 5580 impe-

539 5687 564 5714 ει
595 5672 675 5726 Ex
720 5671 822 5724 hoc
865 5663 1155 5734 diplomate
1171 5664 1363 5734 qia-tet.
1384 5649 1739 5734 .Agaleoduin‘
1750 5659 1893 5725 anno
1934 5640 2034 5694 im-

468 5716 1130 5817 per-iiuljud'ovici—loctavo,
1163 5716 1362 5786 Christi
1383 5716 1505 5788 8‘22,
1531 5721 1642 5790 jam
1676 5716 1829 5772 istius
1854 5726 2036 5767 mona-

1492 329 1885 386 DIPLOMATA
1927 325 2480 386 ECCIESIASTICA.

3464 312 3601 369 ms

1952 460 2005 519 Α
2029 443 2148 500 riali
2178 441 2500 498 auctoritate
2533 433 2896 506 przecipimus,
2935 445 2999 484 ac
3021 428 3290 498 iubemus,
3323 431 3383 478 ut
3423 423 3604 477 nullus

2039 531 2263 602 quilibet
2295 534 2496 584 sancta
2524 523 2616 579 Dei
2647 520 2934 582 Ecclesiae,
2983 515 3330 586 praesentium
3357 510 3608 566 videlicet

2035 600 2092 677 et
2115 619 2443 680 futurorum,
2489 615 2552 669 de
2579 609 2851 683 praedictis
2893 615 2949 662 et
2992 604 3182 659 subter
3209 601 3412 656 notatis
3445 600 3610 655 rebus

2038 708 2466 780 inquietudinem
2512 712 2604 758 aut
2645 698 3064 768 refragationem
3107 693 3192 747 vel
3235 690 3612 761 praeiudicium

2039 778 2129 858 vel
2149 798 2459 856 violentiam
2506 793 2686 848 facere
2730 797 2944 844 tentet:
2994 784 3090 840 sed
3132 783 3315 852 potius
3342 781 3461 836 sine
3504 778 3612 832 ulla

2039 889 2408 958 subreptione,
2439 891 2531 952 aut
2559 878 2948 940 subtractione,
2981 873 3069 928 vel
3099 870 3486 931 diminutione,
3527 872 3615 919 at-

2040 996 2145 1051 que
2176 976 2474 1038 divisione,
2515 972 2677 1026 liceat
2716 983 2810 1023 eas
2839 966 3012 1020 eidem
3061 957 3462 1031 congregationi
3503 968 3618 1009 mo-

2041 1071 2340 1126 nachorum
2361 1067 2476 1120 Deo
2501 1060 2844 1116 militantium
2885 1069 3008 1109 cum
3035 1051 3180 1107 omni
3211 1048 3518 1118 integritate
3537 1045 3622 1098 in-

2042 1159 2368 1216 violabiliter
2401 1156 2605 1222 absque
2648 1149 2756 1203 ulla
2799 1144 3066 1202 calumnia
3104 1150 3159 1196 et
3190 1137 3623 1195 contradictione

2045 1250 2308 1307 securiter
2332 1261 2396 1300 ac
2424 1240 2808 1315 perpetualiter
2849 1235 3070 1296 habere,
3107 1228 3386 1300 possidere
3411 1234 3465 1279 et
3491 1222 3618 1276 frui.

2048 1338 2396 1398 Solummodo
2426 1333 2677 1390 videlicet
2713 1328 2778 1383 ad
2808 1329 2932 1389 hoc,
2968 1325 3109 1378 sicut
3142 1318 3479 1390 praemissum
3508 1318 3617 1374 est,

2048 1430 2354 1503 specialiter
2396 1441 2427 1479 a
2460 1423 2618 1478 nobis
2665 1427 2790 1475 sunt
2835 1430 2936 1485 pro
2964 1411 3213 1467 mercede
3260 1417 3446 1462 nostra
3476 1403 3627 1459 dele-

2051 1534 2190 1598 gata:
2235 1531 2290 1577 et
2316 1518 2683 1578 confirmatae,
2724 1519 2783 1565 ut
2827 1525 2927 1563 nec
2971 1508 3205 1561 humana
3247 1505 3486 1571 potestas
3509 1498 3631 1554 sine

2053 1617 2137 1674 sui
2159 1611 2401 1687 periculo
2438 1603 2768 1664 discriminis
2793 1599 2966 1670 possit
2993 1610 3087 1650 eas
3126 1598 3445 1648 convertere
3468 1627 3482 1651 ,
3530 1584 3628 1641 sed

2055 1677 2271 1774 sem-per
2297 1700 2397 1756 sub
2427 1696 2593 1768 regali
2619 1701 2673 1749 et
2705 1687 2970 1760 imperiali
2997 1684 3222 1740 tuitione
3247 1677 3634 1748 irrefragabili-

1984 1799 2032 1858 B
2063 1804 2144 1851 ter
2164 1793 2326 1848 salvae
2357 1763 2587 1842 fratrum
2613 1783 2799 1837 usibus
2825 1776 3122 1832 consistant
3149 1789 3162 1824 ε
3196 1777 3462 1839 quatenus
3486 1763 3630 1832 eius-

2064 1887 2188 1939 dem
2211 1879 2316 1936 Ioci
2340 1877 2549 1932 devotae
2575 1873 2686 1926 Deo
2718 1865 2935 1922 amabili
2963 1857 3362 1932 congregationi
3401 1869 3502 1924 pro
3540 1869 3638 1909 no-

2064 1972 2149 2027 bis
2176 1986 2239 2026 ac
2266 1982 2366 2040 pro
2405 1964 2571 2018 totius
2613 1957 2826 2027 imperii
2873 1950 3032 2020 hujus
3059 1947 3350 2005 stabilitate
3382 1958 3447 1997 ac
3481 1955 3638 2012 pace,

2068 2031 2507 2129 nostrae-pietatis
2528 2062 2755 2106 munere
2785 2043 2976 2116 adiuti,
3017 2039 3302 2094 Dominum
3323 2031 3643 2104 propensius

2069 2125 2568 2210 exorare—delectet.
2600 2141 2666 2196 Et
2691 2142 2807 2195 haec
2832 2135 3050 2191 nomina
3074 2131 3141 2186 de
3169 2127 3301 2198 ipsis
3328 2125 3490 2180 rebus
3509 2135 3648 2192 quas

2072 2245 2180 2299 illis
2207 2240 2327 2297 dari
2356 2235 2716 2293 decrevimus.
2763 2229 2821 2283 In
2852 2239 2989 2296 pago
3016 2217 3353 2275 Bracbatinsi
3377 2256 3393 2281 ,
3427 2215 3480 2268 in
3513 2211 3650 2267 locis

2075 2328 2399 2399 nuncupatis
2435 2321 2700 2378 Baceroth
2731 2317 2912 2392 (vulgo
2935 2309 3279 2378 Bassarode),
3310 2304 3492 2368 Decla,
3515 2301 3656 2356 Neo-

2075 2419 2230 2483 nifio,
2254 2425 2311 2470 et
2337 2412 2651 2473 Securiaeo,
2687 2404 2865 2459 mansi
2896 2415 3090 2456 vam.
3120 2399 3178 2451 In
3203 2409 3340 2466 pago
3365 2392 3656 2448 Ostreban-

2079 2477 2240 2572 tinse',
2272 2505 2328 2558 in
2351 2503 2470 2556 loco
2496 2499 2589 2569 qui
2616 2495 2815 2552 dicitur
2838 2489 3139 2551 Halciacus,
3173 2499 3296 2538 cum
3327 2477 3658 2550 appendiciis

2081 2598 2196 2652 suis
2225 2592 2398 2650 mansi
2425 2605 2578 2645 Lvm.
2618 2585 2678 2639 In
2698 2593 2838 2652 pago
2871 2578 2964 2651 qui
2993 2576 3192 2630 dicitur
3228 2570 3564 2639 Menpiseus,
3597 2565 3654 2619 in

2083 2674 2202 2744 loco
2217 2687 2559 2751 nuncupante
2572 2674 2787 2736 Roslar,
2817 2683 2939 2725 cum
2967 2663 3300 2735 appendiciis
3328 2660 3460 2722 suis,
3486 2655 3663 2712 mansi

2085 2791 2273 2832 cxvm.
2305 2767 2650 2827 Mansioniles
2692 2763 2836 2817 circa
2876 2755 3264 2813 monasterium
3295 2766 3370 2816 iv,
3417 2755 3472 2804 et
3489 2747 3674 2817 pisca-

2087 2869 2288 2923 tionem
2319 2871 2480 2931 atque
2509 2857 2903 2916 Seoncurtem;
2949 2857 3004 2903 et
3029 2847 3082 2901 in
3111 2842 3372 2898 Flandras
3405 2836 3668 2892 mariscos

2088 2975 2206 3014 vm.
2263 2955 2372 3012 Sed
2412 2961 2470 3008 et
2512 2951 2568 3005 in
2606 2961 2746 3019 pago
2774 2938 3116 2998 Laudunensi
3168 2932 3501 2990 Barisiacum
3545 2939 3668 2981 cum

2091 3046 2342 3104 omnibus
2369 3013 2705 3110 appendiciis
2728 3031 2860 3086 suis.
2897 3029 3121 3094 Insuper
3167 3019 3476 3077 censuimus
3503 3013 3670 3068 etiam

2092 3101 2200 3194 illis
2239 3131 2355 3190 dari
2394 3101 2589 3184 novam
2632 3129 2846 3193 partem
2887 3117 2952 3172 de
2981 3113 3129 3170 omni
3170 3105 3490 3180 supellectili
3529 3101 3674 3170 ejus-

2094 3229 2218 3284 dem
2247 3220 2490 3278 ecclesiaa
2519 3229 2618 3286 per
2635 3191 2783 3268 totas
2805 3207 2982 3270 villas,
3008 3212 3062 3257 et
3082 3197 3478 3271 possessionem
3507 3191 3677 3261 ipsius

2094 3281 2630 3371 cmnobii'rectoris,
2683 3301 2740 3355 id
2767 3305 2852 3354 est
2881 3297 2948 3351 de
2976 3305 3224 3354 annona,
3270 3288 3338 3342 de
3383 3281 3675 3355 legumine,

2095 3370 2162 3464 de
2191 3405 2336 3468 feno,
2386 3401 2453 3454 de
2481 3392 2770 3452 formatico
2791 3429 2808 3455 ,
2856 3387 2924 3442 de
2954 3383 3156 3455 porcis,
3205 3380 3270 3434 de
3293 3374 3566 3447 poledris,
3611 3370 3680 3426 de

2093 3464 2352 3556 camsilis,
2391 3489 2458 3544 de
2481 3484 2672 3556 pastis,
2704 3479 2771 3534 de
2799 3477 2949 3540 vino,
2979 3473 3046 3528 de
3073 3471 3214 3525 ovis.
3260 3466 3328 3521 Et
3352 3471 3414 3520 ut
3450 3464 3688 3518 bascau-

2096 3553 2460 3650 ctoritas'per
2481 3553 2680 3630 futura
2728 3579 2974 3635 tempora
3025 3557 3388 3616 inviolabilem
3435 3553 3684 3609 obtineat

2099 3645 2432 3734 firmitatem,
2467 3680 2634 3721 manu
2664 3659 2886 3732 propria
2914 3654 3102 3708 subter
3135 3645 3473 3704 firmavimus
3501 3648 3558 3698 et
3587 3654 3688 3694 an-

2101 3763 2212 3819 nuli
2239 3758 2412 3815 nostri
2444 3750 2803 3824 impressione
2829 3740 3035 3814 signari
3062 3736 3342 3807 iussimus.

2174 3820 2680 3920 SignumALudovici
2707 3828 3039 3892 serenissimi
3059 3820 3434 3895 imperatoris.

2174 3905 2463 3996 dendus
2483 3933 2743 3988 diaconus
2763 3924 2833 3979 ad
2861 3923 3039 3976 vicem
3068 3912 3340 3984 Fridugisi
3379 3905 3686 3979 recognovi.

2174 4033 2311 4087 Data
2333 4043 2394 4082 ιιι
2430 4023 2550 4079 Kal.
2577 4018 2730 4084 Julii,
2775 4027 2918 4070 anno
2943 4009 3162 4066 Christo
3195 4001 3431 4075 propitio
3457 4001 3491 4056 8
3522 3999 3684 4067 impeo

2106 4125 2176 4180 rii
2227 4118 2413 4176 domui
2443 4109 2700 4170 Ludovici
2727 4102 2960 4179 piissimi
2981 4095 3234 4170 Augusti,
3280 4091 3577 4148 indictione
3603 4087 3689 4141 I5.

2105 4216 2302 4272 Actum
2356 4204 2612 4265 Stratella
2675 4200 2802 4256 villa
2868 4196 2926 4252 in
2991 4191 3090 4248 Dei
3154 4187 3376 4245 nomine
3441 4181 3692 4240 feliciter.

2108 4307 2280 4364 Amen
2307 4313 2356 4356 ι.

2843 4398 2976 4456 CVI.

2541 4510 2643 4554 rao
2679 4503 2968 4549 uariarum
2997 4498 3272 4541 EPISCOPO.

2725 4582 2898 4654 (Anno
2947 4576 3099 4645 ses.)

2155 4684 2335 4762 [Apud
2383 4675 2675 4742 Muratori,
2733 4649 3081 4813 λέπέἒιῖιιζςῖαὶεἷ
3139 4661 3386 4725 Italicae,
3445 4664 3576 4711 tom.
3623 4649 3666 4718 I,

2199 4858 2258 4914 In
2301 4853 2521 4912 nomine
2565 4842 2777 4903 Domini
2821 4839 2916 4895 Dei
2946 4844 3008 4892 et.
3039 4829 3337 4890 Salvatoris
3370 4823 3542 4881 nostri
3578 4821 3708 4877 Iesu

2131 4950 2356 5015 Christi,
2382 4942 2690 5002 Ludovicus
2722 4932 2905 4992 divina
2930 4928 3218 4985 ordinante
3243 4915 3582 4992 providentia
3607 4911 3710 4985 im-

2133 5051 2352 5116 perator
2375 5038 2669 5107 Augustus.

2208 5134 2267 5189 Si
2307 5091 2660 5202 petitionibus
2699 5117 3038 5176 sacerdotum
3064 5123 3129 5163 ac
3159 5113 3438 5161 servorum
3467 5094 3594 5160 Dei,
3627 5091 3712 5147 die

2140 5225 2247 5281 vini
2275 5223 2451 5280 cultus
2483 5229 2690 5279 amore,
2741 5223 2929 5265 aurem
2959 5195 3458 5259 accommodamus,
3505 5189 3558 5243 id
3605 5199 3716 5241 non

2139 5315 2314 5372 solum
2338 5311 2408 5366 ad
2433 5273 2784 5364 stabilitatem
2808 5295 2962 5368 regni
2999 5288 3173 5347 nostri
3197 5326 3213 5350 ,
3239 5296 3429 5339 verum
3455 5278 3619 5333 etiam
3647 5273 3716 5328 ad

2143 5371 2343 5460 aeterna
2383 5397 2602 5471 praemia
2636 5391 2846 5448 facilius
2888 5376 3221 5450 asseq'uenda
3268 5371 3560 5471 plurimum
3589 5379 3714 5435 per-

2144 5497 2315 5550 tinere
2349 5459 2687 5545 confidimus.
2737 5478 2942 5534 Idcirco
2968 5479 3158 5550 notum
3191 5463 3309 5520 fieri
3336 5459 3583 5517 volumus
3601 5468 3718 5509 om-

2143 5627 2293 5684 stcrii
2339 5622 2587 5678 abbatem
2614 5615 2799 5682 fuisse,
2830 5616 3016 5667 contra
3047 5617 3209 5676 quam
3240 5597 3434 5670 legitur
3472 5592 3525 5648 in
3547 5589 3717 5648 Chro-

2145 5702 2265 5756 nico
2294 5691 2602 5752 Elnoncnsi.
