3946 6174
364 310 505 365 1419

1477 296 1795 356 ιυῡονιει
1833 297 1854 351 l
1890 292 2357 352 COGNOMENTO
2396 290 2486 348 ΡΗ

362 424 523 480 nitms
550 418 797 475 ﬁdelibus
826 423 1025 471 sanetae
1058 412 1151 468 Dei
1180 411 1425 467 ecclesia:
1452 425 1516 464 ac
1542 408 1760 472 nostris,
1798 421 1937 476 price
1963 409 2011 468 Α
2039 403 2183 457 niani
2214 402 2569 458 donaverunt.
2609 400 2740 457 ltetn
2768 399 3074 455 Oratorium
3098 401 3272 455 sancti
3302 399 3641 470 Apolenaris

363 511 606 567 sentibus
644 507 852 563 scilicet
873 513 930 560 et
969 503 1189 567 futuris,
1228 501 1464 571 qualiter
1510 499 1592 552 vir
1615 495 1944 552 venerabilis

365 597 656 655 Deusdedit
683 594 927 650 ecclesiae
975 591 1294 646 Mutinensis
1338 589 1645 658 cpiscopus,
1691 586 1817 656 quia
1845 599 1946 654 pro

364 694 641 746 senectute
668 691 725 739 et
766 681 1081 737 infirmitate
1120 679 1367 748 corporis
1410 679 1478 733 ad
1524 692 1624 731 nos
1660 673 1947 745 pervenire

364 792 470 833 non
496 781 727 846 poterat,
756 771 908 826 misit
934 769 1222 839 quemdam
1250 768 1630 837 presbyterum
1654 778 1831 823 suum.
1854 775 1949 815 no—

365 864 511 919 mine
559 858 950 923 Williltianum,
1003 873 1102 928 per
1141 870 1300 925 quem
1339 855 1496 909 nobis
1542 850 1809 922 suggessit
1855 864 1948 919 pe-

366 954 533 1010 tendo
566 953 632 1007 de
677 951 840 1004 rebus
889 948 956 1001 ad
1004 946 1285 1002 ecclesiam
1335 960 1489 1000 suam
1530 938 1946 1013 pertinentibus,

366 1057 505 1112 quas
538 1055 695 1109 rcges
742 1038 1214 1109 Langobardorum
1261 1043 1483 1105 propter
1527 1048 1767 1088 amorem
1793 1041 1850 1087 et
1884 1033 1952 1086 ti-

367 1149 575 1191 morem
602 1132 696 1186 Dei
725 1140 782 1186 et
802 1130 1015 1185 Domini
1045 1128 1216 1184 nostri
1244 1126 1372 1182 Jesu
1399 1125 1602 1182 Christi
1628 1166 1643 1189 ,
1692 1132 1747 1179 ct
1775 1123 1950 1178 sancti

367 1224 671 1280 Geminiani
717 1221 1044 1277 confessoris
1071 1221 1207 1288 ejus,
1256 1219 1430 1274 eidem
1465 1217 1712 1272 ecclesia:
1741 1216 1824 1272 vel
1850 1217 1948 1271 do-

368 1320 654 1377 naverunt,
679 1312 765 1366 vel
795 1312 863 1366 ab
891 1310 1011 1364 aliis
1041 1310 1194 1364 datas
1233 1307 1708 1369 conﬁrmaverunt,
1756 1314 1816 1360 ut
1864 1305 1948 1359 in—

369 1407 572 1476 spectis
596 1404 909 1459 earumdem
955 1417 1142 1469 regum
1187 1400 1472 1469 praeceptis
1497 1406 1550 1454 et
1584 1396 1954 1452 conﬁrmatio-

370 1497 552 1561 nibus,
582 1496 802 1550 easdem
831 1509 918 1549 res
945 1494 1058 1547 sive
1086 1492 1457 1562 possessiones
1497 1492 1565 1546 ad
1592 1491 1838 1546 eamdem
1864 1505 1954 1545 ec-

370 1588 592 1643 clesiam
646 1591 845 1640 nostra:
883 1583 1224 1639 auctoritatis
1276 1590 1547 1652 praecepto
1595 1580 1951 1636 conﬁrmare-

370 1693 509 1731 mus.
560 1674 726 1743 Cujus
768 1675 1039 1744 petitioni,
1087 1675 1212 1743 quia
1235 1672 1382 1741 justa
1405 1682 1461 1727 et
1486 1672 1698 1728 ratione
1722 1671 1951 1726 subnixa

2047 499 2100 552 in
2131 498 2404 568 Stagnano
2444 497 2608 551 situm
2661 496 2802 550 intra
2847 494 3141 551 Iudiciaria
3188 494 3641 559 Montebeliensi,

2045 588 2158 642 sive
2204 587 2503 642 oratorium
2553 585 2737 642 Sancti
2764 587 3021 642 Domnini
3050 596 3418 642 constructum
3463 602 3645 657 prope

2044 678 2289 734 Cluxiam
2331 692 2494 748 super
2520 676 2716 731 ﬂumen
2743 677 3024 731 Nizianam
3041 719 3056 743 ,
3084 693 3183 733 nec
3206 693 3312 733 non
3336 687 3392 732 et
3418 677 3645 733 Oliveta

2039 768 2195 839 juxta
2242 782 2428 823 muros
2484 767 2659 823 Castri
2708 767 3144 822 Montebeliensis
3194 768 3407 836 posita,
3459 776 3520 822 et
3570 769 3646 822 ad

2047 858 2292 914 eamdem
2320 856 2606 912 ecclesiam
2634 856 2984 926 pertinentia.
3028 856 3138 911 Has
3166 872 3255 911 res
3283 856 3395 911 sive
3420 872 3650 926 posses-

2048 949 2229 1002 siones
2272 955 2584 1002 mcmoratar
2632 946 2950 1002 Mutinensis
2990 947 3267 1012 ecclesim,
3312 947 3396 1001 vel
3447 946 3645 1003 Sancti

2049 1039 2351 1095 Ctminiani
2375 1038 2528 1109 juxta
2557 1040 2869 1108 petitionem
2902 1039 3145 1110 prmdicti
3178 1041 3279 1093 viri
3311 1041 3648 1097 venerabilis

2049 1137 2105 1184 et
2139 1130 2373 1184 oratoris
2414 1129 2584 1184 nostri
2641 1129 2932 1185 Deusdedit
2977 1131 3249 1201 episcopi,
3301 1147 3441 1200 quas
3487 1148 3650 1202 reges

2054 1222 2138 1277 vel
2166 1222 2503 1275 donaverunt
2545 1221 2628 1276 vel
2672 1221 3146 1287 conﬁrmaverunt,
3182 1223 3295 1277 sive
3322 1224 3413 1277 alii
3462 1225 3648 1281 devoti

2052 1328 2115 1367 ac
2147 1311 2317 1366 Deum
2361 1311 2610 1366 timentes
2656 1312 2906 1367 homines
2943 1311 3011 1366 ad
3060 1314 3304 1368 eamdem
3351 1313 3648 1369 ecclesiam

2053 1402 2278 1456 solemni
2309 1402 2599 1456 donatione
2634 1400 3007 1467 contulerunt,
3039 1409 3094 1456 et
3128 1402 3286 1456 modo
3318 1402 3371 1455 in
3395 1400 3649 1469 ejusdem

2051 1491 2297 1546 ecclesiae
2314 1487 2440 1560 jure
2468 1497 2742 1555 tenentur,
2769 1489 2854 1544 vel
2884 1490 3007 1545 inde
3045 1489 3239 1560 injuste
3278 1507 3345 1545 ac
3378 1490 3655 1547 violenter

2056 1583 2334 1637 abstracta
2365 1588 2567 1647 erunt,
2605 1581 2711 1635 isto
2748 1588 2945 1636 nostra
2990 1582 3328 1636 auctoritatis
3372 1592 3658 1651 przecepto

2057 1674 2127 1728 ad
2164 1672 2414 1728 eamdem
2449 1671 2735 1727 ecclesiam
2769 1670 3091 1726 conﬁrmare
3123 1672 3344 1742 placuit.
3394 1671 3655 1743 Quapro-

371 1767 684 1827 videbatur,
731 1780 918 1819 aurem
954 1765 1185 1818 libenter
1213 1761 1624 1818 accommodare
1669 1770 1724 1817 et
1764 1776 1953 1816 assen-
1982 1749 2029 1808 Β
2057 1770 2177 1831 pter
2204 1762 2546 1831 praacipimus
2587 1767 2753 1829 atque
2780 1760 3032 1830 jubemus
3054 1771 3113 1816 ut
3148 1761 3325 1815 nullus
3356 1757 3527 1825 iudex
3557 1778 3654 1832 pu-

373 1874 492 1914 sum
518 1859 763 1928 prtcbere
790 1857 946 1912 nobis
974 1857 1192 1925 placuit.
1235 1857 1496 1926 lnspectis
1538 1856 1702 1926 igitur
1734 1861 1791 1907 et
1820 1852 1956 1908 rele-

373 1949 477 2004 ctis
503 1947 886 2018 pradictorum
928 1962 1115 2016 regum
1160 1947 1637 2016 Langobardorum
1668 1942 1957 2013 praeceptis

373 2038 459 2091 vel
486 2036 1019 2100 conﬁrmationibus,
1064 2035 1388 2103 complacuit
1415 2033 1590 2099 nobis,
1641 2034 1959 2089 donationes

374 2136 434 2183 et
463 2126 842 2182 concessiones
870 2125 984 2180 sive
1018 2123 1459 2179 conﬁrmationes
1497 2138 1685 2177 eorum
1723 2122 1829 2177 hoc
1861 2137 1960 2176 no-

371 2228 501 2275 strae
528 2217 867 2274 auctoritatis
905 2225 1172 2287 praecepto
1201 2216 1355 2286 juxta
1396 2214 1713 2285 petitionem
1754 2229 1960 2270 memo-

375 2308 479 2362 rati
511 2306 752 2377 episeopi
792 2306 859 2360 ad
902 2306 1148 2361 eamdem
1195 2306 1481 2361 ecclesiam
1507 2303 1852 2361 conﬁrmare.
1903 2305 1961 2359 Id

373 2404 454 2452 est
485 2396 541 2450 in
567 2395 758 2464 primis
784 2394 1283 2459 conﬁrmationem,
1318 2410 1480 2465 quam
1511 2394 1836 2464 Cunipertus
1863 2410 1961 2450 rex

375 2485 508 2542 fecit
536 2487 604 2540 ad
624 2485 906 2541 ecclesiam
931 2483 1115 2540 Sancti
1137 2484 1445 2541 Gcminiani
1466 2485 1534 2540 de
1554 2485 1693 2540 Villa
1720 2484 1960 2552 Poziolo,

379 2577 495 2631 sive
547 2576 843 2639 tributum,
891 2575 978 2629 vel
1022 2573 1344 2630 succidiales
1377 2585 1426 2640 ι,
1478 2582 1640 2644 atque
1686 2573 1960 2645 angar-ias,

374 2683 515 2737 quas
534 2667 677 2722 servi
699 2666 938 2737 ejusdem
968 2664 1153 2721 Sancti
1176 2664 1482 2721 Geminiani
1511 2667 1579 2722 ad
1608 2667 1785 2736 ipsum
1813 2679 1965 2721 casa-

379 2758 484 2812 lem
513 2756 866 2812 laborandum
891 2766 947 2812 et
970 2755 1321 2811 excolendum
1345 2757 1669 2812 habuerunt.
1701 2755 1965 2812 Similiter

381 2857 437 2901 et
449 2855 776 2918 praeceptum
791 2847 932 2916 quod
948 2846 1077 2902 fecit
1094 2847 1456 2918 Liutprandus
1475 2864 1568 2903 rex
1580 2850 1649 2904 ad
1669 2849 1966 2920 suprascri-

380 2947 530 3008 ptam
555 2938 839 2994 ecclesiam
868 2939 936 2993 de
972 2939 1147 2993 servis
1182 2946 1238 2994 et
1266 2938 1568 2995 aldionibus
1589 2939 1656 2994 ad
1679 2938 1772 3010 jus
1793 2939 1965 2995 eccle-

381 3029 477 3083 sire
504 3028 688 3083 Sancti
719 3029 1020 3085 Geminiani
1050 3031 1446 3099 pertinentibus
1465 3071 1480 3097 ,
1511 3037 1567 3086 et
1600 3031 1655 3085 in
1685 3030 1789 3085 line
1814 3029 1965 3086 Sale-

380 3124 522 3174 stina
565 3121 930 3177 residentibus
974 3122 1028 3176 in
1053 3095 1211 3177 vvillis
1256 3095 1485 3193 quarum
1530 3122 1793 3179 vocabula
1838 3095 2035 3178 suntC

381 3207 739 3264 Galaniticum
759 3249 775 3273 ,
823 3208 1105 3266 Gabellum
1149 3210 1463 3276 Castellum,
1498 3226 1621 3267 cum
1650 3212 1763 3268 suis
1786 3212 1965 3283 pisca-

381 3298 500 3362 riis,
524 3297 667 3367 quod
695 3296 799 3352 fuit
826 3300 896 3354 ab
921 3299 1144 3366 antiquo
1180 3308 1424 3369 tempore
1449 3301 1622 3356 Massa
1652 3298 1841 3358 Sancti
1868 3301 1971 3357 Ge-

384 3389 648 3444 miniani:
693 3404 857 3457 super
883 3389 1080 3458 quibus
1102 3398 1187 3444 est
1209 3400 1541 3461 praeceptum
1571 3392 1782 3463 Ratgisi
1824 3393 1970 3463 regis

383 3477 543 3533 nobis
563 3486 859 3532 ostensum.
904 3479 1000 3532 Est
1028 3478 1278 3535 similiter
1301 3489 1358 3536 et
1380 3481 1647 3537 Besiderii
1676 3499 1690 3537 :
1737 3498 1840 3539 nec
1862 3499 1967 3539 non

385 3574 443 3621 et
467 3576 796 3637 praeceptum
844 3566 1195 3640 Hildeprandi
1234 3571 1403 3641 regis,
1456 3571 1601 3642 quod
1629 3572 1761 3628 fecit
1788 3574 1857 3629 ad
1881 3590 1970 3630 ec-

342 3678 361 3688 ν
387 3657 610 3713 clesiam
646 3656 832 3714 Sancti
878 3658 1182 3715 Geminiaui
1211 3669 1433 3731 propter
1458 3662 1776 3731 petitionem
1808 3662 1972 3719 Joan-

382 3749 469 3804 nis
515 3747 754 3819 episeopi
804 3749 873 3806 de
913 3750 1145 3807 ecclesia
1182 3750 1366 3806 Sancti
1411 3751 1561 3808 Petri
1608 3754 1752 3808 intra
1784 3770 1973 3810 muros

386 3837 622 3893 civitatis
648 3836 1005 3905 Geminianae,
1043 3855 1165 3909 qua:
1192 3855 1337 3897 nunc
1378 3841 1527 3898 Nova
1561 3851 1809 3910 vocatur,
1846 3859 1972 3900 cum

385 3927 640 3984 omnibus
670 3929 835 3983 rebus
862 3937 1027 3998 atque
1050 3930 1403 3999 appendiciis,
1435 3947 1557 4001 qua:
1583 3933 1653 3987 ad
1682 3933 1856 4002 ipsam
1884 3948 1971 3988 ec-

388 4017 609 4071 clesiam
657 4017 967 4087 pertinent,
1012 4018 1100 4074 vel
1144 4019 1290 4088 quod
1336 4020 1411 4074 ibi
1452 4021 1598 4090 juste
1644 4022 1972 4092 acquisitum

388 4105 571 4160 fuerit.
618 4104 879 4162 Similiter
907 4115 964 4161 et
1005 4107 1349 4164 donationem
1384 4124 1550 4179 quam
1583 4108 1712 4166 fecit
1743 4111 1846 4181 pia:
1885 4126 1974 4166 re-

388 4197 722 4252 cordationis
764 4199 995 4252 domnus
1016 4208 1072 4253 et
1099 4200 1314 4270 genitor
1350 4208 1538 4257 noster
1557 4200 1781 4258 Carolus
1803 4203 1973 4273 impe-

385 4296 540 4341 rator
566 4287 631 4341 de
665 4286 825 4341 Plebc
870 4283 1056 4342 Sancti
1102 4288 1323 4346 Thema:
1349 4332 1365 4358 ,
1414 4307 1535 4363 quae
1580 4293 1868 4362 estposita
1913 4292 1970 4348 in

389 4376 700 4457 Gandaeeto
722 4373 878 4443 juxta
925 4375 1146 4434 ﬂuvium
1175 4378 1341 4434 Lama
1364 4422 1381 4448 ,
1431 4397 1553 4437 cum
1589 4382 1838 4438 omnibus
1866 4383 1968 4439 sibi

389 4464 809 4533 pertinentibus,
836 4466 953 4523 sive
981 4469 1239 4525 canonica
1265 4479 1430 4542 atque
1450 4472 1677 4529 decima.
1710 4472 1972 4529 Similiter

389 4553 734 4610 donationem
759 4597 774 4620 ,
809 4571 972 4627 quam
999 4556 1128 4614 fecit
1168 4560 1398 4616 domnus
1429 4546 1641 4633 genitor
1669 4572 1853 4619 noster
1873 4563 1976 4620 Ca-

390 4643 541 4699 rolus
578 4642 891 4719 imperator,
942 4655 1159 4718 petente
1182 4648 1503 4706 Geminiano
1528 4651 1830 4708 Mutinense
1864 4653 1975 4722 epi-

390 4750 576 4805 scopo,
615 4734 685 4790 de
714 4735 1018 4794 Molendino
1048 4753 1218 4809 prope
1246 4722 1472 4796 stratam
1504 4757 1627 4797 cum
1663 4743 1977 4813 acceptione

385 4840 482 4881 sua
510 4824 631 4881 sive
649 4827 874 4894 aquario
890 4867 906 4892 ,
933 4829 1026 4898 qui
1064 4830 1372 4900 pertinebat
1398 4831 1469 4886 ad
1495 4841 1705 4888 curtem
1733 4833 1876 4903 regis
1900 4832 1977 4887 ci-

387 4916 576 4972 vitatis
596 4915 761 4972 Novae
781 4934 801 4995 ,ε
852 4934 957 4977 nec
987 4933 1097 4975 non
1124 4929 1180 4976 et
1208 4936 1297 4979 res
1321 4937 1458 4992 quas
1489 4923 1596 4977 duo
1622 4924 1851 4979 Romani
1879 4926 1972 4980 ho-

388 5006 583 5069 mines,
613 5004 888 5062 Gondolus
918 5008 1167 5064 videlicet
1192 5019 1247 5065 et
1269 5010 1678 5077 Constantinus,
1702 5022 1759 5069 et
1782 5030 1969 5070 eorum

387 5110 589 5153 uxores
632 5095 803 5152 Maria
841 5105 899 5153 et
920 5098 1119 5172 Agnita
1141 5102 1209 5156 ad
1233 5102 1518 5160 ecclesiam
1561 5103 1747 5160 Sancti
1786 5105 1970 5162 Gemi-

463 5251 665 5340 égQuid'
697 5253 1234 5340 succidialesfuerint
1254 5297 1268 5321 ,
1300 5257 1603 5340 decernere
1628 5271 1969 5340 nequaquam

391 5322 588 5399 ausim.
619 5322 758 5379 Num
784 5339 885 5399 pro
909 5324 1183 5397 socjdiales
1210 5327 1491 5399 scriptum,
1527 5334 1598 5399 ut,
1618 5322 1972 5399 designentur

395 5392 886 5468 redituspercepti
930 5392 1000 5468 ei
1040 5392 1403 5468 armentis-et
1436 5398 1688 5468 gregibus
1734 5392 1791 5452 ἷη
1829 5400 1972 5453 socio

392 5459 535 5532 dum
555 5464 582 5515 2
604 5459 742 5518 Num
770 5459 1157 5531 (succidenda,
1192 5459 1326 5529 sivi.
1353 5476 1414 5523 ut
1435 5459 1669 5532 aiebant,
1696 5469 1973 5522 runcaudo

399 5529 689 5614 silvashae
717 5549 758 5614 a.
789 5535 1102 5614 subigendis
1128 5529 1272 5614 agris
1295 5546 1452 5614 antea
1480 5529 1696 5614 incultis
1717 5539 1757 5614 ?_
1782 5538 1975 5614 Hmreo

398 5611 552 5681 sane.
601 5599 1015 5681 Interimyijle,
1060 5607 1110 5681 si
1142 5599 1324 5681 lubet,
1368 5608 1671 5681 ϐίῃ-θρίοοη
1718 5608 1977 5681 Farfense

399 5673 553 5736 parte
584 5683 624 5721 ιι
674 5671 804 5724 tomi
834 5670 854 5724 l
894 5672 1237 5733 Collectiouis
1265 5675 1393 5733 iter.
1427 5677 1661 5743 ltaliear.
1683 5718 1698 5745 ,
1747 5679 1840 5737 ubi
1868 5693 1976 5750 mer

2055 1852 2248 1917 blicus,
2296 1852 2381 1905 vel
2416 1866 2619 1915 comes,
2648 1849 2733 1905 vel
2761 1850 3055 1922 gastaldus,
3084 1852 3198 1906 sive
3226 1852 3472 1921 qualibet
3498 1862 3659 1922 pote-

2056 1950 2196 1998 state
2242 1941 2497 2011 praedicta
2540 1955 2771 2012 persona
2813 1950 3171 1996 memoratum
3217 1943 3533 2014 episcopum
3566 1946 3653 1999 vel

2058 2046 2403 2088 successores
2428 2030 2575 2100 ejus,
2623 2039 2785 2102 atque
2825 2032 3069 2088 ecclesia:
3099 2031 3282 2087 Sancti
3328 2031 3655 2088 Geminiani

2058 2121 2126 2177 de
2153 2120 2536 2191 supraseriptis
2576 2119 2741 2176 rebus
2785 2134 2849 2174 ac
2888 2121 3339 2190 possessionibus,
3386 2137 3527 2190 quas
3561 2139 3659 2176 su—

2059 2208 2418 2284 pranominati
2452 2225 2608 2279 reges
2631 2211 2699 2267 ad
2743 2211 2989 2265 eamdem
3021 2211 3306 2266 ecclesiam
3354 2212 3658 2266 conﬁrma-

2059 2310 2277 2367 verunt,
2313 2308 2370 2357 et
2405 2316 2504 2358 nos
2530 2301 2635 2357 hac
2662 2309 2847 2365 nostra
2879 2301 3203 2357 auctoritate
3231 2301 3652 2363 confirmamus,

2062 2391 2367 2463 inquietare
2389 2400 2482 2446 aut
2507 2391 2706 2463 injuste
2728 2388 2965 2461 pulsare,
2988 2399 3082 2447 aut
3102 2391 3306 2461 aliquid
3334 2407 3401 2446 ex
3432 2392 3502 2446 iis
3530 2408 3663 2455 con-

2064 2489 2148 2537 tra
2175 2481 2403 2538 rationis
2445 2482 2693 2538 ordinem
2734 2478 3082 2548 abstrahere,
3130 2490 3225 2537 aut
3250 2482 3516 2547 alienare,
3565 2493 3664 2539 aut

2062 2575 2144 2631 eis
2194 2573 2521 2630 calumniam
2570 2573 2818 2645 ingerere
2859 2582 3187 2645 praesumat;
3238 2575 3331 2628 sed
3360 2574 3528 2628 liceat
3563 2591 3665 2630 eas

2064 2675 2376 2723 memorata:
2396 2666 2640 2723 ecclesiae
2667 2675 2722 2724 et
2744 2668 3048 2723 rectoribus
3090 2666 3191 2722 sub
3216 2674 3398 2731 nostra
3433 2681 3663 2721 succes-

2062 2772 2355 2830 sorumque
2384 2767 2698 2816 nostrorum
2741 2757 3085 2824 defensione,
3121 2758 3305 2829 quieto
3331 2759 3526 2813 ordine
3576 2765 3662 2813 ιιι

2063 2865 2195 2907 nere
2221 2865 2287 2906 ac
2333 2849 2611 2920 possidere
2639 2851 2841 2921 absque
2866 2847 3174 2919 cujuslibet,
3204 2849 3344 2903 sicut
3369 2848 3485 2919 jam
3513 2850 3663 2904 dixi-

2065 2958 2186 2999 mus
2203 2984 2219 3010 ,
2249 2940 2451 3011 iniusta
2480 2943 2923 2999 contradictione.
2954 2941 3330 2998 Concessimus
3358 2940 3527 2995 etiam
3553 2940 3665 2996 hoc

2064 3034 2402 3108 privilegium
2424 3042 2735 3109 memoratae
2759 3034 3021 3100 ecclesiae,
3070 3042 3130 3088 ut
3163 3032 3207 3089 si
3238 3039 3361 3103 post
3381 3031 3663 3087 decessio-

2066 3139 2191 3181 nem
2208 3125 2583 3196 episcoporum
2613 3124 2784 3196 ipsius
2808 3125 2954 3181 sedis
2978 3124 3102 3181 talis
3134 3124 3187 3180 in
3218 3124 3365 3179 clero
3400 3123 3665 3180 inventus

2065 3213 2249 3280 fuerit,
2296 3216 2391 3286 qui
2417 3215 2712 3272 secundum
2751 3229 2989 3271 canones
3020 3204 3362 3285 episcopatus
3386 3213 3662 3269 honorem

2066 3311 2123 3360 et
2147 3302 2378 3360 cilicium
2402 3305 2603 3361 habere
2634 3304 2825 3375 possit,
2856 3304 3128 3359 licentiam
3158 3303 3391 3358 habeant
3415 3303 3662 3373 eligendi

2069 3392 2213 3449 inter
2242 3408 2320 3449 se.
2364 3392 2431 3448 Et
2457 3400 2517 3449 ut
2559 3394 2678 3450 haec
2708 3395 3002 3450 auctoritas
3030 3394 3236 3449 ﬁrmior
3260 3393 3531 3448 habeatur
3556 3435 3574 3457 ,
3606 3404 3665 3449 et

2069 3482 2268 3539 nostris
2296 3498 2360 3537 ac
2384 3481 2581 3540 futuris
2609 3484 2942 3554 temporibus
2963 3483 3191 3539 Domino
3220 3492 3545 3554 protegente
3569 3501 3664 3538 va-

2070 3575 2181 3631 leat
2219 3576 2532 3632 inconvulsa
2560 3592 2800 3647 manere,
2849 3593 3009 3632 manu
3055 3577 3270 3648 propria
3319 3576 3656 3647 subscripsi-

2071 3684 2211 3732 mus,
2241 3676 2296 3724 et
2316 3683 2436 3725 eam
2469 3668 2537 3724 de
2570 3667 2769 3725 annulo
2799 3679 2985 3725 nostro
3012 3668 3199 3723 subter
3224 3667 3452 3740 sigillari
3492 3667 3662 3737 jussi-

2071 3776 2215 3827 mus,
2258 3760 2582 3817 violatorem
2616 3760 2826 3821 duabus
2857 3758 3013 3815 libris
3035 3760 3152 3815 auri
3184 3759 3370 3831 obryzi
3407 3759 3665 3814 condem-

2071 3858 2286 3906 nantes.

2144 3939 2370 4011 Signum
2398 3940 2656 4003 Ludovici
2683 3941 3015 3997 serenissimi
3046 3940 3407 4010 imperatoris.

2143 4028 2428 4085 Duraudus
2489 4030 2747 4086 diaconus
2797 4031 2867 4085 ad
2920 4030 3096 4085 vicem
3147 4028 3455 4100 Fridugerii
3509 4045 3669 4085 reco-

2071 4118 2254 4188 gnovi.
2587 4104 2603 4113 ’

2140 4207 2212 4262 Et
2239 4207 2361 4263 data
2388 4208 2489 4265 sub
2509 4224 2562 4263 v1
2587 4208 2713 4265 ldus
2737 4208 3080 4274 Februarias,
3109 4224 3272 4271 anno,
3299 4207 3522 4263 Christo
3545 4224 3671 4278 pro-

2069 4299 2223 4370 pitio,
2255 4299 2288 4354 9
2315 4299 2527 4368 imperii
2550 4298 2731 4355 domui
2761 4300 3019 4357 Ludovici
3048 4299 3274 4369 piissimi
3307 4298 3574 4368 Augusti,
3604 4313 3671 4352 ac

2074 4387 2365 4444 indictione
2393 4389 2480 4444 15.
2524 4387 2719 4444 Actum
2759 4389 3117 4465 Aquisgrani,
3156 4387 3359 4459 palatio
3386 4391 3567 4461 regis,
3613 4390 3671 4444 in

2075 4478 2169 4533 Dei
2199 4479 2419 4537 nomine
2447 4478 2693 4536 feliciter.
2721 4478 2913 4534 Amen.

2775 4590 2932 4649 CVII.

2450 4716 2554 4760 PRO
2595 4719 2931 4761 IONAS’IERIO
2968 4720 3272 4763 ριωιιεκει.

2690 4813 2865 4883 (Anno
2904 4813 3054 4887 8‘25.)

2077 4926 2253 4999 [Apud
2293 4926 2543 4991 Martem,
2566 4925 3016 4999 μιμήσομαι,
3049 4926 3261 4999 ιοιηεί,
3306 4940 3430 4996 pag.
3462 4926 3557 4993 τε),
3598 4944 3668 4983 ex

2532 4996 2811 5051 chartario
2844 4996 3193 5068 Prumiensi.]

2144 5105 2202 5161 ln
2234 5105 2451 5162 nomine
2492 5105 2706 5169 Domini
2751 5106 2848 5161 Dei
2891 5115 2948 5162 et
2990 5106 3288 5164 Salvatoris
3325 5109 3505 5164 nostri
3532 5107 3672 5165 Iesu

2074 5264 2356 5313 morantur
2397 5258 2538 5312 servi
2578 5274 2700 5314 cum
2726 5272 2916 5314 eorum
2955 5260 3256 5317 substantia
3298 5264 3350 5318 ὑ.
3377 5281 3429 5318 υ.
3460 5282 3512 5319 ε.
3562 5265 3676 5322 hoc

2070 5337 2158 5406 est
2188 5327 2334 5406 bove,
2364 5345 2544 5393 vacca,
2573 5328 2952 5406 cabgllg,_etc.
2997 5332 3208 5388 Nostris
3238 5344 3425 5406 autem
3452 5344 3676 5406 tempo-

2072 5398 2427 5472 ribusadbue
2467 5400 2608 5472 apud
2638 5398 3058 5472 hlediolancnses
3087 5418 3205 5459 mos
3230 5405 3375 5472 viget
3410 5398 3672 5461 tradendi

2114 5468 2275 5521 rzedia
2321 5481 2417 5539 sua
2460 5468 2740 5539 agricolis,
2786 5486 2930 5526 nunc
2956 5473 3177 5527 omnino
3206 5468 3423 5539 liberis,
3467 5475 3669 5529 iisdem

2097 5536 2613 5612 ereconditionibus
2633 5580 2647 5603 ,
2697 5556 2833 5610 quas
2863 5557 3034 5612 nuper
3069 5543 3358 5599 innuebam
3382 5536 3417 5605 ,⁷
3445 5544 3555 5598 hoc
3585 5553 3675 5599 est

2078 5607 2574 5686 reddendiilomiuo
2619 5607 2831 5671 tantam
2853 5607 3068 5685 frugum
3096 5621 3152 5669 et
3179 5614 3421 5683 pecunia:
3450 5629 3673 5670 mensu-

2078 5693 2193 5734 ram
2224 5683 2530 5748 quotannis.
