3996 6178
387 275 511 332 liii

1496 266 1903 339 'mPLOMA'rA
1943 264 2491 340 ECCLESIASTICA.

3486 293 3625 349 “23

383 390 599 454 Christi,
624 388 931 443 Ludovicus
961 389 1140 444 divina
1172 390 1456 446 ordinante
1484 393 1822 461 providentia
1853 393 1953 449 im-
1984 402 2027 459 Α
2056 395 2250 462 prima.
2282 395 2477 449 Actum
2498 394 2776 451 Aristallio
2799 397 3001 467 palatio
3023 400 3191 473 regio,
3218 400 3275 457 in
3297 401 3393 458 Dei
3413 408 3631 464 nomine

378 488 597 548 perator
620 480 910 549 Augustus.

454 588 510 644 Si
544 589 685 643 enim
715 603 777 643 ca
806 603 927 659 quae
958 588 1142 646 ﬁdeles
1173 590 1385 662 imperii
1416 594 1586 648 nostri
1627 608 1727 664 pro
1761 609 1948 648 eorum

380 678 871 750 opportunitatibus
924 680 1067 735 inter
1113 696 1172 736 se
1217 684 1704 749 commutaverint,
1751 685 1953 741 nostris

377 769 761 826 contlrmamus
788 771 1000 837 edictis,
1027 772 1361 842 imperialem
1388 789 1704 830 exercemus
1727 790 1953 831 consue-

375 863 638 928 tudinem,
683 871 739 917 et
777 863 830 916 in
867 865 1209 932 postmodum
1243 865 1366 934 jure
1399 863 1707 920 ﬁrmissimo
1736 882 1953 921 mansu-

373 967 491 1006 rum
523 958 644 1007 esse
670 952 935 1008 volumus.
970 953 1174 1009 Idcirco
1204 955 1414 1010 noverit
1442 957 1681 1011 omnium
1712 957 1948 1012 ﬁdelium

368 1052 682 1098 nostrorum
710 1084 725 1109 ,
774 1050 884 1097 tam
932 1044 1279 1114 praesentium
1327 1061 1489 1114 quam
1542 1054 1598 1100 et
1645 1038 1948 1105 futurorum

369 1133 672 1204 sagacitas,
716 1133 838 1203 quia
867 1134 949 1187 vir
975 1135 1299 1189 venerabilis
1328 1134 1643 1192 Tancradus
1676 1138 1843 1192 abbas
1880 1154 1947 1193 ex

367 1227 703 1279 monasterio
746 1224 887 1295 quod
931 1225 1132 1280 dicitur
1170 1226 1388 1281 Prumia
1416 1268 1431 1292 ,
1482 1237 1851 1283 constructum
1895 1228 1948 1283 in

364 1315 571 1368 honore
619 1313 829 1368 Domini
878 1322 931 1368 et
979 1313 1277 1371 Salvatoris
1317 1317 1491 1371 nostri
1535 1315 1664 1371 Jcsu
1703 1316 1946 1384 Christi,

358 1403 518 1458 nobis
561 1404 863 1474 suggessit,
908 1418 973 1458 eo
1012 1405 1153 1474 quod
1182 1420 1305 1460 cum
1335 1407 1567 1476 quodam
1599 1407 1818 1462 homine
1853 1424 1949 1463 no-

355 1493 502 1547 mine
544 1490 838 1548 Fulcberto
878 1493 944 1549 de
985 1494 1307 1564 quibusdam
1354 1496 1519 1551 rebus
1561 1499 1944 1569 commutatio-

351 1599 476 1638 nem
510 1583 773 1651 fecisset,
813 1602 912 1657 pro
945 1586 1227 1641 ambarum
1254 1588 1490 1657 partium
1521 1593 1941 1660 opportunitate.

353 1673 511 1730 Dedit
539 1676 715 1747 igitur
741 1677 1034 1746 praedictus
1061 1677 1147 1732 vir
1167 1680 1489 1734 venerabilis
1513 1680 1827 1738 Tancradus
1853 1684 1945 1737 ah-

2052 483 2301 539 feliciter.

2258 580 2275 587 ”
2755 578 2931 635 CVI".

2488 700 2588 739 PRO
2628 701 2801 740 EODEII
2842 703 3178 745 NONASTERIO

2657 795 2830 867 (.imzo
2867 799 3017 871 825.)

2140 905 2317 977 [Apud
2344 907 2595 974 Martem,
2622 910 2776 975 ibid.,
2805 926 2869 967 ex
2899 915 3174 969 chartario
3200 914 3549 992 Prumiensi.]

2120 1013 2176 1068 In
2220 1017 2439 1071 nomine
2468 1019 2679 1074 Domini
2712 1030 2766 1074 et
2796 1014 3092 1080 Salvatoris
3119 1028 3291 1081 nostri
3320 1027 3447 1083 Jesu
3474 1029 3630 1086 Chri-

2047 1104 2140 1169 sti,
2159 1106 2459 1162 Ludovicus
2479 1108 2658 1164 divina
2678 1113 2963 1168 ordinante
2983 1118 3316 1186 providentia
3339 1120 3630 1190 imperator

2047 1196 2343 1266 Augustus.

2120 1287 2178 1342 Si
2209 1290 2351 1343 enim
2382 1282 2448 1343 ea
2479 1307 2598 1361 quzc
2630 1292 2813 1349 ﬁdeles
2854 1296 3067 1366 imperii
3106 1301 3276 1355 nostri
3314 1316 3413 1373 pro
3441 1317 3629 1358 eorum

2046 1378 2548 1445 opportunitatibus
2596 1381 2741 1435 inter
2783 1397 2841 1437 se
2888 1391 3375 1455 commutaverint,
3427 1392 3627 1448 nostris

2045 1467 2434 1524 conﬁrmamus
2473 1472 2699 1538 edictis,
2752 1475 3084 1546 imperialem
3131 1496 3450 1540 exercemus
3494 1500 3626 1540 cnn-

2045 1559 2386 1613 suetudinem
2410 1601 2425 1624 ,
2476 1570 2531 1616 et
2577 1563 2681 1618 hoc
2713 1566 3110 1636 inpostmodum
3149 1572 3273 1642 jure
3317 1574 3628 1632 ﬁrmissimo

2046 1662 2363 1703 mansurum
2410 1666 2532 1706 esse
2558 1652 2827 1710 volumus.
2881 1657 3087 1715 idcirco
3131 1664 3342 1717 noverit
3386 1666 3627 1722 omnium

351 1766 446 1820 bas
488 1737 597 1821 CXV
612 1737 823 1823 ratione
860 1766 1103 1836 przedicti
1150 1771 1497 1836 monasterii,
1540 1788 1645 1827 una
1684 1789 1783 1845 per
1808 1791 1939 1830 con-
1968 1759 2016 1819 Β
2044 1737 2661 1845 (ὶδᾱὴξωἯίξδξΓοωηβ
2710 1749 3301 1845 Ῑῖηθδθηίίυ,¹¹1,⁸⁰ξ¹ίῗθί
3333 1764 3389 1810 θι
3422 1756 3629 1813 ίυίίπο·

350 1873 576 1913 sensum
627 1866 682 1912 et
725 1858 1125 1914 conhibentiam
1164 1860 1554 1916 monachorum
1602 1864 1798 1919 ibidem
1846 1867 1942 1922 dc—

350 1950 633 2018 gentium,
675 1947 903 2018 praefato
930 1948 1191 2004 Fulberto
1223 1951 1290 2004 ad
1320 1953 1596 2021 proprium
1630 1969 1785 2009 suum
1818 1971 1943 2025 per-

351 2039 655 2109 petualiter
682 2039 747 2094 ad
782 2040 1088 2094 habendum
1109 2081 1122 2105 ,
1170 2042 1434 2110 quasdam
1466 2058 1553 2097 res
1582 2060 1702 2114 qua:
1732 2054 1855 2100 sunt
1887 2047 1940 2100 in

353 2146 493 2205 pago
521 2132 931 2196 Warmacinse,
978 2133 1028 2187 in
1059 2133 1182 2187 villa
1218 2150 1339 2205 qua:
1369 2137 1568 2191 dicitur
1595 2138 1940 2196 Flaconhcim

352 2237 581 2279 mansos
608 2223 742 2276 duos
782 2237 904 2277 cum
935 2223 1205 2288 domibus,
1237 2224 1497 2287 aediﬁciis,
1533 2228 1713 2293 terris,
1744 2229 1940 2295 vineis,

352 2314 549 2383 pratis,
584 2311 753 2374 silvis,
781 2311 1014 2381 pascuis,
1045 2311 1386 2380 adjacentiis,
1410 2316 1616 2369 exitum
1649 2325 1703 2371 et
1732 2334 1944 2388 regres-

351 2421 478 2460 sum
499 2445 515 2470 ,
543 2403 629 2456 vel
659 2411 1135 2473 quantumcunque
1172 2404 1226 2458 in
1261 2405 1450 2460 eadem
1481 2406 1602 2461 villa
1634 2408 1701 2462 de
1732 2411 1944 2465 ratione

353 2496 603 2567 prmdicti
633 2496 947 2551 monasterii
976 2496 1229 2565 praesenti
1261 2506 1504 2567 tempore
1534 2499 1730 2555 ibidem
1768 2501 1943 2572 legiti-

352 2604 447 2643 me
476 2586 681 2642 habcre
707 2588 1055 2658 dignoscitur.
1092 2588 1159 2642 Et
1179 2597 1399 2644 econtra
1425 2590 1477 2643 in
1502 2593 1943 2660 compensatione

352 2678 556 2733 barum
585 2694 765 2732 rerum
800 2679 948 2733 dedit
983 2679 1273 2749 praedictus
1309 2679 1599 2735 Fulbertus
1628 2697 1693 2737 ex
1722 2683 1941 2754 proprio

351 2785 458 2825 suo
487 2770 807 2841 praescripto
845 2771 1205 2837 monasterio,
1249 2773 1505 2843 omnique
1536 2775 1939 2847 congregationi

350 2857 561 2914 ibidem
608 2860 718 2916 Deo
767 2876 863 2929 per
903 2868 1145 2931 tempora
1191 2861 1488 2931 militanti,
1546 2865 1807 2934 quasdam
1854 2881 1940 2922 res

348 2966 481 3021 quae
532 2960 658 3006 sunt
706 2951 760 3006 in
808 2943 998 3007 eodem
1047 2966 1224 3023 pago,
1289 2954 1343 3007 in
1392 2954 1516 3009 villa
1569 2970 1689 3024 qu:e
1742 2955 1940 3011 dicitur

348 3040 748 3098 Glaolfesbeim
780 3059 1026 3098 mansum
1059 3061 1258 3111 unum,
1297 3054 1352 3101 ct
1389 3047 1443 3101 in
1477 3047 1579 3102 alia
1611 3047 1735 3101 villa
1759 3088 1775 3112 ,
1818 3064 1938 3118 qua:

347 3133 561 3188 dicitur
589 3134 812 3189 Villarie
844 3152 1090 3190 mansum
1119 3151 1307 3202 unum,
1339 3153 1438 3192 nec
1466 3153 1572 3193 non
1601 3146 1656 3192 et
1692 3139 1744 3193 in
1779 3140 1939 3194 tertio

347 3223 479 3279 loco
525 3224 579 3278 in
624 3224 750 3280 villa
795 3234 1141 3296 nuncnpautc
1187 3225 1644 3294 Lciwrdesbcim,
1692 3229 1940 3285 curtilcm

349 3330 529 3369 unum
549 3355 565 3375 .
606 3313 855 3369 similiter
882 3323 937 3371 ct
966 3317 1018 3369 in
1048 3324 1242 3385 quarto
1273 3315 1389 3370 loco
1422 3317 1473 3372 in
1501 3317 1625 3371 vilia
1659 3318 1813 3386 cujus
1842 3335 1939 3373 vo-

346 3406 614 3462 cabulum
639 3414 722 3461 est
742 3407 1132 3472 lluceunbeim,
1156 3407 1291 3462 duas
1306 3416 1489 3477 partes
1503 3408 1570 3463 de
1583 3409 1797 3479 jurnale
1813 3425 1935 3464 cum

349 3496 615 3551 terminis
658 3506 712 3551 et
758 3497 1169 3553 latcrationibus
1208 3499 1341 3553 suis.
1398 3497 1508 3553 Has
1543 3514 1674 3555 vero
1699 3514 1788 3555 res
1816 3515 1939 3554 cum

346 3587 644 3653 domibus,
693 3589 969 3652 :ediﬁciis,
1021 3589 1215 3653 terris,
1261 3590 1463 3654 vineis,
1512 3591 1717 3660 pratis,
1766 3591 1938 3657 silvis,

344 3681 597 3753 pascuis,
622 3680 958 3747 adjacentiis,
984 3681 1192 3733 exitum
1222 3687 1277 3733 ct
1304 3695 1633 3765 regressum,
1659 3681 1744 3736 vel
1769 3697 1943 3750 quan-

344 3783 692 3839 tumcunque
721 3772 775 3824 in
802 3768 1077 3838 praedictis
1104 3768 1240 3824 locis
1263 3770 1515 3839 praesenti
1544 3777 1784 3839 tempore
1808 3771 1942 3841 legi-

349 3864 498 3919 time
523 3860 723 3914 babcre
753 3868 808 3914 et
835 3860 1111 3928 possidere
1140 3860 1497 3930 dignoscitur.
1540 3860 1694 3916 Unde
1721 3869 1778 3916 et
1805 3862 1941 3918 duas

342 3949 813 4008 commutationes
840 3948 954 4018 pari
984 3961 1171 4003 tenore
1202 3950 1562 4020 conscriptas,
1588 3953 1943 4022 manibusque

340 4044 624 4101 bonorum
651 4040 926 4096 hominum
952 4054 1063 4110 prae
1088 4040 1336 4095 manibus
1358 4056 1416 4096 se
1436 4041 1643 4098 habere
1663 4041 1942 4113 professus

343 4141 464 4197 est,
488 4131 583 4186 sed
612 4145 709 4201 pro
740 4130 946 4199 integra
979 4128 1236 4184 ﬁrmitate
1263 4129 1419 4200 petiit
1443 4130 1819 4186 celsitudinem
1844 4147 1943 4187 no-

344 4233 563 4287 stram,
606 4229 667 4275 ut
701 4223 847 4290 ipsas
876 4220 1331 4275 commutationes
1364 4220 1540 4275 denuo
1569 4236 1669 4291 per
1695 4230 1939 4278 nostrum

344 4311 793 4370 mansuetudinis
841 4318 1170 4381 praeceptum
1219 4308 1548 4366 conﬁrmare
1598 4311 1935 4367 deberemus.

345 4406 600 4473 Quorum
631 4401 985 4471 petitionibus
1015 4401 1282 4473 denegare
1309 4400 1583 4457 noluimus
1617 4417 1899 4457 assensum
1919 4443 1935 4467 ,
1962 4430 2016 4492 Β

436 4497 451 4516 1
485 4496 614 4516 ,ΞΑ-,ι
646 4494 935 4516 ---.ξΑ--ξιι--Α
965 4491 1200 4516 Ω.Ιη12...υ.
1232 4502 1537 4516 ..Αρι-Ακ.....
1581 4493 1717 4516 2....ι-
1746 4502 1902 4516 -ΑΑΑΑ
2222 4508 2227 4513 ς

343 4497 455 4553 sed
481 4496 623 4549 sicut
646 4494 938 4562 unicuique
964 4491 1202 4547 ﬁdelium
1231 4502 1541 4547 nostrorum
1573 4493 1720 4562 juste
1746 4502 1937 4563 peten-

343 4587 519 4647 tium,
549 4583 620 4636 ita
650 4597 750 4637 nos
776 4581 883 4635 illis
911 4581 1250 4637 concessisse
1278 4590 1441 4653 atque
1468 4582 1819 4639 conﬁrmasse
1848 4599 1941 4640 co-

342 4673 625 4749 gnoscite.
674 4670 1061 4742 Prmcipientcs
1095 4686 1223 4744 ergo
1254 4670 1538 4742 jubemus,
1580 4681 1641 4727 ut
1679 4674 1940 4745 quidquid

344 4779 488 4839 pars
530 4764 676 4835 juste
719 4771 776 4818 et
824 4763 1220 4819 rationabiliter
1266 4764 1425 4820 alteri
1478 4767 1708 4822 contulit
1753 4768 1937 4837 parti,

344 4856 616 4924 deinceps
652 4868 748 4924 per
786 4853 925 4908 hanc
964 4862 1208 4909 nostram
1253 4855 1629 4911 auctoritatem
1670 4855 1794 4926 jure
1845 4859 1938 4912 ﬁr-

345 4947 603 5005 missimo
633 4955 812 5001 teneat
836 4954 1000 5016 atque
1030 4947 1335 5018 possideat,
1378 4954 1434 5003 et
1475 4946 1640 5003 faciat
1676 4950 1935 5021 quidquid

345 5038 610 5096 voluerit.
658 5038 726 5093 Et
766 5047 824 5093 ut
864 5039 980 5093 hate
1020 5039 1320 5095 auctoritas
1360 5054 1457 5109 per
1482 5040 1662 5096 futura
1695 5050 1933 5111 tempore

344 5129 725 5188 inviolabilem
745 5130 988 5185 obtineat
1016 5130 1347 5196 ﬁrmitatem,
1370 5139 1440 5186 et.
1455 5132 1521 5187 ab
1548 5131 1798 5187 omnibus
1822 5147 1937 5187 me-

342 5221 462 5276 lius
497 5220 747 5275 credatur
776 5227 946 5287 atque
978 5230 1350 5288 conservetur,
1396 5222 1581 5277 annuli
1621 5224 1794 5280 nostri
1832 5223 1935 5279 im-

346 5312 639 5383 pressione
676 5308 878 5380 signari
910 5305 1193 5376 iussimus.

433 5418 722 5476 Durandus
747 5418 1006 5473 diaconus
1036 5418 1107 5472 ad
1129 5419 1306 5475 vicem
1332 5421 1597 5506 Fridcgisi
1626 5425 1934 5494 recognovi.

434 5529 569 5586 Data
599 5528 722 5585 ldus
746 5527 1021 5592 Octobris,
1052 5543 1194 5583 anno
1219 5527 1437 5586 Christo
1479 5532 1712 5602 propitio
1740 5530 1806 5584 l0
1836 5532 1937 5587 im-

351 5621 496 5693 perii
522 5620 716 5703 .domni
759 5618 1014 5675 Ludovici
1059 5619 1289 5688 piissimi
1334 5622 1597 5693 Augusti,
1642 5621 1935 5678 indictione

2045 1843 2186 1895 rum,
2213 1831 2500 1897 industria,
2531 1836 2659 1905 quia
2685 1837 2772 1890 vir
2798 1840 3124 1898 venerabilis
3150 1843 3430 1902 Hildoinus
3458 1848 3629 1905 abbas

2044 1920 2298 1989 sacrique
2326 1923 2509 1992 palatii
2554 1928 2727 1981 nostri
2771 1944 3016 1986 summus
3056 1933 3367 2002 capellanus
3395 1937 3631 1996 innotuit

2044 2009 2354 2067 celsitudini
2385 2022 2605 2080 nostrae,
2637 2030 2704 2071 eo
2731 2019 2873 2086 quod
2896 2020 3180 2092 religiosus
3205 2026 3290 2080 vir
3317 2025 3631 2084 Tancradus

2044 2102 2210 2158 abbas
2248 2108 2562 2161 monasterii
2602 2107 3005 2168 Prumiacensis
3029 2154 3043 2179 ,
3093 2130 3216 2171 cum
3257 2119 3487 2188 quodam
3531 2119 3633 2176 ho—

2044 2192 2191 2247 mine
2228 2196 2446 2250 nomine
2483 2195 2821 2267 Opillonem,
2867 2201 2935 2258 de
2974 2205 3298 2274 quibusdam
3340 2212 3628 2283 mancipiis

2044 2288 2520 2342 commutationem
2549 2288 2823 2347 fecissent.
2858 2292 3017 2351 Dedit
3041 2297 3206 2367 igitur
3225 2301 3516 2369 praedictus
3538 2303 3625 2358 vir

2043 2376 2371 2432 venerabilis
2392 2378 2708 2436 Tancradus
2737 2397 2806 2438 ex
2835 2387 3046 2442 ratione
3069 2389 3283 2457 praefati
3308 2396 3625 2452 monasterii

2044 2464 2127 2517 sui
2164 2463 2601 2532 Prumiacensis,
2647 2472 2793 2539 quod
2826 2480 2911 2527 est
2936 2483 3309 2532 conStructum
3343 2479 3399 2535 in
3423 2482 3630 2537 honore

2043 2550 2254 2605 Domini
2296 2562 2351 2607 et
2392 2552 2693 2611 Salvatoris
2738 2560 2909 2614 nostri
2948 2560 3076 2617 Jesu
3104 2563 3347 2632 Christi,
3396 2580 3630 2625 eiuscu-

2042 2640 2217 2695 tiente
2264 2641 2504 2714 ejusdem
2551 2651 2973 2720 congregatione
3016 2654 3228 2724 praefati
3272 2661 3626 2727 monasterii,

2040 2731 2303 2804 praedicto
2337 2731 2550 2803 Opiloni
2594 2739 2866 2809 mancipia
2907 2751 3116 2812 septem
3158 2746 3243 2801 his
3284 2748 3626 2815 nominibus,

2044 2821 2456 2890 Theotharium,
2485 2825 2846 2895 Grimoldum,
2871 2831 3301 2905 Theotgaudum,
3328 2837 3630 2895 Werintru—

2042 2911 2173 2977 dim,
2203 2911 2431 2979 Gozam,
2465 2914 2812 2985 Hutilindam,
2844 2918 3188 2978 Bst-trudam.
3224 2925 3292 2981 Et
3316 2936 3539 2984 econtra
3571 2931 3626 2985 in

2041 3005 2480 3072 compensatione
2509 3000 2704 3062 horum
2734 3010 3130 3080 mancipiorum
3158 3015 3310 3070 dedit
3336 3018 3630 3087 praedictus

1966 3101 2009 3164 (ς
2041 3091 2199 3161 Opilo
2228 3107 2296 3149 ex
2336 3108 2437 3149 suo
2469 3098 2694 3166 proprio
2735 3099 2807 3154 ad
2844 3097 2960 3168 jam
2992 3102 3196 3159 dictum
3238 3107 3630 3162 monasterium

2045 3181 2310 3253 mancipia
2338 3199 2460 3239 tum
2488 3187 2572 3242 his
2604 3189 2933 3257 nominibus,
2960 3191 3361 3261 Germundum,
3399 3196 3630 3269 Regiae-

2041 3285 2192 3337 rum,
2224 3271 2603 3339 Nortbertum,
2645 3278 3002 3346 Bernoldum,
3043 3283 3425 3349 Thiedoldum,
3461 3286 3630 3345 Haut-

2039 3376 2278 3425 mamm,
2316 3362 2697 3436 Winigodum,
2740 3368 3067 3440 Rotgerum,
3111 3371 3483 3445 Wigiradum,
3522 3375 3630 3430 Bn-

2039 3467 2323 3519 mannum,
2348 3453 2764 3523 Willisuindam,
2795 3459 3198 3529 Tbieodulfum,
3226 3463 3625 3529 Theotlindam.

2037 3539 2328 3599 Anstilam.
2365 3543 2519 3599 Unde
2553 3552 2610 3600 et
2643 3547 2779 3603 duas
2807 3551 3263 3606 commutationes
3291 3553 3408 3622 pari
3438 3564 3628 3610 tenore

2040 3632 2404 3700 conscriptas,
2454 3636 2812 3706 manibusque
2851 3640 3119 3695 bonorum
3147 3642 3427 3698 hominum
3468 3648 3628 3702 robo-

2040 3731 2210 3786 ratas,
2233 3738 2292 3777 se
2318 3739 2430 3792 prec
2456 3725 2706 3779 manibus
2734 3727 2937 3784 habere
2958 3729 3189 3798 professi
3217 3738 3360 3786 sunt.
3397 3732 3505 3788 Sed
3528 3750 3627 3805 pro

2041 3810 2254 3881 integra
2299 3810 2557 3869 ﬁrmitate
2603 3815 2881 3883 petierunt
2927 3818 3232 3875 celsitudini
3281 3833 3520 3889 nostrae,
3567 3834 3628 3878 ut

2042 3899 2666 3973 ipsascommutationes
2691 3904 2870 3960 denuo
2900 3922 2999 3976 per
3027 3916 3276 3965 nostrum
3308 3910 3496 3982 [Forte
3524 3928 3624 3969 no-

2040 3989 2189 4061 strae]
2228 3992 2662 4048 mansuetudinis
2697 4004 3027 4065 praeceptum
3056 3998 3270 4068 plenius
3296 4001 3624 4059 conﬁrmare

2040 4078 2381 4143 deberemus,
2407 4095 2637 4148 quorum
2664 4082 3016 4153 petitionibus
3040 4086 3308 4158 denegare
3331 4089 3620 4159 noluimus,

2041 4169 2136 4224 sed
2172 4169 2465 4240 unicuique
2506 4170 2742 4227 ﬁdelium
2786 4182 3097 4230 nostrorum
3135 4174 3285 4244 juste
3323 4182 3623 4250 petentium

2041 4258 2119 4314 ita
2156 4274 2256 4315 nos
2294 4260 2629 4317 concessisse
2670 4270 2833 4332 atque
2877 4263 2931 4318 in
2975 4265 3228 4323 omnibus
3270 4269 3625 4327 conﬁrmata

2042 4352 2374 4422 cognoscite.
2408 4352 2794 4424 Prmcipientes
2824 4372 2954 4428 ergo
2974 4356 3248 4427 iubemus,
3276 4372 3336 4417 ut
3360 4365 3621 4437 quidquid

2391 4456 2412 4503 t
2434 4449 2827 4506 rationabiliter
2848 4451 3006 4507 alteri
3033 4455 3260 4510 contulit
3282 4460 3447 4526 parti,
3470 4461 3623 4515 dein-

2039 4554 2168 4608 ceps
2213 4555 2310 4609 per
2354 4540 2496 4596 hanc
2541 4549 2786 4596 nostram
2831 4544 3210 4600 auctoritatem
3254 4546 3381 4616 jure
3423 4549 3622 4604 ﬁrmis-

2038 4631 2178 4687 simo
2226 4640 2407 4686 teneat
2453 4640 2617 4702 atque
2657 4634 2963 4703 possideat,
3013 4643 3074 4690 ut
3118 4637 3382 4707 quidquid
3429 4640 3624 4696 exinde

2037 4720 2221 4776 facere
2253 4720 2519 4788 voluerit,
2572 4721 2741 4778 libero
2784 4724 2839 4781 in
2882 4725 3135 4782 omnibus
3177 4726 3491 4796 perfruatur
3532 4745 3621 4785 ar-

2037 4814 2203 4869 bitrio
2249 4812 2481 4870 faciendi
2525 4814 2788 4886 quidquid
2835 4816 3080 4888 elegerit.
3136 4819 3204 4872 Et
3252 4828 3312 4873 ut
3359 4820 3479 4876 haec
3525 4836 3621 4877 au—

2040 4906 2268 4960 ctoritas
2321 4905 2476 4961 ﬁrma
2532 4907 2834 4973 habeatur,
2891 4916 2949 4962 et
3001 4923 3099 4979 pcr
3138 4908 3320 4965 futura
3378 4921 3620 4981 tempora

2041 4998 2235 5052 melius
2254 5006 2623 5065 conservetur,
2643 5000 2708 5054 de
2728 4999 2926 5056 annulo
2946 5008 3132 5056 nostro
3150 5002 3343 5059 subtus
3356 5001 3621 5073 iussimus

2040 5087 2285 5157 sigillari.

2111 5179 2398 5236 Durandus
2424 5180 2685 5237 diaconus
2709 5183 2776 5237 ad
2796 5182 2968 5238 vicem
2994 5181 3257 5252 Fridegisi
3286 5182 3615 5252 recognovit.

2113 5271 2249 5326 Data
2290 5287 2344 5326 tv
2384 5270 2500 5325 Kal.
2535 5270 2905 5341 Septembris,
2954 5285 3097 5325 anno
3132 5268 3348 5324 Christo
3386 5269 3620 5339 propitio

2044 5363 2111 5419 ιθ
2138 5362 2351 5432 imperii
2390 5362 2571 5417 domui
2610 5361 2864 5416 Ludovici
2905 5360 3131 5430 piissimi
3167 5358 3426 5429 Augusti,
3473 5359 3617 5429 indi;-

2040 5458 2223 5513 ctione
2259 5456 2309 5509 1.
2363 5454 2555 5509 Actum
2596 5453 2988 5509 Constrnentes
3030 5450 3216 5523 [Forte
3250 5449 3617 5527 Conﬂuentes]

2040 5563 2203 5618 super
2228 5544 2528 5612 Mosellam,
2558 5545 2611 5599 in
2642 5543 2738 5599 Dei
2767 5543 2985 5599 nomine
3008 5542 3258 5600 feliciter.
3294 5541 3486 5598 Amen.
