3996 6178
334 261 472 320 {H5

1066 372 1179 428 CX.

335 482 435 522 PRO
473 474 800 522 ΙΟΝᾸΘΤΕΙΙΟ
837 478 1053 520 εΑιιετε.
1101 478 1295 518 (ἱΙιΔτδ
1335 478 1388 516 IN
1425 476 1663 534 DIOCESI
1702 477 1903 516 UBGEL-

1004 550 1066 588 LE
1073 549 1176 588 NSI.

926 624 1098 696 (Anno
1135 621 1286 694 825.)

332 715 506 788 [Apud
537 715 834 778 Baluzium,
863 715 918 768 in
949 714 1081 785 App.
1108 716 1177 768 ad
1208 715 1377 769 Marc.
1405 714 1582 786 Πειρη
1607 731 1728 786 pag.
1753 717 1902 789 767.]

399 827 455 880 ln
487 827 703 881 nomine
732 825 943 880 Domini
988 825 1084 880 Dei
1126 833 1182 880 et
1225 824 1526 881 Salvatoris
1557 827 1729 882 nostri
1775 826 1904 882 .Iesu

327 914 554 980 Christi,
587 914 893 970 Ludovicus
918 914 1102 970 divina
1121 915 1408 971 ordinante
1437 916 1778 985 providentia
1801 918 1902 972 im-

328 1014 546 1074 perator
567 1006 867 1076 Augustus.

389 1096 448 1150 Si
463 1097 607 1150 illius
619 1111 802 1150 amore
813 1096 966 1166 cujus
979 1110 1202 1152 munere
1215 1097 1427 1152 caeteris
1439 1097 1760 1153 mortalibus
1769 1114 1906 1168 prie-

329 1187 425 1240 lati
451 1203 638 1241 sumus
648 1188 997 1257 petitionibus
1013 1202 1293 1243 servorum
1317 1189 1411 1244 Dei
1419 1189 1583 1259 justis
1593 1199 1650 1246 et
1665 1191 1904 1246 rationa-

326 1275 527 1330 bilibus
549 1278 852 1340 annuimus,
868 1287 924 1332 et
948 1277 1066 1333 loca
1090 1278 1275 1334 divino
1286 1278 1567 1336 famulatui
1581 1290 1901 1338 consecrata

327 1368 583 1438 congruis
605 1368 985 1424 muniﬁcentia:
1015 1378 1214 1426 nostra:
1249 1371 1532 1426 beneﬁciis
1557 1373 1627 1426 ad
1652 1372 1898 1427 divinum

325 1459 533 1514 cultum
574 1459 804 1538 uberius
836 1462 1235 1532 exsequendum
1282 1478 1440 1532 opem
1473 1463 1724 1528 ferimus,
1746 1478 1901 1541 pra-

326 1551 494 1604 mium
521 1563 622 1604 nos
643 1564 673 1602 a
703 1549 930 1606 Domino
959 1554 1295 1608 remunerari
1342 1552 1579 1607 ﬁdeliter
1601 1554 1897 1610 credimus.

325 1636 494 1707 Igitur
539 1639 608 1692 ad
654 1638 930 1695 industrize
980 1643 1225 1696 notitiam
1266 1642 1506 1696 ﬁdelium
1563 1652 1896 1709 nostrorum,

1442 255 1836 314 DIPLOMATA
1877 255 2432 319 ECCLESIASTICA.

3448 268 3582 326 1126

1933 373 1981 431 Α
2011 370 2202 425 nachis
2243 386 2308 426 ex
2339 372 2596 440 prmdicto
2637 375 2968 432 monasterio
2995 377 3113 433 ﬁeri
3153 377 3450 449 iussimus;
3486 401 3580 455 per

2008 473 2145 528 quas
2189 459 2438 516 ﬁdelibus
2473 465 2675 518 nostris
2721 475 2909 521 notum
2945 468 3063 523 ﬁeri
3093 472 3342 528 volumus
3371 482 3430 528 ut
3470 492 3582 531 me-

2007 557 2275 604 moratum
2323 554 2710 607 monasterium
2752 570 2876 609 cum
2922 556 3145 624 praefata
3180 560 3370 614 cellula
3398 573 3453 618 et
3492 580 3587 635 ap-

2006 641 2271 709 pendiciis
2306 642 2420 696 suis
2447 643 2532 697 vel
2561 645 2773 699 cunctis
2817 645 2996 708 rebus,
3045 646 3184 700 sicut
3213 651 3464 718 superius
3503 653 3584 706 iu-

2005 738 2210 784 sertum
2250 740 2372 796 est,
2401 742 2645 786 nostrum
2676 735 2953 802 proprium
2993 749 3113 790 esse
3152 748 3497 808 cognoscant,
3530 755 3585 796 et

2005 820 2108 873 sub
2145 829 2329 874 nostra
2379 821 2692 877 defensione
2736 832 2901 892 atque
2933 825 3158 881 tuitione
3193 828 3476 883 consistat.
3519 832 3586 886 Et

2006 909 2185 965 nullus
2210 911 2519 981 episcopus,
2559 922 2654 968 aut
2695 929 2901 979 comes,
2934 915 3018 970 vel
3045 917 3242 973 missus
3269 921 3582 980 discurrens

2005 996 2078 1051 ibi
2124 996 2359 1066 aliquam
2401 1001 2820 1057 dominationem
2847 1012 2941 1058 aut
2970 1006 3312 1076 tyrannidem
3339 1019 3582 1078 potesta-

2008 1094 2117 1140 tem
2146 1095 2457 1152 exerceant.
2490 1089 2595 1143 nisi
2625 1091 3075 1159 quemadmodum
3103 1097 3365 1151 canonica
3407 1108 3588 1153 aucto-

2004 1174 2139 1230 ritas
2156 1175 2329 1246 jubet.
2361 1178 2428 1232 Et
2446 1179 2588 1246 ideo,
2613 1181 2737 1250 quia
2753 1182 2865 1252 jam
2890 1184 3175 1252 przei'atum
3200 1189 3586 1244 monasterium

2003 1276 2250 1322 nostrum
2283 1283 2405 1324 esse
2428 1281 2664 1338 constat,
2700 1274 3046 1329 concedimus
3075 1276 3276 1332 ibidem
3302 1282 3587 1336 monachis

2003 1359 2104 1414 sub
2146 1368 2334 1414 sancta
2384 1362 2567 1432 regula
2611 1363 2929 1434 degentibus
2969 1375 3032 1420 ut
3065 1382 3171 1423 non
3220 1370 3396 1425 solum
3435 1388 3578 1442 pra:-

2004 1450 2288 1506 sentaliter
2323 1451 2568 1524 elegendi
2607 1455 2882 1510 licentiam
2910 1457 3149 1514 habeant
3184 1461 3460 1528 abbatem,
3485 1479 3584 1520 ve-

2003 1555 2125 1595 rum
2156 1541 2322 1598 etiam
2371 1543 2426 1598 in
2455 1544 2728 1611 futurum;
2778 1555 2838 1600 ut
2889 1551 3105 1617 quando
3143 1553 3360 1622 quidem
3403 1555 3587 1612 divina

2002 1646 2135 1686 voca
2143 1632 2288 1688 tione
2301 1633 2467 1689 abbas
2481 1636 2806 1706 subrogatus
2819 1637 3001 1703 fuerit,
3018 1640 3103 1695 vel
3118 1641 3210 1695 alii
3237 1643 3327 1710 qui
3341 1659 3438 1712 per
3453 1654 3587 1700 tem-

325 1735 434 1779 tam
467 1728 809 1794 prassentium
847 1744 1010 1798 quam
1037 1739 1092 1784 et
1135 1729 1449 1785 futurorum
1483 1732 1750 1800 perlatum
1776 1747 1893 1788 esse

2001 1732 2134 1786 pora
2165 1718 2368 1776 fuerint
2396 1722 2466 1776 ab
2495 1723 2598 1778 hoc
2636 1725 2835 1779 saeculo
2865 1726 3239 1796 migraverint,
3289 1733 3585 1787 secundum

322 1815 568 1870 volumus
600 1817 832 1886 qualiter
852 1818 1146 1874 Matl'redus
1166 1835 1348 1874 comes
1373 1822 1459 1874 vir
1482 1820 1690 1876 illuster
1710 1823 1900 1877 adiens

323 1907 672 1962 serenitatem
723 1908 980 1964 culminis
1029 1911 1221 1975 nostri,
1275 1919 1496 1981 gestans
1541 1912 1598 1965 in
1648 1914 1902 1968 manibus

321 1995 582 2064 quasdam
637 1999 1021 2068 praeceptiones
1076 2013 1213 2068 quas
1267 1999 1469 2054 dudum
1509 2000 1565 2054 in
1607 2000 1898 2071 Aquitania

321 2087 599 2142 constituti
629 2088 844 2142 cuidam
872 2089 1166 2143 venerabili
1191 2087 1522 2145 Possedonio
1562 2089 1900 2162 Orgeletana:

321 2177 463 2232 sedis
492 2177 744 2247 episcopo
791 2177 908 2232 ﬁeri
934 2178 1295 2246 iusseramus,
1345 2180 1402 2232 in
1430 2180 1629 2248 quibus
1653 2181 1899 2235 contine-

320 2273 480 2328 batur
505 2274 768 2326 insertum
795 2273 942 2342 quod
969 2273 1151 2342 aliqua
1179 2275 1295 2328 loca
1321 2290 1504 2329 erema
1531 2277 1598 2328 ad
1632 2284 1900 2331 monaste-

318 2361 400 2414 ria
431 2359 791 2414 construenda
837 2361 949 2414 sive
991 2361 1289 2415 monachos
1331 2363 1736 2430 congregandos
1769 2378 1899 2418 con-

317 2464 676 2514 cesseramus,
716 2450 789 2505 ita
833 2451 1083 2506 videlicet
1105 2458 1166 2505 ut
1187 2459 1311 2520 post
1336 2449 1452 2518 ejus
1477 2452 1681 2506 obitum
1715 2468 1900 2507 mona-

323 2540 413 2594 cbi
443 2540 496 2593 in
527 2539 730 2594 eisdem
761 2541 897 2595 locis
926 2541 1205 2611 degentes,
1235 2541 1429 2616 quibus
1457 2551 1773 2598 construere
1803 2558 1898 2612 op-

317 2632 492 2692 tabat.
522 2631 770 2686 abbatem
802 2633 942 2688 inter
969 2647 1028 2688 se
1056 2633 1319 2688 haberent
1339 2633 1612 2688 licentiam
1641 2634 1890 2704 eligendi,

318 2731 611 2790 suggerens
629 2722 918 2790 pra-dictus
937 2722 1298 2778 Possedonius
1321 2724 1606 2793 episcopus
1628 2738 1725 2792 per
1743 2739 1895 2778 eum-

318 2811 440 2866 dem
483 2810 802 2866 Matl‘redum
851 2812 1064 2867 ﬁdelem
1113 2821 1358 2868 nostrum
1407 2821 1468 2867 ut
1505 2815 1936 2877 monasterium-

317 2898 463 2970 quod
510 2900 652 2955 idem
696 2902 983 2972 episcopus
1023 2901 1468 2968 retediﬁcaverat,
1517 2903 1660 2973 quod
1697 2904 1894 2960 dicitur

319 2998 508 3046 sancta
541 2989 740 3056 Grata,
781 2993 924 3060 quod
965 3001 1050 3047 est
1076 2993 1238 3047 situm
1271 3008 1434 3062 super
1470 2991 1688 3047 ﬂuvium
1730 2994 1892 3048 Bose-

2004 1809 2247 1878 regulam
2275 1812 2447 1865 sancti
2489 1810 2770 1868 Benedicti
2794 1813 3065 1869 licentiam
3091 1817 3326 1873 habeant
3360 1819 3504 1874 inter
3527 1836 3589 1875 se

2001 1895 2246 1967 elegcndi
2273 1900 2496 1955 abbates
2525 1919 2538 1955 :
2571 1902 2804 1970 qualiter
2828 1905 3080 1960 monachi
3126 1906 3324 1962 ibidem
3349 1908 3459 1964 Deo
3485 1911 3588 1966 mi-

2001 1983 2222 2041 litantes
2251 1990 2499 2045 seeurius
2538 1998 2595 2044 et
2634 1992 2871 2060 quietius
2906 1995 3070 2048 vitam
3116 1999 3467 2052 monasticam
3495 2000 3589 2054 de-

2000 2083 2190 2144 gentes
2221 2090 2322 2145 pro
2368 2078 2525 2134 nobis
2574 2087 2629 2134 et
2677 2082 2907 2153 conjuge
2946 2083 3206 2155 proleque
3249 2095 3437 2142 nostra
3485 2091 3591 2144 Do-

1999 2165 2132 2219 mini
2175 2167 2608 2225 misericordiam
2636 2172 2900 2228 attentius
2925 2188 3154 2230 exorare
3176 2176 3410 2232 valeant.
3438 2178 3504 2233 Et
3528 2188 3590 2234 ut

1998 2255 2118 2312 haec
2143 2259 2444 2314 auctoritas
2482 2275 2581 2330 per
2621 2262 2893 2318 curricula
2926 2279 3194 2319 annorum
3221 2265 3588 2325 inviolabilem

1999 2353 2163 2413 atque
2205 2347 2575 2402 inconvulsam
2610 2351 2854 2405 obtineat
2893 2350 3238 2416 ﬁrmitatem,
3287 2364 3341 2408 et
3379 2371 3411 2409 a
3452 2355 3585 2410 ﬁde-

1999 2431 2141 2488 libus
2180 2443 2384 2490 sancta:
2414 2435 2510 2489 Dei
2539 2436 2797 2492 Ecclesiae
2823 2447 2878 2491 et
2905 2440 3109 2495 nostris
3147 2442 3330 2495 verius
3356 2445 3587 2498 certius-

1998 2536 2103 2590 que
2137 2523 2392 2579 credatur
2439 2533 2495 2580 et
2547 2526 2741 2581 melius
2784 2537 3162 2595 conservetur,
3209 2546 3331 2586 eam
3381 2533 3447 2587 de
3489 2549 3587 2589 an-

1998 2610 2126 2665 nulo
2171 2619 2361 2668 nostro
2406 2614 2594 2669 subter
2627 2614 2894 2684 jussimus
2935 2617 3158 2687 sigillari
3190 2631 3238 2673 α.

2069 2720 2357 2778 Durandus
2384 2723 2646 2780 diaconus
2673 2726 2742 2780 ad
2769 2725 2943 2781 vicem
2973 2727 3241 2798 Fridugisi
3273 2735 3582 2804 recognovi.

2068 2809 2203 2864 Data
2251 2828 2303 2866 xl
2350 2812 2625 2870 Kalendas
2664 2814 2868 2883 Julias,
2909 2831 3056 2872 anno
3086 2818 3305 2876 Christo
3350 2824 3587 2894 propitio

1998 2898 2065 2954 10
2105 2900 2319 2971 imperii
2362 2904 2545 2959 domui
2593 2905 2853 2961 Ludovici
2910 2909 3244 2964 serenissimi
3303 2911 3535 2984 Augusti
3559 2955 3572 2980 ,

1996 2992 2289 3050 indictione
2322 2998 2516 3066 prima.
2567 2999 2763 3054 Actum
2811 2999 3221 3059 Franconol‘urd
3247 3005 3449 3075 palatio
3483 3024 3574 3065 re-

317 3082 426 3153 gia,
457 3082 694 3136 dicatum
739 3083 792 3138 in
821 3084 1026 3139 honore
1048 3095 1249 3139 sanctae
1274 3084 1366 3139 Dei
1400 3086 1679 3155 genitricis
1710 3081 1891 3141 Maria:
1917 3081 1962 3143 C
1993 3084 2084 3154 gio
2109 3085 2166 3140 in
2195 3087 2292 3142 Dei
2320 3089 2539 3144 nomine
2564 3089 2813 3146 feliciter.
2841 3091 3036 3148 Amen.

318 3187 531 3242 semper
553 3174 797 3242 virginis,
837 3181 892 3229 et
919 3175 1166 3230 cellulam
1184 3169 1368 3230 eidem
1398 3176 1727 3231 monasterio
1769 3175 1892 3230 sub-

313 3260 532 3330 jectam,
562 3279 681 3333 quae
730 3265 930 3320 dicitur
957 3266 1192 3321 Sanctus
1222 3267 1576 3332 Fructuosus,
1619 3283 1744 3323 cum
1773 3283 1892 3324 om-

319 3339 836 3422 nibus‘appendiciis
880 3356 1013 3421 suis,
1045 3356 1127 3411 vel
1173 3357 1436 3427 quidquid
1467 3358 1718 3426 praesenti
1749 3366 1886 3413 tem-

316 3454 449 3509 pore
485 3445 731 3498 monachi
762 3445 816 3498 in
848 3446 1121 3514 praidiclis
1150 3445 1282 3501 locis
1313 3447 1571 3519 degentes
1600 3456 1785 3503 tenent
1803 3449 1888 3504 vel

315 3531 612 3598 possident,
647 3533 733 3588 vel
762 3535 815 3587 in
853 3537 1193 3604 postmodum
1219 3552 1286 3591 ex
1319 3536 1453 3592 locis
1482 3537 1680 3593 eremis
1723 3547 1889 3610 atque

315 3620 531 3677 incultis
582 3626 1020 3689 construxerint,
1070 3626 1170 3678 sub
1213 3633 1402 3679 nostra
1449 3635 1719 3694 potestate
1775 3630 1888 3683 imo

316 3713 546 3768 tuitione
575 3722 738 3781 atque
781 3714 1148 3767 dominatione
1173 3714 1554 3783 reciperemus,
1585 3724 1640 3769 et
1669 3716 1744 3768 ita
1774 3730 1890 3770 mo-

314 3803 474 3856 nachi
521 3802 605 3854 vel
637 3816 722 3855 res
749 3802 944 3856 ibidem
976 3803 1312 3871 pertinentes
1337 3803 1510 3856 nostri
1554 3804 1760 3873 proprii
1801 3819 1888 3860 es-

312 3900 435 3946 sent
471 3877 612 3946 sicut
639 3901 835 3946 czetera
864 3893 1191 3948 monasteria
1221 3892 1357 3948 infra
1385 3893 1774 3962 Septimaniam
1792 3911 1888 3950 no-

313 3988 428 4035 stra
469 3995 591 4036 esse
629 3989 900 4047 constant,
929 3990 983 4038 et
1008 3998 1076 4038 ex
1119 3991 1305 4038 nostra
1354 3985 1678 4040 auctoritate
1717 3983 1886 4040 licen-

313 4073 447 4126 tiam
505 4072 587 4128 eis
642 4073 1064 4128 concederemus
1111 4088 1144 4128 a
1187 4074 1348 4128 modo
1391 4073 1594 4145 eligere
1636 4073 1887 4129 abbatem

311 4163 744 4234 qualemcunque
771 4163 1059 4218 voluerint.
1097 4164 1339 4230 Quorum
1367 4164 1710 4234 petitionem,
1760 4162 1887 4233 quia

304 4254 513 4326 justam
560 4267 616 4311 et
660 4255 1032 4311 rationabilem
1067 4272 1188 4312 esse
1221 4257 1574 4327 wgnovimus
1597 4297 1612 4322 ,
1655 4256 1888 4311 libenter

312 4358 595 4398 assensum
640 4345 998 4415 praebuimus;
1044 4353 1100 4400 et
1139 4346 1456 4414 praedictum
1497 4345 1886 4400 monasterium

2719 3221 2855 3279 CXI.

2374 3311 2547 3367 l"suo
2584 3327 2808 3369 IASONIS
2843 3329 3202 3372 IIONAS'I‘ERIO.

2618 3403 2793 3473 (Anno
2833 3403 2984 3476 823.)

1992 3506 2268 3582 [Apud__D.
2303 3508 2593 3582 Bouquet.,
2632 3511 2786 3582 ibid”
2840 3528 2892 3581 p.
2937 3513 3063 3567 555.
3102 3529 3169 3568 ex
3217 3513 3419 3570 Ludov.
3475 3517 3576 3573 La-

2082 3579 2265 3647 guille,
2311 3580 2366 3634 in
2408 3582 2619 3649 probat.
2661 3579 2916 3636 Historia:
2949 3583 3189 3647 Alsatice,
3219 3599 3337 3653 pag.
3371 3586 3482 3656 {5.}

2059 3691 2118 3744 In
2154 3679 2372 3745 nomine
2403 3691 2631 3761 [domini
2663 3692 2782 3764 Dei}
2811 3705 2866 3747 et
2896 3692 3194 3748 Salvatoris
3218 3696 3410 3761 nostri,
3447 3695 3577 3753 Jesn

1989 3779 2216 3844 Christi,
2263 3779 2568 3835 Ludovicus
2613 3781 2794 3836 divina
2823 3783 3210 3853 repropitiante
3235 3797 3258 3824 ε
3289 3785 3580 3843 clementia

1991 3867 2286 3938 imperator
2312 3868 2612 3938 Augustus.

2057 3979 2194 4047 Quia
2223 3989 2468 4036 nostrum
2497 3987 2582 4035 est
2605 3988 2799 4036 cuncta
2829 3980 2948 4035 loca
2977 3982 3127 4053 regni
3156 3984 3326 4039 nostri
3355 3986 3422 4041 ad
3457 3986 3573 4043 lau-

1987 4066 2113 4124 dem
2140 4077 2196 4123 et
2218 4069 2285 4123 ad
2309 4068 2535 4139 gloriam
2558 4068 2654 4124 Dei
2676 4076 2986 4124 constructa
3008 4069 3298 4126 defendere
3325 4083 3379 4127 et
3405 4075 3573 4132 stabi-

1987 4159 2122 4226 lire,
2159 4159 2502 4231 praecipimus
2551 4167 2614 4214 ut
2665 4159 2937 4215 abbatiam
2978 4161 3034 4215 in
3089 4170 3245 4231 parte
3296 4161 3492 4235 Vosagi
3539 4181 3573 4219 a

1988 4251 2223 4322 quodam
2280 4250 2521 4320 principe
2559 4251 2678 4305 viro
2721 4251 2928 4317 nobili,
2967 4252 3111 4308 unde
3155 4254 3319 4309 etiam
3369 4270 3570 4325 nomen

1991 4342 2176 4406 traxit,
2215 4343 2360 4412 quod
2409 4351 2637 4397 vocatur
2678 4342 2834 4398 vallis
2874 4342 3112 4400 Masonis
3154 4345 3567 4416 (Masmumter,

310 4447 437 4487 cum
475 4413 730 4502 praedicta
769 4435 959 4490 cellula
1003 4443 1060 4492 et
1095 4413 1429 4505 appendiciis
1453 4436 1566 4491 suis
1593 4444 1648 4490 et
1693 4450 1884 4490 mona-
1910 4413 1965 4474 Ῐ)
1989 4432 2074 4488 vel
2095 4431 2441 4504 Maisevaux),
2467 4429 2636 4487 fratre
2660 4431 2910 4488 videlicet
2930 4432 3084 4488 ducis
3104 4413 3333 4490 Lutl'ridi
3359 4445 3415 4490 et
3437 4436 3568 4492 Ebe-

308 4523 446 4578 cbos
470 4524 667 4579 ibidem
693 4526 946 4596 degentes
973 4526 1054 4582 vel
1089 4542 1279 4582 omnes
1306 4542 1394 4582 res
1424 4528 1491 4582 ad
1533 4527 1676 4582 idem
1701 4541 1887 4581 mona-

309 4612 535 4671 sterium
559 4615 810 4681 praesenti
840 4623 1078 4683 tempore
1104 4617 1461 4684 pertinentes,
1491 4615 1577 4671 vel
1598 4631 1718 4686 quae
1741 4616 1887 4671 dein-

308 4714 439 4768 ceps
480 4713 545 4753 ex
587 4699 721 4754 locis
745 4702 942 4756 eremis
964 4709 1127 4772 atque
1170 4703 1389 4758 incultis
1429 4704 1497 4758 ad
1537 4719 1726 4758 eorum
1755 4720 1885 4760 usus

308 4791 639 4860 aspexerint,
667 4792 736 4847 ad
775 4801 1021 4848 nostrum
1051 4809 1188 4864 opus
1226 4796 1550 4866 recepimus,
1585 4797 1660 4851 ita
1694 4797 1884 4853 videli-

307 4893 399 4937 cet
447 4891 506 4936 ut
550 4884 650 4939 sub
691 4894 876 4940 nostra
913 4886 1024 4941 imo
1060 4901 1250 4941 eorum
1300 4888 1664 4943 dominatione
1706 4890 1885 4944 consi-

305 4982 474 5030 stant.
504 4974 795 5046 Propterea
819 4979 916 5034 has
943 4988 1143 5034 nostra
1170 4981 1514 5036 auctoritatis
1539 4981 1745 5038 litteras
1768 4998 1886 5038 mo-

379 5149 503 5228 e_ln
535 5151 865 5228 authentico,
892 5155 1032 5228 unde
1058 5155 1238 5228 editur
1273 5155 1378 5228 hoc
1407 5164 1756 5228 prmeeptum,
1789 5173 1882 5214 se-

307 5221 602 5299 quebatur,
635 5219 864 5299 Signum
885 5222 1133 5299 Ludoeici
1161 5219 1478 5299 segnissimi
1513 5219 1842 5299 imperatoris
1863 5269 1878 5293 ,

306 5289 791 5366 jiixta‘l'ormulam.
823 5293 1020 5346 Verum
1051 5294 1195 5366 linea
1218 5295 1305 5347 illa
1332 5312 1487 5350 erasa
1513 5289 1614 5362 est,
1655 5289 1882 5366 ejusque

330 5307 457 5344 una
488 5307 791 5345 IormUIam.
831 5307 1020 5346 verum
1051 5307 1195 5357 [mea
1218 5307 1305 5347 Illa
1332 5312 1487 5350 erasa
1513 5307 1614 5362 est,
1655 5307 1882 5366 ejusque

299 5307 427 5414 ioco
462 5360 718 5430 haacquai
746 5369 1045 5430 sequuntur
1071 5363 1271 5430 scripta
1297 5375 1424 5418 sunt
1445 5366 1549 5419 alia
1578 5382 1760 5429 manu,
1786 5367 1882 5422 sed

305 5429 704 5497 antiquissima,
736 5439 791 5482 et
818 5431 1026 5503 fortean
1055 5429 1327 5487 comtanea
1352 5451 1366 5486 :
1397 5434 1463 5488 Et
1488 5437 1701 5503 insuper
1723 5437 1885 5488 dona-

306 5514 424 5553 mus
462 5506 616 5569 atque
657 5499 987 5569 concedimus
1012 5501 1125 5569 ipsa
1161 5517 1306 5556 sem.
1340 5504 1424 5556 cui
1468 5499 1774 5558 vocabulum
1807 5514 1882 5556 est

309 5576 491 5638 gnata
530 5563 738 5638 ’Mariq,
785 5584 903 5620 cum
951 5563 1072 5638 suos
1102 5569 1303 5638 titulos,
1333 5581 1380 5628 et
1425 5573 1636 5627 domum
1687 5570 1884 5626 Sancta

309 5633 499 5700 Grata,
525 5650 642 5688 cum
669 5635 799 5706 ﬁne:
826 5645 873 5690 cl
903 5637 1172 5692 terminos.

1988 4523 2161 4588 rardi,
2191 4523 2285 4592 qui
2335 4521 2592 4577 Morbacb
2631 4522 2942 4577 construxit
2991 4522 3047 4576 in
3091 4523 3297 4579 honore
3345 4526 3566 4594 pretiosi

1986 4615 2241 4684 martyris
2261 4621 2422 4682 atque
2436 4611 2706 4683 pontiﬁcis
2729 4611 3073 4682 Leudegarii,
3095 4611 3395 4678 fundatam,
3421 4613 3566 4666 nulla

1986 4705 2241 4774 deinceps
2281 4706 2558 4760 hominum
2597 4719 2827 4775 persona
2856 4713 3149 4774 pnnsumat
3175 4705 3454 4759 destruere
3478 4705 3564 4759 vel

1985 4796 2310 4866 inquietare,
2339 4803 2502 4866 atque
2529 4795 2638 4850 ulla
2665 4795 2838 4860 freda,
2871 4794 3192 4860 baribanna,
3219 4809 3387 4864 opera
3423 4795 3563 4849 revi-

1986 4885 2150 4950 soria,
2199 4885 2485 4955 stipendia,
2515 4885 2630 4940 sive
2677 4883 2885 4954 aliquas
2912 4883 3230 4938 exactiones
3253 4885 3318 4938 de
3358 4883 3565 4936 familia

1987 4973 2073 5030 vel
2100 4974 2166 5030 de
2205 4974 2638 5044 possessionibus
2677 4973 2920 5045 ejusdem
2963 4973 3208 5030 ecclesiae
3251 4973 3562 5028 indeticien-

2064 5155 2093 5195 δ
2131 5153 2302 5224 llujus
2350 5151 2654 5223 diplomatis
2680 5150 2960 5230 exemplar
2987 5165 3044 5230 se
3089 5150 3287 5230 vidisse
3323 5149 3568 5230 illudque

1990 5221 2260 5300 accurate
2275 5221 3077 5300 cum_'autograpl_i(_)‘convenire
3103 5227 3332 5300 testatur
3350 5221 3562 5300 episco-

1987 5310 2091 5364 pus
2119 5293 2445 5352 Basilcensis
2473 5288 2613 5346 anno
2653 5288 2813 5357 1579,
2846 5299 2906 5344 ιιι
2932 5296 3084 5344 notat
3109 5288 3415 5344 Ludovicus
3454 5288 3560 5342 La-

2025 5364 2172 5418 uille.

1989 5381 2240 5486 Βυξμῖίιιο
2282 5446 2431 5493 voce.
2455 5429 2849 5500 τερνορίιίαητεν
2873 5441 2979 5481 non
3008 5441 3140 5482 usus
3162 5436 3244 5500 es!
3256 5425 3567 5481 Ludwicus

1991 5501 2140 5563 Pius,
2168 5500 2270 5554 nisi
2300 5516 2442 5574 anno
2464 5497 2737 5574 834,1cum
2761 5506 2882 5574 post
2901 5497 3396 5574 exauctorationem
3420 5510 3566 5574 anno

2031 5570 2316 5624 raccedcnti
2365 5568 2565 5623 factum
2617 5568 2671 5622 in
2723 5563 2913 5620 solium
2964 5565 3246 5620 restitutus
3276 5573 3378 5620 est.
3428 5563 3563 5618 Vide

1945 5685 1953 5691 .
1993 5633 2386 5705 Mabillonium,
2417 5638 2508 5693 lib.
2541 5653 2578 5691 ιι
2611 5638 2677 5694 dc
2706 5637 2783 5691 Re
2809 5635 3052 5706 diplom.,
3079 5650 3197 5706 cap.
3221 5633 3274 5701 2,
3299 5649 3446 5689 num.
3472 5633 3561 5686 l3.
