3996 6178
531 254 667 315 "27
1616 253 1936 313 LUDOVlCl
1973 255 1993 309 Ι
2030 251 2109 310 CG

2187 250 2503 310 ῚΟΜΕΝΤΟ
2536 253 2626 309 PII
3636 263 3765 323 “28

522 374 596 428 tis
623 369 868 442 requirat
892 366 974 423 vel
997 373 1335 436 extorqueat,
1367 380 1545 439 neque
1572 367 1777 438 aliquid
1806 368 1875 423 de
1915 368 2097 423 omni-
2126 368 2178 428 Α
2913 364 3071 420 CXII.

519 465 624 520 bus
652 462 757 517 illis
783 474 901 529 quae
942 454 1166 526 praefato
1192 456 1311 512 loco
1335 458 1533 513 donata
1569 464 1696 513 sunt
1725 457 1810 511 vel
1845 456 2095 513 donanda
2519 468 2623 509 ano
2652 469 2991 511 nonanno
3017 469 3256 511 conum
3284 471 3462 513 nou.

516 560 693 615 erunt,
725 548 941 604 auferre
968 547 1053 603 vel
1080 546 1385 604 diminuere
1416 567 1430 603 :
1464 548 1561 604 sed
1587 549 1771 604 omnia
1799 549 1992 614 libere,
2022 549 2096 605 in-
2797 547 2991 619 (Anno
3029 545 3200 618 823.)

517 647 666 711 tegre
692 648 747 693 et
770 639 1090 693 inconcusse
1113 638 1314 693 ibidem
1340 638 1453 694 Deo
1481 639 1875 696 famulantibus
1898 642 1949 694 in
1978 656 2096 712 per-
2198 634 2392 708 [Apud
2427 635 2628 692 Mabill.
2651 679 2667 703 ,
2704 637 2819 691 Act.
2859 635 2960 692 SS.
2999 636 3215 712 ord.__§._
3251 636 3477 712 lienem,
3510 654 3643 698 stac.
3683 657 3736 698 tv
3757 685 3771 711 ,

513 706 732 799 peiuum
758 727 1086 782 deserviant.
1118 726 1177 782 Si
1207 728 1331 797 quis
1361 736 1544 784 autem
1574 729 1643 784 de
1672 729 1828 784 bonis
1853 706 2095 798 ejusdem
2200 706 2215 708 ἡ
2689 716 2834 777 Par"
2865 722 2882 759 '
2907 747 2922 771 ν
2957 720 3083 776 1⁵³8·
3117 706 3244 760 53"
3269 706 3290 779 ]

511 817 756 873 ecclesia:
795 816 900 871 sibi
930 816 1229 886 quidquam
1256 817 1388 872 velit
1430 819 1708 875 attrahere
1735 818 1868 874 falsa
1903 833 2097 873 causa-
2262 814 2323 869 ιιι
2361 816 2579 872 nomine
2619 816 2832 872 Domini
2870 816 2966 871 Dei
3002 825 3059 871 et
3096 815 3397 873 Salvatoris
3428 819 3602 874 nostri
3655 817 3773 877 Iesu

511 925 635 963 rum
678 906 1058 973 afﬁrmatione,
1102 908 1326 963 omnino
1368 924 1477 964 non
1519 909 1696 973 liceat,
1725 910 1828 965 nisi
1868 911 1921 964 in
1950 924 2093 981 prze-
2193 903 2437 973 Christi,
2497 907 2806 964 Ludovicus
2860 906 3045 963 divina
3096 906 3386 963 ordinante
3437 910 3789 979 providentia'

510 998 687 1054 sentia
734 998 1067 1068 primatuum
1117 1000 1292 1069 regni,
1325 1013 1394 1053 ne
1439 999 1591 1055 locus
1638 999 1772 1055 falsa
1806 999 2093 1056 occasione
2194 996 2491 1066 imperator
2525 997 2821 1068 Augustus.

511 1091 866 1161 deprimatur.
914 1090 1203 1145 Advocatis
1233 1105 1386 1156 vero,
1425 1107 1565 1162 quos
1610 1093 1883 1148 nescimus
1908 1092 2094 1163 quales
2261 1084 2547 1143 Neminem
2575 1086 2814 1142 ﬁdelium
2843 1094 3152 1143 ηοεῑτθΐιιω
3179 1086 3430 1144 dabin":
3456 1090 3737 1146 ετθάὶωω
3756 1132 3771 1156 .

508 1181 677 1237 futuri
718 1181 848 1245 sint,
876 1195 941 1235 ex
986 1188 1144 1250 parte
1191 1181 1287 1235 Dei
1330 1190 1385 1237 et
1414 1191 1602 1238 nostra
1638 1183 1989 1253 imperamus,
2033 1193 2095 1239 ut
2191 1189 2354 1244 quam
2392 1192 2646 1247 Inan
2680 1176 2954 1247 quondam
2985 1179 3216 1233 domnus
3240 1188 3298 1232 θῐ
3338 1179 3558 1250 genitor
3598 1191 3775 1237 noster

508 1271 686 1326 nullos
715 1270 1130 1335 subadvocatos,
1160 1280 1468 1337 exactores,
1498 1273 1784 1344 nullosque
1810 1274 2016 1346 legatos
2037 1275 2091 1329 in
2191 1263 2421 1320 εποιιιε
2447 1264 2950 1323 Christianissimus
2987 1268 3285 1338 imperator
3308 1286 3431 1327 cum
3476 1270 3774 1328 Saxonibus

510 1361 700 1416 eodem
733 1359 852 1414 loco
882 1358 967 1414 vel
1014 1360 1067 1412 in
1117 1362 1334 1415 cunctis
1363 1360 1480 1431 ejus
1510 1363 1844 1433 appendiciis
1888 1373 2095 1432 ponant
2190 1352 2359 1407 δυδίίι
2386 1353 2627 1410 ιδδοτεηι
2646 1395 2661 1420 ν
2694 1364 2755 1410 ιιι
2782 1371 2879 1412 eos
2906 1357 2974 1413 ad
2998 1359 3331 1429 αεηίύοηειιι
3356 1376 3503 1417 Vm
3530 1362 3665 1418 ﬁdei
3693 1364 3775 1418 Ili-

510 1450 594 1504 vel
623 1449 901 1503 habeant:
949 1448 1043 1501 sed
1091 1448 1207 1518 ipse
1234 1449 1553 1515 advocatus,
1590 1451 1680 1506 cui
1708 1465 1808 1505 nos
1846 1451 1931 1505 vel
1969 1465 2093 1506 suc-
2190 1442 2417 1498 duceret
2458 1462 2471 1497 :
2518 1447 2665 1514 quod
2715 1454 2772 1502 et
2817 1447 2999 1503 divina
3036 1448 3211 1518 gratia
3244 1458 3610 1519 cooperante,
3645 1452 3775 1507 sicut

506 1553 753 1597 cessores
797 1537 970 1591 nostri
1014 1538 1257 1593 bannum
1315 1555 1479 1609 super
1531 1540 1806 1595 abbatiam
1843 1540 2091 1596 eamdem
2188 1536 2426 1603 optavit.
2465 1536 2665 1593 olfacit.
2700 1538 2811 1595 Nos
2840 1555 2971 1595 vero
3006 1541 3062 1595 in
3096 1541 3215 1610 ejus
3244 1542 3383 1597 solio
3415 1546 3645 1613 superni
3679 1545 3774 1601 Nu-

508 1631 779 1693 dabimus,
822 1626 967 1682 illius
1005 1628 1248 1684 ecclesiae
1276 1628 1410 1684 locis
1435 1630 1671 1701 benigne
1696 1629 2010 1700 provideat,
2039 1637 2094 1683 et
2191 1625 2357 1680 minis
2384 1626 2529 1682 dono
2567 1629 2871 1696 sublimati,
2902 1631 3117 1687 cuidam
3144 1632 3441 1689 venerabili
3466 1636 3588 1690 viro
3617 1636 3773 1691 Adal-

508 1720 678 1775 semel
706 1720 760 1773 in
791 1731 935 1772 anno
963 1719 1238 1789 publicum
1269 1719 1526 1789 placitum
1573 1719 1714 1790 apud
1758 1718 1942 1773 villam
1970 1733 2091 1788 qua:
2117 1705 2166 1763 Β
2194 1712 2364 1769 hardo
2397 1716 2515 1771 seni
2549 1718 2729 1774 abbati
2768 1734 2836 1774 ex
2879 1723 3213 1777 monasterio
3258 1721 3411 1792 cujus
3450 1727 3773 1781 vocabulum

505 1809 732 1866 vocatur
757 1811 1139 1875 Gowenhcim,
1188 1810 1279 1864 ubi
1309 1810 1469 1865 sedes
1496 1817 1579 1865 est
1609 1807 1898 1877 judiciaria
1926 1810 2095 1865 totius
2192 1812 2280 1860 est
2315 1803 2547 1862 Corbeia
2573 1848 2588 1873 ,
2627 1809 2682 1863 in
2719 1811 2909 1866 eadem
2946 1812 3224 1881 provincia
3262 1813 3499 1870 Saxouia
3531 1818 3609 1871 ob
3644 1833 3775 1874 mer—

503 1901 756 1961 abbatiae.
804 1909 1007 1967 teneat,
1039 1916 1163 1957 cum
1217 1900 1325 1955 illis
1356 1908 1540 1955 tamen
1571 1900 1664 1969 qui
1696 1903 1841 1969 quod
1883 1900 2092 1970 justum
2191 1891 2342 1948 cedis
2389 1903 2591 1951 nostra}
2639 1907 2986 1967 augmentum
3033 1902 3423 1958 monasterium
3460 1914 3774 1962 construere

508 2004 593 2050 est
620 1996 794 2050 sciant
821 2004 876 2050 et
904 1995 1150 2065 diligant,
1173 2002 1227 2050 et
1256 1993 1330 2049 ibi
1359 1996 1612 2050 omnibus
1634 1993 1888 2063 iniuriam
1916 1994 2094 2065 passis
2183 1978 2477 2049 Ῑυεεὶωυει
2534 1994 2591 2042 ει
2637 1988 2707 2043 ad
2758 1988 2904 2044 idem
2950 1992 3259 2048 cmnohium
3307 1993 3675 2052 dedicandum
3717 2014 3772 2052 ex

506 2088 804 2142 secundum
848 2087 1071 2143 idoneos
1116 2084 1357 2155 ejusdem
1385 2085 1574 2157 pepuli
1620 2085 1833 2155 judices
1862 2094 2090 2140 czetero-
2190 2087 2351 2131 Sacro
2385 2077 2589 2148 palatio
2623 2093 2655 2133 II
2688 2078 2895 2149 capella
2929 2088 3117 2137 nostra
3164 2082 3410 2140 misimus
3441 2088 3773 2142 venerabiles

504 2192 735 2247 rumque
759 2192 1083 2233 consensum
1103 2176 1373 2248 justitiam
1405 2176 1572 2232 faciat
1611 2194 1624 2231 :
1658 2191 1761 2232 nec
1790 2176 1987 2247 aliquis
2025 2178 2082 2234 de

2195 2178 2257 2221 ac
2297 2178 2676 2227 sacrosanctae
2700 2172 2959 2243 reliquias
2995 2173 3145 2228 beati
3178 2172 3439 2244 Stephani
3473 2187 3773 2246 protomar-

503 2273 617 2321 tota
644 2263 867 2331 familia,
898 2265 1048 2319 dives
1078 2280 1173 2320 seu
1203 2277 1427 2335 pauper,
1462 2271 1611 2320 terra
1637 2277 1738 2318 sua
1764 2272 1819 2318 et
1841 2262 1965 2332 jure
1990 2279 2090 2321 suo
2189 2257 2361 2327 iiiis.
2398 2274 2559 2330 super
2593 2259 2874 2328 Wiseraa.
2910 2262 2969 2317 in
3000 2263 3127 2318 villa
3160 2265 3346 2335 regia.
3378 2265 3434 2319 in
3472 2266 3599 2321 loco
3638 2283 3772 2322 nun-

503 2356 766 2427 privetur,
793 2355 898 2410 nisi
923 2355 976 2409 in
1007 2354 1264 2425 przedicto
1306 2353 1424 2410 loco
1466 2352 1743 2409 communi
1784 2353 2089 2424 sapientum
2189 2354 2423 2414 ουυίιιηθ
2450 2347 2651 2403 dudum
2681 2349 2885 2406 Huxori
2915 2368 2930 2404 :
2959 2359 3022 2406 ut
3044 2353 3173 2422 quia
3199 2361 3422 2410 auctore
3446 2355 3563 2411 Deo
3590 2357 3775 2425 pradi-

500 2443 700 2514 iudicio
728 2463 742 2499 :
773 2454 829 2500 et
857 2445 910 2499 in
936 2444 1053 2515 ipsa
1075 2444 1163 2499 die
1186 2444 1388 2514 publici
1411 2444 1598 2515 placiti
1624 2444 1901 2500 abbatissa
1929 2445 2093 2499 advo-
2188 2442 2311 2492 ειυε
2357 2438 2495 2495 diva!
2545 2441 2824 2497 memoria:
2870 2442 3106 2500 domnus
3150 2454 3206 2499 et
3249 2445 3467 2516 genitor
3500 2456 3698 2503 noster
3728 2449 3778 2503 in

500 2536 1684 2593 catoetsuisservitiumhonesteexhibeatet
1711 2537 2086 2608 det:etquid—
2190 2528 2383 2583 eadem
2434 2538 2597 2600 gente
2642 2532 2877 2601 primum
2918 2532 3243 2591 Christianas
3286 2534 3570 2606 religionis
3622 2537 3775 2594 ﬁdem

500 2630 630 2699 quid
650 2629 737 2685 vel
756 2630 1064 2701 ubicunque
1091 2630 1206 2701 ipse
1242 2630 1545 2686 advocatus
1578 2631 1634 2685 in
1653 2631 1872 2686 abbatia
1918 2632 2089 2702 plaei-
2192 2619 2535 2677 εοιιηηιιθνὶι
2562 2640 2577 2686 ς
2613 2622 2691 2678 ita
2725 2631 2782 2679 et
2808 2639 2908 2680 n06
2936 2623 3004 2679 ad
3036 2627 3498 2696 augmentandum
3533 2629 3774 2684 solidan-

501 2720 667 2776 tando
695 2722 1007 2791 acquisierit
1026 2762 1040 2787 ,
1068 2722 1341 2777 abbatissa
1355 2723 1490 2777 duas
1503 2724 1935 2795 partesaccipiat
1953 2765 1968 2789 ,
1995 2725 2079 2782 ille.l

2200 2711 2430 2782 dumque
2456 2712 2699 2784 ejusdem
2729 2714 2855 2770 ﬁdei
2882 2715 3121 2786 vigorem
3138 2755 3155 2781 ,
3184 2716 3419 2786 primum
3446 2719 3778 2777 monachica

501 2810 948 2867 tertiam.Clerici
972 2826 1098 2867 vero
1120 2819 1176 2867 et
1195 2812 1271 2866 illi
1302 2812 1423 2868 laici
1446 2813 1539 2883 qui
1565 2826 1763 2883 genere
1786 2822 1846 2870 et
1871 2830 2085 2871 morum
2190 2801 2469 2873 τθιίεἱοιιίε
2520 2804 2770 2859 ordinem
2825 2804 2935 2860 ίηίο
2989 2808 3315 2861 servandum
3374 2807 3781 2879 ωπειιδιιωφθ

502 2900 782 2956 honestate
795 2901 1014 2957 familia:
1026 2909 1345 2972 pnesunt,et
1360 2903 1607 2959 ecclesiae
1617 2907 1951 2975 praesunt,“
1964 2906 2080 2962 nul-

2205 2894 2606 2950 :onstituimus:
2636 2897 2782 2965 quod
2804 2896 2880 2951 ita
2904 2896 3204 2966 opitulante
3228 2896 3637 2968 Omnipotentis
3662 2915 3783 2971 gra-

502 2989 611 3043 tum
639 2992 917 3047 servitium
945 2993 1140 3048 serviie
1170 3001 1456 3063 cogantur,
1489 2994 1576 3050 vel
1605 2995 1659 3049 in
1692 3010 1946 3067 corpore,
1998 2996 2080 3052 vel

2202 2984 2266 3040 tia
2292 2986 2365 3041 ad
2390 2985 2641 3042 effectum
2669 2986 2747 3041 rei
2775 2987 3048 3057 pervenit,
3080 2996 3135 3042 et
3162 2987 3421 3057 praedicto
3449 2990 3780 3045 monasterio

502 3080 556 3134 in
596 3080 757 3136 rebus
802 3097 1021 3147 eorum;
1067 3048 1480 3139 sed’abhaussat
2114 3048 2163 3110 Ο
2190 3075 2313 3131 ideo
2342 3075 2574 3132 corbeia
2602 3048 2799 3132 “omet-1
2825 3048 3139 3148 imPOSiium
3164 3048 3284 3143 ἒξειν
3315 3092 3385 3133 θο
3410 3078 3555 3147 quoa
3585 3079 3662 3134 de
3688 3095 3781 3133 ³η·

501 3168 844 3233 famuleutur,
876 3187 1010 3239 quos
1038 3180 1093 3226 et
1121 3172 1237 3240 ipsa
1266 3187 1371 3227 non
1398 3181 1459 3227 ut
1489 3187 1677 3230 servos
1701 3215 1716 3240 ,
1760 3173 1859 3229 sed
1882 3183 1944 3229 ut
1969 3189 2079 3229 ma-

2199 3163 2343 3234 tiquo
2375 3165 2613 3234 quodam
2647 3167 2980 3221 monasterio
3028 3165 3258 3221 Corbeia
3307 3167 3563 3236 pmdit'lo
3610 3164 3777 3223 Adal-

504 3266 589 3311 ter
634 3258 772 3314 ﬁlios
802 3268 1036 3315 tractare
1065 3262 1245 3316 debet.
1281 3262 1354 3318 Ut
1383 3271 1567 3318 autem
1605 3278 1949 3320 successores
1988 3279 2087 3319 no-
2189 3255 2359 3311 hardo
2380 3256 2565 3311 abbati
2583 3256 2737 3321 seni.
2761 3257 2849 3311 cui
2874 3256 3016 3311 hanc
3040 3271 3228 3311 curam
3254 3256 3775 3313 commiserantia.-

503 3348 602 3401 stri
638 3363 792 3419 reges
827 3350 911 3403 vel
949 3351 1302 3419 imperatores
1332 3368 1520 3407 curam
1564 3353 1805 3421 ejusdem
1843 3354 2087 3410 ecclesia:
2186 3356 2469 3418 assumpto
2495 3364 2682 3405 secum
2713 3365 2975 3419 germano
3004 3365 3105 3405 suo
3136 3349 3361 3404 Walone
3398 3365 3528 3405 cum
3564 3353 3779 3407 ceteris

507 3441 765 3506 habeant,
798 3443 1178 3498 constituimus
1202 3453 1261 3499 ut
1289 3445 1717 3517 quotiescunque
1743 3461 1836 3501 rex
1869 3447 1954 3501 vel
1979 3447 2085 3503 im-

2198 3441 2411 3509 quantis
2445 3449 2502 3495 et
2532 3441 2731 3511 quibus
2765 3443 3051 3512 oportebat
3082 3444 3391 3509 monachis,
3430 3444 3577 3499 infra
3627 3462 3776 3503 eam-

504 3539 727 3601 perator
762 3531 1043 3588 Romanus
1075 3533 1343 3591 Basileam
1394 3535 1596 3602 veniat,
1653 3535 1907 3607 quaelibet
1943 3538 2084 3593 boba
2185 3529 2307 3603 {lem
2341 3531 2675 3599 proVinciam
2710 3531 2888 3588 locum
2931 3542 3117 3603 aptum
3160 3543 3217 3589 et
3263 3550 3565 3605 congruum
3612 3537 3776 3608 elige-

506 3620 589 3676 vel
618 3637 839 3676 mansus
866 3622 932 3676 ad
961 3623 1243 3677 servitium
1267 3623 1383 3694 ejus
1409 3640 1485 3679 xu
1514 3640 1764 3681 nummos
1790 3626 2080 3696 persolvat.
2183 3631 2309 3678 rent
2357 3641 2372 3678 :
2411 3631 2576 3693 atque
2625 3624 2739 3689 ibi,
2789 3633 2951 3694 prout
2997 3626 3355 3695 opportunius
3397 3641 3519 3681 esse
3563 3629 3777 3696 pot-is»

499 3711 845 3782 Quaecunque
885 3728 1014 3782 ergo
1056 3722 1248 3784 potens
1295 3729 1548 3785 persona,
1601 3716 1918 3781 advocatus,
1968 3717 2082 3773 sive
2183 3725 2294 3782 set,
2344 3714 2630 3786 praafatum
2682 3717 3070 3772 monasterium
3116 3717 3423 3773 stabilirent
3450 3728 3621 3788 atque
3650 3735 3773 3775 coti-

502 3804 642 3859 alius
678 3805 965 3874 quisquam
1007 3805 1121 3860 haec
1159 3805 1377 3861 decreta
1420 3815 1607 3861 nostra
1655 3806 1956 3878 infregerit,
2002 3809 2080 3862 ira
2181 3813 2474 3861 struerem.
2500 3805 2705 3861 Idcirco
2729 3798 2934 3876 placuit
2959 3807 3294 3863 excellentia
3319 3815 3523 3863 nostra
3551 3817 3615 3863 ut
3642 3826 3774 3880 pne-

507 3894 622 3958 Dei,
660 3901 717 3949 et
755 3895 996 3949 omnium
1032 3904 1367 3962 sanctorum,
1417 3904 1473 3951 et
1501 3896 1765 3951 tremendi
1788 3897 1998 3968 judicii,
2026 3907 2082 3954 et
2180 3899 2383 3953 dictam
2416 3897 2599 3952 villam
2624 3938 2640 3963 ,
2675 3913 2796 3968 quae
2833 3897 3034 3954 dicitur
3070 3898 3312 3964 ﬂuxori,
3351 3913 3475 3955 cum
3520 3902 3773 3957 omnibus

499 3993 686 4039 nostra
738 3986 1142 4051 contremiscat,
1191 3992 1247 4041 et
1273 3992 1367 4040 aut
1398 3985 1535 4040 ﬁnes
1585 3986 1739 4056 regni
1766 3994 1949 4051 exeat,
1984 3996 2080 4043 aut
2180 3989 2379 4046 ﬁnibus
2405 3990 2493 4044 vel
2519 3991 2767 4046 terminis
2789 3992 2924 4057 suis,
2951 4000 3009 4046 et
3035 4007 3158 4047 cum
3188 3992 3371 4058 silvis,
3396 3993 3592 4055 terris,
3620 3994 3776 4062 aquis

501 4075 723 4146 triginta
754 4075 919 4130 libras
947 4074 1065 4129 auri
1091 4074 1282 4144 optimi
1311 4074 1378 4129 ad
1412 4074 1601 4130 ﬁscum
1633 4077 1798 4144 regis,
1827 4076 2080 4132 restituto
2180 4092 2552 4150 aquarumque
2593 4081 2941 4144 decursibus.
2988 4097 3115 4136 cum
3160 4082 3413 4137 omnibus
3454 4081 3776 4150 adjacentiis

502 4167 652 4237 prius
694 4166 938 4222 ecclesia:
987 4167 1187 4222 damno
1232 4166 1521 4237 persolvat.
1555 4167 1683 4222 Haec
1728 4175 1910 4222 autem
1952 4177 2081 4223 sunt
2180 4177 2238 4223 et
2270 4170 2603 4239 appendiciis
2638 4171 2755 4226 suis
2789 4172 2858 4227 ad
2897 4172 3042 4227 idem
3076 4172 3469 4227 monasterium
3508 4187 3610 4242 per
3634 4172 3777 4227 hanc

499 4256 716 4310 nomina
753 4255 999 4310 villarum
1039 4265 1094 4311 et
1138 4256 1382 4312 locorum
1412 4256 1468 4312 in
1510 4257 1710 4326 quibus
1738 4258 1963 4329 praefata
1986 4274 2079 4315 ec-
2184 4262 2568 4318 auctoritatem
2595 4261 2720 4331 jure
2754 4272 3017 4335 perpetuo
3051 4264 3334 4329 conferre,
3375 4273 3432 4320 et
3481 4265 3552 4321 de
3588 4275 3777 4322 nostra

497 4345 665 4402 clesia
701 4346 864 4401 habet
888 4347 1248 4417 proprietates
1293 4354 1348 4401 et
1384 4348 1759 4417 possessiones
1785 4356 1940 4404 extra
1966 4350 2080 4404 val-
2107 4397 2159 4424 η
2178 4348 2304 4419 jure
2350 4351 2404 4405 in
2452 4351 2545 4422 jus
2586 4360 2642 4409 et
2686 4353 3110 4409 dominationem
3158 4354 3407 4424 praedicti
3454 4357 3777 4412 monasterii

500 4435 627 4502 'em,
658 4452 777 4507 qua:
804 4436 959 4491 Vallis
999 4445 1189 4492 tenens
1213 4435 1453 4492 bannum
1482 4444 1537 4492 et
1566 4438 1769 4503 munia,
1802 4440 2083 4509 protendi—
2105 4435 2157 4456 ν
2183 4442 2601 4512 praesentialiter
2643 4444 2902 4500 tradere:
2934 4460 3037 4501 nec
3075 4460 3185 4499 non
3212 4454 3269 4500 et
3297 4460 3388 4501 res
3419 4460 3521 4502 seu
3556 4462 3777 4517 posses-

502 4537 590 4583 tur
639 4544 669 4583 a
723 4526 1072 4584 Gowcnheim
1120 4542 1295 4597 usque
1343 4528 1412 4582 ad
1467 4527 1835 4583 summitatem
1882 4529 2085 4585 montis
2183 4532 2366 4586 siones
2391 4547 2510 4602 quae
2538 4546 2571 4586 a
2602 4533 2770 4589 Deum
2798 4534 3145 4600 timentibus,
3174 4530 3271 4589 vel’
3290 4535 3465 4590 Deum
3497 4538 3773 4609 diligenti-

498 4618 781 4683 Grazonis,
830 4618 1254 4681 Brunhobetum,
1296 4615 1637 4680 Giltewillre,
1686 4616 2082 4684 Dannamaria,
2182 4621 2284 4678 bus
2323 4622 2631 4680 Saxonibus
2665 4624 2809 4680 infra
2846 4627 3021 4696 ipsam
3059 4625 3353 4683 Saxouiam
3385 4628 3456 4683 ad
3494 4630 3600 4686 hoc
3638 4644 3777 4700 opus

380 4770 384 4775 ,
501 4707 1359 4781 Werza,Boyseigum,Rotbach,
1384 4708 1846 4774 Balderchedurl'f,
1876 4709 2084 4779 Spech-
2185 4712 2548 4768 inchoanlum
2602 4716 2688 4770 vel
2747 4716 3077 4786 adjutorium
3138 4719 3513 4788 praestandum
3563 4721 3774 4775 collata:

499 4801 656 4863 bach,
703 4799 1026 4869 Rollingum,
1082 4797 1473 4863 Morschviller,
1523 4798 1917 4865 Zullensheim,
1952 4799 2085 4854 Ves-
2184 4812 2342 4870 sunt,
2382 4818 2479 4875 per
2515 4805 2655 4863 hanc
2705 4807 3083 4862 auctoritatem
3117 4807 3479 4873 conﬁrmare,
3516 4810 3687 4863 etiam
3723 4816 3776 4862 et

501 4890 661 4960 paeh,
687 4888 1088 4953 Stenneubrun,
1116 4886 1459 4952 Bruchbach,
1489 4886 1924 4949 Richenesheim,
1944 4887 2082 4941 Mul-
2184 4912 2275 4952 res
2319 4912 2442 4966 quas
2475 4898 2544 4953 ad
2583 4897 2944 4967 antiquiorem
2978 4895 3265 4953 Corbeiam
3301 4900 3523 4955 tradita
3554 4898 3776 4955 [uerum

368 4955 392 5019 ’ρ
500 4942 794 5043 ienhusen,
831 4977 1258 5047 Enisigesbeim,
1309 4975 1565 5041 usuum,
1619 4975 2081 5042 llerlichesheim,
2185 4942 2355 5043 iam.“
2386 4989 2533 5057 ipsos
2587 4942 2915 5059 ευριξιάίειςε
2969 4988 3221 5044 5mm
3254 4988 3423 5054 anes,
3472 4989 3532 5044 in
3574 4992 3777 5051 terris,

498 5069 873 5143 οηῧθτδδθίίην
922 5066 1328 5138 δίδοιιεειιθίιηι
1390 5067 1781 5137 Ῑλτιηῧεηιιείων
1820 5065 2080 5137 δίεεηεε-
2184 5079 2366 5144 silvis,
2411 5079 2647 5151 campis,
2690 5080 2894 5149 pratis,
2936 5080 3191 5150 pascuis.
3235 5081 3395 5149 aquis
3432 5095 3781 5150 aquai-unave

500 5160 666 5216 hcim-
2184 5169 2501 5226 decursibus
2547 5171 2782 5241 propriis
2822 5170 2909 5227 vel
2953 5170 3365 5236 communibus,
3405 5171 3669 5227 domm
3718 5188 3785 5226 ac

570 5247 790 5304 Simeon
820 5246 1087 5305 diaconus
1105 5246 1176 5303 ad
1204 5245 1379 5302 vicem
1407 5246 1677 5320 Fridugisi
1706 5250 2079 5310 archicancel—
2183 5257 2455 5325 aediﬁciis,
2485 5259 2569 5315 vel
2604 5260 2755 5330 prius
2790 5260 3021 5327 habitis,
3058 5261 3145 5316 vel
3172 5269 3362 5331 postea
3390 5263 3738 5317 constructis
3764 5278 3780 5326 ;

499 5339 620 5394 larii
650 5340 961 5409 recognovi.
2180 5351 2465 5421 mancipiis
2508 5365 2723 5421 quoque
2771 5352 2973 5407 diversi
3016 5353 3233 5423 generis
3278 5352 3364 5406 vel
3406 5353 3787 5417 conditionis,

571 5434 703 5488 Data
732 5451 784 5490 XI
815 5436 1081 5491 Kalendas
1109 5433 1297 5499 Julias,
1328 5451 1470 5491 anno
1497 5435 1715 5492 Christo
1749 5439 1983 5509 propitio
2014 5439 2076 5496 ιο
2181 5440 2471 5496 mobilibus
2496 5441 2579 5495 vel
2610 5441 2999 5510 immobilibus,
3025 5442 3214 5497 datum
3241 5443 3327 5498 vel
3354 5444 3622 5499 traditum
3656 5444 3785 5505 fuit,

503 5525 711 5594 imperii
739 5527 940 5581 domini
964 5528 1190 5597 piissimi
1215 5528 1462 5599 Augusti,
1490 5530 2074 5588 indictioncl.Actum
2179 5546 2303 5585 cum
2350 5530 2496 5585 omni
2545 5531 2859 5600 integritate
2903 5532 2971 5586 ad
3011 5532 3327 5603 prmdictum
3376 5533 3789 5588 monasterium

502 5612 823 5670 Francofnrt
849 5618 1049 5688 palatio
1076 5619 1323 5677 feliciter.
1355 5622 1550 5677 Amen.
2040 5682 2045 5686 .
2180 5636 2284 5675 ima
2335 5635 2458 5677 Cum
2508 5635 2776 5679 εοηδθηευ
2827 5620 3033 5695 limati
3079 5620 3294 5677 abbatis
3337 5619 3422 5678 vel
3466 5637 3795 5695 εοηετθείν
