3996 6178
318 293 452 348 “'29

1069 323 1097 343 4

1428 288 1825 345 DIPLORIATA
1863 285 2413 345 ECCLESIAS'I'ICA.
2516 298 2519 303 '

3436 295 3567 353 Ηῗῖὒ

315 406 479 463 tionis
508 401 621 475 ejus
649 403 845 458 celebrl
877 402 1161 456 donatione
1188 402 1532 466 contulimus,
1556 410 1610 457 et
1632 408 1891 472 perpetuo
1918 404 1969 462 Α
1996 399 2193 454 bilibus
2231 400 2397 454 divini
2433 398 2610 456 cultus
2643 416 2828 457 amore
2875 396 3145 471 favemus,
3191 409 3409 477 superni
3452 424 3572 463 luu-

314 499 591 555 monachis
622 498 819 552 ibidem
852 497 963 550 Deo
992 496 1377 559 militantibus,
1412 495 1479 548 ali
1512 493 1894 563 possidendum

314 589 710 658 fruendumque
774 586 1145 643 concessimus
1210 595 1371 656 atque
1433 584 1891 640 conﬁrmavimus.

309 680 434 734 Ideo
463 685 641 732 autem
674 677 747 731 ita
780 677 899 731 ﬁeri
931 676 1127 731 debere
1157 675 1479 729 rationabile
1502 674 1891 751 indicavimus,

309 776 368 820 ιιι
400 767 526 835 quia
562 767 848 822 constabat
882 765 1197 836 praedictum
1238 765 1413 819 locum
1459 780 1525 818 ex
1576 763 1892 819 monasterii

304 856 503 926 prioris
530 855 775 912 Corbelm
802 855 1088 910 monachis
1116 860 1483 909 constructum
1513 870 1655 919 esse,
1684 863 1741 909 et
1767 853 1893 923 quia

307 950 360 1003 in
393 949 541 1004 omni
573 949 691 1004 loco
723 965 815 1002 um
840 947 1075 1007 .Donlino
1111 945 1364 1007 servitur,
1397 946 1489 999 uni
1532 946 1663 1017 Regi
1696 946 1896 1000 milita-

308 1049 418 1105 tur,
469 1038 692 1110 dignum
741 1047 859 1093 erat
905 1046 966 1093 ut
1011 1031 1385 1107 possessiones
1431 1034 1535 1092 illa:
1580 1037 1894 1092 eorumdem

310 1131 705 1185 monachorum
765 1128 1041 1198 obsequiis
1101 1129 1530 1198 deputareutur,
1597 1128 1688 1198 qui
1752 1126 1893 1184 infra

308 1221 482 1290 ipsam
524 1217 863 1291 provinciam
902 1218 1147 1289 ejusdem
1181 1219 1495 1273 monasterii
1532 1218 1691 1291 primi
1726 1216 1897 1275 tediﬁ-

310 1318 527 1365 catores
555 1318 612 1364 et
641 1317 901 1379 perpetuo
933 1309 1267 1364 habitatores
1296 1310 1351 1363 in
1380 1309 1771 1380 omnipotentis
1799 1312 1891 1366 Dei

308 1392 534 1454 servitio
560 1400 661 1455 sub
688 1408 873 1455 sancta
902 1399 1087 1469 regula
1114 1400 1353 1479 deputati
1383 1399 1551 1456 fuisse
1576 1412 1891 1457 noscuntur.

306 1485 442 1541 Nam
473 1488 519 1542 si
548 1486 689 1542 forte
719 1487 842 1563 talis
874 1498 1020 1543 esset
1049 1504 1215 1544 causa
1243 1498 1303 1544 ut
1332 1489 1472 1546 idem
1501 1490 1653 1546 locus
1681 1506 1749 1547 ex
1773 1507 1897 1563 pro-

307 1578 460 1649 priis-
494 1579 549 1633 in
594 1579 785 1633 eadem
831 1581 1110 1651 provincia
1158 1580 1260 1636 sibi
1310 1581 1520 1636 collatis
1567 1583 1898 1652 nequivisset

307 1668 603 1726 subsistere
638 1671 830 1737 rebus,
869 1672 1087 1742 dignum
1122 1680 1240 1727 erat
1275 1680 1337 1727 ut
1376 1674 1442 1728 de
1476 1673 1674 1744 prioris
1708 1690 1895 1729 mona-

2000 489 2147 543 lleris
2200 489 2400 544 donum
2453 490 2635 562 largiri
2688 507 2794 546 non
2849 493 3160 549 difﬁdimus.
3209 494 3419 552 Idcirco
3471 508 3569 552 no-

1997 580 2137 634 verit
2175 581 2416 636 omnium
2448 581 2683 638 ﬁdelium
2703 591 3038 647 nostrorum,
3065 595 3173 641 tam
3223 590 3570 659 praesentium

1995 684 2162 738 quam
2191 678 2248 724 et
2273 669 2577 726 futurorum
2599 713 2613 738 ,
2645 673 2913 744 sagacitas
2932 716 2946 739 ,
2974 675 3099 744 quia
3139 676 3326 732 adiens
3362 681 3574 736 sereni-

1997 765 2164 813 tatem
2196 760 2447 817 culminis
2476 763 2646 817 nostri
2675 762 3253 821 virreverentissimus
3276 766 3577 823 Adalardus

1996 849 2168 905 abbas
2206 864 2272 905 ex
2317 853 2651 908 monasterio
2693 852 2950 917 Corbeia,
2997 856 3141 925 quod
3178 856 3230 912 cl
3273 857 3474 912 dudum
3520 860 3574 913 in

1993 939 2276 1007 provincia
2307 939 2579 996 Saxonica
2605 942 2672 997 ad
2696 952 3050 1013 augmentum
3081 946 3348 1002 mercedis
3378 955 3578 1003 nostra:

1995 1042 2064 1084 ex
2093 1045 2232 1085 novo
2264 1041 2582 1087 construere
2605 1032 2866 1103 iussimus
2896 1049 3059 1105 super
3086 1034 3306 1091 ﬂuvium
3340 1035 3575 1103 Wisera,

1998 1121 2052 1175 in
2082 1122 2207 1176 villa
2237 1123 2421 1194 regia,
2454 1124 2511 1177 in
2542 1123 2661 1179 loco
2704 1135 3052 1195 nuncupante
3093 1125 3294 1181 dudum
3337 1127 3573 1189 Hmtori,

1998 1212 2239 1269 dicatum
2281 1215 2335 1269 in
2374 1215 2580 1271 honore
2617 1217 2790 1272 sancti
2825 1216 3085 1287 Stephani
3126 1220 3574 1290 protomartyris,

1998 1306 2266 1375 suggessit
2308 1306 2707 1361 mansuetudini
2752 1315 2980 1374 nostrae,
3021 1317 3083 1363 ut
3119 1309 3261 1363 idem
3302 1318 3576 1365 monaste~

1998 1396 2138 1449 rium
2183 1407 2239 1452 et
2278 1398 2571 1453 monachos
2612 1398 2809 1454 ibidem
2850 1413 2951 1470 per
2987 1408 3231 1471 tempora
3277 1400 3572 1473 degentes,

1997 1502 2120 1541 cum
2150 1487 2315 1542 rebus
2340 1496 2395 1543 et
2422 1488 2731 1543 hominibus
2748 1530 2761 1553 ,
2792 1504 2900 1545 non
2928 1490 3101 1545 solum
3131 1492 3232 1547 sub
3259 1500 3444 1548 nostra
3470 1494 3575 1548 tui-

1998 1579 2143 1633 tione
2191 1586 2247 1634 et
2291 1578 2605 1635 defensione
2647 1580 3134 1648 eonstitueremus,
3175 1598 3365 1639 verum
3409 1586 3575 1640 etiam

1997 1678 2053 1724 et
2080 1670 2243 1725 talem
2275 1670 2670 1726 immunitatem
2702 1670 2818 1725 ﬁeri
2842 1669 3180 1753 juberemus,
3210 1674 3427 1742 qualem
3454 1690 3574 1729 om-

311 1761 468 1817 stcrii
494 1756 657 1818 rebus
676 1802 691 1829 ,
717 1762 1066 1834 benignitatis
1093 1781 1188 1821 seu
1213 1766 1498 1823 cbaritatis
1520 1783 1707 1835 causa,
1734 1779 1891 1840 prout

1999 1772 2097 1813 nes
2131 1758 2376 1813 ecclesiae
2404 1760 2458 1813 in
2490 1759 2719 1814 Francia
2750 1759 2971 1815 habent.
3014 1748 3179 1829 Cujus
3217 1763 3465 1832 petitioni
3496 1764 3578 1819 di-

308 1866 372 1907 ex
405 1840 640 1924 utraque
665 1865 819 1926 parte
849 1856 1244 1914 rationabiliter
1268 1874 1390 1915 esse
1416 1844 1712 1930 potuisset,
1745 1862 1894 1934 larga

312 1956 505 1997 manus
528 1943 733 2015 porrigi
763 1945 1035 2003 debuisset
1061 1965 1081 2007 :_
1108 1958 1311 2017 quanto
1349 1951 1522 2029 magis
1560 1951 1627 2007 de
1663 1953 1750 2007 his
1777 1968 1896 2023 quae

310 2028 451 2087 infra
490 2034 735 2089 eamdem
769 2036 1102 2105 provinciam
1142 2038 1385 2104 collatae,
1426 2028 1488 2095 ut
1525 2041 1728 2096 dictum
1769 2050 1852 2097 est
1877 2085 1893 2109 ,

310 2122 463 2193 prius
506 2121 675 2179 fuisse
714 2135 1031 2191 noscuntur,
1082 2143 1206 2182 cum
1246 2129 1393 2183 omni
1435 2130 1769 2203 benignitate
1808 2148 1896 2187 ar-

311 2213 629 2270 dentissimo
691 2215 975 2272 charitatis
1029 2216 1227 2273 allecto
1286 2218 1523 2289 largiri?
1578 2219 1895 2279 Statuentes

312 2306 478 2361 etiam
507 2306 879 2372 decernimus,
912 2315 1076 2376 atque
1100 2322 1198 2376 per
1212 2304 1322 2362 'hos
1365 2309 1670 2379 imperiales
1713 2313 1894 2381 apices

314 2399 591 2452 sancimus
609 2439 622 2462 ,
652 2406 713 2452 ut
740 2397 1176 2468 quandoquidem
1203 2398 1383 2453 divina
1409 2401 1691 2456 vocatione
1729 2403 1894 2458 abbas

309 2486 554 2555 priedicti
580 2486 898 2542 monasterii
922 2485 988 2542 de
1011 2487 1113 2541 hac
1136 2486 1257 2543 luce
1282 2487 1597 2558 migraverit
1613 2530 1627 2554 ,
1656 2492 1893 2558 quandiu

312 2574 413 2644 ipsi
442 2575 692 2630 monachi
724 2577 867 2631 inter
907 2592 964 2632 se
1011 2576 1146 2631 tales
1193 2577 1438 2633 invenire
1485 2581 1758 2648 potuerint
1801 2584 1891 2652 qui

312 2663 487 2732 ipsam
516 2665 990 2735 congregationem
1016 2666 1308 2721 secundum
1333 2669 1573 2737 regulam
1599 2672 1772 2725 sancti
1796 2673 1893 2726 Bc-

310 2756 512 2811 nedicti
543 2771 731 2826 regere
754 2756 1001 2823 valeant,
1033 2771 1128 2828 per
1160 2758 1299 2814 hanc
1329 2770 1569 2815 nostram
1598 2763 1893 2817 auctorita-

314 2855 423 2900 tem
451 2854 506 2901 et
533 2862 854 2902 consensum
882 2847 1157 2904 licentiam
1190 2851 1423 2907 habeant
1451 2852 1683 2923 eligendi
1726 2853 1890 2908 abba-

314 2945 396 2991 tes
424 2955 437 2990 :
470 2948 737 3008 quatenus
767 2940 913 3009 ipsos
942 2956 1127 2997 servos
1157 2942 1249 2997 Dei
1282 2944 1374 3012 qui
1408 2943 1607 2999 ibidem
1639 2943 1749 2999 Deo
1791 2945 1891 2998 nli-

314 3027 499 3093 litant,
531 3045 631 3099 pro
660 3030 847 3095 nobis,
878 3030 1105 3103 conjuge
1125 3074 1140 3099 ,
1170 3034 1429 3105 proleque
1458 3044 1646 3091 nostra
1681 3045 1738 3091 et
1778 3045 1890 3092 sta-

1999 1863 2158 1919 gnum
2197 1857 2252 1903 et
2285 1849 2584 1918 proﬁcuum
2621 1850 2962 1920 iudicantes,
3008 1852 3151 1908 hanc
3192 1855 3572 1911 auctoritatem

1998 1940 2356 1994 immunitatis
2398 1955 2525 2011 erga
2570 1940 2890 2012 praedictum
2934 1944 3325 2001 monasterium
3370 1946 3576 2002 Cerbe-

1996 2029 2098 2099 gite
2135 2028 2360 2100 ejusque
2399 2038 2641 2086 rectores
2678 2029 2797 2085 ﬁeri
2822 2030 3117 2101 iussimus,
3148 2048 3248 2105 per
3284 2042 3446 2107 quam
3478 2038 3575 2093 de-

1996 2121 2271 2176 cernimus
2311 2128 2475 2192 atque
2496 2119 2750 2189 iubemus
2786 2132 2846 2178 ut
2873 2124 3052 2181 nullus
3087 2124 3253 2195 iudex
3292 2129 3575 2200 publicus,

1996 2209 2081 2263 vel
2110 2209 2340 2279 quilibet
2364 2226 2429 2267 ex
2454 2212 2741 2283 iudiciaria
2769 2223 3062 2285 potestate,
3094 2216 3149 2272 in
3181 2220 3459 2289 ecclesias,
3487 2232 3581 2278 aut

1996 2297 2112 2353 loca
2134 2340 2148 2365 ,
2174 2301 2259 2356 vel
2290 2315 2451 2370 agros
2468 2344 2483 2369 ,
2510 2320 2606 2359 seu
2633 2306 2870 2377 reliquas
2898 2311 3271 2378 possessiones
3294 2319 3578 2371 memorati

1998 2390 2350 2454 monasterii,
2392 2405 2528 2460 quas
2569 2396 2822 2461 praesenti
2868 2403 3111 2466 tempore
3150 2401 3207 2454 in
3252 2402 3581 2471 quibuslibet

1994 2481 2148 2550 pagis
2179 2492 2233 2536 et
2262 2484 2554 2539 territoriis
2582 2486 2776 2549 habet,
2808 2488 2892 2542 vel
2931 2490 3187 2560 deinceps
3225 2492 3423 2549 ibidem
3462 2496 3576 2551 col-

1975 2551 2120 2624 ἰιιιςιυ
2149 2571 2383 2637 iuerint,
2415 2574 2483 2628 ad
2513 2587 2707 2629 causas
2729 2575 3017 2645 iudiciario
3053 2551 3206 2634 more
3244 2582 3540 2639 audiendas
3559 2624 3575 2646 .

1994 2660 2081 2715 vel
2115 2659 2263 2717 freda
2293 2663 2556 2734 exigenda
2577 2706 2591 2729 ,
2624 2673 2719 2719 aut
2742 2668 3049 2723 mansiones
3068 2709 3083 2734 ,
3114 2671 3200 2725 vel
3228 2681 3450 2741 paratas
3489 2674 3574 2728 fa-

1995 2751 2248 2819 ciendas,
2305 2762 2402 2808 aut
2448 2755 2794 2827 ﬁdeiussores
2843 2758 3141 2826 tollendos,
3187 2772 3281 2818 aut
3326 2766 3575 2823 homines

1996 2843 2167 2914 ipsius
2222 2847 2575 2913 monasterii,
2619 2855 2730 2903 tam
2777 2848 3041 2921 ingenuos
3099 2868 3262 2923 quam
3302 2863 3360 2911 et
3400 2855 3575 2913 lentus

1994 2934 2425 3009 distringendos,
2476 2949 2570 2994 aut
2609 2939 2747 2996 ullas
2790 2938 3191 3000 redhibitioues'
3222 2954 3314 3000 aut
3353 2946 3575 3004 illicitas

1995 3029 2313 3084 occasiones
2355 3030 2735 3100 remlirendas,
2781 3031 2891 3087 ullo
2932 3047 3170 3103 unquam
3210 3043 3453 3105 tempore
3494 3038 3576 3092 in-

313 3091 765 3189 biIitate-impcrii
798 3122 967 3176 nostri
989 3091 1196 3192 iugiter
1222 3091 1431 3180 Doniini
1463 3126 1887 3184 misericordiam

1995 3118 2145 3187 gredi
2173 3119 2401 3183 audeat,
2434 3091 2518 3175 vel
2546 3134 2610 3175 ea
2640 3091 2760 3190 qua:
2796 3136 2959 3193 supra
3322 3091 3575 3198 suntpe-

312 3225 542 3268 exorare
570 3213 816 3270 delectet.
845 3214 954 3271 Sed
980 3226 1037 3273 et
1063 3218 1167 3274 hoc
1190 3220 1394 3290 placuit
1417 3224 1575 3280 nobis
1601 3225 1725 3281 huic
1754 3226 1893 3283 inse-
1990 3208 2139 3263 ηίιηε
2163 3210 2380 3280 exigere
2402 3221 2733 3281 praesumat:
2760 3214 2852 3269 sed
2877 3213 3036 3269 liceat
3057 3225 3360 3274 memorato
3382 3219 3574 3275 abbati

315 3316 435 3356 rere
464 3306 771 3359 auctoritati
797 3346 812 3370 ,
843 3315 902 3360 ut
932 3306 1206 3364 licentiam
1249 3312 1485 3368 habeant
1521 3324 1764 3373 rectores
1791 3317 1890 3373 hu-

315 3391 474 3461 iusce
506 3399 816 3452 monasterii
855 3416 977 3455 cum
1010 3401 1340 3472 quibuslibet
1368 3408 1673 3467 hominibus
1704 3412 1889 3469 liberis

315 3482 407 3540 res
445 3494 500 3542 et
528 3483 805 3560 mancipia
847 3492 1092 3563 legaliter
1133 3506 1509 3556 commutare:
1544 3502 1790 3559 videlicet
1830 3514 1889 3560 ut

315 3578 572 3648 quidquid
597 3580 742 3649 juste
771 3592 826 3638 ct
857 3586 1245 3643 rationabiliter
1269 3606 1395 3659 pars
1418 3593 1573 3648 alteri
1598 3596 1890 3652 contulerit

312 3669 473 3737 parti,
494 3686 592 3740 per
613 3674 751 3727 hanc
773 3683 1011 3729 nostram
1037 3680 1418 3735 aucturitatem
1432 3683 1556 3752 iure
1579 3686 1889 3743 ﬁrmissimo

315 3763 535 3812 teneant
560 3768 722 3829 atque
749 3763 1058 3830 possideant
1083 3780 1097 3829 ;
1129 3775 1184 3819 et
1205 3768 1464 3838 quidquid
1489 3773 1683 3828 exinde
1712 3774 1890 3832 facere

312 3848 620 3913 voluerint,
667 3851 834 3905 libero
874 3852 928 3907 in
973 3856 1224 3911 omnibus
1271 3859 1619 3929 perfruantur
1665 3865 1891 3923 arbitrio

313 3933 551 3991 faciendi
594 3938 852 4007 quidquid
894 3942 1174 4013 elegerint.
1225 3945 1295 4001 Et
1335 3957 1394 4003 ut
1437 3947 1551 4007 hinc
1596 3956 1892 4011 auctoritas

314 4025 619 4096 largitionis
659 4036 820 4097 atque
846 4030 1288 4091 conﬁrmationis
1332 4047 1531 4096 nostra:
1569 4058 1668 4112 per
1708 4043 1890 4100 futura

1989 3298 2210 3367 Suisque
2230 3300 2634 3356 successoribus
2653 3302 2893 3372 przedicti
2914 3306 3232 3360 monasterii
3257 3308 3359 3363 sub
3370 3308 3567 3363 immu-

1990 3390 2179 3446 uitatis
2204 3401 2402 3448 nostra:
2417 3392 2729 3450 defensione
2757 3409 2845 3450 res
2864 3410 3043 3467 agerc,
3071 3398 3256 3468 quieto
3279 3401 3475 3457 ordine
3494 3402 3574 3457 vi-

1991 3495 2117 3536 vere
2138 3490 2192 3537 et
2215 3483 2455 3539 residere
2487 3502 2499 3538 :
2525 3490 2580 3539 et
2601 3485 2858 3556 quidquid
2881 3487 3079 3542 exinde
3094 3487 3189 3557 ius
3208 3490 3330 3547 ﬁsci
3353 3494 3574 3563 exigere

1988 3580 2232 3641 poterat,
2276 3580 2450 3629 totum
2487 3584 2544 3629 et
2580 3576 2647 3630 ad
2687 3577 2955 3646 integrum
2998 3592 3098 3633 nos
3126 3592 3228 3647 pro
3253 3588 3455 3637 aeterna
3486 3597 3572 3639 re-

1989 3659 2286 3715 tributione
2312 3662 2379 3717 ad
2406 3678 2674 3732 pauperes
2714 3665 2964 3729 alendus,
2996 3674 3051 3719 et
3078 3665 3363 3723 luminaria
3394 3671 3570 3726 eidem

1990 3752 2322 3806 monasterio
2362 3754 2735 3809 concinnanda
2760 3756 3147 3811 concedimus:
3193 3756 3427 3828 qualiter
3455 3774 3572 3817 mo-

1990 3842 2152 3895 nachi
2196 3842 2395 3898 ibidem
2433 3845 2689 3914 degentes
2727 3861 2826 3915 pro
2867 3846 3026 3901 nobis
3052 3847 3313 3920 proleque
3343 3860 3527 3909 nostra
3550 3896 3563 3918 ,

1991 3940 2153 4003 atque
2181 3942 2324 3989 statu
2355 3935 2522 3991 totius
2552 3939 2722 3992 nostri
2752 3938 2963 4007 imperii
2996 3942 3150 3997 nobis
3176 3942 3242 3997 ad
3272 3944 3565 4017 regendum

1991 4028 2299 4093 commissi,
2337 4029 2549 4085 Domini
2580 4031 3006 4089 misericordiam
3038 4039 3299 4098 attentius
3338 4050 3568 4102 exorare

316 4125 557 4185 tempora
587 4117 950 4174 inviolabilem
972 4122 1213 4179 obtineat
1235 4126 1747 4199 ﬁrmitatem,manu
1773 4151 1894 4206 pro-
1990 4119 2237 4175 delectet
2268 4120 2378 4176 Sed
2408 4131 2462 4178 ει
2490 4123 2593 4178 hoc
2621 4123 2821 4193 [ιιτιοιιίι
2848 4125 3004 4181 nobis
3032 4128 3159 4184 huic
3188 4130 3427 4189 inserere
3465 4150 3567 4193 au-

313 4207 431 4275 pria
460 4209 649 4264 subter
674 4208 1027 4276 ﬁrmavimus,
1053 4222 1107 4267 et
1132 4218 1312 4273 annuli
1340 4220 1519 4276 nostri
1538 4224 1891 4295 impressione

1995 4211 2258 4276 ctoritati,
2289 4220 2350 4268 ut
2375 4212 2651 4269 licentiam
2677 4214 2910 4272 habeant
2937 4226 3175 4277 rectores
3199 4222 3425 4293 huiusce
3452 4242 3569 4283 mo-

294 4297 514 4368 signari
539 4299 821 4370 iussimus.

386 4385 609 4457 Signum
638 4389 889 4449 Ludovici
918 4399 1248 4457 serenissimi
1280 4402 1643 4475 imperatoris.

385 4479 959 4576 Durandusdiaconus
988 4491 1055 4547 ad
1084 4493 1255 4550 vicem
1297 4498 1558 4571 Fridugisi
1601 4509 1888 4576 recognovi

311 4579 369 4623 et
392 4572 706 4643 subscripsi.
754 4576 886 4633 Data
915 4595 965 4634 vl
994 4581 1110 4638 Kal.
1153 4585 1450 4656 Augustas,
1484 4606 1643 4658 anno,
1673 4572 1889 4651 Christo

311 4663 570 4730 propitio,
602 4666 670 4720 10
716 4669 925 4740 imperii
978 4673 1160 4729 domui
1210 4675 1468 4735 Ludovici
1506 4682 1733 4750 piissimi
1780 4685 1891 4741 Au-

311 4757 454 4825 gusti
474 4798 488 4821 ,
520 4758 810 4817 indictione
837 4764 1030 4833 prima.
1062 4765 1254 4821 Actum
1298 4769 1646 4841 Ingelinlleim
1688 4779 1888 4846 palatio

313 4847 494 4918 regio,
527 4850 579 4904 in
610 4850 704 4909 Dei
737 4855 954 4909 nomine
982 4854 1234 4914 feliciter.
1268 4860 1460 4917 Amen.

1017 4965 1190 5025 CXIII.

528 5089 628 5130 PRO
651 5092 986 5138 llONAS‘I‘ERIO
1009 5099 1316 5143 CORBEIENSI
1350 5105 1400 5143 IN
1424 5106 1668 5149 SAXONIA.

905 5193 923 5265 (
946 5193 1095 5250 Anno
1122 5197 1245 5253 825.
1269 5198 1289 5271 )

366 5295 566 5379 [Αριιά
596 5299 795 5356 Μεὴιιι..
816 5344 831 5370 ,
862 5305 927 5359 de
957 5305 1034 5362 Re
1061 5309 1402 5380 dtplomatica
1422 5354 1435 5379 ,
1462 5320 1601 5386 'pag.
1645 5318 1766 5372 551.
1793 5321 1813 5391 ]

380 5405 439 5459 In
486 5411 704 5469 nomine
749 5412 963 5471 Domini
1008 5418 1101 5474 Dei
1141 5430 1197 5477 et
1239 5422 1539 5482 Salvatoris
1566 5432 1733 5484 nostri
1761 5429 1884 5487 Iesu

306 5496 552 5565 Christi,
608 5500 945 5570 Ludovicus,
1003 5510 1182 5564 divina
1234 5514 1519 5569 ordinante
1558 5516 1881 5586 clementia,

309 5588 604 5657 imperator
631 5595 924 5667 Augustus.

378 5680 514 5736 Cum
547 5687 900 5754 petitionibus
928 5706 1209 5748 servomm
1239 5695 1332 5750 Dei
1367 5695 1531 5765 justis
1565 5709 1617 5753 et
1652 5701 1886 5757 rationa-

670 5799 941 5861 PA'rum..
989 5802 1145 5865 CIV.

1911 4444 1969 4509 D

1990 4302 2213 4357 nasterii
2258 4318 2382 4357 cum
2427 4304 2755 4374 quibuslibet
2796 4307 3104 4367 hominibus
3150 4312 3333 4370 liberis
3379 4332 3468 4374 res
3512 4327 3570 4374 et

1993 4393 2260 4463 mancipia
2288 4393 2535 4462 iegaiiter
2562 4405 2913 4465 commutare,
2944 4400 3196 4459 videlicet
3218 4410 3279 4460 ut
3306 4408 3566 4480 quidquid

1989 4483 2135 4553 iuste
2175 4492 2229 4538 et
2269 4485 2666 4541 rationabiliter
2700 4502 2829 4558 pars
2869 4490 3025 4545 alteri
3067 4496 3362 4552 contulerit
3388 4502 3563 4569 parti,

1990 4586 2089 4641 per
2120 4574 2259 4629 hanc
2291 4585 2531 4630 nostram
2564 4579 2943 4634 auctoritatem
2980 4581 3103 4652 iure
3134 4582 3444 4643 ﬁrmissimo
3488 4599 3566 4645 tc-

1993 4673 2155 4719 ueant
2195 4675 2356 4736 atque
2402 4670 2749 4737 possideant:
2794 4679 2847 4726 et
2876 4670 3135 4745 quidquid
3163 4678 3357 4733 exinde
3388 4680 3567 4737 facere

1991 4753 2291 4822 voluerint,
2343 4757 2513 4813 libero
2562 4759 2615 4813 in
2662 4762 2913 4816 omnibus
2953 4764 3308 4833 perfruantur
3333 4770 3563 4827 arbitrio

1992 4843 2221 4900 faciendi
2272 4848 2529 4917 quidquid
2575 4849 2857 4921 elegerint.
2909 4854 2976 4909 Et
3014 4863 3072 4908 ut
3118 4856 3235 4913 haec
3269 4869 3565 4919 auctoritas

1991 4935 2348 4993 immanitatis
2376 4949 2537 5008 atque
2564 4942 2991 4999 conﬁrmationis
3014 4954 3216 5002 nostra:
3251 4962 3355 5017 per
3383 4949 3565 5010 futura

1992 5035 2230 5098 tempora
2286 5031 2647 5088 inviolabilem
2699 5036 2940 5091 obtineat
2992 5037 3342 5107 ﬁrmitatem,
3399 5056 3562 5101 manu

1990 5120 2205 5189 propria
2235 5122 2421 5177 subter
2452 5122 2807 5191 ﬁrmavimus,
2829 5136 2893 5181 et
2920 5128 3102 5183 annuli
3136 5131 3307 5186 nostri
3335 5133 3562 5205 impres-

1988 5213 2138 5268 sione
2162 5213 2362 5283 signari
2384 5216 2666 5285 iussimus.

2059 5322 2283 5392 Signum
2311 5325 2565 5383 Ludovici
2596 5330 2929 5385 serenissimi
2958 5331 3321 5401 imperatoris.

2057 5433 2344 5489 Durandus
2372 5435 2631 5493 diaconus
2660 5441 2725 5495 ad
2755 5442 2927 5497 vicem
2970 5443 3239 5517 Fridugisi
3267 5453 3557 5524 recognovi

1987 5530 2045 5576 et
2077 5523 2395 5594 subscripsi.

2010 5657 2017 5663 .
2057 5604 2194 5664 Data
2221 5626 2273 5664 Vl
2295 5611 2514 5669 Kalend.
2533 5613 2777 5685 Augusti,
2800 5635 2964 5687 anno,
2981 5622 3195 5681 Christo
3212 5629 3463 5699 propitio,
3493 5631 3563 5686 ω

1990 5698 2202 5757 itattlerii
2231 5701 2410 5757 domui
2442 5702 2696 5762 Ludovici
2724 5710 2954 5781 piissimi
2982 5714 3235 5786 Augusti,
3268 5719 3564 5778 indictione

3126 5831 3201 5893 36
