3996 6178
473 207 613 263 “lilii

1608 212 1926 271 LUDOVICI
1967 214 1986 268 Ι
2024 210 2494 271 COGNOMENTO
2534 214 2617 270 PII

3600 219 3727 274 ΗΒΞ

471 329 672 397 prima.
720 326 912 382 Actum
955 327 1292 399 lng’ilinhcim
1337 328 1635 399 palatio,in
1681 331 1773 384 Dei
1839 331 2055 386 nomine
2084 328 2229 391 Aob
2288 342 2527 383 amorem
2571 328 2663 382 Dei
2713 336 2766 380 et
2816 326 3170 380 reverentiam
3213 324 3268 379 S.
3323 325 3537 381 Martini
3591 331 3734 384 circa

467 415 726 472 feliciter.
757 416 950 472 Amen.

1166 511 1348 569 CXIV.

817 619 914 658 PRO
955 617 1293 660 IOHASTERIO
1334 619 1709 659 TRAJECTENSI.

1081 690 1254 764 (Anno
1293 691 1444 762 823.)

471 785 660 858 [Apud
685 785 908 848 l-ledam,
954 785 1302 856 Episcopatus
1343 785 1692 856 Trajectensis
1717 828 1730 851 ,
1781 805 1901 860 pag.
1928 789 2051 861 45.]

538 877 598 930 in
645 875 863 930 nomine
897 874 1111 928 Domini
1140 875 1235 929 Dei
1285 884 1340 931 et
1375 875 1674 931 Salvatoris
1713 879 1885 932 nostri
1926 878 2054 935 Jesu

465 967 689 1034 Christi,
712 967 1034 1031 Ludovicus,
1053 967 1233 1022 divina
1259 968 1546 1024 ordinante
1559 968 1919 1040 providentia,
1955 972 2054 1028 im-

464 1065 685 1131 perator
709 1056 1003 1128 Augustus.
1519 1127 1532 1134 δ

535 1149 872 1218 lmperialem
895 1148 1269 1204 celsitudinem
1280 1149 1434 1206 decet
1451 1151 1904 1220 pradecessorum
1929 1168 2052 1209 suo-

465 1256 587 1296 rum
612 1242 700 1310 pia
731 1239 870 1295 facta
913 1256 1022 1296 non
1071 1241 1243 1296 solum
1274 1242 1659 1298 inviOlabiliter
1687 1259 2012 1300 conservare
2035 1285 2049 1309 ,

464 1333 562 1388 sed
591 1335 754 1389 etiam
776 1347 1019 1388 censura
1045 1347 1157 1387 sua
1183 1333 1507 1388 auctoritate
1529 1334 1873 1390 confirmare.
1901 1335 2050 1390 Unde

465 1426 676 1480 noverit
707 1423 978 1480 .industria
1008 1438 1102 1478 seu
1128 1423 1397 1493 sagacitas
1416 1427 1659 1480 omnium
1684 1425 1924 1482 ﬁdelium
1954 1440 2050 1480 no-

463 1524 724 1581 strorum,
749 1524 857 1570 tam
888 1515 1234 1586 prasentium
1285 1530 1448 1585 quam
1471 1524 1528 1572 et
1564 1515 1890 1583 futurorum,
1924 1517 2048 1587 quia

466 1606 741 1660 Rixfridus
794 1604 1127 1677 [Rixfredus]
1158 1606 1481 1662 venerabilis
1530 1606 1630 1671 vir,
1662 1605 1874 1662 Veteris
1907 1607 2033 1662 Tra-

460 1696 588 1766 jecti
626 1695 869 1750 ecclesia
909 1695 1213 1764 episcopus,
1245 1711 1366 1765 qua
1393 1705 1476 1752 est
1529 1705 1841 1752 constructa
1869 1697 1926 1752 in
1948 1697 2047 1752 bo-

463 1803 595 1842 nore
620 1785 679 1841 S.
723 1787 940 1841 Martini
973 1787 1330 1855 confessoris,
1355 1789 1443 1844 vel
1484 1798 1803 1846 caterorum
1832 1800 2049 1846 sancto-

462 1893 604 1944 rum,
637 1876 830 1933 detulit
859 1878 1258 1933 mansuetudini
1282 1887 1483 1935 nostrae
1529 1882 1791 1950 quasdam
1819 1883 2048 1938 auctori-

461 1976 601 2022 tates
643 1966 1086 2022 constitutionum
1114 2007 1129 2033 ,
1170 1967 1402 2036 qualiter
1439 1967 1697 2024 Dominus
1736 1978 1791 2024 et
1836 1971 2047 2041 genitor

460 2067 647 2113 noster
685 2054 932 2124 Carolus,
962 2057 1117 2113 bona
1153 2058 1463 2124 memoria,
1507 2059 1781 2129 piissimus
1808 2061 2044 2132 impera-

449 2155 546 2202 tor
566 2146 729 2216 Λαίς..
749 2154 805 2202 et
831 2161 964 2202 avus
983 2154 1167 2202 noster
1193 2145 1453 2215 Pippinus
1475 2157 1532 2202 et
1555 2157 1925 2206 antecessores
1949 2167 2043 2207 eo-

459 2259 579 2298 rum
625 2243 695 2299 ad
722 2244 896 2314 ipsam
925 2242 1210 2300 ecclesiam
1233 2243 1632 2299 concessissent
1657 2261 1872 2301 omnem
1897 2248 2043 2304 deci-

457 2349 634 2400 mam,
661 2333 727 2389 de
749 2332 1052 2402 mancipiis,
1077 2332 1259 2398 terris,
1288 2347 1353 2388 ac
1376 2333 1443 2388 de
1467 2333 1698 2400 teloniis,
1727 2336 1812 2390 vel
1839 2337 1906 2391 de
1946 2354 2046 2394 ne-

453 2429 624 2498 gotio,
650 2425 737 2484 vel
758 2426 824 2482 de
843 2425 995 2482 omni
1022 2441 1100 2492 re,
1128 2425 1486 2496 undecunque
1515 2426 1584 2486 ad
1611 2437 1819 2496 partem
1840 2430 2044 2500 regiam

447 2521 620 2576 ‘flscus
642 2517 898 2575 telonium
921 2517 1141 2588 exigere
1183 2523 1276 2570 aut
1310 2516 1557 2586 accipere
1578 2517 1882 2584 videbatur,
1907 2526 1961 2573 et
1986 2523 2043 2573 ut

456 2611 710 2666 homines
747 2607 990 2678 ejusdem
1020 2606 1264 2664 ecclesia
1293 2607 1394 2663 sub
1421 2607 1780 2663 mundiburdo
1811 2620 1836 2648 ι
1869 2617 1924 2663 et
1941 2610 2043 2664 tui-

459 2703 609 2758 tione
628 2701 796 2772 ipsius
818 2699 1062 2756 ecclesia:
1081 2699 1401 2764 existerent,
1419 2714 1520 2758 nec
1540 2715 1645 2754 non
1671 2708 1725 2755 et
1745 2701 1800 2755 in
1829 2702 1962 2771 ripis
1988 2703 2041 2756 in

451 2791 780 2856 Dorestado,
801 2796 863 2844 ut
895 2802 997 2845 nec
1019 2786 1258 2843 bannum
1287 2788 1314 2829 δ
1340 2795 1433 2842 aut
1476 2786 1686 2844 fredum
1715 2801 1762 2856 ε,
1793 2798 1888 2845 aut
1915 2806 2043 2847 con-

449 2881 657 2951 jectum
694 2878 744 2946 ἀ,
777 2879 923 2950 quod
951 2876 1020 2932 ab
1046 2877 1180 2948 ipsis
1207 2877 1441 2932 venalia:
1473 2876 1744 2950 [geschot]
1775 2888 2002 2936 vocatur
2022 2921 2037 2947 ,

456 2971 770 3044 contingere
797 2976 894 3025 aut
913 2977 1170 3025 exactare
1209 2977 1583 3040 prasumeret,
1605 2979 1660 3026 et
1680 2973 1927 3042 quisquis
1973 2989 2040 3030 ex
2071 3020 2114 3044 μ

455 3063 883 3134 nogotiatoribus
911 3062 967 3117 in
987 3077 1174 3116 eorum
1201 3061 1349 3131 ripas
1377 3061 1581 3117 intrare
1609 3063 1899 3129 voluisset,
1922 3066 2042 3121 nul—

453 3153 563 3208 lam
585 3151 986 3210 contentionem
1014 3165 1078 3206 ex
1110 3152 1211 3206 hoc
1239 3149 1459 3208 fecisset
1485 3152 1585 3216 eis,
1612 3167 1714 3208 nec
1729 3153 2040 3209 mansiones

451 3243 511 3297 in
539 3256 730 3300 eorum
762 3241 1043 3305 domibus,
1089 3240 1206 3294 sine
1235 3242 1502 3310 permissu
1544 3259 1734 3299 eorum
1791 3244 2041 3314 accipere

455 3331 737 3395 auderent,
762 3345 864 3386 nec
893 3344 1082 3384 eorum
1110 3344 1198 3384 res
1223 3330 1348 3384 dum
1387 3332 1644 3398 vixerint,
1677 3332 1912 3399 auferre,
1945 3343 2040 3390 aut

445 3430 576 3492 post
602 3429 833 3478 mortem
872 3435 1061 3477 eorum
1115 3422 1450 3492 contingere,
1485 3439 1586 3479 nec
1614 3423 1724 3479 ullo
1750 3425 1911 3480 modo
1959 3425 2039 3480 eis

449 3513 508 3567 in
539 3512 718 3580 aliqua
754 3527 815 3568 re
857 3511 1181 3566 calumniam
1207 3526 1468 3582 generare
1489 3515 1612 3583 quis
1661 3525 2033 3584 prasumeret,

447 3603 544 3675 qui
570 3604 624 3658 in
665 3603 752 3656 illa
780 3603 987 3658 decima
1014 3611 1188 3673 parte,
1213 3604 1296 3658 vel
1340 3606 1441 3660 sub
1478 3607 1842 3662 mundiburdo
1868 3609 2039 3664 eccle-

451 3697 547 3754 sia
577 3693 636 3750 S.
662 3693 878 3749 Martini
918 3695 1249 3761 consistunt;
1291 3696 1540 3752 videlicet
1579 3707 1638 3752 ut
1678 3698 1820 3753 sicut
1847 3699 1924 3754 illi
1968 3701 2037 3756 de

451 3787 558 3843 illis
580 3803 771 3843 novem
816 3785 1060 3858 partibus
1102 3787 1305 3858 aliquid
1349 3790 1595 3860 accipere
1635 3790 1719 3846 vel
1772 3805 2035 3861 usurpare

451 3892 552 3935 nec
572 3878 756 3942 velint,
793 3892 894 3934 nec
923 3879 1163 3948 possint;
1202 3879 1274 3933 ita
1301 3888 1356 3936 et
1383 3889 1764 3948 procuratores
1791 3897 1934 3952 resp.
1967 3883 2034 3939 de

451 3971 640 4026 eadem
665 3970 870 4025 decima
893 3978 1047 4039 parte
1073 3973 1318 4040 accipere
1338 3979 1431 4025 aut
1460 3987 1722 4042 usurpare
1746 3974 1814 4028 ad
1841 3974 2032 4030 ﬁscum

452 4075 556 4115 non
586 4068 938 4130 prasumant,
961 4060 1193 4130 qualiter
1213 4061 1406 4131 prasul
1435 4061 1602 4130 ipsius
1629 4063 1891 4130 ecclesia,
1908 4081 2030 4120 cum

447 4151 596 4206 omni
623 4151 768 4206 clero
791 4159 847 4207 et
872 4152 1065 4223 populo
1095 4152 1198 4207 sibi
1235 4152 1498 4221 subjecto,
1533 4155 1847 4212 alimoniam
1872 4158 2031 4213 mini-

445 4249 644 4303 strare,
666 4251 721 4296 et
743 4241 1030 4296 luminaria
1061 4241 1116 4296 in
1137 4243 1326 4297 eadem
1355 4244 1480 4299 sede
1499 4245 1837 4314 continuare,
1865 4259 2028 4319 atque

2159 417 2330 486 ipsam
2379 418 2663 473 ecclesiam
2700 416 2814 470 ﬁeri
2859 431 3223 471 censeremus.
3270 416 3433 488 Cujus
3492 422 3735 488 petitioni

2157 509 2343 564 libenti
2387 511 2567 564 animo
2616 523 2799 562 aurem
2840 507 3250 563 accommodare
3281 508 3501 576 placuit,
3557 519 3612 564 et
3647 527 3740 580 per

2158 605 2296 658 hanc
2330 609 2568 656 nostram
2607 599 2981 655 auctoritatem
3039 597 3381 663 conﬁrmare,
3417 607 3480 653 ut
3521 615 3739 656 omnem

2155 693 2452 757 decimam,
2502 700 2611 745 tam
2641 691 2706 744 de
2729 689 3012 760 mancipiis
3047 704 3207 758 quam
3232 689 3296 744 de
3320 689 3502 755 terris,
3533 701 3631 743 aut
3678 693 3743 745 de

2156 785 2373 847 telonio,
2407 793 2498 838 aut
2528 784 2593 836 de
2621 783 2855 854 negotio,
2884 783 2968 836 vel
3001 781 3356 851 undequaque
3415 784 3484 838 ad
3527 796 3741 852 partem

2155 875 2356 944 regiam
2379 874 2471 944 jus
2499 872 2614 927 ﬁsci
2639 889 2861 927 censum
2891 873 3109 944 exigere
3133 873 3312 938 debet,
3349 872 3434 928 vel
3469 873 3537 928 de
3563 876 3741 928 omni-

2153 963 2254 1018 bus
2278 977 2398 1032 qua
2424 976 2588 1032 supra
2638 960 2839 1030 scripta
2869 969 2996 1015 sunt
3022 959 3246 1030 prafata
3298 960 3532 1016 ecclesia
3566 960 3741 1018 libero

2154 1053 2206 1108 in
2226 1061 2544 1124 perpetuum
2572 1049 2696 1120 jure
2726 1050 3019 1120 possideat.
3052 1051 3121 1105 Et
3153 1066 3222 1106 ne
3263 1051 3387 1121 quis
3422 1052 3740 1123 contingere

2152 1153 2244 1199 aut
2275 1142 2530 1213 injustam
2576 1141 3063 1213 interpellationem
3093 1139 3272 1196 facere
3300 1151 3619 1212 prasumat,
3650 1146 3738 1198 sed

2151 1235 2293 1291 sicut
2324 1250 2355 1288 a
2379 1235 2600 1289 domino
2626 1234 2950 1304 imperatore
2972 1240 3027 1287 et
3053 1248 3152 1287 avo
3177 1242 3382 1298 nostro,
3411 1243 3466 1289 et
3497 1243 3741 1291 anteces-

2151 1331 2364 1386 soribus
2393 1328 2609 1399 regibus
2629 1343 2660 1382 a
2694 1326 2851 1384 nobis
2885 1343 2982 1398 per
3029 1327 3168 1381 hanc
3204 1327 3583 1383 auctoritatem
3615 1344 3740 1384 con-

2151 1422 2398 1477 stitutum
2425 1428 2512 1475 est
2556 1428 2717 1488 atque
2758 1416 3157 1483 conﬁrmatum,
3181 1417 3256 1472 ita
3302 1417 3448 1472 omni
3499 1430 3740 1490 tempore

2150 1513 2532 1569 inviolabiliter
2559 1519 2918 1576 conservetur
2945 1521 3107 1580 atque
3134 1509 3470 1566 custodiatur
3493 1552 3509 1576 ,
3550 1522 3741 1581 quate-

2151 1620 2252 1658 nus
2277 1603 2422 1673 ipsos
2447 1617 2634 1658 servos
2659 1601 2754 1656 Dei
2784 1601 2875 1670 qui
2907 1601 3109 1655 ibidem
3132 1600 3437 1656 consistunt
3476 1615 3604 1656 cum
3651 1617 3740 1657 eo-

2075 1675 2122 1734 B
2151 1712 2269 1750 rum
2302 1695 2586 1765 pontiﬁce,
2631 1703 2685 1749 et
2715 1693 2832 1749 illos
2855 1709 2990 1763 quos
3022 1711 3051 1747 a
3089 1692 3273 1764 gentili
3306 1693 3414 1747 ritu
3447 1693 3518 1748 ad
3539 1692 3738 1750 Christi

2145 1802 2332 1841 veram
2361 1792 2743 1840 converterunt
2774 1784 2954 1848 ﬁdem,
2997 1799 3095 1854 pro
3130 1782 3302 1847 nobis,
3331 1781 3580 1852 conjuge,
3615 1798 3736 1852 pro-

2146 1879 2300 1949 leque
2329 1888 2537 1945 nostra,
2570 1887 2626 1934 et
2661 1879 2806 1933 omni
2847 1878 3043 1948 populo
3071 1874 3379 1932 Christiano
3399 1873 3605 1946 jugitcr
3639 1877 3738 1930 mi-

2146 1969 2499 2025 sericordiam
2533 1969 2624 2023 Dei
2661 1984 2890 2024 exorare
2917 1968 3166 2023 delectet.
3200 1967 3267 2022 Et
3290 1977 3350 2022 ut
3377 1967 3494 2022 haec
3545 1975 3733 2021 aucto—

2145 2059 2278 2113 ritas
2333 2058 2525 2112 melius
2575 2057 2643 2112 ab
2682 2057 2931 2112 omnibus
2981 2057 3275 2121 credatur,
3321 2066 3377 2110 et
3423 2056 3734 2126 diligentius

2145 2156 2514 2212 conservetur,
2557 2162 2720 2200 manu
2748 2145 2964 2216 propria
2991 2145 3432 2217 subscripsimus,
3455 2155 3513 2201 et
3553 2147 3734 2200 annuli

2145 2240 2315 2295 nostri
2344 2239 2699 2308 impressione
2736 2239 2936 2310 signari
2964 2238 3210 2295 fecimus.

2215 2330 2441 2401 Signum
2469 2330 2725 2386 Ludovici
2753 2331 3087 2386 serenissimi
3113 2332 3477 2402 imperatoris.

2216 2426 2348 2480 Data
2372 2441 2482 2479 xvn
2510 2425 2734 2480 Kalend.
2764 2425 2983 2494 Aprilis,
3013 2441 3156 2481 anno
3192 2426 3278 2492 ll,
3310 2425 3530 2482 Christo
3557 2429 3735 2500 propi-

2147 2516 2241 2580 tio,
2274 2515 2484 2585 imperii
2517 2515 2725 2570 domini
2762 2515 3020 2571 Ludovici
3049 2517 3277 2587 piissimi
3314 2517 3559 2590 Augusti,
3590 2519 3736 2572 indi-

2145 2606 2322 2661 ctione
2368 2605 2622 2662 secunda.
2655 2605 2848 2661 Actum
2877 2607 3200 2678 Aquisgrani
3237 2609 3436 2679 palatio
3473 2610 3650 2681 regio,
3682 2610 3735 2664 in

2144 2697 2240 2753 Dei
2266 2699 2483 2756 nomine
2510 2697 2758 2754 feliciter.
2785 2698 2978 2755 Amen.

2215 2787 2527 2844 llelisachar
2549 2791 2883 2859 recognovit.

2856 2902 3016 2957 CXV.

2318 3012 2418 3052 PRO
2443 3013 2733 3053 GLONNENSI
2772 3014 2818 3052 S.
2859 3015 3148 3054 FLOBENTII
3186 3014 3546 3056 IONASTSIIO.

2763 3091 2938 3161 (Anno
2981 3089 3131 3162 824.)

2145 3177 2332 3250 [Apd
2360 3178 2580 3246 Mabill.,
2599 3180 2737 3234 Ann.
2765 3184 2881 3254 prd.
2906 3178 2969 3254 8ἐ
2983 3180 3209 3254 βεηεά..
3227 3190 3358 3254 tom.
3373 3183 3436 3248 1!,
3451 3197 3574 3254 pag.
3597 3186 3711 3242 759

2561 3267 2628 3304 ex
2669 3250 2892 3305 archivo
2932 3250 3275 3324 Glonncnsi.]

2210 3341 2268 3395 In
2306 3342 2525 3398 nomine
2568 3342 2780 3397 Domini
2830 3340 2924 3396 Dei
2963 3351 3018 3397 et
3061 3341 3356 3399 Salvatoris
3400 3345 3727 3404 nostriiesu

2140 3430 2364 3499 Christi,
2387 3431 2708 3497 Ludovicus,
2733 3433 2915 3487 divina
2936 3433 3223 3490 ordinante
3241 3437 3604 3505 providentia,
3630 3440 3728 3494 im-

2140 3531 2362 3591 perator
2385 3523 2682 3594 Augustus.

2211 3613 2269 3670 Si
2316 3630 2442 3686 erga
2485 3616 2601 3671 loca
2641 3617 2836 3673 divinis
2878 3618 3113 3674 cultibus
3160 3623 3463 3692 mancipata
3496 3638 3724 3696 propter

2138 3723 2378 3763 amorem
2404 3708 2497 3764 Dei
2525 3709 2748 3781 ejusque
2775 3711 2830 3764 in
2856 3711 3062 3767 eisdem
3096 3713 3229 3770 locis
3253 3717 3358 3772 sibi
3396 3717 3720 3775 famulantes

2137 3804 2398 3858 beneﬁcia
2422 3812 2724 3875 Opportuna
2753 3805 3034 3876 largimur,
3057 3809 3342 3877 praemium
3371 3812 3535 3867 nobis
3579 3815 3715 3884 apud

2137 3893 2306 3948 Deum
2349 3904 2568 3950 aterna
2611 3898 3064 3954 remunerationis
3111 3902 3333 3969 rependi
3373 3918 3482 3958 non
3527 3905 3718 3961 difﬁdi-

2135 4000 2274 4040 mus.
2297 3984 2502 4040 ldcirco
2540 3994 2729 4040 notum
2773 4002 2894 4042 esse
2935 3987 3183 4044 volumus
3221 3993 3434 4048 cunctis
3467 3993 3710 4051 ﬁdelibus

2133 4085 2334 4132 sancta
2358 4077 2452 4132 Dei
2477 4076 2732 4134 Ecclesia
2773 4087 2830 4133 et
2873 4080 3092 4146 nostris,
3125 4084 3484 4151 prasentibus
3509 4087 3712 4142 scilicet

2132 4175 2185 4223 et
2211 4167 2424 4232 futuris,
2454 4169 2581 4237 quia
2615 4171 2903 4240 quemdam
2945 4174 3311 4229 venerabilem
3339 4176 3522 4231 virum
3560 4177 3710 4233 Fret-

2129 4259 2345 4314 bertum
2384 4275 2508 4315 cum
2539 4264 2820 4317 monachis
2845 4265 2976 4327 suis,
3019 4281 3156 4334 quos
3193 4266 3250 4321 in
3291 4266 3448 4322 Italia
3490 4271 3710 4334 misera-

443 4330 675 4398 gentiles
720 4331 812 4399 qui
861 4331 929 4386 ad
957 4329 1414 4388 Christianitatem
1455 4343 1847 4390 convertuntur
1882 4337 2026 4393 alere
2051 4373 2104 4433 Ι)
2130 4366 2250 4406 mus
2275 4392 2289 4418 ,
2331 4352 2525 4408 “inde
2571 4355 2767 4409 reveni
2813 4329 3070 4424 fecimus"
3116 4367 3174 4413 ει
3216 4331 3592 4419 concessing
3633 4365 3707 4418 eis

436 4429 500 4474 et
529 4421 723 4477 docere
742 4421 932 4493 possit.
962 4419 1045 4478 0b
1071 4421 1382 4478 ﬁrmitatem
1409 4432 1587 4480 tamen
1613 4424 1772 4494 huius
1804 4429 1880 4482 rei
1929 4444 2025 4499 po—

444 4509 663 4565 stulavit
692 4525 725 4566 a
751 4511 907 4568 nobis
940 4513 1229 4584 pradictus
1259 4514 1542 4584 episcopus
1564 4556 1578 4580 ,
1625 4525 1686 4571 ut
1737 4526 2021 4588 paternum

443 4600 558 4657 sive
613 4603 1072 4673 pradecessorum
1104 4615 1415 4662 nostrorum
1469 4623 1652 4680 regum
1703 4627 1910 4668 morem
1938 4628 2022 4670 se-

443 4700 690 4762 quentes,
727 4692 988 4767 ejusmodi
1025 4705 1225 4752 nostra
1269 4700 1608 4756 auctoritatis
1649 4714 1978 4774 praceptum
2001 4746 2017 4772 ,

514 4842 538 4870 ι
579 4828 978 4894 Mundebtlrde,
1030 4830 1084 4886 id
1117 4840 1222 4896 est,
1263 4833 1419 4887 tuitio
1464 4833 1548 4888 vel
1594 4834 1856 4891 defensio.
1882 4838 2019 4894 Galli

441 4900 840 4978 munitioni-me;
868 4901 1030 4978 _Delgi
1076 4902 1358 4978 members
1383 4911 1586 4958 tutores
1633 4907 1857 4978 dicunt;
1883 4909 2018 4978 legi-

440 4978 530 5043 tur
563 4970 616 5024 in
667 4968 934 5043 [formulis
984 4968 1274 5043 Marculﬁ,
1307 4973 1397 5026 lib.
1437 4991 1489 5038 ι,
1529 4990 1649 5043 cap.
1673 4975 1775 5040 24,
1820 4968 2018 5034 Charta

438 5041 502 5110 ge
537 5037 893 5110 mundeburde
912 5040 1180 5110 principis,
1211 5041 1276 5095 ad
1308 5037 1671 5110 quemlocum
1714 5037 1833 5100 vide
1864 5049 2010 5103 Hier.

435 5108 686 5181 Bignqnii
721 5107 1479 5181 notaps.'AddcicapitrCaroli
1517 5122 1571 5167 et
1623 5113 1756 5166 Lud.
1788 5116 1878 5168 lib.
1925 5133 2011 5181 vr,

437 5177 556 5254 cap.
583 5179 712 5246 223,
740 5186 792 5234 et
825 5177 896 5254 ibi
921 5186 1122 5254 notata,
1153 5195 1218 5233 ac
1250 5180 1455 5248 glossas
1483 5181 1602 5236 Lat.
1629 5183 1740 5237 Bal.
1770 5185 1924 5254 Lydii
1947 5177 2014 5242 ad

436 5247 804 5317 Clemangem,
832 5248 910 5302 lit.
941 5247 1016 5301 Μ.

2129 4444 2398 4511 quoddam
2433 4447 2822 4500 monasterium
2849 4448 3096 4517 quodest
3133 4449 3298 4504 situm
3329 4452 3386 4506 in
3433 4455 3704 4510 territorio

2133 4533 2434 4590 Pictavensi
2465 4552 2628 4606 supra
2650 4538 2823 4606 ripam
2841 4537 3068 4608 Ligeris,
3092 4541 3236 4610 quod
3273 4542 3476 4598 dicitur
3500 4545 3699 4602 Glonna

2129 4623 2240 4677 sive
2277 4634 2495 4680 sanctus
2533 4626 2860 4692 Florentius,
2894 4628 2983 4683 ubi
3013 4630 3156 4684 idem
3195 4632 3389 4689 beatus
3428 4636 3700 4693 confessor

2125 4713 2326 4769 Christi
2349 4730 2575 4786 corpore
2600 4718 2828 4794 quiescit
2859 4734 2873 4773 :
2899 4735 2979 4776 eo.
3012 4721 3173 4777 modo
3195 4733 3254 4778 ut
3299 4725 3376 4780 ibi
3405 4731 3692 4785 secundum

2193 4843 2220 4882 ἀ
2259 4843 2458 4915 Lydius
2494 4848 2781 4917 conjectum
2813 4849 3154 4906 collationem
3181 4852 3248 4906 de
3283 4855 3607 4911 substantiis
3632 4859 3696 4910 in-

2123 4921 2452 4989 terpretatur
2493 4917 2550 4989 in
2600 4917 2792 4985 glossis
2827 4934 2988 4989 supra
3031 4923 3338 4977 nominatis.
3387 4924 3688 4988 Flodoard.,

2121 4983 2201 5037 De
2224 4986 2455 5062 conjecto
2483 4983 2806 5062 Norinaggzis
2828 4983 3023 5062 deinde.
3057 4991 3216 5062 Grcg.
3252 4993 3481 5061 Turou.,
3515 4996 3608 5051 lib.
3625 4983 3692 5059 vi,

2121 5068 2239 5122 cap.
2267 5054 2338 5108 45
2357 5095 2372 5119 ,
2423 5055 2491 5134 de
2521 5069 2647 5134 rege
2674 5055 2978 5134 Chilperico
3007 5079 3018 5112 :
3057 5054 3418 5134 «Apparatus
3468 5054 3693 5134 magnus

2117 5138 2388 5205 expensa.
2407 5126 2472 5179 de
2504 5125 2732 5205 diversis
2755 5125 3060 5205 civitatibus
3091 5125 3372 5205 in'iiinere
3412 5125 3693 5205 congFega-

2118 5200 2214 5276 tus
2229 5203 2313 5247 est
2339 5213 2350 5245 :
2373 5195 2430 5274 in
2467 5210 2575 5276 quo
2601 5196 2734 5250 nihil
2763 5199 2828 5252 de
2857 5197 2987 5254 ﬁsco
3006 5215 3109 5276 suo
3137 5217 3232 5276 rex
3257 5201 3374 5256 dari
3419 5195 3688 5276 pracepit,

2116 5262 2216 5346 pisi
2242 5263 2424 5346 gmnia
2460 5262 2848 5346 depauperum
2897 5271 3243 5346 cqnjecturis;
3288 5262 3480 5346 {quod
3511 5262 3692 5329 ita're;

509 5318 631 5413 in"!
1012 5315 1302 5413 lygiflalisj
1511 5319 1842 5413 Glgssarium
1887 5340 2013 5413 pro-
2113 5315 2220 5386 fert
2244 5315 3208 5413 Ἇγῐήόιιῗξιῖᾗ-Ῐῇξ*έξρτᾝξξῐῖἇῖ
3224 5315 3690 5413 inermia};-

433 5387 906 5465 xime_l;mdatut_n,
938 5397 992 5465 et
1036 5391 1303 5465 notasad
1336 5391 1525 5458 Mare,
1556 5393 1648 5465 lib.
1687 5387 2008 5465 1,4capf40.

508 5455 900 5532 °__Comp_osi_t_io
947 5459 1079 5532 ﬁsco
1135 5461 1312 5516 debita
1338 5503 1351 5525 ,
1412 5479 1441 5517 a
1483 5455 1662 5517 ureret.
1705 5455 1773 5519 Μ.
1825 5455 2008 5532 Βοιὼ,

433 5525 658 5599 Lydius,
704 5525 767 5582 ll.
800 5527 1113 5599 Bignonius,
1147 5532 1199 5584 in
1232 5533 1374 5586 notis
1423 5533 1492 5588 ad
1525 5533 1856 5598 Marculfum,
1886 5525 2012 5590 Lini

424 5595 724 5660 dobrogius
753 5598 820 5654 ad
860 5595 1028 5666 legem
1060 5598 1312 5667 Salicam,
1347 5603 1428 5655 tit.
1463 5603 1547 5668 H,
1595 5618 1659 5657 ex
1686 5595 1852 5674 Greg.
1877 5603 2004 5660 Tur.

2147 5419 2294 5455 erum
2326 5405 2619 5458 necessaria
2658 5409 2731 5461 eis
2776 5405 2856 5462 in-
2878 5410 3063 5462 itinere
3102 5405 3579 5466 subministrentur:
3633 5413 3684 5467 lu

2144 5471 2491 5549 iiropeoms.
2515 5476 2592 5549 ad
2629 5479 2928 5549 marginem
2967 5481 3324 5536 adnotatum:
3365 5480 3486 5536 Vidi
3532 5499 3684 5538 acers-

2114 5543 2253 5608 chat,
2283 5543 2372 5596 sed
2399 5543 2598 5598 dubito.
