3946 6174
297 276 430 335 1133

289 483 566 540 nachicam
592 523 607 545 ,
663 497 822 551 quem
891 481 1258 550 supradictum
1320 479 1631 550 religiosum
1687 479 1863 532 virum

286 577 630 633 Frotbertum
656 575 771 630 sive
796 576 1115 640 monachos,
1155 589 1363 629 necnon
1393 581 1448 628 et
1489 571 1864 641 praescriptum

285 666 592 724 venerabile
615 667 1006 723 monasterium
1030 682 1154 722 cum
1175 667 1426 721 onmibus
1449 665 1611 719 rebus
1633 671 1688 718 et
1709 677 1865 716 man-

283 761 439 830 cipiis
477 761 740 816 moderno
770 768 1014 828 tempore
1045 758 1118 814 ibi
1145 757 1533 827 aspicientibus
1561 755 1647 809 vel
1694 754 1864 824 perti-

283 847 538 905 nentibus
580 849 682 904 sub
721 857 909 904 nostra
953 847 1292 917 suscepimus
1314 845 1628 901 defensione
1669 853 1724 900 et
1760 844 1866 897 im-

283 937 566 991 manitatis
604 937 851 1001 tuitione,
878 937 1110 1006 qualiter
1131 949 1226 1005 per
1245 934 1386 989 hanc
1416 941 1658 988 nostram
1685 941 1869 986 aucto-

284 1026 504 1081 ritatem
531 1026 735 1096 absque
766 1027 926 1088 ullius
954 1024 1153 1094 injusta
1191 1024 1568 1094 inquietudine
1605 1024 1770 1094 quieti
1812 1031 1868 1077 et

285 1116 438 1172 illmsi
457 1117 769 1188 persistant.
785 1116 854 1170 Et
865 1116 986 1171 ideo
1005 1116 1105 1171 hos
1119 1123 1340 1170 nostros
1359 1113 1674 1184 imperiales
1688 1113 1869 1182 apices

284 1208 404 1263 fieri
425 1207 706 1277 iussimus,
734 1223 831 1279 per
851 1221 987 1277 quos
1024 1207 1372 1278 praecipimus
1414 1213 1580 1275 atque
1614 1203 1868 1273 jubemus

285 1307 342 1352 ut
365 1298 544 1352 nullus
563 1297 726 1366 juch
755 1298 1026 1368 publicus,
1049 1298 1135 1352 vel
1157 1297 1417 1368 quislibet
1439 1295 1736 1366 superioris
1780 1303 1873 1348 aut

284 1387 559 1442 inferioris
582 1387 790 1442 ordinis
812 1387 1122 1458 reipublicae
1167 1394 1510 1458 procurator,
1536 1387 1590 1440 in
1612 1384 1870 1441 ecclesias

284 1485 379 1532 aut
421 1477 538 1533 loca
578 1478 663 1532 vel
707 1493 867 1549 agros
897 1494 994 1533 seu
1035 1479 1276 1549 reliquas
1313 1478 1710 1548 possessiones,
1753 1491 1872 1545 qua:

285 1567 544 1639 moderno
566 1576 811 1638 tempore
837 1569 1080 1640 legaliter
1106 1571 1160 1623 in
1185 1569 1514 1639 quibuslibet
1553 1570 1674 1640 pagi
1717 1568 1872 1623 terri-

1425 269 1820 330 DIPLOMATA
1863 271 2418 329 ECCLESIASTICA.

288 389 527 460 regulam
567 389 711 444 beati
745 387 922 443 Patris
966 387 1243 443 Benedicti
1273 387 1436 441 vitam
1467 387 1727 454 degerent
1751 401 1868 441 mo-
1899 389 1950 446 Α

3409 265 3542 325 ΗΜ

2675 383 2857 441 CXVI.

2351 515 2449 552 PRO
2501 514 2833 552 ilOSASTERIO
2875 513 3123 552 FABFENSI
3136 538 3147 549 .

2573 609 2744 679 (Anno
2790 607 2940 681 824.)

1972 717 2148 788 |Apud
2179 720 2474 775 Chesniutn
2493 759 2507 783 ,
2541 717 2927 773 Fraucicarum
2956 718 3151 774 Rerum
3171 719 3398 792 Script.,
3417 730 3550 777 tom.

2541 809 2581 862 ll
2600 849 2614 874 ,
2657 826 2780 880 pag.
2827 809 2987 882 659.]

2042 921 2365 986 Ludovicus,
2383 922 2562 977 divina
2577 922 2862 977 ordinante
2885 923 3242 993 providentia,
3259 925 3557 996 imperator

1969 1012 2265 1083 Augustus.

2042 1103 2102 1158 Si
2147 1103 2512 1172 praeveniente
2548 1103 2722 1174 gratia
2776 1102 2874 1160 Dei
2926 1105 3099 1160 nostri
3135 1105 3438 1163 devotionis
3467 1107 3553 1162 af-

1971 1193 2173 1250 fectum
2197 1195 2395 1250 divinis
2439 1195 2734 1265 satagimus
2757 1203 2948 1265 aptare
2983 1195 3281 1266 obsequiis,
3313 1207 3369 1253 et
3396 1213 3558 1254 vene-

1970 1287 2232 1343 rabilibus
2256 1286 2473 1356 Deoque
2498 1287 2806 1358 sanctisque
2834 1288 2990 1355 locis,
3027 1299 3190 1358 atque
3210 1290 3305 1346 Dei
3336 1289 3556 1346 familiis

1972 1394 2220 1449 superna:
2264 1376 2534 1446 majestati
2583 1378 2974 1436 famulantibus
3023 1381 3289 1450 imperiali
3339 1381 3554 1436 manifi-

1971 1470 2146 1524 centia
2176 1484 2334 1539 Opem
2372 1477 2426 1524 et
2465 1469 2716 1524 solatium
2751 1479 2954 1526 nostrae
2979 1464 3309 1528 defensionis
3349 1473 3558 1543 impen-

1972 1560 2169 1626 dimus,
2203 1560 2249 1614 si
2298 1559 2533 1630 denique
2561 1559 2890 1630 prtejudiciis
2918 1562 3083 1618 variis
3127 1578 3192 1618 ac
3230 1563 3558 1618 calamitatis

287 1657 438 1713 toriis
465 1656 605 1713 infra
631 1659 891 1714 ditionem
914 1659 1127 1729 imperii
1169 1660 1344 1715 nostri
1384 1669 1570 1716 tenent
1590 1659 1676 1715 vel
1698 1659 1870 1730 possi-
1968 1651 2071 1707 bus
2105 1653 2382 1723 oppressis
2407 1653 2649 1723 patulum
2680 1662 2735 1708 et
2761 1654 3051 1726 benignum
3085 1655 3559 1712 accommodamus

285 1751 430 1816 dent,
456 1750 542 1806 vel
565 1765 684 1820 qua:
704 1751 958 1822 deinceps
976 1752 1029 1806 in
1045 1752 1172 1822 jure
1190 1753 1362 1822 ipsius
1383 1753 1483 1808 loci
1509 1760 1600 1807 aut
1628 1767 1726 1822 per
1747 1767 1864 1818 nos,
1901 1737 1945 1792 Β
1972 1743 2237 1809 auditum,
2266 1744 2350 1798 his
2371 1745 2649 1800 exercitiis
2676 1746 2890 1817 piisque
2936 1747 3130 1803 studiis
3159 1747 3432 1802 credimus
3463 1761 3557 1801 su-

287 1848 377 1895 aut
410 1856 508 1910 per
529 1841 826 1912 quamlibet
857 1843 1149 1912 ingenuam
1191 1858 1480 1912 personam
1522 1843 1756 1898 voluerit
1783 1842 1867 1897 di-

287 1937 404 1991 vina
445 1937 620 2006 pietas
649 1952 863 2008 augere,
892 1937 1188 2006 judiciario
1237 1953 1388 1994 more
1432 1938 1500 1992 ad
1535 1952 1731 1993 causas
1775 1952 1872 1990 au-

288 2027 524 2091 diendas,
550 2026 635 2080 vel
661 2025 814 2082 freda
864 2027 1147 2100 exigenda,
1181 2036 1276 2082 aut
1315 2028 1625 2082 mansiones
1655 2036 1748 2082 aut
1776 2042 1871 2096 pa-

290 2125 431 2172 ratas
467 2115 771 2182 faciendas,
799 2127 893 2184 aut
917 2117 1284 2186 fiileijussores
1311 2118 1610 2182 tollendos,
1638 2127 1734 2172 aut
1773 2119 1872 2173 ho-

289 2207 456 2262 mines
495 2207 665 2276 ipsius
697 2208 1013 2262 monasterii
1055 2223 1218 2278 super
1263 2216 1467 2263 terram
1518 2210 1687 2278 ipsius
1723 2225 1874 2265 com-

289 2307 568 2354 manentes
589 2299 1014 2367 distringendos,
1039 2308 1134 2354 aut
1156 2299 1294 2354 ullas
1332 2300 1746 2366 redhibitiones,
1779 2308 1874 2356 aut

283 2386 503 2443 illicitas
527 2387 852 2443 occasiones
892 2389 1266 2457 requirendas,
1309 2389 1418 2443 ullo
1447 2405 1686 2458 unquam
1730 2398 1872 2445 tem-

288 2496 417 2552 pore
444 2481 652 2551 ingredi
673 2481 889 2547 audeat,
922 2482 1005 2536 vel
1028 2497 1091 2537 ea
1121 2498 1241 2553 quae
1263 2499 1425 2553 supra
1451 2494 1874 2540 commemorata

289 2580 415 2626 sunt
429 2571 645 2640 penitus
665 2571 885 2643 exigere
902 2581 1231 2642 praesumat:
1248 2575 1342 2629 sed
1361 2577 1679 2630 memoratis
1694 2575 1874 2630 abbati

289 2663 513 2734 ejusque
553 2662 960 2718 successoribus
987 2679 1078 2718 res
1121 2665 1361 2733 praedicti
1403 2667 1718 2720 monasterii
1749 2681 1875 2721 cum

289 2753 542 2809 omnibus
581 2753 686 2808 sibi
722 2755 976 2822 praesenti
1018 2763 1262 2825 tempore
1297 2754 1445 2824 juste
1487 2755 1748 2825 subjectis
1776 2757 1877 2811 sub

291 2843 650 2899 immunitatis
691 2844 922 2899 tuitione
961 2845 1143 2914 quiete
1185 2846 1371 2902 vivere
1415 2862 1478 2902 ac
1506 2847 1765 2902 residere.
1808 2848 1878 2902 Et

291 2933 558 3002 quidquid
587 2933 655 2988 de
683 2933 848 2988 rebus
885 2932 1098 3002 praefati
1120 2935 1435 2990 monasterii
1466 2934 1633 2990 fiscus
1656 2948 1876 3005 sperare

292 3026 514 3095 poterit,
546 3034 717 3080 totum
767 3041 868 3080 nos
894 3040 993 3095 pro
1031 3035 1234 3081 aeterna
1260 3028 1699 3083 remuneratione
1733 3043 1867 3098 prae-

1971 1851 2198 1906 pernum
2247 1837 2449 1906 ubique
2503 1838 2764 1892 auxilium
2808 1839 3128 1908 promereri,
3178 1845 3236 1893 et
3281 1838 3560 1909 prosperis

1971 1931 2174 2002 pollere
2211 1931 2575 1998 successibus,
2595 1939 2756 2001 atque
2779 1932 3021 1987 imbelles
3043 1932 3294 2003 gloriosis
3323 1931 3561 2003 gaudere

1973 2021 2278 2092 triumphis,
2319 2023 2416 2076 sed
2453 2029 2507 2076 et
2534 2031 2658 2092 post
2677 2023 2991 2092 temporalis
3018 2021 3216 2076 infulas
3242 2021 3453 2092 imperii
3483 2021 3559 2076 si-

1973 2113 2137 2170 derea
2189 2113 2418 2169 feliciter
2483 2115 2741 2185 consequi
2796 2129 2982 2184 regna.
3039 2115 3384 2186 Quapropter
3438 2129 3562 2168 cum

1973 2208 2328 2277 plurimarum
2368 2207 2724 2264 ecclesiarum
2771 2209 3270 2279 venerabiliumque
3311 2207 3562 2264 custodes

1973 2300 2238 2364 locorum,
2269 2300 2716 2371 diversorumque
2744 2301 3027 2355 hominum
3053 2301 3120 2355 de
3154 2299 3352 2354 finibus
3394 2299 3562 2354 Italiae

1976 2393 2253 2460 multiplex
2273 2392 2493 2460 querela
2517 2401 2760 2447 nostrum
2784 2391 3057 2462 pulsasset
3085 2391 3348 2455 auditum,
3373 2406 3559 2447 eorum

1979 2483 2298 2554 lacrymosis
2324 2483 2545 2538 vocibus
2590 2484 2795 2554 pietate
2834 2495 3062 2555 cogente
3110 2485 3276 2549 moti,
3308 2484 3565 2539 charissi-

1978 2591 2124 2630 mum
2156 2583 2315 2643 atque
2346 2574 2718 2629 dulcissimum
2765 2576 2934 2630 filium
2968 2584 3211 2631 nostrum
3244 2575 3563 2631 Lotharium

1978 2666 2275 2722 direximus
2310 2679 2409 2734 pro
2456 2665 2754 2720 munimine
2803 2681 2868 2721 ac
2924 2665 3240 2721 defensione
3281 2681 3562 2721 sacrorum

1979 2755 2477 2824 venerabiliumque
2524 2755 2794 2822 locorum,
2841 2765 2895 2813 et
2949 2773 3048 2828 pro
3081 2755 3308 2826 justitiis
3358 2767 3568 2812 cuncta:

1978 2846 2172 2918 plebis,
2204 2863 2325 2918 quae
2371 2850 2612 2907 molestis
2659 2849 3173 2919 querelis_.,nostras,
3206 2857 3266 2903 ut
3310 2849 3566 2914 diximus,

1981 2939 2318 2994 incessanter
2345 2941 2696 3010 pulsaverant
2717 2955 2896 2996 aures.

2052 3031 2221 3100 Igitur
2258 3046 2358 3103 ego
2388 3032 2684 3088 Lotharius
2736 3032 3032 3104 Augustus,
3069 3043 3309 3104 paternae
3340 3049 3569 3090 concor-

292 3117 438 3172 dicto
484 3117 816 3171 monasterio
857 3117 1226 3182 concedimus,
1273 3126 1333 3172 ut
1381 3119 1712 3187 perennibus
1736 3089 1880 3174 ltem-
1906 3089 1951 3151 δ
1987 3089 2120 3176 ἀθηνε
2147 3089 2410 3176 voluntati
2466 3130 2522 3177 et
2564 3089 2949 3193 obtemperans
2994 3089 3178 3194 jussis,
3218 3138 3340 3178 cum
3390 3131 3573 3193 prote-

293 3211 514 3281 poribus
542 3212 598 3266 in
639 3211 895 3266 alimonia
941 3222 1238 3282 pauperum
1280 3219 1336 3266 et
1385 3212 1654 3282 stipendia
1689 3226 1881 3266 mona-

293 3304 747 3375 chorumibidem
777 3305 889 3359 Deo
933 3304 1311 3360 famulantium
1359 3305 1606 3375 proficiat
1649 3305 1705 3359 in
1751 3320 1884 3375 aug-

299 3403 560 3449 mentum.
587 3393 654 3448 Et
680 3395 1116 3464 quandoquidem
1147 3395 1327 3448 divina
1362 3395 1644 3450 vocatione
1687 3409 1882 3465 supra-

301 3485 479 3540 dictus
509 3485 676 3540 abbas
706 3485 791 3540 vel
815 3500 1160 3541 successores
1184 3483 1300 3553 ejus
1324 3485 1391 3539 de
1413 3484 1516 3539 hac
1544 3485 1664 3540 luce
1684 3485 1885 3555 migra-

298 3577 498 3642 verint,
521 3578 758 3647 quandiu
786 3577 889 3648 ipsi
929 3576 1179 3632 monachi
1221 3579 1364 3632 inter
1386 3592 1445 3632 se
1483 3577 1618 3632 tales
1639 3577 1886 3632 invenire

301 3669 597 3739 potuerint,
637 3669 729 3737 qui
772 3669 946 3737 ipsam
977 3668 1452 3737 congregationem
1480 3667 1776 3720 secundum
1806 3679 1888 3718 re-

303 3758 487 3830 gulam
511 3758 687 3812 sancti
713 3756 990 3810 Benedicti
1020 3771 1208 3824 regere
1233 3755 1466 3819 valeant,
1495 3771 1594 3824 per
1623 3755 1766 3809 hanc
1794 3769 1888 3808 no-

303 3858 476 3904 stram
497 3845 881 3901 auctoritatem
902 3851 958 3898 et
977 3858 1308 3900 consensum
1349 3843 1622 3898 licentiam
1649 3841 1890 3897 habeant

303 3938 536 4010 eligendi
559 3935 830 4002 abbatem,
859 3951 964 4006 qua
994 3937 1096 4008 ipsi
1135 3935 1275 3991 servi
1303 3935 1399 3992 Dei
1425 3935 1517 4006 qui
1551 3934 1748 3990 ibidem
1775 3934 1890 3989 Deo

304 4029 656 4095 famulantur,
685 4041 784 4097 pro
805 4027 963 4082 nobis
982 4035 1037 4082 et
1054 4026 1284 4097 conjuge
1315 4025 1576 4096 proleque
1614 4033 1802 4079 nostra
1831 4031 1887 4079 et

305 4119 597 4177 stabilitate
626 4119 796 4174 totius
831 4117 1045 4188 imperii
1073 4117 1248 4172 nostri
1271 4132 1301 4171 a
1323 4118 1435 4173 Deo
1465 4116 1621 4173 nobis
1643 4116 1888 4171 concessi

305 4220 470 4282 atque
493 4210 848 4266 conservandi
862 4209 1065 4280 iugiter
1085 4209 1518 4265 misericordiam
1541 4208 1635 4263 Dei
1660 4221 1890 4262 exorare

306 4301 660 4358 delectentur.
689 4300 756 4355 Et
783 4309 844 4354 ut
864 4300 977 4354 haec
1009 4300 1305 4355 auctoritas
1347 4301 1550 4355 nostris
1587 4299 1890 4370 futurisque

311 4393 640 4463 temporibus
664 4393 774 4447 Deo
795 4399 1106 4462 protegente
1135 4389 1344 4446 firmior
1379 4390 1661 4456 habeatur,
1703 4398 1759 4447 et
1791 4405 1890 4460 per

309 4483 488 4539 futura
515 4492 756 4553 tempora
803 4484 999 4539 melius
1041 4492 1417 4549 conservetur,
1467 4497 1628 4536 manu
1672 4482 1886 4552 propria

309 4573 497 4630 subter
517 4575 875 4640 firmavimus,
899 4582 955 4630 et
987 4574 1171 4628 annuli
1200 4575 1372 4629 nostri
1414 4573 1778 4642 impressione
1821 4571 1892 4626 sis

311 4665 462 4737 gnari
489 4664 772 4733 iussimus.

383 4773 609 4845 Signum
643 4774 900 4832 Ludovici
941 4775 1168 4844 piissimi
1205 4775 1366 4845 regis.

382 4886 598 4942 Simeon
637 4887 897 4943 diaconus
939 4887 1007 4942 ad
1038 4887 1208 4942 vicem
1228 4887 1508 4960 'Fridugisi
1559 4887 1890 4957 recognovit.

381 5002 515 5055 Data
534 5003 708 5072 pridie
730 5001 1200 5066 Kalendaslulias,
1226 5017 1386 5066 anno,
1403 5001 1620 5056 Christo
1644 4999 1894 5069 propitio,

307 5088 519 5159 imperii
551 5093 722 5148 nostri
753 5093 842 5158 il,
887 5093 1180 5149 indictione
1220 5093 1288 5145 12
1331 5091 1502 5162 [Lege
1534 5087 1646 5161 21].
1698 5087 1893 5143 Actum

305 5177 639 5248 Compendio
682 5181 886 5251 palatio
932 5183 1080 5252 regio
1132 5183 1186 5237 in
1232 5183 1324 5237 Dei
1375 5180 1592 5235 nomine
1644 5177 1891 5233 feliciter.

302 5265 500 5325 Amen.

1914 4442 1967 4501 D

1983 3218 2144 3281 gente
2166 3211 2278 3266 Deo
2305 3212 2486 3282 quieta
2519 3213 2882 3282 prosperitate
2924 3215 2992 3269 ad
3033 3213 3221 3269 limina
3249 3215 3394 3269 beati
3420 3214 3570 3270 Petri

1983 3302 2246 3372 prinCipis
2291 3303 2678 3372 apostolorum,
2711 3305 2978 3360 orationis
3023 3313 3186 3375 atque
3225 3307 3572 3363 exaltationis
3639 3313 3644 3318 “

1984 3391 2226 3461 ejusdem
2261 3402 2464 3449 sanctae
2510 3395 2606 3448 Dei
2657 3394 2903 3450 ecclesia:
2956 3395 3151 3466 gratia,
3212 3395 3571 3462 venissemus,

1985 3487 2128 3540 inter
2158 3487 2394 3557 reliquos
2429 3488 2542 3557 qui,
2586 3496 2646 3542 ut
2675 3488 2930 3554 diximus,
2963 3487 3224 3558 plurimas
3269 3490 3575 3558 proclama—

1986 3578 2114 3632 bant
2162 3579 2411 3648 querelas
2437 3619 2451 3642 ,
2497 3580 2646 3634 venit
2696 3579 2986 3650 Ingualdus
3039 3580 3364 3636 venerabilis
3407 3583 3578 3638 abbas

1987 3669 2299 3723 monasterii
2332 3669 2501 3726 beatae
2541 3677 2596 3722 et
2630 3668 2878 3738 gloriosa:
2928 3683 3145 3738 semper
3181 3669 3407 3740 virginis
3458 3670 3576 3725 Ma-

1989 3760 2100 3824 rize,
2135 3760 2438 3826 constituti,
2471 3760 2525 3814 in
2558 3759 2755 3815 finibus
2778 3760 3090 3826 Sabinens.,
3120 3776 3373 3818 asserens
3415 3779 3574 3820 suum

1988 3853 2398 3919 monasterium,
2429 3852 2608 3908 ablata
2644 3853 2876 3922 pristina
2911 3853 3194 3922 libertate,
3245 3858 3344 3912 sub
3373 3857 3576 3914 tributo

1988 3959 2054 4000 ac
2105 3944 2366 4015 pensione
2420 3960 2450 3999 a
2501 3945 2761 4000 Romanis
2797 3945 3145 4016 pontificibus
3199 3950 3573 4018 constrictum,

1989 4037 2296 4107 multasque
2344 4037 2720 4108 possessiones
2749 4038 2925 4093 eidem
2953 4040 3288 4098 monasterio
3313 4042 3578 4098 violenter

1989 4130 2216 4187 ablatas.
2244 4129 2397 4186 Unde
2434 4130 2776 4187 sciscitantes
2820 4131 3063 4188 studiose
3116 4132 3577 4206 interrogavimus

1990 4237 2095 4291 qua
2126 4221 2338 4278 ratione
2380 4229 2474 4277 aut
2520 4222 2809 4294 praedictas
2839 4238 2928 4279 res
2967 4224 3270 4294 acquirere,
3303 4235 3397 4282 aut
3446 4244 3607 4298 praea-

1989 4313 2146 4368 dicta:
2173 4313 2458 4384 potestatis
2499 4311 2801 4370 dominium
2832 4324 3081 4385 speraret
3101 4317 3352 4374 evadere.
3386 4317 3489 4386 Qui
3519 4321 3580 4374 il-

1991 4404 2095 4458 lico
2123 4403 2326 4458 nostris
2365 4402 2562 4458 obtulit
2587 4403 2898 4471 aspectibus
2924 4405 3144 4474 antiqua
3187 4406 3578 4477 Langobardo-

1994 4512 2115 4551 rum
2149 4511 2337 4566 regum
2385 4501 2686 4564 prmcepta,
2733 4494 3068 4549 continentia
3123 4497 3577 4564 quemadmodum

1996 4588 2171 4658 ipsum
2206 4596 2453 4642 sanctum
2506 4586 2684 4639 locum
2743 4584 2910 4654 regali
2961 4587 3283 4644 auctoritate
3335 4591 3434 4645 sub
3478 4606 3578 4646 sua

1996 4675 2306 4732 defensione
2355 4686 2516 4744 atque
2545 4675 2885 4729 immunitate
2915 4679 3064 4731 omni
3113 4684 3355 4748 tempore
3397 4695 3582 4750 perse-

1997 4783 2186 4824 verare
2229 4776 2552 4824 statuerunt.
2583 4767 2857 4837 Praecipue
2894 4769 3076 4839 itaque
3103 4770 3340 4826 ostendit
3367 4781 3422 4826 ct
3444 4788 3580 4842 pra:-

1997 4866 2210 4926 ceptum
2237 4857 2670 4913 conﬁrmationis
2704 4858 2807 4927 piae
2837 4858 3109 4914 memoria:
3135 4860 3339 4915 domini
3368 4862 3452 4916 avi
3486 4877 3580 4916 no-

1999 4948 2096 5002 stri
2133 4947 2308 5002 Caroli
2336 4948 2665 5003 sercnissimi
2695 4949 2940 5018 Augusti,
2989 4959 3318 5022 praeceptum
3367 4968 3582 5022 quoque

1999 5041 2200 5097 domini
2229 5049 2284 5096 et
2309 5041 2568 5112 genitoris
2595 5042 2767 5096 nostri
2803 5042 3059 5098 Ludovici
3107 5044 3450 5100 invictissimi
3482 5047 3582 5099 im—

1997 5132 2283 5202 peratoris,
2315 5146 2436 5202 quae
2481 5132 2656 5186 eidem
2693 5134 3023 5188 monasterio
3066 5135 3317 5191 beneficii
3353 5145 3409 5190 et
3433 5136 3583 5206 puri-

1999 5225 2127 5280 tatis
2155 5240 2350 5280 munus
2367 5239 2467 5295 pro
2496 5224 2763 5280 mercedis
2784 5240 2896 5280 suae
2929 5233 3218 5294 augmento
3257 5227 3576 5282 emiserunt.

1997 5320 2052 5374 lu
2078 5321 2274 5389 quibus
2303 5320 2678 5374 continebatur
2701 5317 2934 5387 qualiter
2952 5318 3270 5386 praedictum
3308 5329 3581 5374 monaste-

1997 5412 2136 5465 rium
2181 5411 2281 5463 sub
2317 5425 2428 5464 suze
2457 5408 2782 5463 defensionis
2811 5405 3090 5476 privilegio
3141 5409 3352 5463 cunctis
3385 5408 3578 5464 diebus

1994 5519 2313 5575 permanere
2363 5503 2753 5563 decreverunt,
2806 5500 2945 5554 sicut
2991 5508 3187 5556 cmtera
3243 5501 3572 5556 monasteria

1993 5612 2112 5665 qua:
2142 5596 2196 5648 in
2229 5609 2392 5666 regno
2419 5610 2447 5646 a
2477 5593 2672 5648 fiui'ms
2705 5592 3055 5646 Franciarum
3089 5593 3424 5658 consistunt;
3471 5592 3575 5647 sci:

1993 5688 2120 5741 licet
2148 5695 2204 5741 ut
2230 5687 2358 5742 nulli
2390 5701 2623 5756 unquam
2651 5687 2986 5757 pontiﬁcum,
3017 5687 3421 5759 episcoporum,
3471 5687 3570 5742 du-
