3996 6178
458 255 614 312 .5455

1596 261 1916 317 LUDOVICI
1958 263 1974 315 Ι
2014 261 2484 320 COGNOMENTO
2522 267 2608 320 Pll

3590 274 3729 327 Ητῶ

3662 312 3677 327 ι

3662 312 3677 328 ι

468 383 617 434 cum,
664 367 744 423 vel
780 370 1077 438 cuicunque
1120 371 1450 441 principum,
1486 372 1645 428 liccat
1695 377 2040 446 sazpczlictum
2070 383 2119 440 Λ
2147 381 2280 450 tyris
2319 379 2624 436 Sebastiani
2672 398 2702 434 a
2753 381 3113 438 fundamentis
3164 392 3484 441 construere
3536 396 3592 443 et
3638 405 3725 442 or-

467 459 853 516 monasterium
880 462 980 515 sub
1008 460 1209 515 tributo
1229 472 1319 517 aut
1347 479 1664 537 quacunque
1680 469 1933 537 pensione
1948 486 2040 540 po-

464 566 615 615 nere,
644 560 735 605 aut
765 553 832 606 dc
852 566 917 605 eo
946 550 1147 620 aliquid
1178 552 1413 621 auferre,
1446 557 1530 611 vel
1569 558 1635 612 de
1672 563 1834 615 rebus
1863 562 2040 617 cidem

466 639 583 694 loco
610 638 866 709 subjectis
894 642 1188 712 quidquam
1220 646 1483 702 minuere.
1510 648 1715 715 Quibus
1758 653 2035 723 inspectis,

453 729 663 798 justum
687 738 745 785 et
770 732 1093 790 rationabile
1120 735 1277 791 nobis
1316 738 1627 809 nostrisque
1665 742 2033 812 optimatibus,

460 826 623 888 atque
669 820 836 875 etiam
885 821 1145 880 Romanis
1188 827 1534 897 primatibus,
1579 832 1753 887 visum
1789 844 1957 890 estut
1984 846 2041 891 et

456 911 671 981 piorum
700 928 886 983 regum
923 916 1160 986 scripta,
1197 927 1254 975 et
1298 921 1535 978 maxime
1571 923 1773 978 domini
1820 926 2034 993 Caroli,

455 1011 622 1073 atque
650 1006 912 1076 genitoris
935 1011 1108 1065 nostri
1132 1012 1333 1067 domini
1360 1014 1619 1072 Ludovici
1668 1016 2035 1091 Augustorum

452 1105 750 1168 przccepta,
774 1110 1032 1170 perpetua
1055 1102 1349 1161 stabilitate
1371 1106 1742 1165 ﬁrmissimum
1786 1113 2033 1170 ruborem

454 1187 753 1244 obtineant.
791 1191 901 1247 Res
938 1210 1157 1263 quoque
1183 1196 1358 1252 eidem
1400 1202 1730 1257 monasterio
1772 1205 2037 1262 violenter

455 1278 683 1346 ablatas,
716 1284 862 1339 omni
891 1287 1237 1344 excusatione
1265 1292 1593 1361 postposita,
1618 1292 1881 1362 jussimus
1908 1300 2031 1354 red-

455 1372 604 1427 dere.

527 1463 680 1521 Unde
707 1467 910 1537 placuit
931 1470 1088 1526 nobis
1114 1472 1345 1543 genitori
1366 1490 1431 1529 ac
1451 1477 1648 1547 genito,
1680 1479 1865 1550 utique
1894 1496 2033 1550 prae—

452 1555 613 1611 dictis
638 1558 1001 1629 principibus,
1053 1566 1306 1620 concordi
1336 1575 1498 1637 atque
1543 1573 1813 1625 communi
1846 1574 2032 1628 volun-

455 1654 583 1710 tate,
615 1656 674 1703 ut
708 1648 1002 1718 jamdictus
1027 1654 1202 1710 almus
1228 1656 1380 1713 locus
1409 1659 1511 1715 sub
1538 1668 1721 1717 nostra
1751 1678 2030 1721 successo-

2142 485 2309 537 naue,
2369 480 2531 542 atque
2600 473 2854 542 mysteria
2914 471 3283 547 [ministeria]
3344 491 3510 531 aurea
3572 492 3724 548 gem-

2140 560 2354 631 misque
2390 570 2583 616 ornata
2626 563 2694 617 ad
2743 564 3030 619 missarum
3079 566 3338 621 solemnia
3392 569 3724 626 celebranda

2141 648 2532 715 conferremus,
2556 650 2759 721 placuit
2784 653 2939 708 nobis
2984 664 3205 725 preptcr
3230 672 3367 727 opus
3401 674 3567 728 supra
3606 677 3725 716 me-

2140 751 2406 798 moratum
2438 744 2841 815 perﬁciendum,
2884 758 2942 803 ct
2965 749 3032 803 ad
3068 750 3356 806 luminaria
3382 756 3721 811 concinnan-

2138 833 2235 899 da,
2289 836 2844 908 sustentationemque
2886 853 3185 909 pauperum
3229 851 3395 912 atque
3440 846 3719 917 hospitum

2138 925 2505 993 receptioncm
2533 966 2548 991 ,
2602 927 2670 981 ad
2728 930 3046 983 memoriam
3100 931 3400 990 beatissimi
3456 941 3716 1009 martyris

2137 1017 2339 1074 Christi
2375 1019 2681 1076 Sebastiani
2706 1023 2908 1093 aliquid
2950 1025 3016 1079 de
3043 1026 3206 1082 rebus
3234 1031 3469 1100 propriis
3510 1037 3712 1091 nostris

2134 1108 2362 1165 solemni
2410 1110 2702 1166 donatione
2730 1112 2998 1181 confen'e,
3032 1124 3094 1170 ut
3127 1132 3226 1187 per
3264 1120 3710 1180 intercessionem

2134 1199 2253 1269 ejus
2292 1202 2514 1270 praemia
2560 1203 2815 1274 perennis
2862 1205 2987 1260 vitae
3036 1208 3349 1277 percipere,
3380 1220 3437 1266 et
3482 1228 3710 1285 regnum

2135 1299 2337 1346 nostra:
2361 1308 2508 1347 curae
2545 1294 2897 1350 commissum
2924 1297 3026 1351 sub
3067 1299 3250 1353 divina
3276 1304 3616 1371 protectione
3642 1304 3713 1360 fe-

2132 1384 2311 1440 liciter
2336 1386 2641 1457 gubernare
2670 1400 2999 1443 mereamur.
3045 1388 3318 1447 Donamus
3342 1394 3509 1464 igitur
3533 1396 3710 1452 eidem

2132 1475 2449 1532 beatissimo
2473 1486 2665 1534 sancto
2693 1476 3021 1536 Sebastiano
3042 1483 3270 1552 martyri
3302 1484 3569 1552 quoddam
3598 1501 3711 1540 mo-

2132 1570 2427 1624 nasterium
2457 1564 2724 1636 nuarum,
2747 1569 2904 1639 cujus
2924 1570 3240 1626 vocabulum
3261 1580 3346 1626 est
3383 1572 3709 1630 Canciacnm

2134 1655 2399 1729 (θεοὺς),
2422 1658 2566 1728 quod
2590 1666 2677 1713 est
2695 1667 3067 1714 constructum
3090 1659 3143 1714 in
3166 1660 3371 1715 honore
3394 1666 3568 1719 sancti
3594 1663 3712 1721 Ste-

454 1752 687 1810 rumque
744 1752 1057 1800 nostron
1110 1746 1425 1805 defensione
1471 1757 1635 1821 atque
1689 1752 2029 1811 immunitate
2056 1742 2103 1802 Β
2130 1748 2296 1818 phani
2311 1748 2921 1821 protomartyris,situm
2937 1748 2993 1802 in
3011 1764 3150 1821 pago
3164 1748 3523 1805 Noviomense
3548 1767 3713 1821 super

452 1832 728 1902 perpetuis
755 1845 1065 1902 perseveret
1092 1841 1426 1909 temporibus
1458 1859 1472 1895 :
1508 1852 1672 1914 atque
1713 1846 1781 1901 ad
1814 1848 2032 1917 petitio-

452 1938 579 1979 nem
607 1926 851 1995 praedicti
905 1928 1145 2000 lugoaldi
1178 1935 1472 1990 venerandi
1492 1936 1732 2005 ejusdem
1759 1949 2031 1994 monaste-

454 2014 519 2068 rii
549 2015 784 2081 abbatis,
809 2017 952 2089 ipsas
995 2020 1236 2094 aliasque
1280 2040 1369 2080 res
1396 2026 1451 2080 in
1483 2027 1681 2083 ﬁnibus
1728 2028 1913 2084 Sabin.
1944 2029 2030 2086 vel

451 2104 759 2177 ubicunque
786 2109 940 2175 sitas,
992 2112 1168 2167 eidem
1206 2116 1537 2171 monasterio
1570 2115 1715 2186 iuste
1745 2120 2027 2188 pertinen-

451 2206 567 2264 tes,
616 2198 936 2259 inconcussa
995 2205 1291 2262 stabilitate
1339 2209 1538 2264 ibidem
1592 2213 1846 2280 praesenti
1893 2227 2030 2282 prae-

451 2290 698 2360 ceptione
725 2293 927 2348 nostris
967 2293 1273 2368 futurisque
1304 2300 1659 2371 temporibus,
1691 2302 1810 2358 sine
1848 2302 2032 2372 cujus-

452 2395 610 2450 quam
644 2382 875 2439 violenta
906 2386 1299 2457 inquietudine,
1333 2390 1520 2448 ﬁrmas
1566 2408 1782 2464 sumper
1820 2396 2025 2450 consti-

451 2473 650 2530 tuimus
676 2492 1015 2546 permanere.
1037 2519 1049 2535 .
1070 2521 1083 2535 .

1133 2595 1334 2651 CXVII.

735 2699 835 2737 ποηο
876 2698 1213 2741 MONASTI‘IRIO
1252 2704 1439 2743 SANCTI
1482 2700 1736 2744 MEDARDI.

1051 2775 1225 2846 (Anno
1264 2779 1414 2850 ssi.)
1676 2805 1679 2808 ν

449 2860 646 2931 lApud.
665 2861 833 2927 Hal»,
853 2865 965 2918 Act.
990 2862 1093 2920 SS.
1119 2866 1236 2920 ard.
1257 2868 1315 2923 S.
1345 2869 1720 2941 Bened.,part.
1746 2888 1903 2929 Isaac.
1921 2876 2023 2949 iv.)

516 2954 573 3008 In
601 2956 817 3011 nomine
865 2957 1075 3013 Domini
1109 2961 1204 3016 Dei
1247 2970 1303 3017 et
1355 2961 1653 3021 Salvatoris
1684 2968 1853 3023 nostri
1899 2967 2025 3025 Jesu

446 3049 664 3114 tibristi,
693 3051 1014 3119 Ludovicus,
1031 3054 1209 3111 divina
1236 3058 1520 3115 ordinante
1546 3060 1905 3131 providentia,
1932 3063 2028 3117 im-

448 3150 666 3209 perator
687 3141 981 3211 Augustus.

514 3229 668 3285 Licet
697 3232 833 3285 nihil
862 3234 931 3288 ad
953 3244 1301 3305 augmentum
1328 3239 1510 3309 gloria:
1547 3225 1859 3298 sanctorum
1900 3262 2028 3300 cou-

446 3323 591 3375 lerre
617 3322 787 3391 possit
831 3324 884 3379 id
912 3328 1057 3394 quod
1082 3343 1114 3382 a
1156 3328 1406 3386 ﬁdelibus
1436 3333 1503 3387 ad
1547 3332 1664 3389 loca
1693 3338 2025 3392 venerabilia

446 3416 501 3469 in
534 3416 732 3485 quibus
752 3431 941 3472 eorum
959 3432 1189 3489 corpora
1214 3421 1496 3491 quiescere
1529 3426 1828 3480 noscuntur
1861 3427 2027 3483 fuerit

445 3505 710 3572 oblatum,
734 3500 1062 3564 credendum
1093 3518 1270 3567 tamen
1295 3520 1378 3567 est
1398 3513 1626 3569 multum
1650 3530 1838 3572 eorum
1863 3520 2025 3575 saluti

446 3596 729 3669 proﬁcere,
760 3599 851 3669 qui
883 3615 979 3655 sua
1027 3609 1250 3672 propter
1300 3619 1537 3660 amorem
1590 3607 1684 3663 Dei
1725 3609 1792 3664 ad
1823 3626 2025 3668 memo-

446 3690 556 3745 rias
584 3701 883 3763 martyrum
918 3692 1168 3749 deferunt
1204 3713 1216 3749 :
1261 3696 1385 3765 quia
1428 3699 1494 3753 de
1541 3698 1625 3755 his
1662 3699 2025 3760 oblationibus

445 3796 706 3851 pauperes
731 3784 971 3849 aluntur,
1008 3794 1064 3840 et
1097 3787 1273 3857 egeni,
1302 3788 1501 3857 quibus
1527 3789 1594 3847 de
1632 3807 1731 3848 suo
1765 3811 1870 3850 non
1902 3811 2026 3865 sup-

446 3874 579 3943 petit
612 3874 754 3931 unde
778 3876 975 3932 vivere'
995 3879 1207 3948 possint
1232 3898 1246 3933 :
1275 3890 1595 3953 certumque
1622 3893 1710 3941 est
1746 3886 2020 3943 Christum

446 3968 501 4020 in
523 3965 736 4021 illorum
762 3969 1111 4025 veneratione
1152 3971 1253 4026 coli
1278 3981 1444 4043 atque
1488 3975 1767 4043 honorari,
1797 3979 1890 4049 qui
1923 3997 2022 4051 pro

445 4053 538 4109 iiio
567 4070 694 4111 suas
717 4057 925 4113 animas
947 4074 1146 4129 ponere
1172 4078 1278 4116 non
1304 4064 1642 4134 dubitarunt,
1669 4076 1724 4124 et
1748 4084 1871 4125 cum
1903 4072 2023 4141 qui-

444 4148 548 4204 bus
588 4164 650 4204 se
677 4149 915 4205 futurum
952 4167 1121 4221 usque
1166 4154 1234 4207 ad
1278 4154 1462 4211 saeculi
1496 4163 2022 4218 consummationem

444 4240 684 4296 veridica
716 4255 850 4296 voce
876 4243 1144 4311 promisit.
1177 4243 1348 4314 Igitur
1392 4263 1514 4303 cum
1562 4249 1829 4307 industria
1860 4262 2023 4322 atque

446 4328 704 4383 instantia
758 4330 1083 4386 venerabilis
1139 4332 1378 4390 Hilduini
1438 4336 1650 4394 abbatis
1706 4343 2023 4398 monasterii

445 4419 622 4521 sancti
645 4418 902 4486 Hedardi,
929 4422 1177 4494 sacrique
1212 4425 1396 4496 palatii
1424 4430 1597 4485 nostri
1632 4432 2019 4504 archicapella-
2045 4461 2100 4521 Β

444 4514 501 4569 ni
516 4555 531 4577 ,
555 4529 752 4583 corpus
776 4515 1071 4572 beatissimi
1094 4532 1159 4573 ac
1177 4520 1557 4589 pretiosissimi
1579 4526 1833 4597 martyris
1864 4524 2020 4582 Chri-

443 4605 513 4660 sti
528 4604 854 4671 Sebastiani,
872 4622 969 4676 per
988 4610 1366 4667 auctoritatem
1388 4623 1444 4668 et
1468 4614 1813 4684 largitionem
1837 4616 2019 4673 domni

442 4697 665 4767 Engenii
706 4699 985 4767 apostolici
1017 4700 1264 4769 specialis
1289 4702 1423 4773 [Al.,
1456 4705 1775 4778 spiritualis]
1811 4706 2020 4779 [patro-

442 4786 532 4857 ni]
566 4788 757 4852 nostri,
794 4788 862 4843 ab
888 4789 1022 4846 urbe
1061 4790 1230 4845 Roma
1272 4794 1413 4862 apud
1445 4794 1794 4851 Suessionem
1833 4799 2019 4854 civita-

444 4894 552 4937 tem
584 4884 638 4939 in
664 4884 994 4938 monasterio
1018 4886 1189 4940 sancti
1238 4885 1477 4943 Medardi
1509 4889 1838 4947 confessoris
1865 4893 2020 4949 Chri-

444 4973 537 5037 sti,
569 4973 712 5043 quod
752 4974 838 5027 vir
862 4975 1182 5030 venerabilis
1233 4975 1517 5034 liilduinus
1569 4980 1737 5037 abbas
1781 4992 2022 5053 tempore

441 5067 691 5136 praesenti
747 5080 934 5136 regere
984 5068 1360 5138 cognoscitur,
1419 5070 1611 5127 fuisset
1663 5076 2017 5141 translatum,

442 5166 592 5213 tanta
622 5158 693 5214 ibi
733 5159 1011 5229 signorum
1037 5174 1100 5213 ac
1132 5159 1499 5230 prodigiorum
1542 5162 1623 5217 vis
1654 5163 1709 5217 in
1739 5165 1885 5218 omni
1929 5183 2022 5235 ge-

442 5264 575 5305 nere
614 5250 907 5306 sanitatum
948 5265 1046 5320 per
1083 5249 1323 5318 ejusdem
1355 5250 1727 5321 gloriosissimi
1765 5259 2023 5328 martyris

445 5341 639 5396 merita
682 5350 954 5407 coruscat,
999 5350 1060 5396 ut
1088 5343 1283 5397 merito
1324 5342 1392 5397 ad
1429 5345 1835 5401 venerationem
1878 5346 2024 5404 illius

445 5447 763 5494 cunctorum
812 5437 1048 5493 ﬁdelium
1099 5438 1261 5494 corda
1290 5446 1654 5494 moverentur.
1702 5439 1817 5509 Qua
1859 5441 1926 5497 de
1962 5457 2022 5497 re

446 5542 567 5581 cum
621 5535 676 5582 et
720 5542 821 5583 nos
856 5527 1045 5583 orandi
1098 5529 1270 5598 gratia
1322 5529 1390 5583 ad
1430 5540 1793 5585 memoratum
1836 5530 2018 5588 locum

445 5619 810 5683 venissemus,
863 5629 919 5674 et
969 5621 1254 5677 ecclesiam
1308 5624 1377 5678 ob
1438 5623 1839 5679 venerationem
1894 5642 2021 5680 san-

442 5711 520 5764 cti
567 5709 834 5776 iiedardi,
866 5711 1181 5780 prmfatiqne
1221 5715 1618 5783 prmclarissimi
1645 5715 1845 5770 Christi
1877 5733 2019 5772 mars

2128 1840 2348 1895 ﬂuvium
2370 1840 2635 1908 Axonam,
2666 1856 2790 1896 cum
2812 1834 2959 1896 omni
2990 1843 3250 1897 thesauro
3288 1850 3343 1896 et
3377 1842 3711 1911 supellectile

2128 1944 2245 1995 sua,
2278 1938 2334 1985 et
2362 1945 2486 1985 cum
2523 1930 2789 1997 ecclesiis,
2812 1931 3083 1996 dornibus,
3110 1930 3376 1995 aediliciis,
3407 1932 3573 1998 villis,
3601 1940 3712 1987 ter-

2128 2021 2205 2076 ris
2230 2021 2392 2076 cultis
2425 2029 2482 2075 et
2512 2021 2762 2086 incultis,
2801 2021 2991 2086 vineis,
3029 2021 3237 2091 pratis,
3273 2024 3521 2092 pascuis,
3554 2023 3710 2093 aquis

2128 2126 2459 2182 aquarumve
2486 2111 2823 2178 decursibus,
2867 2111 3216 2176 molendinis,
3238 2113 3495 2178 exitibus,
3535 2122 3591 2167 et
3618 2129 3707 2168 re-

2126 2203 2420 2274 gressibus,
2461 2217 2673 2259 necnon
2702 2212 2757 2259 et
2786 2204 3067 2270 forestam,
3102 2220 3224 2275 qua:
3244 2205 3446 2260 dicitur
3474 2205 3706 2277 Veruga,

2124 2309 2247 2351 cum
2277 2294 2389 2349 suis
2418 2293 2791 2360 foraminibus,
2821 2303 2878 2350 et
2906 2310 3030 2350 cum
3074 2296 3331 2351 omnibus
3372 2296 3710 2367 sppendieiis

2125 2385 2211 2441 vel
2260 2385 2578 2456 adjacentiis
2628 2386 2763 2450 suis,
2793 2385 2879 2440 vel
2925 2394 3405 2455 quantumcunque
3452 2385 3710 2454 praedicto

2126 2475 2460 2533 monasterio
2501 2474 2726 2545 antiquo
2767 2482 2823 2530 et
2861 2474 3122 2531 moderno
3168 2484 3413 2545 tempore
3465 2477 3715 2546 aspicere

2126 2564 2212 2619 vel
2234 2564 2509 2619 deservire
2535 2564 2771 2630 videtur,
2798 2572 2970 2619 totum
3012 2571 3069 2618 et
3096 2564 3175 2619 ad
3222 2565 3491 2635 integrum
3517 2565 3601 2619 vel
3628 2565 3710 2618 in-

2125 2654 2471 2725 exquisitum,
2500 2655 2643 2710 sicut
2685 2655 2935 2725 superius
2985 2656 3190 2711 dictum
3241 2664 3357 2721 est,
3388 2657 3459 2711 ad
3505 2671 3714 2711 memo—

2127 2746 2263 2800 riam
2288 2759 2430 2815 saepe
2447 2744 2577 2801 dicti
2602 2745 2903 2802 beatissimi
2932 2745 3242 2801 Sebastiani
3268 2748 3524 2818 martyris
3544 2746 3709 2803 Clari-

2126 2836 2217 2902 sti,
2260 2836 2331 2893 ad
2357 2834 2646 2891 luminaria
2674 2837 3072 2903 concinnanda,
3103 2845 3160 2893 et
3186 2839 3256 2893 ad
3305 2839 3580 2909 hospitum
3634 2857 3713 2895 re-

2127 2928 2431 2999 ceptionem
2457 2937 2514 2984 et
2559 2930 3013 2984 sustentationem
3064 2944 3363 3001 pauperum
3402 2932 3473 2985 de
3520 2940 3713 2986 nostro

2121 3020 2243 3091 jure
2285 3020 2343 3074 in
2365 3020 2535 3090 juset
2560 3020 2988 3076 dominationem
3016 3018 3134 3089 ejus
3166 3020 3595 3076 transierimus:
3633 3023 3712 3076 ita

2054 3103 2098 3165 C
2133 3122 2313 3168 tamen
2340 3122 2403 3168 ut
2424 3121 2667 3169 rectores
2704 3114 2945 3184 ejusdem
2972 3114 3311 3179 monasterii,
3334 3113 3431 3168 ubi
3461 3113 3591 3168 illud
3616 3128 3712 3168 sa-

2127 3206 2492 3261 cratissimum
2512 3221 2708 3276 corpus
2736 3206 3048 3277 requiescit,
3074 3222 3182 3261 non
3208 3206 3446 3261 habeant
3468 3216 3715 3278 potesta-

2127 3304 2236 3352 tem
2264 3297 2577 3365 praedictum
2606 3298 2994 3352 monasterium
3019 3296 3361 3363 Cauciacum,
3401 3298 3485 3352 vel
3509 3313 3714 3369 appen-

2127 3388 2268 3444 dicia
2308 3388 2428 3458 ejus
2452 3388 2674 3443 cuilibet
2696 3389 2751 3443 in
2775 3388 3101 3444 beneﬁcium
3134 3389 3306 3443 autin
3340 3406 3501 3444 usum
3531 3390 3712 3445 meriti

2126 3481 2305 3535 dare:
2355 3478 2451 3535 sed
2501 3488 2711 3535 tantum
2756 3480 2829 3535 ad
2878 3482 2986 3537 hoc
3033 3497 3249 3553 semper
3294 3490 3613 3552 permaneat
3642 3483 3710 3537 azl

2125 3573 2271 3643 quod
2295 3586 2395 3626 nos
2422 3569 2551 3625 illud
2580 3570 2895 3626 devovimus
2920 3580 3084 3641 atque
3119 3571 3462 3636 tradidimus,
3500 3572 3712 3628 scilicet

2124 3641 2191 3716 ad
2220 3641 2507 3716 luminaria
2531 3661 2926 3727 concinnanda,
2949 3670 3006 3716 et
3043 3662 3111 3715 ad
3140 3662 3538 3731 susceptionem
3572 3676 3710 3731 [Iau—

2123 3765 2336 3819 perum,
2366 3756 2423 3803 et
2462 3748 2824 3819 receptionem
2871 3750 3163 3819 hospitum.
3197 3750 3307 3805 Sed
3343 3759 3398 3805 et
3437 3751 3541 3805 hoc
3581 3750 3711 3805 huic

2123 3850 2392 3913 praecepto
2421 3842 2724 3912 largitionis
2761 3849 2964 3897 nostra:
2983 3842 3230 3899 inserere
3264 3843 3484 3913 placuit,
3523 3852 3586 3898 ut
3617 3844 3710 3898 ab-

2124 3935 2279 3988 bates
2309 3931 2519 4003 praefati
2562 3933 2876 3987 monasterii
2915 3932 3358 3990 beatissimorum
3394 3945 3706 3990 sanctorum

2125 4024 2363 4081 Medardi
2400 4034 2463 4080 et
2504 4023 2833 4091 Sebastiani,
2864 4026 2920 4081 in
2951 4041 3142 4081 eorum
3178 4027 3585 4096 providentiam
3620 4028 3711 4081 ba-

2123 4119 2289 4174 beant
2331 4133 2518 4174 coram
2554 4118 2684 4184 Deo,
2716 4127 2777 4174 ut
2816 4119 2871 4174 in
2896 4120 3157 4189 pmdicto
3199 4119 3533 4174 monasterio
3575 4117 3711 4174 Cau-

2124 4210 2299 4275 ciaco,
2332 4210 2475 4280 quod
2520 4218 2824 4265 memorato
2878 4220 3071 4266 sancto
3114 4209 3441 4265 Sebastiano
3480 4210 3705 4282 martyri

2125 4297 2467 4363 contulimus,
2499 4307 2648 4353 tanta
2693 4300 3041 4371 congregatio
3086 4299 3160 4354 ibi
3210 4299 3306 4365 sit,
3336 4314 3459 4369 quae
3498 4308 3555 4353 et
3586 4299 3708 4353 reli-

2123 4390 2340 4461 ﬁrmem
2389 4398 2633 4445 sanctam
2688 4398 2873 4444 tenere
2920 4389 3161 4460 possint,
3206 4397 3265 4443 et
3302 4389 3545 4443 divinum
3592 4389 3708 4443 ofﬁ-

2124 4481 2269 4537 cium
2305 4481 2536 4551 pleniter
2580 4480 2692 4535 Deo
2738 4480 3046 4551 persolvere
3099 4486 3320 4550 queant.
3377 4480 3445 4535 Et
3489 4488 3550 4532 ut
3593 4480 3709 4533 hac

2125 4570 2422 4625 auctoritas
2444 4569 2748 4641 largitionis
2778 4581 2976 4625 nostra:
2996 4585 3094 4639 per
3122 4569 3395 4625 curricula
3436 4584 3703 4625 annorum

2123 4660 2483 4718 inviolabilem
2509 4672 2671 4734 atque
2703 4662 3073 4718 inconvulsam
3102 4662 3347 4717 obtineat
3366 4661 3698 4725 ﬁrmitatem,

2124 4768 2287 4808 manu
2342 4754 2556 4824 propria
2605 4752 3126 4809 subteriirmavimus
3148 4794 3164 4817 ,
3220 4762 3276 4808 et
3319 4767 3474 4808 more
3518 4760 3700 4808 nostro

2125 4842 2486 4911 subscribere,
2511 4858 2573 4899 ac
2606 4843 2673 4899 de
2705 4844 2851 4899 bulla
2875 4854 3063 4901 nostra
3094 4843 3317 4916 sigillari
3342 4842 3627 4915 jussimus.

2794 4943 3025 5015 'cxan

2194 5092 2537 5132 PRIVILEGIUII
2571 5092 2822 5132 LOTllARII
2856 5092 2956 5131 PRO
2991 5092 3326 5133 ΙΙΟΝΑΕΤΕΚΙΟ
3380 5089 3627 5131 conm-sat.

2378 5169 2383 5172 ’
2727 5169 2900 5238 (Arma
2931 5168 3081 5239 82L)

2282 5260 2540 5331 [Ugbclli,
2570 5260 2732 5314 Italia
2766 5277 2942 5327 sacra,
2974 5270 3103 5316 tom.
3137 5261 3200 5321 γ,
3225 5274 3352 5330 pag.
3386 5254 3540 5327 266.1,

2196 5353 2253 5408 In
2283 5354 2498 5408 nomine
2524 5354 2733 5408 Domini
2778 5354 2949 5410 nostri
2974 5352 3102 5409 Jesu
3130 5354 3333 5409 Christi
3367 5352 3463 5407 Dei
3489 5352 3696 5412 aeterni.

2120 5447 2410 5502 Lotharius
2437 5447 2713 5518 Angusms
2746 5447 3083 5502 invictissimi
3127 5446 3331 5502 domini
3359 5443 3699 5515 imperatoris

2123 5536 2377 5593 Ludovici
2402 5536 2561 5592 ﬁlius.

2192 5629 2417 5698 Dignum
2445 5638 2527 5683 est
2561 5636 2619 5682 ut
2647 5629 2955 5698 quicunque
2994 5630 3061 5683 ab
3087 5628 3229 5699 igne,
3282 5641 3377 5681 seu
3408 5641 3439 5679 a
3462 5624 3696 5695 quolibet

2122 5720 2396 5774 accidente
2427 5735 2553 5775 casn
2604 5722 2856 5776 damnum
2903 5734 3191 5791 perpessus
3231 5716 3415 5782 fuerit,
3446 5724 3502 5771 et
3532 5717 3690 5785 impe-
