3996 6178
345 308 480 364 “'5'!

1484 298 1881 354 DlPLOMATA
1923 297 2481 355 ECCLESIASTICA.

3462 309 3599 366 H38

340 419 461 479 ι-ωί
487 430 588 487 ope
634 426 697 471 se
719 412 918 468 muniri
969 410 1266 481 quaesierit,
1301 416 1359 463 ut
1398 410 1466 465 ab
1492 408 1612 479 ejus
1634 408 1918 464 clementia
1948 413 1998 471 Α
2024 410 2136 464 rius
2160 410 2433 480 Augustus
2466 411 2806 467 invictissimi
2833 413 3037 468 domini
3063 415 3406 485 imperatoris
3426 420 3598 478 Ludo-

290 517 297 535 τ
341 511 627 571 relevetur,
658 520 691 561 a
715 519 826 574 quo
853 518 914 559 se
939 502 1116 559 credit
1137 500 1484 572 imploratum
1513 500 1773 556 auxilium
1796 515 1923 571 pos-

292 588 400 657 Qse
425 596 670 667 adipisci.
701 592 938 649 Proinde
968 591 1181 647 noverit
1214 591 1509 661 sagacitas,
1537 605 1636 646 seu
1659 590 1922 647 industria

296 669 311 691 ³
336 687 579 743 omnium
604 683 844 740 ﬁdelium
872 689 1204 747 nostrorum,
1253 689 1362 741 tam
1382 679 1733 751 praesentium
1760 694 1921 750 quam

338 777 667 842 futurorum,
715 788 782 830 eo
829 772 973 843 quod
1003 772 1088 827 vir
1134 771 1463 827 venerabilis
1506 770 1619 826 Leo
1642 769 1924 827 Comensis

336 867 629 938 episcopus
680 872 883 920 nostra:
933 862 1169 918 innotuit
1214 861 1519 929 serenitati,
1556 860 1788 932 qualiter
1822 876 1925 931 per

338 958 632 1031 quamdam
678 955 1064 1027 negligentiam
1112 961 1277 1024 atque
1306 952 1575 1008 incuriam
1618 951 1802 1007 omnia
1836 951 1923 1007 in-

337 1056 645 1107 strumenta
672 1049 1007 1111 chartarum,
1052 1058 1153 1116 per
1180 1060 1303 1116 quae
1356 1059 1446 1100 res
1486 1052 1598 1098 tam
1624 1059 1656 1098 a
1684 1039 1923 1112 parenti-

337 1147 463 1212 bus,
496 1159 766 1216 quamque
790 1142 860 1198 ab
899 1141 1176 1199 extraneis
1218 1141 1470 1211 personis
1518 1140 1624 1197 sibi
1672 1139 1922 1207 traditas,

336 1247 432 1291 aut
448 1236 518 1292 ab
544 1251 610 1291 eo
635 1244 869 1305 emptas,
898 1249 993 1290 seu
1022 1240 1406 1300 commutatas,
1428 1233 1553 1304 jure
1577 1233 1925 1304 proprietatis

338 1338 521 1385 tenere
546 1336 708 1398 atque
734 1326 1024 1383 defendere
1057 1326 1331 1394 debuisse,
1353 1337 1655 1397 exustaque
1677 1327 1761 1382 vel
1789 1342 1921 1383 con-

337 1432 578 1478 cremata
596 1419 827 1476 fuissent
852 1436 869 1474 :
889 1419 1093 1475 idcirco
1114 1419 1268 1487 petiit
1285 1419 1635 1475 serenitatem
1655 1425 1920 1481 nostram.

338 1520 398 1567 ut
420 1528 521 1584 pro
545 1518 748 1567 nostra:
789 1509 1056 1566 mercedis
1098 1518 1393 1581 augmento
1434 1519 1496 1567 et
1513 1510 1781 1567 ﬁrmitatis
1811 1521 1925 1567 stu-

337 1600 427 1656 dio
477 1608 721 1656 nostram
772 1599 1154 1656 auctoritatem
1200 1613 1366 1670 super
1402 1601 1509 1656 hoc
1557 1600 1835 1671 negotium
1871 1598 1923 1654 ei

337 1692 454 1749 ﬁeri
482 1691 823 1762 juberemus,
852 1708 950 1763 per
982 1706 1144 1763 quam
1173 1692 1453 1749 modernis
1477 1701 1530 1748 et
1566 1691 1763 1748 futuris
1785 1700 1924 1746 tem-

2023 502 2129 559 vici
2158 502 2317 558 ﬁlius.

2094 594 2173 651 Si.
2191 596 2432 665 provide,
2466 606 2691 667 propter
2753 600 3109 654 reverendum
3171 602 3386 658 venturi
3440 613 3600 675 atque

2024 687 2250 756 pavendi
2269 684 2478 744 Iudicis
2504 704 2768 756 amorem,
2791 689 2956 759 justis
2997 707 3063 747 ac
3088 693 3499 752 rationabilibus
3520 713 3601 752 sa-

2023 779 2303 834 cerdotum
2354 788 2519 851 atque
2569 797 2848 838 servorum
2896 783 2995 839 Dei
3051 786 3424 854 petitionibus,
3469 804 3604 858 quas

2024 871 2182 926 nobis
2215 880 2440 943 propter
2488 873 2727 942 quietem
2754 882 2956 930 sanctae
2985 884 3147 946 atque
3176 877 3469 943 catholicae,
3506 896 3605 935 seu

2023 963 2275 1020 decorem
2303 967 2587 1035 praesentis
2636 974 2810 1023 status
2860 967 3130 1033 Ecclesite,
3185 969 3343 1040 cujus
3366 970 3477 1026 Deo
3507 986 3603 1025 au-

2023 1064 2176 1113 ctore
2207 1059 2444 1130 regimen
2475 1059 2655 1115 sortiti
2688 1066 2833 1125 sunt,
2880 1060 3219 1117 innotescere
3268 1063 3602 1128 curaverint,

2026 1167 2187 1208 aures
2217 1153 2522 1209 clementiae
2568 1162 2769 1209 nostra:
2821 1154 3078 1210 divinitus
3123 1154 3362 1227 instigati
3392 1170 3602 1211 accom-

2023 1243 2325 1307 modamus,
2386 1257 2588 1314 easque
2620 1244 2875 1299 aestuanti
2926 1243 3194 1300 desiderio
3243 1244 3312 1299 ad
3338 1244 3598 1309 debitum,

2024 1331 2136 1387 Deo
2190 1333 2445 1404 propitio,
2503 1334 2914 1404 perduxerimus
2960 1333 3233 1399 effectum,
3278 1350 3386 1390 non
3422 1335 3600 1392 solum

2025 1422 2361 1493 imperialem
2409 1424 2857 1479 consuetudinem
2905 1438 3244 1490 exercemus,
3276 1431 3440 1493 atque
3467 1441 3603 1495 prm-

2025 1514 2371 1570 deeessorum
2405 1523 2739 1581 nostrorum,
2759 1515 3012 1571 videlicet
3036 1532 3221 1587 regum
3245 1515 3597 1581 Francorum,

2024 1605 2169 1662 facta
2205 1608 2596 1673 conservando,
2628 1616 2684 1663 et
2702 1616 2886 1663 nostra
2913 1608 2967 1662 in
3013 1617 3291 1679 posterum
3314 1625 3345 1663 a
3371 1610 3601 1680 posteris

2031 1698 2413 1754 inviolabiliter
2458 1698 2691 1754 favendo
2733 1700 3075 1765 roboramus,
3118 1715 3307 1755 verum
3336 1700 3503 1755 etiam
3533 1701 3603 1755 ad

334 1786 557 1856 poribus
581 1800 669 1840 res
687 1793 744 1840 et
758 1784 1031 1855 mancipia
1051 1800 1172 1854 quae
1197 1799 1295 1856 per
1321 1784 1545 1855 praefata
1563 1785 1923 1840 instrumenta
1950 1763 1998 1823 Β
2025 1790 2245 1861 praemia
2270 1790 2458 1861 patria:
2482 1789 2720 1845 caelestis
2753 1763 3099 1860 percipienda
3125 1788 3431 1857 hujusmodi
3459 1787 3602 1844 facta

337 1876 652 1931 chartarum
695 1877 745 1932 ei
798 1876 1013 1931 tradita:
1059 1876 1299 1943 fuerant,
1344 1886 1438 1932 aut
1490 1878 1558 1932 ab
1588 1891 1656 1933 eo
1702 1885 1921 1946 empta,

337 1982 433 2023 seu
462 1975 827 2033 commutatm,
866 1967 980 2023 sive
1007 1981 1106 2038 per
1131 1967 1429 2038 quamlibet
1484 1967 1812 2037 scripturam
1836 1966 1923 2037 ju-

335 2068 417 2112 ste
441 2066 496 2113 et
525 2056 769 2129 legaliter
817 2057 875 2111 in
916 2055 1043 2127 jure
1099 2058 1292 2128 ipsius,
1340 2066 1450 2113 tam
1488 2058 1543 2112 in
1569 2071 1710 2129 pago
1735 2055 1923 2129 [Forte

332 2147 432 2218 leg.
450 2148 602 2221 agro]
617 2147 870 2205 Comensi
890 2163 1052 2219 quam
1076 2148 1133 2203 in
1161 2148 1361 2205 ﬁnibus
1376 2148 1677 2204 Sibriensis
1700 2146 1913 2220 [Forte,

335 2236 672 2309 Sepriensis]
703 2236 1038 2307 pervenisse,
1065 2244 1230 2305 atque
1279 2236 1463 2306 quiete
1489 2251 1586 2292 seu
1615 2252 1807 2292 secure
1835 2236 1920 2290 di-

333 2327 613 2398 gnoscitur
649 2327 975 2396 possedisse,
1030 2337 1213 2382 tenere
1259 2335 1424 2397 atque
1460 2328 1741 2396 possidere
1777 2327 1923 2383 vale—

336 2425 440 2471 ret.
474 2415 642 2471 Nobis
664 2417 846 2488 itaque
870 2416 1029 2472 libuit
1055 2416 1299 2487 ejusdem
1346 2417 1673 2483 venerabilis
1701 2418 1805 2472 viri
1828 2432 1923 2487 pc-

335 2510 620 2566 titionibus
642 2508 1214 2580 assensum'prmbere,
1252 2517 1309 2565 et
1337 2510 1406 2564 ad
1459 2510 1577 2580 ejus
1604 2509 1921 2581 petitionem

334 2605 477 2659 hanc
512 2611 754 2658 nostram
790 2602 1129 2675 imperialem
1178 2603 1557 2658 auctoritatem
1595 2602 1714 2658 fieri
1739 2601 1924 2659 decre-

334 2697 534 2751 vimus.
567 2695 922 2766 Praacipimus
969 2710 1100 2765 ergo
1154 2702 1318 2763 atque
1338 2692 1616 2761 juhemus,
1645 2700 1709 2747 ut
1733 2707 1922 2748 omnes

338 2800 427 2840 res
456 2792 616 2853 atque
641 2783 910 2853 mancipia
934 2797 1054 2852 quae
1078 2783 1129 2838 ei
1151 2797 1248 2852 per
1273 2781 1571 2852 quamlibet
1594 2781 1920 2851 scripturam

337 2892 369 2930 a
391 2876 802 2945 quibuscunque
833 2873 1103 2945 personis,
1160 2881 1271 2927 tam
1315 2888 1346 2926 a
1375 2871 1696 2942 propinquis
1723 2886 1916 2940 quam-

335 2985 441 3041 que
468 2968 536 3022 ab
560 2968 859 3032 extraneis,
895 2964 1042 3034 juste
1068 2973 1124 3020 et
1163 2963 1408 3037 legaliter
1437 2964 1647 3020 collatae
1677 2962 1918 3028 fuerunt,

335 3068 392 3115 et
414 3073 589 3129 usque
616 3058 686 3115 ad
714 3057 855 3112 diem
892 3070 1054 3125 supra
1085 3056 1303 3126 scriptae
1347 3054 1714 3131 exsecutionis
1738 3054 1920 3124 quiete
1947 3118 1990 3141 Π

2024 1883 2229 1952 absque
2253 1882 2481 1952 ambage
2507 1880 2688 1935 valere
2713 1879 3058 1936 conﬁdimus.
3091 1879 3428 1949 Quapropter
3450 1894 3601 1941 eom-

2022 1975 2199 2044 periat
2241 1974 2472 2030 ﬁdelitas
2509 1974 2754 2030 omnium
2809 1982 3123 2029 nostrorum
3176 1974 3437 2041 fidelium,
3488 1991 3603 2031 mo.

2021 2066 2314 2121 dernorum
2344 2066 2598 2123 videlicet
2621 2074 2678 2121 et
2722 2065 3051 2130 futurorum,
3090 2066 3217 2135 quia
3255 2066 3385 2122 Leo
3407 2068 3494 2122 vir
3518 2083 3601 2124 ve-

2020 2157 2282 2213 nerabilis
2313 2165 2675 2214 sacrosancta:
2700 2157 2958 2213 Ecclesia:
2989 2157 3272 2213 Comensis
3297 2158 3602 2229 episcopus.

2022 2250 2113 2304 ubi
2166 2258 2391 2306 sanctus
2434 2249 2723 2305 confessor
2770 2248 2975 2305 Christi
3036 2248 3321 2304 Abundius
3362 2249 3606 2319 pretioso

2020 2354 2252 2408 corpore
2278 2340 2588 2408 requiescit,
2614 2338 2962 2409 magniﬁcum
2991 2337 3206 2393 culmen
3237 2346 3441 2393 nostra:
3466 2354 3608 2394 sere.

2020 2428 2210 2484 nitatis
2243 2429 2432 2483 adiens
2453 2467 2470 2493 ,
2509 2428 2704 2483 detulit
2739 2428 3016 2484 obtutibus
3048 2428 3254 2483 nostris
3316 2431 3604 2499 quamdam

2024 2518 2405 2574 auctoritatem
2432 2534 2527 2574 seu
2575 2519 3044 2575 conﬁrmationem
3070 2518 3272 2575 domini
3305 2527 3363 2575 et
3398 2521 3608 2592 genito-

2023 2611 2100 2665 ris
2135 2610 2309 2665 nostri
2364 2610 2623 2666 Ludovici
2670 2610 3106 2667 excellentissimi
3134 2611 3379 2684 Augusti,
3416 2613 3471 2668 in
3501 2629 3606 2684 qua

2020 2703 2403 2760 continebatur
2430 2704 2665 2772 qualiter
2713 2709 3049 2773 praeceptum
3078 2703 3181 2773 pia:
3217 2705 3609 2761 recordationis

2022 2796 2109 2850 avi
2135 2795 2307 2850 nostri
2326 2792 2507 2849 Caroli
2537 2793 2911 2862 gloriosissimi
2948 2793 3310 2863 imperatoris,
3346 2809 3442 2850 seu
3470 2811 3608 2864 pra:-

2022 2893 2238 2957 eeptum
2266 2885 2716 2950 conﬁrmationis,
2749 2885 2957 2941 scilicet
3001 2885 3298 2957 Cumperti,
3345 2886 3607 2957 Ariperti,

2022 2983 2077 3032 et
2127 2975 2466 3046 Liutprandi,
2519 2975 2787 3046 Ratigisii,
2832 2974 3155 3047 Heistulphi,
3189 2976 3473 3040 Desiderii,
3522 2980 3608 3033 vrl

2020 3068 2479 3138 prmdeeessorum
2528 3082 2742 3136 eorum,
2770 3083 2891 3138 quae
2926 3062 3030 3138 ipsi
3067 3068 3211 3125 circa
3237 3070 3485 3126 eumdem
3516 3086 3608 3126 ve-v

338 3158 392 3207 et
416 3123 631 3216 secure,
655 3148 870 3204 nemine
917 3123 1255 3217 inquietante
1310 3155 1476 3217 atque
1500 3123 1774 3218 pulsante,
1794 3146 1919 3216 jure

2027 3123 2316 3216 nerabilem
2345 3157 2521 3214 locum
2551 3173 2653 3229 pro
2684 3123 2867 3214 divino
2891 3123 3076 3215 amore
3118 3158 3368 3215 fecerunt
3393 3160 3459 3215 de
3484 3176 3607 3215 om-

337 3240 697 3310 proprietario
756 3246 944 3295 tenere
991 3246 1155 3310 atque
1205 3238 1490 3294 dominare
1521 3238 1698 3294 visum
1731 3236 1920 3305 fuerit,

338 3345 434 3400 per
456 3330 595 3385 hanc
617 3336 818 3385 nostrae
846 3329 1188 3384 auctoritatis
1216 3326 1688 3384 conﬁrmationem
1717 3328 1924 3398 absque

341 3420 505 3476 ullius
551 3420 944 3492 inquietudine,
997 3421 1082 3477 vel
1128 3420 1328 3489 injusta
1357 3420 1795 3491 interpellatione
1820 3419 1923 3476 rite

341 3521 399 3568 et
424 3526 614 3567 secure
636 3512 840 3567 habere
869 3511 954 3566 vel
991 3512 1273 3582 possidere
1297 3511 1498 3567 valeat.
1536 3510 1693 3579 Quod
1718 3510 1765 3565 si
1783 3509 1925 3567 forte

341 3617 504 3672 super
526 3600 767 3670 ejusdem
797 3601 962 3656 rebus
991 3609 1119 3655 ante
1167 3601 1479 3669 praedictam
1516 3600 1922 3656 exsecutionem

338 3692 409 3748 ab
449 3707 515 3747 eo
535 3692 660 3761 jure
685 3698 742 3745 ct
780 3690 961 3758 quiete
988 3691 1264 3758 possessis
1305 3691 1533 3759 quaestio
1583 3697 1705 3745 orta
1735 3686 1921 3754 fuerit,

340 3792 401 3838 ut
436 3796 538 3851 pro
565 3782 646 3836 eis
701 3779 946 3852 legaliter
976 3780 1030 3835 in
1070 3779 1190 3836 foro
1239 3782 1545 3851 disceptare
1578 3794 1805 3837 necesse
1830 3779 1923 3847 sit,

337 3875 417 3929 ita
447 3885 546 3940 per
574 3870 714 3926 hanc
746 3878 992 3927 nostram
1042 3871 1422 3927 auctoritatem
1457 3870 1732 3941 praedictae
1758 3885 1845 3925 res
1871 3879 1928 3925 et

341 3961 611 4031 mancipia
640 3959 999 4016 defendamur
1025 3962 1184 4018 sicuti
1207 3978 1305 4031 per
1325 3962 1515 4018 eadem
1542 3961 1923 4025 instrumenta,

342 4055 386 4110 si
421 4055 543 4126 igne
580 4054 871 4124 absumpta
906 4069 1017 4109 non
1049 4053 1302 4120 fuissent,
1351 4053 1561 4123 legibus
1591 4053 1804 4109 defendi
1834 4067 1929 4124 po-

291 4133 303 4141 ’
342 4152 542 4200 terant.
574 4145 702 4201 Haec
728 4160 860 4214 vero
883 4145 1202 4213 auctoritas,
1231 4154 1293 4201 ut
1314 4153 1501 4201 nostra
1525 4160 1647 4203 esse
1674 4146 1928 4200 credatur

343 4242 398 4289 et
421 4250 451 4289 a
482 4234 732 4291 fidelibus
762 4234 923 4293 dicta:
966 4243 1168 4291 sancta:
1216 4235 1477 4292 Ecclesiae
1501 4244 1558 4290 et
1598 4236 1799 4291 nostris
1826 4250 1925 4306 per

344 4326 526 4384 futura
581 4336 825 4401 tempora
868 4335 1242 4396 conservetur,
1288 4344 1453 4385 manu
1480 4328 1700 4401 propria
1728 4335 1784 4383 et
1829 4340 1927 4383 an-

2021 3250 2179 3306 nibus
2234 3251 2397 3306 rebus
2451 3265 2571 3319 qua:
2605 3250 2780 3305 eidem
2828 3265 2984 3305 sacro
3033 3250 3172 3315 loco,
3237 3258 3346 3305 tam
3381 3252 3448 3306 ab
3476 3252 3608 3322 ipsis

2021 3355 2291 3411 quamque
2318 3355 2350 3394 a
2375 3340 2788 3411 quibuscunque
2816 3341 3084 3409 personis,
3110 3340 3258 3411 juste
3277 3348 3334 3396 et
3365 3340 3610 3412 lcgalitcr

2022 3433 2223 3490 fuerint
2252 3434 2479 3501 traditae,
2509 3434 2623 3490 sive
2655 3433 2722 3489 de
2746 3433 2813 3488 iis
2832 3448 2954 3503 qua:
2982 3432 3037 3487 in
3065 3439 3226 3488 antea
3253 3448 3377 3490 eum
3397 3431 3611 3501 justitia

2023 3526 2307 3600 acquirere
2333 3527 2594 3595 potuerit,
2623 3540 2775 3581 more
2802 3524 3067 3594 imperiali
3094 3523 3466 3578 conﬁrmaret.
3495 3524 3604 3580 Sed

2023 3623 2079 3668 et
2106 3614 2413 3684 specialiter
2466 3615 2521 3668 in
2562 3614 2752 3668 eodem
2808 3613 3070 3668 insertum
3123 3619 3244 3667 erat
3285 3613 3355 3668 de
3376 3612 3607 3673 teloneo.

2025 3719 2121 3758 seu
2160 3712 2421 3767 mercato,
2470 3710 2527 3757 et
2558 3702 2740 3772 Gegls,
2792 3717 2915 3757 cum
2970 3702 3091 3772 ipso
3142 3701 3285 3769 loco,
3314 3718 3525 3759 necnon
3553 3704 3609 3758 in

2026 3792 2340 3848 canonieale
2393 3792 2717 3861 stipendium
2769 3792 3116 3848 concedimus
3154 3792 3410 3849 Comanis
3437 3794 3613 3850 eccle-

2027 3883 2263 3939 siasticis
2291 3881 2500 3946 Clusas,
2533 3890 2589 3936 et
2612 3889 2833 3952 pontem
2870 3880 3012 3950 juris
3041 3884 3213 3939 nostri
3244 3883 3313 3940 de
3341 3883 3612 3941 Clavenna

2027 3972 2358 4029 aeternaliter
2389 3990 2402 4025 :
2439 3972 2663 4041 insuper
2710 3972 2764 4026 in
2794 3972 2980 4028 eadem
3009 3973 3392 4029 continebatur
3423 3981 3613 4031 aucto,

2028 4066 2190 4120 ritate
2232 4065 2300 4120 de
2349 4063 2701 4120 altercatione
2755 4079 2876 4134 quae
2921 4072 3042 4121 orta
3070 4063 3173 4120 fuit
3221 4066 3365 4120 inter
3385 4064 3611 4121 Petrum

2025 4157 2142 4227 ejus
2165 4156 2643 4228 prmdecessorem,
2668 4164 2828 4226 atque
2850 4154 3137 4212 Rectorem
3159 4162 3361 4213 sanctae
3384 4154 3614 4213 Comen—

2027 4250 2104 4306 sis
2139 4248 2397 4305 Ecclesiae
2431 4248 2672 4318 epise0p.
2711 4255 2767 4303 et
2800 4246 3133 4302 Vualdonem
3165 4246 3340 4303 sancti
3369 4247 3612 4319 Dionysii

2027 4341 2303 4405 abbatem,
2338 4338 2572 4411 qualiter
2600 4338 2745 4393 idem
2791 4336 2997 4393 devotae
3038 4337 3431 4394 recordationis
3480 4353 3614 4396 avus

344 4421 459 4476 nuli
490 4423 663 4479 nostri
710 4422 887 4494 effigie
930 4421 1124 4483 subtus
1159 4436 1283 4478 eam
1318 4421 1586 4478 voluimus
1610 4434 1733 4476 esse
1760 4419 1923 4475 robo-

2028 4442 2231 4499 noster,
2258 4432 2381 4503 pius
2429 4445 2493 4486 ac
2529 4428 2795 4501 gloriosus
2836 4429 3129 4498 imperator
3162 4428 3408 4495 Carolus,
3436 4429 3501 4484 de
3523 4444 3614 4483 ea-

348 4515 597 4572 randam.

419 4604 645 4676 Signum
680 4605 922 4661 Lotbarii
944 4607 1319 4678 gloriosissimi
1349 4604 1712 4677 imperatoris.

419 4695 640 4752 Marcdo
663 4697 734 4752 ad
759 4698 934 4753 vicem
961 4697 1195 4770 Vitgagii
1225 4696 1532 4768 recognovi.

416 4789 609 4844 Datum
625 4790 865 4845 secundo
876 4788 1060 4846 Nonas
1079 4787 1244 4855 Junii,
1258 4802 1426 4853 anno,
1442 4786 1660 4845 Christo
1672 4784 1927 4857 propitio,

349 4880 565 4950 imperii
594 4880 800 4938 domini
813 4879 1072 4937 Ludovici
1100 4879 1435 4935 serenissimi
1466 4877 1811 4949 imperatoris
1838 4876 1932 4930 de-

343 4970 511 5036 cimo,
571 4971 835 5042 regnique
892 4971 1135 5027 Lotharii
1182 4968 1562 5043 gloriosissimi
1611 4967 1839 5039 Augusti
1872 4967 1927 5022 in

344 5061 498 5117 italia
550 5062 747 5131 primo,
808 5063 1104 5119 indictione
1157 5062 1357 5133 prima.
1408 5061 1602 5116 Actum
1656 5058 1932 5116 Venonica

343 5152 470 5207 villa
495 5151 720 5208 Vilf‘rcdi
737 5153 979 5229 comitis,
1003 5154 1058 5208 in
1087 5153 1184 5209 Dei
1207 5152 1427 5209 nomine
1448 5150 1701 5207 feliciter.
1739 5149 1929 5206 Amen.

344 5244 502 5300 Anno
531 5244 746 5300 Domini
779 5243 905 5299 825.
952 5298 961 5301 ,
1652 5229 1659 5235 “

1080 5333 1266 5390 CXIX.

444 5457 789 5500 νιινιιεωυκ
834 5461 1087 5500 ιοτιιλιιιι
1127 5462 1227 5501 ιικο
1262 5464 1438 5503 EODEM
1471 5463 1829 5504 NONAS'I‘ERIO.

982 5536 1158 5608 (Αιιηη
1183 5537 1332 5605 ssi.)

815 5627 989 5698 [Apud
1027 5628 1240 5695 liglicl.,
1270 5629 1423 5700 ibid.]

421 5715 480 5774 In
510 5720 727 5774 nomine
759 5721 970 5776 Domini
992 5719 1118 5775 Jcsu
1151 5720 1350 5776 Christi
1378 5722 1467 5777 Dei
1499 5722 1707 5787 :rterui,
1737 5719 1936 5777 Lollia-

2030 4525 2151 4581 dem
2183 4523 2480 4579 intentione
2530 4523 2861 4585 decreverat,
2917 4519 3167 4577 videlicet
3190 4521 3257 4577 de
3290 4521 3451 4576 rebus
3477 4535 3614 4590 quas

2031 4616 2224 4673 \Valdo
2276 4617 2444 4673 abbas
2505 4615 2763 4687 prazdicto
2825 4613 2988 4670 Petro
3039 4613 3293 4686 episcopo
3343 4612 3612 4684 quaesivit,

2030 4724 2152 4779 qua:
2180 4716 2337 4763 erant
2367 4708 2487 4763 sita:
2535 4708 2589 4761 in
2618 4705 2766 4762 Valle
2819 4705 3025 4761 Tellina
3056 4706 3111 4760 in
3139 4706 3335 4761 ducatu
3364 4705 3615 4761 Mediola—
3667 4689 3677 4698 ’

2032 4815 2217 4863 nense,
2273 4808 2333 4871 ut
2361 4800 2501 4857 sicut
2526 4799 2789 4857 hactenus
2822 4813 2921 4868 per
2970 4797 3437 4854 conﬁrmationem
3463 4807 3615 4854 ante-

2031 4908 2309 4950 cessorum
2349 4907 2559 4964 regum,
2589 4890 2806 4946 easdem
2836 4906 2943 4957 res,
2974 4904 3111 4961 quas
3131 4888 3411 4947 Comensis
3435 4889 3616 4947 Eccle—

2032 4984 2113 5041 sia
2141 4990 2408 5050 tenuerat,
2438 4982 2517 5038 ita
2545 4989 2601 5038 et
2627 4981 2682 5035 in
2709 4980 2950 5037 futurum
2977 4996 3078 5052 per
3102 4979 3220 5050 ejus
3243 4980 3612 5037 confirmatio-

2031 5090 2156 5131 nem
2189 5082 2417 5131 teneret.
2456 5072 2589 5144 lpsze
2613 5086 2743 5127 vero
2770 5086 2858 5130 res
2882 5082 3039 5128 erant
3057 5071 3300 5127 ecclesia:
3321 5069 3615 5141 baptisma-

2033 5163 2133 5231 les,
2171 5179 2277 5222 una
2304 5164 2359 5219 in
2408 5161 2651 5227 Amatia,
2680 5168 2737 5216 et
2781 5161 2951 5216 altera
2978 5160 3034 5216 in
3079 5159 3312 5226 Burmis,
3369 5159 3524 5214 tertia
3552 5148 3613 5215 in

2032 5255 2306 5321 Postlavo,
2345 5261 2402 5309 et
2450 5251 2894 5309 monasteriolum
2925 5249 2983 5306 S.
3012 5248 3214 5307 Fidelis
3245 5249 3523 5323 pertinens
3550 5253 3617 5306 ad

2033 5347 2403 5417 episcopatum
2430 5343 2772 5400 Comensem.
2819 5339 3086 5399 Videlicet
3103 5356 3204 5413 pro
3232 5341 3394 5414 hujus
3414 5343 3491 5399 rei
3526 5341 3618 5398 ﬁr-

2036 5438 2226 5493 mitate
2283 5436 2438 5507 petiit
2480 5435 2772 5505 praedictus
2818 5436 3144 5493 venerabilis
3194 5435 3304 5507 Leo
3336 5435 3616 5507 episcopus

2036 5505 2297 5597 quietemi
2319 5524 2629 5581 serenitatis
2660 5532 2882 5588 nostrae,
2924 5533 2983 5578 ut
3013 5541 3118 5579 non
3145 5505 3314 5581 solum
3347 5505 3616 5597 prlecepta

2037 5617 2240 5673 domini
2268 5624 2321 5671 et
2347 5615 2607 5687 genitoris
2634 5615 2823 5679 nostri,
2865 5631 2958 5671 seu
2989 5624 3188 5671 saneta:
3229 5614 3620 5671 recordationis

2038 5713 2122 5768 avi
2152 5712 2327 5770 Caroli
2360 5720 2539 5768 nostin
2568 5710 2888 5767 auctoritate
2942 5709 3399 5776 confirmaremus,
3427 5721 3617 5767 verum
