3946 6174
530 335 672 396 “59

1633 330 1956 388 LUDOVICI
1995 329 2014 383 l
2051 329 2522 389 COGNOMENTO
2563 331 2648 388 Pll

3595 349 3696 403 illo

525 459 691 512 etiam
729 469 815 509 res
843 469 961 524 qua:
990 451 1341 521 suprascripti
1372 463 1549 519 rcges,
1603 464 1696 503 seu
1742 457 2116 502 antecessores
2145 449 2192 507 A
2219 462 2317 515 per
2353 458 2565 504 nostras
2593 450 2800 505 litteras
2835 451 3028 506 Notoni
3058 454 3337 513 Arelatensi
3364 463 3700 540 archiepiscopo

526 561 733 611 eorum,
784 542 1030 597 videlicet
1081 540 1354 611 principes
1382 538 1881 609 Longohardorum,
1914 537 1967 591 bi
1991 543 2116 592 sunt

529 636 897 707 Ansprandus,
929 632 1256 690 Cumbertus
1299 641 1353 688 et
1380 631 1718 698 Bertharius,
1769 646 1866 700 per
1926 643 2112 684 eorum

527 729 876 785 auctoritates
928 728 1199 798 praedictae
1254 725 1509 782 Ecclesiae
1569 725 1971 796 delegaverunt,
2029 722 2116 778 vel

527 819 1005 884 conﬁrmaverunt,
1055 818 1236 873 omnia
1291 825 1474 872 nostra
1508 816 1833 871 auctoritate
1873 814 2111 884 comple-

525 918 762 975 ctantur,
816 918 976 978 atque
1024 908 1263 979 praefata:
1294 917 1495 964 sanctae
1549 907 1801 962 Cannensi
1854 906 2113 961 Ecclesiae

527 1016 630 1071 pro
656 1016 841 1056 amore
866 1000 964 1056 Dei
1016 1008 1071 1055 et
1092 1001 1394 1055 reverentia
1437 999 1609 1054 sancti
1658 997 1892 1053 Abundii
1917 1005 2114 1053 nostrae

525 1092 906 1164 praeceptionis
971 1091 1384 1146 confirmatione
1441 1089 1896 1145 confirmarentur
1953 1097 2114 1158 atque

523 1185 1028 1242 corroborarentur.
1061 1181 1226 1253 Cujus
1251 1185 1500 1253 petitioni
1519 1193 1742 1255 prepter
1765 1197 2007 1238 amorem
2033 1183 2114 1237 di—

525 1275 707 1329 vinum
743 1289 1024 1330 assensum
1055 1275 1403 1345 praebuimus,
1440 1275 1596 1345 juxta
1630 1275 1775 1344 quod
1799 1274 1974 1344 petiit,
2007 1289 2104 1328 an-

524 1365 722 1420 tedicta
767 1372 1037 1434 prtecepta
1087 1375 1331 1420 veterum
1381 1381 1572 1436 regum
1620 1373 1808 1420 nostro
1847 1364 2112 1435 imperiali

521 1464 795 1526 prmeepto
827 1454 1270 1510 conﬁrmavimus
1294 1471 1308 1520 ;
1341 1455 1650 1525 specialiter
1678 1456 2031 1511 decernentes
2055 1464 2116 1510 ut

523 1547 787 1620 quidquid
831 1549 886 1603 in
937 1550 1224 1620 praeceptis
1276 1549 1479 1603 domini
1531 1563 1596 1602 ac
1624 1549 1886 1618 genitoris
1915 1547 2110 1613 nostri,

523 1653 618 1693 seu
650 1638 924 1709 magniﬁci
959 1639 1302 1708 imperatoris
1337 1638 1517 1694 Caroli
1548 1638 1634 1692 avi
1670 1638 1842 1694 nostri
1871 1639 2114 1694 contine-

524 1737 631 1792 tur,
659 1727 746 1782 vel
767 1744 888 1798 qua:
932 1729 1228 1799 praescripti
1277 1743 1434 1800 reges
1471 1728 1949 1797 Longobardorum
1975 1743 2115 1799 prae-

2219 547 2476 610 utrasque
2503 556 2590 596 res
2618 545 2948 612 perspicere,
2983 555 3035 600 et
3062 548 3106 601 si
3141 563 3416 619 congruum
3453 566 3594 627 atque
3626 565 3700 618 uti-

2219 632 2480 687 lissimuiu
2527 635 2789 692 ambabus
2825 639 3065 707 partibus
3113 650 3271 707 esset,
3315 643 3556 702 licentia
3575 651 3700 707 habe-

2218 733 2339 777 rent
2407 725 2548 780 inter
2611 741 2670 782 se
2737 729 3118 794 commutandi,
3149 738 3202 784 et
3257 733 3544 802 chartulam,
3585 741 3700 797 sicuti

2217 818 2385 872 moris
2409 827 2513 883 est,
2561 820 2705 874 inter
2729 835 2788 875 se
2817 819 3070 877 faciendi.
3105 821 3331 880 Veniens
3375 827 3534 897 itaque
3556 837 3698 900 prndi-

2217 916 2337 964 ctus
2394 911 2480 963 vir
2535 912 3006 968 reverentissimus
3058 913 3195 970 Noto
3243 918 3626 992 archiepiscOpus
3662 925 3699 979 in

2214 1001 2555 1068 praesentiam
2618 1010 2883 1069 nostram,
2943 1004 3078 1059 dixit
3131 1022 3187 1061 se
3235 1012 3641 1069 commutationem
3663 1018 3698 1071 in

2217 1093 2465 1149 manibus
2513 1095 2735 1163 habere,
2782 1113 3032 1154 asserens
3064 1101 3366 1170 praedictam
3406 1112 3699 1165 commutatio-

2215 1202 2338 1242 nem
2370 1203 2664 1260 congruam
2686 1199 2742 1246 et
2769 1192 3111 1249 utilissimam
3162 1211 3296 1264 esse,
3328 1201 3598 1270 obsecrans,
3623 1213 3696 1260 tam

2214 1295 2279 1333 ex
2320 1288 2474 1349 parte
2518 1297 2616 1336 sua
2661 1298 2824 1352 quam
2855 1300 2923 1340 ex
2965 1287 3205 1355 praedicti
3258 1290 3487 1357 Leibulli,
3514 1305 3562 1350 ut
3585 1311 3700 1367 super

2215 1373 2432 1428 easdem
2463 1379 2913 1435 commutationes
2939 1391 3185 1438 nostrum
3223 1384 3337 1440 ﬁeri
3372 1388 3700 1446 decerneremus

2213 1473 2562 1534 praeceptum.
2618 1467 2784 1536 Cujus
2831 1470 3081 1539 petitioni
3139 1489 3405 1531 assensum
3453 1481 3698 1550 praebentes,

2207 1555 2473 1626 jussimus
2525 1560 2598 1614 ita
2635 1557 2752 1615 lieri
2797 1562 2937 1618 sicut
2985 1564 3087 1634 ipsi
3123 1565 3476 1623 obsecrabaut.
3511 1569 3699 1627 Contine-

2213 1647 2376 1702 batur
2396 1649 2540 1704 enim
2569 1651 2622 1704 in
2654 1652 2855 1707 eisdem
2897 1657 3398 1714 commutationibus
3423 1663 3544 1731 quod
3568 1664 3701 1731 pradi-

2218 1747 2338 1795 ctus
2362 1740 2500 1796 Noto
2528 1744 2967 1816 archiepiscopus
3017 1763 3128 1802 una
3152 1763 3250 1820 per
3277 1765 3560 1806 consensum
3583 1763 3624 1808 et
3645 1768 3701 1807 vo-

525 1819 652 1880 latae
681 1819 940 1875 Ecclesiae
970 1836 1093 1878 cum
1141 1821 1354 1891 iustitia
1385 1821 1768 1892 delegaverant
1796 1821 1880 1876 vel
1915 1821 2113 1877 conﬁr-
2140 1806 2187 1865 Β
2217 1829 2475 1885 luntatem
2534 1806 2924 1890 canonicoruin
2981 1806 3205 1892 suorum
3255 1840 3470 1896 dedisset
3501 1857 3553 1896 ex
3590 1806 3701 1896 rebus

521 1919 829 1977 maveruut,
878 1921 933 1968 et
959 1913 1143 1983 quiete
1190 1921 1242 1967 et
1267 1912 1412 1982 juste
1440 1915 1738 1984 possidere,
1777 1915 2108 1984 perenniter,

523 2011 580 2058 et
603 2003 724 2058 sine
776 2003 886 2058 ulla
925 2003 1280 2058 resultatione
1335 2003 1549 2058 tinuum
1579 2012 1633 2058 et
1673 2003 1866 2059 stabile
1899 2019 2112 2078 perma-

522 2101 669 2150 neat.
706 2093 1060 2150 Decernimus
1089 2093 1312 2164 insuper
1341 2102 1504 2164 atque
1533 2094 1808 2150 sancimus
1837 2103 1898 2148 ut
1921 2109 2113 2151 omnes

521 2199 615 2240 res
660 2185 932 2255 pradicas
981 2184 1239 2240 Ecclesiae
1280 2184 1562 2241 Comensis
1593 2184 1693 2240 sub
1720 2184 2033 2241 defensione
2057 2193 2112 2241 et

521 2273 745 2329 mundio
791 2273 978 2345 palatii
1023 2275 1218 2339 nostri,
1259 2275 1402 2330 sicut
1453 2283 1694 2345 tempore
1739 2277 1912 2346 patris
1945 2286 1999 2330 et
2025 2278 2112 2332 avi

520 2363 692 2418 nostri
744 2362 983 2428 fuerunt,
1034 2364 1358 2434 perenniter
1395 2365 1714 2420 consistant.
1773 2366 1842 2424 Et
1868 2367 1911 2421 si
1936 2365 2114 2435 aliqua

519 2452 800 2510 altercatio
831 2454 900 2509 de
924 2453 1085 2510 rebus
1111 2455 1386 2526 praedicta:
1415 2455 1693 2522 Ecclesiae,
1735 2473 1854 2527 quae
1888 2473 1986 2528 per
2013 2459 2114 2532 hoc

519 2555 765 2606 nostrum
822 2555 1180 2618 pmceptum,
1225 2555 1281 2604 et
1331 2563 1433 2618 pro
1462 2549 1731 2604 mercedis
1778 2557 1975 2604 nostrae
2018 2566 2113 2604 au-

519 2645 740 2706 gmento
768 2637 1232 2703 conﬁrmavimus,
1261 2646 1380 2692 orta
1412 2637 1596 2703 fuerit,
1641 2655 1762 2708 qua:
1791 2639 1865 2693 ibi
1891 2639 2113 2697 minime

517 2729 732 2784 deliniri
777 2727 1028 2794 valuerit,
1061 2728 1152 2783 ad
1178 2743 1394 2784 sacrum
1443 2728 1706 2798 palatium
1757 2737 2002 2783 nostrum
2028 2741 2114 2782 re-

518 2829 790 2886 servetur,
825 2828 1094 2890 quatenus
1123 2820 1196 2874 ibi
1222 2820 1518 2876 secundum
1549 2818 1890 2875 rectitudinis
1920 2818 2110 2874 trami-

518 2925 626 2973 tem
665 2911 956 2967 terminum
999 2911 1250 2981 accipiat.
1288 2911 1358 2965 Et
1399 2919 1459 2964 ut
1489 2911 1603 2966 haec
1653 2910 1952 2965 auctoritas
1997 2925 2097 2979 per

517 3002 790 3060 curricula
820 3017 1085 3058 annorum
1125 3001 1490 3058 inviolabilem
1523 3009 1686 3072 atque
1739 3000 2111 3056 iuconvulsam

515 3099 759 3154 obtineat
795 3098 1128 3165 ﬁrmitatem,
1183 3113 1348 3152 manu
1397 3097 1616 3168 propria
1645 3097 1833 3152 subter
1866 3096 2110 3150 ﬁrmavi-

516 3202 659 3254 mus,
707 3197 764 3249 et
811 3189 996 3245 annuli
1045 3160 1218 3246 nostri
1272 3160 1632 3262 impressione
1683 3188 1890 3258 signari
1938 3186 2108 3257 jussi-
2136 3160 2180 3223 Ο

522 3293 666 3336 mus.

586 3369 813 3441 Signum
843 3370 1086 3427 Lotharii
1117 3371 1492 3444 gloriosissimi
1531 3372 1902 3441 imperatoris.

587 3459 812 3518 Maredo
839 3461 907 3516 ad
929 3462 1102 3517 vicem
1133 3461 1370 3518 Vitbarii
1405 3463 1713 3531 recognovi.

588 3552 786 3608 Datum
809 3553 972 3608 tertio
992 3552 1129 3608 Non.
1147 3553 1412 3617 Januarii,
1429 3567 1593 3619 anno,
1617 3552 1835 3608 Christo
1856 3555 2106 3624 propitio,

517 3645 579 3700 ll
605 3645 818 3716 imperii
843 3645 904 3699 D.
930 3644 1188 3700 Ludovici
1211 3645 1440 3714 piissimi
1464 3645 1712 3717 Augusti,
1746 3646 1986 3702 Lotharii
2013 3648 2110 3704 ﬁlii

515 3735 632 3804 ejus
684 3736 1059 3808 gloriosissimi
1107 3735 1388 3808 regnantis
1417 3735 1472 3801 2,
1527 3736 1824 3792 indictione
1869 3737 1924 3803 2,
1969 3754 2110 3794 anno

515 3825 644 3883 824.

583 3915 790 3973 Actum
821 3917 1154 3989 Compendio
1192 3918 1396 3988 palatio
1431 3918 1602 3987 regio,
1660 3919 1714 3972 in
1767 3919 1860 3973 Dci
1893 3921 2110 3977 nomine

515 4008 766 4067 feliciter.
798 4009 991 4073 Amen.

1246 4080 1388 4136 CXX

519 4164 584 4208 υε
609 4165 826 4223 QUADAII
882 4166 1304 4206 COMMUTATIONE
1342 4167 1502 4204 INTER
1543 4166 1840 4204 LEIBULFUH
1872 4166 2107 4208 COMITEM

763 4235 832 4275 ET
857 4235 1107 4275 NOTONEII
1135 4236 1383 4277 ARCHIEP.
1412 4234 1818 4276 ARELATENSESI.

1113 4312 1288 4385 (Anno
1341 4312 1492 4384 825.)

520 4402 700 4478 [Apud
731 4401 795 4460 Β.
824 4401 1117 4472 Bouquet.,
1147 4413 1278 4458 tom.
1309 4402 1398 4469 Vl,
1439 4417 1492 4473 p.
1543 4403 1670 4470 540,
1715 4420 1779 4458 ex
1826 4403 2108 4459 Tabulaiio

1124 4493 1458 4567 Am'anensi.]

583 4590 643 4644 ln
672 4591 891 4646 nomine
945 4589 1160 4646 Domini
1199 4589 1295 4644 Dei
1330 4600 1383 4644 et
1412 4588 1714 4646 Salvatoris
1769 4592 1938 4646 nostri
1981 4592 2107 4648 Jesu

513 4679 738 4746 Christi,
782 4680 1112 4746 Ludovicus,
1166 4680 1346 4736 divina
1396 4681 1682 4738 ordinante
1740 4682 2102 4751 providentia,

513 4772 810 4843 imperator
839 4771 1138 4845 Augustus.

584 4863 643 4920 Si
672 4865 819 4920 enim
846 4881 909 4920 ea
937 4880 1055 4936 quae
1085 4863 1270 4920 ﬁdeles
1319 4864 1535 4936 imperii
1566 4867 1738 4920 nostri
1771 4881 1871 4936 pro
1915 4881 2104 4922 eorum

513 4953 1008 5024 opportunitatibus
1037 4954 1178 5009 inter
1190 4968 1250 5009 se
1263 4955 1740 5021 commutaverint,
1758 4957 1960 5011 nostris
1976 4972 2104 5014 con-

513 5045 798 5102 ﬁrmamus
835 5046 1048 5110 edictis,
1103 5045 1437 5116 imperialem
1476 5060 1794 5102 exercemus
1817 5056 2105 5102 consuetu-

512 5137 721 5205 dinem,
753 5136 939 5192 ethoc
975 5136 1030 5190 in
1084 5135 1429 5206 postmodum
1455 5134 1578 5203 jure
1609 5135 1921 5191 firmissimo
1951 5152 2106 5192 man-

512 5241 700 5281 surum
729 5240 851 5283 esse
888 5226 1155 5290 volumus.
1207 5223 1414 5284 Idcirco
1442 5225 1654 5283 noverit
1701 5224 1945 5278 omnium
1975 5225 2105 5280 ﬁde-

511 5318 646 5372 lium
700 5329 1030 5384 nostrorum,
1062 5315 1411 5390 praesentium
1444 5315 1654 5371 scilicet
1688 5326 1743 5370 et
1771 5315 2098 5384 futurorum,

513 5410 806 5477 industria,
833 5409 960 5482 quia
985 5411 1070 5465 vir
1116 5408 1322 5464 illuster
1351 5407 1628 5464 Leibulfus
1665 5423 1847 5464 comes
1873 5423 1970 5478 per
1993 5407 2103 5463 Hil—

515 5501 738 5556 duinum
778 5501 1274 5571 archicapellanum
1328 5508 1574 5556 nostrum
1609 5500 1764 5556 nobis
1788 5498 2017 5568 subjecit
2041 5508 2104 5554 ut

513 5591 706 5648 liceret
728 5593 780 5647 ei
807 5591 875 5646 de
904 5592 1225 5660 quibusdam
1260 5591 1424 5647 rebus
1444 5591 1794 5662 proprietatis
1818 5605 1928 5645 sua:
1953 5605 2100 5646 com-

517 5681 870 5741 mutationem
921 5681 1103 5738 facere
1155 5699 1277 5738 cum
1325 5685 1487 5738 rebus
1532 5682 1873 5752 episcOpatus
1909 5682 2098 5736 Arela-

515 5768 687 5837 tensis
715 5784 779 5826 ex
811 5769 1072 5827 beneﬂcio
1102 5773 1347 5828 videlicet
1369 5789 1484 5848 suo.
1508 5772 1615 5828 Nos
1639 5774 1819 5842 itaque
1835 5772 2096 5842 jussimus

2133 4511 2186 4571 D

2213 1921 2555 1993 episcopatus
2598 1925 2681 1980 sui
2718 1926 2784 1981 de
2819 1928 3088 1984 beneﬁcio
3111 1930 3351 1987 videlicet
3396 1933 3702 2002 praedictibei-

2212 2013 2362 2080 bulfi,
2393 2013 2566 2069 eidem
2611 2014 2858 2072 Leibulfo
2884 2019 2952 2072 ad
2986 2035 3145 2074 suum
3196 2022 3454 2092 proprium
3489 2023 3543 2076 ad
3559 2023 3700 2076 haben-

2212 2107 2338 2161 dum
2367 2107 2574 2177 aliquas
2601 2124 2690 2163 res
2719 2108 2784 2164 de
2817 2111 3023 2166 ratione
3047 2109 3108 2166 S.
3142 2111 3318 2167 Mariae
3337 2120 3388 2167 et
3415 2111 3466 2167 S.
3491 2112 3698 2183 Stephani,

2211 2197 2296 2251 vel
2324 2197 2382 2253 S.
2425 2197 2642 2255 Genesii
2678 2201 2732 2254 in
2758 2215 2896 2274 pago
2939 2203 3058 2272 ipso
3089 2203 3382 2260 Arelatensi
3410 2206 3597 2261 insulam
3617 2207 3700 2261 sub-

2211 2289 2473 2343 urbanam
2503 2289 2670 2360 ipsius
2713 2292 2950 2347 civitatis
3003 2309 3128 2364 quze
3159 2297 3224 2351 de
3272 2297 3491 2366 utrisque
3529 2296 3702 2367 partibus

2212 2377 2581 2433 circumdatur
2605 2395 2634 2433 a
2667 2380 2929 2436 Rhodano
2954 2381 3198 2450 ﬂumine,
3227 2400 3345 2440 cum
3384 2386 3590 2441 ecclesiis
3612 2387 3700 2440 dua-

2211 2469 2352 2534 bus;
2385 2479 2440 2524 et
2465 2471 2655 2526 domos
2687 2472 2755 2525 ad
2793 2474 3149 2530 habitandum
3200 2486 3306 2532 tres
3350 2493 3459 2533 cum
3480 2477 3576 2532 aliis
3600 2493 3697 2532 man-

2213 2561 2470 2618 siunculis
2507 2565 2716 2620 tribus:
2752 2575 2807 2620 et
2839 2565 2905 2621 de
2930 2569 3091 2623 vinea
3133 2570 3388 2625 modiatas
3411 2587 3493 2636 xu,
3520 2571 3573 2624 de
3595 2579 3703 2638 prato

2212 2657 2478 2712 modiatas
2531 2674 2608 2722 vr,
2657 2659 2724 2714 de
2753 2659 2912 2716 horto
2963 2663 3259 2718 modiatam
3308 2679 3473 2729 unam,
3516 2663 3570 2718 de
3602 2672 3703 2717 tem

2212 2747 2354 2802 culta
2400 2757 2455 2804 et
2483 2749 2684 2804 inculta
2704 2752 2972 2807 modiatas
2998 2770 3068 2807 XL
3095 2771 3108 2818 ;
3149 2764 3202 2810 et
3233 2754 3283 2809 in
3314 2754 3421 2810 loco
3446 2755 3522 2824 qui
3543 2763 3704 2808 vocatur

2211 2839 2473 2906 Rubiuas,
2511 2858 2667 2897 casas
2704 2859 2824 2909 vm,
2878 2844 3070 2900 hortos
3112 2847 3264 2912 duos,
3299 2847 3361 2901 de
3393 2847 3525 2899 vinea
3552 2843 3702 2898 modia-

2214 2940 2298 2989 tas
2325 2947 2416 2999 tv;
2457 2941 2512 2988 et
2540 2933 2759 2999 inloco,
2812 2935 2903 3004 qui
2933 2944 3165 2991 vocatur
3193 2935 3558 2998 Ferromannis,
3601 2948 3702 2986 man-

2212 3023 2395 3079 siones
2423 3034 2484 3087 v,
2523 3025 2741 3078 hortum
2770 3041 2935 3080 unum
2958 3068 2971 3092 ,
3011 3025 3081 3082 de
3113 3036 3252 3083 terra
3288 3028 3526 3083 modiatas
3553 3039 3700 3086 ccux;

2212 3123 2267 3169 et
2289 3115 2341 3170 in
2375 3117 2650 3171 territorio
2681 3117 2850 3187 ipsius
2878 3117 3124 3174 civitatis
3145 3161 3158 3184 ,
3205 3121 3258 3174 in
3289 3120 3474 3190 Campo
3514 3116 3703 3186 Lapidem

2212 3213 2412 3276 pascna
2435 3207 2501 3260 de
2524 3205 2849 3276 supradictis
2877 3207 3153 3275 ecclesiis,
3171 3226 3289 3280 qua:
3314 3210 3492 3264 dicitur
3509 3207 3700 3262 Prinnan~

2210 3313 2330 3360 nus,
2370 3298 2460 3353 ubi
2486 3305 2681 3369 puteus
2712 3313 2865 3367 aqum
2892 3299 3152 3355 defossus
3175 3316 3292 3356 esse
3323 3299 3618 3372 dignoscitur,
3648 3310 3706 3349 so-

2211 3386 2406 3442 lidatas
2428 3403 2506 3442 xu
2531 3403 2653 3442 cum
2685 3388 2931 3443 terminis
2959 3397 3014 3444 et
3043 3389 3446 3447 laterationibus
3468 3402 3633 3449 earum,
3655 3385 3703 3438 si-

2211 3486 2303 3532 cut
2349 3479 2401 3532 in
2449 3477 2782 3548 praescriptis
2816 3481 3337 3536 commutationibus
3365 3480 3636 3535 continetur.
3661 3474 3704 3528 Et

2211 3585 2242 3625 e
2267 3579 2455 3626 contra
2486 3572 2540 3626 in
2567 3571 3012 3640 compensatione
3040 3571 3240 3627 harum
3270 3587 3437 3626 rerum
3467 3569 3585 3625 dedit
3606 3580 3701 3636 pra-

2212 3663 2388 3718 dictus
2410 3662 2685 3718 Leibull‘us
2708 3679 2889 3719 comes
2917 3665 3172 3733 partibus
3197 3665 3546 3736 praedictarum
3575 3659 3697 3714 cccle-

2212 3758 2416 3813 siarnm
2447 3755 2504 3812 S.
2538 3757 2719 3813 Mariae
2759 3766 2814 3813 et
2844 3756 2901 3813 S.
2934 3755 3205 3828 Stephani
3251 3767 3304 3814 et
3351 3757 3404 3813 S.
3451 3752 3624 3811 Genesii
3657 3765 3698 3803 ex

2213 3851 2374 3904 rebus
2403 3849 2753 3919 proprietatis
2785 3865 2924 3914 sum,
2975 3865 3096 3919 qua:
3148 3857 3275 3905 sunt
3303 3847 3432 3903 infra
3467 3858 3618 3916 agrum
3642 3838 3700 3907 qui

2212 3947 2437 3994 vocatur
2457 3937 2749 4010 Argenteo,
2783 3940 2836 3994 in
2868 3939 2994 3994 villa
3022 3938 3231 4011 Campo
3255 3939 3464 4000 Publice
3489 3931 3699 3990 ecclesiam

2213 4045 2334 4085 cum
2373 4030 2639 4085 altaribus
2669 4030 2872 4094 tribus,
2916 4045 3036 4100 quae
3071 4041 3202 4086 sunt
3247 4032 3300 4086 in
3340 4031 3522 4085 honore
3560 4028 3700 4079 sancte

2212 4119 2396 4175 Mariae
2429 4129 2484 4174 et
2505 4120 2676 4173 sancti
2705 4119 2851 4175 Petri
2876 4128 2930 4173 et
2961 4120 3139 4174 sancti
3183 4118 3424 4183 Joannis,
3454 4131 3555 4172 cum
3577 4119 3700 4165 secre-

2213 4211 2352 4266 tario
2376 4253 2390 4277 ,
2430 4219 2484 4265 et
2513 4209 2675 4265 cellas
2701 4211 2835 4265 duas
2862 4225 2983 4265 cum
3019 4219 3179 4267 curte
3225 4219 3279 4266 et
3305 4211 3452 4266 horto
3476 4215 3523 4262 et
3554 4198 3700 4258 arbori-

2210 4302 2312 4357 bus
2338 4319 2351 4367 ;
2393 4310 2448 4357 et
2485 4303 2550 4357 de
2577 4303 2731 4356 vinea
2764 4302 3030 4356 modiatas
3059 4317 3152 4368 xv,
3183 4301 3248 4357 de
3280 4309 3416 4356 terra
3442 4294 3599 4353 arabili
3620 4303 3697 4344 nio.

2211 4391 2386 4448 diatas
2409 4409 2506 4459 1.x;
2533 4393 2695 4447 etiam
2724 4393 2775 4447 in
2798 4393 2913 4464 ipsa
2937 4392 3063 4447 villa
3093 4393 3284 4448 domos
3309 4391 3434 4447 duas
3459 4403 3562 4444 eum
3579 4379 3697 4439 curti-

2211 4482 2312 4537 bus
2341 4491 2394 4538 et
2425 4483 2620 4538 hortis.
2671 4483 2740 4537 Et
2765 4483 2819 4537 in
2847 4483 2973 4537 villa
3013 4498 3136 4552 quae
3165 4485 3364 4539 dicitur
3387 4481 3645 4535 Rannessa,
3663 4477 3699 4521 et

2215 4572 2267 4626 in
2291 4573 2416 4627 villa
2455 4587 2574 4641 qum
2612 4573 2811 4628 dicitur
2833 4571 3142 4638 Gelariano,
3169 4589 3322 4629 casas
3351 4587 3444 4633 un,
3473 4569 3695 4622 vineasnu.

2211 4677 2266 4722 et
2313 4669 2380 4723 de
2429 4668 2587 4722 horto
2624 4667 2918 4722 modiatam
2961 4682 3144 4734 unam,
3183 4667 3330 4723 etde
3355 4667 3451 4722 alia
3477 4662 3697 4716 vineamo'

2209 4759 2384 4818 diatas
2416 4776 2479 4824 x;
2518 4767 2572 4812 et
2597 4759 2649 4812 in
2677 4758 2804 4813 villa
2840 4773 2960 4828 qua:
2996 4768 3225 4814 vocatur
3253 4757 3557 4816 Occisianus,
3592 4754 3696 4802 casas

2209 4849 2478 4905 duascum
2503 4849 2646 4904 areis
2669 4849 2897 4914 duabus,
2916 4857 2970 4903 et
2995 4849 3051 4903 in
3076 4849 3219 4904 villis
3235 4865 3354 4919 qua:
3367 4834 3698 4900 voeanturGan-

2208 4939 2416 5012 giacus,
2449 4939 2677 4996 Curicus
2705 4946 2761 4995 et
2802 4939 3124 4996 Occisianus
3151 4982 3164 5007 ,
3220 4948 3274 4995 et
3325 4940 3378 4994 in
3410 4931 3521 4990 villa
3553 4928 3697 4993 Catilli0

2207 5031 2431 5089 Publice
2479 5034 2544 5088 de
2571 5040 2718 5087 terra
2772 5031 3040 5086 modiatas
3077 5034 3239 5099 ccccf,
3269 5029 3334 5086 de
3361 5029 3503 5082 vinea
3549 5015 3698 5073 modia-

2207 5133 2290 5179 tas
2345 5139 2485 5187 xmi,
2549 5138 2672 5178 cum
2737 5122 2986 5178 terminis
3027 5131 3082 5176 et
3111 5119 3504 5176 laterationibus
3545 5115 3699 5164 carui“.

2206 5215 2664 5286 quemadmodum
2713 5214 2769 5268 in
2821 5212 3021 5268 eisdem
3083 5205 3565 5267 commutationibus
3611 5206 3702 5248 σοῦ’

2206 5309 2428 5362 tinetur.
2483 5304 2636 5360 Unde
2680 5312 2734 5359 et
2777 5303 2913 5361 duas
2961 5301 3436 5361 commutationes,
3489 5291 3603 5347 sicut

2203 5398 2386 5468 perius
2429 5396 2878 5466 comprehensum
2935 5401 3062 5460 est,
3117 5393 3232 5463 pari
3291 5400 3466 5445 tenore
3521 5385 3702 5435 ροηδεω-

2203 5500 2343 5562 ptas,
2375 5489 2730 5557 manibusque
2757 5487 3022 5557 bonorum
3047 5485 3322 5541 hominum
3343 5479 3590 5536 roborata!
3605 5473 3700 5562 llr?

2203 5555 2348 5637 i‘atus
2377 5580 2514 5636 Noto
2559 5555 2999 5648 archiepiscopus
3045 5591 3154 5646 pra:
3201 5570 3438 5627 manibus
3480 5555 3699 5648 sebabeff

2202 5673 2478 5744 professus
2523 5679 2624 5726 est.
2669 5643 2774 5724 Sed
2818 5643 2916 5737 pro
2944 5643 3150 5738 integra
3202 5662 3446 5717 ﬁrmitate
3490 5643 3698 5744 pelitruni

2204 5739 2507 5822 celsitudiui
2572 5769 2768 5817 nostrae
2815 5770 2870 5816 ut
2914 5761 3060 5830 ipsas
3111 5751 3528 5813 commutationes
3574 5739 3706 5794 ὸεηυο
