3996 6178
367 323 492 377 ΗΗ

1491 317 1884 374 DIPLOMATA
1922 317 2478 382 ECCLESIASTICA.

3477 321 3631 378 ιιιετ

363 450 458 506 per
485 440 683 488 nostra:
709 429 1135 484 mansuetudinis
1169 439 1496 502 prarceptum
1525 430 1736 500 plenius
1758 430 1810 482 in
1840 429 1932 482 Dei
1962 431 2012 490 Α
2038 443 2092 488 et
2117 438 2440 493 omnimodis
2458 437 2732 507 iubemus,
2760 447 2818 494 ut
2847 456 2947 496 nec
2996 447 3205 506 nostro,
3234 455 3333 496 nec
3363 439 3471 495 ullo
3517 456 3618 494 un-

365 525 582 581 nomine
624 521 947 578 conﬁrmare
1001 521 1342 578 deberemus.
1391 522 1632 589 Quorum
1661 520 1935 591 petitioni-

363 615 463 670 bus
489 611 814 686 [assensum]
848 611 1114 682 denegare
1149 611 1440 679 noluimus,
1473 623 1529 669 et
1550 613 1692 668 sicut
1722 610 1937 664 unicui-

361 719 466 774 que
495 702 735 758 ﬁdelium
765 710 1072 757 nostrorum
1099 703 1246 773 iuste
1273 705 1588 774 petentium,
1620 704 1694 757 ita
1717 717 1814 756 nos
1835 701 1940 755 illis

363 795 698 850 concessisse
749 803 913 864 atque
957 794 1010 848 in
1037 795 1288 850 omnibus
1341 796 1691 852 conﬁrmasse
1735 811 1940 866 cogno-

363 887 520 942 scite.
563 886 948 958 Prmcipientes
987 902 1117 956 ergo
1162 887 1415 956 iubemus
1443 896 1501 942 ut
1528 887 1784 958 quidquid
1817 898 1942 958 pars

357 980 502 1050 iuste
529 988 585 1034 et
616 958 1010 1036 rationabiliter
1037 979 1191 1033 alteri
1224 980 1452 1034 contulit
1499 980 1660 1050 parti,
1692 979 1945 1050 deinceps

363 1085 460 1138 per
502 1071 643 1125 hanc
672 1080 912 1125 nostram
944 1070 1323 1125 auctoritatem
1370 1070 1492 1139 jure
1523 1070 1834 1126 ﬁrmissimo
1858 1080 1944 1126 te-

364 1167 492 1215 neat
548 1169 709 1230 atque
760 1159 1052 1231 possideat,
1108 1168 1170 1214 ut
1206 1160 1468 1231 quidquid
1521 1160 1717 1215 exinde
1766 1159 1946 1216 facere

365 1250 614 1316 voluerit,
644 1250 815 1305 libero
846 1250 899 1304 in
951 1251 1200 1306 omnibus
1245 1252 1557 1322 perfruatur
1602 1253 1830 1308 arbitrio
1875 1253 1950 1308 fa—

364 1340 542 1396 ciendi
597 1341 858 1410 quidquid
902 1341 1143 1414 elegerit.
1186 1342 1254 1397 Et
1294 1344 1499 1402 ut.haec
1537 1344 1833 1399 auctoritas
1862 1343 1950 1398 ﬁr-

367 1432 507 1486 mior
536 1431 820 1496 habeatur,
853 1439 909 1486 et
933 1446 1034 1501 per
1080 1431 1262 1486 futura
1295 1439 1536 1502 tempora
1591 1433 1786 1488 melius
1821 1449 1952 1488 con—

366 1529 635 1588 servetur,
662 1521 729 1576 de
755 1521 955 1576 annulo
982 1529 1170 1577 nostro
1195 1523 1380 1578 subter
1416 1521 1678 1592 iussimus
1706 1522 1947 1595 sigillari.

439 1609 663 1680 Signum
703 1609 959 1666 Ludovici
987 1611 1116 1681 imp.
1146 1610 1391 1683 Augusti.

438 1699 725 1756 Durandus
779 1701 1038 1758 diaconus
1091 1703 1160 1757 ad
1229 1703 1401 1758 vicem
1465 1704 1733 1776 Fridugisi
1797 1719 1951 1760 reco—

369 1791 547 1861 gnovi.

441 1881 574 1935 Data
610 1897 668 1936 ιιι
708 1881 887 1937 Nonas
915 1881 1221 1951 Januarias,
1250 1900 1414 1950 anno,
1453 1883 1672 1940 Christo
1695 1886 1954 1954 propitio,

371 1974 430 2026 ll
468 1973 887 2043 imprriidomni
939 1974 1194 2030 Ludovici
1242 1976 1471 2046 piissimi
1511 1976 1759 2046 Augusti,
1817 1978 1957 2031 indi-

371 2065 550 2120 ctione
586 2064 640 2118 5.
673 2064 868 2120 Actum
929 2065 1254 2136 Aquisgrani
1282 2067 1484 2136 palatio
1533 2067 1587 2121 in
1615 2067 1710 2122 Dei
1742 2068 1957 2122 nomine

370 2152 622 2210 feliciter.
659 2153 852 2209 Amen.

1071 2223 1255 2280 CXXI.

741 2309 844 2349 PRO
878 2307 1214 2349 NONASTERIO
1255 2310 1588 2349 DIONYSIANO.

981 2384 1163 2454 (Anno
1201 2383 1326 2440 825.
1345 2386 1363 2454 )

377 2474 626 2530 Ludovici
679 2471 768 2527 Pii
806 2485 852 2528 et
891 2472 1129 2545 Lothqrii
1184 2475 1557 2544 imperatorum
1606 2487 1919 2545 prwceptum
1944 2516 1960 2541 ,

447 2561 552 2615 quo
607 2545 983 2615 monasterium
1029 2544 1415 2615 Dionysiorum
1469 2545 1718 2598 eximitur
1745 2544 1781 2598 a'
1833 2563 1962 2611 pen-

449 2613 594 2670 sione
620 2613 963 2669 ducentorum
991 2615 1097 2668 vini
1117 2614 1432 2668 modiorum.

489 2705 750 2780 [Mabill.,
779 2706 843 2760 de
887 2704 980 2759 Re.
1029 2705 1271 2777 diplom.,
1296 2714 1428 2762 tom.
1455 2704 1520 2770 II,
1544 2721 1668 2776 pag.
1699 2705 1858 2778 555.]

454 2801 756 2876 ln°nomine
802 2821 1012 2876 Domini
1043 2821 1134 2874 Dei
1175 2828 1230 2875 et
1261 2819 1560 2875 Salvatoris
1613 2823 1786 2876 nostri
1839 2821 1968 2876 Jesu

387 2913 625 2978 Christi,
662 2913 975 2969 Ludovicus
1025 2921 1079 2969 et
1108 2913 1418 2979 Lotharius,
1449 2913 1628 2968 divina
1682 2913 1968 2972 ordinante

387 3005 742 3076 providentia,
783 3007 1136 3076 imperatores
1179 3004 1429 3075 Augusti.

2037 539 2196 594 quam
2218 541 2590 585 successorum
2621 539 2928 587 nostrorum
2947 538 3209 601 tempore,
3232 531 3409 600 ipsum
3428 530 3614 586 vinum

2039 630 2066 668 a
2093 623 2358 684 potestate
2385 618 2592 687 prmfati
2621 619 2937 676 monasterii
2965 620 3232 690 quispiam
3299 633 3400 674 nec
3416 619 3580 688 iudex
3599 662 3615 688 ,

2039 721 2139 760 nec
2165 706 2383 774 missus,
2401 724 2502 764 nec
2531 710 2634 765 ulla
2658 711 2760 765 alia
2790 725 3022 781 persona
3046 716 3299 766 exactare
3317 716 3410 763 aut
3434 711 3618 780 requi-

2041 811 2163 850 rere
2182 807 2472 866 praas'umat
2497 819 2508 854 :
2537 804 2630 856 sed
2661 801 2824 856 liceat
2851 801 3078 870 pragfato
3107 798 3250 854 ﬁdeli
3286 808 3473 855 nostro
3507 798 3622 853 Hil-

2042 888 2232 944 duino.
2261 930 2306 945 ..
2467 895 2740 963 negotium
2789 894 3157 951 ecclesiastica
3203 892 3502 948 necessitas
3542 891 3612 946 di:

2042 981 2287 1047 ctaverit,
2312 982 2440 1037 illud
2475 985 2858 1055 perpetualiter
2901 985 3195 1056 deputare:
3237 993 3504 1056 quatenus
3529 999 3625 1037 noo-

2044 1078 2171 1125 stra:
2198 1072 2551 1145 eleemosynae
2582 1078 2860 1132 concessio
2879 1075 2945 1131 de
2974 1077 3090 1146 ipso
3118 1091 3284 1132 censu
3316 1073 3526 1130 stabilis
3569 1083 3621 1127 et

2046 1162 2301 1217 inviolata
2352 1164 2545 1220 futuris
2589 1169 2918 1237 temporibus
2975 1169 3029 1222 in
3073 1168 3189 1239 ipso
3246 1167 3367 1223 loco
3410 1182 3623 1237 perma-

2047 1262 2194 1318 neat,
2226 1255 2364 1309 sicut
2390 1269 2487 1324 pro
2514 1255 2606 1311 Dei
2647 1272 2830 1313 amore
2889 1267 2945 1312 et
2979 1266 3194 1315 interna:
3241 1257 3506 1313 mercedis
3541 1273 3625 1312 re-

2049 1344 2340 1400 tributione
2364 1385 2377 1398 .
2407 1385 2420 1398 .
2449 1387 2462 1399 .
2492 1386 2504 1400 .
2532 1387 2545 1400 .
2574 1388 2587 1402 .
2615 1388 2630 1403 .
2658 1389 2670 1402 .
2701 1389 2713 1402 .
2753 1364 3068 1405 concessum
3125 1365 3189 1405 ac
3248 1348 3626 1405 conﬁrmatum

2050 1449 2172 1489 esse
2202 1434 2559 1506 dignoscitur.
2585 1439 2653 1493 Et
2697 1447 2759 1494 ut
2816 1440 2930 1495 haec
2965 1440 3258 1495 auctoritas
3306 1453 3404 1509 per
3449 1438 3624 1494 futura

2049 1537 2294 1598 tempora
2321 1528 2614 1599 pleniorem
2642 1531 3229 1598 obtineatfirmitatem,
3254 1530 3436 1585 annuli
3459 1537 3632 1585 nostr.

2053 1618 2407 1688 impressione
2431 1621 2615 1678 subter
2635 1639 2753 1678 eam
2791 1624 2993 1695 signari
3014 1622 3292 1692 iussimus.

2124 1707 2404 1765 Adalulfus
2441 1711 2700 1768 diaconus
2747 1715 2812 1768 ad
2851 1713 3020 1769 vicem
3053 1714 3321 1784 Fridugisi
3349 1712 3634 1782 recognovi

1981 1777 2028 1836 Β
2057 1807 2113 1854 et
2133 1800 2447 1870 subscripsi.

2129 1890 2261 1944 Data
2285 1893 2508 1962 praecisa
2538 1903 2639 1950 est.

2747 2005 2953 2062 CXXII.

2095 2107 2473 2152 IONASTERIUII
2521 2113 2955 2153 ARGENTOLIENSE
3013 2112 3256 2158 (30550310
3293 2114 3608 2158 ΒῙΟΠΒΙΔἈΘ

2660 2183 3046 2224 RESTITUITUR.

2656 2258 2846 2328 (Anno
2876 2259 3042 2332 825.)

2065 2343 2240 2416 [Apud
2272 2345 2334 2400 D.
2357 2347 2650 2421 Douquetq
2682 2349 2933 2421 t_om_.Vl,
2961 2365 3084 2421 pag.
3135 2351 3262 2416 542,
3295 2367 3363 2421 ex
3391 2352 3642 2420 Dubleto,

2349 2416 2491 2471 Hist.
2521 2417 2641 2470 abb.
2678 2416 2736 2472 S.
2763 2416 3175 2492 Dionysiifpag.
3211 2420 3360 2494 736.]

2136 2524 2192 2578 In
2231 2526 2449 2582 nomine
2484 2525 2698 2582 Domini
2737 2527 2832 2583 Dei
2875 2536 2930 2582 et
2971 2528 3268 2586 Salvatoris
3303 2533 3478 2588 nostri
3517 2531 3644 2590 Jesu

2067 2613 2291 2681 Christi,
2348 2616 2654 2673 Ludovicus
2679 2627 2734 2673 et
2777 2619 3088 2688 Lotharius,
3124 2621 3306 2678 divina
3358 2623 3646 2680 ordinante

2067 2706 2425 2776 providentia,
2457 2709 2810 2780 imperatores
2833 2710 3080 2782 Augusti.

2141 2796 2199 2852 Si
2230 2813 2292 2853 ea
2330 2815 2450 2869 qua:
2471 2815 2502 2854 a
2534 2801 2702 2856 Deum
2755 2803 3069 2858 timentibus
3096 2804 3406 2860 hominibus
3431 2805 3501 2862 ad
3526 2804 3645 2862 loca

2069 2889 2254 2944 divino
2279 2890 2447 2946 cultui
2477 2892 2726 2948 dedicata
2755 2893 2982 2949 solemni
3011 2895 3296 2951 donatione
3325 2895 3541 2967 largita,
3560 2898 3646 2952 vel

2070 2979 2373 3036 condonata
2421 2991 2567 3048 sunt,
2593 2991 2649 3038 et
2676 2992 2866 3054 postea
2916 2986 3157 3056 qualibet
3203 2987 3489 3043 occasione
3527 2988 3648 3044 inde

455 3094 513 3150 Si
529 3095 674 3150 enim
697 3069 763 3150 ex
784 3069 874 3150 bis
897 3110 1018 3164 quae
1039 3135 1052 3149 .
1073 3133 1087 3148 .
1110 3135 1123 3148 .
1146 3136 1159 3149 .
1197 3103 1252 3151 et
1267 3069 1516 3150 ecclesiis
1538 3105 1850 3151 sanctorum
1873 3097 1966 3152 Dei
1996 3121 2041 3184 ρ
2072 3069 2845 3184 ξ’ῗτθξξξξδδξξφξδξηωτξ
2861 3084 3052 3184 ξηξῗίτθ
3093 3077 3416 3184 “uomit”?
3445 3079 3526 3180 ad.
3542 3087 3639 3184 δίίξ·

386 3185 603 3240 annuali
620 3187 1010 3242 consuetudine
1020 3186 1498 3256 persolvuntur,ob
1517 3187 1607 3242 Dei
1624 3203 1864 3243 amorem
1880 3204 1970 3244 no-

387 3277 516 3332 stris
545 3275 845 3346 futurisque
874 3277 1207 3346 temporibus
1227 3277 1576 3344 remittimus,
1595 3286 1760 3348 atque
1778 3280 1845 3333 ad
1866 3279 1970 3334 uti-

385 3367 568 3422 litates
592 3376 646 3422 et
667 3368 1024 3424 necessitates
1041 3370 1281 3440 ipsarum
1303 3369 1656 3425 ecclesiarum
1679 3385 1972 3440 procuran-

390 3457 488 3512 das
501 3458 846 3514 concedimus
862 3476 876 3525 ;
896 3460 1000 3515 hoc
1019 3460 1175 3515 nobis
1188 3461 1374 3530 procul
1389 3460 1554 3515 dubio
1567 3460 1633 3514 ad
1654 3469 1968 3532 perpetuam

387 3547 688 3603 mercedem
711 3547 1052 3617 profuturum
1095 3550 1433 3606 conﬁdimus.
1458 3550 1665 3606 Idcirco
1688 3559 1874 3606 notum
1901 3552 1972 3606 sit

386 3637 636 3693 omnibus
653 3639 1013 3706 prmsentibus
1037 3647 1092 3693 et
1118 3640 1338 3704 futuris,
1364 3641 1492 3708 quia
1537 3641 1622 3695 vir
1649 3640 1974 3703 venerabilis

388 3727 674 3781 Hilduinus
703 3727 1018 3781 monasterii
1057 3728 1229 3782 sancti
1260 3728 1498 3797 Dionysii
1534 3729 1691 3791 abba,
1722 3727 1974 3796 sacrique

389 3816 578 3870 Palatii
616 3815 788 3869 nostri
805 3815 1302 3886 Archicapellanus,
1327 3824 1527 3872 nostrae
1556 3817 1790 3872 innotuit
1815 3819 1974 3873 celsi-

393 3909 588 3974 tudini,
604 3909 746 3978 quod
769 3908 1044 3977 cuiusdam
1072 3919 1475 3965 antecessornm
1499 3919 1809 3967 nostrorum
1833 3922 1971 3968 tem-

391 4014 541 4070 pore,
563 3999 851 4054 occasione
879 4015 979 4070 pro
999 4001 1307 4072 indigentiae
1323 4002 1436 4056 vini
1467 4003 1880 4071 interveniente,
1906 4005 1975 4060 ab

388 4107 453 4146 eo
473 4091 566 4160 qui
589 4099 717 4146 tunc
747 4093 1004 4162 temporis
1040 4108 1156 4148 rem
1203 4094 1472 4163 publicam
1517 4096 1878 4166 gubernabat,
1909 4099 1974 4154 de

389 4201 552 4254 praec.
574 4224 587 4240 .
609 4224 624 4239 .
646 4224 660 4240 .
682 4227 694 4240 .
717 4227 730 4240 .
752 4227 764 4240 .
787 4228 800 4240 .
823 4227 836 4240 .
871 4188 1213 4243 necessitatis
1254 4197 1310 4243 et
1337 4189 1648 4260 indigentia:
1680 4205 1746 4245 ex
1787 4206 1977 4245 mona-

391 4278 558 4332 sterio
588 4277 762 4334 sancti
787 4277 1027 4349 Dionysii
1051 4278 1118 4333 ad
1152 4276 1297 4333 Vern
1345 4278 1528 4332 villam
1574 4289 1814 4336 nostram
1839 4295 1976 4350 prae»

391 4367 672 4422 berentur.
713 4366 866 4423 Unde
888 4384 1011 4423 cum
1058 4367 1201 4423 idem
1227 4367 1388 4432 abba,
1411 4369 1503 4439 qui
1537 4368 1628 4424 illo
1657 4369 1710 4423 in
1735 4378 1977 4440 tempore

391 4457 567 4512 eidem
592 4465 793 4512 sancta:
831 4458 1074 4515 ecclesiae
1093 4466 1338 4527 praeerat,
1371 4458 1602 4514 ducenta
1645 4461 1820 4514 modia
1868 4462 1975 4515 vini

393 4551 504 4606 illic
540 4558 762 4620 propter
806 4549 919 4618 iam
957 4552 1158 4606 dictam
1210 4552 1524 4620 petitionem
1562 4552 1870 4617 tribuisset;
1921 4563 1976 4608 et

396 4641 578 4696 ceteri
603 4641 694 4709 qui
723 4650 845 4710 post
867 4642 1016 4695 illum
1037 4648 1277 4696 rectores
1303 4642 1545 4712 eiusdem
1577 4642 1681 4698 loci
1715 4641 1968 4706 fuerunt,

398 4730 650 4787 similiter
677 4731 946 4802 egissent;
999 4731 1174 4802 adque
1199 4729 1356 4799 huius
1375 4771 1388 4785 .
1409 4771 1422 4785 .
1449 4771 1463 4785 .
1485 4773 1498 4786 .
1520 4771 1534 4786 .
1555 4773 1568 4788 .
1598 4773 1610 4785 .
1652 4749 1751 4803 pro
1779 4733 1893 4804 lege
1921 4743 1978 4789 et

397 4820 580 4876 debito
609 4835 775 4875 censu
801 4820 856 4874 in
892 4821 1006 4890 ipsa
1032 4819 1156 4874 villa
1191 4821 1258 4875 ab
1289 4821 1565 4876 actoribus
1610 4822 1774 4892 regiis
1804 4824 1976 4877 teneri

397 4911 710 4966 videretur:
743 4911 972 4981 ideoque
1003 4912 1179 4981 petiit,
1211 4918 1270 4965 ut
1289 4911 1358 4965 ob
1373 4911 1467 4966 Dei
1491 4927 1733 4966 amorem
1762 4921 1817 4967 et
1843 4927 1970 4967 san-

399 5010 608 5057 ctorum
631 5002 1144 5072 illicquiescentium
1175 5003 1557 5068 reverentiam,
1581 5003 1648 5057 ab
1663 5003 1764 5056 hac
1785 5003 1899 5073 lege
1923 5012 1977 5057 et

399 5095 786 5149 consuetudine
801 5095 969 5163 ipsam
984 5104 1227 5150 sanctam
1242 5094 1538 5150 Ecclesiam
1552 5094 1975 5150 absolveremus.

401 5184 565 5254 Cujus
605 5185 952 5256 petitionem,
1000 5187 1109 5241 imo
1155 5195 1210 5241 et
1256 5187 1709 5256 deprecationem,
1743 5185 1812 5240 ad
1840 5185 1982 5240 salu-

403 5281 512 5327 tem
539 5275 732 5327 animae
759 5284 956 5328 nostrze
983 5276 1139 5330 nobis
1165 5276 1350 5329 utilem
1375 5292 1438 5331 ac
1455 5315 1467 5329 .
1487 5315 1501 5329 .
1524 5316 1536 5330 .
1561 5316 1574 5330 .
1593 5316 1607 5330 .
1629 5315 1642 5330 .
1664 5315 1678 5328 .
1705 5277 1849 5345 quod
1878 5291 1977 5346 po-

404 5363 635 5418 stulabat
659 5363 835 5417 eidem
859 5373 1043 5417 sancto
1070 5365 1191 5418 loco
1217 5367 1602 5431 concessimus,
1635 5374 1692 5420 et
1733 5367 1787 5419 in
1826 5376 1980 5436 pote-

405 5461 544 5507 state
583 5463 638 5507 ct
673 5454 899 5508 arbitrio
930 5455 1071 5508 illius
1109 5470 1328 5509 manere
1349 5456 1762 5510 constituimus:
1794 5463 1854 5508 ut
1878 5456 1984 5511 sic-

407 5551 465 5596 ut
487 5558 517 5595 a
539 5543 695 5597 nobis
721 5557 816 5612 per
836 5542 980 5598 illius
1009 5543 1450 5598 intercessionem
1470 5543 1732 5598 indultum
1761 5551 1816 5596 et
1849 5559 1982 5598 con-

408 5649 619 5690 cessum
649 5633 847 5700 fuerat,
880 5633 952 5689 ita
985 5635 1050 5690 ad
1082 5649 1456 5705 quamcunque
1479 5648 1818 5690 communem
1843 5635 1984 5690 illius

409 5728 648 5784 ecclosiae
677 5728 978 5784 utilitatem.
1003 5767 1037 5782 ..
1063 5767 1104 5780 ..
1131 5769 1139 5781 .
1164 5767 1176 5781 .
1203 5725 1381 5790 vellet,
1415 5727 1468 5782 in
1505 5726 1774 5781 omnibus.

2075 3173 2189 3218 tum
2247 3179 2405 3219 suum
2452 3181 2792 3233 revocamus,
2824 3175 2880 3222 et
2914 3168 3112 3222 iterum
3157 3175 3357 3223 nostra:
3391 3168 3649 3240 iussionis

2072 3254 2295 3310 oraculo
2343 3256 2750 3324 conﬁrmamus,
2795 3259 2898 3314 hoc
2929 3257 3088 3314 nobis
3129 3259 3319 3328 procul
3370 3259 3534 3314 dubio
3582 3260 3650 3314 ad

2072 3354 2332 3402 aiternam
2369 3348 2756 3404 beatitudinem
2795 3349 3219 3420 adipiscendam,
3252 3365 3347 3407 seu
3375 3349 3645 3408 stabilita-

2073 3446 2178 3492 tem
2205 3438 2416 3509 imperii
2441 3439 2614 3495 nostri
2637 3440 2996 3498 roborandam
3021 3442 3650 3513 pertinereconﬁdimus.

2072 3527 2195 3584 Ideo
2233 3538 2422 3585 notum
2469 3532 2541 3586 sit
2591 3533 2833 3587 omnium
2879 3531 3119 3588 ﬁdelium
3177 3541 3484 3589 nostrorum
3537 3543 3650 3588 tam

2072 3621 2417 3687 praesentium
2448 3637 2609 3690 quam
2654 3629 2707 3676 et
2751 3622 3057 3677 futurorum
3103 3622 3400 3688 industriae,
3428 3624 3555 3692 quia
3587 3623 3652 3677 il-

2073 3707 2261 3764 lustris
2289 3711 2511 3776 femina,
2533 3727 2690 3767 soror
2704 3713 2953 3768 videlicet
2978 3721 3183 3778 nostra,
3212 3712 3527 3768 Theodrada
3540 3713 3651 3768 Deo

2075 3809 2288 3856 sacrata
2315 3842 2330 3868 ,
2359 3805 2585 3858 ‘nostra:
2637 3805 2905 3874 suggessit
2966 3807 3368 3862 mansuetudini
3420 3807 3652 3877 qualiter

2077 3898 2412 3962 compertum
2435 3892 2712 3948 habuisset
2757 3895 2901 3964 quod
2946 3897 3332 3951 monasterium
3387 3899 3651 3956 vocabulo

2076 3981 2504 4052 Argentogilum,
2535 3982 2700 4038 situm
2752 3985 2806 4038 in
2855 3999 2991 4055 pago
3043 3985 3320 4041 Parisiaco
3346 4002 3508 4057 super
3539 3987 3644 4044 ilu-

2077 4078 2224 4134 vium
2255 4077 2542 4149 Sequanae,
2566 4079 2709 4148 quod
2740 4080 2854 4149 ipsa
2883 4081 3060 4150 primo
3087 4095 3184 4152 per
3215 4081 3536 4138 beneﬁcium
3557 4084 3655 4141 do-

2079 4171 2191 4224 mni
2219 4178 2272 4226 et
2304 4172 2565 4241 genitoris
2585 4174 2757 4228 nostri
2783 4173 2964 4229 Caroli
2994 4175 3327 4231 serenissimi
3357 4176 3650 4248 imperato-

2080 4261 2175 4327 ris,
2207 4270 2258 4316 et
2285 4270 2471 4330 postea
2509 4277 2608 4332 per
2639 4271 2880 4319 nostram
2928 4265 3267 4337 largitionem
3309 4269 3549 4336 tenebat,
3585 4270 3656 4326 ad

2079 4352 2468 4406 monasterium
2501 4353 2646 4408 beati
2672 4363 2730 4409 et
2769 4354 2986 4425 gloriosi
3017 4355 3217 4412 Christi
3254 4360 3509 4431 martyris
3536 4361 3656 4416 Dio-

2004 4474 2056 4535 D
2083 4443 2242 4514 nysii,
2268 4444 2360 4498 ubi
2381 4446 2632 4514 presenti
2657 4454 2897 4516 tempore
2915 4448 3000 4501 vir
3019 4449 3345 4505 venerabilis
3372 4451 3655 4506 Hilduinus

2083 4537 2281 4603 abbas,
2315 4545 2370 4592 et
2392 4539 2530 4592 sacri
2556 4539 2742 4607 palatii
2767 4540 2938 4594 nostri
2962 4541 3449 4612 archicapellanus,
3475 4549 3656 4598 rector

2081 4643 2314 4700 prasesse
2339 4629 2572 4695 videtur,
2603 4631 2876 4701 pertinere
2899 4631 3154 4687 deberet:
3184 4634 3447 4704 petiitque
3467 4641 3528 4688 ut
3555 4650 3654 4705 pro

2084 4722 2347 4777 mercedis
2366 4730 2567 4778 nostra:
2591 4730 2880 4794 augmento
2905 4725 2973 4778 ad
2989 4733 3186 4780 statum
3208 4725 3497 4796 pristinum
3527 4725 3658 4782 illud

2081 4815 2324 4869 revocari
2362 4812 2698 4881 fecissemus,
2730 4829 2796 4869 eo
2827 4814 3077 4870 videlicet
3107 4816 3266 4870 modo
3303 4824 3363 4871 ut
3389 4829 3658 4873 memora-

2085 4912 2197 4959 tum
2230 4907 2617 4961 menasterium
2637 4915 2756 4976 post
2777 4923 2933 4963 suum
2963 4907 3033 4961 ab
3059 4908 3162 4962 hac
3184 4907 3302 4963 luce
3327 4908 3646 4971 discessum,

2083 4997 2129 5050 si
2163 5005 2343 5052 tamen
2381 4997 2526 5052 aliud
2576 4999 2965 5054 monasterium
2997 4999 3045 5053 ei
3090 5008 3249 5056 antea
3276 5000 3330 5054 in
3375 5015 3656 5071 compara-

2085 5088 2229 5142 tione
2255 5103 2354 5157 pro
2387 5088 2504 5156 ipso
2529 5103 2560 5142 a
2598 5089 2752 5143 nobis
2780 5089 2963 5143 datum
2987 5101 3093 5144 non
3125 5088 3288 5145 fuerit
3308 5097 3402 5144 aut
3444 5091 3661 5160 propria

2085 5181 2364 5234 voluntate
2391 5195 2513 5234 eum
2537 5180 2810 5235 dimittere
2833 5197 2939 5236 non
2959 5179 3211 5243 voluerit,
3241 5181 3310 5236 ad
3331 5189 3654 5250 potestatem

2087 5270 2402 5326 monasterii
2434 5269 2492 5324 S.
2512 5269 2752 5339 Dionysii
2773 5270 2978 5340 absque
3006 5269 3112 5324 ulla
3154 5271 3543 5327 contrarietate
3571 5273 3659 5328 vel

2087 5363 2405 5432 cuiusquam
2462 5361 2884 5431 interrogatione
2927 5361 3282 5429 reciperetur.
3326 5359 3438 5418 Nos
3484 5377 3652 5420 vero.

2085 5454 2267 5506 audita
2319 5453 2463 5508 illius
2500 5452 2702 5506 salubri
2728 5465 2793 5504 ac
2838 5449 3087 5520 religiosa
3126 5451 3418 5521 petitione,
3455 5453 3664 5524 przedl~

2087 5552 2232 5599 ctum
2260 5541 2618 5597 venerabilem
2678 5540 2852 5594 virum
2898 5540 3208 5595 IIildninuin
3260 5543 3384 5612 quia
3416 5557 3654 5613 praesens

2085 5633 2291 5696 aderat,
2321 5632 2365 5687 si
2394 5634 2523 5702 quid
2552 5634 2618 5688 de
2645 5634 2747 5687 hac
2779 5648 2835 5687 re
2864 5644 3201 5704 compertum
3236 5636 3458 5691 haberet
3483 5637 3662 5692 inter—

2087 5725 2410 5796 rogavimus.
2439 5724 2537 5793 Qui
2566 5727 2746 5780 statim
2783 5726 3127 5782 donationem
3181 5726 3455 5797 cujusdam
3481 5728 3662 5783 Deum.
