3946 6174
1724 150 1753 193 ς

483 237 616 292 {MS

479 353 721 410 timentis
750 370 813 409 ac
863 354 1098 425 religiosi
1142 353 1378 410 hominis
1413 352 1630 408 nomine
1658 351 1959 406 Ermenriei
1985 364 2049 403 ac
2076 360 2127 421 Α

477 441 721 516 conjugis
750 460 861 499 suae
888 444 1176 510 Mumantc,
1200 444 1292 517 qui
1320 443 1603 514 prmfatum
1651 441 2043 498 monasterium

476 533 530 589 in
557 549 655 589 suo
698 534 919 603 proprio
966 542 1403 599 construxerant,
1434 543 1489 590 et
1514 534 1567 589 id
1594 549 1689 603 per
1736 528 2045 587 testamenti

472 624 727 695 paginam
770 624 839 678 ad
861 624 919 680 Β.
946 623 1192 698 Dionysii
1234 626 1492 697 martyris
1537 625 1740 681 Christi
1772 630 2047 680 monaste-

474 714 612 768 rium
636 713 863 769 solemni
886 717 1176 774 donatione
1195 716 1556 783 contulerant,
1586 732 1686 771 nee
1702 730 1807 771 non
1835 722 1890 768 et
1912 729 2049 784 prmo

475 815 690 875 ceptum
753 805 1181 865 conﬁrmationis
1243 808 1489 864 Lotharii
1544 806 1817 878 quondam
1870 804 2045 873 regis,

471 896 619 966 quod
657 911 821 967 super
853 899 1097 955 eamdem
1152 900 1498 955 donationem
1545 892 1889 955 conscribere
1929 894 2048 966 jus-

395 1006 409 1019 ι
473 994 642 1053 serat,
669 988 825 1043 nobis
848 989 918 1044 ad
953 989 1300 1060 relegendum
1330 988 1569 1045 ostendit
1596 1006 1609 1042 :
1651 987 1848 1057 quibus
1876 986 2052 1056 inspe-

474 1080 580 1136 ctis
605 1081 812 1150 placuit
834 1082 991 1137 nobis
1012 1081 1262 1151 petitioni
1285 1088 1597 1136 memorata:
1621 1079 1829 1135 dilecta:
1846 1076 2050 1132 sororis

478 1182 680 1228 nostra:
727 1172 1059 1231 Theodradze
1092 1188 1349 1240 annuere,
1381 1181 1457 1240 et,
1492 1174 1635 1229 sicut
1682 1171 1918 1242 petebat,
1954 1184 2052 1239 per

472 1272 718 1322 nostram
779 1264 1159 1320 auctoritatem
1220 1266 1590 1337 supradictum
1661 1261 2052 1319 monasterium

471 1355 881 1427 Argentogilum
925 1356 993 1413 ad
1033 1364 1354 1428 potestatem
1385 1357 1558 1413 sancti
1583 1356 1823 1427 Dionysii
1851 1353 2053 1423 pretio—

472 1446 672 1505 sissimi
695 1447 898 1504 Christi
946 1449 1206 1521 martyris
1233 1465 1523 1516 revocare;
1559 1456 1887 1519 quapropter
1908 1447 2052 1501 hanc

474 1547 673 1597 nostrm
689 1541 1032 1598 auctoritatis
1054 1542 1520 1602 conﬁrmationem
1548 1541 1664 1597 ﬁeri
1689 1539 2050 1611 praecipimus,

471 1643 570 1697 per
623 1647 786 1701 quam
840 1633 1169 1691 omnimodis
1204 1633 1548 1689 decernimus
1598 1639 1760 1701 atque
1802 1630 2053 1701 iubemus

1608 234 1928 291 LUDOV'lCi
1967 235 1988 290 Ι
2023 232 2496 291 ΕΟΕΝΟΜΕΝΤΟ
2534 231 2627 286 Pili

3553 230 3660 286 illi

2820 343 3047 407 CXXIII.

2596 453 2693 493 ιιιιο
2724 452 2966 491 ΕΩΕΙΞΒΙᾹ
2992 449 3270 489 ιιιειίεκει.

2791 525 2963 598 (Anno
2990 523 3146 595 8'25.)

2152 639 2327 711 [Apud
2368 640 2432 695 D.
2486 640 2777 708 Bouquet.,
2808 638 2963 703 ίὺὶά.,
2990 651 3117 708 pag.
3152 635 3355 700 545,ex
3392 633 3665 702 Flodoanlo,

2403 732 2519 804 (lib.
2550 747 2587 785 ιι
2617 729 2759 784 Hist.
2795 727 2995 783 Eccles.
3026 726 3240 790 Rhenu,
3289 740 3336 779 c.
3365 724 3469 796 19.]

2217 824 2275 879 ln
2321 824 2540 879 nomine
2582 822 2794 878 Domini
2831 821 2925 875 Dei
2961 827 3017 874 et
3052 817 3351 873 Salvatoris
3385 818 3534 870 nostri
3572 814 3667 871 Jrsu

2148 915 2368 979 Christi,
2429 914 2735 970 Ludovicus
2781 921 2837 968 et
2884 910 3193 972 Lotharius,
3223 908 3399 962 divina
3443 908 3668 963 ordinante

2149 1006 2508 1077 providentia,
2537 1005 2893 1075 imperatores
2935 1001 3184 1073 Augusti.

2222 1096 2281 1152 Si
2325 1096 2666 1152 liberalitatis
2704 1102 2906 1150 nostrae
2946 1106 3174 1147 munere
3220 1090 3352 1146 locis
3379 1090 3480 1146 Deo
3522 1090 3669 1145 dicatis

2151 1190 2402 1261 quiddam
2435 1186 2763 1244 conferimus
2790 1184 3060 1248 beneﬁcii,
3105 1191 3162 1238 et
3188 1184 3519 1238 necessitates
3541 1181 3670 1236 eccle-

2151 1280 2396 1334 siasticas
2431 1287 2618 1334 nostro
2652 1277 2954 1333 relevamus
2975 1272 3277 1342 juvamine,
3308 1272 3361 1327 id
3402 1272 3541 1326 nobis
3562 1278 3605 1325 et
3621 1271 3669 1325 ad

2152 1372 2435 1428 mortalem
2472 1371 2640 1425 vitam
2682 1368 3055 1440 temporaliter
3101 1365 3505 1435 transigendam,
3543 1370 3587 1416 et
3622 1363 3669 1417 ad

2150 1470 2409 1518 internum
2453 1460 2685 1516 feliciter
2740 1456 3092 1513 obtinendam
3149 1450 3476 1525 profuturum
3516 1450 3669 1521 liquido

2154 1553 2443 1610 credimus.
2491 1550 2698 1606 Idcirco
2728 1554 2915 1604 notum
2950 1545 3071 1602 ﬁeri
3100 1542 3344 1599 volumus
3376 1542 3592 1597 omnibus
3629 1541 3670 1594 li-

2157 1638 2366 1696 delibus
2401 1639 2621 1703 nostris,
2647 1636 3002 1707 prmsentibus
3024 1633 3234 1690 scilicet
3253 1640 3307 1687 et
3345 1631 3534 1695 futuris,
3563 1628 3666 1700 quod

476 1726 538 1773 ut
589 1717 704 1787 jam
775 1720 979 1776 dictum
1049 1724 1438 1779 monasterium
1475 1720 1887 1794 Argentogilum
1931 1727 2053 1790 post

2162 1739 2397 1785 sanctam
2423 1729 2781 1783 Rhcmensem
2808 1726 3124 1791 ecclesiam,
3160 1725 3215 1779 in
3245 1738 3345 1794 qua
3380 1722 3669 1795 praedecesso-

474 1807 647 1876 ipsius
672 1807 882 1865 dilectte
911 1812 1114 1867 sororis
1144 1821 1343 1868 nostra:
1366 1812 1435 1867 ab
1463 1813 1567 1868 hac
1586 1813 1698 1866 vita
1724 1811 2044 1873 discessum,

478 1897 546 1952 ad
582 1900 973 1955 monasterium
1023 1910 1080 1956 et
1120 1910 1446 1973 potestatem
1496 1917 1639 1973 saepe
1677 1901 1808 1957 dicti
1854 1900 2051 1955 beatis-

475 1988 599 2043 simi
634 1988 839 2045 Christi
870 1992 1126 2068 martyris
1151 1988 1411 2067 Dionysii,
1434 1994 1501 2048 ad
1523 2008 1684 2065 quam
1705 1991 1956 2063 primitus
1981 1989 2050 2046 ob

475 2078 571 2135 Dei
637 2094 876 2136 amorem
903 2089 959 2137 ct
1017 2074 1258 2152 ips-orum
1310 2090 1620 2139 sanctorum
1689 2081 2051 2138 reverentiam

477 2172 732 2243 piamque
769 2173 1212 2230 intercessionem
1240 2191 1270 2230 a
1306 2174 1630 2245 supradictis
1662 2174 1757 2228 Dei
1808 2173 2054 2229 ﬁdelibus

474 2262 735 2321 traditum
790 2264 876 2323 vel
927 2264 1286 2325 condonatum
1334 2265 1501 2322 fuisse
1537 2265 1798 2331 noscitur,
1852 2266 2056 2337 absque

476 2352 641 2409 ullius
664 2368 913 2423 persona:
937 2357 1382 2422 contradictione,
1407 2363 1502 2411 aut
1524 2365 1709 2412 nostra
1732 2356 1818 2411 vel
1841 2370 2056 2411 succes-

478 2459 662 2506 sorum
688 2455 999 2504 nostrorum
1022 2449 1449 2521 interrogatione
1465 2450 1777 2521 recipiatur,
1792 2449 1915 2505 etin
1933 2447 2058 2517 jure

475 2554 540 2600 ac
576 2540 948 2599 dominatione
972 2543 1144 2615 ipsius
1159 2544 1497 2610 monasterii,
1518 2560 1641 2600 eum
1666 2543 1813 2599 omni
1839 2541 2060 2613 integri-

478 2645 591 2692 tate
618 2637 702 2693 vel
731 2638 1058 2708 appenditiis
1085 2640 1221 2706 suis,
1266 2640 1527 2710 quidquid
1568 2638 1768 2694 ibidem
1807 2636 2060 2709 praesenti

477 2738 723 2798 tempore
767 2729 1009 2784 cernitur
1052 2730 1345 2801 pertinere,
1370 2737 1668 2784 revocetur.
1727 2727 1794 2781 Et
1839 2726 1885 2782 si
1922 2723 2061 2780 forte

479 2820 771 2890 contigerit
798 2829 859 2875 ut
895 2820 1088 2877 eadem
1133 2835 1290 2877 soror
1327 2820 1500 2891 ipsum
1548 2818 1932 2874 monasterium
1970 2823 2063 2870 aut

476 2920 783 2984 spontanea
813 2912 1112 2979 voluntate,
1147 2920 1207 2968 ut
1235 2912 1490 2976 diximus,
1516 2918 1612 2965 aut
1638 2924 1737 2980 pro
1766 2914 2064 2964 commuta-

482 3006 627 3062 tioue
651 3004 879 3062 alterius
905 3004 1220 3061 monasterii
1246 3011 1374 3059 ante
1401 3003 1566 3059 ﬁnem
1594 3001 1719 3056 vitae
1743 3015 1856 3056 sua:
1882 2999 2065 3056 dimit-

482 3104 597 3152 tere
630 3094 791 3161 velit,
824 3104 955 3151 tunc
993 3095 1343 3150 nihilominus
1392 3094 1597 3163 absque
1643 3090 1748 3146 ulla
1793 3088 2063 3146 contradi—
2089 3071 2133 3134 Ο

478 3188 665 3245 ctione
691 3196 786 3242 aut
810 3195 1122 3258 exspectata
1149 3186 1577 3257 consignatione,
1627 3185 1696 3238 ad
1720 3181 1931 3253 prtet‘ati
1956 3195 2066 3236 mo-

481 3278 711 3336 nasterii
736 3279 993 3349 martyris
1033 3277 1233 3332 Christi
1259 3276 1501 3346 Dionysii
1528 3274 1941 3338 monasterium,
1961 3271 2067 3326 sie—

482 3378 546 3424 ut
571 3384 734 3439 supra
779 3368 1045 3423 insertum
1089 3375 1191 3430 est,
1239 3364 1626 3436 perpetualiter
1654 3362 1722 3418 ad
1761 3362 2065 3418 habendum

482 3459 816 3531 recipiatur:
845 3468 900 3515 et
926 3458 981 3519 in
1012 3457 1355 3528 postmodum
1383 3455 1529 3511 nullo
1565 3469 1800 3524 Imquam
1826 3461 2068 3522 tempore

485 3554 593 3610 ulla
621 3552 862 3625 qualibet
888 3552 1150 3624 dignitate
1172 3559 1266 3608 aut
1289 3556 1558 3621 potestate
1584 3546 1807 3618 praedita
1826 3558 2067 3616 persona

484 3649 795 3707 rectoribus
819 3646 1137 3704 monasterii
1183 3643 1394 3717 prmfati
1428 3658 1494 3698 ac
1530 3639 1831 3697 beatissimi
1868 3637 2069 3695 Christi

485 3741 743 3812 martyris
767 3739 1008 3811 Dionysii
1033 3738 1268 3808 aliquam
1293 3733 1700 3806 requisitionem
1726 3729 1928 3795 facere,
1976 3735 2070 3784 aut

484 3833 651 3889 ullam
695 3830 1026 3889 calumniam
1071 3830 1319 3899 ingerere
1362 3831 1653 3897 praesumat
1686 3841 1700 3877 :
1772 3822 1869 3877 sed
1912 3820 2070 3875 liceat

486 3924 611 3991 illis,
654 3924 775 3980 sine
819 3922 1107 3992 cuiuslibet
1145 3918 1346 3989 iniusta
1380 3914 1825 3985 interrogatione,
1869 3908 2067 3981 praefa-

487 4026 604 4075 tum
629 4016 1020 4073 monasterium
1046 4009 1476 4084 Argentogilum,
1522 4007 1663 4063 sicut
1684 4012 1909 4060 caeteras
1957 4015 2066 4066 res,

488 4109 560 4165 ad
583 4107 730 4165 beati
768 4105 1010 4176 Dionysii
1048 4109 1368 4174 potestatem
1414 4098 1579 4155 simili
1605 4096 1765 4152 modo
1799 4093 2069 4151 condona—

487 4210 575 4262 tas
617 4214 686 4255 ac
705 4197 1063 4270 pertinentes,
1105 4193 1291 4264 quieto
1322 4189 1513 4247 ordine
1557 4197 1746 4244 tenere
1787 4201 1853 4241 ac
1890 4185 2071 4254 dispo-

488 4305 659 4355 nere;
692 4296 750 4344 et
775 4285 1036 4358 quidquid
1073 4300 1172 4355 pro
1194 4280 1594 4354 opportunitate
1636 4285 1798 4349 atque
1838 4275 2070 4330 utilitate

491 4380 665 4452 ipsius
689 4379 935 4435 ecclesiae
971 4375 1265 4433 secundum
1310 4370 1634 4427 Christianae
1669 4366 1945 4439 religionis
1986 4381 2070 4422 re-

492 4473 674 4547 gulam
699 4471 879 4529 facere
902 4468 1210 4532 voluerint,
1248 4464 1476 4535 liberam
1522 4460 1576 4517 in
1602 4460 1851 4517 omnibus
1873 4457 2073 4513 habere

493 4570 837 4635 potestatem.
885 4560 953 4620 Et
979 4565 1040 4615 ut
1058 4560 1176 4621 haec
1201 4554 1497 4617 auctoritas
1523 4548 1949 4609 conﬁrmationis
1977 4563 2074 4603 seu

494 4637 815 4714 redditionis
846 4660 1048 4709 nostra:
1070 4666 1171 4722 per
1213 4648 1395 4705 futura
1424 4656 1667 4716 tempora
1712 4643 2075 4700 inviolabilem

496 4759 659 4820 atque
684 4745 1056 4804 iuconvulsam
1075 4741 1319 4799 obtineat
1339 4739 1671 4802 ﬁrmitatem,
1684 4734 1937 4790 manibus
1954 4748 2079 4804 pro-

495 4840 629 4914 priis
656 4839 858 4896 nostris
881 4838 1069 4893 subter
1097 4848 1220 4890 eam
1244 4829 1667 4893 ﬁrmavimus,et
1694 4823 1878 4882 annuli
1903 4821 2076 4879 nostri

495 4928 855 5001 impressione
874 4924 1075 4997 signari
1099 4923 1380 4995 iussimus.

566 5020 792 5091 Signum
815 5016 1073 5074 Ludovici
1098 5012 1429 5070 serenissimi
1453 5006 1820 5078 imperatoris.

567 5112 792 5183 Signum
820 5106 1064 5165 Lotharii
1092 5101 1467 5177 gloriosissimi
1495 5098 1740 5168 Augusti.

566 5203 853 5260 Durandus
873 5201 1134 5260 diaconus
1162 5195 1229 5253 ad
1249 5195 1423 5250 vicem
1449 5187 1717 5259 Fridugisi
1747 5184 2080 5253 recognovit.

575 5524 599 5552 ιι
646 5512 811 5587 Putat
849 5509 1103 5564 Marlotus
1156 5510 1257 5562 hoc
1300 5505 1843 5587 praeceptumdatum
1897 5505 2080 5568 fuisse,

2095 4430 2150 4489 D

2150 1835 2240 1876 res
2267 1821 2458 1886 nostri,
2487 1835 2641 1891 reges
2667 1819 2919 1874 videlicet
2947 1817 3306 1882 Francorum,
3349 1814 3490 1870 ﬁdem
3505 1821 3549 1869 et
3568 1814 3666 1869 sacri

2150 1909 2490 1980 baptismatis
2517 1909 2744 1980 gratiam
2772 1915 3158 1978 perceperunt,
3193 1907 3247 1960 in
3287 1921 3386 1975 qua
3418 1913 3468 1959 et
3495 1920 3574 1958 nos
3601 1920 3667 1973 per

2152 1999 2552 2070 impositionem
2585 2012 2779 2052 manus
2806 1998 2987 2052 domui
3014 1995 3278 2067 Stephani
3316 1993 3667 2065 papaiimperia-

2154 2088 2224 2142 lia
2253 2089 2582 2158 sumpsimus
2603 2088 2854 2159 insignia,
2890 2087 2961 2143 ob
2996 2087 3358 2144 reverentiam
3393 2085 3500 2141 ﬁdei
3533 2085 3668 2140 Chris-

2155 2180 2315 2234 tiante
2353 2187 2407 2234 et
2426 2177 2495 2234 ob
2523 2179 2718 2234 anima:
2755 2188 2954 2238 nostra:
2990 2177 3225 2233 salutem
3262 2177 3331 2232 ab
3354 2178 3453 2231 imo
3488 2174 3668 2231 construi

2155 2272 2401 2337 fecimus,
2456 2286 2684 2341 eamque
2740 2271 2793 2325 in
2839 2271 3108 2327 honorem
3157 2270 3364 2325 Domini
3400 2269 3546 2325 nostri
3577 2267 3669 2322 Jesu

2155 2362 2355 2419 Christi
2385 2363 2669 2418 salvatoris
2690 2362 2896 2427 mundi,
2935 2361 3103 2417 simul
3148 2369 3211 2416 et
3250 2360 3305 2415 in
3332 2360 3557 2415 honorem
3572 2357 3671 2427 eius

2159 2459 2281 2513 dem
2317 2463 2517 2513 sancta:
2557 2464 2613 2511 et
2644 2456 2982 2510 intemeratae
3020 2452 3303 2524 genitricis
3336 2450 3672 2513 Mariaseoose-

2159 2548 2298 2603 crari
2340 2547 2717 2612 decrevimus;
2753 2545 2939 2616 itaque
2976 2545 3166 2600 divina
3221 2542 3538 2613 inspiratione
3567 2553 3673 2594 com-

2158 2642 2343 2713 puncti
2382 2651 2437 2697 et
2457 2642 2695 2699 etelestis
2721 2642 2911 2712 patriae
2955 2648 3148 2696 amore
3196 2639 3448 2704 succensi,
3482 2637 3671 2713 quedam

2160 2708 2361 2806 praedia
2394 2750 2517 2805 qua:
2545 2708 2953 2790 eidem—sanctae
2983 2733 3105 2788 sedi
3126 2732 3391 2803 quondam
3424 2708 3573 2784 ablata
3590 2724 3674 2779 iue-

2164 2831 2309 2891 rant,
2338 2824 2533 2880 devota
2560 2833 2742 2881 mente
2770 2824 2986 2880 restitui
3035 2823 3317 2894 jussimus,
3343 2821 3395 2876 id
3419 2826 3491 2875 est
3515 2820 3560 2873 in
3579 2816 3674 2872 sub-

2164 2916 2386 2971 urbanis
2414 2916 2582 2987 ipsius
2621 2924 2824 2972 sancta:
2852 2915 3114 2971 Ecclesiae
3143 2914 3355 2969 titulum
3379 2908 3576 2972 S.Sixti,
3597 2919 3671 2960 nec

2162 3020 2274 3062 non
2311 3013 2368 3061 et
2408 3005 2623 3061 titulum
2651 3004 2709 3061 S.
2751 3005 2990 3070 Martini,
3037 3021 3164 3060 cum
3193 3001 3493 3076 appenditiis
3515 3011 3669 3053 eorum:

2166 3097 2405 3152 exterius
2430 3095 2675 3152 etiamin
2699 3096 2884 3151 eadem
2906 3095 3192 3165 parochia,
3216 3094 3270 3149 in
3287 3102 3453 3148 castro
3473 3084 3677 3144 Vonteosi

2167 3188 2381 3243 titulum
2423 3186 2822 3258 baptismalem,
2865 3195 2921 3241 et
2944 3185 3169 3241 titulum
3194 3185 3248 3239 in
3276 3181 3448 3239 eadem
3483 3175 3674 3250 parochi:

2168 3278 2225 3336 S.
2248 3277 2472 3334 Joannis
2495 3278 2745 3334 similiter
2773 3277 3186 3348 baptismalem,
3209 3290 3327 3332 cum
3352 3273 3454 3329 suis
3484 3266 3699 3340 appuli"

2167 3370 2260 3426 tiis
2281 3378 2338 3425 et
2359 3368 2727 3425 Bretiniacum
2760 3383 2776 3423 :
2815 3368 3000 3423 villam
3028 3350 3255 3437 quoque
3283 3364 3674 3435 Spemaetmculn

2165 3461 2489 3531 appenditiis
2529 3462 2642 3517 suis
2661 3469 2716 3515 et
2743 3461 2797 3515 in
2830 3460 2956 3515 villa
2980 3475 3109 3529 quae
3139 3466 3357 3515 vocatur
3387 3454 3572 3514 Lucida,
3606 3463 3675 3503 nec

2166 3567 2275 3607 non
2301 3559 2357 3605 et
2395 3551 2451 3606 in
2493 3549 2796 3606 Proviliaco
2820 3552 2877 3606 in
2921 3551 3120 3606 eodem
3161 3564 3300 3620 pago
3330 3541 3610 3601 Rbemeosi:
3635 3539 3673 3592 in

2165 3657 2306 3713 pago
2331 3656 2461 3698 vero
2502 3641 2844 3697 Dulcomensi
2881 3641 3066 3695 villam
3114 3656 3236 3711 qua:
3267 3645 3476 3694 vocatur
3501 3633 3671 3691 Caneri.

2166 3749 2378 3790 necnon
2414 3741 2472 3790 et
2518 3734 2572 3789 in
2600 3734 2724 3789 villa
2745 3749 2866 3804 qua:
2899 3733 3104 3789 dicitur
3151 3734 3329 3789 Verria
3350 3730 3401 3785 in
3440 3739 3555 3799 pago
3587 3722 3673 3778 Ver

2168 3825 2409 3890 tudensi,
2450 3824 2536 3881 vel
2562 3825 2609 3880 si
2647 3824 2789 3881 forte
2830 3825 3086 3896 deinceps
3130 3826 3198 3880 de
3224 3824 3379 3880 rebus
3422 3814 3672 3875 sanctsEr-

2163 3915 2345 3979 etesiae
2367 3916 2639 3987 praedicta:
2676 3917 3011 3988 temporibus
3036 3916 3247 3972 nostris
3284 3914 3444 3969 adhuc
3480 3902 3671 3977 superad-

2166 4007 2400 4067 dendutn
2428 4007 2789 4075 decrevimus,
2840 4008 3134 4065 statuimus
3156 4022 3253 4077 per
3272 4006 3369 4060 hoc
3386 4009 3554 4057 nostra:
3580 4007 3672 4047 IIIC-

2166 4099 2403 4156 toritatis
2429 4111 2455 4140 ι
2476 4082 2811 4173 praeceptum
2848 4107 2909 4154 ut
2944 4113 3054 4154 non
3089 4106 3297 4155 tantum
3344 4095 3405 4150 de
3431 4090 3531 4147 istis
3556 4082 3667 4173 restif

2167 4190 2319 4257 tutis,
2346 4186 2441 4249 sed
2476 4169 2641 4245 etiam
2666 4169 3057 4256 restituendis,
3103 4185 3357 4260 quidquid
3393 4185 3453 4239 de
3481 4178 3585 4250 ipsis
3615 4169 3672 4226 vel

2168 4279 2222 4337 in
2258 4282 2388 4353 ipsis
2428 4290 2668 4340 rectores
2706 4291 2762 4341 et
2789 4282 3023 4339 ministri
3051 4284 3459 4353 praememoratte
3479 4267 3669 4327 Ecclesia!

2172 4371 2453 4443 elegerint,
2492 4372 2569 4429 ita
2602 4373 2836 4428 debeant
2869 4373 3261 4444 perpetualiter
3281 4366 3529 4440 possidere
3558 4367 3670 4427 αιαυο

2176 4462 2453 4528 ordinare,
2504 4462 2585 4518 vel
2617 4464 2782 4519 etiam
2828 4462 3028 4530 facere,
3075 4472 3432 4535 prouteunque
3470 4451 3556 4509 sibi
3586 4458 3669 4518 Ρω-

2178 4553 2399 4623 pensius
2458 4552 2721 4619 voluerit,
2753 4563 2814 4610 ut
2861 4556 3068 4626 absque
3110 4555 3271 4610 ullius
3309 4549 3486 4619 iniusti
3515 4548 3669 4626 00""?

2178 4643 2417 4700 dictione
2461 4644 2716 4702 ordinent
2760 4654 2924 4716 atque
2953 4625 3258 4716 disponant,
3285 4649 3338 4697 et
3363 4638 3538 4694 faciant
3566 4625 3670 4700 quid-

2180 4734 2309 4804 quid
2346 4734 2563 4789 utilitati
2610 4734 2883 4805 przcdicta:
2917 4735 3160 4792 ecclesiae
3206 4740 3479 4802 congruere
3511 4729 3557 4776 et
3581 4730 3668 4805 tot?

2181 4803 2368 4879 venire
2392 4803 2781 4895 perspexerint.
2824 4825 2893 4880 Et
2920 4834 2978 4880 ut
3017 4826 3134 4880 btet:
3180 4830 3370 4878 nostrae
3412 4803 3669 4871 auctoritatis

2179 4913 2521 4975 crmlirmatio
2540 4916 2897 4985 praesentibus
2920 4916 3220 4985 futurisque
3247 4910 3512 4968 ﬁrmiorem
3531 4903 3574 4956 if-
3593 4909 3677 4985 ⁰Ψ⁶

2147 5007 2150 5011 ’
2180 5003 2341 5059 nibus
2388 4982 2601 5076 scmpiar
2641 5007 2885 5063 obtineat
2919 4982 3180 5079 vigorem,
3228 5000 3458 5061 meum

2181 5095 2371 5150 subter
2410 5095 2744 5152 ﬁrmavimus
2776 5104 2833 5153 et
2858 5098 3043 5153 annuli
3075 5096 3241 5154 nostri
3282 5083 3585 5161 ὶωρηεεὶοιδθ
3618 5086 3670 5125 ³¹⁹

2184 5187 2339 5256 gnari
2359 5186 2643 5256 jussimus.

2187 5502 2441 5557 minerint
2463 5503 2832 5572 imperatores,
2857 5502 3178 5557 cathedralis
3196 5512 3318 5552 vero
3342 5484 3548 5549 ecclesii'o’
3566 5485 3649 5532 517“

510 5582 687 5644 Eliens
708 5581 819 5645 jam
852 5589 1255 5634 cxauctxurato.
1293 5572 1414 5631 cum
1463 5572 1620 5644 hujus
1649 5577 1697 5629 in
1735 5592 1799 5629 eo
1849 5591 1953 5629 non
1978 5590 2082 5628 tne-
2186 5582 2392 5627 cturam
2423 5575 2637 5641 penitus
2663 5574 2982 5643 completam
3008 5572 3316 5646 signiﬁcent.
