3946 6174
992 452 1229 510 CXXIV.

520 579 619 618 PRO
648 580 952 621 erlACENSI
988 583 1034 621 S.
1078 585 1327 623 MAXIMINI
1358 584 1717 624 MONASTERIO.

909 656 1082 728 (Anno
1112 657 1262 729 sas.)
1356 664 1365 669 ·

316 747 589 838 [Αρυέιῐξι
626 748 939 838 Dou‘quetI,
959 748 1171 838 Ret-ueil
1193 751 1283 838 des
1311 734 1757 838 .liist.,__tom_.'il,1
1776 767 1898 823 pag.

454 816 595 886 5M;
632 837 701 876 ex
733 816 965 884 Cointio,
995 820 1191 875 Annal.
1216 820 1425 885 coclea,
1454 836 1577 892 pag.
1609 821 1760 893 756.]

379 928 439 983 ln
471 929 690 984 nomine
724 928 940 984 Domini
987 929 1081 983 Dei
1112 936 1166 983 et
1217 927 1515 983 Salvatoris
1556 929 1727 984 nostri
1772 927 1879 984 Jesr

2001 916 2115 972 Deo
2143 918 2299 974 nobis
2322 921 2524 989 collati,
2550 934 2605 979 et
2633 940 2730 994 per
2768 927 3090 986 immensum
3137 946 3236 986 sua
3277 934 3587 1004 gratissima
3680 951 3685 956 '

308 1017 536 1083 Christi,
584 1017 890 1073 Ludovicus
939 1025 995 1072 et
1041 1017 1354 1085 Lotharius,
1380 1017 1561 1073 divina
1611 1019 1902 1074 ordinante

305 1108 671 1180 providentia,
697 1109 1054 1178 imperatores
1082 1109 1330 1180 Augusti.

377 1197 515 1254 Cum
564 1199 920 1268 petitionibus
964 1200 1306 1254 sacerdotum
1358 1200 1561 1256 Christi
1617 1201 1684 1256 ad
1730 1201 1897 1256 divini

304 1289 482 1345 cultus
510 1290 769 1344 honorem
793 1290 1193 1361 pertinentibus
1223 1294 1532 1359 annuimus,
1563 1301 1619 1347 et
1644 1294 1900 1365 imperia-

304 1381 408 1437 lem
436 1382 887 1439 consuetudinem
915 1384 1292 1455 adimplemus,
1326 1394 1380 1441 et
1406 1386 1460 1440 id
1497 1386 1683 1457 procul
1722 1386 1896 1442 'dnbio

304 1471 462 1527 nobis
505 1472 573 1527 ad
632 1480 893 1527 internum
954 1475 1453 1531 remunerationem
1506 1476 1894 1545 capessendam

302 1562 645 1634 profuturum
692 1562 926 1619 ﬁdeliter
970 1565 1263 1621 ‘credimus.
1308 1565 1504 1622 Notum
1556 1567 1724 1638 igitur
1771 1582 1894 1623 esse

302 1654 550 1711 volumus
633 1648 870 1710 ﬁdelium
934 1665 1248 1711 nostrorum
1281 1699 1295 1723 ,
1376 1664 1486 1712 tam
1543 1660 1892 1728 praesentium

301 1760 464 1817 quam
494 1744 819 1811 futurorum,
848 1745 1169 1815 prudentiae,
1196 1762 1407 1803 necnon
1433 1755 1489 1803 et
1514 1762 1890 1803 successorum

1466 326 1867 396 DlPLOMATA'
1900 342 2452 405 ECCLESIASTICA.

3450 367 3588 424 illi}

1932 460 2262 521 Asuasione
2314 480 2616 521 succensus
2667 467 2909 535 quolibet
2965 472 3124 527 modo
3177 475 3436 543 auferat;
3490 482 3589 534 sed

2005 550 2186 619 potius
2219 555 2466 610 monadii
2506 556 2675 626 ipsius
2720 558 2871 613 cella:
2909 561 2992 616 his
3025 571 3082 616 et
3120 567 3331 621 caeteris
3367 570 3532 625 rebus
3557 588 3590 627 a

2006 641 2177 697 Deum
2226 644 2541 702 timentibus
2595 648 2697 704 sibi
2751 650 2964 708 collatis
3012 653 3310 726 suﬁ‘ragati,
3362 659 3590 719 liberius

2004 734 2357 805 devotiusque
2403 738 2599 795 divinae
2643 745 2897 811 potentia:
2941 744 3194 802 famulari
3241 750 3480 819 valeant,
3533 756 3589 810 et

2001 838 2102 893 pro
2128 825 2307 893 nobis,
2338 828 2566 901 conjuge
2594 839 2649 886 et
2674 832 2842 903 prole,
2874 841 2928 889 et
2974 837 3269 893 stabilitate
3316 840 3529 910 imperii
3555 860 3588 900 a

1994 1007 2198 1075 pietate
2232 1015 2609 1077 conservandi,
2644 1032 2851 1073 necnon
2901 1028 2958 1074 et
2990 1037 3089 1091 pro
3136 1027 3448 1082 rectoribus
3494 1043 3589 1083 ec—

2000 1097 2179 1154 clesia:
2203 1101 2359 1172 cujus
2389 1103 2507 1159 loco
2536 1113 2593 1160 et
2618 1108 2781 1164 rebus
2821 1118 3066 1177 utuntur,
3105 1114 3311 1185 jugiter
3340 1118 3583 1175 divinam

1998 1187 2289 1259 implorent
2315 1194 2767 1254 misericordiam.
2818 1199 2877 1255 Si
2921 1218 3053 1258 vero
3076 1207 3345 1275 quispiam
3388 1210 3584 1280 praela-

1999 1285 2179 1335 torum
2232 1295 2551 1342 memoratae
2614 1290 2758 1345 sedis
2811 1292 3092 1361 praefatam
3143 1299 3587 1355 constitutionem

1995 1380 2184 1428 contra
2231 1374 2374 1431 hanc
2421 1387 2666 1433 nostram
2720 1385 3141 1452 praeceptionem
3187 1389 3587 1458 quodammodo

1994 1463 2209 1520 irritam
2240 1464 2419 1523 facere
2446 1484 2512 1524 ac
2550 1472 2768 1539 penitus
2804 1476 3110 1531 convellere
3155 1480 3404 1547 voluerit,
3435 1483 3589 1539 volu-

1994 1566 2116 1608 mus
2143 1561 2304 1623 atque
2340 1554 2679 1616 decernimus
2716 1569 2775 1616 ut
2804 1578 2894 1620 res
2937 1566 3006 1621 ad
3051 1568 3300 1624 notitiam
3329 1570 3586 1629 Senonici

1993 1645 2349 1716 metropolitze
2376 1649 2704 1718 perferatur,
2755 1664 3027 1724 quatenus
3072 1659 3138 1723 is,
3187 1661 3445 1719 adhibitis
3473 1680 3587 1722 sua:

1993 1736 2293 1794 dimceseos
2345 1740 2701 1814 sulfraganeis
2760 1748 3051 1819 episcopis,
3108 1752 3252 1807 idem
3306 1757 3584 1825 negotium

301 1811 612 1893 ιίοειι-οι-υηι
657 1811 1037 1908 maguijudini,
1083 1837 1228 1908 quod
1270 1838 1566 1907 postulavi;
1614 1840 1698 1892 γίι-
1725 1852 1890 1893 vene-
1917 1811 1966 1871 Β
1993 1827 2232 1899 diligenti
2263 1811 2878 1900 indagine'discutiat-et
2903 1811 3158 1910 corrigat,
3185 1850 3240 1896 et
3265 1843 3334 1900 ad
3377 1811 3581 1903 statum

301 1926 486 1983 rabilis
520 1926 686 1984 Jonas
726 1926 1133 1983 Aurelianensis
1175 1927 1433 1984 Ecclesize
1480 1929 1787 1999 episcopus,
1831 1936 1892 1984 ut

299 2020 663 2092 privilegium,
694 2020 840 2091 quod
878 2019 948 2075 ob
977 2019 1173 2075 divina:
1201 2022 1484 2076 servitutis
1526 2021 1786 2076 honorem
1829 2030 1888 2077 et

297 2111 659 2165 monasticum
718 2110 967 2165 ordinem
1016 2111 1288 2167 veraciter
1348 2112 1713 2183 religioseque
1773 2126 1890 2169 ser-

296 2203 532 2258 vandum
559 2202 705 2258 circa
734 2201 925 2257 cellam
956 2204 1129 2258 sancti
1167 2198 1465 2269 Maximini,
1496 2220 1616 2275 quae
1641 2214 1723 2261 est
1740 2204 1882 2274 juris

295 2294 557 2363 episcopii
609 2294 718 2359 sui,
771 2308 896 2347 cum
948 2294 1294 2349 conniventia
1343 2295 1747 2364 metropolitani
1802 2298 1887 2353 sui

293 2381 583 2439 Jheremize
632 2382 1025 2452 archiepiscopi
1074 2394 1131 2437 et
1184 2384 1567 2438 canonicorum
1619 2386 1885 2453 ecclesiae,

294 2474 381 2530 cui
421 2474 532 2528 Deo
567 2473 830 2544 largiente
876 2473 1171 2539 ministrat,
1213 2490 1388 2545 nuper
1419 2473 1626 2530 fecerat
1666 2476 1753 2531 vel
1794 2477 1888 2532 ﬁr-

294 2572 557 2629 maverat,
581 2572 763 2620 nostra
792 2566 1116 2622 auctoritate
1144 2566 1409 2637 imperiali
1437 2567 1886 2624 confirmaremus

292 2656 438 2725 quod
479 2654 821 2726 privilegium
852 2656 1053 2712 nostris
1080 2657 1362 2713 obtutibus
1408 2658 1695 2726 exhibuit;
1731 2659 1886 2730 cujus

292 2746 752 2812 cmustitutionem,
780 2747 904 2817 quia
941 2746 1089 2818 justo
1119 2764 1185 2805 ac
1216 2750 1615 2805 rationabiliter
1643 2752 1712 2807 ob
1739 2767 1886 2808 amo-

294 2852 409 2893 rem
439 2837 533 2892 Dei
562 2843 618 2891 et
660 2836 966 2893 animarum
1016 2840 1244 2894 salutem
1274 2838 1472 2894 factam
1515 2856 1638 2897 esse
1664 2858 1885 2914 perspe.

291 2926 471 2983 ximus
514 2968 529 2994 ,
602 2941 818 2997 aequum
871 2927 1202 2998 dignumque
1252 2927 1611 2997 judicavimus
1664 2938 1726 2984 ut
1767 2930 1885 3003 ejus

289 3019 541 3090 petitioni
590 3033 876 3073 assensum
928 3019 1312 3089 praeberemus.
1395 3019 1733 3090 Quapropter
1785 3038 1883 3092 per

290 3117 432 3173 hanc
467 3124 669 3171 nostrze
704 3114 1085 3186 praeceptionis
1121 3116 1496 3171 auctoritatem
1533 3113 1788 3183 iubemus
1824 3122 1881 3169 et

289 3204 508 3261 omnino
534 3205 880 3261 decernimus
907 3213 988 3271 ut,
1016 3204 1159 3262 sicut
1181 3205 1249 3261 ab
1274 3205 1464 3261 eodem
1496 3205 1751 3276 episcopo
1776 3220 1877 3275 per

290 3305 652 3355 memoratum
693 3298 1035 3371 privilegium
1077 3313 1206 3370 erga
1231 3299 1476 3354 eamdem
1511 3298 1701 3353 cellam
1740 3312 1873 3354 con-

1903 3165 1950 3230 C

1988 1922 2299 1992 pristinum,
2345 1923 2496 1980 salva
2538 1937 2854 1986 memoratae
2898 1931 3043 1987 sedis
3086 1932 3349 2004 dignitate
3393 1950 3460 1991 ac
3481 1951 3583 2006 po-

1991 2022 2208 2081 testate,
2240 2032 2499 2075 revocare
2525 2030 2799 2089 procuret.
2833 2023 3007 2081 Porro
3035 2027 3082 2080 si
3107 2028 3401 2099 contigerit
3438 2030 3582 2086 idem

1989 2108 2265 2178 negotium
2308 2119 2531 2181 propter
2573 2111 2813 2183 aliquam
2858 2114 2943 2173 sui
2982 2115 3354 2173 diliicultatem
3399 2121 3468 2175 ab
3508 2134 3575 2175 eo

1988 2196 2213 2252 minime
2253 2213 2414 2269 posse
2453 2198 2693 2269 diﬁ‘iniri,
2738 2203 2992 2261 volumus
3032 2217 3093 2262 ut
3119 2207 3237 2276 ejus
3282 2209 3455 2265 relatu
3485 2226 3582 2266 no-

1988 2287 2121 2342 stris
2158 2304 2641 2363 successorumque
2675 2304 2988 2351 nostrorum
3030 2299 3256 2355 auribus
3299 2316 3389 2357 res
3424 2302 3582 2358 inno-

1988 2386 2186 2443 tescat,
2211 2380 2463 2437 videlicet
2507 2392 2565 2437 ut
2593 2393 2795 2440 nostrae
2825 2388 3168 2444 auctoritatis
3213 2392 3492 2446 sanctione
3524 2393 3579 2447 in

1986 2472 2226 2541 generali
2265 2483 2534 2529 conventu
2566 2478 2944 2547 episcoporum
2977 2479 3140 2551 hujus
3174 2483 3580 2541 constitutionis

1987 2560 2277 2617 convulsor
2303 2563 2632 2634 corripiatur
2651 2572 2706 2621 et
2730 2568 3059 2637 corrigatur,
3068 2577 3142 2639 ιιι
3162 2585 3349 2626 eorum
3374 2572 3578 2629 salubri

1981 2651 2187 2723 judicio
2228 2650 2526 2711 memorata
2572 2659 2889 2715 constitutio
2934 2660 3227 2731 pristinum
3261 2669 3437 2718 status
3487 2664 3574 2719 sui

1987 2757 2309 2813 recuperare
2339 2745 2520 2801 valeat
2544 2747 2808 2818 vigorem.
2847 2749 3051 2806 Prmsul
3081 2753 3347 2822 siquidem
3376 2768 3580 2810 memo-

1987 2840 2120 2887 ratze
2169 2832 2413 2891 ecclesiae
2472 2852 2817 2909 summopere
2874 2842 3156 2911 provideat
3209 2851 3271 2898 ut
3321 2846 3574 2900 monachi

1985 2923 2157 2997 ipsius
2186 2924 2338 2980 cellte
2361 2927 2525 2984 rebus
2550 2939 2864 2987 memoratae
2888 2933 3081 2988 matris
3102 2934 3344 2991 ecclesiae
3368 2937 3575 3004 donati,

1984 3014 2262 3085 otiumque
2288 3026 2489 3073 sancta:
2508 3020 2705 3090 quietis
2732 3036 2831 3095 war
2856 3033 3210 3079 memoratum
3235 3027 3576 3098 privilegium

1984 3113 2039 3161 et
2092 3107 2232 3163 hanc
2284 3118 2525 3166 nostram
2587 3114 2965 3169 auctoritatem
3021 3114 3221 3186 adepti,
3279 3118 3334 3172 in
3392 3119 3479 3175 his
3511 3120 3569 3174 in

1981 3198 2178 3267 quibus
2203 3215 2263 3255 se
2283 3200 2395 3256 Deo
2422 3201 2804 3270 devinxerunt,
2836 3206 3335 3277 divina‘adjuvante
3368 3212 3566 3281 gratia,

1979 3289 2364 3348 inviolabiliter
2405 3303 2762 3364 permaneant
2790 3313 2810 3350 :
2858 3296 2931 3353 ita
2976 3298 3230 3355 videlicet
3257 3309 3320 3355 ut
3346 3315 3449 3357 nec
3484 3301 3572 3356 in-

288 3390 538 3445 stitutum
597 3401 705 3456 est,
745 3390 820 3445 ita
870 3390 1076 3446 nostris
1136 3388 1441 3458 futurisque
1486 3389 1876 3458 temporibusa
1979 3383 2149 3438 terius
2194 3399 2226 3437 a
2272 3399 2372 3439 suo
2420 3386 2698 3456 proposito
2741 3387 2961 3442 deviare
2987 3430 3001 3454 ι
3057 3404 3160 3445 nec
3197 3392 3440 3446 exterius
3485 3407 3575 3447 res

289 3480 595 3536 rectoribus
624 3490 937 3537 memoratae
976 3480 1219 3537 ecclesiae
1266 3480 1443 3536 modis
1485 3480 1739 3536 omnibus
1779 3480 1879 3537 ob-

287 3580 570 3638 servetur;
600 3572 675 3627 ita
707 3573 971 3628 duntaxat
1016 3580 1077 3627 ut
1117 3573 1172 3626 in
1216 3570 1442 3641 praefata
1490 3572 1645 3637 cella,
1680 3573 1733 3626 in
1769 3587 1878 3642 qua

285 3663 413 3719 olim
436 3664 586 3718 viros
613 3665 713 3717 sub
741 3662 1040 3718 monastico
1072 3660 1262 3715 ordine
1287 3658 1646 3727 probabiliter
1671 3660 1875 3715 vixisse

285 3752 507 3821 Deoque
542 3751 813 3822 placuisse
860 3749 1133 3804 evidentia
1179 3756 1501 3818 argumenta
1550 3755 1871 3812 testantur;

287 3859 520 3915 quorum
553 3844 717 3897 etiam
749 3842 1060 3896 interventu
1091 3838 1232 3895 idem
1268 3839 1405 3895 ordo
1440 3839 1493 3893 in
1538 3839 1729 3894 eodem
1757 3838 1878 3894 loco

285 3933 527 3991 creditur
572 3947 693 3988 esse
740 3933 1046 3998 restitutus,
1102 3938 1417 3986 memoratae
1469 3930 1612 3987 sedis
1658 3932 1879 4001 pontifi-

285 4027 440 4082 cibus
469 4023 909 4096 procurantibus,
953 4026 1168 4093 semper
1197 4021 1464 4093 regularis
1499 4022 1632 4077 ordo
1659 4022 1879 4092 religio‘

286 4121 503 4176 sissime
560 4125 809 4173 teneatur
861 4131 937 4172 ac
974 4113 1314 4171 custodiatur
1354 4128 1369 4181 ;

285 4212 456 4283 ipsius
502 4209 817 4266 monasterii
854 4208 1017 4264 rebus
1067 4206 1320 4262 humanis
1362 4213 1646 4277 exemptus
1686 4204 1873 4273 fuerit,

282 4302 601 4376 providente
632 4288 873 4375 ejuédem
903 4301 1048 4358 sedis
1086 4300 1364 4372 pontiﬁce,
1410 4317 1476 4358 ac
1501 4300 1648 4372 piam
1674 4309 1865 4373 pater-

1977 3472 2079 3529 sibi
2117 3474 2385 3545 deputatae
2407 3491 2599 3532 eorum
2625 3478 2914 3534 insolentia
2949 3487 3042 3533 aut
3071 3481 3276 3535 incuria
3298 3484 3570 3552 quomodo

1976 3567 2173 3637 negligi
2201 3577 2295 3622 aut
2320 3570 2526 3639 subripi
2564 3571 2816 3639 possint;
2846 3571 2941 3626 sed
2965 3570 3232 3635 ecclesiae,
3266 3572 3420 3641 cujus
3452 3575 3572 3631 loco

1975 3666 2032 3712 et
2062 3659 2221 3712 rebus
2247 3667 2498 3726 utuntur,
2524 3662 2578 3715 in
2604 3660 2857 3716 omnibus
2887 3661 3047 3716 ﬁdem
3075 3670 3130 3716 et
3160 3662 3420 3719 humilem
3446 3680 3572 3720 con-

1977 3762 2276 3818 gruamque
2299 3746 2711 3817 subjectionem,
2749 3750 2893 3805 sicut
2912 3751 3067 3805 decet
3090 3759 3146 3806 et
3181 3760 3417 3823 oportet,
3448 3770 3571 3810 ser-

1976 3852 2107 3892 va-re
2153 3838 2520 3906 meminerint,
2565 3855 2667 3895 nec
2711 3854 2771 3895 se
2817 3849 3011 3909 putent
3055 3853 3279 3913 propter
3324 3853 3568 3900 nostram

1977 3930 2362 3987 auctoritatem
2385 3945 2415 3984 a
2432 3933 2556 4000 jure
2582 3940 2640 3988 et
2664 3940 2937 4002 potestate
2960 3934 3139 4004 ipsius
3165 3936 3412 3993 ecclesiae
3437 3939 3568 3993 sub-

1978 4022 2220 4086 trahere,
2251 4029 2346 4076 aut
2372 4021 2589 4077 easdem
2619 4037 2707 4078 res
2746 4023 2984 4092 qualibet
3013 4026 3414 4082 machinatione
3437 4028 3570 4095 alie-

1426 4119 1484 4170 et
1533 4128 1653 4169 cum
1708 4113 1876 4170 abbas
1975 4127 2111 4168 nare
2154 4127 2337 4183 posse,
2368 4114 2677 4185 prmsertim
2720 4129 2845 4170 cum
2892 4122 2949 4170 et
2978 4114 3130 4171 locus
3155 4124 3213 4171 et
3255 4132 3345 4173 res
3371 4118 3570 4189 quibus

1976 4211 2205 4259 utuntur
2236 4204 2379 4275 juris
2400 4206 2512 4260 sint
2536 4204 2708 4276 ipsius
2741 4205 3004 4271 ecclesiae,
3031 4216 3089 4262 et
3128 4207 3198 4263 ab
3230 4208 3347 4278 ejus
3373 4209 3569 4265 merito

1975 4295 2249 4364 pendeant
2268 4304 2556 4365 potestate.
2589 4294 2720 4363 Quae
2743 4304 2802 4351 ut
2826 4297 3124 4368 pleniorem
3145 4299 3201 4355 in
3225 4299 3322 4355 Dei
3349 4300 3568 4356 nomine

280 4415 515 4471 namque
568 4397 987 4455 sollicitudinem
1034 4403 1276 4469 gerente,
1328 4411 1394 4453 eo
1437 4397 1643 4453 ordine"
1674 4396 1873 4468 praefe-

1989 4386 2261 4442 abtineant
2301 4386 2568 4457 vigorem,
2620 4394 2681 4440 ut
2710 4388 2827 4442 haec
2857 4387 3023 4442 etiam
3048 4389 3234 4444 verius
3260 4389 3569 4459 certiusque

284 4497 437 4544 ratur
486 4490 566 4545 eis
606 4487 794 4555 abbas,
835 4489 976 4543 sicut
1026 4489 1078 4542 in
1110 4488 1302 4543 eodem
1350 4489 1658 4543 continetur
1699 4487 1872 4559 privi-

277 4579 442 4649 legio.
485 4578 592 4632 Res
629 4593 863 4649 quoque,
917 4578 1032 4634 sive
1078 4592 1199 4647 quae
1248 4578 1425 4633 eidem
1470 4577 1619 4633 cella:
1645 4575 1790 4646 juste
1821 4585 1879 4633 et

1977 4476 2273 4533 credantur
2320 4491 2385 4531 ac
2430 4477 2625 4532 melius
2670 4484 3088 4543 conserventur,
3123 4479 3364 4552 nominis
3392 4482 3565 4535 nostri

1978 4567 2299 4622 charactere
2347 4565 2571 4631 muniri,
2627 4572 2684 4620 et
2732 4564 2918 4619 annuli
2977 4565 3152 4621 nostri
3205 4567 3567 4638 impressione

276 4669 530 4740 legaliter
559 4670 855 4740 pertinent,
896 4685 1018 4724 cum
1063 4668 1283 4739 prmdiis
1332 4669 1561 4735 duobus,
1609 4668 1876 4736 Quasellis
1974 4656 2483 4730 sisnariiussimus-

277 4762 484 4816 scilicet
516 4768 570 4815 et
614 4760 882 4816 Castaneo
910 4756 1098 4815 Villari
1124 4777 1138 4826 ;
1169 4760 1282 4815 sive
1320 4775 1455 4829 quas
1486 4760 1628 4815 idem
1665 4760 1875 4830 episco-

278 4870 379 4924 pus
407 4861 590 4923 postea
622 4852 688 4906 de
723 4867 889 4907 causa
936 4849 1194 4921 episcopii
1239 4849 1344 4915 sui,
1375 4850 1442 4906 de
1486 4850 1695 4904 ratione
1723 4849 1871 4905 scili-

2045 4750 2182 4805 Data
2222 4767 2319 4806 χιιι
2367 4749 2487 4805 Kal.
2537 4749 2718 4816 Mart.,
2757 4767 2923 4820 anno,
2959 4752 3177 4809 Christo
3203 4753 3459 4825 propitio,
3500 4754 3567 4809 12

1974 4841 2189 4911 imperii
2219 4841 2402 4899 domui
2430 4841 2687 4898 Ludovici
2716 4843 2945 4913 piissimi
2984 4842 3236 4914 Augusti,
3266 4842 3567 4900 indictione

278 4950 365 4997 cet
393 4941 617 4997 alterius
644 4941 794 4997 cellae
837 4941 1008 4996 sancti
1055 4938 1330 4994 Maximini
1364 4939 1432 4993 ad
1477 4938 1722 4994 divinum
1750 4937 1870 4993 olii-
1970 4932 2028 4986 5.
2058 4930 2255 4987 Actum
2299 4931 2628 5003 Aquisgrani
2655 4934 2857 5004 palatio
2907 4935 3055 5006 regio
3101 4935 3157 4989 in
3206 4933 3307 4990 Dei
3346 4936 3568 4992 nomine

277 5037 422 5091 cium
472 5036 918 5092 honoriﬁcentius
963 5034 1329 5107 peragendum
1365 5034 1414 5088 ei
1459 5033 1859 5105 superaddidit,

278 5124 333 5179 in
360 5125 625 5196 integrum
654 5126 858 5195 absque
886 5124 991 5179 ulla
1024 5126 1105 5180 sui
1130 5124 1504 5189 diminutione,
1536 5125 1677 5181 sicut
1705 5124 1774 5179 ab
1799 5140 1864 5179 eo

275 5218 629 5273 constitutum
660 5226 747 5273 est
775 5219 829 5272 in
855 5232 985 5272 usus
1029 5219 1418 5272 monachorum
1455 5218 1670 5273 cedant.
1711 5219 1863 5286 Quod

276 5309 322 5362 si
371 5308 511 5364 forte
560 5309 646 5363 his
691 5307 855 5363 rebus
908 5316 1129 5376 propter
1176 5307 1271 5363 Dei
1323 5322 1563 5364 amorem
1613 5308 1865 5380 episcopo

279 5400 451 5477 ipsius
496 5400 639 5456 sedis
666 5400 943 5471 quippiam
974 5401 1339 5470 superaddere
1390 5400 1625 5464 libuerit,
1660 5400 1712 5454 id
1740 5416 1864 5455 eum

281 5489 378 5545 Dei
411 5489 608 5560 gratia,
657 5487 989 5560 suffragante
1037 5489 1139 5544 sibi
1182 5488 1474 5557 pontiﬁcali
1518 5488 1863 5554 auctoritate,

280 5581 641 5639 libentissime
683 5589 948 5654 peragat:
993 5591 1046 5637 et
1081 5582 1126 5635 si
1180 5580 1317 5635 forte
1365 5579 1467 5635 hoc
1515 5581 1564 5635 ei
1601 5579 1778 5635 facere
1810 5588 1864 5633 et

278 5673 524 5729 voluntas
557 5682 612 5729 et
632 5672 862 5728 facultas
890 5670 1252 5742 denegaverit,
1280 5671 1345 5725 de
1369 5671 1451 5724 his
1476 5686 1595 5740 qua:
1626 5669 1864 5723 collecta:

276 5773 423 5831 sunt,
453 5764 585 5823 nihil
623 5773 715 5820 aut
744 5764 1033 5833 cupiditate
1078 5763 1289 5826 ductus,
1337 5768 1429 5813 aut
1475 5759 1701 5829 alicujus
1741 5774 1862 5830 pcr~

1972 5022 2222 5079 feliciter.
2251 5022 2444 5079 Amen.

2658 5117 2869 5174 CXXV.

2330 5224 2432 5267 PRO
2461 5223 2686 5265 ALBOINO
2713 5225 2919 5264 ΑΒΒΑΤΕ
2950 5224 3278 5265 ANISOLENSI.

2591 5301 2766 5370 (Anno
2790 5301 2942 5371 825.)

2210 5390 2459 5447 Consedit
2489 5390 2793 5461 facultatem
2824 5391 3050 5462 eligendi
3081 5394 3306 5450 abbatis.

2097 5482 2274 5554 [Apud
2310 5482 2491 5543 Mart,
2524 5481 2827 5536 Thesaurus
2855 5483 3069 5549 auecd.,
3096 5492 3135 5539 t.
3169 5485 3211 5552 l,
3242 5502 3296 5555 p.
3338 5486 3456 5559 ‘25.}

2040 5573 2096 5626 ln
2124 5573 2343 5629 nomine
2384 5572 2596 5628 Domini
2638 5572 2732 5626 Dei
2765 5580 2820 5627 et
2871 5572 3171 5631 Salvatoris
3215 5581 3385 5634 nostri
3431 5578 3558 5635 Jesu

1968 5665 2193 5727 Christi,
2212 5664 2536 5728 Ludovicus,
2559 5664 2738 5720 divina
2761 5665 3046 5722 ordinante
3074 5668 3432 5734 providentia,
3456 5670 3557 5723 im-

1968 5763 2184 5826 perator
2213 5754 2500 5828 Augustus.
