3996 6178
453 357 474 409 i
495 355 590 410 147

1589 342 1912 401 LUDOV’lCl
1953 344 1972 398 ι
2012 326 2488 399 COGNOMENTO
2530 341 2616 396 ru

3583 342 3706 399 “£8

517 468 782 528 Omnibus
850 463 1098 519 ﬁdelibus
1142 469 1344 515 sanctae
1394 458 1489 514 Dei
1537 457 1794 514 Ecclesia:
1837 466 1893 513 et
1932 473 2029 512 no-
2055 463 2106 521 Α
2131 457 2298 519 sibus,
2340 455 2634 521 farinariis,
2667 456 2906 511 exitibus
2939 467 2993 511 et
3018 458 3371 526 regressibus,
3407 474 3533 514 cum
3567 477 3707 516 man-

452 561 603 622 stris,
643 572 738 612 seu
765 555 927 609 etiam
970 552 1080 606 Deo
1107 551 1458 620 dispensante
1503 550 1906 604 successoribus
1934 564 2031 603 no-

450 653 599 716 stris,
651 657 840 704 notum
889 648 961 702 sit
1005 645 1134 716 quia
1186 643 1512 700 venerabilis
1555 644 1817 700 Alboinus
1862 645 2031 699 abbas

449 733 768 798 monasterii
793 737 852 793 S.
889 737 1129 802 Carileﬁ,
1169 736 1313 806 quod
1335 735 1534 790 dicitur
1568 734 1808 798 Anisola,
1841 734 1909 788 ad
1935 751 2032 790 no-

449 844 617 891 stram
667 831 934 887 accedens
981 829 1344 891 clementiam,
1394 827 1664 898 suggessit
1714 834 2029 880 mansuetu-

447 925 559 980 dini
581 931 802 987 nostraa,
830 930 892 975 ut
918 920 1057 976 sicut
1082 919 1379 974 auctoritas
1407 918 1666 972 canonica
1694 928 1749 972 et
1769 915 2032 986 regularis

443 1016 616 1087 jubet,
643 1013 975 1069 monasterio
1001 1013 1088 1068 cui
1114 1013 1228 1082 ipse
1262 1011 1373 1064 Deo
1410 1017 1633 1064 auctore
1673 1015 1890 1077 praeest,
1934 1022 2034 1076 per

361 1145 370 1155 ι
449 1117 694 1162 nostrum
716 1116 1045 1176 praeceptum
1075 1104 1396 1159 conﬁrmare
1426 1110 1482 1157 et
1507 1110 1629 1170 post
1663 1099 1780 1168 ejus
1797 1101 2028 1163 obitum,

449 1199 493 1253 si
522 1199 646 1254 talis
670 1198 921 1251 inventus
951 1197 1004 1250 in
1028 1195 1287 1265 praedicto
1326 1192 1656 1248 monasterio
1697 1191 1911 1254 fuisset,
1937 1190 2030 1260 qui

448 1291 744 1346 secundum
789 1290 1030 1359 regulam
1079 1287 1250 1342 sancti
1297 1284 1573 1339 Benedicti
1606 1283 1886 1338 monachis
1922 1283 2033 1336 Deo

448 1383 650 1438 ibidem
698 1381 1056 1436 militantibus
1108 1386 1384 1449 praeesset,
1435 1376 1693 1446 prodesse
1743 1375 2030 1444 potuisset,

447 1473 720 1528 licentiam
745 1473 1010 1527 haberent
1055 1471 1197 1525 inter
1221 1485 1278 1524 se
1306 1469 1536 1538 eligendi
1563 1467 1830 1521 abbatem.
1867 1466 2035 1536 Cujus

448 1563 883 1633 deprecationem
913 1561 1039 1631 quia
1070 1561 1217 1632 justa
1261 1568 1315 1613 et
1353 1558 1688 1612 rationabilis
1732 1557 1887 1612 nobis
1918 1559 2032 1612 visa

449 1662 557 1719 est,
589 1668 774 1708 aurem
818 1650 1366 1714 accommodavimus,
1398 1656 1452 1702 et
1481 1648 1580 1702 hos
1620 1655 1835 1702 nostros
1864 1647 2034 1716 impe-

449 1743 612 1798 riales
658 1743 839 1813 apices
876 1743 994 1797 ﬁeri
1038 1741 1322 1812 jussimus,
1371 1754 1470 1809 per
1510 1753 1647 1808 quos
1691 1737 2034 1792 decernimus

2134 548 2290 617 cipiis
2321 549 2521 602 ibidem
2573 547 3060 614 commanentibus,
3105 564 3228 602 cum
3253 550 3398 604 omni
3427 549 3709 622 agnatione

2131 655 2340 704 eorum,
2371 640 2552 692 omnia
2575 647 2630 692 et
2662 653 2728 693 ex
2754 640 3028 705 omnibus,
3059 648 3230 694 totum
3253 649 3307 695 et
3331 641 3397 694 ad
3421 642 3705 714 integrum,

2132 729 2393 800 quidquid
2434 729 2500 784 ad
2545 730 2720 802 ipsam
2767 730 2950 784 villam
2991 731 3241 800 aspicere
3285 731 3498 786 videtur
3539 750 3554 796 ;
3615 751 3710 790 nec

2133 837 2240 876 non
2282 830 2337 875 et
2360 820 2416 875 in
2445 835 2583 891 pago
2621 820 2955 876 Nivernense
2982 821 3164 876 villam
3199 822 3356 892 cujs
3395 825 3709 880 vocabulum

2131 921 2218 967 est
2265 911 2638 981 Aptannacus,
2687 928 2811 968 cum
2866 913 3102 967 ecclesia
3153 913 3353 968 ibidem
3382 924 3706 976 constructa,

2131 1017 2256 1057 cum
2311 1003 2536 1068 mansis,
2594 1002 2860 1067 domibus,
2921 1003 3185 1069 aediﬁciis,
3243 1003 3433 1070 vineis,
3489 1007 3703 1075 campis,

2132 1094 2320 1163 pratis,
2348 1094 2588 1164 pascuis,
2613 1094 2768 1163 aquis
2803 1110 3132 1164 aquarumve
3161 1095 3498 1161 decursibus,
3544 1096 3707 1160 silvis,

2131 1183 2366 1238 exitibus
2418 1193 2472 1238 et
2535 1185 2874 1256 regressibus
2903 1225 2921 1252 ,
2976 1193 3033 1241 et
3089 1201 3214 1241 cum
3273 1187 3560 1257 mancipiis
3617 1189 3708 1242 ibi-

2133 1273 2255 1329 dem
2300 1275 2769 1331 commanentibus
2796 1316 2813 1342 ,
2881 1276 2966 1331 vel
3030 1291 3156 1332 cum
3215 1278 3364 1331 omni
3419 1278 3703 1348 agnatione

2133 1379 2340 1431 eorum,
2385 1368 2565 1423 omnia
2613 1375 2669 1423 et
2715 1383 2783 1423 ex
2832 1369 3102 1435 omnibus,
3151 1377 3624 1440 quantumcunque
3648 1371 3712 1426 ad

2135 1457 2306 1526 ipsam
2341 1457 2524 1512 villam
2548 1459 2792 1527 aspicere
2819 1460 3033 1515 videtur
3057 1477 3070 1513 :
3101 1459 3144 1513 E
3173 1468 3361 1516 contra
3387 1461 3441 1516 in
3467 1477 3714 1532 compen—

2135 1547 2345 1603 satione
2373 1547 2535 1618 hujus
2574 1550 2655 1604 rei
2701 1549 2849 1605 dedit
2875 1559 3210 1606 memoratus
3255 1551 3513 1608 Warinus
3538 1569 3713 1610 comes

2133 1648 2186 1695 et
2216 1655 2356 1694 uxor
2383 1639 2592 1695 Albana
2628 1641 2695 1696 de
2743 1641 2906 1698 rebus
2932 1643 3284 1712 proprietatis
3311 1658 3501 1698 eorum
3544 1645 3714 1700 eidem

2134 1727 2449 1784 Ilildebaldo
2501 1730 2752 1800 episcopo
2808 1731 2876 1785 ad
2928 1739 3139 1802 partem
3187 1731 3442 1788 Ecclesiae
3493 1747 3606 1788 sua
3663 1735 3714 1789 in

449 1841 612 1902 atque
649 1833 900 1903 jubemus
930 1843 989 1886 ut
1029 1839 1150 1901 post
1175 1829 1420 1899 praedicti
1451 1827 1662 1883 abbatis
1708 1826 2031 1892 discessum,
2062 1843 2109 1902 Β
2136 1821 2326 1876 eodem
2369 1836 2504 1890 pago
2535 1819 2868 1878 Matescense
2911 1822 3111 1889 villam,
3159 1823 3248 1878 cui
3291 1824 3612 1879 vocabulum
3639 1836 3716 1881 est

449 1924 495 1978 si
519 1923 642 1977 talis
670 1923 739 1977 ibi
767 1923 835 1977 de
860 1922 1049 1978 eadem
1077 1921 1494 1992 congregatione
1518 1919 1768 1974 inventus
1789 1925 2036 1988 repertus

451 2011 633 2080 fuerit,
665 2013 756 2082 qui
786 2021 1010 2068 ceteros
1038 2011 1332 2066 secundum
1372 2009 1614 2080 regulam
1660 2008 1835 2063 sancti
1863 2006 2037 2063 Bene-

451 2103 580 2159 dicti
626 2118 814 2174 regere
839 2103 1033 2171 possit,
1077 2101 1351 2157 licentiam
1395 2100 1632 2155 habeant
1681 2099 1826 2153 inter
1852 2113 1911 2154 se
1938 2098 2036 2154 eli-

453 2193 614 2265 gendi
644 2192 916 2258 abbatem,
948 2193 1182 2262 qualiter
1224 2192 1396 2262 ipsam
1439 2191 1912 2262 congregationem
1937 2205 2036 2260 pro

451 2284 631 2349 nobis,
653 2281 884 2353 conjuge
909 2291 1116 2347 nostra,
1143 2283 1401 2352 proleque
1426 2289 1635 2346 nostra,
1660 2288 1716 2336 et
1745 2281 2037 2336 stabilitate

451 2375 615 2430 totius
643 2374 852 2444 imperii
885 2374 1055 2428 nostri
1081 2373 1324 2428 hilariter
1352 2372 1566 2428 Domini
1608 2372 2034 2428 misericordiam

450 2481 680 2522 exorare
708 2465 958 2521 delectet.
1003 2465 1070 2520 Et
1115 2474 1173 2520 ut
1217 2467 1357 2522 hanc
1402 2465 1790 2520 auctoritatem
1819 2479 1850 2518 a
1880 2465 2036 2520 nobis

450 2555 650 2610 factam
709 2557 891 2611 verius
931 2556 1169 2610 credatis
1219 2564 1276 2612 et
1321 2556 1635 2628 diligentius
1676 2555 2032 2619 oonservetis,

452 2662 618 2700 manu
665 2646 885 2717 propria
929 2654 1114 2702 nostra
1157 2649 1344 2702 subter
1373 2646 1729 2710 ﬁrmavimus,
1751 2652 1806 2700 et
1850 2644 2034 2699 annuli

450 2738 626 2792 nostri
658 2737 1017 2806 impressione
1047 2739 1262 2808 signare
1285 2738 1568 2808 jussimus.

522 2827 747 2900 Signum
773 2829 1030 2884 Ludovici
1057 2829 1391 2886 serenissimi
1420 2827 1784 2898 imperatoris.

522 2921 809 2978 Durandus
862 2922 1124 2979 diaconus
1179 2924 1247 2978 ad
1307 2923 1480 2978 vicem
1540 2921 1806 2991 Fridegisi
1881 2934 2036 2976 rece-

450 3014 632 3084 gnovi.

523 3104 657 3157 Data
707 3103 880 3173 pridie
927 3104 1196 3160 Kalendas
1241 3103 1409 3171 Junii,
1452 3119 1616 3168 anno,
1639 3103 1857 3159 Christo
1903 3117 2032 3172 pro-

2136 1910 2497 1980 Gemuliacus,
2530 1930 2652 1970 cum
2691 1914 2922 1970 ecclesia
2963 1915 3162 1971 ibidem
3215 1926 3548 1984 constructa,
3597 1935 3715 1974 cum

2136 2003 2358 2069 mansis,
2409 2005 2677 2071 domibus,
2731 2006 2892 2072 casis,
2943 2005 3208 2072 aediﬁciis,
3258 2008 3456 2073 vineis,
3493 2011 3711 2080 campis,

2134 2095 2329 2166 pratis,
2357 2095 2526 2161 silvis,
2557 2097 2793 2167 pascuis,
2824 2098 2980 2168 aquis
3021 2113 3353 2168 aquarumve
3382 2099 3712 2168 decursibus,

2137 2189 2430 2254 fariuariis,
2463 2189 2698 2244 exitibus
2742 2197 2800 2244 et
2828 2190 3190 2262 regressibus,
3221 2199 3278 2244 et
3309 2191 3597 2262 mancipiis
3622 2193 3717 2247 ibi-

2137 2279 2258 2334 dem
2302 2281 2796 2346 commanentibus,
2826 2295 2952 2336 cum
2999 2282 3147 2336 omni
3195 2283 3483 2353 agnatione
3511 2299 3716 2349 eorum,

2137 2371 2316 2425 omnia
2342 2377 2400 2425 et
2431 2385 2499 2424 ex
2528 2371 2802 2437 omnibus,
2832 2379 3096 2441 quantum
3125 2374 3193 2428 ad
3222 2373 3393 2444 ipsam
3424 2375 3717 2430 Ecclesiam

2137 2461 2384 2530 aspicere
2411 2460 2646 2525 videtur,
2691 2470 2747 2516 et
2777 2477 2966 2517 eorum
2992 2465 3262 2533 possessio
3298 2480 3422 2521 esse
3451 2467 3719 2537 dignosci-

2137 2557 2245 2604 tur.
2300 2550 2370 2605 Et
2408 2551 2462 2605 in
2504 2566 2643 2622 pago
2670 2550 2988 2607 Nivernensi
3017 2552 3200 2608 villam
3223 2553 3375 2623 cujus
3405 2556 3723 2613 vocabulum

2137 2649 2223 2696 est
2243 2640 2610 2712 Calda-Aqua,
2640 2657 2762 2698 cum
2791 2642 2952 2707 casis,
2982 2643 3251 2709 domibus,
3279 2644 3546 2711 aediﬁciis,
3572 2662 3724 2700 man-

2138 2731 2249 2798 sis,
2279 2731 2480 2796 vineis,
2522 2731 2762 2801 campis,
2806 2733 3004 2801 pratis,
3050 2733 3301 2802 pascuis,
3341 2733 3525 2800 silvis,
3572 2736 3726 2805 aquis

2137 2839 2471 2893 aquarumve
2496 2824 2832 2890 decursibus,
2863 2826 3100 2880 exitibus
3127 2835 3184 2882 et
3212 2827 3573 2897 regressibus,
3600 2844 3724 2885 cum

2136 2916 2422 2984 mancipiis
2451 2916 2651 2972 ibidem
2676 2920 3178 2986 commanentibus,
3217 2936 3341 2976 cum
3377 2924 3525 2976 omni
3559 2938 3724 2993 agna-

2138 3009 2284 3066 tione
2313 3024 2524 3075 eorum,
2558 3012 2738 3065 omnia
2770 3021 2825 3066 et
2849 3027 2914 3066 ex
2941 3014 3217 3079 omnibus,
3248 3023 3727 3085 quantumcunque

2138 3099 2338 3154 ibidem
2368 3114 2556 3155 eorum
2585 3101 2864 3170 proprium
2892 3117 3014 3158 esse
3041 3103 3276 3158 videtur.
3309 3103 3421 3158 Nec
3449 3119 3552 3159 non
3582 3115 3637 3159 et
3669 3108 3727 3161 in

449 3191 603 3261 pitio,
631 3191 698 3244 12
722 3191 903 3246 domni
945 3192 1200 3248 Ludovici
1227 3193 1592 3262 imperatoris,
1615 3193 1910 3248 indictione
1934 3199 2038 3246 ter-
2064 3224 2108 3287 ρ
2140 3191 2336 3246 ducatu
2363 3190 2651 3246 Alvernico
2693 3192 2744 3246 in
2787 3207 2927 3262 pago
2955 3193 3297 3250 Donobrinse
3324 3195 3538 3261 villam,
3568 3196 3731 3264 cujus

454 3283 549 3335 tia.
580 3282 774 3337 Actum
803 3283 1556 3356 Aquisgrano,palatioregio.

1128 3395 1358 3449 CXXVI.

969 3503 1034 3541 DE
1063 3504 1217 3542 "ILLA
1247 3503 1528 3542 CLUNIACO.

1061 3577 1233 3649 (Anno
1279 3579 1427 3649 8‘25.)

453 3669 565 3742 [Ex
617 3670 967 3742 chartulario
1001 3671 1384 3736 Cluniacensi,
1437 3673 1579 3741 apud
1629 3671 1708 3742 D.
1745 3671 2035 3742 Bouquct.,

698 3740 912 3795 Recueil
935 3741 1024 3795 des
1045 3742 1194 3807 hist,
1217 3751 1350 3796 tom.
1383 3740 1612 3814 Vl,’pag.
1649 3741 1802 3815 546.]

520 3831 578 3886 In
620 3832 840 3887 nomine
871 3831 1084 3887 Domini
1116 3831 1209 3886 Dei
1255 3841 1311 3888 et
1355 3832 1656 3887 Salvatoris
1696 3833 1867 3887 nostri
1910 3830 2037 3886 Jesu

449 3921 676 3987 Christi,
699 3922 1024 3990 Ludovicus,
1052 3923 1231 3979 divina
1251 3924 1538 3979 ordinante
1560 3924 1919 3995 providentia,
1940 3923 2038 3978 im-

447 4022 666 4084 perator
689 4013 983 4086 Augustus.

522 4104 581 4160 Si
621 4105 767 4160 enim
789 4120 855 4160 ea
882 4121 1001 4176 quae
1027 4105 1214 4161 ﬁdeles
1245 4105 1460 4176 imperii
1505 4109 1678 4163 nostri
1725 4126 1823 4179 pro
1848 4127 2035 4168 eorum

449 4195 944 4266 Opportunitatibus
996 4197 1138 4250 inter
1187 4211 1246 4250 se
1303 4200 1777 4267 commutaverint,
1835 4205 2038 4259 nostris

449 4286 838 4342 conﬁrmamus
888 4287 1100 4353 edictis,
1153 4289 1487 4356 impcrialem
1537 4305 1860 4348 exercemus
1909 4310 2038 4350 con-

451 4374 817 4442 suetudinem,
845 4383 902 4432 et
935 4377 1038 4432 hoc
1064 4377 1118 4431 in
1161 4379 1503 4447 postmodum
1551 4380 1677 4450 jure
1724 4383 2037 4442 ﬁrmissimo

450 4480 767 4521 mansurum
802 4481 922 4522 esse
965 4467 1232 4523 volumus.
1279 4467 1488 4524 idcirco
1536 4473 1750 4527 noverit
1795 4476 2037 4531 omnium

2141 3281 2461 3336 vocabulum
2488 3290 2573 3336 est
2597 3281 2882 3348 Lituinias,
2911 3299 3036 3338 cum
3063 3285 3231 3350 casis,
3261 3284 3534 3350 domibus,
3563 3287 3728 3340 abditi.

2141 3371 2258 3435 ciis,
2291 3373 2516 3439 mansis,
2546 3373 2748 3439 vineis,
2781 3375 3017 3444 campis,
3049 3377 3252 3447 pratis,
3280 3375 3460 3439 silvis,
3489 3379 3728 3447 pascuis,

2141 3463 2299 3532 aquis
2326 3479 2659 3534 aquarumve
2685 3465 3037 3532 decursibus,
3081 3476 3138 3523 et
3162 3483 3287 3523 cum
3314 3470 3600 3539 mancipiis
3629 3470 3729 3524 ibi-

2141 3555 2262 3610 dem
2291 3557 2788 3622 commanentibus,
2826 3572 2949 3612 cum
2978 3559 3264 3628 agnatione
3291 3573 3508 3622 eorum,
3543 3561 3727 3615 omnia

2140 3653 2196 3699 et
2215 3659 2281 3698 ex
2301 3645 2570 3709 omnibus,
2594 3654 3072 3715 quantumcunque
3096 3662 3286 3702 eorum
3309 3649 3580 3718 proprium
3605 3664 3730 3704 esse

2141 3736 2494 3807 dignoscitur.
2525 3737 2678 3794 Unde
2697 3746 2753 3794 et
2771 3739 2906 3794 duas
2927 3741 3382 3795 commutationes
3400 3741 3517 3812 pari
3539 3750 3730 3796 tenore

2139 3829 2506 3898 conscriptas,
2557 3831 2914 3900 manibusque
2952 3833 3222 3886 bonorum
3250 3832 3532 3887 hominum
3565 3833 3728 3892 robo-

2141 3929 2290 3974 ratas
2320 3935 2379 3974 se
2405 3935 2516 3990 prae
2542 3920 2793 3976 manibus
2821 3923 3023 3978 habere
3051 3922 3332 3991 professus
3356 3933 3470 3988 est;
3503 3924 3597 3979 sed
3632 3939 3731 3993 pro

2140 4013 2349 4081 integra
2391 4011 2649 4066 ﬁrmitate
2690 4012 2846 4084 petiit
2887 4011 3196 4067 cclsitudini
3239 4023 3440 4069 nostra:
3484 4024 3545 4068 ut
3588 4017 3733 4086 ipsas

2139 4103 2595 4159 commutationes
2615 4103 2791 4158 denuo
2811 4117 2910 4174 per
2927 4112 3129 4158 nostrae
3147 4106 3581 4160 mansuetudinis
3600 4121 3732 4174 pras

2140 4201 2353 4262 ceptum
2375 4191 2587 4261 plenius
2609 4191 2662 4246 in
2686 4191 2782 4246 Dei
2805 4192 3021 4247 nomine
3045 4194 3369 4248 conﬁrmare
3390 4180 3732 4248 deberemus.

2140 4284 2379 4351 Quorum
2409 4282 2654 4353 petitioni
2683 4283 2949 4353 denegare
2978 4283 3283 4349 noluimus;
3316 4285 3412 4339 sed
3439 4285 3587 4340 sicut
3613 4287 3736 4339 uni-

2141 4374 2341 4442 cuique
2372 4373 2613 4428 ﬁdelium
2642 4377 2950 4429 nostrorum
2981 4372 3126 4442 juste
3154 4375 3488 4444 petentium,
3528 4376 3598 4435 ita
3634 4393 3737 4430 nos

2143 4469 2252 4523 illis
2279 4469 2636 4534 concessisse,
2679 4477 2842 4538 atque
2880 4469 2935 4523 in
2969 4469 3222 4524 omnibus
3247 4469 3606 4525 conﬁrmasse
3642 4488 3737 4525 co-

451 4559 692 4616 ﬁdelium
749 4569 1079 4629 nostrorum,
1131 4567 1480 4634 prmsentium
1533 4567 1741 4623 scilicet
1789 4579 1845 4623 et
1894 4569 2033 4625 futu-

2143 4559 2402 4628 gnoscite.
2459 4557 2842 4629 Prmcipientes
2891 4575 3021 4631 ergo
3062 4557 3317 4626 jubemus
3367 4569 3430 4614 ut
3469 4561 3739 4631 quidquid

456 4670 662 4720 rorum,
719 4656 1007 4722 industria,
1068 4659 1196 4728 quia
1243 4660 1324 4713 vir
1376 4662 1702 4716 venerabilis
1753 4662 2034 4718 llilduinus

447 4749 618 4804 abbas
657 4756 713 4804 et
755 4750 898 4804 sacri
932 4750 1117 4821 palatii
1162 4767 1406 4808 summus
1455 4756 1766 4824 capellanus
1801 4757 2033 4812 innotuit

445 4841 721 4896 serenitati
754 4849 970 4909 nostrae,
1015 4857 1081 4899 eo
1127 4845 1268 4914 quod
1295 4845 1638 4904 Hildebaldus
1685 4848 2032 4906 Matescensis

444 4930 699 4987 Ecclesiae
727 4933 1016 5002 episcopus
1045 4945 1101 4989 et
1144 4935 1232 4989 vir
1279 4935 1488 4992 illuster
1537 4937 1801 4994 Warinus
1849 4954 2032 4995 comes

444 5023 508 5077 dc
536 5025 859 5092 quibusdam
890 5025 1052 5080 rebus
1090 5041 1189 5094 pro
1233 5030 1504 5083 communi
1548 5032 1780 5086 utilitate
1809 5041 1864 5086 et
1885 5048 2032 5088 com-

444 5117 639 5186 pendio
667 5117 975 5186 nuperrime
1003 5118 1143 5171 inter
1169 5134 1227 5172 se
1247 5122 1726 5177 commutationem
1757 5123 2030 5179 fecissent.

447 5207 604 5261 Dedit
663 5207 827 5278 igitur
886 5209 1180 5277 pnndictus
1232 5209 1579 5266 Hildebaldus
1631 5214 1916 5284 episcopus
1966 5231 2033 5270 ex

447 5299 654 5354 ratione
679 5300 1020 5370 episc0patus
1044 5302 1126 5356 sui
1152 5300 1325 5356 eidem
1349 5302 1572 5358 Warino
1593 5305 1776 5360 comiti
1800 5315 1855 5360 et
1876 5307 2032 5362 uxori

445 5402 556 5444 suae
580 5390 819 5456 Albanae,
868 5393 936 5446 ad
971 5408 1160 5449 eorum
1201 5395 1481 5465 proprium
1528 5398 1920 5466 perpetualiter
1963 5401 2031 5455 ad

447 5479 779 5549 habendum,
815 5485 868 5539 in
898 5486 1087 5540 eodem
1115 5503 1254 5558 pago
1281 5486 1614 5542 Matescense
1641 5489 1844 5555 villam,
1877 5488 2032 5558 cujus

445 5570 768 5625 vocabulum
813 5582 897 5628 est
943 5573 1237 5642 Anniacus,
1285 5591 1410 5630 cum
1460 5577 1689 5633 ecclesia
1739 5579 1792 5632 in
1842 5579 2030 5634 eadem

448 5661 599 5724 villa,
629 5671 829 5718 etcum
864 5667 1027 5730 casis,
1051 5668 1321 5733 domibus,
1363 5669 1628 5735 :cdiﬁciis,
1664 5670 1858 5735 vincis,
1888 5685 2033 5724 cam-

451 5751 556 5820 pis,
586 5753 778 5821 pratis,
822 5755 990 5816 silvis,
1025 5758 1256 5824 pascuis,
1291 5760 1446 5827 aquis
1469 5775 1796 5828 aquarumve
1839 5761 2031 5814 decur-

2139 4664 2266 4719 pars
2285 4647 2430 4716 iuste
2459 4656 2514 4703 et
2542 4647 2935 4702 rationabiliter
2956 4647 3111 4702 alteri
3135 4648 3364 4702 contulit
3387 4651 3554 4718 parti,
3580 4649 3736 4703 dein-

2139 4753 2266 4808 ceps
2294 4753 2391 4806 per
2420 4739 2560 4792 hanc
2587 4746 2830 4792 nostram
2861 4739 3240 4792 auctoritatem
3264 4735 3390 4805 jure
3418 4738 3732 4793 ﬁrmissimo

2139 4836 2320 4883 teneat
2357 4835 2518 4897 atque
2559 4829 2864 4898 possideat;
2903 4827 2988 4882 vel
3016 4829 3279 4898 quidquid
3319 4830 3520 4883 exinde
3549 4830 3734 4883 facere

2138 4918 2222 4972 vel
2256 4916 2504 4986 judicare
2533 4918 2799 4981 voluerit,
2841 4917 3014 4972 libero
3049 4926 3103 4971 et
3132 4918 3385 4972 omnibus
3415 4918 3736 4988 perfruatur

2138 5016 2364 5071 arbitrio
2395 5015 2629 5072 faciendi
2660 5016 2920 5087 quidquid
2945 5017 3186 5086 elegerit.
3222 5017 3291 5071 Et
3316 5026 3376 5072 ut
3401 5019 3521 5073 hinc
3548 5029 3736 5073 aucto-

2137 5107 2270 5162 ritas
2314 5107 2522 5162 ﬁrmior
2559 5108 2845 5174 habeatur,
2890 5116 2946 5162 et
2989 5123 3087 5177 per
3117 5105 3296 5162 futura
3329 5116 3574 5178 tempora
3611 5123 3734 5163 me-

2135 5197 2239 5251 lius
2263 5207 2638 5266 conservetur,
2680 5198 2746 5255 de
2783 5198 2984 5254 annulo
3024 5207 3213 5254 nostro
3239 5199 3435 5254 subtus
3462 5197 3737 5268 jussimus

2133 5285 2380 5358 sigillari.

2206 5395 2494 5451 Durandus
2519 5395 2780 5452 diaconus
2799 5397 2870 5453 ad
2889 5397 3062 5454 vicem
3085 5397 3357 5470 Fridugisi
3384 5399 3730 5470 recognovit.

2205 5485 2338 5540 Data
2374 5501 2434 5540 ill
2471 5484 2650 5541 Nonas
2677 5485 2889 5554 lunias,
2920 5504 3082 5554 anno,
3111 5488 3331 5544 Christo
3365 5491 3624 5560 propitio,
3669 5487 3734 5540 l9.

2135 5575 2348 5645 imperii
2369 5575 2558 5630 domui
2589 5575 2844 5632 Ludovici
2875 5578 3104 5648 piissimi
3131 5578 3393 5649 Augusti,
3431 5579 3732 5634 indictione

2111 5669 2188 5726 ,5.
2242 5668 2434 5723 Actum
2476 5668 2798 5742 Aquisgrani
2840 5670 3040 5743 palatio
3078 5671 3226 5742 regio
3269 5671 3321 5725 in
3369 5670 3464 5727 Dei
3509 5670 3734 5727 nomine

2138 5759 2386 5815 feliciter.
2417 5759 2607 5814 Amen.
