3996 6178
367 395 501 452 1139

997 497 1254 554 CXXVII.

362 611 603 656 LUDOVICI
629 611 698 650 ET
731 606 988 649 LOTHABII
1019 606 1163 646 IUPP.
1190 604 1422 646 DONATIO
1455 604 1625 643 FACTA
1661 603 1941 643 RICBODONI

889 677 1083 718 ABBATI
1113 676 1439 716 SENONIENSI.

983 753 1159 824 (Anno
1189 753 1343 824 825.)

452 849 470 920 [
495 847 719 910 Mabill.,
748 844 940 900 Annal.
965 844 1161 898 Bened.
1195 884 1209 908 ,
1235 852 1366 898 tom.
1417 841 1491 907 II,
1523 856 1649 912 pag.
1680 841 1804 895 755.
1831 840 1850 912 ]

426 940 486 995 In
511 939 728 994 nomine
764 936 979 993 Domini
1021 935 1117 991 Dei
1159 944 1214 990 et
1259 935 1556 990 Salvatoris
1596 934 1768 988 nostri
1813 932 1940 988 Jesu

359 1032 584 1097 Christi,
639 1031 942 1085 Ludovicus
987 1037 1044 1083 et
1090 1028 1404 1092 Lotharius,
1427 1027 1610 1082 divina
1652 1025 1941 1081 ordinante

356 1123 714 1192 providentia,
744 1122 1100 1191 imperatores
1120 1120 1371 1190 Augusti.

435 1211 700 1267 Omnibus
728 1210 976 1266 ﬁdelibus
1027 1209 1250 1276 nostris,
1274 1209 1633 1280 praesentibus
1653 1208 1860 1264 scilicet
1887 1217 1944 1264 et

356 1301 574 1365 futuris,
603 1308 790 1356 notum
818 1299 936 1354 ﬁeri
967 1300 1233 1364 volumus,
1263 1299 1387 1368 quia
1414 1300 1783 1354 concessimus
1821 1300 1940 1354 cui-

356 1395 482 1450 dam
526 1393 672 1448 ﬁdeli
715 1401 903 1448 nostro
951 1391 1250 1447 Ricbodoni
1293 1390 1474 1446 abbati
1515 1391 1569 1444 in
1620 1388 1943 1446 beneﬁcium

355 1485 601 1542 ceIIuIam
626 1499 749 1555 quae
769 1492 854 1540 est
877 1492 1185 1539 constructa
1215 1482 1268 1537 in
1297 1481 1503 1536 honore
1527 1481 1740 1535 Domini
1772 1480 1942 1534 nostri

356 1577 484 1634 Jesu
515 1577 719 1633 Christi
744 1577 800 1631 in
822 1577 1060 1645 Vosego,
1095 1575 1149 1629 in
1179 1575 1296 1629 loco
1317 1574 1408 1644 qui
1432 1581 1656 1628 vocatur
1683 1570 1944 1626 Aluwini—

356 1673 527 1735 Mons,
556 1683 718 1739 super
750 1667 973 1722 ﬂuvium
999 1667 1208 1729 Prusia,
1233 1680 1395 1736 quam
1415 1663 1734 1734 jamdudum
1774 1678 1943 1717 avun-

357 1764 511 1820 culus
537 1776 690 1825 suus,
741 1758 1038 1814 Wicbodus
1081 1757 1318 1820 nomine,
1363 1755 1642 1825 episcopio
1688 1753 1938 1817 Metensi,

1498 383 1889 440 DIPl.OMATA
1929 382 2485 440 ECCLESIASTICA.

1970 500 2024 559 Α
2047 495 2127 550 dit
2149 509 2245 549 rex
2278 493 2428 568 [Leg.
2445 492 2557 566 res]
2578 507 2644 548 ex
2671 492 2935 549 beneﬁcio
2958 507 3080 558 suo,
3111 493 3319 556 scilicet
3357 493 3424 549 de
3470 496 3632 552 rebus

3491 384 3628 436 11ὒο

2042 588 2311 656 przedicta:
2359 586 2602 642 ecclesiae
2643 585 2817 642 sancti
2866 583 3088 651 Iuliani,
3131 600 3350 641 mansos
3391 595 3628 654 centum,

2042 681 2184 735 unde
2203 693 2392 734 eorum
2414 679 2766 734 necessitates
2799 676 3050 732 fulcirent
3068 686 3124 731 et
3142 676 3632 734 substentationem

2041 773 2240 828 habere
2263 772 2583 841 potuissent,
2615 771 2868 826 videlicet
2885 771 3156 841 praedictis
3173 770 3384 825 clericis
3402 770 3454 824 in
3479 785 3631 826 com-

2042 877 2203 916 mune
2231 862 2532 932 sexaginta,
2557 870 2614 916 et
2642 860 2846 926 abbati,
2894 876 3054 930 quem
3100 861 3202 931 ipsi
3240 862 3445 930 pariter
3472 876 3634 930 super

2042 969 2100 1010 se
2122 955 2424 1026 elegerunt,
2450 969 2669 1008 mansos
2703 954 3084 1023 quadraginta,
3131 954 3388 1022 precibus
3437 954 3636 1022 quibus

2041 1047 2209 1100 valuit
2255 1046 2398 1101 idem
2435 1045 2784 1114 Beringarius
2818 1043 2990 1098 ﬁdelis
3035 1058 3218 1098 comes
3257 1053 3503 1098 nostram
3540 1059 3636 1098 ex-

2041 1135 2216 1190 oravit
2243 1135 2585 1190 clementiam
2605 1145 2664 1188 ut
2686 1150 2784 1204 per
2803 1144 3051 1189 nostrum
3076 1134 3414 1188 auctoritatis
3432 1147 3636 1203 praece-

2040 1234 2192 1296 ptum
2207 1226 2662 1281 constitueremus
2679 1226 2912 1295 qualiter
2929 1226 3187 1294 praedicta
3210 1233 3427 1279 centum
3445 1241 3635 1280 mansa

2042 1317 2218 1371 nullus
2246 1318 2439 1372 exinde
2471 1318 2784 1373 abstrahere
2816 1325 3190 1387 praesumeret,
3215 1325 3270 1372 et
3296 1326 3358 1371 ut
3385 1319 3636 1373 abbatem

2043 1421 2204 1475 super
2231 1421 2288 1461 se
2321 1407 2566 1462 canonici
2592 1408 2644 1462 in
2685 1408 2958 1478 praedictis
2997 1407 3129 1463 locis
3163 1409 3445 1464 constituti
3493 1410 3636 1464 inter

2042 1496 2357 1566 seeligendi
2403 1496 2678 1552 licentiam
2719 1499 3004 1563 haberent,
3055 1506 3111 1552 et
3164 1498 3280 1568 ipse
3330 1498 3494 1552 abbas
3549 1499 3636 1554 vel

2042 1588 2390 1659 congregatio
2415 1587 2532 1657 ejus
2563 1590 2662 1643 sub
2689 1589 2886 1645 nullius
2926 1589 3131 1644 ditione
3183 1588 3414 1644 fuissent
3439 1597 3494 1644 et
3534 1605 3631 1645 ne-

2043 1682 2174 1737 mini
2211 1681 2432 1737 cuilibet
2463 1683 2780 1752 obsequium
2825 1699 2924 1752 pro
2971 1684 3243 1752 praedictis
3276 1684 3439 1738 rebus
3473 1683 3634 1738 fecis—

2043 1781 2186 1838 sent,
2217 1773 2320 1828 nisi
2350 1780 2561 1827 tantum
2590 1773 2656 1828 ad
2689 1782 2896 1844 partem
2927 1774 3070 1844 regis
3118 1773 3398 1827 annuatim
3443 1771 3629 1827 cabal-

355 1853 498 1924 (ιιιοά
527 1859 611 1906 θδῑ
646 1851 702 1904 in
743 1849 949 1904 more
1000 1846 1173 1901 sane“
1219 1844 1480 1942 ξηνδίδηί
1527 1842 1940 1942 ΡτοξῩξῖωἮῖτίδ
1968 1848 2016 1907 Β
2043 1871 2154 1926 lum
2187 1888 2354 1926 unum
2379 1886 2501 1926 cum
2530 1842 2756 1927 scutoret
2779 1872 2964 1926 lancea
2989 1842 3428 1942 prassentassent,
3461 1878 3516 1925 et
3549 1871 3632 1926 in-

356 1948 746 2005 constructum,
762 1953 858 2008 per
878 1945 1178 1994 stramenta
1197 1935 1507 1990 chartarum
1536 1934 1773 1990 tradidit.
1790 1933 1943 1988 Hanc

356 2033 540 2102 itaque
563 2028 808 2085 cellulam
834 2042 956 2082 eum
981 2026 1233 2082 omnibus
1255 2023 1401 2094 juste
1425 2025 1492 2080 ad
1513 2039 1573 2080 se
1615 2023 1939 2094 pertinenti-

357 2122 477 2185 bus,
523 2127 693 2187 tqtum
735 2125 791 2171 et
840 2115 908 2170 ad
951 2116 1222 2185 integrum
1265 2113 1526 2185 praedicto
1568 2112 1712 2167 ﬁdeli
1758 2120 1944 2168 nostro

356 2211 656 2269 Ricbodoni
697 2208 881 2264 abbati
928 2209 985 2263 in
1037 2205 1360 2262 beneﬁcium
1408 2221 1505 2274 per
1557 2206 1699 2259 hanc
1743 2215 1944 2260 nostrae

354 2302 694 2359 auctoritatis
721 2298 1063 2369 largitionem
1078 2295 1449 2359 concedimus,
1472 2309 1538 2350 eo
1559 2295 1766 2349 scilicet
1787 2296 1946 2350 modo

355 2403 413 2449 ut
440 2392 694 2447 omnibus
734 2388 924 2444 diebus
964 2387 1089 2440 vitae
1135 2400 1248 2440 suae
1296 2385 1500 2455 absque
1547 2385 1707 2440 ullius
1749 2385 1946 2453 injusta

355 2478 787 2538 contradictione
816 2476 966 2530 illam
998 2474 1182 2544 quieto
1210 2473 1400 2528 ordine
1443 2481 1623 2528 teneat
1645 2482 1806 2544 atque
1830 2489 1952 2545 pos-

355 2571 558 2636 sideat;
589 2577 713 2639 post
739 2568 946 2623 obitum
978 2580 1108 2621 vero
1129 2566 1420 2636 ejus,~cum
1469 2565 1719 2620 omnibus
1768 2566 1837 2620 ad
1888 2580 1950 2621 se

356 2659 775 2735 pertinentibus,
806 2658 874 2712 ad
895 2657 986 2728 jus
1012 2655 1329 2711 monasterii
1366 2654 1667 2722 Senonicm,
1713 2657 1856 2725 quod
1893 2664 1950 2711 et

357 2755 426 2810 ad
487 2753 805 2823 prmdictum
884 2750 1215 2820 episcopium
1283 2749 1520 2805 Metense
1577 2752 1828 2820 pertinet,
1880 2751 1948 2806 ad

357 2847 626 2916 integrum
657 2844 831 2898 modis
864 2843 1116 2898 omnibus
1140 2849 1464 2898 revertatur.
1495 2841 1562 2896 Et
1590 2850 1649 2896 ut
1678 2843 1795 2898 haec
1845 2858 1946 2898 nn-

357 2947 486 2992 stra:
528 2935 869 2992 auctoritatis
912 2933 1128 3004 largitio
1171 2931 1379 2988 ﬁrmior
1419 2933 1707 3001 habeatur,
1748 2944 1804 2991 et
1852 2951 1951 3006 per

356 3028 540 3084 futura
569 3037 807 3097 tempora
835 3026 1029 3081 melius
1064 3026 1317 3080 credatur
1358 3031 1412 3079 et
1462 3026 1775 3097 diligentius
1815 3044 1949 3084 con-

356 3129 628 3186 servetur,
659 3120 909 3174 manibus
943 3118 1178 3188 propriis
1223 3117 1407 3172 subter
1453 3133 1573 3174 eam
1614 3117 1949 3176 ﬁrmavimus

356 3220 413 3267 et
437 3209 618 3266 annuli
647 3210 820 3264 nostri
845 3208 1202 3279 impressione
1227 3207 1429 3278 signari
1451 3209 1733 3280 jussimus.

430 3299 659 3370 Signum
684 3297 943 3352 Ludovici
970 3296 1304 3352 serenissimi
1331 3296 1695 3366 imperatoris.

431 3389 657 3460 Signum
682 3387 923 3443 Lotharii
951 3386 1328 3458 gloriosissimi
1348 3388 1596 3459 Augusti.
1629 3390 1645 3424 ν

431 3479 810 3536 Hirminmaris
834 3480 1079 3535 notarius
1096 3479 1164 3534 ad
1181 3480 1351 3534 vicem
1368 3478 1641 3552 Fridugisi
1659 3483 1950 3553 recognovi

360 3581 416 3628 et
439 3571 755 3640 subscripsi.

431 3664 567 3719 Data
587 3677 656 3716 xv
685 3661 805 3715 Kal.
825 3658 1089 3722 Januarii,
1117 3672 1281 3723 anno,
1310 3657 1528 3713 Christo
1549 3662 1803 3729 propitio,
1827 3663 1895 3715 12
1922 3674 1949 3703 ι

330 3756 574 3828 .imperii
638 3754 819 3809 domui
899 3749 1156 3805 Ludovici
1223 3756 1280 3804 et
1338 3751 1518 3806 domui
1580 3751 1822 3808 Lotharii
1885 3754 1948 3820 4,

364 3849 554 3904 indiet.
578 3845 634 3898 4.
669 3845 864 3899 Actum
892 3839 1220 3915 Aquisgrani
1251 3842 1450 3913 palatio
1480 3845 1630 3916 regio
1657 3846 1711 3899 in
1733 3845 1829 3899 Dei
1850 3860 1950 3900 no-

365 3941 512 3998 mine
540 3937 789 3994 feliciter.
1353 3989 1359 3992 _

1069 4010 1346 4067 CXXVIII.

474 4117 720 4158 LUDDVICI
745 4117 1074 4157 PRECEPTL‘H
1101 4120 1202 4158 PRO
1227 4120 1479 4160 ECCLESIA
1510 4119 1846 4158 BRIVATENSI.

1010 4190 1183 4264 (Anno
1221 4193 1370 4264 825'.)

529 4285 768 4359 [Baluz.,
803 4283 1058 4356 Capitul.,
1086 4295 1215 4340 tom.
1253 4285 1318 4352 II,
1350 4302 1472 4357 pag.
1501 4285 1696 4356 1426.]

438 4374 496 4431 In
519 4376 738 4441 nomine
763 4375 973 4430 Domini
1005 4385 1058 4431 et
1081 4376 1378 4432 Salvatoris
1406 4377 1574 4432 nostri
1589 4375 1715 4431 Jesu
1734 4376 1954 4444 Christi,

368 4470 694 4535 Ludovicus,
724 4469 904 4524 divina
927 4469 1212 4525 ordinante
1245 4470 1607 4540 providentia,
1661 4469 1957 4539 imperator

369 4559 666 4629 Augustus.

441 4648 639 4702 Notum
667 4662 787 4703 esse
817 4648 1064 4703 volumus
1089 4645 1299 4702 cunctis
1331 4646 1575 4703 ﬁdelibus
1619 4655 1817 4704 sanctae
1859 4649 1955 4703 Dei

371 4739 631 4796 Ecclesiae
655 4749 708 4792 et
727 4739 931 4793 nostris
955 4755 1050 4793 seu
1079 4739 1266 4802 etiam,
1292 4737 1402 4792 Deo
1434 4737 1801 4808 dispensante,
1839 4753 1958 4794 suc-

371 4833 696 4898 cessoribus,
717 4831 842 4901 quia
888 4839 1175 4902 postquam
1220 4831 1537 4886 comitatum
1585 4829 1956 4886 Brivatensem

374 4923 517 4977 ﬁdeli
545 4930 733 4978 nostro
757 4921 1082 4992 Berengario
1111 4921 1308 4974 illustri
1331 4919 1515 4974 comiti
1563 4919 1954 4986 concessimus,

374 5011 464 5067 ille
491 5010 704 5081 ingenio
729 5026 836 5081 quo
857 5010 1024 5064 valuit
1055 5010 1340 5080 quamdam
1362 5008 1670 5076 ecclesiam,
1698 5010 1788 5064 ubi
1831 5027 1956 5066 san-

376 5110 498 5157 ctus
537 5100 784 5157 Julianus
837 5109 1043 5171 martyr
1086 5115 1316 5170 corpore
1359 5099 1668 5169 requiescit,
1714 5116 1834 5170 qua:
1874 5110 1960 5156 est

377 5199 687 5246 constructa
737 5191 790 5245 in
818 5191 938 5244 vico
989 5189 1311 5257 Brivatensi,
1363 5206 1470 5245 non
1506 5192 1692 5261 procul
1721 5209 1750 5247 a
1778 5201 1958 5249 castro

378 5273 708 5345 Victoriaco,
734 5294 852 5348 quae
875 5294 904 5331 a
932 5277 1221 5334 Saracenis
1257 5280 1531 5335 destructa
1561 5291 1614 5336 et
1642 5282 1764 5352 igne
1813 5297 1960 5337 com-

377 5373 536 5428 busta
591 5378 724 5431 erat,
777 5368 843 5423 ad
863 5368 1150 5436 pristinum
1194 5375 1394 5424 statum
1429 5371 1664 5438 reduxit,
1693 5373 1825 5426 etin
1871 5388 1962 5426 ea-

380 5462 504 5517 dem
533 5459 762 5515 mlesia
803 5458 1086 5514 constituit
1115 5459 1332 5529 triginta
1371 5468 1604 5530 quatuor
1651 5462 1960 5526 canonicos,

380 5551 515 5606 etin
566 5555 744 5603 castro
806 5547 1057 5618 praedicto
1108 5549 1433 5612 Victoriaco,
1496 5566 1655 5620 quam
1717 5550 1966 5605 similiter

385 5636 754 5704 remdiﬁcavit,
802 5637 1008 5708 viginti,
1054 5647 1113 5692 ut
1145 5639 1301 5708 juxta
1351 5641 1669 5694 canonicum
1717 5640 1962 5694 ordinem

383 5732 614 5790 Domino
640 5729 931 5785 militarent
957 5738 1012 5781 et
1038 5728 1299 5782 canonice
1325 5728 1588 5793 viverent,
1622 5729 1816 5800 quibus
1865 5729 1960 5782 de-

461 5838 481 5868 ι
513 5825 601 5880 Sic
634 5824 877 5878 authent.
911 5838 924 5887 ;
960 5818 1094 5875 forte
1127 5819 1229 5894 leg.
1268 5819 1352 5872 l3.

447 6009 472 6052 Ι

2040 1963 2381 2034 postmodum
2411 1964 2479 2018 ab
2514 1964 2661 2018 omni
2698 1964 2980 2018 exactione
3016 1964 3102 2018 vel
3144 1964 3490 2019 defunctione
3533 1979 3634 2033 pu-

2041 2056 2180 2111 bli'ca
2204 2065 2295 2110 aut
2318 2056 2527 2125 privata
2559 2055 2824 2110 immunes
2847 2063 2902 2110 et
2929 2055 3084 2110 liberi
3107 2064 3311 2110 essent.
3337 2053 3504 2124 Cujus
3541 2056 3635 2112 de-

2043 2147 2360 2217 precationi,
2390 2147 2514 2216 quia
2535 2145 2680 2213 justa
2709 2153 2764 2201 et
2793 2146 3131 2202 rationabilis
3175 2147 3332 2202 nobis
3369 2147 3483 2201 visa
3529 2155 3636 2214 est,

2044 2257 2230 2296 aurem
2248 2240 2657 2297 accommodare
2671 2241 2888 2311 placuit,
2909 2251 2961 2296 et
2977 2241 3076 2296 hos
3092 2252 3306 2298 nostros
3321 2243 3641 2312 imperiosos

2047 2329 2196 2402 [Leg.
2221 2330 2550 2402 imperiales]
2575 2332 2754 2401 apices
2801 2331 2938 2396 ﬂeri,
2975 2348 3074 2400 per
3113 2348 3250 2401 quos
3292 2334 3638 2390 decernimus

2046 2429 2208 2488 atque
2222 2420 2474 2488 iubemus
2515 2428 2574 2473 ut
2609 2421 3062 2488 quemadmodum
3105 2423 3395 2490 pmdictus
3441 2423 3640 2479 Berin-

2047 2509 2228 2578 garius
2254 2508 2318 2562 de
2342 2509 2726 2578 suprascriptis
2756 2510 2890 2564 locis
2935 2517 2990 2564 et
3020 2511 3216 2566 abbate
3262 2521 3426 2581 atque
3477 2529 3642 2568 cano-

2047 2599 2186 2654 nicis
2228 2598 2314 2652 vel
2359 2598 2520 2654 rebus
2566 2599 2766 2654 ibidem
2810 2601 3100 2664 concessit,
3149 2601 3433 2656 constituit
3479 2611 3642 2672 atque

2046 2688 2449 2760 praeordinavit,
2477 2698 2587 2744 eta
2623 2691 2779 2746 nobis
2824 2690 3138 2745 conﬁrmari
3187 2692 3500 2760 postulavit,
3558 2695 3642 2746 vel

2050 2781 2500 2852 quemadmodum
2526 2783 2774 2852 superius
2799 2783 3003 2838 dictum
3031 2790 3135 2848 est,
3160 2784 3234 2837 ita
3259 2782 3517 2854 deinceps
3547 2799 3644 2837 no-

2051 2874 2180 2930 stris
2233 2874 2536 2944 futurisque
2603 2877 2959 2946 temporibus,
3033 2876 3263 2931 Domino
3326 2877 3642 2943 auxiliante,

2052 2963 2218 3021 ﬁxum
2249 2975 2411 3036 atque
2466 2966 2658 3022 stabile
2710 2974 3047 3037 permaneat.
3090 2965 3196 3022 Sed
3229 2976 3284 3022 et
3329 2968 3434 3023 hoc
3490 2969 3647 3024 nobis

2052 3053 2296 3112 inserere
2316 3055 2539 3126 placuit,
2570 3064 2630 3110 ut
2653 3057 2912 3128 quidquid
2935 3055 3132 3112 abhinc
3160 3055 3400 3112 futurum
3438 3058 3490 3112 in
3516 3072 3640 3127 prte-

2053 3145 2212 3201 dictis
2246 3147 2380 3202 locis
2407 3149 2587 3203 divina
2641 3148 2815 3219 pietas
2864 3164 2962 3219 per
2999 3165 3099 3204 nos
3156 3157 3251 3204 aut
3305 3164 3645 3205 successores

2054 3244 2274 3292 nostros
2302 3238 2385 3292 vel
2410 3254 2508 3307 per
2534 3239 2804 3309 quoslibet
2831 3240 3032 3295 liberos
3071 3249 3128 3296 et
3171 3241 3340 3295 Deum
3393 3240 3645 3296 timentes

2051 3325 2299 3384 homines
2317 3330 2570 3401 largitum
2597 3339 2758 3401 atque
2778 3347 3096 3387 concessum
3123 3332 3308 3398 fuerit,
3329 3334 3429 3388 sub
3455 3334 3645 3387 eadem

2051 3418 2378 3485 conditione,
2414 3422 2553 3475 sicut
2597 3423 2847 3492 superius
2887 3423 3089 3479 dictum
3120 3433 3226 3491 est,
3254 3425 3535 3480 consistat.
3581 3426 3645 3480 Et

2052 3515 2113 3562 ut
2153 3509 2293 3564 hanc
2347 3520 2546 3567 nostra:
2595 3515 2940 3570 auctoritatis
3000 3518 3423 3586 prteceptionem
3482 3527 3646 3588 atque

2053 3599 2515 3654 conﬁrmationem
2555 3600 2700 3671 [Leg.
2731 3603 2846 3658 htec
2874 3613 3076 3658 nostra:
3130 3605 3468 3659 auctoritatis
3507 3621 3644 3673 prm-

2053 3688 2230 3754 ceptio
2265 3697 2426 3757 atque
2440 3691 2812 3764 conﬁrmatio]
2829 3708 2927 3762 per
2951 3693 3131 3748 futura
3156 3701 3396 3763 tempora
3421 3695 3644 3750 inviola-

2054 3774 2216 3829 bilem
2242 3785 2402 3845 atque
2431 3778 2804 3834 inconvulsam
2851 3781 3095 3837 obtineat
3149 3783 3481 3851 ﬁrmitatem,
3545 3801 3644 3840 an-

2056 3864 2184 3919 nulo
2203 3876 2391 3922 nostro
2415 3871 2602 3924 subter
2626 3869 2887 3937 jussimus
2917 3874 3161 3942 sigillari.

2126 3960 2261 4016 Data
2313 3965 2486 4018 cessio
2532 3965 2697 4019 istan
2727 3964 2910 4021 Nonas
2949 3967 3119 4033 Junii,
3168 3984 3311 4024 anno
3339 3969 3405 4024 12
3431 3970 3641 4039 imperii

2056 4048 2314 4108 Ludovici
2342 4057 2672 4112 serenissimi
2697 4057 2944 4128 Augusti,
2973 4058 3266 4114 indictione
3295 4061 3348 4116 3.
3383 4058 3388 4062 ’

2733 4168 2968 4224 CXXIX.

2363 4294 2464 4334 PRO
2505 4293 2839 4333 IIONASTERIO
2886 4293 3126 4334 CORBEIE
3166 4297 3340 4338 κους.

2664 4367 2844 4436 (Ληηο
2871 4368 3033 4440 825.)

2199 4459 2378 4531 [Apud
2407 4455 2685 4523 Schaten.,
2713 4458 2942 4514 Annales
2966 4460 3221 4528 Paderb.,
3237 4481 3362 4537 pag.
3385 4468 3503 4541 83.]

1981 4553 2035 4611 D
2131 4551 2188 4604 In
2229 4548 2448 4603 nomine
2479 4547 2692 4602 Domini
2741 4547 2836 4601 Dei
2867 4557 2922 4602 et
2971 4549 3269 4608 Salvatoris
3298 4557 3473 4610 nostri
3511 4555 3638 4614 Jesu

2061 4641 2283 4705 Christi,
2342 4639 2647 4695 Ludovicus
2673 4646 2727 4693 et
2783 4639 3098 4709 Lotharius,
3144 4645 3321 4699 divina
3360 4648 3646 4708 ordinante

2061 4733 2418 4805 providentia,
2445 4733 2798 4803 imperatores
2826 4733 3074 4804 Augusti.

2133 4824 2398 4882 Omnibus
2421 4824 2667 4880 ﬁdelibus
2689 4832 2890 4880 sanctae
2921 4826 3017 4882 Dei
3049 4827 3307 4885 Ecclesia:
3331 4841 3385 4886 et
3417 4835 3642 4902 nostris,

2062 4915 2418 4987 praesentibus
2445 4915 2655 4969 scilicet
2690 4924 2744 4969 et
2776 4914 2995 4981 futuris,
3041 4927 3228 4973 notum
3271 4921 3342 4976 sit
3369 4923 3497 4994 quia
3545 4941 3646 4981 nos

2063 5023 2166 5080 pro
2204 5008 2368 5063 divini
2405 5007 2580 5063 cultus
2625 5024 2808 5064 amore
2833 5018 2886 5064 et
2925 5012 3118 5067 anima:
3156 5024 3354 5070 nostra:
3403 5018 3646 5076 remedio

2057 5099 2327 5170 quoddam
2372 5100 2778 5165 monasterium,
2826 5101 2968 5170 quod
3013 5101 3238 5159 Corbeia
3283 5115 3528 5173 vocatur,
3584 5107 3640 5164 in

2059 5192 2318 5247 honorem
2358 5191 2502 5245 beati
2548 5190 2805 5261 Stephani
2846 5198 3262 5268 protomartyris
3294 5199 3431 5254 infra
3469 5200 3638 5257 Saxo~

2062 5284 2208 5338 niam
2251 5297 2414 5353 supra
2467 5281 2687 5337 ﬂuvium
2735 5284 2970 5350 Wiscra,
3020 5286 3071 5339 in
3123 5287 3240 5344 loco
3294 5293 3388 5360 qui
3437 5293 3637 5350 dicitur

2064 5372 2289 5437 Iqueri,
2334 5374 2577 5427 construi
2613 5371 2896 5440 jussimus,
2927 5375 3070 5444 quod
3113 5387 3168 5431 et
3190 5379 3308 5434 viro
3337 5383 3634 5442 venerabili

2067 5463 2377 5518 Adalhardo
2428 5464 2850 5517 construendum
2906 5467 3307 5538 regendumque
3361 5473 3641 5528 commisi-

2067 5570 2208 5618 mus,
2236 5554 2328 5624 qui
2358 5563 2478 5607 erat
2503 5554 2669 5609 abbas
2703 5555 2756 5608 in
2787 5555 2954 5610 altero
2994 5559 3284 5630 antiquiori
3313 5565 3654 5621 monasterio.

2067 5646 2208 5717 quod
2235 5661 2388 5715 teque
2413 5644 2639 5700 Corbeia
2674 5656 2918 5713 vocatur,
2947 5663 2977 5702 a
3000 5665 3106 5718 quo
3127 5659 3180 5705 et
3225 5669 3424 5709 novum
3451 5671 3644 5727 supra-

2069 5738 2270 5791 dictum
2305 5738 2692 5792 monasterium
2742 5755 2935 5795 nomen
2969 5749 3176 5796 constat
3217 5757 3335 5800 esse
3365 5747 3638 5806 sortitum.
