3996 6178
444 365 571 421 1151

1571 352 1890 409 LUDOVlCl
1928 352 1948 406 Ι
1987 349 2456 408 COGNOMENTO
2492 351 2577 405 Pl!

3558 349 3703 404 “Si!

438 480 623 546 lteque
655 490 753 530 nos
782 472 962 528 divina
1008 469 1360 540 inspiratione
1384 467 1720 537 compuneti,
1764 474 1817 520 et
1853 465 2017 521 coele‘
2043 467 2092 526 Α
2120 464 2329 518 tharius
2369 464 2642 533 Augustus
2696 460 3045 516 invictissimi
3094 460 3296 514 domini
3349 460 3704 530 imperatoris

440 571 539 627 stis
566 568 759 638 patriae
783 578 969 619 amore
998 561 1267 626 succensi,
1296 561 1368 616 ob
1408 561 1600 614 anima:
1638 568 1837 614 nostra:
1876 558 2019 614 salu-

440 672 567 723 tem,
599 657 965 714 concessimus
989 654 1165 710 eidem
1196 652 1527 707 monasterio
1551 651 1816 722 capellam
1852 667 2017 721 quam

440 753 641 808 dudum
676 750 929 804 dominus
973 764 1039 802 ac
1065 747 1279 818 genitor
1324 753 1509 800 uoster
1535 743 1759 800 Carolus
1787 745 2020 813 impera-

443 854 527 899 tor
552 845 605 898 in
628 842 852 900 castello
881 842 1025 911 quod
1046 841 1245 896 dicitur
1269 838 1576 907 Heresburg
1613 837 1856 893 construi
1896 835 2018 905 jus-

442 940 530 1002 sit,
577 953 701 993 cum
753 936 1007 990 omnibus
1051 933 1215 988 rebus
1242 940 1297 987 et
1341 930 1627 1001 mancipiis
1672 944 1737 985 ac
1794 930 2021 985 decimis

441 1027 506 1081 ad
535 1040 655 1080 eam
696 1024 1112 1094 pertinentibus,
1143 1029 1622 1091 quantumcunque
1664 1020 1914 1075 dominus
1956 1035 2021 1075 ac

442 1118 657 1188 genitor
700 1124 890 1169 noster
930 1115 1107 1168 eidem
1148 1112 1367 1181 capellae
1401 1112 1489 1181 pia
1515 1111 1803 1166 devotione
1836 1118 2023 1166 contu-

439 1208 569 1263 lisse
595 1207 951 1277 «ﬁgnoscitur,
983 1219 1108 1259 cum
1132 1203 1280 1259 omni
1330 1202 1643 1273 integritate
1688 1201 1793 1265 sui,
1824 1201 2024 1271 praedi-

442 1307 532 1351 cto
563 1296 894 1350 monasterio
921 1294 987 1348 ad
1011 1293 1252 1349 subsidia
1275 1292 1664 1346 monachorum
1692 1290 1889 1345 ibidem
1909 1291 2021 1345 Deo

443 1387 844 1450 famulantium,
873 1399 974 1455 per
1001 1385 1142 1438 hanc
1170 1391 1371 1437 nostra;
1413 1380 1749 1434 auctoritatis
1777 1379 2023 1434 donatio-

441 1497 565 1536 nem
598 1495 627 1534 a
655 1480 743 1534 die
768 1477 1022 1548 praesenti
1051 1484 1316 1546 perpetuo
1356 1473 1662 1528 habendum
1710 1479 1871 1540 atque
1897 1485 2023 1540 pos-

444 1569 727 1625 sidendum
743 1569 1140 1631 concessimus,
1166 1566 1296 1620 etin
1321 1563 1579 1619 ditionem
1604 1561 1723 1632 ejus
1744 1562 2022 1617 transtuli-

443 1675 585 1724 mus,
612 1673 678 1712 eo
697 1657 952 1712 videlicet
972 1657 1154 1720 modo,
1180 1663 1243 1709 ut
1260 1653 1522 1724 quidquid
1547 1651 1616 1706 ab
1642 1652 1903 1706 hodierna
1930 1651 2022 1706 die

441 1753 508 1805 de
540 1751 796 1819 praedicta
834 1749 1061 1819 capella,
1100 1747 1183 1802 vel
1211 1747 1279 1801 de
1326 1745 1412 1801 his
1438 1759 1558 1813 qua:
1594 1743 1663 1798 ad
1695 1759 1817 1799 eam
1855 1743 2025 1813 perti-

2116 556 2376 611 Ludovici
2400 555 2560 611 ﬁlius.

2187 647 2415 701 Constat
2439 647 2586 701 enim
2611 646 2745 700 nulli
2774 645 3083 700 mortalium
3102 645 3336 714 propriis
3362 644 3578 699 meritis
3605 643 3707 698 ali-

2117 738 2244 808 quid
2271 738 2397 792 boui
2425 738 2480 792 in
2520 737 2622 792 hac
2646 736 2859 792 misera:
2886 736 3235 791 mortalitatis
3262 735 3705 806 peregrinatione

2117 828 2375 897 consequi
2432 842 2623 899 posse;
2662 827 2769 882 sed
2816 842 2941 883 cum
2988 827 3195 896 liquido
3253 828 3464 881 cunctis
3516 834 3707 898 pateat

2118 918 2299 973 omnia
2322 932 2505 973 rerum
2532 917 2912 987 temporalium
2957 933 2988 972 a
3019 917 3132 973 Deo
3160 919 3307 973 bona
3334 918 3505 987 gratis
3541 918 3705 973 nobis

2118 1023 2241 1064 esse
2285 1009 2508 1075 donata,
2546 1010 2777 1080 dignum
2823 1016 2909 1064 est
2955 1019 3016 1065 ut
3060 1009 3137 1064 ita
3170 1010 3260 1081 pie
3296 1009 3721 1080 prudenterque-

2119 1110 2423 1158 tracteutur
2462 1111 2626 1171 atque
2668 1102 3144 1171 disponantur,ut
3175 1115 3275 1171 per
3304 1115 3370 1154 ea
3406 1115 3702 1170 perennem

2119 1194 2312 1249 anima:
2359 1204 2561 1249 nostra!
2590 1194 2819 1250 salutem
2846 1195 3125 1250 valeamus
3156 1193 3270 1248 Deo
3291 1193 3529 1264 propitio
3566 1208 3704 1248 nan-

2120 1285 2273 1340 cisci.
2306 1285 2473 1357 Igitur
2513 1288 2814 1357 comperiat
2853 1295 3173 1342 cunctorum
3218 1285 3461 1342 ﬁdelium
3496 1295 3704 1341 sancta:

2120 1378 2216 1433 Dei
2240 1378 2517 1444 Ecclesiae,
2543 1394 2639 1434 seu
2656 1388 2968 1435 nostrorum
2990 1380 3306 1445 strenuitas,
3329 1380 3456 1451 quia
3478 1380 3610 1435 dum
3633 1380 3703 1434 ad

2121 1469 2323 1525 domini
2350 1480 2406 1525 et
2446 1473 2708 1543 genitoris
2746 1475 2916 1528 nostri
2954 1474 3211 1530 Ludovici
3238 1474 3573 1531 serenissimi
3616 1484 3705 1529 at-

2121 1577 2226 1632 que
2268 1563 2661 1635 religiosissimi
2699 1566 2927 1638 Augusti
2975 1575 3387 1623 sacrosanctum
3429 1575 3616 1621 votum
3646 1568 3702 1621 in

2124 1653 2498 1711 Monteeinisio
2518 1658 2788 1727 quoddam
2816 1670 2845 1701 ι
2878 1659 3147 1729 hospitale
3171 1660 3227 1713 in
3258 1661 3464 1714 honore
3485 1659 3701 1713 Domini

2123 1744 2219 1797 Dei
2249 1759 2312 1799 ac
2336 1744 2635 1803 Salvatoris
2665 1750 2835 1803 nostri
2868 1748 2994 1805 Iesu
3020 1749 3248 1816 Christi,
3278 1765 3373 1806 seu
3408 1759 3463 1806 et
3504 1750 3707 1807 beatis-

441 1813 595 1907 nen-t,
623 1850 864 1896 rectores
890 1813 947 1896 et
975 1841 1207 1895 ministri
1236 1854 1396 1907 supra
1433 1836 1718 1891 memorati
1746 1844 2017 1890 monaste—
2048 1813 2099 1873 Β
2124 1833 2275 1889 sima:
2298 1850 2513 1907 semper
2534 1838 2760 1909 virginis
2788 1839 2970 1895 Mariae
2992 1840 3060 1895 ad
3094 1813 3509 1912 peregrinorum
3554 1858 3711 1898 roceo

442 1934 509 1987 rii
553 1932 840 2003 disponere
874 1940 1037 2000 atque
1072 1931 1324 1985 ordinare
1379 1944 1478 1998 pro
1505 1927 1739 1982 utilitate
1779 1926 2020 1994 ejusdem

442 2023 759 2077 monasterii
796 2022 881 2076 vel
928 2021 1159 2075 fratrum
1208 2021 1263 2074 in
1298 2035 1365 2074 eo
1395 2018 1702 2089 degentium
1731 2019 2015 2083 voluerint,

443 2114 651 2183 absque
677 2113 840 2168 ullius
862 2113 1061 2183 injusta
1104 2109 1533 2167 contradictione
1574 2109 1829 2163 ordinent
1859 2118 2022 2179 atque

442 2204 753 2274 disponant,
792 2212 848 2259 et
896 2203 1100 2259 faciant
1122 2201 1385 2271 quidquid
1430 2199 1754 2255 utilitatibus
1779 2202 2022 2269 przodicti

439 2296 755 2350 monasterii
779 2310 1081 2365 congruere
1104 2302 1162 2349 et
1198 2293 1490 2349 convenire
1518 2293 1918 2363 perspexerint.
1951 2294 2021 2351 Et

441 2394 501 2440 ut
523 2386 640 2441 haec
669 2386 966 2441 auctoritas
992 2385 1297 2456 largitionis
1322 2393 1524 2438 nostra:
1559 2399 1659 2454 per
1679 2383 1860 2438 futura
1890 2393 2024 2440 tem-

440 2493 573 2549 pora
602 2477 962 2533 inviolabilem
986 2486 1146 2547 atque
1176 2475 1549 2532 inconvulsam
1577 2476 1820 2530 obtineat
1853 2474 2025 2531 firmi-

439 2578 626 2631 tatem,
658 2578 713 2623 et
738 2585 769 2623 a
799 2568 1046 2623 ﬁdelibus
1071 2568 1296 2632 nostris,
1328 2575 1437 2622 tam
1476 2566 1834 2637 praesentibus
1856 2582 2022 2636 quam

439 2659 662 2726 futuris,
695 2676 790 2715 seu
818 2661 983 2716 etiam
1014 2659 1423 2715 successoribus
1448 2660 1670 2724 nostris,
1698 2660 1881 2715 verius
1905 2675 2025 2714 cer-

440 2752 655 2821 tiusque
684 2752 960 2818 credatur,
1003 2767 1124 2807 eam
1157 2751 1407 2805 manibus
1445 2751 1681 2821 propriis
1722 2752 1910 2806 subter
1944 2752 2023 2807 si-

438 2843 746 2911 gnavimus,
773 2851 831 2897 et
860 2842 1045 2897 annuli
1083 2842 1255 2897 nostri
1302 2842 1660 2911 impressione
1685 2843 1886 2913 εἰμιπί
1910 2841 2027 2911 jus-

436 2933 625 2988 simus.

512 3023 739 3094 Signum
762 3024 1024 3079 Ludovici
1054 3024 1390 3080 serenissimi
1420 3025 1782 3095 imperatoris.

511 3119 735 3189 Signum
758 3118 1000 3173 Lotharii
1025 3118 1399 3188 gloriosissimi
1427 3117 1676 3187 Augusti.

510 3208 803 3264 Durandus
824 3209 1084 3264 diaconus
1125 3209 1193 3264 ad
1221 3205 1395 3264 vicem
1432 3208 1698 3279 Fridugisi
1727 3211 2018 3279 recognovi

438 3307 494 3354 et
520 3300 670 3353 subs.

510 3390 642 3443 Data
671 3405 749 3442 xu
774 3388 1046 3443 Kalendas
1065 3388 1395 3453 Julii,auno,
1427 3387 1642 3442 Christo
1664 3390 1919 3458 propitio,
1951 3390 2019 3443 l3

436 3479 645 3549 imperii
707 3479 889 3533 domui
944 3478 1203 3534 Ludovici
1261 3478 1486 3547 piissimi
1553 3476 1816 3547 Augusti,
1880 3479 2019 3534 indi-

433 3572 612 3627 ctione
636 3571 688 3625 4.
712 3570 907 3625 Actum
930 3570 1269 3642 lngilinheim
1297 3569 1498 3640 palatio
1523 3570 1673 3641 regio
1700 3570 1753 3623 in
1782 3569 1876 3626 Dei
1914 3586 2017 3625 ιιο-

433 3662 578 3716 mine
608 3661 855 3718 feliciter.
882 3661 1075 3717 Amen.
1684 3646 1691 3653 ’

1111 3752 1326 3807 CXXX.

433 3862 776 3901 ιιιιινιιεςιωι
818 3860 1071 3901 ιΟἸἮΔΒΙΙ
1117 3860 1220 3900 PRO
1260 3859 1596 3900 IONASTEIIO
1623 3857 2012 3898 NOVALICIBNSI.

1050 3933 1222 4006 (Anno
1251 3933 1401 4005 325.)

436 4027 613 4099 [Apud
639 4027 925 4092 Murator.,
969 4026 1321 4095 Antiquitates
1351 4023 1577 4088 Italica,
1610 4031 1650 4079 t.
1677 4023 1763 4090 ll],
1790 4040 1844 4094 p.
1862 4024 2013 4097 577.]

502 4118 559 4172 lu
603 4118 822 4173 nomine
867 4117 1081 4172 Domini
1116 4114 1243 4171 Jesu
1272 4113 1479 4172 Christi
1524 4116 1620 4171 Dei
1657 4116 1868 4182 aeterni,
1913 4117 2016 4172 Lo-

502 4261 527 4289 ι
562 4246 854 4316 Hospitale.
897 4246 986 4302 Uti
1014 4256 1235 4303 sanctus
1273 4249 1583 4304 Bernardus
1610 4249 2014 4305 Menthouensis

430 4318 486 4371 in
514 4315 693 4402 ante
718 4315 866 4402 lovis
890 4318 1056 4402 (nunc
1080 4318 1117 4370 il
1140 4335 1272 4402 gra‘n
1298 4316 1720 4402 Sau‘BeLnardo)
1745 4320 1811 4374 ad
1829 4329 2015 4402 trans-

429 4387 681 4457 euntium
711 4387 1173 4457 commoditatem,
1216 4387 1472 4457 Augusta:
1498 4387 1768 4446 Praeterito
1794 4390 2015 4445 circiter

431 4471 634 4531 annum
665 4456 1196 4531 980‘xenodochium
1236 4456 1354 4531 tam
1374 4460 1546 4529 egenis
1566 4476 1725 4531 quam
1753 4458 2011 4530 opulentis

2119 1925 2384 1994 ptionem,
2404 1942 2474 1982 eo
2491 1926 2739 1996 jubente,
2762 1929 2929 1985 fuerit
2946 1939 3337 1997 constructum,
3357 1931 3529 1986 voluit
3550 1940 3703 1987 tanta

2122 2015 2249 2069 illud
2279 2031 2459 2071 rerum
2494 2021 2837 2089 propriarum
2876 2021 3181 2076 substantia
3227 2022 3578 2092 locupletare,
3608 2038 3704 2093 per

2121 2122 2284 2177 quam
2310 2109 2587 2165 suﬁiecrct
2608 2111 2837 2168 diurnus
2856 2127 3154 2183 pauperum
3174 2110 3376 2168 Christi
3401 2128 3706 2169 concursus

2124 2197 2361 2253 tolerari.
2405 2198 2513 2255 Sed
2539 2215 2663 2255 cum
2691 2202 2939 2258 eumdem
2978 2203 3158 2259 locum
3182 2203 3369 2258 talium
3400 2219 3585 2261 rerum
3613 2219 3705 2259 co-

2120 2289 2229 2359 pia,
2258 2304 2379 2359 qua:
2426 2301 2610 2347 essent
2654 2294 2769 2364 ipsa
2812 2294 3220 2366 propinquitate
3269 2296 3503 2365 aptiora,
3545 2296 3706 2351 vellet

2124 2380 2419 2447 honorare,
2449 2383 2663 2439 volente
2698 2385 2917 2441 domino
2942 2394 2998 2441 et
3025 2387 3268 2458 genitore
3306 2398 3496 2443 nostro
3528 2388 3705 2443 Ludo-

2124 2467 2247 2523 vico
2272 2469 2661 2540 gloriosissimo
2711 2472 3058 2543 imperatore,
3104 2473 3206 2529 sub
3231 2476 3566 2531 monasterio
3610 2492 3707 2531 no-

2124 2569 2251 2617 stra:
2276 2563 2645 2633 proprietatis,
2691 2565 2835 2635 quod
2860 2572 3086 2620 vocatur
3126 2564 3480 2632 Novelieium,
3507 2567 3578 2622 de
3606 2584 3707 2622 no-

2128 2660 2244 2708 stro
2273 2654 2600 2721 patrimonio
2625 2654 2825 2725 regalia
2847 2654 2989 2710 facta
3023 2656 3077 2709 in
3102 2654 3387 2726 praefatum
3407 2656 3587 2712 locum
3606 2674 3709 2728 per

2122 2753 2324 2799 nostra:
2351 2746 2695 2801 auctoritatis
2736 2756 3067 2816 praeceptum
3101 2746 3563 2804 conﬁrmavimus.
3594 2750 3724 2805 Sed-

2124 2845 2184 2890 nt
2214 2838 2317 2892 hoc
2347 2842 2595 2893 sanetum
2643 2854 2705 2895 ae
2732 2840 3039 2895 venerabile
3083 2843 3494 2908 monasterium,
3526 2843 3583 2897 in
3607 2845 3707 2899 ho-

2124 2943 2262 2984 nore
2305 2930 2604 2985 beatissimi
2632 2930 2895 3002 principis
2935 2932 3299 3002 apostolorum
3332 2934 3480 2989 Petri
3514 2934 3709 2990 funda-

2126 3030 2261 3086 tum,
2295 3021 2497 3076 nullam
2547 3024 2838 3078 missarum
2889 3039 3070 3079 rerum
3110 3033 3391 3096 pateretur
3408 3027 3700 3097 jacturam,

2124 3113 2220 3167 sed
2243 3112 2452 3181 potiore
2471 3113 2838 3182 gratularetur
2858 3114 3035 3184 dignae
3046 3118 3561 3186 recompensationis
3583 3133 3709 3175 mus.

2047 3180 2092 3242 Ο
2126 3180 2276 3267 nere,
2309 3180 2696 3259 monasterium
2728 3180 3018 3275 quoddam,
3049 3208 3195 3277 quod
3222 3180 3460 3280 Appanis
3490 3224 3707 3265 nuncu-

2120 3300 2299 3361 patur,
2351 3293 2405 3349 id
2448 3294 2622 3363 ipsum
2642 3295 2710 3349 ‘in
2754 3294 2993 3365 ejusdem
3038 3299 3298 3369 principis
3337 3301 3703 3369 apostolorum

2124 3384 2329 3440 honore
2352 3392 2722 3440 constructum
2747 3395 2801 3440 et
2837 3388 3043 3457 proprii
3086 3387 3465 3456 jurisdictione
3495 3391 3563 3445 ad
3603 3392 3706 3446 hoc

2122 3476 2475 3547 supplendum
2518 3478 2593 3533 ibi
2638 3479 2989 3544 reddidimus,
3036 3481 3444 3538 considerantes
3496 3490 3557 3537 ut
3602 3484 3704 3538 sub

2121 3569 2282 3623 unius
2310 3568 2523 3623 abbatis
2554 3569 2817 3639 regimine
2844 3582 3075 3640 utraque
3117 3572 3447 3627 monasteria
3488 3574 3701 3643 regula-

2120 3661 2254 3715 riter
2283 3662 2394 3716 Deo
2427 3660 2738 3716 militarent.
2783 3661 2879 3717 His
2916 3662 2991 3716 ita
3018 3664 3205 3734 gestis,
3256 3663 3449 3734 placuit
3497 3668 3703 3720 nostrae

2121 3750 2388 3822 imperiali
2419 3752 2753 3808 excellentia:
2804 3753 3057 3824 precibus
3104 3754 3433 3810 venerabilis
3474 3752 3580 3810 viri
3630 3754 3702 3810 ll-

2121 3842 2274 3898 dra‘di
2302 3844 2495 3898 horum
2524 3844 2980 3899 monasteriorum
3007 3843 3188 3901 Patris
3206 3845 3472 3912 faventes,
3502 3854 3562 3901 ut
3584 3863 3698 3901 nie-

2119 3943 2389 3989 moratum
2425 3935 2837 4002 monasterium,
2864 3937 3019 4008 cujus
3055 3937 3379 3993 vocabulum
3418 3948 3504 3994 est
3530 3940 3703 4010 Appa-

2117 4027 2221 4091 uis,
2262 4027 2431 4098 priori
2468 4028 2803 4084 monasterio
2833 4044 2931 4084 suo
2965 4029 3261 4095 Novelicio,
3297 4047 3420 4087 cum
3449 4033 3699 4087 omnibus

2118 4120 2281 4175 rebus
2321 4127 2485 4189 atque
2522 4120 2858 4190 appendiciis
2896 4121 3025 4186 suis,
3052 4120 3201 4191 juste
3241 4122 3344 4178 sibi
3380 4123 3699 4194 pertinenti-

2116 4269 2222 4326 una
2256 4268 2380 4326 cum
2428 4252 2861 4326 templo_domus
2902 4254 3263 4326 hospitalitati
3316 4271 3493 4321 sacra,
3538 4271 3696 4326 quam

2117 4322 2391 4397 ilospitale
2430 4322 2613 4378 Sancti
2629 4323 2914 4397 Peregrini
2936 4322 3116 4397 adhuc
3145 4335 3484 4397 nuncupant,
3516 4322 3698 4382 rediti-

2114 4392 2673 4468 bus'tamen‘cunctis
2716 4392 2876 4468 atque
2909 4395 3271 4468 eleeuiosynis
3296 4392 3364 4451 ei
3411 4398 3696 4468 iniquitate

2116 4472 2425 4535 temporum
2446 4464 2503 4518 in
2542 4465 2772 4535 rectoris
2810 4464 2936 4520 laici
2962 4464 3248 4521 utilitatem
3277 4480 3423 4522 nunc
3456 4464 3696 4523 cedenti-

431 4527 730 4608 (altricum,
782 4528 855 4608 ita
900 4535 957 4608 et
1002 4530 1226 4608 in__aliis
1268 4527 1592 4608 huiusmodi;
1628 4530 1763 4585 locis
1783 4527 1941 4608 idem
1969 4547 2009 4608 _a
2036 4533 2090 4592 D
2116 4527 2247 4608 bus:
2266 4534 2685 4608 nouantemgin
2712 4550 3025 4608 pauperum
3068 4536 3413 4608 alimentum,
3438 4538 3636 4608 quibus
3661 4554 3693 4594 ι

429 4596 739 4670 Christiana
776 4598 1151 4654 misericordia
1196 4596 1521 4668 prmatitum.
1554 4600 1726 4669 Quem
1756 4600 1904 4670 pium
1937 4601 2010 4654 ri-

432 4676 545 4741 tum
586 4667 1078 4741 mmulanturuunc
1108 4667 1298 4741 Turcaz
1335 4671 1455 4740 ipsi,
1485 4667 1792 4741 hujusmodi
1821 4670 2010 4741 ‘mdiﬁ-

430 4737 514 4811 cia
561 4738 865 4811 excitantes
913 4738 968 4792 in
1009 4737 1471 4811 peregrinantium
1508 4737 1621 4795 sive
1668 4741 1772 4795 iter
1812 4738 2010 4811 facienv

431 4808 566 4878 tium
596 4808 893 4862 subsidium
918 4847 935 4871 ,
954 4808 1317 4878 quibus‘nulla
1348 4810 1452 4864 alia
1481 4811 1774 4866 diversoria
1808 4808 2005 4865 forent.

428 4876 648 4947 Possem
674 4878 920 4947 exempla
962 4876 1121 4947 hujus
1156 4880 1296 4936 ritus
1323 4896 1392 4937 ex
1421 4881 1669 4936 universa
1698 4880 1851 4935 Italia
1898 4882 2010 4936 col-

429 4946 614 5022 ligere.
654 4947 761 5001 Sed
797 4946 952 5022 juvat
998 4946 1050 5022 in
1080 4966 1184 5005 una
1220 4952 1322 5006 hac
1359 4952 1577 5022 regione
1597 4967 1757 5022 quam
1793 4951 2004 5022 incolo,

428 5019 614 5093 eadem
660 5019 967 5093 ostendere.
1031 5019 1103 5093 lu
1144 5037 1274 5093 agro
1326 5019 1631 5077 Mutinensi
1664 5022 1731 5076 ad
1783 5021 2001 5093 (luvium

429 5088 779 5143 Scultennam
810 5088 940 5159 (quo
964 5088 1255 5146 nomiue'is
1286 5093 1462 5146 adhuc
1491 5109 1520 5146 a
1548 5093 1811 5147 montium
1849 5092 2004 5146 habi-

427 5159 705 5232 tatoribus
742 5159 991 5224 donatur,
1028 5176 1151 5232 cum
1196 5161 1437 5232 planitiei
1479 5161 2001 5232 incolmPanarium

427 5229 715 5313 appellent)
757 5229 1307 5313 sanctus‘A'useernus
1340 5230 1709 5313 Nonantulani'
1730 5239 2003 5313 mogaste:

428 5299 491 5371 rii
520 5300 793 5371 fundator,
830 5301 1146 5371 hospitalem
1183 5302 1400 5357 domum
1437 5303 1537 5356 sub
1568 5301 1784 5356 nomine
1814 5299 2000 5355 Sancti

425 5368 695 5442 Ambrosii
723 5368 999 5442 excitavit.
1029 5371 1184 5441 cujus
1206 5371 1350 5428 nulla
1373 5387 1516 5426 nunc
1542 5371 1769 5442 vestigia
1812 5384 2001 5438 super-

425 5448 569 5493 sunt.
617 5439 700 5494 Ad
729 5440 949 5495 fluvium
975 5439 1277 5507 Gabellum,
1328 5459 1471 5497 nunc
1501 5439 1740 5506 Secchio,
1774 5442 1830 5496 in
1870 5455 2003 5509 agro

428 5508 678 5583 llegjeusi
711 5512 1064 5569 constitutum
1116 5515 1415 5583 antiquitus
1453 5513 1553 5567 fuit
1605 5508 2002 5583 xeuodochium

426 5576 700 5654 [lerberim
745 5597 1005 5654 perquam
1053 5576 1386 5654 opulentum,
1430 5584 1572 5653 quod
1615 5584 1792 5654 adhuc
1820 5581 1999 5654 )1ch

427 5647 636 5701 Rursus
658 5647 798 5725 apud
826 5647 925 5725 nos
950 5655 1037 5707 via
1067 5647 1166 5718 (σει,
1212 5670 1331 5725 qua:
1370 5647 1568 5709 Sasolo
1598 5655 1664 5708 ad
1698 5647 2000 5725 Garfug'ua-

426 5730 650 5793 11311135:
691 5720 943 5793 Tusciam
979 5738 1074 5790 per
1122 5720 1494 5793 interpositum
1530 5722 1868 5793 Apcuniuum
1912 5722 2002 5793 du-

427 5784 519 5839 cit.
554 5784 663 5840 lllic
704 5788 755 5840 iu
791 5788 920 5858 jugo
949 5784 991 5844 λ’
1015 5794 1237 5849 vetustis
1265 5784 1605 5864 temporibus
1633 5792 1867 5849 evitata
1903 5791 1998 5846 fuit

2116 4605 2318 4675 pietate
2330 4603 2565 4659 ﬁdelium
2598 4603 2819 4661 fuer'uut
2841 4603 3122 4672 destinati,
3140 4615 3206 4667 ,et
3225 4606 3401 4662 adhuc
3423 4603 3695 4664 déstinan—

2117 4674 2225 4728 tur.
2272 4674 2669 4747 Fraxinoreuse
2707 4677 3358 4747 quoquewmonasterium
3401 4677 3455 4731 in
3502 4678 3690 4733 iisdem

2117 4690 2225 4728 tur.
2274 4690 2669 4729 r‘raxmoreuse
2707 4690 2921 4799 quoque
2968 4690 3358 4743 monasterium
3401 4693 3455 4731 in
3502 4690 3690 4733 usocm

2115 4746 2390 4824 montibus
2429 4746 2683 4824 additnum
2726 4746 2812 4824 uit
2850 4746 3170 4824 ablathilde
3197 4762 3393 4817 magna
3418 4747 3690 4824 comitism

2113 4817 2335 4887 ejusque
2360 4823 2533 4887 matre
2560 4817 2824 4887 Deatrice,
2862 4817 3045 4887 ibique
3079 4833 3180 4887 par
3214 4827 3301 4877 est
3336 4818 3567 4874 credere
3604 4820 3691 4875 ho-

2114 4886 2484 4968 spitalitatem.
2512 4886 2564 4940 in
2610 4902 2711 4968 usu
2760 4885 2969 4968 fuisse.“
3001 4885 3279 4968 Praeterea
3410 4888 3690 4968 agt-olle-

2112 4955 2283 5032 giensi
2310 4957 2413 5032 alia
2435 4955 2522 5010 via
2546 4963 2628 5032 est
2654 4971 2773 5032 quze
2802 4972 2900 5032 per
2929 4955 3207 5032 cerretum
3231 4966 3288 5013 et
3311 4955 3684 5032 Ligonchium,

2109 5024 2339 5097 trajecto
2376 5024 2688 5097 Apenuiuo,
2753 5024 2818 5080 in
2860 5024 3259 5097 Garl‘agnanam
3307 5024 3586 5084 descendit
3625 5024 3689 5083 ad

2111 5095 2374 5152 Silanum.
2427 5095 2706 5168 ’Utrinque
2741 5111 2880 5168 pone
2925 5095 3116 5168 jugum
3161 5099 3364 5153 montis
3414 5108 3689 5155 exstructa

2108 5168 2238 5222 olim
2294 5170 2446 5224 ruere
2494 5167 2851 5232 xeuodochia,
2882 5167 3080 5236 quibus
3133 5168 3313 5224 adhuc
3360 5178 3448 5226 est
3496 5187 3689 5226 nomen

2107 5238 2449 5309 hospitalem,
2486 5238 2669 5309 ibique
2694 5238 2945 5309 .charitas
2977 5246 3283 5295 exercetur.
3315 5238 3456 5295 Sunt
3491 5251 3550 5295 et
3588 5241 3690 5295 alia

2109 5308 2163 5363 in
2188 5306 2867 5380 Mutinensium'moutibus
2902 5306 3019 5380 loca
3046 5325 3165 5380 quae
3205 5326 3314 5364 non
3343 5326 3565 5377 munus,
3595 5310 3688 5366 sed

2107 5393 2301 5451 nomen
2339 5378 2443 5451 hoc
2495 5381 2749 5445 retinent,
2799 5378 3079 5451 appellata
3112 5395 3306 5451 nempe
3346 5380 3688 5451 hospitalem.

2105 5448 2638 5521 ltagBononieusihus
2656 5458 2739 5504 est
2784 5450 2871 5503 via
2900 5465 3021 5519 qua:
3048 5466 3145 5521 per
3166 5448 3517 5518 Apenniuum
3547 5450 3689 5506 ducit

2105 5519 2159 5592 in
2189 5519 2572 5592 Pistoriensem
2608 5535 2819 5592 agrum,
2860 5519 3230 5589 ibique’etiam
3258 5522 3416 5592 durat
3458 5522 3689 5592 hospita-

2104 5587 2215 5643 lem'
2249 5588 2583 5651 vocabulum,
2633 5587 2763 5644 illud
2793 5587 3042 5654 fortasse,
3074 5592 3162 5645 cui
3203 5587 3569 5646 celeberrima
3604 5606 3685 5645 co-

2106 5660 2313 5733 mitissa
2355 5659 2867 5733 Mathildisuuiul'os
2906 5660 3101 5717 fundos
3148 5662 3202 5717 in
3232 5661 3557 5717 beneficium
3591 5676 3669 5733 ιτε-

2106 5731 2442 5799 regriuorum
2474 5731 2712 5786 contulit.
