1998 3089
175 151 270 181 .ll55

766 134 924 165 LUDOVICI
943 134 953 161 I
973 130 1207 161 COGNOMEN’I’O
1226 128 1268 156 PII

1757 119 1825 146 “56

201 207 274 236 Petri
299 211 323 238 ιι,
350 212 399 231 nec
416 210 467 229 non
490 205 518 228 et
538 197 679 227 ecclesiam
703 194 795 222 Sancti
816 191 983 223 Columbani,
1000 193 1025 222 Λ
1039 191 1240 238 ιθειιιιιιθιιιιιιιι.
1256 182 1470 238 confirmationis
1494 187 1550 208 suae
1576 178 1707 238 qpasdem
1802 181 1830 204 et

202 260 263 280 cum
281 249 403 278 omnibus
421 247 503 274 rebus
524 248 553 271 et
572 241 713 275 mancipiis
732 239 792 273 jure
811 246 843 265 ac
862 237 935 271 juste
953 237 987 263 ad

202 305 262 324 eam
281 292 487 331 pertinentibus.
510 287 699 318 Undevomnis
726 285 765 312 rei
791 284 904 311 veritate
926 290 988 317 per-

203 327 302 377 specta.
317 339 416 375 placuit
428 336 507 364 nobis
528 339 558 361 ut
577 333 684 361 easdem
701 339 745 358 res
757 331 845 358 eidem
865 327 988 356 Curiensi

203 374 325 416 ecclesiae
348 392 409 413 cum
438 382 512 410 omni
534 379 688 415 integritate
715 376 800 404 nostri
827 374 989 402 auctoritate

203 432 329 469 przecepti
343 430 562 458 restitueremus;
583 432 632 460 per
643 424 713 458 quod
727 422 850 449 volumus
864 419 990 447 ﬁrmiter-

203 486 255 515 que
264 477 390 511 iubemus
402 480 431 502 ut
442 472 554 505 nostris,
572 479 619 498 seu
635 475 820 498 successorum
834 470 990 494 nostrorum

205 513 380 558 temporibus,
393 520 492 548 nullius
505 517 647 554 potestatis
661 523 778 551 persona
794 514 831 541 illi
852 513 992 548 prmlibato

204 570 330 605 episcopo
342 588 349 600 ,
365 567 407 594 vel
430 567 470 593 eis
490 565 534 599 qui
555 567 615 599 post
638 564 725 597 ipsum
745 560 868 588 eamdem
892 558 992 586 recturi

205 619 269 642 sunt
287 614 388 644 sedem,
403 611 483 638 ullam
498 611 531 637 de
550 609 668 644 przefatis
681 607 762 634 rebus
781 605 881 633 inferre
893 612 994 640 praesu-

206 665 263 688 mat
280 657 501 687 controversiam.
530 656 563 682 Et
574 654 643 689 quod
663 653 773 687 insuper
790 652 867 679 nobis
884 654 995 685 questus

206 709 247 733 est
266 704 310 739 jus
329 702 480 738 episcopale
500 700 551 728 sibi
582 700 716 727 sublatum
737 698 805 730 fore,
825 696 995 732 praecipimus

206 750 331 778 omnibus
355 748 383 775 in
403 746 531 782 parochia
549 746 608 780 ejus
621 743 831 772 consistentibus
841 762 848 775 ,
863 746 894 769 ut
907 741 996 768 nullus

207 794 358 830 episcopale
384 792 563 820 ministerium
581 790 642 822 sibi,
667 789 776 823 suisque
794 787 996 815 successoribus

206 839 389 875 peragendum
414 837 496 863 ullam
518 836 737 864 contrarietatem
757 838 803 860 aut
823 833 998 867 impedimen-

1038 233 1171 269 mancipia
1186 232 1285 260 ibidem
1299 229 1442 264 delegavit,
1458 235 1561 256 necnon
1577 226 1658 254 libros
1670 229 1698 252 et
1708 225 1831 252 ministe-

1037 282 1077 308 ria
1090 279 1213 308 ecclesiae
1226 277 1384 311 variamque
1397 273 1591 310 supellectilem
1604 272 1710 304 tribuit,
1726 275 1754 298 et
1766 278 1831 298 cum

1038 327 1081 354 bis
1097 325 1223 352 omnibus
1242 330 1336 350 eorum
1359 329 1392 349 ac
1414 320 1522 348 caeteris
1546 318 1626 346 rebus
1649 316 1833 345 denominatis

1038 379 1088 407 per
1097 369 1247 398 chartulam
1257 367 1410 395 traditionis
1419 366 1499 393 nobis
1509 365 1543 392 ad
1554 364 1693 400 proprium
1706 362 1831 393 tradidit,

1040 417 1110 444 sicut
1122 416 1148 442 in
1162 415 1219 450 ipsa
1233 414 1378 441 traditione
1390 412 1497 447 plenius
1510 415 1618 439 constat
1630 418 1691 438 esse
1708 414 1831 445 gestum;

1040 460 1120 488 simul
1141 463 1261 487 nostram
1277 458 1427 493 deposcens
1439 456 1625 486 serenitatem,
1635 459 1665 482 ut
1677 462 1746 490 opus
1760 455 1833 490 quod

1042 507 1099 541 ipse
1115 504 1288 534 devotissime
1314 503 1348 530 ad
1372 506 1495 530 sanctam
1517 501 1715 536 professionem
1739 500 1835 527 obser-

1042 551 1159 578 vandam
1173 550 1356 580 inchoaverat,
1374 548 1483 582 Deoque
1504 551 1627 579 voverat,
1638 550 1666 572 et
1677 545 1756 572 nobis
1769 552 1832 579 per-

1043 601 1125 632 petuo
1139 596 1174 623 ad
1187 594 1338 623 habendam
1353 593 1510 625 tradiderat,
1525 600 1575 627 per
1598 596 1718 619 nostram
1741 591 1834 626 provi-

1044 643 1163 670 dentiam
1178 645 1260 676 atque
1280 640 1471 667 auctoritatem
1487 639 1521 666 ad
1538 639 1591 665 hoc
1615 641 1835 670 conservaretur,

1044 692 1075 715 ut
1087 688 1158 715 idem
1170 687 1238 714 ordo
1248 685 1344 713 eodem
1361 684 1388 711 in
1403 684 1463 712 loco
1478 692 1526 719 pro
1539 688 1631 711 nostra
1653 687 1756 710 aeterna
1777 690 1836 710 me-

1046 734 1132 761 moria
1153 737 1234 767 atque
1245 732 1415 766 eleemosyna
1428 730 1622 765 perpetualiter
1635 729 1835 757 observaretur.

1047 779 1130 813 Cujus
1149 779 1249 806 donum
1265 781 1404 812 gratanter
1416 775 1590 810 suscipimus,
1601 779 1628 802 et
1640 775 1700 810 ejus
1712 775 1837 809 petitioni

1048 824 1164 852 libenter
1177 822 1332 853 annuimus,
1346 826 1428 855 atque
1451 828 1499 856 per
1519 821 1588 847 hanc
1607 824 1728 848 nostram
1743 825 1839 847 aucto-

208 866 265 912 ium
278 891 358 918 agere
371 886 531 918 praesumat;
546 882 592 909 sed
606 881 733 912 habeant,
749 880 820 906 sicut
831 879 865 906 ab
876 882 997 905 anteces-

1053 871 1169 902 ritatem,
1184 870 1255 896 sicut
1269 868 1428 903 postulavit,
1441 867 1624 894 concessimus
1637 872 1718 901 atque
1741 866 1840 893 conﬁr-

208 929 315 957 soribus
329 928 429 955 nostris
439 927 502 954 huic
517 931 616 954 sanctze
631 926 689 953 sedi
704 932 861 952 concessum
875 928 926 955 est,
939 923 997 957 ple-

209 984 271 1003 nam
296 975 439 1002 ministerii
455 975 495 1002 sui
510 977 682 1008 potestatem,
708 971 832 999 videlicet
847 977 927 1004 super
942 976 999 996 mo-

208 1021 327 1048 nasteria
356 1020 383 1046 in
407 1019 536 1054 parochia
570 1026 618 1045 sua
642 1016 837 1047 consistentia,
862 1019 889 1041 et
919 1021 999 1049 super

209 1066 382 1102 presbyteros
401 1063 575 1094 ordinandos,
597 1067 624 1089 et
638 1069 719 1096 super
739 1061 882 1091 decimam,
904 1066 997 1086 secun-

210 1112 274 1139 dum
296 1110 454 1138 canonicam
470 1108 618 1143 iussionem
635 1105 845 1141 disponendam;
866 1107 998 1138 quatenus

209 1164 260 1192 pro
272 1155 391 1182 remedio
405 1155 501 1181 anima:
514 1156 613 1180 nostra:
629 1152 687 1179 illos
699 1159 759 1178 cum
772 1150 846 1177 omni
863 1150 936 1177 clero
949 1156 998 1176 suo

212 1201 324 1228 liberius
346 1199 454 1226 Domini
473 1197 686 1225 misericordiam
700 1203 814 1223 exorare
829 1195 951 1222 delectet.
966 1194 1000 1221 Et

213 1249 244 1273 ut
258 1246 316 1272 haec
332 1243 479 1270 auctoritas
500 1247 593 1270 nostra
607 1240 767 1268 inviolabilis
786 1243 902 1271 maneat,
916 1246 999 1265 manu

212 1290 322 1327 propria
344 1290 439 1317 subtus
466 1296 526 1315 eam
546 1287 723 1319 ﬁrmavimus,
749 1286 895 1320 annulique
915 1284 1001 1312 nostri

213 1336 391 1371 impressione
404 1334 515 1369 sigillari
522 1333 662 1367 jussimus.

249 1383 361 1419 Signum
376 1381 465 1409 domui
484 1379 613 1407 Ludovici
631 1378 745 1413 piissimi
760 1377 934 1412 imperatoris
945 1376 1000 1403 Au-

213 1428 295 1464 gusti.

250 1473 316 1500 Data
328 1480 376 1500 νιιι
390 1471 450 1499 Kal.
468 1470 592 1505 Augusti,
608 1476 679 1496 anno
694 1468 737 1501 I2,
753 1467 869 1503 propitio
882 1465 1002 1497 Christo,

215 1517 321 1553 imperii
332 1516 423 1544 domni
437 1515 563 1543 Ludovici
574 1513 746 1549 imperatoris
756 1511 869 1547 piissimi
878 1510 1001 1545 Augusti,

1049 923 1164 942 mamus.
1179 914 1295 941 Proinde
1307 917 1401 941 notum
1416 919 1476 940 esse
1487 912 1612 939 volumus
1623 912 1749 939 omnibus
1762 912 1840 939 vobis

1048 962 1119 996 quod
1132 960 1290 998 praedictum
1311 959 1505 986 monasterium
1527 966 1589 986 cum
1611 958 1738 985 omnibus
1756 957 1836 989 locis,

1048 1005 1128 1037 villis,
1141 1005 1247 1036 insulis,
1262 1003 1426 1038 piscatoriis,
1437 1003 1480 1030 vel
1494 1003 1527 1030 iis
1539 1010 1599 1037 quae
1611 1003 1645 1029 ad
1659 1003 1746 1037 ipsum
1764 1003 1838 1037 aspi-

1048 1059 1109 1079 cere
1122 1054 1282 1082 cernuntur,
1295 1057 1357 1077 cum
1375 1049 1501 1077 omnibus
1517 1049 1601 1075 etiam
1622 1048 1732 1080 ﬁnibus,
1744 1048 1840 1074 termi-

1050 1098 1092 1125 nis
1107 1102 1134 1124 et
1152 1096 1310 1130 adjacentiis
1324 1102 1431 1127 comm,
1446 1102 1507 1122 curn
1530 1094 1673 1128 mancipiis
1689 1101 1722 1120 ac
1733 1093 1841 1120 caeteris

1050 1144 1140 1174 rebus,
1158 1142 1383 1177 quemadmodum
1398 1141 1425 1168 in
1441 1140 1564 1167 chartula
1579 1140 1743 1172 donationis,
1758 1147 1839 1174 quam

1049 1188 1127 1215 nobis
1149 1187 1278 1219 contulit,
1299 1186 1405 1222 plenius
1430 1186 1613 1217 continentur,
1629 1185 1692 1213 ideo
1703 1189 1734 1212 ut
1746 1189 1840 1212 sancta

1049 1236 1181 1271 professuo
1195 1235 1293 1262 ibidem
1308 1233 1501 1270 perpetualiter
1517 1233 1544 1260 in
1557 1237 1649 1260 nostra
1669 1233 1843 1267 eleemosyna

1051 1282 1206 1310 conservari
1221 1284 1312 1316 queat,
1325 1279 1498 1308 devotissime
1509 1279 1672 1306 contulimus
1685 1287 1692 1305 :
1708 1282 1739 1305 ut
1752 1279 1843 1305 omnia

1051 1335 1219 1363 quascunque
1243 1326 1369 1362 praesenti
1394 1330 1515 1360 tempore
1543 1324 1681 1359 possidere
1706 1324 1843 1354 videntur,

1052 1373 1094 1400 vel
1108 1374 1141 1400 ad
1154 1380 1216 1400 eum
1229 1372 1351 1407 aspicere
1363 1370 1540 1406 dignoscitur,
1547 1369 1619 1404 quod
1631 1369 1739 1396 inantea
1753 1368 1845 1395 divino

1053 1419 1181 1446 instinctu
1192 1421 1238 1444 aut
1253 1425 1268 1443 a
1282 1417 1359 1444 nobis
1372 1420 1419 1442 aut
1431 1423 1446 1442 a
1459 1414 1664 1442 successoribus
1678 1414 1790 1445 nostris,
1802 1413 1846 1440 vel

1053 1470 1070 1491 a
1084 1462 1243 1498 quibusdam
1254 1461 1377 1488 ﬁdelibus
1388 1463 1489 1487 sancta:
1499 1459 1686 1494 DeiyEcclesize
1698 1459 1751 1485 illis
1762 1458 1843 1485 colla-

1056 1513 1111 1536 tum
1125 1507 1216 1540 fuerit,
1230 1511 1317 1534 totum
1330 1507 1357 1533 in
1371 1513 1511 1533 servorum
1523 1505 1571 1533 Dei
1586 1504 1653 1531 inibi
1667 1505 1782 1532 Domino
1798 1504 1846 1530 mi-

214 1541 309 1598 epiicta
324 1561 359 1589 28
373 1560 399 1594 δ,
414 1560 560 1588 indictione
578 1541 721 1586 5.IActum
734 1541 880 1585 Sirazburc
895 1541 1004 1585 civitate
1017 1541 1039 1573 ί]
1055 1553 1192 1581 Iitantium
1210 1551 1417 1580 necessitatibus
1433 1549 1637 1582 consulendum,
1649 1552 1677 1576 et
1697 1555 1846 1583 pauperum

214 1607 339 1639 feliciter,
353 1606 381 1633 in
393 1606 440 1633 Dei
454 1605 571 1635 nomine,
589 1611 679 1631 amen.

544 1649 672 1676 CXXXII.

412 1702 461 1722 1⁵1ιο
481 1701 647 1721 IONASTERIO
661 1701 808 1719 ANIANENSI.

520 1738 611 1774 (Anno
629 1738 708 1773 826.)

219 1787 306 1824 [Apud
314 1785 426 1818 MabiII.,
435 1784 504 1811 Ann.
517 1783 583 1810 Ord.
592 1783 621 1810 S.
630 1783 737 1814 Βειιεάη
748 1786 813 1809 tom.
822 1782 853 1814 II,
861 1789 922 1817 pag.
930 1781 1005 1817 ται]

251 1834 280 1861 In
294 1832 402 1860 nomine
417 1830 523 1858 Domini
539 1829 585 1856 Dei
601 1833 629 1856 et
644 1828 792 1856 Salvatoris
811 1827 874 1855 Jesu
893 1827 1005 1860 Christi,

217 1879 368 1908 Ludovicus
379 1882 406 1905 et
417 1876 570 1909 Lotharius,
578 1876 667 1903 divina
681 1874 821 1902 ordinante
827 1874 1005 1909 providentia,

218 1925 395 1959 imperatores
405 1921 528 1957 Augusti.

254 1969 283 1997 Si
301 1976 365 2004 erga
379 1968 437 1995 loca
464 1966 562 1994 divinis
582 1965 700 1993 cultibus
719 1965 872 2001 mancipata
896 1969 1008 2000 propter

220 2021 340 2043 amorem
355 2013 413 2047 Dei,
426 2013 504 2048 eique
517 2012 545 2039 in
557 2011 659 2039 eisdem
674 2010 742 2038 locis
756 2010 946 2038 famulantibus
959 2010 1007 2038 be—

220 2061 316 2090 neﬁcia
335 2064 487 2096 opportuna
514 2058 653 2093 largimur,
669 2058 810 2092 praemium
834 2057 911 2084 nobis
938 2056 1009 2091 apud

219 2106 364 2134 Dominum
379 2108 487 2132 eterna:
500 2102 727 2130 remunerationis
742 2102 851 2137 rependi
869 2109 923 2129 non
941 2101 1009 2129 diIIi-

220 2152 319 2179 dimus.
333 2150 435 2178 Idcirco
461 2153 553 2176 notum
581 2148 617 2175 sit
639 2148 744 2174 cunctis
763 2147 886 2175 ﬁdelibus
909 2151 1009 2174 sanctae

221 2195 269 2223 Dei
284 2194 411 2223 Ecclesiae
423 2198 451 2222 et
465 2193 566 2221 nostris
574 2213 581 2225 ,
593 2193 771 2227 praesentibus
783 2192 887 2219 scilicet
898 2196 925 2218 et
937 2192 1008 2219 l‘utu-

222 2242 270 2274 ris,
281 2239 552 2276 qualiter‘Durandus
567 2239 650 2266 abbas
663 2239 689 2265 in
705 2238 882 2272 Septimania,
899 2237 925 2264 in
941 2245 1008 2272 pago

222 2286 346 2314 videlicet
356 2284 533 2316 Narbonensi,
549 2284 576 2310 in
592 2284 654 2311 villa
670 2291 730 2319 qua:
747 2283 846 2311 dicitur
866 2283 1007 2310 Vcrnodu—

223 2332 288 2359 brus
307 2328 514 2367 (Vernazoubre)
526 2349 533 2361 ,
549 2329 575 2355 in
594 2329 702 2364 proprio
715 2329 786 2363 quod
800 2329 824 2355 ei
848 2328 1010 2356 liberalitate

224 2374 413 2403 muniﬁcentiae
432 2377 531 2401 nostra:
554 2373 737 2405 contulimus,
759 2372 953 2400 monasterium
975 2380 1009 2399 ex

224 2425 317 2448 nostro
329 2426 410 2454 opere
434 2418 461 2445 in
485 2418 588 2445 honore
610 2421 637 2444 et
665 2417 837 2444 veneratione
861 2417 1009 2444 beatissimi

223 2465 319 2492 Aniani
334 2463 497 2491 confessoris
509 2463 622 2494 Christi,
635 2462 660 2489 in
673 2462 733 2490 loco
749 2462 795 2497 qui
813 2462 912 2489 dicitur
933 2462 1010 2489 IIoIa-

226 2511 325 2543 tianus,
340 2508 489 2539 inchoavit;
508 2507 652 2534 monachos
667 2507 806 2542 perplures
818 2507 1009 2541 congregavit;

224 2555 348 2584 abbatem
375 2554 429 2586 eis,
454 2553 562 2580 nomine
586 2552 717 2585 Woicam,
745 2551 880 2586 praefecit,
910 2557 937 2578 et
962 2559 1010 2586 per

261 2630 274 2644 ι
294 2621 497 2649 Xenodochium
517 2620 608 2647 Sancti
627 2619 699 2647 Petri
714 2619 819 2646 videtur
831 2619 913 2646 fuisse
927 2619 1009 2646 situm

226 2660 252 2686 in
265 2658 336 2686 valle
343 2656 451 2686 8.Petri
460 2654 764 2689 (Sancl—Peters-Thal),
780 2655 813 2681 de
825 2662 877 2689 qua
894 2654 1011 2689 loquitur

225 2693 291 2725 Leu,
314 2692 495 2720 Helvetisches
513 2690 629 2717 Lexicon
643 2710 650 2722 ,
666 2694 730 2717 tom.
752 2689 833 2717 XVIII
846 2710 852 2722 ,
872 2698 933 2725 pag.
947 2689 1008 2716 Mlti.

226 2728 310 2755 Vallis
321 2727 365 2754 illa
379 2731 420 2754 est
432 2727 577 2756 desertum,
590 2725 618 2752 in
628 2732 681 2759 quo
692 2730 780 2752 tamen
792 2725 882 2759 plures
894 2730 921 2751 ct
932 2725 1012 2751 varia

226 2767 290 2790 sunt
306 2762 486 2789 habitationes
505 2766 585 2795 atque
603 2768 679 2795 aqua:
697 2760 849 2788 minerales.
877 2760 1012 2795 Dependet

227 2804 383 2858 ἒ
393 2794 580 2831 jurisdictione
592 2796 626 2823 de
639 2795 757 2831 Lugnez,
774 2796 802 2823 in
812 2794 944 2830 superiori
959 2794 1011 2829 liga

1056 1607 1148 1628 curam
1167 1598 1325 1634 gerendum,
1336 1600 1446 1631 propter
1457 1596 1576 1623 divinum
1587 1601 1709 1622 amorem
1723 1599 1749 1621 et
1760 1594 1846 1620 hom»

1056 1652 1113 1672 rem
1128 1644 1183 1671 Deo
1192 1643 1337 1671 miserante
1348 1649 1397 1677 pro
1411 1641 1549 1668 ablutione
1560 1644 1734 1675 peccatorum
1745 1644 1846 1666 nostro-

1057 1699 1116 1719 rum
1131 1690 1206 1718 omni
1220 1690 1299 1717 cedat
1321 1693 1452 1723 tempore.
1480 1687 1534 1715 Sed
1558 1691 1588 1714 ut
1610 1687 1727 1721 quietius
1748 1687 1846 1714 ibidem

1056 1736 1108 1763 viri
1123 1735 1170 1762 Dei
1185 1735 1299 1762 Domino
1315 1733 1439 1761 famulari
1452 1733 1569 1768 possint,
1579 1736 1607 1760 et
1622 1740 1638 1759 a
1657 1732 1737 1760 malis
1759 1732 1845 1759 homi-

1056 1782 1136 1810 nibus
1150 1789 1196 1809 res
1206 1781 1326 1816 ejusdem
1337 1780 1453 1808 emnobii
1470 1779 1539 1807 sicut
1553 1779 1606 1806 alia
1622 1779 1665 1806 vel
1676 1783 1775 1806 nostrae
1786 1786 1846 1812 pro-

1056 1828 1180 1862 prietatis
1194 1827 1373 1854 defenduntur
1384 1830 1411 1852 et
1424 1825 1494 1852 tueri
1508 1823 1610 1859 queant
1619 1844 1627 1857 ,
1639 1824 1708 1851 hanc
1724 1829 1845 1850 nostram

1057 1873 1226 1908 impcrialem
1241 1872 1431 1900 auctoritatem
1443 1871 1523 1905 hujus
1537 1871 1577 1898 rei
1591 1871 1679 1906 gratia
1696 1870 1754 1897 ﬁeri
1764 1869 1847 1904 jussi-

1057 1928 1127 1952 mus,
1142 1923 1171 1947 ut
1184 1926 1277 1947 omnes
1293 1919 1343 1945 sub
1358 1921 1450 1945 nostra
1466 1917 1548 1944 etiam
1566 1916 1676 1951 speciali
1693 1916 1848 1944 defensione

1058 1969 1085 1992 et
1114 1964 1292 1992 immunitatis
1320 1964 1433 1991 tuitione
1458 1964 1608 1991 consistere
1634 1971 1688 1991 non
1716 1964 1845 1990 dubitent.

1057 2010 1247 2044 Praecipientes
1254 2017 1322 2045 ergo
1332 2009 1486 2037 inhibemus
1492 2014 1522 2037 ut
1527 2008 1704 2045 nullasjudex
1716 2009 1777 2043 pubi
1782 2010 1820 2035 icu
1825 2017 1846 2039 ς,

1058 2055 1100 2083 vel
1114 2055 1226 2090 quilibet
1239 2063 1272 2082 ex
1285 2055 1428 2089 judiciaria
1443 2058 1642 2089 potestate,aut
1651 2055 1777 2088 quaelibet
1790 2062 1847 2080 ma-

1055 2101 1124 2136 joris
1134 2101 1176 2127 vel
1192 2100 1305 2127 minoris
1314 2099 1419 2127 ordinis
1428 2107 1554 2134 persona,
1562 2099 1596 2127 ad
1605 2107 1702 2128 causas
1707 2100 1849 2135 judiciario

1059 2153 1135 2173 more
1150 2145 1298 2173 audiendas
1312 2144 1339 2171 in
1354 2145 1484 2173 ecclesias
1508 2150 1555 2172 aut
1576 2145 1633 2173 loca
1651 2145 1694 2173 vel
1712 2145 1789 2173 villas
1802 2153 1849 2173 seu

1061 2191 1177 2233 reliquas
1198 2191 1397 2225 possessiones,
1415 2197 1482 2225 quas
1497 2191 1524 2218 in
1539 2190 1699 2225 quibusdam
1716 2191 1794 2226 pagis
1819 2198 1850 2217 ac

1061 2237 1203 2264 territoriis
1218 2236 1353 2271 pra-dictis
1372 2240 1444 2263 tenet
1462 2236 1504 2263 vel
1515 2236 1634 2271 possidet
1645 2236 1848 2267 monasterium,

1061 2281 1191 2315 aliasque,
1206 2288 1273 2315 quas
1289 2281 1416 2315 deinceps
1430 2281 1457 2308 in
1467 2280 1512 2315 jus
1530 2281 1615 2315 ipsius
1628 2281 1714 2308 sancti
1738 2280 1790 2308 loci
1810 2280 1850 2307 di-

1061 2325 1123 2353 vina
1137 2327 1224 2361 pietas
1247 2326 1339 2360 augeri
1358 2326 1482 2359 voluerit,
1497 2322 1601 2361 ingredi
1624 2331 1785 2361 praesumat,
1801 2333 1850 2353 nec

1060 2372 1118 2399 ﬁeri
1145 2373 1245 2399 tributa
1271 2372 1313 2398 vel
1335 2376 1445 2406 paratas
1468 2380 1515 2399 seu
1539 2373 1695 2399 mansiones
1714 2372 1848 2407 accipere,

1063 2419 1118 2445 sive
1140 2418 1276 2445 teloneum
1303 2418 1425 2453 exigere,
1445 2423 1491 2445 aut
1505 2418 1678 2452 ﬁdejussores
1691 2418 1796 2450 tollere,
1810 2418 1851 2446 vel

1062 2463 1185 2491 homines
1196 2463 1280 2497 ipsius
1294 2464 1419 2495 ctenobii,
1432 2468 1487 2491 tam
1504 2464 1637 2499 ingenuos
1650 2472 1730 2498 quam
1746 2472 1849 2497 servos,

1062 2515 1143 2542 super
1166 2512 1266 2535 terram
1286 2508 1370 2542 ipsius
1391 2513 1593 2537 commanentes
1618 2510 1791 2545 distringere,
1801 2517 1851 2537 nec

1063 2554 1132 2581 ullas
1143 2555 1264 2589 publicas
1283 2554 1425 2582 l'ruitioncs
1439 2562 1487 2582 seu
1500 2556 1693 2584 redhibitiones
1709 2556 1751 2584 vel
1775 2556 1851 2583 illici-

1097 2619 1112 2659 1}
1132 2618 1171 2659 En
1183 2619 1310 2659 antiquus
1321 2619 1347 2659 in
1362 2619 1552 2659 diplomatibus
1567 2621 1648 2659 regiis
1663 2625 1764 2659 epacta:
1775 2629 1849 2659 usus,

1063 2655 1121 2689 qui,
1133 2658 1201 2690 teste
1217 2655 1373 2690 doctissimo
1393 2662 1425 2682 ac
1442 2655 1519 2682 nobis
1533 2657 1663 2690 percharo
1678 2657 1775 2683 domno
1793 2657 1853 2684 Cle-

1065 2692 1154 2725 ment,
1166 2689 1193 2715 in
1212 2689 1399 2716 dissertatione
1416 2691 1515 2724 praevia
1527 2689 1559 2717 ad
1576 2691 1641 2718 l‘Art
1653 2691 1685 2717 de
1700 2692 1802 2725 vén’ﬁcr
1816 2692 1852 2718 les

1064 2724 1148 2756 dates,
1159 2731 1220 2759 pag.
1237 2732 1301 2751 χχιι
1312 2745 1319 2756 ,
1336 2725 1438 2758 primus
1453 2730 1591 2759 comparet
1604 2726 1631 2753 in
1645 2726 1741 2753 litteris
1760 2734 1852 2753 mona-

1065 2759 1177 2786 chorum
1194 2760 1307 2786 abbatize
1320 2760 1441 2787 Indensis
1457 2761 1518 2787 anni
1540 2760 1589 2787 821
1609 2761 1643 2788 de
1657 2766 1745 2788 morte
1765 2762 1852 2788 sancti

1065 2793 1202 2831 Benedicti
1213 2794 1378 2831 ‘Ananiensis
1394 2795 1427 2831 ad
1439 2795 1573 2831 Ardonem
1590 2796 1707 2831 scriptis,
1720 2804 1771 2830 qua
1784 2804 1853 2831 prae.

1065 2803 1202 2833 ῠβηεαιοιι
1217 2803 1378 2834 AllﬂnlEIlSlS
1394 2803 1427 2821 an
1439 2803 1573 2822 Ardonem
1590 2803 1642 2823 SCI‘I
1664 2803 1707 2827 IIS,
1720 2804 1771 2830 qua
1784 2805 1819 2831 pr

1065 2829 1153 2856 dictus
1165 2829 1237 2857 Δι’όο
1248 2829 1314 2856 Vitae
1327 2830 1445 2864 ejusdem
1461 2830 1565 2858 abbatis
1576 2839 1635 2867 cap.
1645 2803 1680 2858 g7
1695 2831 1819 2859 inseruit.
