3946 6174
318 255 452 310 llb'l
1452 241 1850 299 DIPLOMATA
1890 235 2477 298 ECCLESIASTICA."
3445 248 3581 306 ηδε

319 382 401 428 tas
425 367 736 429 occasiones
765 363 1044 434 requirere
1093 369 1188 416 aut
1225 367 1483 418 exactare
1523 360 1719 414 audeat
1744 375 1756 412 :
1795 357 1887 412 scd
1913 355 1969 417 Α
1994 363 2102 412 tem
2132 356 2418 427 quamdam
2451 357 2517 413 de
2533 358 2737 415 foreste
2758 369 2962 430 nostra,
2994 363 3300 436 contiguam
3329 365 3446 436 ipso
3469 383 3580 423 mo-

315 467 477 520 liceat
524 463 823 513 memorato
870 453 1051 510 abbati
1097 453 1317 522 suisque
1356 451 1762 508 successoribus
1809 464 1899 504 res
2002 449 2257 514 nasterio,
2295 463 2417 518 quae
2443 449 2511 503 ad
2559 450 2748 506 ﬁscum
2788 459 3054 517 nostrum,
3109 456 3326 510 nomine
3359 454 3579 512 Colum-

314 549 520 625 praefati
551 545 859 603 monasterii
899 559 1024 599 cum
1063 543 1315 598 omnibus
1354 542 1460 598 sibi
1503 526 1763 611 subjectis
1799 541 1898 596 sub

315 640 557 698 tuitionis
601 644 764 708 atque
805 635 1162 691 immanitatis
1197 641 1400 690 nostra:
1443 633 1776 700 defensione,
1808 645 1896 687 re-

312 742 457 788 mota
485 731 654 786 totius
679 728 981 797 iudiciariae
1006 728 1288 796 potestatis
1308 726 1899 796 inquietudine,,quieto

313 825 508 880 ordine
536 822 849 893 possidere;
902 829 960 875 et
985 819 1245 889 quidquid
1277 819 1332 874 in
1373 833 1440 874 eo
1488 817 1652 873 ﬁscus
1701 818 1898 872 exinde

313 917 531 988 exigere
559 921 771 986 poterat
799 921 893 968 aut
923 927 1164 983 sperare,
1191 919 1399 967 tantum
1429 913 1483 966 in
1515 911 1748 966 fratrum
1788 911 1893 966 sti-

311 1008 522 1078 pendiis
550 1015 605 1062 et
641 1007 695 1062 in
732 1005 1090 1060 luminaribus
1131 1005 1370 1076 ejusdem
1418 1003 1662 1059 ecclesia:
1715 1004 1896 1059 consi-

313 1100 544 1168 gnandis
571 1107 730 1168 atque
768 1096 1098 1168 pauperibus
1121 1095 1347 1162 alendis,
1375 1096 1514 1152 sicut
1541 1096 1743 1151 dictum
1788 1104 1890 1161 est,

313 1189 491 1244 cedat.
517 1188 910 1244 Constituimus
935 1187 1098 1242 etiam
1117 1227 1132 1251 ,
1165 1195 1225 1242 ut
1250 1187 1681 1257 quandocunque
1709 1177 1891 1244 divina

313 1280 599 1334 vocatione
630 1287 962 1334 memoratus
991 1279 1157 1333 abbas
1184 1279 1270 1332 vel
1301 1293 1642 1334 successores
1671 1278 1786 1350 ejus
1823 1279 1893 1333 ab

313 1368 416 1424 hac
452 1367 570 1423 luce
616 1368 988 1438 migraverint,
1030 1367 1301 1423 licentiam
1359 1369 1596 1424 habeant
1642 1368 1892 1424 monachi

313 1460 510 1515 ibidem
537 1461 891 1515 consistentes
917 1460 1075 1514 talem
1113 1461 1255 1515 inter
1284 1476 1343 1516 se
1369 1476 1467 1532 per
1494 1471 1740 1517 nostrum
1768 1476 1891 1517 suc-

312 1566 696 1621 cessorumque
718 1561 1028 1608 nostrorum
1052 1568 1374 1608 consensum
1396 1554 1596 1624 eligere
1613 1555 1884 1619 abbatem,

313 1645 402 1713 qui
432 1645 510 1699 eis
537 1645 831 1699 secundum
864 1646 1102 1716 regulam
1131 1647 1302 1702 sancti
1334 1647 1616 1703 Benedicti
1653 1662 1886 1717 praeesse

2000 539 2213 594 barium
2245 537 2524 612 (Colmar),
2575 541 2819 609 aspicere
2863 541 2949 596 vel
2975 542 3249 612 pertinere
3269 545 3502 613 videtur,
3529 547 3583 602 in

1999 637 2187 686 nostra
2216 630 2558 701 eleemosyna
2586 631 2759 686 eidem
2780 633 3110 687 monasterio
3141 635 3579 693 concederemus.

1999 722 2162 793 Cujus
2181 722 2434 793 precibus
2457 738 2560 793 pro
2591 724 2859 780 mercedis
2885 732 3084 779 nostrae
3106 734 3393 795 augmento
3421 735 3476 781 et
3496 742 3582 781 re-

1995 817 2238 872 verentia
2273 815 2416 872 illius
2441 817 2614 872 sancti
2635 816 2736 873 loci
2764 816 2920 872 nobis
2948 818 3301 888 acquiescere
3323 819 3499 886 libuit,
3527 829 3584 876 et

1997 909 2064 964 de
2090 907 2313 978 praefata
2355 907 2555 963 forestc
2593 917 2778 964 nostra
2805 918 3011 977 partem
3041 910 3327 979 quamdam
3349 925 3444 979 per
3467 911 3584 965 ioca

1996 1000 2340 1056 denominata
2363 1007 2523 1069 atque
2551 999 2910 1055 determinata
2963 999 3137 1055 eidem
3174 1003 3500 1057 monasterio
3526 1002 3578 1056 in

1995 1100 2182 1147 nostra
2214 1091 2556 1163 cleemosyna
2587 1092 2653 1146 ad
2675 1091 3052 1148 necessitatem
3080 1099 3135 1146 et
3159 1092 3448 1148 utilitatem
3473 1094 3583 1148 fra-

1999 1190 2143 1236 trum
2173 1181 2284 1237 Deo
2315 1181 2452 1236 inibi
2489 1181 2794 1250 degentium
2823 1181 3121 1236 concedere
3148 1182 3381 1252 placuit;
3418 1183 3471 1238 id
3496 1191 3580 1238 est

1991 1288 2089 1343 per
2115 1272 2313 1338 locum,
2337 1272 2428 1326 ubi
2445 1271 2799 1326 Bredembach
2826 1270 3030 1326 rivulus
3054 1272 3107 1326 in
3129 1272 3425 1327 Fachinam
3452 1289 3580 1329 con-

1992 1359 2130 1427 ﬂuit,
2157 1376 2373 1417 sursum
2401 1376 2573 1432 usque
2595 1361 2662 1415 ad
2683 1360 2858 1416 locum
2872 1361 2963 1416 ubi
2990 1360 3107 1429 ipse
3129 1361 3335 1417 rivulus
3358 1378 3580 1432 surgere

1991 1452 2182 1524 incipit
2206 1471 2218 1507 :
2250 1453 2443 1508 deinde
2463 1467 2561 1523 per
2589 1452 2840 1507 semitam
2866 1467 2986 1522 quae
3012 1452 3322 1507 nominatur
3341 1452 3575 1519 lsneida,

1989 1563 2162 1617 usque
2183 1548 2252 1603 ad
2297 1555 2535 1603 montem
2565 1547 2658 1616 qui
2691 1547 2994 1618 appellatur
3034 1547 3448 1618 Swarzt'mberg;
3494 1549 3583 1604 de-

1990 1641 2114 1696 inde
2133 1656 2230 1710 per
2279 1640 2532 1696 eumdem
2559 1641 2796 1696 medium
2830 1651 3072 1696 montem
3101 1656 3269 1710 usque
3319 1641 3386 1697 ad
3421 1641 3581 1712 Lapi-

311 1742 366 1789 et
402 1735 658 1804 prodesse
679 1743 844 1804 queat
878 1754 891 1790 :
921 1715 1193 1803 quatenus
1217 1751 1402 1793 servos
1433 1738 1535 1794 Dei
1560 1715 1759 1795 ib‘uiem
1783 1741 1889 1796 Do.
1917 1715 1964 1772 Β
1991 1730 2418 1802 dem-Magnum,
2455 1731 2545 1800 qui
2569 1731 2717 1800 jacet
2757 1731 2823 1785 ad
2854 1730 3091 1786 radicem
3121 1730 3344 1796 montis,
3384 1739 3440 1786 et
3458 1731 3582 1785 inde

311 1825 458 1879 mino
483 1824 826 1891 famulantes,
848 1843 948 1896 pro
974 1829 1129 1883 nobis
1151 1829 1408 1899 proleqne
1442 1840 1628 1886 nostra
1679 1847 1743 1887 ac
1785 1841 1892 1887 sta-

310 1914 520 1970 bilitate
548 1916 717 1971 totius
751 1917 963 1987 imperii
1005 1920 1178 1974 nostri
1217 1919 1428 1975 Domini
1459 1923 1891 1978 misericordiam

310 2019 536 2061 exorare
565 2006 814 2062 delectet.
849 2008 982 2064 illud
1005 2010 1170 2064 etiam
1199 2026 1296 2080 per
1320 2022 1564 2068 nostram
1599 2016 1894 2070 auctorita-

311 2103 418 2151 tem
444 2097 790 2167 concedimus
818 2107 872 2152 et
899 2100 1300 2168 conﬁrmamus,
1337 2113 1498 2174 atque.
1523 2114 1741 2161 nostros
1772 2121 1893 2162 suc-

313 2199 558 2241 cessores
585 2202 840 2256 rogamus
857 2197 917 2242 ut
940 2190 1045 2245 hoc
1075 2194 1464 2247 monasterium
1506 2195 1605 2250 sub
1635 2211 1730 2250 sua
1766 2211 1890 2266 spe-

311 2274 434 2328 ciali
465 2274 690 2328 tuitione
718 2278 1010 2342 retineant,
1035 2287 1092 2333 et
1123 2296 1301 2350 neque
1343 2283 1411 2336 ad
1436 2284 1768 2354 episcopum,
1797 2300 1893 2339 ne-

312 2378 417 2432 que
445 2365 512 2419 ad
539 2365 684 2420 aliud
713 2370 1102 2423 monasterium
1132 2371 1241 2424 ullo
1273 2387 1509 2442 unquam
1537 2382 1780 2443 tempore
1822 2377 1892 2431 ab

312 2455 418 2510 illis
444 2456 784 2526 subjiciatur,
803 2470 896 2515 aut
923 2461 979 2515 in
1006 2461 1331 2517 beneﬁcium
1355 2464 1577 2520 cuilibet
1600 2466 1890 2532 tribuatur,

313 2549 406 2602 sed
435 2547 772 2606 solummodo
801 2550 854 2606 in
880 2550 1004 2621 jure
1052 2559 1108 2606 et
1135 2552 1361 2608 tuitione
1390 2553 1600 2608 illorum
1642 2571 1742 2626 pro
1770 2571 1892 2610 om-

313 2639 472 2696 nibus
508 2643 840 2711 temporibus
861 2644 928 2698 ad
949 2644 1309 2700 monasticum
1335 2645 1581 2700 ordinem
1606 2647 1895 2702 observan-

315 2729 440 2784 dum
471 2733 726 2800 persistat
757 2747 772 2786 :
803 2734 988 2804 sicque
1011 2735 1116 2790 hoc
1139 2742 1382 2790 nostrum
1414 2735 1720 2790 donationis
1759 2751 1894 2806 opus

315 2819 663 2876 immobiliter
677 2835 1015 2891 conservent,
1030 2825 1170 2880 sicut
1189 2835 1350 2895 pacta
1374 2840 1470 2880 sua
1495 2841 1526 2879 a
1549 2825 1660 2881 suis
1680 2841 1894 2882 succes-

315 2913 530 2968 soribus
555 2918 922 2972 conservanda
942 2919 1267 2988 optaverint.
1294 2916 1420 2974 Haec
1447 2933 1577 2974 vero
1599 2920 1894 2976 auctoritas

315 3009 374 3054 ut
407 3001 704 3070 pleniorem
737 3006 789 3059 in
827 3007 920 3061 Dei
962 3009 1182 3064 nomine
1225 3010 1470 3064 obtineat
1495 3010 1752 3081 vigorem,
1783 3027 1894 3066 ma-
1920 3046 1964 3109 Ο

314 3091 472 3148 nibus
525 3096 760 3166 propriis
805 3099 992 3154 subter
1036 3099 1388 3168 ﬁrmavimus,
1419 3109 1474 3157 et
1509 3103 1689 3158 annuli
1719 3104 1891 3160 nostri

316 3182 672 3252 impressione
701 3188 902 3258 signari
922 3188 1204 3258 jussimus.

389 3271 611 3344 Signum
644 3274 898 3334 Ludovici
933 3278 1162 3348 piissimi
1188 3279 1554 3351 imperatoris.

387 3361 611 3434 Signum
633 3365 874 3423 Lotharii
897 3369 1277 3440 gloriosissimi
1304 3371 1560 3442 Augusti.

391 3455 768 3514 Hirminmaris
805 3462 1049 3518 notarius
1090 3465 1160 3518 ad
1204 3464 1377 3521 vicem
1425 3465 1690 3537 Fridugisi
1740 3482 1892 3523 reco-

321 3563 499 3619 gnovn

389 3639 524 3693 Data
552 3637 776 3693 Kalend.
813 3640 1061 3712 Augusti,
1092 3657 1256 3708 anno,
1277 3642 1495 3698 Christo
1537 3645 1790 3714 propitio,
1827 3645 1893 3700 l5

319 3730 530 3800 imperii
556 3731 736 3784 domui
761 3730 1017 3786 Ludovici
1036 3732 1263 3801 piissimi
1286 3732 1534 3803 Augusti,
1550 3743 1604 3788 et
1627 3734 1890 3800 Lotharii,

319 3821 507 3874 indict.
538 3819 592 3872 4.
623 3819 817 3876 Actum
842 3821 1117 3879 Carisiaco
1151 3824 1350 3894 palatio
1388 3826 1536 3896 regio
1574 3826 1628 3880 in
1656 3827 1751 3881 Dei
1798 3843 1895 3882 no-

321 3909 467 3964 mine
492 3909 738 3967 feliciter.
769 3911 964 3968 Amen.

962 4003 1241 4060 CXXXIII.

684 4109 784 4150 I’BO
811 4110 1146 4152 IONASTERIO
1174 4111 1528 4154 CBEGORIANO.

936 4186 1108 4257 (Anno
1135 4188 1284 4259 826.)

322 4277 496 4349 [Apud
525 4276 749 4344 Mabill.,
772 4276 1214 4351 Annal._Ben§d.,
1242 4286 1374 4351 tom.
1406 4278 1469 4351 ll2
1505 4295 1624 4351 pag.
1655 4280 1780 4348 724,
1826 4297 1890 4337 ex

739 4347 1049 4401 authentico
1092 4346 1471 4422 Gregoriano.]

387 4443 444 4496 ln
489 4443 705 4497 nomine
745 4441 957 4497 Domini
991 4443 1082 4497 Dei
1139 4450 1192 4497 et
1220 4441 1519 4500 Salvatoris
1567 4447 1736 4500 nostri
1770 4445 1894 4502 Jesu

317 4531 537 4597 Christi,
564 4531 880 4596 Ludovicus,
908 4533 1090 4587 divina
1109 4533 1393 4590 ordinante
1414 4537 1771 4605 providentia,
1806 4539 1899 4592 im-

317 4630 534 4692 perator
549 4620 842 4692 Augustus.

391 4711 448 4766 Si
486 4711 826 4767 liberalitatis
851 4722 1050 4768 nostrae
1070 4729 1291 4770 munere
1315 4715 1381 4770 de
1422 4715 1696 4772 beneﬁciis
1728 4734 1757 4772 a
1786 4718 1895 4774 Deo

318 4801 526 4862 sollatis
569 4802 745 4867 nobis,
778 4801 908 4856 locis
937 4801 1045 4857 Deo
1070 4803 1262 4859 dicatis
1304 4805 1504 4875 aliquid
1545 4807 1892 4873 conferimus,

316 4892 370 4946 id
393 4893 544 4947 nobis
566 4901 621 4947 et
646 4893 713 4949 ad
735 4893 1016 4948 mortalem
1031 4894 1197 4949 vitam
1217 4893 1447 4951 feliciter
1472 4898 1894 4967 transigendam,

317 4992 370 5038 et
394 4986 460 5038 ad
480 4993 738 5040 aeternam
764 4987 1146 5056 perpetualiter
1181 4987 1526 5044 obtinendam
1558 4989 1897 5060 profuturum

315 5074 518 5144 liquido
557 5077 844 5131 credimus.
923 5077 1127 5133 idcirco
1152 5087 1339 5133 notum
1385 5080 1456 5134 sit
1483 5081 1722 5136 omnium
1767 5081 1898 5136 ﬁde-

315 5163 446 5218 lium
475 5174 788 5220 nostrorum
809 5175 918 5220 tam
941 5171 1286 5236 prmsentium
1316 5185 1475 5239 quam
1507 5178 1562 5224 et
1592 5169 1895 5227 futurorum

316 5257 610 5320 industriaz,
663 5258 788 5325 quia
822 5258 904 5310 vir
935 5261 1256 5315 venerabilis
1297 5259 1610 5317 Gotafridus
1635 5263 1802 5318 abbas
1829 5278 1896 5318 ex

317 5345 643 5400 monasterio
677 5346 852 5400 sancti
881 5346 1148 5416 Gregorii,
1201 5350 1342 5417 quod
1378 5351 1482 5406 alio
1511 5353 1726 5406 nomine
1760 5351 1899 5408 Con-

319 5432 490 5487 fluens
508 5443 751 5498 vocatur,
785 5435 1073 5503 postulavit
1100 5452 1216 5502 nos,
1244 5448 1303 5493 ut
1324 5455 1422 5494 nos
1441 5441 1508 5494 ob
1525 5440 1808 5495 utilitatem
1840 5450 1894 5496 et

321 5523 700 5578 necessitatum
728 5522 954 5579 fratrum
975 5524 1171 5581 ibidem
1196 5525 1307 5582 Deo
1349 5527 1742 5595 famulantium,
1772 5544 1896 5599 par-

394 5671 419 5699 ι
465 5657 553 5712 Vel
582 5658 869 5726 potiusl3.
928 5657 1086 5713 EDIT.

1991 1835 2162 1891 usque
2187 1821 2256 1876 ad
2284 1820 2610 1885 Fachinam;
2653 1827 3130 1891 quantumcunque
3161 1835 3290 1875 vero
3336 1821 3403 1875 de
3447 1836 3582 1890 prae-

1992 1913 2269 1968 nominata
2297 1911 2496 1967 forestc
2515 1920 2699 1966 nostra
2729 1911 2870 1966 infra
2884 1911 3225 1966 dinumerata
3251 1919 3306 1965 et
3323 1911 3580 1966 determi-

1991 2014 2119 2060 nata
2159 2005 2278 2059 loca
2319 2003 2686 2070 essevidetur,
2711 2011 2881 2076 totum
2913 2012 2970 2059 et
2989 2004 3058 2058 ad
3085 2004 3357 2074 integrum
3405 2004 3582 2059 eidem

1990 2097 2320 2152 monasterio
2355 2095 2409 2150 in
2433 2100 2618 2150 nostra
2639 2095 2982 2164 eleemosyna
3011 2097 3376 2151 concedimus.
3438 2096 3580 2163 Qua-

1991 2194 2212 2256 propter
2225 2184 2474 2240 volumus
2501 2192 2664 2253 atque
2677 2183 2931 2253 jubemus
2953 2192 3013 2239 ut
3039 2198 3138 2255 per
3161 2185 3304 2240 hanc
3333 2195 3580 2242 nostram

1993 2279 2366 2334 auctoritatem
2395 2319 2411 2344 ,
2447 2293 2546 2347 per
2596 2278 2713 2333 loca
2761 2279 3008 2348 superius
3043 2279 3387 2334 denominata
3409 2320 3425 2346 ,
3470 2289 3578 2335 tam

1993 2371 2195 2424 nostris
2218 2384 2381 2439 quam
2403 2377 2464 2424 et
2485 2369 2682 2423 futuris
2712 2371 3068 2439 temporibus,
3098 2372 3388 2440 prmdictus
3417 2373 3584 2430 Gota-

1992 2457 2163 2513 fridus
2207 2458 2376 2512 abbas
2419 2457 2649 2528 ejusque
2708 2473 3054 2514 successores
3099 2459 3185 2514 vel
3235 2465 3581 2532 congregatio

1994 2551 2161 2621 ipsius
2207 2550 2381 2605 sancti
2423 2549 2526 2604 loci
2571 2549 3019 2619 praenominatam
3062 2558 3274 2619 partem
3321 2539 3470 2607 silvae
3511 2555 3579 2611 de

1991 2641 2307 2713 praescripta
2338 2639 2537 2695 forestc
2565 2647 2751 2694 nostra
2785 2640 2842 2694 in
2867 2647 3050 2694 nostra
3091 2639 3429 2712 eleemosyna
3451 2657 3581 2698 con-

1995 2749 2202 2789 cessam
2227 2733 2479 2796 habeant,
2515 2742 2677 2803 atque
2693 2732 2816 2803 jure
2840 2743 3098 2803 perpetuo
3118 2734 3174 2788 in
3188 2735 3389 2790 ditione
3413 2735 3582 2804 ipsius

1995 2826 2309 2882 monasterii
2350 2825 2656 2880 consistat:
2702 2824 2779 2882 ita
2828 2824 3095 2879 duntaxat
3122 2831 3182 2878 ut
3225 2840 3348 2880 cum
3377 2825 3582 2895 aliquid

1995 2920 2062 2975 de
2091 2920 2205 2988 ipsa
2251 2919 2335 2974 vel
2363 2919 2416 2972 in
2454 2919 2571 2989 ipsa
2603 2921 2672 2973 ob
2693 2917 2979 2973 utilitatem
3010 2925 3065 2972 et
3083 2915 3387 2988 profectum
3408 2918 3578 2989 ipsius

1997 3013 2313 3068 monasterii
2343 3011 2524 3070 facere
2545 3013 2846 3077 voluerint,
2874 3011 3043 3068 libero
3075 3013 3130 3066 in
3165 3013 3418 3068 omnibus
3465 3029 3584 3083 per-

1995 3101 2248 3157 fruantur
2273 3103 2498 3160 arbitrio
2519 3103 2772 3158 faciendi.
2823 3101 2890 3157 Et
2932 3111 2993 3156 ut
3016 3103 3130 3158 hac
3153 3111 3355 3159 nostra:
3389 3113 3578 3159 aucto-

1995 3191 2174 3248 ritatis
2197 3193 2415 3248 donatio
2441 3202 2600 3263 atque
2623 3193 2966 3248 conﬁrmatio
2994 3193 3202 3248 ﬁrmior
3220 3195 3500 3258 habeatur,
3527 3205 3583 3251 ct

1997 3293 2106 3340 tam
2139 3285 2340 3340 nostris
2368 3270 2531 3353 quam
2551 3298 2926 3340 successorum
2957 3294 3270 3342 nostrorum
3326 3287 3581 3356 tempori-

1994 3374 2096 3428 bus
2110 3373 2480 3430 inconvulsam
2504 3382 2668 3444 atque
2690 3373 3057 3430 inviolabilem
3093 3376 3334 3432 obtineat
3354 3376 3581 3432 ﬁrmita-

1997 3475 2123 3533 tem,
2157 3482 2323 3521 manu
2357 3466 2579 3536 propria
2627 3465 2814 3521 subter
2843 3481 2962 3521 eam
2993 3465 3349 3533 firmavimus,
3399 3477 3456 3523 et
3491 3483 3581 3522 an-

1994 3557 2104 3612 nuli
2128 3559 2298 3613 nostri
2318 3558 2669 3626 impressione
2695 3558 2892 3628 signari
2911 3557 3190 3626 jussimus.

2068 3646 2292 3717 Signum
2318 3646 2572 3702 Ludovici
2605 3647 2938 3702 serenissimi
2962 3648 3326 3717 imperatoris.

2067 3736 2447 3792 Hirminmaris
2480 3738 2740 3793 diaconus
2791 3738 2858 3794 ad
2879 3739 3054 3794 vicem
3104 3737 3378 3809 Fridugisi
3420 3752 3577 3794 reco-

1996 3825 2175 3894 gnovL

2068 3917 2202 3972 Data
2225 3917 2399 3989 pridie
2421 3917 2543 3974 ldus
2565 3916 2736 3983 Junii,
2765 3932 2926 3984 anno,
2951 3917 3170 3974 Christo
3194 3918 3448 3990 propitio,
3471 3918 3536 3974 i0
3551 3933 3576 3962 ι

1996 4012 2209 4081 imperii
2235 4012 2417 4067 domui
2438 4011 2694 4067 Ludovici
2722 4010 2952 4080 piissimi
2981 4010 3228 4082 Augusti,
3289 4010 3581 4068 indictione

1995 4105 2191 4174 prima.
2248 4104 2443 4160 Actum
2456 4103 2866 4160 Francouofurti
2886 4103 3086 4173 palatio
3115 4104 3264 4175 regio
3285 4104 3340 4159 in
3367 4105 3583 4159 Deono-

1997 4196 2143 4250 mine
2179 4195 2428 4252 feliciter.
2487 4195 2684 4252 Amen.

2643 4283 2925 4340 CXXXIV.

1919 4393 1974 4454 ι)
2001 4391 2328 4430 PRECEPTUI
2373 4391 2617 4432 LUDOVlCI
2665 4393 2734 4456 επ
2778 4391 3036 4431 ιοτιιηιι
3095 4390 3197 4432 PRO
3248 4389 3583 4432 IONASTERIO

2638 4462 2939 4501 PBUIIBNSI.

2623 4535 2794 4608 (Anno
2817 4535 2966 4605 826.)

2254 4626 2611 4698 [llontheim.,
2654 4626 2793 4680 Hist.
2832 4625 3005 4692 Trev.,
3031 4641 3153 4698 pag.
3185 4625 3333 4697 l75.]

2072 4707 2129 4762 in
2155 4710 2370 4765 nomine
2382 4709 2593 4764 Domini
2617 4719 2670 4764 et
2687 4709 2983 4765 Salvatoris
3003 4710 3175 4765 nostri
3197 4707 3324 4764 Jesu
3355 4707 3579 4771 Christi,

2002 4799 2303 4855 Ludovicus
2330 4810 2385 4856 et
2401 4801 2711 4867 Lotharius,
2757 4802 2936 4858 divina
2972 4802 3255 4856 ordinante
3292 4799 3580 4872 providen-

2001 4893 2098 4959 tia,
2130 4893 2484 4962 imperatores
2515 4893 2758 4964 Augusti.

2070 4983 2272 5039 Notum
2303 5000 2422 5040 esse
2459 4984 2701 5038 volumus
2727 4983 2936 5038 cunctis
2981 4981 3228 5038 ﬁdelibus
3256 4990 3456 5037 sancta:
3487 4980 3581 5034 Dei

1997 5077 2272 5144 Ecclesiae,
2316 5079 2611 5142 etnostris,
2644 5076 3002 5147 praesentibus
3044 5074 3250 5130 scilicet
3270 5083 3325 5128 et
3362 5071 3578 5135 futuris,

1999 5170 2124 5239 quia
2154 5171 2236 5224 vir
2259 5169 2580 5223 venerabilis
2609 5167 2922 5222 Tancradus
2945 5167 3112 5222 abbas
3129 5163 3462 5226 monasterii,
3491 5177 3580 5215 cu-

1993 5259 2083 5328 jus
2103 5260 2421 5314 vocabulum
2458 5266 2541 5312 est
2578 5257 2812 5322 Prumia,
2854 5255 2995 5325 quod
3030 5262 3112 5309 est
3135 5253 3369 5308 dicatum
3394 5252 3446 5304 in
3488 5251 3581 5303 ho-

2002 5366 2132 5406 nore
2185 5351 2396 5406 Domini
2435 5359 2490 5404 et
2521 5350 2817 5404 Salvatoris
2846 5347 3017 5403 nostri
3074 5345 3200 5401 Jesu
3249 5345 3480 5408 Christi,
3529 5351 3579 5398 et

2001 5450 2201 5497 sancta:
2239 5442 2418 5496 Maria:
2445 5457 2657 5511 semper
2686 5440 2936 5511 virginis,
2963 5439 3105 5508 quod
3131 5437 3257 5493 olim
3289 5437 3443 5492 bona:
3467 5450 3576 5488 me-

2003 5536 2189 5590 moriar.
2226 5552 2356 5590 avus
2381 5543 2565 5590 noster
2591 5534 2848 5604 Pippinus
2891 5533 3160 5603 quondam
3204 5544 3322 5596 rex,
3346 5537 3402 5586 et
3457 5527 3578 5582 avia
