3946 6174
467 290 603 347 ηδε)

1603 261 1928 334 ιλιῡονισι
1967 272 1989 329 1
2028 266 2504 328 COGNOMENTO
2540 265 2629 321 Pii

3525 269 3627 324 iiiili

462 418 649 467 nostra
677 405 934 462 Bertrada
985 405 1038 458 in
1072 402 1231 456 rebus
1257 397 1602 470 proprietatis
1631 411 1814 449 eorum
1841 410 1872 447 a
1923 392 2043 446 fun-

2161 396 2315 452 nant,
2349 395 2442 439 aut
2470 384 2607 439 ultas
2641 380 3046 443 redhibitiones,
3084 392 3172 436 aut
3209 382 3407 438 illicitas
3447 387 3633 443 euasio-

464 500 733 556 damentis
758 498 1198 556 construxerunt,
1238 491 1383 545 misit
1410 490 1567 543 nobis
1604 503 1704 558 per
1747 487 2046 541 monachos

463 609 593 652 suos
612 591 986 648 auctoritatem
1015 586 1217 641 domini
1246 583 1489 655 prmdicti
1529 581 1738 652 Pippini
1792 579 1953 651 regis,
1990 579 2044 632 in

463 701 569 757 qua
599 681 978 739 continebatur
1005 679 1291 740 inscrtum,
1341 674 1570 744 qualiter
1613 660 1754 728 idem
1784 673 2067 726 monaste—'

464 777 605 832 rium
634 789 741 831 non
768 773 941 829 solum
981 770 1145 826 rebus
1186 766 1574 838 multiplicibus
1600 766 1922 830 ditaverint,
1953 775 2047 817 ve‘

464 883 585 923 rum
616 868 780 921 etiam
831 872 886 919 et
931 862 1062 918 illud
1108 862 1208 917 sub
1250 876 1347 916 sua
1373 859 1620 923 tuitione,
1664 858 2049 927 haeredumque

465 972 710 1022 suorum,
758 969 945 1025 regum
982 951 1256 1015 videlicet,
1291 949 1689 1011 constituerint,
1717 962 1818 1002 nec
1844 962 1950 1001 non
1994 955 2051 1001 et

467 1049 849 1104 auctoritatem
870 1044 1073 1100 domini
1119 1053 1176 1098 et
1203 1042 1463 1113 genitoris
1494 1041 1665 1096 nostri
1682 1039 1865 1095 Caroli
1894 1041 2051 1094 bona:

467 1139 744 1196 memoria:
793 1134 1225 1208 praestantissimi
1274 1131 1641 1202 imperatoris,
1698 1130 1752 1185 in
1799 1145 1905 1199 qua
1934 1137 2053 1183 erat

468 1237 772 1293 exaratum,
805 1227 1037 1297 qualiter
1059 1222 1497 1279 constitutionem
1531 1221 1605 1291 pii
1626 1220 1807 1291 patris
1824 1220 1907 1274 sui
1931 1233 2057 1274 con-

468 1324 781 1377 ﬁrmaverat
810 1328 864 1375 et
891 1318 1269 1380 constituerat,
1320 1322 1383 1369 ut
1414 1314 1471 1368 in
1493 1312 1656 1378 villis,
1698 1311 1783 1365 vel
1806 1313 1861 1364 in
1891 1310 2059 1365 rebus

467 1413 708 1483 praedicti
736 1409 1045 1466 monasterii
1070 1406 1249 1463 nullus
1271 1405 1438 1477 iudex
1458 1403 1707 1474 publicus
1725 1399 2056 1471 absqueeius

466 1504 725 1575 iussione,
750 1504 835 1559 vel
862 1501 1139 1557 hzerednm
1169 1513 1410 1562 suorum,
1428 1497 1493 1551 ad
1517 1510 1710 1551 causas
1737 1495 2052 1559 audiendas,

472 1608 564 1652 aut
584 1595 736 1652 freda
756 1595 993 1664 undique
1011 1591 1296 1663 exigenda,
1351 1604 1455 1643 nec
1486 1587 1831 1657 ﬁdeiussores
1859 1586 2056 1641 tollen-

471 1690 590 1752 dos,
630 1703 731 1742 nec
767 1701 972 1750 scaras,
1007 1684 1090 1739 vel
1128 1682 1574 1747 mansionaticos,
1620 1695 1713 1736 seu
1758 1680 2052 1749 coniectos,

2145 493 2243 533 nes
2280 489 2553 546 quatere;
2604 473 2700 529 sed
2742 472 2903 529 liceat
2928 472 3214 527 rectoribus
3246 474 3467 543 praedicti
3494 491 3636 537 tum

2145 570 2294 627 sterii
2315 584 2442 624 cum
2463 569 2715 624 omnibus
2741 567 2904 621 rebus
2926 574 2980 621 et
3014 566 3284 636 mancipiis
3315 568 3540 637 praedicto
3557 586 3638 628 mo-

2144 662 2384 717 nasterio
2413 659 2537 730 iure
2564 659 2834 730 possessis
2858 659 3041 727 quieto
3061 658 3242 712 ordine
3273 660 3437 713 vivere
3453 675 3509 716 ac
3536 664 3638 719 resi-

2146 753 2294 817 dere,
2332 750 2788 822 quemadmodum
2843 748 2901 802 iu
2930 748 3166 818 prmdicti
3203 747 3394 818 Pippini
3436 750 3571 820 regis,
3599 762 3640 808 et

2147 844 2351 901 domini
2380 852 2542 913 atque
2568 843 2830 914 genitoris
2856 841 3026 896 nostri
3042 842 3365 906 auctoritate,
3398 842 3473 897 vel
3495 844 3540 897 in
3565 845 3641 900 hac

2147 945 2334 992 nostra
2357 937 2688 999 continetur,
2716 942 2903 990 nostro
2915 949 3377 1005 successorumque
3396 946 3638 992 nostrorum

2151 1028 2381 1084 ﬁdeliter
2409 1043 2602 1099 parere
2652 1028 2923 1097 imperio;
2967 1026 3196 1096 qualiter
3232 1027 3460 1082 monachi
3496 1028 3641 1097 ibiper

2152 1119 2526 1175 smeessioncs
2554 1119 2812 1188 degentes
2832 1118 2994 1173 liceat
3021 1118 3201 1187 quiete
3241 1118 3407 1171 vivere
3425 1126 3471 1171 et
3492 1118 3641 1173 miseri-

2153 1214 2394 1268 cordiam
2443 1212 2654 1267 Domini
2682 1226 2782 1281 pro
2810 1211 2966 1266 nobis
2985 1210 3237 1281 proieque
3262 1220 3427 1265 nostra
3452 1212 3643 1267 attentius

2153 1317 2401 1358 exorare.
2464 1301 2735 1373 Quidquid
2785 1303 2951 1356 etiam
2981 1301 3049 1357 de
3084 1301 3244 1357 rebus
3274 1301 3485 1370 praedicti
3508 1316 3643 1358 moss-

2155 1394 2305 1450 sterii
2326 1391 2419 1462 ius
2444 1393 2558 1448 ﬁsci
2584 1393 2803 1466 exigere
2828 1400 3064 1463 poterat,
3095 1401 3262 1448 totum
3289 1409 3487 1462 nospro
3501 1402 3645 1449 autem

2156 1484 2594 1539 remuneratione
2619 1485 2676 1537 in
2703 1482 3063 1538 lumineribus
3079 1481 3312 1553 praedicti
3339 1483 3593 1538 monasterii
3610 1491 3646 1538 et

2158 1574 2217 1628 in
2241 1573 2495 1628 alimonia
2543 1588 2867 1644 pauperum,
2908 1574 2998 1629 vel
3029 1574 3449 1629 sustentationem
3468 1575 3647 1644 peregri-

2159 1678 2353 1718 norum
2398 1664 2454 1719 in
2510 1671 2713 1719 nostra-
2740 1664 3086 1736 eleemosyna
3116 1664 3357 1735 perennis
3395 1658 3647 1732 temporibus

473 1739 590 1832 tam
617 1778 683 1832 de
707 1776 939 1846 carrigio
960 1739 1248 1844 Iquamque
1277 1773 1343 1828 de
1379 1772 1681 1843 parafredis
1705 1739 1923 1843 exigere
1964 1779 2054 1826 aut
2087 1739 2134 1796 Β
2161 1754 2531 1846 ωπθάίιιὶιιξο
2749 1769 2883 1809 vero
2921 1754 3220 1846 δυειοιέὶωε
3246 1754 3488 1846 “adlatis

473 1875 727 1922 csactare
762 1872 1152 1936 praesumeret:
1195 1864 1291 1918 sed
1327 1864 1587 1934 quidquid
1633 1863 1831 1918 exinde
1859 1863 1927 1918 de
1952 1863 2058 1917 'bo-

472 1959 706 2015 minibus
732 1958 932 2013 francis
956 1971 981 1998 ι
1018 1968 1287 2027 quamque
1317 1965 1371 2011 et
1392 1956 1792 2022 ecclesiasticis,
1824 1970 1917 2012 seu
1945 1972 2058 2013 ser-

471 2050 761 2113 vientibus,
796 2049 888 2119 qui
904 2047 1045 2103 infra
1076 2061 1253 2118 agros,
1269 2047 1354 2101 vel
1376 2047 1532 2111 ﬁnes,
1556 2062 1649 2102 seu
1676 2060 1840 2118 super
1854 2055 2055 2103 terram

471 2140 714 2213 prmdicti
745 2138 1063 2195 monasterii
1094 2138 1288 2209 degere
1308 2137 1581 2203 videntur,
1608 2138 1769 2194 ﬁscus
1788 2144 1884 2194 aut
1907 2138 2057 2195 {reda

472 2240 686 2303 poterat
713 2244 954 2301 sperare,
987 2244 1053 2285 ex
1085 2229 1201 2300 eius
1237 2229 1566 2300 induigcntia
1601 2229 1655 2284 in
1703 2228 2061 2287 iuminaribus

471 2323 715 2396 praadicti
747 2322 1062 2377 monasterii
1089 2322 1365 2377 cederent.
1429 2320 1728 2377 Pracdictus
1755 2323 1921 2377 etiam
1973 2323 2065 2378 ab-

473 2419 571 2472 bas
595 2416 915 2486 deprecatus
941 2422 1042 2480 est,
1074 2422 1261 2468 utnon
1295 2413 1466 2469 solum
1507 2408 1678 2468 avi'et
1711 2422 1949 2485 paternae
1970 2428 2063 2470 au-

473 2507 816 2563 ctoritatibus
844 2504 1119 2561 ﬁrmitatis
1146 2504 1375 2576 gratiam
1407 2512 1648 2560 nostram
1676 2506 2063 2577 superaddere-

474 2615 596 2654 mus
623 2596 1025 2662 auctoritatem,
1047 2604 1102 2652 et
1122 2597 1301 2668 ipsum
1340 2598 1728 2653 monasterium
1749 2614 1870 2653 cum
1899 2601 2062 2655 rebus

475 2699 530 2745 ct
552 2688 883 2754 hominibus,
911 2702 1032 2758 quae
1064 2689 1314 2757 prresenti
1342 2695 1589 2758 tempore
1635 2688 1689 2742 in
1734 2689 2074 2760 quibuslibet

473 2780 629 2852 pagis
649 2786 704 2835 et
731 2779 1041 2845 territoriis,
1067 2786 1176 2833 tam
1210 2792 1308 2850 per
1335 2780 1681 2835 traditionem
1704 2782 1947 2850 praedicti
1970 2781 2064 2838 do-

476 2872 608 2925 mini
629 2869 840 2940 Pippini
868 2871 1032 2941 regis,
1072 2884 1170 2926 ceu
1202 2879 1255 2924 ct
1280 2871 1539 2940 genitoris
1564 2872 1757 2936 nostri,
1797 2871 1879 2927 vel
1906 2888 1971 2928 ex
2000 2872 2061 2928 ii-

476 2961 763 3016 heraiitate
789 2960 1084 3015 liberorum
1106 2960 1409 3026 hominum,
1430 2966 1435 2967 ’
1456 2971 1568 3016 tam
1596 2977 1695 3033 per
1720 2963 2058 3030 traditiones,

478 3051 945 3116 commutationes,
978 3049 1336 3116 venditiones,
1368 3060 1462 3105 aut
1496 3066 1563 3107 ex
1589 3052 1957 3124 qualicunque
1988 3055 2064 3109 le-
2091 3091 2135 3154 C

422 3175 436 3185 .
478 3140 583 3211 gali
631 3140 823 3195 ordine
850 3139 1105 3210 praesenti
1158 3148 1399 3210 tempore
1438 3143 1753 3212 praedictum
1786 3153 1936 3202 tenet
1978 3146 2063 3202 vel

476 3231 718 3315 possidet
745 3230 1153 3295 monasterium,
1168 3231 1255 3286 vei
1276 3247 1396 3303 quas
1410 3234 1664 3306 deinceps
1686 3235 1739 3291 in
1760 3236 2067 3309 iureipsius

479 3320 653 3377 sancti
700 3320 807 3375 loci
835 3320 1017 3375 divina
1030 3320 1210 3390 pietas
1234 3322 1421 3393 augeri
1457 3324 1705 3390 voluerit,
1760 3325 1861 3381 sub
1882 3336 2067 3383 nostra

480 3412 707 3467 mitione
720 3419 880 3479 atque
896 3410 1251 3467 immnnitatis
1264 3413 1577 3471 defensione
1588 3401 2062 3473 constituet-emus.

478 3499 644 3570 Cujus
685 3501 936 3571 precibus
974 3514 1162 3558 aurem
1199 3504 1519 3574 placabilem
1557 3510 2061 3566 accommodamus:

478 3595 579 3649 hos
606 3600 821 3648 nostros
849 3592 1156 3664 imperiales
1181 3597 1362 3666 apices
1382 3595 1498 3652 ﬁeri
1517 3598 1799 3669 iussimus,
1819 3612 1919 3671 per
1931 3616 2069 3673 quos

479 3684 840 3749 decernimus,
878 3694 1039 3755 atque
1061 3684 1333 3757 iubemus,
1368 3696 1429 3743 ut
1452 3688 1713 3759 quidquid
1749 3699 1858 3748 tam
1885 3706 1951 3747 ex
1973 3693 2069 3748 do-

478 3775 699 3830 natione
721 3789 932 3846 regum,
963 3776 1057 3831 vei
1070 3778 1363 3834 traditione
1376 3779 1669 3835 liberorum
1700 3782 1977 3837 hominum
2001 3784 2068 3840 ad

479 3866 620 3921 idem
663 3867 1056 3923 monasterium
1094 3868 1302 3940 legibus
1332 3868 1459 3939 jure
1497 3872 1827 3927 cumulatum
1861 3882 1972 3938 est,
2013 3883 2069 3929 et

478 3959 732 4027 praesenti
752 3965 1000 4029 tempore
1051 3958 1299 4032 legaliter
1319 3971 1465 4017 tenet
1497 3963 1581 4017 vel
1615 3964 1854 4032 possidet
1884 3980 2069 4021 mena-

478 4049 724 4113 stcrium,
742 4048 830 4102 vel
852 4064 915 4103 ea
937 4064 1060 4119 qua:
1099 4051 1168 4105 ab
1195 4051 1324 4106 hinc
1348 4052 1403 4105 in
1429 4050 1669 4107 futurum
1699 4054 1895 4108 ibidem
1920 4053 2070 4123 iuste

476 4145 532 4191 et
556 4136 801 4207 legaliter
840 4140 1099 4194 traditum
1121 4139 1304 4203 fuerit,
1340 4143 1595 4210 perennis
1622 4145 1957 4214 temporibus
1983 4162 2070 4202 re-

477 4237 658 4281 ctores
683 4228 923 4296 przedicti
951 4229 1287 4296 monasterii,
1304 4232 1511 4302 absque
1534 4233 1696 4290 ollius
1717 4235 1916 4305 iniusta
1945 4251 2070 4294 oon-

478 4316 782 4379 traﬁetate,
835 4326 1056 4373 teneant
1107 4330 1162 4375 et
1190 4323 1520 4391 possideant.
1576 4326 1801 4400 Insuper
1826 4335 2067 4405 praecipi-

2159 1853 2222 1899 ut
2242 1858 2342 1914 per
2367 1844 2638 1900 curricula
2662 1860 2931 1906 annorum
2958 1845 3321 1903 inviolabilem
3363 1835 3564 1901 obtineat
3583 1843 3650 1898 ﬁr-

2159 1935 2427 2000 mitatem,
2447 1936 2614 1990 etiam
2641 1935 2891 2000 manibus
2912 1936 3155 2006 propriis
3177 1936 3353 1991 subter
3378 1934 3649 1996 armarium.

2159 2034 2216 2081 et
2242 2026 2431 2082 annuli
2466 2027 2639 2082 nostri
2658 2027 3031 2098 impressione
3046 2026 3245 2097 signari
3264 2024 3513 2095 iussimus.

2231 2117 2456 2189 Signum
2478 2118 2733 2175 Ludovici
2757 2119 3109 2188 imperatoris
3128 2117 3189 2189 τ.
3251 2117 3453 2189 Signum
3466 2115 3651 2172 Lothuii

2160 2206 2535 2278 gloriosissimi
2599 2208 2949 2279 imperatoris
2985 2208 3053 2279 τ.
3130 2209 3161 2250 δ
3214 2208 3418 2279 Signum
3465 2204 3654 2261 “dorici

2160 2301 2323 2373 regis.
2392 2300 2812 2373 Megmgmarius
2848 2301 3107 2357 notarius
3155 2301 3224 2357 ad
3261 2302 3418 2356 vicem
3457 2297 3655 2366 Fridugiti

2162 2406 2344 2462 recog.

2232 2485 2367 2539 Data
2389 2485 2624 2555 septimo
2637 2485 2859 2541 Kalend.
2880 2485 3044 2541 Febr.
3058 2526 3073 2552 ,
3098 2500 3254 2552 anno,
3269 2480 3656 2554 Christum

2166 2578 2234 2633 15
2266 2579 2476 2648 imperii
2512 2579 2714 2634 domini
2743 2578 3036 2644 Ludovici,
3083 2588 3145 2634 et
3166 2579 3391 2634 Lotbarii
3413 2575 3459 2639 ι,
3489 2572 3659 2629 seretur

2163 2671 2287 2724 sim.
2326 2668 2584 2740 August.,
2617 2669 2802 2725 indict.
2827 2671 2918 2725 iV.
2958 2670 3163 2727 Actum
3194 2668 3486 2741 Aqu'ngt‘lai
3514 2662 3660 2737 μηδ

2163 2761 2350 2831 regio:
2384 2760 2438 2815 in
2469 2761 2562 2817 Dei
2586 2763 2804 2817 nomine
2828 2761 3087 2817 feliciter.
3138 2764 3323 2818 Amen.

2823 2872 3093 2927 CXXXV.

2520 2980 2620 3020 ινιιο
2662 2981 2999 3037 iiONASTBRIO
3038 2982 3091 3021 8.
3132 2980 3395 3021 ΙΙᾹΧΕΝΤΙΙ.

2532 3064 2535 3069 ’
2782 3055 2957 3128 (Arma

2170 3144 2349 3218 [Apud
2387 3144 2450 3201 Ι).
2468 3147 2785 3221 ‘Bouquet._,
2814 3157 2946 3203 tom.
2978 3148 3075 3214 tv,
3104 3166 3159 3221 ι).
3187 3149 3306 3221 sse,
3329 3162 3389 3204 ex
3411 3144 3652 3203 chartulam

2681 3218 2843 3287 hujus
2879 3218 3254 3293 monasterii]
3302 3250 3305 3251 ν

2239 3327 2297 3381 ln
2341 3329 2562 3385 nomine
2605 3329 2843 3384 Domini‘
2869 3330 2964 3385 Dei
2996 3339 3059 3386 et
3094 3330 3382 3387 Salvatoris
3413 3328 3549 3385 nostri
3570 3323 3657 3379 iesu

2167 3417 2373 3474 Christi
2399 3461 2414 3486 ,
2462 3419 2769 3477 Ludovicus
2802 3430 2857 3476 et
2902 3422 3223 3491 Lotharius,
3252 3423 3416 3478 divina
3452 3420 3660 3477 ordinante

2169 3508 2532 3581 providentia,
2550 3511 2909 3582 imperatores
2936 3512 3192 3584 Augusti.

2240 3600 2421 3655 Multis
2454 3601 2723 3672 siquidem
2752 3604 2807 3659 in
2834 3605 3065 3673 imperio
3089 3606 3314 3661 Domino
3333 3601 3569 3675 opitulante
3592 3610 3660 3651 no-

2168 3697 2284 3746 stro
2303 3692 2586 3762 cognitum
2614 3706 2738 3748 esse
2776 3707 2887 3749 non
2927 3692 3293 3767 ambigimus,
3328 3685 3661 3766 qualiterquod

2170 3781 2293 3836 dam
2341 3783 2729 3838 monasterium
2773 3785 2916 3854 quod
2958 3785 3167 3841 dicitur
3193 3787 3251 3842 S.
3283 3782 3520 3845 Maxentii,
3544 3777 3659 3832 situm

2170 3873 2226 3928 in
2252 3873 2536 3931 territorio
2566 3874 2923 3944 Pictaviensi,
2964 3879 3059 3933 ubi
3091 3876 3149 3934 S.
3178 3878 3507 3950 Leodegarius
3529 3882 3661 3939 corpo-

2169 3978 2230 4017 re
2258 3964 2575 4034 requiescit,
2605 3981 2729 4021 cum
2751 3969 3004 4024 omnibus
3034 3971 3203 4027 rebus
3231 3971 3328 4025 sibi
3357 3968 3489 4038 iuste
3507 3972 3661 4030 compe—

2171 4058 2406 4112 tentibus
2433 4099 2447 4122 ,
2493 4073 2591 4128 per
2633 4059 2957 4114 beneﬁcium
2991 4075 3190 4132 regum
3225 4070 3576 4117 antecessorum
3598 4066 3661 4105 ηοι

2168 4155 2405 4202 stt-orum
2453 4149 2509 4203 in
2536 4156 2806 4218 potestate
2830 4153 3096 4208 comitum
3140 4152 3435 4224 aliquandiu
3474 4144 3659 4204 consqu

2170 4247 2281 4292 tum
2312 4255 2451 4306 esse,
2497 4249 2552 4294 et
2593 4255 2693 4296 nos
2736 4250 2924 4296 nostro
2968 4252 3217 4315 tempore
3256 4242 3519 4312 inspirante
3535 4235 3660 4289 divini

2169 4329 2546 4385 misericordia
2583 4331 2726 4386 idem
2762 4335 3155 4389 monasterium
3180 4378 3193 4403 ,
3219 4351 3337 4391 cum
3366 4331 3559 4402 quadam
3578 4338 3662 4395 μοι·

479 4416 623 4469 mus,
644 4416 811 4501 atque
830 4422 930 4479 per
946 4410 1088 4467 hanc
1113 4421 1358 4481 nostram
1371 4418 1749 4473 auctoritatem
1765 4424 2061 4493 sancimus,
2087 4441 2142 4501 Β
2168 4420 2314 4476 tione
2335 4435 2517 4476 rerum
2541 4422 2608 4476 ad
2632 4437 2689 4477 se
2711 4424 3126 4493 pertinentium,
3153 4428 3221 4481 ad
3244 4434 3429 4481 statum
3448 4420 3661 4495 pristinum

478 4509 539 4554 ut
566 4499 748 4555 nullus
777 4498 945 4570 iudex
983 4502 1248 4572 publicus,
1304 4507 1387 4561 vel
1417 4507 1673 4578 quislibet
1695 4526 1759 4567 ex
1782 4512 2069 4584 iudiciaria
2092 4498 2123 4501 ν
2169 4524 2487 4579 revocasse,
2537 4521 2592 4569 et
2639 4514 2890 4570 abbatem
2923 4516 3232 4588 regularem
3258 4513 3579 4573 constituisse.
3602 4503 3659 4573 ίιυί

476 4597 744 4662 potestate
766 4591 821 4647 in
835 4592 1113 4661 ecclesias,
1138 4604 1230 4650 aut
1250 4596 1385 4663 loca,
1404 4599 1486 4653 vel
1516 4615 1694 4671 agros,
1713 4618 1805 4658 seu
1835 4605 2072 4676 reliquas

478 4681 850 4751 possessiones
872 4685 1113 4753 prmdicti
1130 4689 1442 4743 monasterii
1466 4690 1533 4746 ad
1562 4707 1756 4748 causas
1781 4692 2070 4762 iudiciario

479 4789 632 4830 more
660 4773 978 4841 audiendas,
1016 4774 1101 4830 vel
1128 4778 1269 4833 sicut
1294 4780 1347 4833 in
1373 4791 1643 4853 princepto
1678 4784 1881 4842 domini
1909 4797 1965 4843 et
1983 4805 2070 4860 ge-

479 4864 671 4920 nitoris
693 4865 862 4920 nostri
892 4869 1149 4933 continet,
1181 4869 1447 4939 vell'reda,
1480 4883 1573 4927 aut
1597 4873 1940 4947 ﬁdeiussores
1967 4878 2067 4935 toi-

477 4956 684 5023 lendos,
716 4966 808 5013 aut
836 4974 1040 5023 scarus,
1062 4961 1146 5015 vel
1177 4963 1620 5031 mansionaticos,
1644 4981 1739 5021 seu
1767 4970 2061 5042 coniectos,

480 5055 590 5101 tam
620 5046 687 5103 de
715 5047 967 5119 carrigio,
1015 5064 1174 5118 quam
1205 5051 1270 5106 dc
1313 5053 1614 5123 parafrcdis
1650 5057 1947 5128 exigendis,
1975 5071 2067 5117 aut

478 5135 726 5192 homines
754 5136 924 5207 ipsius
951 5140 1263 5195 monasterii
1295 5148 1405 5195 tam
1425 5143 1662 5212 truncos,
1706 5163 1869 5217 quam
1894 5151 2067 5207 eccle-

479 5227 748 5294 siasticos,
782 5228 864 5284 vel
898 5229 1214 5296 servientes,
1271 5232 1362 5303 qui
1392 5231 1530 5289 intra
1561 5250 1737 5307 agros,
1785 5239 1870 5294 vel
1908 5241 2063 5313 ﬁnes,

479 5337 575 5376 seu
601 5337 762 5391 super
790 5332 993 5378 terram
1034 5324 1280 5395 praedicti
1310 5329 1624 5382 monasterii
1656 5339 1897 5399 manent,
1925 5333 2063 5390 ban-

482 5430 611 5469 num
641 5424 731 5469 aut
757 5415 1130 5471 liercbannum
1157 5418 1396 5489 exigere,
1442 5422 1536 5474 aut
1568 5428 1825 5478 exactore
1861 5439 2067 5495 prrcsu-

554 5562 582 5624 ει
618 5550 698 5624 ρῳ
728 5554 1022 5610 hominibus
1051 5534 1272 5624 fruticis.
1311 5554 1426 5612 Hoc
1449 5564 1535 5612 est
1561 5555 1718 5612 laicis
1742 5556 1949 5613 liberis.

553 5617 585 5657 δ
626 5618 846 5697 Signum
882 5617 1131 5697 Ludgouici
1151 5628 1305 5696 regis.
1367 5626 1584 5682 Scilicet
1626 5625 1887 5693 Bavariat,
1940 5643 2061 5697 quas

487 5698 734 5758 magnam
757 5689 1057 5747 Germania:
1085 5689 1289 5763 partem
1318 5698 1419 5751 sub
1459 5713 1517 5751 se
1552 5689 2057 5767 comprehendebat.

2166 4606 2461 4662 secundum
2502 4607 2738 4678 regulam
2767 4611 2940 4665 sancti
2971 4611 3249 4667 Benedicti
3286 4612 3441 4669 vitam
3468 4598 3660 4663 monasti-

2167 4714 2287 4753 cam
2329 4698 2590 4771 degeret,
2635 4710 2692 4755 et
2736 4701 2836 4755 sub
2884 4702 3085 4757 nullius
3127 4711 3389 4773 potestate
3413 4708 3494 4754 aut
3519 4692 3661 4750 ditiozte

2166 4788 2490 4845 consisteret
2516 4831 2530 4856 ,
2580 4790 2682 4845 nisi
2710 4793 2809 4846 sub
2838 4804 3022 4847 nostra
3050 4793 3385 4863 ﬁliorumque
3408 4793 3661 4845 nostrorum-

2169 4884 2277 4940 Sed
2292 4885 2420 4955 quia
2441 4885 2748 4954 portionem
2768 4902 2950 4942 rerum
2974 4887 3217 4957 praedicti
3234 4881 3540 4943 monasterii.
3551 4885 3662 4946 (1⁸³³³

2167 4979 2344 5053 adhuc
2369 4987 2582 5035 constat
2610 4995 2732 5035 esse
2758 4980 2812 5037 in
2834 4981 3180 5049 beneﬁcium,
3203 4982 3447 5054 pmdicto
3463 4981 3664 5035 monaste-

2168 5071 2251 5125 rio
2270 5079 2501 5141 propter
2535 5072 2824 5143 quamdam
2876 5073 3163 5129 utilitatem
3206 5074 3318 5131 sive
3364 5068 3665 5127 necessitatem

2165 5160 2319 5233 regni
2349 5160 2520 5215 nostri
2551 5201 2565 5227 ,
2616 5176 2736 5230 qua:
2761 5160 2922 5235 modo
2950 5163 3229 5230 imminet,
3261 5161 3470 5217 reddere
3491 5165 3666 5228 pratici?

2169 5252 2349 5331 taliter
2377 5254 2685 5322 nequimus,
2714 5252 2836 5309 ideo
2856 5269 2980 5309 eum
3009 5253 3109 5327 [id]
3132 5270 3256 5310 cum
3279 5251 3509 5325 portione
3532 5254 3663 5299 rerum

2167 5360 2305 5417 quas
2332 5361 2476 5401 nunc
2516 5345 2760 5416 possidet
2789 5345 2858 5402 ab
2902 5347 3151 5402 omnibus
3197 5342 3511 5401 saecularium
3537 5344 3666 5411 eiii“

2166 5436 2431 5495 blicarum
2459 5452 2637 5492 rerum
2670 5437 3125 5529 impeditiqnibus,
3162 5438 3218 5493 id
3243 5445 3326 5491 est
3347 5434 3411 5491 ab
3434 5422 3667 5500 expediti?

2316 5568 2535 5693 lSonam,
2602 5569 2764 5643 Corp.
2816 5570 3181 5637 Hist.Germ.,
3223 5568 3510 5631 Perioduv.
3557 5558 3664 5614 θαι
