  <div class='ocr_page' id='page_1' title='image "/cluster/home/n/w/nwhite01/storage/ocr_20150623/104/hvd.32044052819794/586.png"; bbox 0 0 3996 6178; ppageno 0'>
   <div class='ocr_carea' id='block_1_1' title="bbox 298 345 419 401">
    <p class='ocr_par' dir='ltr' id='par_1_1' title="bbox 298 345 419 401">
     <span class='ocr_line' id='line_1_1' title="bbox 298 345 419 401; baseline -0.008 0"><span class='ocrx_word' id='word_1_1' title='bbox 298 345 419 401; x_wconf 76' lang='lat' dir='ltr'><strong>Ilﬁl</strong></span> 
     </span>
    </p>
   </div>
   <div class='ocr_carea' id='block_1_2' title="bbox 1423 318 2408 386">
    <p class='ocr_par' dir='ltr' id='par_1_2' title="bbox 1423 318 2408 386">
     <span class='ocr_line' id='line_1_2' title="bbox 1423 318 2408 386; baseline -0.013 0"><span class='ocrx_word' id='word_1_2' title='bbox 1423 323 1817 386; x_wconf 72' lang='lat' dir='ltr'><strong>DII’I.OMATA</strong></span> <span class='ocrx_word' id='word_1_3' title='bbox 1858 318 2408 377; x_wconf 75' lang='lat' dir='ltr'><strong>ECCLESIASTICA.</strong></span> 
     </span>
    </p>
   </div>
   <div class='ocr_carea' id='block_1_3' title="bbox 3409 317 3544 374">
    <p class='ocr_par' dir='ltr' id='par_1_3' title="bbox 3409 317 3544 374">
     <span class='ocr_line' id='line_1_3' title="bbox 3409 317 3544 374; baseline -0.015 -1"><span class='ocrx_word' id='word_1_4' title='bbox 3409 317 3544 374; x_wconf 68' lang='lat'><strong>“6‘2</strong></span> 
     </span>
    </p>
   </div>
   <div class='ocr_carea' id='block_1_4' title="bbox 299 434 3547 515">
    <p class='ocr_par' dir='ltr' id='par_1_4' title="bbox 299 434 3547 515">
     <span class='ocr_line' id='line_1_4' title="bbox 299 434 3547 515; baseline -0.006 -4"><span class='ocrx_word' id='word_1_5' title='bbox 299 471 358 511; x_wconf 88' lang='lat' dir='ltr'><strong>ne</strong></span> <span class='ocrx_word' id='word_1_6' title='bbox 383 448 660 509; x_wconf 80' lang='lat' dir='ltr'><strong>exercitali</strong></span> <span class='ocrx_word' id='word_1_7' title='bbox 686 455 740 503; x_wconf 92' lang='lat' dir='ltr'><strong>et</strong></span> <span class='ocrx_word' id='word_1_8' title='bbox 768 447 962 501; x_wconf 87' lang='lat' dir='ltr'><strong>bannis</strong></span> <span class='ocrx_word' id='word_1_9' title='bbox 1000 452 1162 515; x_wconf 89' lang='lat' dir='ltr'><strong>atque</strong></span> <span class='ocrx_word' id='word_1_10' title='bbox 1186 443 1502 500; x_wconf 83' lang='lat' dir='ltr'><strong>heribannis</strong></span> <span class='ocrx_word' id='word_1_11' title='bbox 1534 450 1589 496; x_wconf 87' lang='lat' dir='ltr'><strong>et</strong></span> <span class='ocrx_word' id='word_1_12' title='bbox 1611 437 1866 510; x_wconf 77' lang='lat' dir='ltr'><strong>operibus</strong></span> <span class='ocrx_word' id='word_1_13' title='bbox 1894 440 1946 499; x_wconf 83' lang='grc' dir='ltr'>Α</span> <span class='ocrx_word' id='word_1_14' title='bbox 1969 442 2053 491; x_wconf 90' lang='lat' dir='ltr'><strong>est</strong></span> <span class='ocrx_word' id='word_1_15' title='bbox 2103 434 2310 490; x_wconf 92' lang='lat' dir='ltr'><strong>Tumba</strong></span> <span class='ocrx_word' id='word_1_16' title='bbox 2352 434 2631 490; x_wconf 80' lang='lat' dir='ltr'><strong>Rodiliana</strong></span> <span class='ocrx_word' id='word_1_17' title='bbox 2659 478 2673 501; x_wconf 90' lang='lat'><strong>,</strong></span> <span class='ocrx_word' id='word_1_18' title='bbox 2733 437 2908 493; x_wconf 85' lang='lat' dir='ltr'><strong>casale</strong></span> <span class='ocrx_word' id='word_1_19' title='bbox 2957 441 3173 495; x_wconf 81' lang='lat' dir='ltr'><strong>Restani</strong></span> <span class='ocrx_word' id='word_1_20' title='bbox 3196 484 3211 508; x_wconf 94' lang='lat'><strong>,</strong></span> <span class='ocrx_word' id='word_1_21' title='bbox 3262 452 3319 499; x_wconf 85' lang='lat' dir='ltr'><strong>et</strong></span> <span class='ocrx_word' id='word_1_22' title='bbox 3362 448 3547 502; x_wconf 69' lang='lat' dir='ltr'><strong>casale</strong></span> 
     </span>
    </p>
   </div>
   <div class='ocr_carea' id='block_1_5' title="bbox 298 535 1869 616">
    <p class='ocr_par' dir='ltr' id='par_1_5' title="bbox 298 535 1869 616">
     <span class='ocr_line' id='line_1_5' title="bbox 298 535 1869 616; baseline -0.009 -17"><span class='ocrx_word' id='word_1_23' title='bbox 298 543 522 616; x_wconf 88' lang='lat' dir='ltr'><strong>publicis</strong></span> <span class='ocrx_word' id='word_1_24' title='bbox 579 542 693 596; x_wconf 92' lang='lat' dir='ltr'><strong>sive</strong></span> <span class='ocrx_word' id='word_1_25' title='bbox 741 539 950 611; x_wconf 88' lang='lat' dir='ltr'><strong>paratis</strong></span> <span class='ocrx_word' id='word_1_26' title='bbox 1003 536 1308 593; x_wconf 88' lang='lat' dir='ltr'><strong>absolutum</strong></span> <span class='ocrx_word' id='word_1_27' title='bbox 1357 545 1413 591; x_wconf 89' lang='lat' dir='ltr'><strong>et</strong></span> <span class='ocrx_word' id='word_1_28' title='bbox 1462 535 1707 605; x_wconf 89' lang='lat' dir='ltr'><strong>quietum</strong></span> <span class='ocrx_word' id='word_1_29' title='bbox 1749 544 1869 586; x_wconf 87' lang='lat' dir='ltr'><strong>esse</strong></span> 
     </span>
    </p>
   </div>
   <div class='ocr_carea' id='block_1_6' title="bbox 297 626 1869 701">
    <p class='ocr_par' dir='ltr' id='par_1_6' title="bbox 297 626 1869 701">
     <span class='ocr_line' id='line_1_6' title="bbox 297 626 1869 701; baseline -0.01 -13"><span class='ocrx_word' id='word_1_30' title='bbox 297 630 614 688; x_wconf 84' lang='lat' dir='ltr'><strong>omnimodis</strong></span> <span class='ocrx_word' id='word_1_31' title='bbox 672 628 1050 701; x_wconf 72' lang='lat' dir='ltr'><strong>pmipimus;</strong></span> <span class='ocrx_word' id='word_1_32' title='bbox 1116 628 1183 682; x_wconf 89' lang='lat' dir='ltr'><strong>de</strong></span> <span class='ocrx_word' id='word_1_33' title='bbox 1238 626 1487 698; x_wconf 89' lang='lat' dir='ltr'><strong>portione</strong></span> <span class='ocrx_word' id='word_1_34' title='bbox 1520 639 1654 679; x_wconf 86' lang='lat' dir='ltr'><strong>vero</strong></span> <span class='ocrx_word' id='word_1_35' title='bbox 1687 635 1869 676; x_wconf 90' lang='lat' dir='ltr'><strong>rerum</strong></span> 
     </span>
    </p>
   </div>
   <div class='ocr_carea' id='block_1_7' title="bbox 299 709 1872 795">
    <p class='ocr_par' dir='ltr' id='par_1_7' title="bbox 299 709 1872 795">
     <span class='ocr_line' id='line_1_7' title="bbox 299 709 1872 795; baseline -0.009 -18"><span class='ocrx_word' id='word_1_36' title='bbox 299 721 538 795; x_wconf 68' lang='lat' dir='ltr'><strong>praedicti</strong></span> <span class='ocrx_word' id='word_1_37' title='bbox 570 718 908 783; x_wconf 71' lang='lat' dir='ltr'><strong>monasterii,</strong></span> <span class='ocrx_word' id='word_1_38' title='bbox 936 732 1076 787; x_wconf 88' lang='lat' dir='ltr'><strong>quas</strong></span> <span class='ocrx_word' id='word_1_39' title='bbox 1103 717 1309 781; x_wconf 88' lang='lat' dir='ltr'><strong>adhuc,</strong></span> <span class='ocrx_word' id='word_1_40' title='bbox 1336 715 1480 769; x_wconf 93' lang='lat' dir='ltr'><strong>sicut</strong></span> <span class='ocrx_word' id='word_1_41' title='bbox 1506 712 1757 783; x_wconf 87' lang='lat' dir='ltr'><strong>superius</strong></span> <span class='ocrx_word' id='word_1_42' title='bbox 1790 709 1872 764; x_wconf 90' lang='lat' dir='ltr'><strong>di-</strong></span> 
     </span>
    </p>
   </div>
   <div class='ocr_carea' id='block_1_8' title="bbox 299 801 1873 880">
    <p class='ocr_par' dir='ltr' id='par_1_8' title="bbox 299 801 1873 880">
     <span class='ocr_line' id='line_1_8' title="bbox 299 801 1873 880; baseline -0.008 -12"><span class='ocrx_word' id='word_1_43' title='bbox 299 822 441 869; x_wconf 91' lang='lat' dir='ltr'><strong>ctum</strong></span> <span class='ocrx_word' id='word_1_44' title='bbox 470 818 574 876; x_wconf 89' lang='lat' dir='ltr'><strong>est,</strong></span> <span class='ocrx_word' id='word_1_45' title='bbox 603 811 657 864; x_wconf 90' lang='lat' dir='ltr'><strong>in</strong></span> <span class='ocrx_word' id='word_1_46' title='bbox 681 816 953 880; x_wconf 91' lang='lat' dir='ltr'><strong>potestate</strong></span> <span class='ocrx_word' id='word_1_47' title='bbox 983 807 1323 862; x_wconf 89' lang='lat' dir='ltr'><strong>diversorum</strong></span> <span class='ocrx_word' id='word_1_48' title='bbox 1353 804 1634 860; x_wconf 88' lang='lat' dir='ltr'><strong>hominum</strong></span> <span class='ocrx_word' id='word_1_49' title='bbox 1658 816 1757 873; x_wconf 89' lang='lat' dir='ltr'><strong>per</strong></span> <span class='ocrx_word' id='word_1_50' title='bbox 1779 801 1873 856; x_wconf 88' lang='lat' dir='ltr'><strong>be-</strong></span> 
     </span>
    </p>
   </div>
   <div class='ocr_carea' id='block_1_9' title="bbox 302 895 1874 974">
    <p class='ocr_par' dir='ltr' id='par_1_9' title="bbox 302 895 1874 974">
     <span class='ocr_line' id='line_1_9' title="bbox 302 895 1874 974; baseline -0.006 -15"><span class='ocrx_word' id='word_1_51' title='bbox 302 902 548 960; x_wconf 88' lang='lat' dir='ltr'><strong>neﬁcium</strong></span> <span class='ocrx_word' id='word_1_52' title='bbox 590 919 714 961; x_wconf 85' lang='lat' dir='ltr'><strong>esse</strong></span> <span class='ocrx_word' id='word_1_53' title='bbox 760 910 1015 968; x_wconf 83' lang='lat' dir='ltr'><strong>constat,</strong></span> <span class='ocrx_word' id='word_1_54' title='bbox 1058 901 1404 974; x_wconf 58' lang='lat' dir='ltr'><strong>praecipimus</strong></span> <span class='ocrx_word' id='word_1_55' title='bbox 1445 907 1608 969; x_wconf 90' lang='lat' dir='ltr'><strong>atque</strong></span> <span class='ocrx_word' id='word_1_56' title='bbox 1650 911 1747 968; x_wconf 92' lang='lat' dir='ltr'><strong>per</strong></span> <span class='ocrx_word' id='word_1_57' title='bbox 1773 895 1874 950; x_wconf 90' lang='lat' dir='ltr'><strong>hos</strong></span> 
     </span>
    </p>
   </div>
   <div class='ocr_carea' id='block_1_10' title="bbox 299 984 1937 1066">
    <p class='ocr_par' dir='ltr' id='par_1_10' title="bbox 299 984 1937 1066">
     <span class='ocr_line' id='line_1_10' title="bbox 299 984 1937 1066; baseline -0.005 -16"><span class='ocrx_word' id='word_1_58' title='bbox 299 995 603 1066; x_wconf 84' lang='lat' dir='ltr'><strong>imperiales</strong></span> <span class='ocrx_word' id='word_1_59' title='bbox 650 995 832 1065; x_wconf 89' lang='lat' dir='ltr'><strong>apices</strong></span> <span class='ocrx_word' id='word_1_60' title='bbox 874 1001 1094 1048; x_wconf 89' lang='lat' dir='ltr'><strong>nostros</strong></span> <span class='ocrx_word' id='word_1_61' title='bbox 1136 991 1413 1046; x_wconf 85' lang='lat' dir='ltr'><strong>sancimus</strong></span> <span class='ocrx_word' id='word_1_62' title='bbox 1446 998 1610 1058; x_wconf 88' lang='lat' dir='ltr'><strong>atque</strong></span> <span class='ocrx_word' id='word_1_63' title='bbox 1633 984 1876 1042; x_wconf 88' lang='lat' dir='ltr'><strong>decerni-</strong></span> <span class='ocrx_word' id='word_1_64' title='bbox 1912 1024 1937 1041; x_wconf 56' lang='grc' dir='ltr'>κ</span> 
     </span>
    </p>
   </div>
   <div class='ocr_carea' id='block_1_11' title="bbox 301 1079 1878 1158">
    <p class='ocr_par' dir='ltr' id='par_1_11' title="bbox 301 1079 1878 1158">
     <span class='ocr_line' id='line_1_11' title="bbox 301 1079 1878 1158; baseline -0.008 -15"><span class='ocrx_word' id='word_1_65' title='bbox 301 1103 420 1143; x_wconf 89' lang='lat' dir='ltr'><strong>mus</strong></span> <span class='ocrx_word' id='word_1_66' title='bbox 438 1095 521 1153; x_wconf 92' lang='lat' dir='ltr'><strong>ut,</strong></span> <span class='ocrx_word' id='word_1_67' title='bbox 556 1100 699 1158; x_wconf 61' lang='lat' dir='ltr'><strong>saepe</strong></span> <span class='ocrx_word' id='word_1_68' title='bbox 721 1086 867 1141; x_wconf 92' lang='lat' dir='ltr'><strong>dicto</strong></span> <span class='ocrx_word' id='word_1_69' title='bbox 893 1082 1222 1140; x_wconf 88' lang='lat' dir='ltr'><strong>monasterio</strong></span> <span class='ocrx_word' id='word_1_70' title='bbox 1247 1081 1304 1137; x_wconf 90' lang='lat' dir='ltr'><strong>S.</strong></span> <span class='ocrx_word' id='word_1_71' title='bbox 1342 1079 1597 1137; x_wconf 75' lang='lat' dir='ltr'><strong>Maxentii</strong></span> <span class='ocrx_word' id='word_1_72' title='bbox 1625 1085 1681 1133; x_wconf 88' lang='lat' dir='ltr'><strong>et</strong></span> <span class='ocrx_word' id='word_1_73' title='bbox 1701 1084 1878 1132; x_wconf 89' lang='lat' dir='ltr'><strong>recto-</strong></span> 
     </span>
    </p>
   </div>
   <div class='ocr_carea' id='block_1_12' title="bbox 298 1170 1880 1249">
    <p class='ocr_par' dir='ltr' id='par_1_12' title="bbox 298 1170 1880 1249">
     <span class='ocr_line' id='line_1_12' title="bbox 298 1170 1880 1249; baseline -0.007 -15"><span class='ocrx_word' id='word_1_74' title='bbox 298 1180 450 1234; x_wconf 86' lang='lat' dir='ltr'><strong>ribus</strong></span> <span class='ocrx_word' id='word_1_75' title='bbox 492 1179 612 1249; x_wconf 89' lang='lat' dir='ltr'><strong>ejus</strong></span> <span class='ocrx_word' id='word_1_76' title='bbox 652 1193 826 1234; x_wconf 89' lang='lat' dir='ltr'><strong>nonas</strong></span> <span class='ocrx_word' id='word_1_77' title='bbox 865 1185 922 1233; x_wconf 90' lang='lat' dir='ltr'><strong>et</strong></span> <span class='ocrx_word' id='word_1_78' title='bbox 968 1176 1207 1233; x_wconf 84' lang='lat' dir='ltr'><strong>decimas</strong></span> <span class='ocrx_word' id='word_1_79' title='bbox 1248 1183 1411 1246; x_wconf 90' lang='lat' dir='ltr'><strong>atque</strong></span> <span class='ocrx_word' id='word_1_80' title='bbox 1444 1187 1612 1243; x_wconf 88' lang='lat' dir='ltr'><strong>opera</strong></span> <span class='ocrx_word' id='word_1_81' title='bbox 1644 1170 1880 1242; x_wconf 87' lang='lat' dir='ltr'><strong>pleniter</strong></span> 
     </span>
    </p>
   </div>
   <div class='ocr_carea' id='block_1_13' title="bbox 303 1260 1881 1341">
    <p class='ocr_par' dir='ltr' id='par_1_13' title="bbox 303 1260 1881 1341">
     <span class='ocr_line' id='line_1_13' title="bbox 303 1260 1881 1341; baseline -0.006 -18"><span class='ocrx_word' id='word_1_82' title='bbox 303 1268 631 1341; x_wconf 85' lang='lat' dir='ltr'><strong>persolvant,</strong></span> <span class='ocrx_word' id='word_1_83' title='bbox 659 1267 830 1322; x_wconf 92' lang='lat' dir='ltr'><strong>donec</strong></span> <span class='ocrx_word' id='word_1_84' title='bbox 871 1266 1098 1321; x_wconf 91' lang='lat' dir='ltr'><strong>Domino</strong></span> <span class='ocrx_word' id='word_1_85' title='bbox 1142 1263 1429 1334; x_wconf 89' lang='lat' dir='ltr'><strong>adjuvante</strong></span> <span class='ocrx_word' id='word_1_86' title='bbox 1471 1277 1570 1333; x_wconf 88' lang='lat' dir='ltr'><strong>per</strong></span> <span class='ocrx_word' id='word_1_87' title='bbox 1596 1276 1697 1317; x_wconf 89' lang='lat' dir='ltr'><strong>nos</strong></span> <span class='ocrx_word' id='word_1_88' title='bbox 1731 1260 1881 1329; x_wconf 88' lang='lat' dir='ltr'><strong>ipsos</strong></span> 
     </span>
    </p>
   </div>
   <div class='ocr_carea' id='block_1_14' title="bbox 304 1354 1884 1429">
    <p class='ocr_par' dir='ltr' id='par_1_14' title="bbox 304 1354 1884 1429">
     <span class='ocr_line' id='line_1_14' title="bbox 304 1354 1884 1429; baseline -0.006 -15"><span class='ocrx_word' id='word_1_89' title='bbox 304 1360 415 1416; x_wconf 90' lang='lat' dir='ltr'><strong>sive</strong></span> <span class='ocrx_word' id='word_1_90' title='bbox 438 1375 536 1429; x_wconf 87' lang='lat' dir='ltr'><strong>per</strong></span> <span class='ocrx_word' id='word_1_91' title='bbox 558 1357 697 1413; x_wconf 82' lang='lat' dir='ltr'><strong>ﬁlios</strong></span> <span class='ocrx_word' id='word_1_92' title='bbox 719 1366 775 1414; x_wconf 90' lang='lat' dir='ltr'><strong>et</strong></span> <span class='ocrx_word' id='word_1_93' title='bbox 800 1371 1145 1412; x_wconf 87' lang='lat' dir='ltr'><strong>successores</strong></span> <span class='ocrx_word' id='word_1_94' title='bbox 1172 1363 1389 1412; x_wconf 86' lang='lat' dir='ltr'><strong>nostros</strong></span> <span class='ocrx_word' id='word_1_95' title='bbox 1418 1354 1736 1426; x_wconf 63' lang='lat' dir='ltr'><strong>praedictam</strong></span> <span class='ocrx_word' id='word_1_96' title='bbox 1758 1365 1884 1423; x_wconf 88' lang='lat' dir='ltr'><strong>por-</strong></span> 
     </span>
    </p>
   </div>
   <div class='ocr_carea' id='block_1_15' title="bbox 306 1446 1886 1508">
    <p class='ocr_par' dir='ltr' id='par_1_15' title="bbox 306 1446 1886 1508">
     <span class='ocr_line' id='line_1_15' title="bbox 306 1446 1886 1508; baseline -0.008 0"><span class='ocrx_word' id='word_1_97' title='bbox 306 1450 505 1508; x_wconf 84' lang='lat' dir='ltr'><strong>tionem</strong></span> <span class='ocrx_word' id='word_1_98' title='bbox 536 1465 717 1505; x_wconf 90' lang='lat' dir='ltr'><strong>rerum</strong></span> <span class='ocrx_word' id='word_1_99' title='bbox 768 1449 836 1504; x_wconf 89' lang='lat' dir='ltr'><strong>ad</strong></span> <span class='ocrx_word' id='word_1_100' title='bbox 888 1456 1247 1504; x_wconf 89' lang='lat' dir='ltr'><strong>memoratum</strong></span> <span class='ocrx_word' id='word_1_101' title='bbox 1277 1446 1591 1504; x_wconf 80' lang='lat' dir='ltr'><strong>venerabile</strong></span> <span class='ocrx_word' id='word_1_102' title='bbox 1610 1453 1886 1501; x_wconf 87' lang='lat' dir='ltr'><strong>monaste—</strong></span> 
     </span>
    </p>
   </div>
   <div class='ocr_carea' id='block_1_16' title="bbox 305 1534 1886 1609">
    <p class='ocr_par' dir='ltr' id='par_1_16' title="bbox 305 1534 1886 1609">
     <span class='ocr_line' id='line_1_16' title="bbox 305 1534 1886 1609; baseline -0.004 -15"><span class='ocrx_word' id='word_1_103' title='bbox 305 1539 469 1604; x_wconf 88' lang='lat' dir='ltr'><strong>rium,</strong></span> <span class='ocrx_word' id='word_1_104' title='bbox 501 1538 569 1593; x_wconf 90' lang='lat' dir='ltr'><strong>ad</strong></span> <span class='ocrx_word' id='word_1_105' title='bbox 595 1538 736 1609; x_wconf 92' lang='lat' dir='ltr'><strong>quod</strong></span> <span class='ocrx_word' id='word_1_106' title='bbox 764 1553 862 1608; x_wconf 91' lang='lat' dir='ltr'><strong>per</strong></span> <span class='ocrx_word' id='word_1_107' title='bbox 887 1537 1158 1609; x_wconf 87' lang='lat' dir='ltr'><strong>justitiam</strong></span> <span class='ocrx_word' id='word_1_108' title='bbox 1182 1537 1441 1608; x_wconf 88' lang='lat' dir='ltr'><strong>pertinet,</strong></span> <span class='ocrx_word' id='word_1_109' title='bbox 1464 1534 1696 1607; x_wconf 87' lang='lat' dir='ltr'><strong>pleniter</strong></span> <span class='ocrx_word' id='word_1_110' title='bbox 1720 1541 1886 1601; x_wconf 83' lang='lat' dir='ltr'><strong>atque</strong></span> 
     </span>
    </p>
   </div>
   <div class='ocr_carea' id='block_1_17' title="bbox 306 1627 1888 1701">
    <p class='ocr_par' dir='ltr' id='par_1_17' title="bbox 306 1627 1888 1701">
     <span class='ocr_line' id='line_1_17' title="bbox 306 1627 1888 1701; baseline -0.008 -12"><span class='ocrx_word' id='word_1_111' title='bbox 306 1638 514 1701; x_wconf 81' lang='lat' dir='ltr'><strong>integre</strong></span> <span class='ocrx_word' id='word_1_112' title='bbox 544 1631 693 1686; x_wconf 87' lang='lat' dir='ltr'><strong>reddi</strong></span> <span class='ocrx_word' id='word_1_113' title='bbox 720 1630 835 1686; x_wconf 84' lang='lat' dir='ltr'><strong>sive</strong></span> <span class='ocrx_word' id='word_1_114' title='bbox 864 1629 1079 1685; x_wconf 88' lang='lat' dir='ltr'><strong>restitui</strong></span> <span class='ocrx_word' id='word_1_115' title='bbox 1102 1628 1384 1684; x_wconf 78' lang='lat' dir='ltr'><strong>faciamus.</strong></span> <span class='ocrx_word' id='word_1_116' title='bbox 1436 1628 1504 1683; x_wconf 88' lang='lat' dir='ltr'><strong>Et</strong></span> <span class='ocrx_word' id='word_1_117' title='bbox 1534 1635 1595 1681; x_wconf 93' lang='lat' dir='ltr'><strong>ut</strong></span> <span class='ocrx_word' id='word_1_118' title='bbox 1619 1627 1735 1681; x_wconf 71' lang='lat' dir='ltr'><strong>htec</strong></span> <span class='ocrx_word' id='word_1_119' title='bbox 1757 1639 1888 1679; x_wconf 91' lang='lat' dir='ltr'><strong>con-</strong></span> 
     </span>
    </p>
   </div>
   <div class='ocr_carea' id='block_1_18' title="bbox 1970 525 3547 607">
    <p class='ocr_par' dir='ltr' id='par_1_18' title="bbox 1970 525 3547 607">
     <span class='ocr_line' id='line_1_18' title="bbox 1970 525 3547 607; baseline 0.01 -25"><span class='ocrx_word' id='word_1_120' title='bbox 1970 525 2322 593; x_wconf 88' lang='lat' dir='ltr'><strong>Grummolo,</strong></span> <span class='ocrx_word' id='word_1_121' title='bbox 2371 526 2505 581; x_wconf 85' lang='lat' dir='ltr'><strong>silva</strong></span> <span class='ocrx_word' id='word_1_122' title='bbox 2553 526 2890 599; x_wconf 85' lang='lat' dir='ltr'><strong>churiano,</strong></span> <span class='ocrx_word' id='word_1_123' title='bbox 2939 533 3072 588; x_wconf 90' lang='lat' dir='ltr'><strong>silva</strong></span> <span class='ocrx_word' id='word_1_124' title='bbox 3115 534 3391 607; x_wconf 85' lang='lat' dir='ltr'><strong>Agnlaria,</strong></span> <span class='ocrx_word' id='word_1_125' title='bbox 3418 556 3547 596; x_wconf 83' lang='lat' dir='ltr'><strong>casa</strong></span> 
     </span>
    </p>
   </div>
   <div class='ocr_carea' id='block_1_19' title="bbox 1970 617 3551 703">
    <p class='ocr_par' dir='ltr' id='par_1_19' title="bbox 1970 617 3551 703">
     <span class='ocr_line' id='line_1_19' title="bbox 1970 617 3551 703; baseline 0.01 -31"><span class='ocrx_word' id='word_1_126' title='bbox 1970 617 2163 684; x_wconf 88' lang='lat' dir='ltr'><strong>Lauto,</strong></span> <span class='ocrx_word' id='word_1_127' title='bbox 2209 633 2402 689; x_wconf 91' lang='lat' dir='ltr'><strong>campo</strong></span> <span class='ocrx_word' id='word_1_128' title='bbox 2441 619 2713 687; x_wconf 86' lang='lat' dir='ltr'><strong>Rovirito,</strong></span> <span class='ocrx_word' id='word_1_129' title='bbox 2761 638 2954 694; x_wconf 85' lang='lat' dir='ltr'><strong>campo</strong></span> <span class='ocrx_word' id='word_1_130' title='bbox 2988 626 3054 683; x_wconf 89' lang='lat' dir='ltr'><strong>de</strong></span> <span class='ocrx_word' id='word_1_131' title='bbox 3083 627 3291 695; x_wconf 83' lang='lat' dir='ltr'><strong>Rusco,</strong></span> <span class='ocrx_word' id='word_1_132' title='bbox 3324 630 3551 703; x_wconf 76' lang='lat' dir='ltr'><strong>Campo—</strong></span> 
     </span>
    </p>
   </div>
   <div class='ocr_carea' id='block_1_20' title="bbox 1971 709 3550 795">
    <p class='ocr_par' dir='ltr' id='par_1_20' title="bbox 1971 709 3550 795">
     <span class='ocr_line' id='line_1_20' title="bbox 1971 709 3550 795; baseline 0.011 -33"><span class='ocrx_word' id='word_1_133' title='bbox 1971 710 2152 778; x_wconf 89' lang='lat' dir='ltr'><strong>longo,</strong></span> <span class='ocrx_word' id='word_1_134' title='bbox 2187 709 2493 776; x_wconf 88' lang='lat' dir='ltr'><strong>Bruniana,</strong></span> <span class='ocrx_word' id='word_1_135' title='bbox 2544 712 2733 769; x_wconf 76' lang='lat' dir='ltr'><strong>civitas</strong></span> <span class='ocrx_word' id='word_1_136' title='bbox 2777 713 3097 773; x_wconf 86' lang='lat' dir='ltr'><strong>Geminina</strong></span> <span class='ocrx_word' id='word_1_137' title='bbox 3119 759 3134 784; x_wconf 97' lang='lat'><strong>,</strong></span> <span class='ocrx_word' id='word_1_138' title='bbox 3182 735 3302 789; x_wconf 73' lang='lat' dir='ltr'><strong>qua:</strong></span> <span class='ocrx_word' id='word_1_139' title='bbox 3324 732 3550 795; x_wconf 79' lang='lat' dir='ltr'><strong>vocatur</strong></span> 
     </span>
    </p>
   </div>
   <div class='ocr_carea' id='block_1_21' title="bbox 1971 801 3553 881">
    <p class='ocr_par' dir='ltr' id='par_1_21' title="bbox 1971 801 3553 881">
     <span class='ocr_line' id='line_1_21' title="bbox 1971 801 3553 881; baseline 0.009 -25"><span class='ocrx_word' id='word_1_140' title='bbox 1971 802 2227 858; x_wconf 79' lang='lat' dir='ltr'><strong>Flexiana</strong></span> <span class='ocrx_word' id='word_1_141' title='bbox 2249 843 2262 869; x_wconf 95' lang='lat'><strong>,</strong></span> <span class='ocrx_word' id='word_1_142' title='bbox 2305 801 2666 870; x_wconf 83' lang='lat' dir='ltr'><strong>Quarantole,</strong></span> <span class='ocrx_word' id='word_1_143' title='bbox 2699 804 3000 876; x_wconf 90' lang='lat' dir='ltr'><strong>Ureniana,</strong></span> <span class='ocrx_word' id='word_1_144' title='bbox 3041 810 3425 881; x_wconf 84' lang='lat' dir='ltr'><strong>Verminitica,</strong></span> <span class='ocrx_word' id='word_1_145' title='bbox 3460 808 3553 871; x_wconf 60' lang='lat' dir='ltr'><strong>Nié</strong></span> 
     </span>
    </p>
   </div>
   <div class='ocr_carea' id='block_1_22' title="bbox 1973 895 3552 977">
    <p class='ocr_par' dir='ltr' id='par_1_22' title="bbox 1973 895 3552 977">
     <span class='ocr_line' id='line_1_22' title="bbox 1973 895 3552 977; baseline 0.009 -27"><span class='ocrx_word' id='word_1_146' title='bbox 1973 896 2162 962; x_wconf 88' lang='lat' dir='ltr'><strong>ratica,</strong></span> <span class='ocrx_word' id='word_1_147' title='bbox 2191 895 2556 964; x_wconf 87' lang='lat' dir='ltr'><strong>Calendatica,</strong></span> <span class='ocrx_word' id='word_1_148' title='bbox 2604 898 2906 966; x_wconf 89' lang='lat' dir='ltr'><strong>Pilliciana,</strong></span> <span class='ocrx_word' id='word_1_149' title='bbox 2958 902 3231 970; x_wconf 89' lang='lat' dir='ltr'><strong>Corniola,</strong></span> <span class='ocrx_word' id='word_1_150' title='bbox 3279 907 3348 961; x_wconf 89' lang='lat' dir='ltr'><strong>ad</strong></span> <span class='ocrx_word' id='word_1_151' title='bbox 3380 910 3552 977; x_wconf 83' lang='lat' dir='ltr'><strong>perti-</strong></span> 
     </span>
    </p>
   </div>
   <div class='ocr_carea' id='block_1_23' title="bbox 1973 986 3556 1069">
    <p class='ocr_par' dir='ltr' id='par_1_23' title="bbox 1973 986 3556 1069">
     <span class='ocr_line' id='line_1_23' title="bbox 1973 986 3556 1069; baseline 0.007 -28"><span class='ocrx_word' id='word_1_152' title='bbox 1973 986 2198 1041; x_wconf 89' lang='lat' dir='ltr'><strong>nencias</strong></span> <span class='ocrx_word' id='word_1_153' title='bbox 2221 988 2619 1058; x_wconf 89' lang='lat' dir='ltr'><strong>suprascriptas</strong></span> <span class='ocrx_word' id='word_1_154' title='bbox 2653 1004 2741 1045; x_wconf 87' lang='lat' dir='ltr'><strong>res</strong></span> <span class='ocrx_word' id='word_1_155' title='bbox 2772 990 2918 1060; x_wconf 89' lang='lat' dir='ltr'><strong>justa</strong></span> <span class='ocrx_word' id='word_1_156' title='bbox 2946 989 3110 1047; x_wconf 92' lang='lat' dir='ltr'><strong>ﬂuvio</strong></span> <span class='ocrx_word' id='word_1_157' title='bbox 3136 991 3398 1062; x_wconf 83' lang='lat' dir='ltr'><strong>Moclena,</strong></span> <span class='ocrx_word' id='word_1_158' title='bbox 3426 1012 3556 1069; x_wconf 51' lang='lat' dir='ltr'><strong>con-7</strong></span> 
     </span>
    </p>
   </div>
   <div class='ocr_carea' id='block_1_24' title="bbox 1977 1076 3557 1160">
    <p class='ocr_par' dir='ltr' id='par_1_24' title="bbox 1977 1076 3557 1160">
     <span class='ocr_line' id='line_1_24' title="bbox 1977 1076 3557 1160; baseline 0.009 -29"><span class='ocrx_word' id='word_1_159' title='bbox 1977 1076 2112 1133; x_wconf 87' lang='lat' dir='ltr'><strong>ﬁnes</strong></span> <span class='ocrx_word' id='word_1_160' title='bbox 2140 1078 2374 1135; x_wconf 82' lang='lat' dir='ltr'><strong>civitatis</strong></span> <span class='ocrx_word' id='word_1_161' title='bbox 2404 1078 2725 1136; x_wconf 88' lang='lat' dir='ltr'><strong>Geminiana</strong></span> <span class='ocrx_word' id='word_1_162' title='bbox 2747 1122 2761 1147; x_wconf 95' lang='lat'><strong>,</strong></span> <span class='ocrx_word' id='word_1_163' title='bbox 2808 1083 2987 1138; x_wconf 85' lang='lat' dir='ltr'><strong>casale</strong></span> <span class='ocrx_word' id='word_1_164' title='bbox 3012 1085 3351 1154; x_wconf 81' lang='lat' dir='ltr'><strong>Menterioni,</strong></span> <span class='ocrx_word' id='word_1_165' title='bbox 3391 1098 3557 1160; x_wconf 90' lang='lat' dir='ltr'><strong>atque</strong></span> 
     </span>
    </p>
   </div>
   <div class='ocr_carea' id='block_1_25' title="bbox 1976 1170 3558 1244">
    <p class='ocr_par' dir='ltr' id='par_1_25' title="bbox 1976 1170 3558 1244">
     <span class='ocr_line' id='line_1_25' title="bbox 1976 1170 3558 1244; baseline 0.007 -18"><span class='ocrx_word' id='word_1_166' title='bbox 1976 1170 2157 1226; x_wconf 90' lang='lat' dir='ltr'><strong>casale</strong></span> <span class='ocrx_word' id='word_1_167' title='bbox 2187 1170 2450 1238; x_wconf 86' lang='lat' dir='ltr'><strong>Firmani,</strong></span> <span class='ocrx_word' id='word_1_168' title='bbox 2483 1181 2539 1227; x_wconf 91' lang='lat' dir='ltr'><strong>et</strong></span> <span class='ocrx_word' id='word_1_169' title='bbox 2565 1173 2742 1228; x_wconf 88' lang='lat' dir='ltr'><strong>casale</strong></span> <span class='ocrx_word' id='word_1_170' title='bbox 2761 1173 2989 1244; x_wconf 89' lang='lat' dir='ltr'><strong>Alperti,</strong></span> <span class='ocrx_word' id='word_1_171' title='bbox 3022 1184 3076 1231; x_wconf 89' lang='lat' dir='ltr'><strong>et</strong></span> <span class='ocrx_word' id='word_1_172' title='bbox 3097 1178 3275 1233; x_wconf 90' lang='lat' dir='ltr'><strong>casale</strong></span> <span class='ocrx_word' id='word_1_173' title='bbox 3303 1180 3558 1237; x_wconf 83' lang='lat' dir='ltr'><strong>Tassina—</strong></span> 
     </span>
    </p>
   </div>
   <div class='ocr_carea' id='block_1_26' title="bbox 1978 1264 3555 1342">
    <p class='ocr_par' dir='ltr' id='par_1_26' title="bbox 1978 1264 3555 1342">
     <span class='ocr_line' id='line_1_26' title="bbox 1978 1264 3555 1342; baseline 0.007 -24"><span class='ocrx_word' id='word_1_174' title='bbox 1978 1264 2082 1331; x_wconf 89' lang='lat' dir='ltr'><strong>ria,</strong></span> <span class='ocrx_word' id='word_1_175' title='bbox 2111 1280 2206 1320; x_wconf 91' lang='lat' dir='ltr'><strong>seu</strong></span> <span class='ocrx_word' id='word_1_176' title='bbox 2232 1264 2410 1321; x_wconf 89' lang='lat' dir='ltr'><strong>casale</strong></span> <span class='ocrx_word' id='word_1_177' title='bbox 2457 1280 2617 1321; x_wconf 92' lang='lat' dir='ltr'><strong>omne</strong></span> <span class='ocrx_word' id='word_1_178' title='bbox 2642 1265 2865 1334; x_wconf 85' lang='lat' dir='ltr'><strong>Brixili,</strong></span> <span class='ocrx_word' id='word_1_179' title='bbox 2911 1276 3075 1339; x_wconf 90' lang='lat' dir='ltr'><strong>atque</strong></span> <span class='ocrx_word' id='word_1_180' title='bbox 3113 1271 3293 1327; x_wconf 88' lang='lat' dir='ltr'><strong>casale</strong></span> <span class='ocrx_word' id='word_1_181' title='bbox 3327 1272 3555 1342; x_wconf 75' lang='lat' dir='ltr'><strong>Bruxili,</strong></span> 
     </span>
    </p>
   </div>
   <div class='ocr_carea' id='block_1_27' title="bbox 1981 1356 3561 1428">
    <p class='ocr_par' dir='ltr' id='par_1_27' title="bbox 1981 1356 3561 1428">
     <span class='ocr_line' id='line_1_27' title="bbox 1981 1356 3561 1428; baseline 0.005 -16"><span class='ocrx_word' id='word_1_182' title='bbox 1981 1371 2074 1412; x_wconf 89' lang='lat' dir='ltr'><strong>seu</strong></span> <span class='ocrx_word' id='word_1_183' title='bbox 2123 1356 2325 1423; x_wconf 85' lang='lat' dir='ltr'><strong>Curio,</strong></span> <span class='ocrx_word' id='word_1_184' title='bbox 2382 1366 2436 1411; x_wconf 92' lang='lat' dir='ltr'><strong>et</strong></span> <span class='ocrx_word' id='word_1_185' title='bbox 2482 1356 2764 1422; x_wconf 88' lang='lat' dir='ltr'><strong>Tumbole,</strong></span> <span class='ocrx_word' id='word_1_186' title='bbox 2815 1366 2979 1428; x_wconf 90' lang='lat' dir='ltr'><strong>atque</strong></span> <span class='ocrx_word' id='word_1_187' title='bbox 3011 1358 3182 1416; x_wconf 83' lang='lat' dir='ltr'><strong>Fossa</strong></span> <span class='ocrx_word' id='word_1_188' title='bbox 3221 1361 3476 1427; x_wconf 79' lang='lat' dir='ltr'><strong>Bruxola,</strong></span> <span class='ocrx_word' id='word_1_189' title='bbox 3503 1375 3561 1420; x_wconf 86' lang='lat' dir='ltr'><strong>et</strong></span> 
     </span>
    </p>
   </div>
   <div class='ocr_carea' id='block_1_28' title="bbox 1982 1445 3563 1518">
    <p class='ocr_par' dir='ltr' id='par_1_28' title="bbox 1982 1445 3563 1518">
     <span class='ocr_line' id='line_1_28' title="bbox 1982 1445 3563 1518; baseline 0.008 -17"><span class='ocrx_word' id='word_1_190' title='bbox 1982 1445 2229 1516; x_wconf 88' lang='lat' dir='ltr'><strong>Corrigio</strong></span> <span class='ocrx_word' id='word_1_191' title='bbox 2256 1446 2561 1513; x_wconf 88' lang='lat' dir='ltr'><strong>Brancudo,</strong></span> <span class='ocrx_word' id='word_1_192' title='bbox 2607 1457 2662 1503; x_wconf 91' lang='lat' dir='ltr'><strong>et</strong></span> <span class='ocrx_word' id='word_1_193' title='bbox 2699 1449 2848 1505; x_wconf 84' lang='lat' dir='ltr'><strong>Valle</strong></span> <span class='ocrx_word' id='word_1_194' title='bbox 2874 1450 3039 1518; x_wconf 83' lang='lat' dir='ltr'><strong>Alba,</strong></span> <span class='ocrx_word' id='word_1_195' title='bbox 3070 1463 3125 1508; x_wconf 90' lang='lat' dir='ltr'><strong>et</strong></span> <span class='ocrx_word' id='word_1_196' title='bbox 3152 1454 3331 1510; x_wconf 88' lang='lat' dir='ltr'><strong>casale</strong></span> <span class='ocrx_word' id='word_1_197' title='bbox 3361 1456 3563 1513; x_wconf 63' lang='lat' dir='ltr'><strong>Fontan</strong></span> 
     </span>
    </p>
   </div>
   <div class='ocr_carea' id='block_1_29' title="bbox 1984 1535 3562 1612">
    <p class='ocr_par' dir='ltr' id='par_1_29' title="bbox 1984 1535 3562 1612">
     <span class='ocr_line' id='line_1_29' title="bbox 1984 1535 3562 1612; baseline 0.009 -22"><span class='ocrx_word' id='word_1_198' title='bbox 1984 1535 2159 1602; x_wconf 70' lang='lat' dir='ltr'><strong>nellaa,</strong></span> <span class='ocrx_word' id='word_1_199' title='bbox 2192 1546 2247 1591; x_wconf 90' lang='lat' dir='ltr'><strong>et</strong></span> <span class='ocrx_word' id='word_1_200' title='bbox 2270 1536 2519 1607; x_wconf 83' lang='lat' dir='ltr'><strong>Corrigio</strong></span> <span class='ocrx_word' id='word_1_201' title='bbox 2545 1538 2715 1605; x_wconf 92' lang='lat' dir='ltr'><strong>Boni,</strong></span> <span class='ocrx_word' id='word_1_202' title='bbox 2763 1555 2858 1595; x_wconf 90' lang='lat' dir='ltr'><strong>seu</strong></span> <span class='ocrx_word' id='word_1_203' title='bbox 2885 1542 3066 1598; x_wconf 89' lang='lat' dir='ltr'><strong>casale</strong></span> <span class='ocrx_word' id='word_1_204' title='bbox 3094 1544 3269 1612; x_wconf 80' lang='lat' dir='ltr'><strong>Acus,</strong></span> <span class='ocrx_word' id='word_1_205' title='bbox 3301 1553 3356 1601; x_wconf 92' lang='lat' dir='ltr'><strong>et</strong></span> <span class='ocrx_word' id='word_1_206' title='bbox 3382 1549 3562 1604; x_wconf 90' lang='lat' dir='ltr'><strong>casale</strong></span> 
     </span>
    </p>
   </div>
   <div class='ocr_carea' id='block_1_30' title="bbox 1986 1628 3563 1705">
    <p class='ocr_par' dir='ltr' id='par_1_30' title="bbox 1986 1628 3563 1705">
     <span class='ocr_line' id='line_1_30' title="bbox 1986 1628 3563 1705; baseline 0.007 -21"><span class='ocrx_word' id='word_1_207' title='bbox 1986 1628 2194 1684; x_wconf 90' lang='lat' dir='ltr'><strong>Tallolo</strong></span> <span class='ocrx_word' id='word_1_208' title='bbox 2236 1646 2249 1683; x_wconf 88' lang='lat'><strong>:</strong></span> <span class='ocrx_word' id='word_1_209' title='bbox 2299 1638 2355 1685; x_wconf 89' lang='lat' dir='ltr'><strong>et</strong></span> <span class='ocrx_word' id='word_1_210' title='bbox 2388 1630 2609 1700; x_wconf 89' lang='lat' dir='ltr'><strong>insuper</strong></span> <span class='ocrx_word' id='word_1_211' title='bbox 2647 1631 2751 1685; x_wconf 89' lang='lat' dir='ltr'><strong>alia</strong></span> <span class='ocrx_word' id='word_1_212' title='bbox 2792 1632 3024 1688; x_wconf 86' lang='lat' dir='ltr'><strong>fundora</strong></span> <span class='ocrx_word' id='word_1_213' title='bbox 3060 1635 3146 1690; x_wconf 86' lang='lat' dir='ltr'><strong>vel</strong></span> <span class='ocrx_word' id='word_1_214' title='bbox 3172 1637 3409 1705; x_wconf 87' lang='lat' dir='ltr'><strong>casalia,</strong></span> <span class='ocrx_word' id='word_1_215' title='bbox 3440 1656 3563 1695; x_wconf 91' lang='lat' dir='ltr'><strong>cum</strong></span> 
     </span>
    </p>
   </div>
   <div class='ocr_carea' id='block_1_31' title="bbox 310 1719 3565 1798">
    <p class='ocr_par' dir='ltr' id='par_1_31' title="bbox 310 1719 3565 1798">
     <span class='ocr_line' id='line_1_31' title="bbox 310 1719 3565 1798; baseline 0.002 -21"><span class='ocrx_word' id='word_1_216' title='bbox 310 1720 542 1777; x_wconf 84' lang='lat' dir='ltr'><strong>ﬁrmatio</strong></span> <span class='ocrx_word' id='word_1_217' title='bbox 563 1726 746 1774; x_wconf 88' lang='lat' dir='ltr'><strong>nostra</strong></span> <span class='ocrx_word' id='word_1_218' title='bbox 763 1734 860 1789; x_wconf 89' lang='lat' dir='ltr'><strong>per</strong></span> <span class='ocrx_word' id='word_1_219' title='bbox 876 1719 1145 1774; x_wconf 88' lang='lat' dir='ltr'><strong>curricula</strong></span> <span class='ocrx_word' id='word_1_220' title='bbox 1170 1760 1184 1772; x_wconf 95' lang='lat'><strong>.</strong></span> <span class='ocrx_word' id='word_1_221' title='bbox 1219 1759 1234 1773; x_wconf 95' lang='lat'><strong>.</strong></span> <span class='ocrx_word' id='word_1_222' title='bbox 1269 1760 1283 1773; x_wconf 94' lang='lat'><strong>.</strong></span> <span class='ocrx_word' id='word_1_223' title='bbox 1325 1759 1339 1773; x_wconf 95' lang='lat'><strong>.</strong></span> <span class='ocrx_word' id='word_1_224' title='bbox 1370 1758 1384 1772; x_wconf 93' lang='lat'><strong>.</strong></span> <span class='ocrx_word' id='word_1_225' title='bbox 1425 1759 1440 1772; x_wconf 96' lang='lat'><strong>.</strong></span> <span class='ocrx_word' id='word_1_226' title='bbox 1483 1758 1496 1772; x_wconf 94' lang='lat'><strong>.</strong></span> <span class='ocrx_word' id='word_1_227' title='bbox 1522 1725 1615 1772; x_wconf 87' lang='lat' dir='ltr'><strong>ant</strong></span> <span class='ocrx_word' id='word_1_228' title='bbox 1644 1727 1885 1786; x_wconf 87' lang='lat' dir='ltr'><strong>tempora</strong></span> <span class='ocrx_word' id='word_1_229' title='bbox 1912 1792 1952 1798; x_wconf 70' lang='lat'>__</span> <span class='ocrx_word' id='word_1_230' title='bbox 1987 1719 2239 1774; x_wconf 91' lang='lat' dir='ltr'><strong>omnibus</strong></span> <span class='ocrx_word' id='word_1_231' title='bbox 2268 1721 2338 1775; x_wconf 93' lang='lat' dir='ltr'><strong>ad</strong></span> <span class='ocrx_word' id='word_1_232' title='bbox 2361 1720 2577 1776; x_wconf 89' lang='lat' dir='ltr'><strong>easdem</strong></span> <span class='ocrx_word' id='word_1_233' title='bbox 2607 1723 2770 1778; x_wconf 89' lang='lat' dir='ltr'><strong>rebus</strong></span> <span class='ocrx_word' id='word_1_234' title='bbox 2797 1726 3122 1795; x_wconf 84' lang='lat' dir='ltr'><strong>generaliter</strong></span> <span class='ocrx_word' id='word_1_235' title='bbox 3148 1728 3230 1783; x_wconf 85' lang='lat' dir='ltr'><strong>vel</strong></span> <span class='ocrx_word' id='word_1_236' title='bbox 3259 1729 3565 1798; x_wconf 84' lang='lat' dir='ltr'><strong>specialiter</strong></span> 
     </span>
    </p>
   </div>
   <div class='ocr_carea' id='block_1_32' title="bbox 310 1792 3568 1883">
    <p class='ocr_par' dir='ltr' id='par_1_32' title="bbox 310 1792 3568 1883">
     <span class='ocr_line' id='line_1_32' title="bbox 310 1792 3568 1883; baseline 0.003 -19"><span class='ocrx_word' id='word_1_237' title='bbox 310 1807 673 1870; x_wconf 82' lang='lat' dir='ltr'><strong>inviolabilem</strong></span> <span class='ocrx_word' id='word_1_238' title='bbox 701 1817 864 1878; x_wconf 88' lang='lat' dir='ltr'><strong>atque</strong></span> <span class='ocrx_word' id='word_1_239' title='bbox 892 1808 1262 1866; x_wconf 90' lang='lat' dir='ltr'><strong>inconvulsam</strong></span> <span class='ocrx_word' id='word_1_240' title='bbox 1281 1809 1520 1864; x_wconf 90' lang='lat' dir='ltr'><strong>obtineat</strong></span> <span class='ocrx_word' id='word_1_241' title='bbox 1550 1805 1882 1870; x_wconf 86' lang='lat' dir='ltr'><strong>ﬁrmitatem,</strong></span> <span class='ocrx_word' id='word_1_242' title='bbox 1912 1792 1961 1852; x_wconf 83' lang='lat' dir='ltr'><strong>B</strong></span> <span class='ocrx_word' id='word_1_243' title='bbox 1991 1813 2384 1881; x_wconf 88' lang='lat' dir='ltr'><strong>pertinentibus</strong></span> <span class='ocrx_word' id='word_1_244' title='bbox 2408 1813 2494 1868; x_wconf 86' lang='lat' dir='ltr'><strong>vel</strong></span> <span class='ocrx_word' id='word_1_245' title='bbox 2525 1792 2894 1882; x_wconf 82' lang='lat' dir='ltr'><strong>adjacentibus</strong></span> <span class='ocrx_word' id='word_1_246' title='bbox 2914 1857 2930 1883; x_wconf 98' lang='lat'><strong>,</strong></span> <span class='ocrx_word' id='word_1_247' title='bbox 2975 1816 3089 1873; x_wconf 90' lang='lat' dir='ltr'><strong>sive</strong></span> <span class='ocrx_word' id='word_1_248' title='bbox 3126 1792 3443 1875; x_wconf 72' lang='lat' dir='ltr'><strong>tributarias</strong></span> <span class='ocrx_word' id='word_1_249' title='bbox 3482 1822 3568 1877; x_wconf 88' lang='lat' dir='ltr'><strong>vel</strong></span> 
     </span>
    </p>
   </div>
   <div class='ocr_carea' id='block_1_33' title="bbox 309 1897 1816 1971">
    <p class='ocr_par' dir='ltr' id='par_1_33' title="bbox 309 1897 1816 1971">
     <span class='ocr_line' id='line_1_33' title="bbox 309 1897 1816 1971; baseline -0.004 -14"><span class='ocrx_word' id='word_1_250' title='bbox 309 1900 493 1958; x_wconf 90' lang='lat' dir='ltr'><strong>annuli</strong></span> <span class='ocrx_word' id='word_1_251' title='bbox 523 1900 695 1955; x_wconf 87' lang='lat' dir='ltr'><strong>nostri</strong></span> <span class='ocrx_word' id='word_1_252' title='bbox 731 1900 1091 1971; x_wconf 88' lang='lat' dir='ltr'><strong>impressione</strong></span> <span class='ocrx_word' id='word_1_253' title='bbox 1111 1900 1300 1954; x_wconf 89' lang='lat' dir='ltr'><strong>subter</strong></span> <span class='ocrx_word' id='word_1_254' title='bbox 1312 1900 1520 1971; x_wconf 87' lang='lat' dir='ltr'><strong>signari</strong></span> <span class='ocrx_word' id='word_1_255' title='bbox 1536 1897 1816 1966; x_wconf 86' lang='lat' dir='ltr'><strong>jussimus.</strong></span> 
     </span>
    </p>
   </div>
   <div class='ocr_carea' id='block_1_34' title="bbox 378 1987 1888 2059">
    <p class='ocr_par' dir='ltr' id='par_1_34' title="bbox 378 1987 1888 2059">
     <span class='ocr_line' id='line_1_34' title="bbox 378 1987 1888 2059; baseline -0.005 -12"><span class='ocrx_word' id='word_1_256' title='bbox 378 2004 403 2032; x_wconf 74' lang='grc' dir='ltr'>ι</span> <span class='ocrx_word' id='word_1_257' title='bbox 434 1991 627 2047; x_wconf 86' lang='lat' dir='ltr'><strong>Datum</strong></span> <span class='ocrx_word' id='word_1_258' title='bbox 659 2007 712 2046; x_wconf 83' lang='lat' dir='ltr'><strong>vt</strong></span> <span class='ocrx_word' id='word_1_259' title='bbox 750 1991 870 2046; x_wconf 86' lang='lat' dir='ltr'><strong>Kal.</strong></span> <span class='ocrx_word' id='word_1_260' title='bbox 897 1990 1167 2057; x_wconf 88' lang='lat' dir='ltr'><strong>Octobris,</strong></span> <span class='ocrx_word' id='word_1_261' title='bbox 1196 2006 1358 2057; x_wconf 91' lang='lat' dir='ltr'><strong>anno,</strong></span> <span class='ocrx_word' id='word_1_262' title='bbox 1386 1988 1604 2046; x_wconf 84' lang='lat' dir='ltr'><strong>Christo</strong></span> <span class='ocrx_word' id='word_1_263' title='bbox 1634 1987 1888 2059; x_wconf 80' lang='lat' dir='ltr'><strong>prapitio,</strong></span> 
     </span>
    </p>
   </div>
   <div class='ocr_carea' id='block_1_35' title="bbox 318 2079 1896 2155">
    <p class='ocr_par' dir='ltr' id='par_1_35' title="bbox 318 2079 1896 2155">
     <span class='ocr_line' id='line_1_35' title="bbox 318 2079 1896 2155; baseline -0.002 -20"><span class='ocrx_word' id='word_1_264' title='bbox 318 2083 378 2137; x_wconf 78' lang='lat' dir='ltr'><strong>I3</strong></span> <span class='ocrx_word' id='word_1_265' title='bbox 402 2081 549 2155; x_wconf 83' lang='lat' dir='ltr'><strong>[Leg.</strong></span> <span class='ocrx_word' id='word_1_266' title='bbox 586 2080 677 2155; x_wconf 65' lang='lat' dir='ltr'><strong>II]</strong></span> <span class='ocrx_word' id='word_1_267' title='bbox 705 2082 919 2152; x_wconf 91' lang='lat' dir='ltr'><strong>imperii</strong></span> <span class='ocrx_word' id='word_1_268' title='bbox 951 2080 1156 2136; x_wconf 90' lang='lat' dir='ltr'><strong>domini</strong></span> <span class='ocrx_word' id='word_1_269' title='bbox 1186 2080 1443 2135; x_wconf 90' lang='lat' dir='ltr'><strong>Ludovici</strong></span> <span class='ocrx_word' id='word_1_270' title='bbox 1472 2079 1817 2150; x_wconf 87' lang='lat' dir='ltr'><strong>imperatoris</strong></span> <span class='ocrx_word' id='word_1_271' title='bbox 1839 2086 1896 2132; x_wconf 90' lang='lat' dir='ltr'><strong>et</strong></span> 
     </span>
    </p>
   </div>
   <div class='ocr_carea' id='block_1_36' title="bbox 318 2170 1893 2241">
    <p class='ocr_par' dir='ltr' id='par_1_36' title="bbox 318 2170 1893 2241">
     <span class='ocr_line' id='line_1_36' title="bbox 318 2170 1893 2241; baseline -0.003 -12"><span class='ocrx_word' id='word_1_272' title='bbox 318 2174 554 2229; x_wconf 72' lang='lat' dir='ltr'><strong>Lotharii</strong></span> <span class='ocrx_word' id='word_1_273' title='bbox 579 2173 631 2239; x_wconf 83' lang='grc'><strong>6,</strong></span> <span class='ocrx_word' id='word_1_274' title='bbox 672 2173 966 2228; x_wconf 85' lang='lat' dir='ltr'><strong>indictione</strong></span> <span class='ocrx_word' id='word_1_275' title='bbox 996 2173 1049 2227; x_wconf 86' lang='lat'><strong>5.</strong></span> <span class='ocrx_word' id='word_1_276' title='bbox 1103 2171 1301 2227; x_wconf 83' lang='lat' dir='ltr'><strong>Actum</strong></span> <span class='ocrx_word' id='word_1_277' title='bbox 1330 2170 1664 2241; x_wconf 89' lang='lat' dir='ltr'><strong>Compendio</strong></span> <span class='ocrx_word' id='word_1_278' title='bbox 1691 2170 1893 2240; x_wconf 84' lang='lat' dir='ltr'><strong>palatio</strong></span> 
     </span>
    </p>
   </div>
   <div class='ocr_carea' id='block_1_37' title="bbox 318 2261 1417 2330">
    <p class='ocr_par' dir='ltr' id='par_1_37' title="bbox 318 2261 1417 2330">
     <span class='ocr_line' id='line_1_37' title="bbox 318 2261 1417 2330; baseline 0 -13"><span class='ocrx_word' id='word_1_279' title='bbox 318 2264 461 2330; x_wconf 73' lang='lat' dir='ltr'><strong>regio</strong></span> <span class='ocrx_word' id='word_1_280' title='bbox 492 2264 548 2319; x_wconf 91' lang='lat' dir='ltr'><strong>in</strong></span> <span class='ocrx_word' id='word_1_281' title='bbox 578 2264 675 2318; x_wconf 90' lang='lat' dir='ltr'><strong>Dei</strong></span> <span class='ocrx_word' id='word_1_282' title='bbox 697 2263 917 2318; x_wconf 89' lang='lat' dir='ltr'><strong>nomine</strong></span> <span class='ocrx_word' id='word_1_283' title='bbox 947 2261 1196 2316; x_wconf 87' lang='lat' dir='ltr'><strong>feliciter.</strong></span> <span class='ocrx_word' id='word_1_284' title='bbox 1224 2262 1417 2317; x_wconf 85' lang='lat' dir='ltr'><strong>Amen.</strong></span> 
     </span>
    </p>
   </div>
   <div class='ocr_carea' id='block_1_38' title="bbox 957 2352 1241 2408">
    <p class='ocr_par' dir='ltr' id='par_1_38' title="bbox 957 2352 1241 2408">
     <span class='ocr_line' id='line_1_38' title="bbox 957 2352 1241 2408; baseline -0.007 0"><span class='ocrx_word' id='word_1_285' title='bbox 957 2352 1241 2408; x_wconf 75' lang='lat' dir='ltr'><strong>CXXXVI.</strong></span> 
     </span>
    </p>
   </div>
   <div class='ocr_carea' id='block_1_39' title="bbox 344 2456 1850 2502">
    <p class='ocr_par' dir='ltr' id='par_1_39' title="bbox 344 2456 1850 2502">
     <span class='ocr_line' id='line_1_39' title="bbox 344 2456 1850 2502; baseline -0.003 -1"><span class='ocrx_word' id='word_1_286' title='bbox 344 2458 665 2502; x_wconf 68' lang='lat' dir='ltr'><strong>LOTIIAIIISUS</strong></span> <span class='ocrx_word' id='word_1_287' title='bbox 698 2459 823 2500; x_wconf 74' lang='grc' dir='ltr'><strong>Αυο.</strong></span> <span class='ocrx_word' id='word_1_288' title='bbox 863 2458 1204 2499; x_wconf 66' lang='grc' dir='ltr'><strong>ΙΟΝΛΒΤΕΜΟ</strong></span> <span class='ocrx_word' id='word_1_289' title='bbox 1240 2456 1629 2498; x_wconf 64' lang='grc' dir='ltr'><strong>Νοκλκτυιλκο</strong></span> <span class='ocrx_word' id='word_1_290' title='bbox 1669 2456 1850 2496; x_wconf 67' lang='grc' dir='ltr'>ιιωπΑ</span> 
     </span>
    </p>
   </div>
   <div class='ocr_carea' id='block_1_40' title="bbox 885 2528 1326 2568">
    <p class='ocr_par' dir='ltr' id='par_1_40' title="bbox 885 2528 1326 2568">
     <span class='ocr_line' id='line_1_40' title="bbox 885 2528 1326 2568; baseline -0.005 -2"><span class='ocrx_word' id='word_1_291' title='bbox 885 2528 1021 2568; x_wconf 75' lang='lat' dir='ltr'><strong>BONA</strong></span> <span class='ocrx_word' id='word_1_292' title='bbox 1060 2528 1326 2567; x_wconf 76' lang='lat' dir='ltr'><strong>CONFEB’I‘.</strong></span> 
     </span>
    </p>
   </div>
   <div class='ocr_carea' id='block_1_41' title="bbox 920 2600 1295 2674">
    <p class='ocr_par' dir='ltr' id='par_1_41' title="bbox 920 2600 1295 2674">
     <span class='ocr_line' id='line_1_41' title="bbox 920 2600 1295 2674; baseline -0.003 -19"><span class='ocrx_word' id='word_1_293' title='bbox 920 2600 1093 2674; x_wconf 83' lang='lat' dir='ltr'><strong>(Anno</strong></span> <span class='ocrx_word' id='word_1_294' title='bbox 1143 2600 1295 2673; x_wconf 72' lang='grc'><strong>827.)</strong></span> 
     </span>
    </p>
   </div>
   <div class='ocr_carea' id='block_1_42' title="bbox 364 2689 1852 2766">
    <p class='ocr_par' dir='ltr' id='par_1_42' title="bbox 364 2689 1852 2766">
     <span class='ocr_line' id='line_1_42' title="bbox 364 2689 1852 2766; baseline -0.001 -18"><span class='ocrx_word' id='word_1_295' title='bbox 364 2693 547 2766; x_wconf 66' lang='lat' dir='ltr'><strong>[Apud</strong></span> <span class='ocrx_word' id='word_1_296' title='bbox 574 2691 859 2759; x_wconf 80' lang='lat' dir='ltr'><strong>Muratori,</strong></span> <span class='ocrx_word' id='word_1_297' title='bbox 890 2691 1071 2764; x_wconf 82' lang='lat' dir='ltr'><strong>Antiq.</strong></span> <span class='ocrx_word' id='word_1_298' title='bbox 1102 2691 1257 2759; x_wconf 87' lang='lat' dir='ltr'><strong>Ital.,</strong></span> <span class='ocrx_word' id='word_1_299' title='bbox 1289 2700 1419 2748; x_wconf 89' lang='lat' dir='ltr'><strong>tom.</strong></span> <span class='ocrx_word' id='word_1_300' title='bbox 1449 2691 1512 2758; x_wconf 87' lang='lat' dir='ltr'><strong>ll,</strong></span> <span class='ocrx_word' id='word_1_301' title='bbox 1545 2708 1669 2764; x_wconf 91' lang='lat' dir='ltr'><strong>pag.</strong></span> <span class='ocrx_word' id='word_1_302' title='bbox 1695 2689 1852 2764; x_wconf 74' lang='lat'><strong>197.]</strong></span> 
     </span>
    </p>
   </div>
   <div class='ocr_carea' id='block_1_43' title="bbox 388 2781 1899 2855">
    <p class='ocr_par' dir='ltr' id='par_1_43' title="bbox 388 2781 1899 2855">
     <span class='ocr_line' id='line_1_43' title="bbox 388 2781 1899 2855; baseline 0.001 -16"><span class='ocrx_word' id='word_1_303' title='bbox 388 2784 597 2839; x_wconf 90' lang='lat' dir='ltr'><strong>Domno</strong></span> <span class='ocrx_word' id='word_1_304' title='bbox 619 2781 879 2837; x_wconf 89' lang='lat' dir='ltr'><strong>Lothario</strong></span> <span class='ocrx_word' id='word_1_305' title='bbox 903 2782 1151 2853; x_wconf 80' lang='lat' dir='ltr'><strong>Augusto</strong></span> <span class='ocrx_word' id='word_1_306' title='bbox 1176 2782 1402 2855; x_wconf 86' lang='lat' dir='ltr'><strong>paciﬁco</strong></span> <span class='ocrx_word' id='word_1_307' title='bbox 1428 2785 1755 2854; x_wconf 88' lang='lat' dir='ltr'><strong>imperatore</strong></span> <span class='ocrx_word' id='word_1_308' title='bbox 1783 2784 1899 2847; x_wconf 81' lang='lat' dir='ltr'><strong>Au-</strong></span> 
     </span>
    </p>
   </div>
   <div class='ocr_carea' id='block_1_44' title="bbox 326 2871 1903 2944">
    <p class='ocr_par' dir='ltr' id='par_1_44' title="bbox 326 2871 1903 2944">
     <span class='ocr_line' id='line_1_44' title="bbox 326 2871 1903 2944; baseline 0.003 -16"><span class='ocrx_word' id='word_1_309' title='bbox 326 2881 510 2944; x_wconf 67' lang='lat' dir='ltr'><strong>gusto,</strong></span> <span class='ocrx_word' id='word_1_310' title='bbox 550 2871 899 2929; x_wconf 81' lang='lat' dir='ltr'><strong>serenissima</strong></span> <span class='ocrx_word' id='word_1_311' title='bbox 924 2873 1292 2933; x_wconf 76' lang='lat' dir='ltr'><strong>Romanorum</strong></span> <span class='ocrx_word' id='word_1_312' title='bbox 1320 2874 1572 2944; x_wconf 90' lang='lat' dir='ltr'><strong>patricio,</strong></span> <span class='ocrx_word' id='word_1_313' title='bbox 1612 2890 1643 2929; x_wconf 91' lang='lat' dir='ltr'><strong>a</strong></span> <span class='ocrx_word' id='word_1_314' title='bbox 1673 2874 1785 2931; x_wconf 87' lang='lat' dir='ltr'><strong>Deo</strong></span> <span class='ocrx_word' id='word_1_315' title='bbox 1811 2891 1903 2932; x_wconf 90' lang='lat' dir='ltr'><strong>co-</strong></span> 
     </span>
    </p>
   </div>
   <div class='ocr_carea' id='block_1_45' title="bbox 323 2956 1900 3034">
    <p class='ocr_par' dir='ltr' id='par_1_45' title="bbox 323 2956 1900 3034">
     <span class='ocr_line' id='line_1_45' title="bbox 323 2956 1900 3034; baseline 0.004 -18"><span class='ocrx_word' id='word_1_316' title='bbox 323 2970 534 3029; x_wconf 81' lang='lat' dir='ltr'><strong>ronato,</strong></span> <span class='ocrx_word' id='word_1_317' title='bbox 587 2963 771 3018; x_wconf 89' lang='lat' dir='ltr'><strong>sedem</strong></span> <span class='ocrx_word' id='word_1_318' title='bbox 814 2956 1130 3034; x_wconf 74' lang='lat' dir='ltr'><strong>pacificum,</strong></span> <span class='ocrx_word' id='word_1_319' title='bbox 1180 2962 1573 3021; x_wconf 88' lang='lat' dir='ltr'><strong>beatitudinem</strong></span> <span class='ocrx_word' id='word_1_320' title='bbox 1621 2971 1900 3022; x_wconf 88' lang='lat' dir='ltr'><strong>tenentem</strong></span> 
     </span>
    </p>
   </div>
   <div class='ocr_carea' id='block_1_46' title="bbox 322 3052 1171 3124">
    <p class='ocr_par' dir='ltr' id='par_1_46' title="bbox 322 3052 1171 3124">
     <span class='ocr_line' id='line_1_46' title="bbox 322 3052 1171 3124; baseline -0.001 -15"><span class='ocrx_word' id='word_1_321' title='bbox 322 3053 642 3119; x_wconf 79' lang='lat' dir='ltr'><strong>Romanam,</strong></span> <span class='ocrx_word' id='word_1_322' title='bbox 668 3052 1171 3124; x_wconf 88' lang='lat' dir='ltr'><strong>Longobardorum.</strong></span> 
     </span>
    </p>
   </div>
   <div class='ocr_carea' id='block_1_47' title="bbox 1989 1902 3569 1977">
    <p class='ocr_par' dir='ltr' id='par_1_47' title="bbox 1989 1902 3569 1977">
     <span class='ocr_line' id='line_1_47' title="bbox 1989 1902 3569 1977; baseline 0.007 -21"><span class='ocrx_word' id='word_1_323' title='bbox 1989 1902 2294 1967; x_wconf 88' lang='lat' dir='ltr'><strong>censurias,</strong></span> <span class='ocrx_word' id='word_1_324' title='bbox 2326 1903 2440 1958; x_wconf 90' lang='lat' dir='ltr'><strong>sive</strong></span> <span class='ocrx_word' id='word_1_325' title='bbox 2461 1903 2778 1961; x_wconf 87' lang='lat' dir='ltr'><strong>donnicatas</strong></span> <span class='ocrx_word' id='word_1_326' title='bbox 2801 1906 2887 1961; x_wconf 89' lang='lat' dir='ltr'><strong>vel</strong></span> <span class='ocrx_word' id='word_1_327' title='bbox 2915 1906 3264 1977; x_wconf 89' lang='lat' dir='ltr'><strong>colonicatas,</strong></span> <span class='ocrx_word' id='word_1_328' title='bbox 3293 1911 3569 1967; x_wconf 89' lang='lat' dir='ltr'><strong>actoribus</strong></span> 
     </span>
    </p>
   </div>
   <div class='ocr_carea' id='block_1_48' title="bbox 1992 1992 3572 2072">
    <p class='ocr_par' dir='ltr' id='par_1_48' title="bbox 1992 1992 3572 2072">
     <span class='ocr_line' id='line_1_48' title="bbox 1992 1992 3572 2072; baseline 0.008 -26"><span class='ocrx_word' id='word_1_329' title='bbox 1992 1992 2061 2049; x_wconf 90' lang='lat' dir='ltr'><strong>ad</strong></span> <span class='ocrx_word' id='word_1_330' title='bbox 2086 1994 2309 2049; x_wconf 88' lang='lat' dir='ltr'><strong>easdem</strong></span> <span class='ocrx_word' id='word_1_331' title='bbox 2348 2033 2363 2048; x_wconf 96' lang='lat'><strong>.</strong></span> <span class='ocrx_word' id='word_1_332' title='bbox 2408 2034 2421 2048; x_wconf 94' lang='lat'><strong>.</strong></span> <span class='ocrx_word' id='word_1_333' title='bbox 2468 2035 2481 2047; x_wconf 94' lang='lat'><strong>.</strong></span> <span class='ocrx_word' id='word_1_334' title='bbox 2526 2034 2541 2050; x_wconf 96' lang='lat'><strong>.</strong></span> <span class='ocrx_word' id='word_1_335' title='bbox 2580 1997 2745 2051; x_wconf 84' lang='lat' dir='ltr'><strong>rebus</strong></span> <span class='ocrx_word' id='word_1_336' title='bbox 2781 1997 3110 2068; x_wconf 80' lang='lat' dir='ltr'><strong>generaliter</strong></span> <span class='ocrx_word' id='word_1_337' title='bbox 3138 2000 3227 2056; x_wconf 89' lang='lat' dir='ltr'><strong>vel</strong></span> <span class='ocrx_word' id='word_1_338' title='bbox 3264 2002 3572 2072; x_wconf 88' lang='lat' dir='ltr'><strong>specialiter</strong></span> 
     </span>
    </p>
   </div>
   <div class='ocr_carea' id='block_1_49' title="bbox 1989 2083 3573 2159">
    <p class='ocr_par' dir='ltr' id='par_1_49' title="bbox 1989 2083 3573 2159">
     <span class='ocr_line' id='line_1_49' title="bbox 1989 2083 3573 2159; baseline 0.008 -23"><span class='ocrx_word' id='word_1_339' title='bbox 1989 2083 2388 2152; x_wconf 85' lang='lat' dir='ltr'><strong>pertinentibus</strong></span> <span class='ocrx_word' id='word_1_340' title='bbox 2427 2085 2513 2140; x_wconf 91' lang='lat' dir='ltr'><strong>vel</strong></span> <span class='ocrx_word' id='word_1_341' title='bbox 2559 2086 2932 2156; x_wconf 89' lang='lat' dir='ltr'><strong>adjacentibus</strong></span> <span class='ocrx_word' id='word_1_342' title='bbox 2960 2088 3015 2143; x_wconf 90' lang='lat' dir='ltr'><strong>in</strong></span> <span class='ocrx_word' id='word_1_343' title='bbox 3047 2089 3217 2159; x_wconf 90' lang='lat' dir='ltr'><strong>ipsius</strong></span> <span class='ocrx_word' id='word_1_344' title='bbox 3250 2092 3490 2150; x_wconf 87' lang='lat' dir='ltr'><strong>conﬁnes</strong></span> <span class='ocrx_word' id='word_1_345' title='bbox 3517 2106 3573 2150; x_wconf 87' lang='lat' dir='ltr'><strong>et</strong></span> 
     </span>
    </p>
   </div>
   <div class='ocr_carea' id='block_1_50' title="bbox 1993 2173 3572 2250">
    <p class='ocr_par' dir='ltr' id='par_1_50' title="bbox 1993 2173 3572 2250">
     <span class='ocr_line' id='line_1_50' title="bbox 1993 2173 3572 2250; baseline 0.008 -23"><span class='ocrx_word' id='word_1_346' title='bbox 1993 2173 2206 2240; x_wconf 88' lang='lat' dir='ltr'><strong>latera,</strong></span> <span class='ocrx_word' id='word_1_347' title='bbox 2260 2184 2423 2245; x_wconf 90' lang='lat' dir='ltr'><strong>atque</strong></span> <span class='ocrx_word' id='word_1_348' title='bbox 2461 2177 2528 2231; x_wconf 92' lang='lat' dir='ltr'><strong>ad</strong></span> <span class='ocrx_word' id='word_1_349' title='bbox 2574 2179 2946 2250; x_wconf 89' lang='lat' dir='ltr'><strong>suprascripta</strong></span> <span class='ocrx_word' id='word_1_350' title='bbox 2991 2178 3222 2237; x_wconf 80' lang='lat' dir='ltr'><strong>fundora</strong></span> <span class='ocrx_word' id='word_1_351' title='bbox 3270 2193 3327 2240; x_wconf 92' lang='lat' dir='ltr'><strong>et</strong></span> <span class='ocrx_word' id='word_1_352' title='bbox 3373 2186 3572 2242; x_wconf 77' lang='lat' dir='ltr'><strong>casalia</strong></span> 
     </span>
    </p>
   </div>
   <div class='ocr_carea' id='block_1_51' title="bbox 1994 2264 3577 2343">
    <p class='ocr_par' dir='ltr' id='par_1_51' title="bbox 1994 2264 3577 2343">
     <span class='ocr_line' id='line_1_51' title="bbox 1994 2264 3577 2343; baseline 0.008 -25"><span class='ocrx_word' id='word_1_353' title='bbox 1994 2264 2328 2333; x_wconf 88' lang='lat' dir='ltr'><strong>pertinentes</strong></span> <span class='ocrx_word' id='word_1_354' title='bbox 2357 2266 2442 2321; x_wconf 89' lang='lat' dir='ltr'><strong>vel</strong></span> <span class='ocrx_word' id='word_1_355' title='bbox 2485 2265 2796 2335; x_wconf 88' lang='lat' dir='ltr'><strong>adjacentes</strong></span> <span class='ocrx_word' id='word_1_356' title='bbox 2818 2308 2834 2335; x_wconf 96' lang='lat'><strong>,</strong></span> <span class='ocrx_word' id='word_1_357' title='bbox 2881 2269 2967 2324; x_wconf 88' lang='lat' dir='ltr'><strong>vel</strong></span> <span class='ocrx_word' id='word_1_358' title='bbox 2993 2270 3061 2325; x_wconf 89' lang='lat' dir='ltr'><strong>da</strong></span> <span class='ocrx_word' id='word_1_359' title='bbox 3091 2271 3208 2343; x_wconf 91' lang='lat' dir='ltr'><strong>ipso</strong></span> <span class='ocrx_word' id='word_1_360' title='bbox 3246 2278 3577 2332; x_wconf 88' lang='lat' dir='ltr'><strong>monasterio</strong></span> 
     </span>
    </p>
   </div>
   <div class='ocr_carea' id='block_1_52' title="bbox 1995 2356 3577 2428">
    <p class='ocr_par' dir='ltr' id='par_1_52' title="bbox 1995 2356 3577 2428">
     <span class='ocr_line' id='line_1_52' title="bbox 1995 2356 3577 2428; baseline 0.008 -19"><span class='ocrx_word' id='word_1_361' title='bbox 1995 2356 2311 2410; x_wconf 90' lang='lat' dir='ltr'><strong>donnicatas</strong></span> <span class='ocrx_word' id='word_1_362' title='bbox 2349 2356 2436 2411; x_wconf 91' lang='lat' dir='ltr'><strong>vel</strong></span> <span class='ocrx_word' id='word_1_363' title='bbox 2467 2356 2792 2413; x_wconf 88' lang='lat' dir='ltr'><strong>colonicatas</strong></span> <span class='ocrx_word' id='word_1_364' title='bbox 2820 2359 2876 2412; x_wconf 93' lang='lat' dir='ltr'><strong>in</strong></span> <span class='ocrx_word' id='word_1_365' title='bbox 2906 2360 3025 2428; x_wconf 90' lang='lat' dir='ltr'><strong>ipso</strong></span> <span class='ocrx_word' id='word_1_366' title='bbox 3056 2363 3350 2419; x_wconf 88' lang='lat' dir='ltr'><strong>venerabili</strong></span> <span class='ocrx_word' id='word_1_367' title='bbox 3388 2380 3577 2420; x_wconf 85' lang='lat' dir='ltr'><strong>mona-</strong></span> 
     </span>
    </p>
   </div>
   <div class='ocr_carea' id='block_1_53' title="bbox 1995 2444 3577 2527">
    <p class='ocr_par' dir='ltr' id='par_1_53' title="bbox 1995 2444 3577 2527">
     <span class='ocr_line' id='line_1_53' title="bbox 1995 2444 3577 2527; baseline 0.008 -29"><span class='ocrx_word' id='word_1_368' title='bbox 1995 2444 2165 2498; x_wconf 82' lang='lat' dir='ltr'><strong>sterio</strong></span> <span class='ocrx_word' id='word_1_369' title='bbox 2195 2444 2306 2498; x_wconf 91' lang='lat' dir='ltr'><strong>sint</strong></span> <span class='ocrx_word' id='word_1_370' title='bbox 2348 2444 2631 2516; x_wconf 82' lang='lat' dir='ltr'><strong>privilegio</strong></span> <span class='ocrx_word' id='word_1_371' title='bbox 2672 2450 2878 2517; x_wconf 90' lang='lat' dir='ltr'><strong>positas</strong></span> <span class='ocrx_word' id='word_1_372' title='bbox 2920 2449 3039 2527; x_wconf 74' lang='lat' dir='ltr'><strong>sine</strong></span> <span class='ocrx_word' id='word_1_373' title='bbox 3076 2450 3259 2522; x_wconf 78' lang='lat' dir='ltr'><strong>aliquo</strong></span> <span class='ocrx_word' id='word_1_374' title='bbox 3293 2455 3577 2512; x_wconf 73' lang='lat' dir='ltr'><strong>obstaculo</strong></span> 
     </span>
    </p>
   </div>
   <div class='ocr_carea' id='block_1_54' title="bbox 1995 2534 3580 2618">
    <p class='ocr_par' dir='ltr' id='par_1_54' title="bbox 1995 2534 3580 2618">
     <span class='ocr_line' id='line_1_54' title="bbox 1995 2534 3580 2618; baseline 0.01 -31"><span class='ocrx_word' id='word_1_375' title='bbox 1995 2534 2082 2589; x_wconf 89' lang='lat' dir='ltr'><strong>vel</strong></span> <span class='ocrx_word' id='word_1_376' title='bbox 2113 2534 2523 2604; x_wconf 91' lang='lat' dir='ltr'><strong>opposicionem</strong></span> <span class='ocrx_word' id='word_1_377' title='bbox 2550 2536 2779 2610; x_wconf 80' lang='lat' dir='ltr'><strong>alicujus</strong></span> <span class='ocrx_word' id='word_1_378' title='bbox 2807 2541 3219 2598; x_wconf 90' lang='lat' dir='ltr'><strong>contrarietatis</strong></span> <span class='ocrx_word' id='word_1_379' title='bbox 3252 2552 3437 2601; x_wconf 88' lang='lat' dir='ltr'><strong>nostra</strong></span> <span class='ocrx_word' id='word_1_380' title='bbox 3464 2546 3580 2618; x_wconf 86' lang='lat' dir='ltr'><strong>ple-</strong></span> 
     </span>
    </p>
   </div>
   <div class='ocr_carea' id='block_1_55' title="bbox 2001 2626 3576 2707">
    <p class='ocr_par' dir='ltr' id='par_1_55' title="bbox 2001 2626 3576 2707">
     <span class='ocr_line' id='line_1_55' title="bbox 2001 2626 3576 2707; baseline 0.008 -26"><span class='ocrx_word' id='word_1_381' title='bbox 2001 2626 2231 2681; x_wconf 88' lang='lat' dir='ltr'><strong>nissima</strong></span> <span class='ocrx_word' id='word_1_382' title='bbox 2255 2626 2574 2699; x_wconf 86' lang='lat' dir='ltr'><strong>largicione.</strong></span> <span class='ocrx_word' id='word_1_383' title='bbox 2640 2630 2792 2686; x_wconf 90' lang='lat' dir='ltr'><strong>Unde</strong></span> <span class='ocrx_word' id='word_1_384' title='bbox 2838 2639 2899 2685; x_wconf 93' lang='lat' dir='ltr'><strong>ut</strong></span> <span class='ocrx_word' id='word_1_385' title='bbox 2945 2647 3279 2704; x_wconf 83' lang='lat' dir='ltr'><strong>quaecunque</strong></span> <span class='ocrx_word' id='word_1_386' title='bbox 3321 2651 3576 2707; x_wconf 86' lang='lat' dir='ltr'><strong>persona,</strong></span> 
     </span>
    </p>
   </div>
   <div class='ocr_carea' id='block_1_56' title="bbox 2000 2726 3582 2795">
    <p class='ocr_par' dir='ltr' id='par_1_56' title="bbox 2000 2726 3582 2795">
     <span class='ocr_line' id='line_1_56' title="bbox 2000 2726 3582 2795; baseline 0.008 -24"><span class='ocrx_word' id='word_1_387' title='bbox 2000 2731 2121 2788; x_wconf 64' lang='lat' dir='ltr'><strong>quae</strong></span> <span class='ocrx_word' id='word_1_388' title='bbox 2169 2726 2356 2773; x_wconf 85' lang='lat' dir='ltr'><strong>nostro</strong></span> <span class='ocrx_word' id='word_1_389' title='bbox 2390 2728 2663 2791; x_wconf 72' lang='lat' dir='ltr'><strong>prmcepto</strong></span> <span class='ocrx_word' id='word_1_390' title='bbox 2705 2729 2968 2777; x_wconf 88' lang='lat' dir='ltr'><strong>statutum</strong></span> <span class='ocrx_word' id='word_1_391' title='bbox 3008 2733 3122 2791; x_wconf 87' lang='lat' dir='ltr'><strong>est,</strong></span> <span class='ocrx_word' id='word_1_392' title='bbox 3155 2741 3376 2795; x_wconf 88' lang='lat' dir='ltr'><strong>conare,</strong></span> <span class='ocrx_word' id='word_1_393' title='bbox 3407 2728 3582 2784; x_wconf 86' lang='lat' dir='ltr'><strong>invio-</strong></span> 
     </span>
    </p>
   </div>
   <div class='ocr_carea' id='block_1_57' title="bbox 2001 2809 3584 2894">
    <p class='ocr_par' dir='ltr' id='par_1_57' title="bbox 2001 2809 3584 2894">
     <span class='ocr_line' id='line_1_57' title="bbox 2001 2809 3584 2894; baseline 0.009 -32"><span class='ocrx_word' id='word_1_394' title='bbox 2001 2810 2116 2864; x_wconf 86' lang='lat' dir='ltr'><strong>lare</strong></span> <span class='ocrx_word' id='word_1_395' title='bbox 2144 2817 2238 2865; x_wconf 90' lang='lat' dir='ltr'><strong>aut</strong></span> <span class='ocrx_word' id='word_1_396' title='bbox 2264 2809 2576 2883; x_wconf 79' lang='lat' dir='ltr'><strong>infringere,</strong></span> <span class='ocrx_word' id='word_1_397' title='bbox 2604 2813 2711 2869; x_wconf 89' lang='lat' dir='ltr'><strong>siat</strong></span> <span class='ocrx_word' id='word_1_398' title='bbox 2735 2828 2795 2870; x_wconf 90' lang='lat' dir='ltr'><strong>se</strong></span> <span class='ocrx_word' id='word_1_399' title='bbox 2823 2818 3259 2887; x_wconf 85' lang='lat' dir='ltr'><strong>compositurum</strong></span> <span class='ocrx_word' id='word_1_400' title='bbox 3292 2833 3584 2894; x_wconf 76' lang='lat' dir='ltr'><strong>cognoscat</strong></span> 
     </span>
    </p>
   </div>
   <div class='ocr_carea' id='block_1_58' title="bbox 2002 2900 3585 2967">
    <p class='ocr_par' dir='ltr' id='par_1_58' title="bbox 2002 2900 3585 2967">
     <span class='ocr_line' id='line_1_58' title="bbox 2002 2900 3585 2967; baseline 0.007 -13"><span class='ocrx_word' id='word_1_401' title='bbox 2002 2900 2203 2956; x_wconf 89' lang='lat' dir='ltr'><strong>mulcta</strong></span> <span class='ocrx_word' id='word_1_402' title='bbox 2229 2915 2362 2957; x_wconf 91' lang='lat' dir='ltr'><strong>auro</strong></span> <span class='ocrx_word' id='word_1_403' title='bbox 2387 2903 2572 2959; x_wconf 88' lang='lat' dir='ltr'><strong>obrizo</strong></span> <span class='ocrx_word' id='word_1_404' title='bbox 2615 2918 2903 2961; x_wconf 89' lang='lat' dir='ltr'><strong>mancosos</strong></span> <span class='ocrx_word' id='word_1_405' title='bbox 2955 2916 3194 2963; x_wconf 89' lang='lat' dir='ltr'><strong>centum.</strong></span> <span class='ocrx_word' id='word_1_406' title='bbox 3253 2908 3451 2966; x_wconf 84' lang='lat' dir='ltr'><strong>Nostra</strong></span> <span class='ocrx_word' id='word_1_407' title='bbox 3480 2911 3585 2967; x_wconf 85' lang='lat' dir='ltr'><strong>ita-</strong></span> 
     </span>
    </p>
   </div>
   <div class='ocr_carea' id='block_1_59' title="bbox 2002 2995 3463 3072">
    <p class='ocr_par' dir='ltr' id='par_1_59' title="bbox 2002 2995 3463 3072">
     <span class='ocr_line' id='line_1_59' title="bbox 2002 2995 3463 3072; baseline 0.006 -25"><span class='ocrx_word' id='word_1_408' title='bbox 2002 3007 2108 3063; x_wconf 86' lang='lat' dir='ltr'><strong>que</strong></span> <span class='ocrx_word' id='word_1_409' title='bbox 2132 3002 2335 3050; x_wconf 85' lang='lat' dir='ltr'><strong>statuta</strong></span> <span class='ocrx_word' id='word_1_410' title='bbox 2366 2995 2755 3053; x_wconf 88' lang='lat' dir='ltr'><strong>inviolabiliter</strong></span> <span class='ocrx_word' id='word_1_411' title='bbox 2782 3000 3073 3057; x_wconf 87' lang='lat' dir='ltr'><strong>observare</strong></span> <span class='ocrx_word' id='word_1_412' title='bbox 3099 3002 3463 3072; x_wconf 76' lang='lat' dir='ltr'><strong>praecipimus.</strong></span> 
     </span>
    </p>
   </div>
   <div class='ocr_carea' id='block_1_60' title="bbox 2073 3083 3584 3164">
    <p class='ocr_par' dir='ltr' id='par_1_60' title="bbox 2073 3083 3584 3164">
     <span class='ocr_line' id='line_1_60' title="bbox 2073 3083 3584 3164; baseline 0.009 -28"><span class='ocrx_word' id='word_1_413' title='bbox 2073 3083 2270 3141; x_wconf 88' lang='lat' dir='ltr'><strong>Datum</strong></span> <span class='ocrx_word' id='word_1_414' title='bbox 2299 3085 2399 3139; x_wconf 88' lang='lat' dir='ltr'><strong>sub</strong></span> <span class='ocrx_word' id='word_1_415' title='bbox 2420 3085 2507 3140; x_wconf 90' lang='lat' dir='ltr'><strong>die</strong></span> <span class='ocrx_word' id='word_1_416' title='bbox 2533 3093 2588 3141; x_wconf 86' lang='lat' dir='ltr'><strong>et</strong></span> <span class='ocrx_word' id='word_1_417' title='bbox 2613 3100 2797 3143; x_wconf 89' lang='lat' dir='ltr'><strong>mense</strong></span> <span class='ocrx_word' id='word_1_418' title='bbox 2810 3086 3076 3160; x_wconf 85' lang='lat' dir='ltr'><strong>Augusto,</strong></span> <span class='ocrx_word' id='word_1_419' title='bbox 3094 3091 3363 3149; x_wconf 85' lang='lat' dir='ltr'><strong>iudicione</strong></span> <span class='ocrx_word' id='word_1_420' title='bbox 3376 3093 3584 3164; x_wconf 84' lang='lat' dir='ltr'><strong>quinta.</strong></span> 
     </span>
    </p>
   </div>
   <div class='ocr_carea' id='block_1_61' title="bbox 391 3145 1907 3248">
    <p class='ocr_par' dir='ltr' id='par_1_61' title="bbox 391 3145 1898 3216">
     <span class='ocr_line' id='line_1_61' title="bbox 391 3145 1898 3216; baseline 0 -13"><span class='ocrx_word' id='word_1_421' title='bbox 391 3146 659 3203; x_wconf 88' lang='lat' dir='ltr'><strong>Omnibus</strong></span> <span class='ocrx_word' id='word_1_422' title='bbox 687 3145 900 3216; x_wconf 89' lang='lat' dir='ltr'><strong>imperii</strong></span> <span class='ocrx_word' id='word_1_423' title='bbox 927 3147 1011 3203; x_wconf 88' lang='lat' dir='ltr'><strong>sui</strong></span> <span class='ocrx_word' id='word_1_424' title='bbox 1041 3154 1097 3202; x_wconf 91' lang='lat' dir='ltr'><strong>et</strong></span> <span class='ocrx_word' id='word_1_425' title='bbox 1129 3145 1534 3203; x_wconf 88' lang='lat' dir='ltr'><strong>venerabilibus</strong></span> <span class='ocrx_word' id='word_1_426' title='bbox 1566 3145 1702 3203; x_wconf 90' lang='lat' dir='ltr'><strong>locis</strong></span> <span class='ocrx_word' id='word_1_427' title='bbox 1733 3147 1898 3203; x_wconf 86' lang='lat' dir='ltr'><strong>debe-</strong></span> 
     </span>
    </p>
   </div>
   <div class='ocr_carea' id='block_1_62' title="bbox 2011 3145 3004 3248">
    <p class='ocr_par' dir='ltr' id='par_1_62' title="bbox 2078 3145 3004 3248">
     <span class='ocr_line' id='line_1_62' title="bbox 2078 3145 3004 3248; baseline 0.008 -20"><span class='ocrx_word' id='word_1_428' title='bbox 2078 3174 2372 3231; x_wconf 88' lang='lat' dir='ltr'><strong>Lotharius</strong></span> <span class='ocrx_word' id='word_1_429' title='bbox 2397 3174 2673 3247; x_wconf 82' lang='lat' dir='ltr'><strong>Augustus</strong></span> <span class='ocrx_word' id='word_1_430' title='bbox 2696 3145 3004 3248; x_wconf 43' lang='lat' dir='ltr'><strong>impera‘t’or.</strong></span> 
     </span>
    </p>
   </div>
   <div class='ocr_carea' id='block_1_63' title="bbox 324 3241 1907 3313">
    <p class='ocr_par' dir='ltr' id='par_1_63' title="bbox 324 3241 1907 3313">
     <span class='ocr_line' id='line_1_63' title="bbox 324 3241 1907 3313; baseline 0.003 -18"><span class='ocrx_word' id='word_1_431' title='bbox 324 3255 384 3296; x_wconf 89' lang='lat' dir='ltr'><strong>re</strong></span> <span class='ocrx_word' id='word_1_432' title='bbox 427 3250 648 3297; x_wconf 86' lang='lat' dir='ltr'><strong>cautum</strong></span> <span class='ocrx_word' id='word_1_433' title='bbox 688 3249 774 3295; x_wconf 90' lang='lat' dir='ltr'><strong>est</strong></span> <span class='ocrx_word' id='word_1_434' title='bbox 810 3241 1196 3298; x_wconf 88' lang='lat' dir='ltr'><strong>venerabiliter</strong></span> <span class='ocrx_word' id='word_1_435' title='bbox 1238 3243 1515 3313; x_wconf 85' lang='lat' dir='ltr'><strong>expositas</strong></span> <span class='ocrx_word' id='word_1_436' title='bbox 1558 3242 1615 3298; x_wconf 90' lang='lat' dir='ltr'><strong>in</strong></span> <span class='ocrx_word' id='word_1_437' title='bbox 1655 3244 1907 3300; x_wconf 86' lang='lat' dir='ltr'><strong>omnibus</strong></span> 
     </span>
    </p>
   </div>
   <div class='ocr_carea' id='block_1_64' title="bbox 329 3333 1908 3405">
    <p class='ocr_par' dir='ltr' id='par_1_64' title="bbox 329 3333 1908 3405">
     <span class='ocr_line' id='line_1_64' title="bbox 329 3333 1908 3405; baseline 0.003 -17"><span class='ocrx_word' id='word_1_438' title='bbox 329 3333 537 3402; x_wconf 69' lang='lat' dir='ltr'><strong>legibus</strong></span> <span class='ocrx_word' id='word_1_439' title='bbox 560 3374 573 3386; x_wconf 92' lang='lat'><strong>.</strong></span> <span class='ocrx_word' id='word_1_440' title='bbox 594 3373 609 3389; x_wconf 94' lang='lat'><strong>.</strong></span> <span class='ocrx_word' id='word_1_441' title='bbox 629 3372 643 3386; x_wconf 93' lang='lat'><strong>.</strong></span> <span class='ocrx_word' id='word_1_442' title='bbox 668 3374 680 3388; x_wconf 93' lang='lat'><strong>.</strong></span> <span class='ocrx_word' id='word_1_443' title='bbox 701 3373 713 3386; x_wconf 92' lang='lat'><strong>.</strong></span> <span class='ocrx_word' id='word_1_444' title='bbox 736 3374 749 3387; x_wconf 94' lang='lat'><strong>.</strong></span> <span class='ocrx_word' id='word_1_445' title='bbox 784 3342 1113 3405; x_wconf 79' lang='lat' dir='ltr'><strong>praeceptum</strong></span> <span class='ocrx_word' id='word_1_446' title='bbox 1152 3334 1208 3390; x_wconf 93' lang='lat' dir='ltr'><strong>in</strong></span> <span class='ocrx_word' id='word_1_447' title='bbox 1242 3334 1540 3391; x_wconf 86' lang='lat' dir='ltr'><strong>venerabili</strong></span> <span class='ocrx_word' id='word_1_448' title='bbox 1576 3337 1908 3393; x_wconf 87' lang='lat' dir='ltr'><strong>monasterio</strong></span> 
     </span>
    </p>
   </div>
   <div class='ocr_carea' id='block_1_65' title="bbox 331 3424 1911 3499">
    <p class='ocr_par' dir='ltr' id='par_1_65' title="bbox 331 3424 1911 3499">
     <span class='ocr_line' id='line_1_65' title="bbox 331 3424 1911 3499; baseline 0.002 -19"><span class='ocrx_word' id='word_1_449' title='bbox 331 3425 486 3480; x_wconf 87' lang='lat' dir='ltr'><strong>nobis</strong></span> <span class='ocrx_word' id='word_1_450' title='bbox 512 3440 612 3496; x_wconf 90' lang='lat' dir='ltr'><strong>pro</strong></span> <span class='ocrx_word' id='word_1_451' title='bbox 638 3465 652 3480; x_wconf 94' lang='lat'><strong>.</strong></span> <span class='ocrx_word' id='word_1_452' title='bbox 674 3465 687 3479; x_wconf 92' lang='lat'><strong>.</strong></span> <span class='ocrx_word' id='word_1_453' title='bbox 707 3466 722 3480; x_wconf 94' lang='lat'><strong>.</strong></span> <span class='ocrx_word' id='word_1_454' title='bbox 752 3428 861 3481; x_wconf 89' lang='lat' dir='ltr'><strong>tivo</strong></span> <span class='ocrx_word' id='word_1_455' title='bbox 889 3424 1194 3498; x_wconf 79' lang='lat' dir='ltr'><strong>exposituin</strong></span> <span class='ocrx_word' id='word_1_456' title='bbox 1228 3434 1333 3484; x_wconf 89' lang='lat' dir='ltr'><strong>est.</strong></span> <span class='ocrx_word' id='word_1_457' title='bbox 1384 3428 1461 3484; x_wconf 93' lang='lat' dir='ltr'><strong>De</strong></span> <span class='ocrx_word' id='word_1_458' title='bbox 1487 3428 1780 3499; x_wconf 85' lang='lat' dir='ltr'><strong>aliquantis</strong></span> <span class='ocrx_word' id='word_1_459' title='bbox 1813 3430 1911 3484; x_wconf 88' lang='lat' dir='ltr'><strong>ita-</strong></span> 
     </span>
    </p>
   </div>
   <div class='ocr_carea' id='block_1_66' title="bbox 332 3515 1912 3591">
    <p class='ocr_par' dir='ltr' id='par_1_66' title="bbox 332 3515 1912 3591">
     <span class='ocr_line' id='line_1_66' title="bbox 332 3515 1912 3591; baseline 0.004 -21"><span class='ocrx_word' id='word_1_460' title='bbox 332 3531 436 3586; x_wconf 87' lang='lat' dir='ltr'><strong>que</strong></span> <span class='ocrx_word' id='word_1_461' title='bbox 465 3515 626 3571; x_wconf 88' lang='lat' dir='ltr'><strong>rebus</strong></span> <span class='ocrx_word' id='word_1_462' title='bbox 651 3530 681 3571; x_wconf 93' lang='lat' dir='ltr'><strong>a</strong></span> <span class='ocrx_word' id='word_1_463' title='bbox 709 3518 864 3573; x_wconf 89' lang='lat' dir='ltr'><strong>nobis</strong></span> <span class='ocrx_word' id='word_1_464' title='bbox 886 3518 1162 3574; x_wconf 87' lang='lat' dir='ltr'><strong>concessis</strong></span> <span class='ocrx_word' id='word_1_465' title='bbox 1196 3526 1252 3573; x_wconf 90' lang='lat' dir='ltr'><strong>et</strong></span> <span class='ocrx_word' id='word_1_466' title='bbox 1278 3519 1497 3575; x_wconf 89' lang='lat' dir='ltr'><strong>tributis</strong></span> <span class='ocrx_word' id='word_1_467' title='bbox 1526 3520 1579 3575; x_wconf 90' lang='lat' dir='ltr'><strong>in</strong></span> <span class='ocrx_word' id='word_1_468' title='bbox 1608 3520 1724 3591; x_wconf 92' lang='lat' dir='ltr'><strong>ipso</strong></span> <span class='ocrx_word' id='word_1_469' title='bbox 1750 3537 1912 3576; x_wconf 89' lang='lat' dir='ltr'><strong>vene-</strong></span> 
     </span>
    </p>
   </div>
   <div class='ocr_carea' id='block_1_67' title="bbox 330 3607 1914 3679">
    <p class='ocr_par' dir='ltr' id='par_1_67' title="bbox 330 3607 1914 3679">
     <span class='ocr_line' id='line_1_67' title="bbox 330 3607 1914 3679; baseline 0.001 -18"><span class='ocrx_word' id='word_1_470' title='bbox 330 3607 489 3661; x_wconf 80' lang='lat' dir='ltr'><strong>ravili</strong></span> <span class='ocrx_word' id='word_1_471' title='bbox 516 3609 864 3673; x_wconf 83' lang='lat' dir='ltr'><strong>monasterio,</strong></span> <span class='ocrx_word' id='word_1_472' title='bbox 912 3608 1000 3663; x_wconf 86' lang='lat' dir='ltr'><strong>vel</strong></span> <span class='ocrx_word' id='word_1_473' title='bbox 1041 3609 1108 3663; x_wconf 91' lang='lat' dir='ltr'><strong>da</strong></span> <span class='ocrx_word' id='word_1_474' title='bbox 1153 3609 1567 3679; x_wconf 85' lang='lat' dir='ltr'><strong>quibuscunque</strong></span> <span class='ocrx_word' id='word_1_475' title='bbox 1603 3611 1914 3664; x_wconf 88' lang='lat' dir='ltr'><strong>hominibus</strong></span> 
     </span>
    </p>
   </div>
   <div class='ocr_carea' id='block_1_68' title="bbox 328 3694 1916 3766">
    <p class='ocr_par' dir='ltr' id='par_1_68' title="bbox 328 3694 1916 3766">
     <span class='ocr_line' id='line_1_68' title="bbox 328 3694 1916 3766; baseline -0.001 -17"><span class='ocrx_word' id='word_1_476' title='bbox 328 3696 416 3753; x_wconf 90' lang='lat' dir='ltr'><strong>vel</strong></span> <span class='ocrx_word' id='word_1_477' title='bbox 438 3698 685 3766; x_wconf 88' lang='lat' dir='ltr'><strong>personis</strong></span> <span class='ocrx_word' id='word_1_478' title='bbox 716 3697 951 3751; x_wconf 90' lang='lat' dir='ltr'><strong>tributas</strong></span> <span class='ocrx_word' id='word_1_479' title='bbox 985 3695 1124 3760; x_wconf 90' lang='lat' dir='ltr'><strong>sint;</strong></span> <span class='ocrx_word' id='word_1_480' title='bbox 1170 3694 1378 3765; x_wconf 89' lang='lat' dir='ltr'><strong>aliquas</strong></span> <span class='ocrx_word' id='word_1_481' title='bbox 1406 3710 1494 3751; x_wconf 91' lang='lat' dir='ltr'><strong>res</strong></span> <span class='ocrx_word' id='word_1_482' title='bbox 1518 3697 1603 3751; x_wconf 88' lang='lat' dir='ltr'><strong>vel</strong></span> <span class='ocrx_word' id='word_1_483' title='bbox 1623 3710 1916 3751; x_wconf 89' lang='lat' dir='ltr'><strong>concessas</strong></span> 
     </span>
    </p>
   </div>
   <div class='ocr_carea' id='block_1_69' title="bbox 331 3782 1914 3857">
    <p class='ocr_par' dir='ltr' id='par_1_69' title="bbox 331 3782 1914 3857">
     <span class='ocr_line' id='line_1_69' title="bbox 331 3782 1914 3857; baseline 0 -17"><span class='ocrx_word' id='word_1_484' title='bbox 331 3786 388 3840; x_wconf 92' lang='lat' dir='ltr'><strong>in</strong></span> <span class='ocrx_word' id='word_1_485' title='bbox 415 3787 587 3857; x_wconf 89' lang='lat' dir='ltr'><strong>ipsam</strong></span> <span class='ocrx_word' id='word_1_486' title='bbox 611 3785 929 3855; x_wconf 79' lang='lat' dir='ltr'><strong>religionem</strong></span> <span class='ocrx_word' id='word_1_487' title='bbox 952 3782 1039 3837; x_wconf 89' lang='lat' dir='ltr'><strong>vel</strong></span> <span class='ocrx_word' id='word_1_488' title='bbox 1076 3782 1192 3852; x_wconf 86' lang='lat' dir='ltr'><strong>ejus</strong></span> <span class='ocrx_word' id='word_1_489' title='bbox 1229 3785 1555 3854; x_wconf 89' lang='lat' dir='ltr'><strong>patrimonio</strong></span> <span class='ocrx_word' id='word_1_490' title='bbox 1589 3794 1751 3856; x_wconf 89' lang='lat' dir='ltr'><strong>atque</strong></span> <span class='ocrx_word' id='word_1_491' title='bbox 1785 3800 1914 3856; x_wconf 88' lang='lat' dir='ltr'><strong>pos-</strong></span> 
     </span>
    </p>
   </div>
   <div class='ocr_carea' id='block_1_70' title="bbox 332 3873 1917 3946">
    <p class='ocr_par' dir='ltr' id='par_1_70' title="bbox 332 3873 1917 3946">
     <span class='ocr_line' id='line_1_70' title="bbox 332 3873 1917 3946; baseline -0.002 -13"><span class='ocrx_word' id='word_1_492' title='bbox 332 3876 609 3933; x_wconf 74' lang='lat' dir='ltr'><strong>sessiones</strong></span> <span class='ocrx_word' id='word_1_493' title='bbox 648 3874 851 3929; x_wconf 90' lang='lat' dir='ltr'><strong>lucrari</strong></span> <span class='ocrx_word' id='word_1_494' title='bbox 898 3873 1136 3929; x_wconf 91' lang='lat' dir='ltr'><strong>videtur.</strong></span> <span class='ocrx_word' id='word_1_495' title='bbox 1197 3875 1433 3946; x_wconf 87' lang='lat' dir='ltr'><strong>Ideoque</strong></span> <span class='ocrx_word' id='word_1_496' title='bbox 1458 3891 1558 3946; x_wconf 91' lang='lat' dir='ltr'><strong>per</strong></span> <span class='ocrx_word' id='word_1_497' title='bbox 1586 3877 1767 3933; x_wconf 90' lang='lat' dir='ltr'><strong>omnia</strong></span> <span class='ocrx_word' id='word_1_498' title='bbox 1793 3877 1823 3917; x_wconf 76' lang='grc' dir='ltr'><strong>ι)</strong></span> <span class='ocrx_word' id='word_1_499' title='bbox 1862 3877 1917 3931; x_wconf 91' lang='lat' dir='ltr'><strong>in</strong></span> 
     </span>
    </p>
   </div>
   <div class='ocr_carea' id='block_1_71' title="bbox 333 3963 1921 4039">
    <p class='ocr_par' dir='ltr' id='par_1_71' title="bbox 333 3963 1921 4039">
     <span class='ocr_line' id='line_1_71' title="bbox 333 3963 1921 4039; baseline 0.001 -17"><span class='ocrx_word' id='word_1_500' title='bbox 333 3972 524 4023; x_wconf 85' lang='lat' dir='ltr'><strong>nostro</strong></span> <span class='ocrx_word' id='word_1_501' title='bbox 547 3965 825 4021; x_wconf 90' lang='lat' dir='ltr'><strong>territorio</strong></span> <span class='ocrx_word' id='word_1_502' title='bbox 848 3963 1230 4021; x_wconf 68' lang='lat' dir='ltr'><strong>Emilianensi</strong></span> <span class='ocrx_word' id='word_1_503' title='bbox 1255 4005 1271 4033; x_wconf 96' lang='lat'><strong>,</strong></span> <span class='ocrx_word' id='word_1_504' title='bbox 1309 3966 1394 4022; x_wconf 90' lang='lat' dir='ltr'><strong>vel</strong></span> <span class='ocrx_word' id='word_1_505' title='bbox 1416 3968 1485 4022; x_wconf 89' lang='lat' dir='ltr'><strong>ad</strong></span> <span class='ocrx_word' id='word_1_506' title='bbox 1508 3977 1716 4039; x_wconf 90' lang='lat' dir='ltr'><strong>partem</strong></span> <span class='ocrx_word' id='word_1_507' title='bbox 1763 3968 1921 4023; x_wconf 79' lang='lat' dir='ltr'><strong>Moti-</strong></span> 
     </span>
    </p>
   </div>
   <div class='ocr_carea' id='block_1_72' title="bbox 334 4056 1922 4127">
    <p class='ocr_par' dir='ltr' id='par_1_72' title="bbox 334 4056 1922 4127">
     <span class='ocr_line' id='line_1_72' title="bbox 334 4056 1922 4127; baseline 0.003 -13"><span class='ocrx_word' id='word_1_508' title='bbox 334 4072 559 4115; x_wconf 84' lang='lat' dir='ltr'><strong>nensem</strong></span> <span class='ocrx_word' id='word_1_509' title='bbox 605 4056 747 4112; x_wconf 83' lang='lat' dir='ltr'><strong>infra</strong></span> <span class='ocrx_word' id='word_1_510' title='bbox 792 4056 1034 4113; x_wconf 85' lang='lat' dir='ltr'><strong>conﬁnes</strong></span> <span class='ocrx_word' id='word_1_511' title='bbox 1075 4058 1310 4115; x_wconf 88' lang='lat' dir='ltr'><strong>civitatis</strong></span> <span class='ocrx_word' id='word_1_512' title='bbox 1353 4058 1673 4116; x_wconf 83' lang='lat' dir='ltr'><strong>Geminiana</strong></span> <span class='ocrx_word' id='word_1_513' title='bbox 1699 4101 1715 4127; x_wconf 94' lang='lat'><strong>,</strong></span> <span class='ocrx_word' id='word_1_514' title='bbox 1760 4060 1922 4118; x_wconf 87' lang='lat' dir='ltr'><strong>rebus</strong></span> 
     </span>
    </p>
   </div>
   <div class='ocr_carea' id='block_1_73' title="bbox 335 4147 1920 4221">
    <p class='ocr_par' dir='ltr' id='par_1_73' title="bbox 335 4147 1920 4221">
     <span class='ocr_line' id='line_1_73' title="bbox 335 4147 1920 4221; baseline 0.001 -16"><span class='ocrx_word' id='word_1_515' title='bbox 335 4149 543 4205; x_wconf 82' lang='lat' dir='ltr'><strong>nostris</strong></span> <span class='ocrx_word' id='word_1_516' title='bbox 587 4147 893 4204; x_wconf 79' lang='lat' dir='ltr'><strong>donnicatis</strong></span> <span class='ocrx_word' id='word_1_517' title='bbox 934 4147 1020 4203; x_wconf 90' lang='lat' dir='ltr'><strong>vel</strong></span> <span class='ocrx_word' id='word_1_518' title='bbox 1059 4147 1403 4215; x_wconf 87' lang='lat' dir='ltr'><strong>colonicatis,</strong></span> <span class='ocrx_word' id='word_1_519' title='bbox 1450 4150 1564 4205; x_wconf 90' lang='lat' dir='ltr'><strong>sive</strong></span> <span class='ocrx_word' id='word_1_520' title='bbox 1589 4150 1656 4205; x_wconf 90' lang='lat' dir='ltr'><strong>de</strong></span> <span class='ocrx_word' id='word_1_521' title='bbox 1682 4150 1920 4221; x_wconf 90' lang='lat' dir='ltr'><strong>publico,</strong></span> 
     </span>
    </p>
   </div>
   <div class='ocr_carea' id='block_1_74' title="bbox 338 4238 1929 4313">
    <p class='ocr_par' dir='ltr' id='par_1_74' title="bbox 338 4238 1929 4313">
     <span class='ocr_line' id='line_1_74' title="bbox 338 4238 1929 4313; baseline 0.001 -17"><span class='ocrx_word' id='word_1_522' title='bbox 338 4239 460 4296; x_wconf 87' lang='lat' dir='ltr'><strong>sive</strong></span> <span class='ocrx_word' id='word_1_523' title='bbox 502 4239 569 4295; x_wconf 88' lang='lat' dir='ltr'><strong>de</strong></span> <span class='ocrx_word' id='word_1_524' title='bbox 603 4239 820 4309; x_wconf 88' lang='lat' dir='ltr'><strong>privato</strong></span> <span class='ocrx_word' id='word_1_525' title='bbox 860 4238 929 4294; x_wconf 94' lang='lat' dir='ltr'><strong>ad</strong></span> <span class='ocrx_word' id='word_1_526' title='bbox 962 4245 1209 4295; x_wconf 90' lang='lat' dir='ltr'><strong>nostram</strong></span> <span class='ocrx_word' id='word_1_527' title='bbox 1248 4240 1484 4311; x_wconf 78' lang='lat' dir='ltr'><strong>regalem</strong></span> <span class='ocrx_word' id='word_1_528' title='bbox 1515 4241 1735 4297; x_wconf 89' lang='lat' dir='ltr'><strong>domum</strong></span> <span class='ocrx_word' id='word_1_529' title='bbox 1764 4243 1929 4313; x_wconf 86' lang='lat' dir='ltr'><strong>perti-</strong></span> 
     </span>
    </p>
   </div>
   <div class='ocr_carea' id='block_1_75' title="bbox 340 4332 1928 4406">
    <p class='ocr_par' dir='ltr' id='par_1_75' title="bbox 340 4332 1928 4406">
     <span class='ocr_line' id='line_1_75' title="bbox 340 4332 1928 4406; baseline 0.003 -18"><span class='ocrx_word' id='word_1_530' title='bbox 340 4334 598 4390; x_wconf 89' lang='lat' dir='ltr'><strong>nentibus</strong></span> <span class='ocrx_word' id='word_1_531' title='bbox 627 4334 715 4390; x_wconf 85' lang='lat' dir='ltr'><strong>vel</strong></span> <span class='ocrx_word' id='word_1_532' title='bbox 759 4332 1150 4403; x_wconf 85' lang='lat' dir='ltr'><strong>adjacentibus,</strong></span> <span class='ocrx_word' id='word_1_533' title='bbox 1197 4342 1259 4390; x_wconf 92' lang='lat' dir='ltr'><strong>ut</strong></span> <span class='ocrx_word' id='word_1_534' title='bbox 1286 4335 1430 4406; x_wconf 89' lang='lat' dir='ltr'><strong>quod</strong></span> <span class='ocrx_word' id='word_1_535' title='bbox 1462 4335 1531 4390; x_wconf 92' lang='lat' dir='ltr'><strong>ad</strong></span> <span class='ocrx_word' id='word_1_536' title='bbox 1555 4344 1797 4391; x_wconf 87' lang='lat' dir='ltr'><strong>nostram</strong></span> <span class='ocrx_word' id='word_1_537' title='bbox 1829 4337 1928 4392; x_wconf 91' lang='lat' dir='ltr'><strong>do-</strong></span> 
     </span>
    </p>
   </div>
   <div class='ocr_carea' id='block_1_76' title="bbox 342 4422 1928 4495">
    <p class='ocr_par' dir='ltr' id='par_1_76' title="bbox 342 4422 1928 4495">
     <span class='ocr_line' id='line_1_76' title="bbox 342 4422 1928 4495; baseline 0 -16"><span class='ocrx_word' id='word_1_538' title='bbox 342 4437 494 4479; x_wconf 84' lang='lat' dir='ltr'><strong>mum</strong></span> <span class='ocrx_word' id='word_1_539' title='bbox 532 4423 794 4489; x_wconf 87' lang='lat' dir='ltr'><strong>debetur,</strong></span> <span class='ocrx_word' id='word_1_540' title='bbox 844 4422 899 4477; x_wconf 91' lang='lat' dir='ltr'><strong>id</strong></span> <span class='ocrx_word' id='word_1_541' title='bbox 926 4422 981 4477; x_wconf 93' lang='lat' dir='ltr'><strong>in</strong></span> <span class='ocrx_word' id='word_1_542' title='bbox 1022 4423 1213 4478; x_wconf 91' lang='lat' dir='ltr'><strong>eodem</strong></span> <span class='ocrx_word' id='word_1_543' title='bbox 1240 4425 1604 4495; x_wconf 88' lang='lat' dir='ltr'><strong>suprascripto</strong></span> <span class='ocrx_word' id='word_1_544' title='bbox 1629 4425 1928 4481; x_wconf 89' lang='lat' dir='ltr'><strong>venerabili</strong></span> 
     </span>
    </p>
   </div>
   <div class='ocr_carea' id='block_1_77' title="bbox 2640 3289 2952 3349">
    <p class='ocr_par' dir='ltr' id='par_1_77' title="bbox 2640 3289 2952 3349">
     <span class='ocr_line' id='line_1_77' title="bbox 2640 3289 2952 3349; baseline -0.003 -2"><span class='ocrx_word' id='word_1_545' title='bbox 2640 3289 2952 3349; x_wconf 74' lang='lat' dir='ltr'><strong>CXXXVII.</strong></span> 
     </span>
    </p>
   </div>
   <div class='ocr_carea' id='block_1_78' title="bbox 2406 3425 3194 3470">
    <p class='ocr_par' dir='ltr' id='par_1_78' title="bbox 2406 3425 3194 3470">
     <span class='ocr_line' id='line_1_78' title="bbox 2406 3425 3194 3470; baseline 0.009 -7"><span class='ocrx_word' id='word_1_546' title='bbox 2406 3425 2505 3467; x_wconf 79' lang='lat' dir='ltr'><strong>PBO</strong></span> <span class='ocrx_word' id='word_1_547' title='bbox 2544 3425 2883 3468; x_wconf 62' lang='lat' dir='ltr'><strong>IOXASTERIO</strong></span> <span class='ocrx_word' id='word_1_548' title='bbox 2916 3428 3194 3470; x_wconf 71' lang='lat' dir='ltr'><strong>DEBVENSI.</strong></span> 
     </span>
    </p>
   </div>
   <div class='ocr_carea' id='block_1_79' title="bbox 2615 3501 3315 3572">
    <p class='ocr_par' dir='ltr' id='par_1_79' title="bbox 2615 3501 3315 3572">
     <span class='ocr_line' id='line_1_79' title="bbox 2615 3501 3315 3572; baseline 0 -18"><span class='ocrx_word' id='word_1_549' title='bbox 2615 3501 2789 3571; x_wconf 84' lang='lat' dir='ltr'><strong>(Anno</strong></span> <span class='ocrx_word' id='word_1_550' title='bbox 2838 3502 2989 3572; x_wconf 74' lang='lat'><strong>827.)</strong></span> <span class='ocrx_word' id='word_1_551' title='bbox 3306 3548 3315 3554; x_wconf 84' lang='lat'><strong>.</strong></span> 
     </span>
    </p>
   </div>
   <div class='ocr_carea' id='block_1_80' title="bbox 2172 3586 3420 3666">
    <p class='ocr_par' dir='ltr' id='par_1_80' title="bbox 2172 3586 3420 3666">
     <span class='ocr_line' id='line_1_80' title="bbox 2172 3586 3420 3666; baseline 0.003 -23"><span class='ocrx_word' id='word_1_552' title='bbox 2172 3590 2351 3662; x_wconf 79' lang='lat' dir='ltr'><strong>[Apud</strong></span> <span class='ocrx_word' id='word_1_553' title='bbox 2375 3590 2587 3655; x_wconf 87' lang='lat' dir='ltr'><strong>Baluz.,</strong></span> <span class='ocrx_word' id='word_1_554' title='bbox 2618 3586 2848 3660; x_wconf 83' lang='lat' dir='ltr'><strong>Capitul.</strong></span> <span class='ocrx_word' id='word_1_555' title='bbox 2880 3599 3012 3645; x_wconf 86' lang='lat' dir='ltr'><strong>tom.</strong></span> <span class='ocrx_word' id='word_1_556' title='bbox 3042 3592 3082 3655; x_wconf 82' lang='grc' dir='ltr'><strong>Ι,</strong></span> <span class='ocrx_word' id='word_1_557' title='bbox 3116 3607 3239 3663; x_wconf 86' lang='lat' dir='ltr'><strong>pag.</strong></span> <span class='ocrx_word' id='word_1_558' title='bbox 3271 3593 3420 3666; x_wconf 77' lang='lat' dir='ltr'><strong>65L]</strong></span> 
     </span>
    </p>
   </div>
   <div class='ocr_carea' id='block_1_81' title="bbox 2084 3680 3592 3743">
    <p class='ocr_par' dir='ltr' id='par_1_81' title="bbox 2084 3680 3592 3743">
     <span class='ocr_line' id='line_1_81' title="bbox 2084 3680 3592 3743; baseline 0.003 -7"><span class='ocrx_word' id='word_1_559' title='bbox 2084 3682 2143 3736; x_wconf 92' lang='lat' dir='ltr'><strong>In</strong></span> <span class='ocrx_word' id='word_1_560' title='bbox 2194 3681 2415 3737; x_wconf 90' lang='lat' dir='ltr'><strong>nomine</strong></span> <span class='ocrx_word' id='word_1_561' title='bbox 2462 3680 2679 3736; x_wconf 91' lang='lat' dir='ltr'><strong>Domini</strong></span> <span class='ocrx_word' id='word_1_562' title='bbox 2715 3681 2810 3736; x_wconf 87' lang='lat' dir='ltr'><strong>Dei</strong></span> <span class='ocrx_word' id='word_1_563' title='bbox 2840 3689 2895 3736; x_wconf 91' lang='lat' dir='ltr'><strong>et</strong></span> <span class='ocrx_word' id='word_1_564' title='bbox 2934 3681 3235 3739; x_wconf 86' lang='lat' dir='ltr'><strong>Salvatoris</strong></span> <span class='ocrx_word' id='word_1_565' title='bbox 3259 3686 3429 3741; x_wconf 88' lang='lat' dir='ltr'><strong>nostri</strong></span> <span class='ocrx_word' id='word_1_566' title='bbox 3465 3684 3592 3743; x_wconf 81' lang='lat' dir='ltr'><strong>Jcsu</strong></span> 
     </span>
    </p>
   </div>
   <div class='ocr_carea' id='block_1_82' title="bbox 2015 3775 2237 3831">
    <p class='ocr_par' dir='ltr' id='par_1_82' title="bbox 2015 3775 2237 3831">
     <span class='ocr_line' id='line_1_82' title="bbox 2015 3775 2237 3831; baseline -0.014 0"><span class='ocrx_word' id='word_1_567' title='bbox 2015 3775 2237 3831; x_wconf 86' lang='lat' dir='ltr'><strong>Christi.</strong></span> 
     </span>
    </p>
   </div>
   <div class='ocr_carea' id='block_1_83' title="bbox 2088 3865 3601 3944">
    <p class='ocr_par' dir='ltr' id='par_1_83' title="bbox 2088 3865 3601 3944">
     <span class='ocr_line' id='line_1_83' title="bbox 2088 3865 3601 3944; baseline 0.005 -24"><span class='ocrx_word' id='word_1_568' title='bbox 2088 3865 2394 3921; x_wconf 89' lang='lat' dir='ltr'><strong>Ludovicus</strong></span> <span class='ocrx_word' id='word_1_569' title='bbox 2424 3875 2482 3921; x_wconf 92' lang='lat' dir='ltr'><strong>et</strong></span> <span class='ocrx_word' id='word_1_570' title='bbox 2514 3865 2834 3933; x_wconf 89' lang='lat' dir='ltr'><strong>Lotbarius,</strong></span> <span class='ocrx_word' id='word_1_571' title='bbox 2877 3866 3060 3924; x_wconf 89' lang='lat' dir='ltr'><strong>divina</strong></span> <span class='ocrx_word' id='word_1_572' title='bbox 3097 3870 3384 3928; x_wconf 86' lang='lat' dir='ltr'><strong>ordinante</strong></span> <span class='ocrx_word' id='word_1_573' title='bbox 3418 3875 3601 3944; x_wconf 84' lang='lat' dir='ltr'><strong>provi-</strong></span> 
     </span>
    </p>
   </div>
   <div class='ocr_carea' id='block_1_84' title="bbox 2020 3957 2888 4029">
    <p class='ocr_par' dir='ltr' id='par_1_84' title="bbox 2020 3957 2888 4029">
     <span class='ocr_line' id='line_1_84' title="bbox 2020 3957 2888 4029; baseline 0.002 -17"><span class='ocrx_word' id='word_1_574' title='bbox 2020 3957 2221 4021; x_wconf 89' lang='lat' dir='ltr'><strong>dentia,</strong></span> <span class='ocrx_word' id='word_1_575' title='bbox 2256 3957 2616 4027; x_wconf 89' lang='lat' dir='ltr'><strong>imperatores</strong></span> <span class='ocrx_word' id='word_1_576' title='bbox 2638 3957 2888 4029; x_wconf 77' lang='lat' dir='ltr'><strong>Augusti.</strong></span> 
     </span>
    </p>
   </div>
   <div class='ocr_carea' id='block_1_85' title="bbox 2093 4044 3601 4123">
    <p class='ocr_par' dir='ltr' id='par_1_85' title="bbox 2093 4044 3601 4123">
     <span class='ocr_line' id='line_1_85' title="bbox 2093 4044 3601 4123; baseline 0.008 -23"><span class='ocrx_word' id='word_1_577' title='bbox 2093 4044 2153 4100; x_wconf 91' lang='lat' dir='ltr'><strong>Si</strong></span> <span class='ocrx_word' id='word_1_578' title='bbox 2180 4045 2534 4117; x_wconf 86' lang='lat' dir='ltr'><strong>petitionibus</strong></span> <span class='ocrx_word' id='word_1_579' title='bbox 2554 4062 2837 4105; x_wconf 85' lang='lat' dir='ltr'><strong>servorum</strong></span> <span class='ocrx_word' id='word_1_580' title='bbox 2864 4050 2960 4107; x_wconf 88' lang='lat' dir='ltr'><strong>Dei</strong></span> <span class='ocrx_word' id='word_1_581' title='bbox 2975 4050 3140 4123; x_wconf 84' lang='lat' dir='ltr'><strong>justis</strong></span> <span class='ocrx_word' id='word_1_582' title='bbox 3161 4061 3217 4109; x_wconf 92' lang='lat' dir='ltr'><strong>et</strong></span> <span class='ocrx_word' id='word_1_583' title='bbox 3246 4054 3601 4112; x_wconf 85' lang='lat' dir='ltr'><strong>rationalibus</strong></span> 
     </span>
    </p>
   </div>
   <div class='ocr_carea' id='block_1_86' title="bbox 2022 4135 3604 4214">
    <p class='ocr_par' dir='ltr' id='par_1_86' title="bbox 2022 4135 3604 4214">
     <span class='ocr_line' id='line_1_86' title="bbox 2022 4135 3604 4214; baseline 0.006 -21"><span class='ocrx_word' id='word_1_584' title='bbox 2022 4137 2189 4194; x_wconf 87' lang='lat' dir='ltr'><strong>divini</strong></span> <span class='ocrx_word' id='word_1_585' title='bbox 2238 4135 2416 4192; x_wconf 88' lang='lat' dir='ltr'><strong>cultus</strong></span> <span class='ocrx_word' id='word_1_586' title='bbox 2459 4153 2646 4195; x_wconf 90' lang='lat' dir='ltr'><strong>amore</strong></span> <span class='ocrx_word' id='word_1_587' title='bbox 2687 4139 2963 4209; x_wconf 81' lang='lat' dir='ltr'><strong>favemus,</strong></span> <span class='ocrx_word' id='word_1_588' title='bbox 3002 4144 3222 4214; x_wconf 88' lang='lat' dir='ltr'><strong>superni</strong></span> <span class='ocrx_word' id='word_1_589' title='bbox 3248 4146 3489 4203; x_wconf 86' lang='lat' dir='ltr'><strong>muneris</strong></span> <span class='ocrx_word' id='word_1_590' title='bbox 3510 4146 3604 4202; x_wconf 54' lang='lat' dir='ltr'><strong>doc</strong></span> 
     </span>
    </p>
   </div>
   <div class='ocr_carea' id='block_1_87' title="bbox 2024 4227 3611 4302">
    <p class='ocr_par' dir='ltr' id='par_1_87' title="bbox 2024 4227 3611 4302">
     <span class='ocr_line' id='line_1_87' title="bbox 2024 4227 3611 4302; baseline 0.006 -17"><span class='ocrx_word' id='word_1_591' title='bbox 2024 4244 2153 4285; x_wconf 90' lang='lat' dir='ltr'><strong>num</strong></span> <span class='ocrx_word' id='word_1_592' title='bbox 2197 4227 2356 4283; x_wconf 89' lang='lat' dir='ltr'><strong>nobis</strong></span> <span class='ocrx_word' id='word_1_593' title='bbox 2404 4243 2436 4283; x_wconf 87' lang='lat' dir='ltr'><strong>a</strong></span> <span class='ocrx_word' id='word_1_594' title='bbox 2466 4228 2696 4286; x_wconf 90' lang='lat' dir='ltr'><strong>Domino</strong></span> <span class='ocrx_word' id='word_1_595' title='bbox 2734 4231 3004 4302; x_wconf 89' lang='lat' dir='ltr'><strong>impertiri</strong></span> <span class='ocrx_word' id='word_1_596' title='bbox 3037 4236 3336 4292; x_wconf 87' lang='lat' dir='ltr'><strong>credimus.</strong></span> <span class='ocrx_word' id='word_1_597' title='bbox 3392 4237 3611 4295; x_wconf 83' lang='lat' dir='ltr'><strong>Idcirco</strong></span> 
     </span>
    </p>
   </div>
   <div class='ocr_carea' id='block_1_88' title="bbox 2025 4320 3606 4387">
    <p class='ocr_par' dir='ltr' id='par_1_88' title="bbox 2025 4320 3606 4387">
     <span class='ocr_line' id='line_1_88' title="bbox 2025 4320 3606 4387; baseline 0.007 -11"><span class='ocrx_word' id='word_1_598' title='bbox 2025 4327 2211 4376; x_wconf 87' lang='lat' dir='ltr'><strong>notum</strong></span> <span class='ocrx_word' id='word_1_599' title='bbox 2261 4334 2383 4376; x_wconf 89' lang='lat' dir='ltr'><strong>esse</strong></span> <span class='ocrx_word' id='word_1_600' title='bbox 2426 4320 2677 4378; x_wconf 90' lang='lat' dir='ltr'><strong>volumus</strong></span> <span class='ocrx_word' id='word_1_601' title='bbox 2721 4326 2932 4380; x_wconf 89' lang='lat' dir='ltr'><strong>cunctis</strong></span> <span class='ocrx_word' id='word_1_602' title='bbox 2981 4325 3227 4384; x_wconf 90' lang='lat' dir='ltr'><strong>ﬁdelibus</strong></span> <span class='ocrx_word' id='word_1_603' title='bbox 3265 4338 3467 4386; x_wconf 74' lang='lat' dir='ltr'><strong>sancta:</strong></span> <span class='ocrx_word' id='word_1_604' title='bbox 3507 4331 3606 4387; x_wconf 87' lang='lat' dir='ltr'><strong>Dei</strong></span> 
     </span>
    </p>
   </div>
   <div class='ocr_carea' id='block_1_89' title="bbox 2030 4412 3601 4487">
    <p class='ocr_par' dir='ltr' id='par_1_89' title="bbox 2030 4412 3601 4487">
     <span class='ocr_line' id='line_1_89' title="bbox 2030 4412 3601 4487; baseline 0.006 -19"><span class='ocrx_word' id='word_1_605' title='bbox 2030 4412 2286 4468; x_wconf 74' lang='lat' dir='ltr'><strong>Ecclesia:</strong></span> <span class='ocrx_word' id='word_1_606' title='bbox 2308 4420 2365 4467; x_wconf 87' lang='lat' dir='ltr'><strong>et</strong></span> <span class='ocrx_word' id='word_1_607' title='bbox 2390 4413 2627 4480; x_wconf 91' lang='lat' dir='ltr'><strong>nostris,</strong></span> <span class='ocrx_word' id='word_1_608' title='bbox 2662 4416 3024 4483; x_wconf 64' lang='lat' dir='ltr'><strong>praesentibus</strong></span> <span class='ocrx_word' id='word_1_609' title='bbox 3051 4419 3261 4474; x_wconf 88' lang='lat' dir='ltr'><strong>scilicet</strong></span> <span class='ocrx_word' id='word_1_610' title='bbox 3296 4430 3355 4475; x_wconf 89' lang='lat' dir='ltr'><strong>et</strong></span> <span class='ocrx_word' id='word_1_611' title='bbox 3382 4421 3601 4487; x_wconf 80' lang='lat' dir='ltr'><strong>futuris,</strong></span> 
     </span>
    </p>
   </div>
   <div class='ocr_carea' id='block_1_90' title="bbox 344 4504 3610 4583">
    <p class='ocr_par' dir='ltr' id='par_1_90' title="bbox 344 4504 3610 4583">
     <span class='ocr_line' id='line_1_90' title="bbox 344 4504 3610 4583; baseline -0.002 -14"><span class='ocrx_word' id='word_1_612' title='bbox 344 4515 677 4570; x_wconf 85' lang='lat' dir='ltr'><strong>monasterio</strong></span> <span class='ocrx_word' id='word_1_613' title='bbox 724 4514 1003 4580; x_wconf 90' lang='lat' dir='ltr'><strong>tribuitur,</strong></span> <span class='ocrx_word' id='word_1_614' title='bbox 1053 4514 1121 4569; x_wconf 92' lang='lat' dir='ltr'><strong>da</strong></span> <span class='ocrx_word' id='word_1_615' title='bbox 1162 4513 1403 4570; x_wconf 84' lang='lat' dir='ltr'><strong>conﬁnes</strong></span> <span class='ocrx_word' id='word_1_616' title='bbox 1445 4514 1614 4571; x_wconf 86' lang='lat' dir='ltr'><strong>Fossa</strong></span> <span class='ocrx_word' id='word_1_617' title='bbox 1659 4513 1921 4583; x_wconf 89' lang='lat' dir='ltr'><strong>Sclarola,</strong></span> <span class='ocrx_word' id='word_1_618' title='bbox 1948 4505 2002 4565; x_wconf 89' lang='lat' dir='ltr'><strong>D</strong></span> <span class='ocrx_word' id='word_1_619' title='bbox 2027 4506 2154 4578; x_wconf 83' lang='lat' dir='ltr'><strong>quia</strong></span> <span class='ocrx_word' id='word_1_620' title='bbox 2198 4506 2387 4562; x_wconf 72' lang='lat' dir='ltr'><strong>adiens</strong></span> <span class='ocrx_word' id='word_1_621' title='bbox 2414 4505 2763 4561; x_wconf 78' lang='lat' dir='ltr'><strong>serenitatem</strong></span> <span class='ocrx_word' id='word_1_622' title='bbox 2788 4504 3040 4562; x_wconf 86' lang='lat' dir='ltr'><strong>culminis</strong></span> <span class='ocrx_word' id='word_1_623' title='bbox 3067 4509 3240 4563; x_wconf 88' lang='lat' dir='ltr'><strong>nostri</strong></span> <span class='ocrx_word' id='word_1_624' title='bbox 3278 4510 3366 4565; x_wconf 91' lang='lat' dir='ltr'><strong>vir</strong></span> <span class='ocrx_word' id='word_1_625' title='bbox 3391 4510 3610 4582; x_wconf 86' lang='lat' dir='ltr'><strong>religio-</strong></span> 
     </span>
    </p>
   </div>
   <div class='ocr_carea' id='block_1_91' title="bbox 344 4603 1925 4679">
    <p class='ocr_par' dir='ltr' id='par_1_91' title="bbox 344 4603 1925 4679">
     <span class='ocr_line' id='line_1_91' title="bbox 344 4603 1925 4679; baseline 0.003 -21"><span class='ocrx_word' id='word_1_626' title='bbox 344 4619 444 4658; x_wconf 86' lang='lat' dir='ltr'><strong>seu</strong></span> <span class='ocrx_word' id='word_1_627' title='bbox 488 4603 657 4659; x_wconf 85' lang='lat' dir='ltr'><strong>Fossa</strong></span> <span class='ocrx_word' id='word_1_628' title='bbox 702 4603 1014 4673; x_wconf 86' lang='lat' dir='ltr'><strong>Pavignana</strong></span> <span class='ocrx_word' id='word_1_629' title='bbox 1081 4604 1151 4659; x_wconf 90' lang='lat' dir='ltr'><strong>ad</strong></span> <span class='ocrx_word' id='word_1_630' title='bbox 1215 4604 1454 4661; x_wconf 87' lang='lat' dir='ltr'><strong>conﬁnes</strong></span> <span class='ocrx_word' id='word_1_631' title='bbox 1498 4605 1758 4679; x_wconf 79' lang='lat' dir='ltr'><strong>Riparia,</strong></span> <span class='ocrx_word' id='word_1_632' title='bbox 1806 4608 1925 4678; x_wconf 90' lang='lat' dir='ltr'><strong>ripa</strong></span> 
     </span>
    </p>
   </div>
   <div class='ocr_carea' id='block_1_92' title="bbox 352 4694 1922 4768">
    <p class='ocr_par' dir='ltr' id='par_1_92' title="bbox 352 4694 1922 4768">
     <span class='ocr_line' id='line_1_92' title="bbox 352 4694 1922 4768; baseline 0.001 -17"><span class='ocrx_word' id='word_1_633' title='bbox 352 4695 664 4761; x_wconf 88' lang='lat' dir='ltr'><strong>Scoltenna,</strong></span> <span class='ocrx_word' id='word_1_634' title='bbox 698 4705 754 4750; x_wconf 92' lang='lat' dir='ltr'><strong>et</strong></span> <span class='ocrx_word' id='word_1_635' title='bbox 791 4694 955 4750; x_wconf 90' lang='lat' dir='ltr'><strong>ﬂuvio</strong></span> <span class='ocrx_word' id='word_1_636' title='bbox 1008 4694 1250 4751; x_wconf 77' lang='lat' dir='ltr'><strong>Moclena</strong></span> <span class='ocrx_word' id='word_1_637' title='bbox 1287 4712 1386 4768; x_wconf 90' lang='lat' dir='ltr'><strong>per</strong></span> <span class='ocrx_word' id='word_1_638' title='bbox 1412 4712 1584 4768; x_wconf 89' lang='lat' dir='ltr'><strong>usque</strong></span> <span class='ocrx_word' id='word_1_639' title='bbox 1616 4697 1778 4753; x_wconf 88' lang='lat' dir='ltr'><strong>ﬂuvio</strong></span> <span class='ocrx_word' id='word_1_640' title='bbox 1814 4697 1922 4753; x_wconf 89' lang='lat' dir='ltr'><strong>La-</strong></span> 
     </span>
    </p>
   </div>
   <div class='ocr_carea' id='block_1_93' title="bbox 344 4786 1927 4864">
    <p class='ocr_par' dir='ltr' id='par_1_93' title="bbox 344 4786 1927 4864">
     <span class='ocr_line' id='line_1_93' title="bbox 344 4786 1927 4864; baseline 0.003 -20"><span class='ocrx_word' id='word_1_641' title='bbox 344 4804 435 4844; x_wconf 89' lang='lat' dir='ltr'><strong>ma</strong></span> <span class='ocrx_word' id='word_1_642' title='bbox 481 4802 655 4858; x_wconf 78' lang='lat' dir='ltr'><strong>usque</strong></span> <span class='ocrx_word' id='word_1_643' title='bbox 704 4788 759 4843; x_wconf 93' lang='lat' dir='ltr'><strong>in</strong></span> <span class='ocrx_word' id='word_1_644' title='bbox 814 4786 1029 4844; x_wconf 90' lang='lat' dir='ltr'><strong>Suleole</strong></span> <span class='ocrx_word' id='word_1_645' title='bbox 1081 4803 1181 4859; x_wconf 89' lang='lat' dir='ltr'><strong>per</strong></span> <span class='ocrx_word' id='word_1_646' title='bbox 1228 4806 1400 4862; x_wconf 90' lang='lat' dir='ltr'><strong>usque</strong></span> <span class='ocrx_word' id='word_1_647' title='bbox 1443 4791 1499 4845; x_wconf 92' lang='lat' dir='ltr'><strong>in</strong></span> <span class='ocrx_word' id='word_1_648' title='bbox 1552 4790 1828 4864; x_wconf 82' lang='lat' dir='ltr'><strong>Baguone,</strong></span> <span class='ocrx_word' id='word_1_649' title='bbox 1874 4792 1927 4848; x_wconf 93' lang='lat' dir='ltr'><strong>id</strong></span> 
     </span>
    </p>
   </div>
   <div class='ocr_carea' id='block_1_94' title="bbox 421 4920 1949 4996">
    <p class='ocr_par' dir='ltr' id='par_1_94' title="bbox 421 4920 1949 4996">
     <span class='ocr_line' id='line_1_94' title="bbox 421 4920 1949 4996; baseline 0 -17"><span class='ocrx_word' id='word_1_650' title='bbox 421 4930 447 4965; x_wconf 69' lang='grc' dir='ltr'><strong>α</strong></span> <span class='ocrx_word' id='word_1_651' title='bbox 489 4920 684 4996; x_wconf 78' lang='lat' dir='ltr'><strong>Simile</strong></span> <span class='ocrx_word' id='word_1_652' title='bbox 703 4931 788 4996; x_wconf 85' lang='lat' dir='ltr'><strong>est</strong></span> <span class='ocrx_word' id='word_1_653' title='bbox 810 4930 1144 4996; x_wconf 62' lang='lat' dir='ltr'><strong>praeceptum</strong></span> <span class='ocrx_word' id='word_1_654' title='bbox 1184 4924 1399 4995; x_wconf 88' lang='lat' dir='ltr'><strong>Pippini</strong></span> <span class='ocrx_word' id='word_1_655' title='bbox 1434 4924 1608 4996; x_wconf 89' lang='lat' dir='ltr'><strong>regis,</strong></span> <span class='ocrx_word' id='word_1_656' title='bbox 1640 4925 1826 4980; x_wconf 83' lang='lat' dir='ltr'><strong>datum</strong></span> <span class='ocrx_word' id='word_1_657' title='bbox 1852 4938 1949 4979; x_wconf 78' lang='lat' dir='ltr'><strong>eo-</strong></span> 
     </span>
    </p>
   </div>
   <div class='ocr_carea' id='block_1_95' title="bbox 347 4993 1149 5049">
    <p class='ocr_par' dir='ltr' id='par_1_95' title="bbox 347 4993 1149 5049">
     <span class='ocr_line' id='line_1_95' title="bbox 347 4993 1149 5049; baseline -0.001 -1"><span class='ocrx_word' id='word_1_658' title='bbox 347 4994 474 5049; x_wconf 89' lang='lat' dir='ltr'><strong>dem</strong></span> <span class='ocrx_word' id='word_1_659' title='bbox 497 5009 639 5048; x_wconf 91' lang='lat' dir='ltr'><strong>anno</strong></span> <span class='ocrx_word' id='word_1_660' title='bbox 666 4993 850 5048; x_wconf 85' lang='lat' dir='ltr'><strong>Idibus</strong></span> <span class='ocrx_word' id='word_1_661' title='bbox 879 4993 1149 5049; x_wconf 81' lang='lat' dir='ltr'><strong>Januarii.</strong></span> 
     </span>
    </p>
   </div>
   <div class='ocr_carea' id='block_1_96' title="bbox 422 5063 1942 5136">
    <p class='ocr_par' dir='ltr' id='par_1_96' title="bbox 422 5063 1942 5136">
     <span class='ocr_line' id='line_1_96' title="bbox 422 5063 1942 5136; baseline 0.001 -18"><span class='ocrx_word' id='word_1_662' title='bbox 422 5065 451 5105; x_wconf 71' lang='grc' dir='ltr'>δ</span> <span class='ocrx_word' id='word_1_663' title='bbox 490 5063 668 5136; x_wconf 66' lang='lat' dir='ltr'><strong>Verba</strong></span> <span class='ocrx_word' id='word_1_664' title='bbox 693 5063 785 5136; x_wconf 85' lang='lat' dir='ltr'><strong>illa</strong></span> <span class='ocrx_word' id='word_1_665' title='bbox 809 5065 1102 5136; x_wconf 88' lang='lat' dir='ltr'><strong>diligenter</strong></span> <span class='ocrx_word' id='word_1_666' title='bbox 1128 5066 1501 5121; x_wconf 87' lang='lat' dir='ltr'><strong>animadverte</strong></span> <span class='ocrx_word' id='word_1_667' title='bbox 1542 5065 1597 5119; x_wconf 79' lang='lat' dir='ltr'><strong>in</strong></span> <span class='ocrx_word' id='word_1_668' title='bbox 1627 5075 1807 5119; x_wconf 74' lang='lat' dir='ltr'><strong>nostra</strong></span> <span class='ocrx_word' id='word_1_669' title='bbox 1836 5074 1942 5119; x_wconf 82' lang='lat' dir='ltr'><strong>ter-</strong></span> 
     </span>
    </p>
   </div>
   <div class='ocr_carea' id='block_1_97' title="bbox 347 5133 1941 5207">
    <p class='ocr_par' dir='ltr' id='par_1_97' title="bbox 347 5133 1941 5207">
     <span class='ocr_line' id='line_1_97' title="bbox 347 5133 1941 5207; baseline 0.002 -19"><span class='ocrx_word' id='word_1_670' title='bbox 347 5134 541 5207; x_wconf 48' lang='lat' dir='ltr'><strong>ritorio</strong></span> <span class='ocrx_word' id='word_1_671' title='bbox 563 5133 967 5207; x_wconf 69' lang='grc' dir='ltr'><strong>Αῐηιὶιίαηεηδῖ,</strong></span> <span class='ocrx_word' id='word_1_672' title='bbox 1020 5136 1074 5190; x_wconf 91' lang='lat' dir='ltr'><strong>id</strong></span> <span class='ocrx_word' id='word_1_673' title='bbox 1124 5146 1209 5193; x_wconf 88' lang='lat' dir='ltr'><strong>est</strong></span> <span class='ocrx_word' id='word_1_674' title='bbox 1247 5137 1300 5192; x_wconf 91' lang='lat' dir='ltr'><strong>in</strong></span> <span class='ocrx_word' id='word_1_675' title='bbox 1348 5136 1628 5207; x_wconf 87' lang='lat' dir='ltr'><strong>provincia</strong></span> <span class='ocrx_word' id='word_1_676' title='bbox 1660 5151 1757 5192; x_wconf 88' lang='lat' dir='ltr'><strong>seu</strong></span> <span class='ocrx_word' id='word_1_677' title='bbox 1784 5145 1941 5207; x_wconf 89' lang='lat' dir='ltr'><strong>parte</strong></span> 
     </span>
    </p>
   </div>
   <div class='ocr_carea' id='block_1_98' title="bbox 236 5200 1935 5287">
    <p class='ocr_par' dir='ltr' id='par_1_98' title="bbox 236 5200 1935 5287">
     <span class='ocr_line' id='line_1_98' title="bbox 236 5200 1935 5287; baseline 0.004 -32"><span class='ocrx_word' id='word_1_678' title='bbox 236 5230 250 5236; x_wconf 86' lang='lat'><strong>-</strong></span> <span class='ocrx_word' id='word_1_679' title='bbox 350 5200 591 5287; x_wconf 43' lang='lat' dir='ltr'><strong>.‘E&#39;lmil‘ia:</strong></span> <span class='ocrx_word' id='word_1_680' title='bbox 612 5204 679 5287; x_wconf 86' lang='lat' dir='ltr'><strong>ad</strong></span> <span class='ocrx_word' id='word_1_681' title='bbox 702 5200 990 5287; x_wconf 57' lang='lat' dir='ltr'><strong>nosatque</strong></span> <span class='ocrx_word' id='word_1_682' title='bbox 1013 5207 1080 5261; x_wconf 87' lang='lat' dir='ltr'><strong>ad</strong></span> <span class='ocrx_word' id='word_1_683' title='bbox 1102 5200 1598 5287; x_wconf 63' lang='lat' dir='ltr'><strong>Italicum&#39;regnum</strong></span> <span class='ocrx_word' id='word_1_684' title='bbox 1624 5200 1935 5287; x_wconf 60' lang='lat' dir='ltr'><strong>spectante;</strong></span> 
     </span>
    </p>
   </div>
   <div class='ocr_carea' id='block_1_99' title="bbox 348 5224 1942 5346">
    <p class='ocr_par' dir='ltr' id='par_1_99' title="bbox 348 5224 1942 5346">
     <span class='ocr_line' id='line_1_99' title="bbox 350 5224 1935 5287; baseline 0.004 -31"><span class='ocrx_word' id='word_1_685' title='bbox 350 5224 591 5259; x_wconf 61' lang='lat' dir='ltr'><strong>numina:</strong></span> <span class='ocrx_word' id='word_1_686' title='bbox 612 5224 679 5258; x_wconf 85' lang='lat' dir='ltr'><strong>au</strong></span> <span class='ocrx_word' id='word_1_687' title='bbox 702 5224 800 5259; x_wconf 86' lang='lat' dir='ltr'><strong>nos</strong></span> <span class='ocrx_word' id='word_1_688' title='bbox 827 5224 990 5287; x_wconf 80' lang='lat' dir='ltr'><strong>atque</strong></span> <span class='ocrx_word' id='word_1_689' title='bbox 1013 5224 1080 5261; x_wconf 84' lang='lat' dir='ltr'><strong>au</strong></span> <span class='ocrx_word' id='word_1_690' title='bbox 1103 5224 1350 5262; x_wconf 85' lang='lat' dir='ltr'><strong>ttaucum</strong></span> <span class='ocrx_word' id='word_1_691' title='bbox 1372 5224 1431 5261; x_wconf 89' lang='lat' dir='ltr'><strong>re</strong></span> <span class='ocrx_word' id='word_1_692' title='bbox 1470 5224 1598 5261; x_wconf 88' lang='lat' dir='ltr'><strong>num</strong></span> <span class='ocrx_word' id='word_1_693' title='bbox 1624 5224 1935 5277; x_wconf 81' lang='lat' dir='ltr'><strong>speetante;</strong></span> 
     </span>
     <span class='ocr_line' id='line_1_100' title="bbox 348 5224 1942 5346; baseline 0.004 -21"><span class='ocrx_word' id='word_1_694' title='bbox 348 5272 430 5346; x_wconf 61' lang='lat' dir='ltr'><strong>rei</strong></span> <span class='ocrx_word' id='word_1_695' title='bbox 459 5272 528 5346; x_wconf 71' lang='lat' dir='ltr'><strong>od</strong></span> <span class='ocrx_word' id='word_1_696' title='bbox 549 5282 753 5346; x_wconf 51' lang='lat' dir='ltr'><strong>partem</strong></span> <span class='ocrx_word' id='word_1_697' title='bbox 781 5272 1130 5346; x_wconf 67' lang='lat' dir='ltr'><strong>Motmensem</strong></span> <span class='ocrx_word' id='word_1_698' title='bbox 1162 5277 1303 5346; x_wconf 80' lang='lat' dir='ltr'><strong>infra</strong></span> <span class='ocrx_word' id='word_1_699' title='bbox 1334 5224 1564 5346; x_wconf 48' lang='lat' dir='ltr'><strong>conﬁnes</strong></span> <span class='ocrx_word' id='word_1_700' title='bbox 1590 5277 1815 5332; x_wconf 78' lang='lat' dir='ltr'><strong>civitatis</strong></span> <span class='ocrx_word' id='word_1_701' title='bbox 1840 5273 1942 5331; x_wconf 80' lang='lat' dir='ltr'><strong>Ge-</strong></span> 
     </span>
    </p>
   </div>
   <div class='ocr_carea' id='block_1_100' title="bbox 347 5341 1939 5409">
    <p class='ocr_par' dir='ltr' id='par_1_100' title="bbox 347 5341 1939 5409">
     <span class='ocr_line' id='line_1_101' title="bbox 347 5341 1939 5409; baseline 0.003 -13"><span class='ocrx_word' id='word_1_702' title='bbox 347 5341 611 5397; x_wconf 80' lang='lat' dir='ltr'><strong>miniaua.</strong></span> <span class='ocrx_word' id='word_1_703' title='bbox 645 5342 845 5397; x_wconf 77' lang='lat' dir='ltr'><strong>Eadem</strong></span> <span class='ocrx_word' id='word_1_704' title='bbox 878 5341 981 5397; x_wconf 81' lang='lat' dir='ltr'><strong>fuit</strong></span> <span class='ocrx_word' id='word_1_705' title='bbox 1009 5341 1381 5401; x_wconf 56' lang='lat' dir='ltr'><strong>Citvitas&#39;Nova</strong></span> <span class='ocrx_word' id='word_1_706' title='bbox 1413 5341 1476 5401; x_wconf 80' lang='lat' dir='ltr'><strong>ac</strong></span> <span class='ocrx_word' id='word_1_707' title='bbox 1503 5345 1837 5409; x_wconf 76' lang='lat' dir='ltr'><strong>Geminium,</strong></span> <span class='ocrx_word' id='word_1_708' title='bbox 1863 5347 1939 5400; x_wconf 91' lang='lat' dir='ltr'><strong>uti</strong></span> 
     </span>
    </p>
   </div>
   <div class='ocr_carea' id='block_1_101' title="bbox 348 5412 1937 5495">
    <p class='ocr_par' dir='ltr' id='par_1_101' title="bbox 348 5412 1937 5495">
     <span class='ocr_line' id='line_1_102' title="bbox 348 5412 1937 5495; baseline 0 -28"><span class='ocrx_word' id='word_1_709' title='bbox 348 5412 519 5495; x_wconf 59' lang='lat' dir='ltr'><strong>etiam</strong></span> <span class='ocrx_word' id='word_1_710' title='bbox 548 5419 764 5495; x_wconf 72' lang='lat' dir='ltr'><strong>constat</strong></span> <span class='ocrx_word' id='word_1_711' title='bbox 786 5426 886 5495; x_wconf 39' lang='grc' dir='ltr'><strong>’ρι’</strong></span> <span class='ocrx_word' id='word_1_712' title='bbox 921 5413 1239 5495; x_wconf 41' lang='lat' dir='ltr'><strong>diplomate</strong></span> <span class='ocrx_word' id='word_1_713' title='bbox 1259 5414 1522 5495; x_wconf 73' lang='lat' dir='ltr'><strong>Ludovici</strong></span> <span class='ocrx_word' id='word_1_714' title='bbox 1546 5415 1629 5471; x_wconf 86' lang='lat' dir='ltr'><strong>Pii</strong></span> <span class='ocrx_word' id='word_1_715' title='bbox 1658 5416 1796 5495; x_wconf 77' lang='lat' dir='ltr'><strong>apud</strong></span> <span class='ocrx_word' id='word_1_716' title='bbox 1828 5415 1937 5495; x_wconf 55' lang='lat' dir='ltr'><strong>Sil-</strong></span> 
     </span>
    </p>
   </div>
   <div class='ocr_carea' id='block_1_102' title="bbox 351 5479 1944 5567">
    <p class='ocr_par' dir='ltr' id='par_1_102' title="bbox 351 5479 1944 5567">
     <span class='ocr_line' id='line_1_103' title="bbox 351 5479 1944 5567; baseline 0.001 -31"><span class='ocrx_word' id='word_1_717' title='bbox 351 5481 661 5567; x_wconf 77' lang='lat' dir='ltr'><strong>Iingardum</strong></span> <span class='ocrx_word' id='word_1_718' title='bbox 694 5490 749 5537; x_wconf 88' lang='lat' dir='ltr'><strong>et</strong></span> <span class='ocrx_word' id='word_1_719' title='bbox 786 5479 1806 5567; x_wconf 44' lang='lat' dir='ltr'><strong>Ugltelliurn..Infrg‘repetitur‘ffnitqs</strong></span> <span class='ocrx_word' id='word_1_720' title='bbox 1826 5482 1944 5567; x_wconf 37' lang='lat' dir='ltr'><strong>‘Ge-</strong></span> 
     </span>
    </p>
   </div>
   <div class='ocr_carea' id='block_1_103' title="bbox 350 5551 1936 5619">
    <p class='ocr_par' dir='ltr' id='par_1_103' title="bbox 350 5551 1936 5619">
     <span class='ocr_line' id='line_1_104' title="bbox 350 5551 1936 5619; baseline 0.001 -14"><span class='ocrx_word' id='word_1_721' title='bbox 350 5551 614 5616; x_wconf 81' lang='lat' dir='ltr'><strong>miniaua,</strong></span> <span class='ocrx_word' id='word_1_722' title='bbox 644 5566 761 5619; x_wconf 72' lang='lat' dir='ltr'><strong>quae</strong></span> <span class='ocrx_word' id='word_1_723' title='bbox 791 5561 1009 5604; x_wconf 79' lang='lat' dir='ltr'><strong>vocatur</strong></span> <span class='ocrx_word' id='word_1_724' title='bbox 1045 5552 1225 5606; x_wconf 79' lang='lat' dir='ltr'><strong>civitas</strong></span> <span class='ocrx_word' id='word_1_725' title='bbox 1258 5551 1540 5608; x_wconf 78' lang='lat' dir='ltr'><strong>Flexiaua.</strong></span> <span class='ocrx_word' id='word_1_726' title='bbox 1574 5553 1632 5609; x_wconf 90' lang='lat' dir='ltr'><strong>Si</strong></span> <span class='ocrx_word' id='word_1_727' title='bbox 1661 5555 1736 5608; x_wconf 90' lang='lat' dir='ltr'><strong>ita</strong></span> <span class='ocrx_word' id='word_1_728' title='bbox 1764 5555 1936 5607; x_wconf 89' lang='lat' dir='ltr'><strong>inter-</strong></span> 
     </span>
    </p>
   </div>
   <div class='ocr_carea' id='block_1_104' title="bbox 399 5619 1941 5703">
    <p class='ocr_par' dir='ltr' id='par_1_104' title="bbox 399 5619 1941 5703">
     <span class='ocr_line' id='line_1_105' title="bbox 399 5619 1941 5703; baseline 0 -29"><span class='ocrx_word' id='word_1_729' title='bbox 399 5622 678 5703; x_wconf 75' lang='lat' dir='ltr'><strong>ungendus</strong></span> <span class='ocrx_word' id='word_1_730' title='bbox 697 5628 782 5676; x_wconf 91' lang='lat' dir='ltr'><strong>est</strong></span> <span class='ocrx_word' id='word_1_731' title='bbox 803 5619 965 5703; x_wconf 57' lang='lat' dir='ltr'><strong>locus</strong></span> <span class='ocrx_word' id='word_1_732' title='bbox 982 5621 1115 5703; x_wconf 74' lang='lat' dir='ltr'><strong>iste,</strong></span> <span class='ocrx_word' id='word_1_733' title='bbox 1142 5630 1342 5703; x_wconf 66' lang='lat' dir='ltr'><strong>praeter</strong></span> <span class='ocrx_word' id='word_1_734' title='bbox 1368 5621 1693 5703; x_wconf 56' lang='lat' dir='ltr'><strong>Geminian</strong></span> <span class='ocrx_word' id='word_1_735' title='bbox 1710 5664 1723 5686; x_wconf 91' lang='lat'><strong>,</strong></span> <span class='ocrx_word' id='word_1_736' title='bbox 1757 5621 1941 5703; x_wconf 65' lang='lat' dir='ltr'><strong>appel-</strong></span> 
     </span>
    </p>
   </div>
   <div class='ocr_carea' id='block_1_105' title="bbox 355 5636 1938 5762">
    <p class='ocr_par' dir='ltr' id='par_1_105' title="bbox 355 5636 1938 5762">
     <span class='ocr_line' id='line_1_106' title="bbox 355 5636 1938 5745; baseline 0 -71"><span class='ocrx_word' id='word_1_737' title='bbox 355 5636 678 5745; x_wconf 66' lang='lat' dir='ltr'><strong>pungenuus</strong></span> <span class='ocrx_word' id='word_1_738' title='bbox 697 5636 782 5676; x_wconf 74' lang='grc' dir='ltr'><strong>εει</strong></span> <span class='ocrx_word' id='word_1_739' title='bbox 805 5636 955 5675; x_wconf 79' lang='lat' dir='ltr'><strong>locus</strong></span> <span class='ocrx_word' id='word_1_740' title='bbox 982 5636 1115 5688; x_wconf 72' lang='lat' dir='ltr'><strong>151e,</strong></span> <span class='ocrx_word' id='word_1_741' title='bbox 1142 5636 1342 5692; x_wconf 61' lang='lat' dir='ltr'><strong>praeter</strong></span> <span class='ocrx_word' id='word_1_742' title='bbox 1368 5636 1693 5677; x_wconf 64' lang='lat' dir='ltr'><strong>neutrumne</strong></span> <span class='ocrx_word' id='word_1_743' title='bbox 1710 5664 1723 5686; x_wconf 92' lang='lat'><strong>,</strong></span> <span class='ocrx_word' id='word_1_744' title='bbox 1757 5636 1938 5703; x_wconf 79' lang='lat' dir='ltr'><strong>appel-</strong></span> 
     </span>
     <span class='ocr_line' id='line_1_107' title="bbox 384 5688 1938 5762; baseline 0.001 -18"><span class='ocrx_word' id='word_1_745' title='bbox 384 5691 619 5762; x_wconf 62' lang='lat' dir='ltr'><strong>ationem</strong></span> <span class='ocrx_word' id='word_1_746' title='bbox 647 5705 861 5762; x_wconf 89' lang='lat' dir='ltr'><strong>quoque</strong></span> <span class='ocrx_word' id='word_1_747' title='bbox 895 5688 1170 5762; x_wconf 74' lang='lat' dir='ltr'><strong>Flexianw</strong></span> <span class='ocrx_word' id='word_1_748' title='bbox 1204 5706 1268 5748; x_wconf 87' lang='lat' dir='ltr'><strong>ea</strong></span> <span class='ocrx_word' id='word_1_749' title='bbox 1290 5692 1482 5747; x_wconf 88' lang='lat' dir='ltr'><strong>civitas</strong></span> <span class='ocrx_word' id='word_1_750' title='bbox 1507 5690 1765 5747; x_wconf 90' lang='lat' dir='ltr'><strong>detulisse</strong></span> <span class='ocrx_word' id='word_1_751' title='bbox 1795 5690 1938 5762; x_wconf 76' lang='lat' dir='ltr'><strong>vide-</strong></span> 
     </span>
    </p>
   </div>
   <div class='ocr_carea' id='block_1_106' title="bbox 365 5759 1937 5833">
    <p class='ocr_par' dir='ltr' id='par_1_106' title="bbox 365 5759 1937 5833">
     <span class='ocr_line' id='line_1_108' title="bbox 365 5759 1937 5833; baseline 0 -17"><span class='ocrx_word' id='word_1_752' title='bbox 365 5769 472 5816; x_wconf 86' lang='lat' dir='ltr'><strong>tur.</strong></span> <span class='ocrx_word' id='word_1_753' title='bbox 516 5759 628 5833; x_wconf 78' lang='lat' dir='ltr'><strong>Ego</strong></span> <span class='ocrx_word' id='word_1_754' title='bbox 658 5759 840 5817; x_wconf 78' lang='lat' dir='ltr'><strong>tamen</strong></span> <span class='ocrx_word' id='word_1_755' title='bbox 882 5777 997 5817; x_wconf 88' lang='lat' dir='ltr'><strong>rem</strong></span> <span class='ocrx_word' id='word_1_756' title='bbox 1036 5761 1254 5817; x_wconf 91' lang='lat' dir='ltr'><strong>dubiam</strong></span> <span class='ocrx_word' id='word_1_757' title='bbox 1290 5762 1556 5832; x_wconf 89' lang='lat' dir='ltr'><strong>relinquo.</strong></span> <span class='ocrx_word' id='word_1_758' title='bbox 1605 5763 1781 5832; x_wconf 79' lang='lat' dir='ltr'><strong>Atque</strong></span> <span class='ocrx_word' id='word_1_759' title='bbox 1809 5761 1937 5816; x_wconf 90' lang='lat' dir='ltr'><strong>hinc</strong></span> 
     </span>
    </p>
   </div>
   <div class='ocr_carea' id='block_1_107' title="bbox 764 5855 1224 5918">
    <p class='ocr_par' dir='ltr' id='par_1_107' title="bbox 764 5855 1224 5918">
     <span class='ocr_line' id='line_1_109' title="bbox 764 5855 1224 5918; baseline -0.007 0"><span class='ocrx_word' id='word_1_760' title='bbox 764 5856 1027 5918; x_wconf 78' lang='grc' dir='ltr'><strong>ΡΑτιιοι.</strong></span> <span class='ocrx_word' id='word_1_761' title='bbox 1067 5855 1224 5917; x_wconf 81' lang='lat' dir='ltr'><strong>CIV.</strong></span> 
     </span>
    </p>
   </div>
   <div class='ocr_carea' id='block_1_108' title="bbox 2030 4600 3611 4672">
    <p class='ocr_par' dir='ltr' id='par_1_108' title="bbox 2030 4600 3611 4672">
     <span class='ocr_line' id='line_1_110' title="bbox 2030 4600 3611 4672; baseline 0.002 -15"><span class='ocrx_word' id='word_1_762' title='bbox 2030 4617 2125 4657; x_wconf 92' lang='lat' dir='ltr'><strong>sus</strong></span> <span class='ocrx_word' id='word_1_763' title='bbox 2144 4600 2347 4668; x_wconf 84' lang='lat' dir='ltr'><strong>Hauto,</strong></span> <span class='ocrx_word' id='word_1_764' title='bbox 2392 4600 2562 4657; x_wconf 89' lang='lat' dir='ltr'><strong>abbas</strong></span> <span class='ocrx_word' id='word_1_765' title='bbox 2602 4615 2668 4656; x_wconf 81' lang='lat' dir='ltr'><strong>ex</strong></span> <span class='ocrx_word' id='word_1_766' title='bbox 2708 4601 3043 4657; x_wconf 89' lang='lat' dir='ltr'><strong>monasterio</strong></span> <span class='ocrx_word' id='word_1_767' title='bbox 3075 4601 3221 4672; x_wconf 91' lang='lat' dir='ltr'><strong>quod</strong></span> <span class='ocrx_word' id='word_1_768' title='bbox 3244 4612 3472 4659; x_wconf 88' lang='lat' dir='ltr'><strong>vocatur</strong></span> <span class='ocrx_word' id='word_1_769' title='bbox 3496 4604 3611 4660; x_wconf 57' lang='lat' dir='ltr'><strong>Pu-</strong></span> 
     </span>
    </p>
   </div>
   <div class='ocr_carea' id='block_1_109' title="bbox 2032 4692 3611 4766">
    <p class='ocr_par' dir='ltr' id='par_1_109' title="bbox 2032 4692 3611 4766">
     <span class='ocr_line' id='line_1_111' title="bbox 2032 4692 3611 4766; baseline 0.002 -15"><span class='ocrx_word' id='word_1_770' title='bbox 2032 4694 2206 4752; x_wconf 90' lang='lat' dir='ltr'><strong>teolus</strong></span> <span class='ocrx_word' id='word_1_771' title='bbox 2231 4735 2247 4762; x_wconf 97' lang='lat'><strong>,</strong></span> <span class='ocrx_word' id='word_1_772' title='bbox 2297 4692 2443 4766; x_wconf 90' lang='lat' dir='ltr'><strong>quod</strong></span> <span class='ocrx_word' id='word_1_773' title='bbox 2487 4700 2571 4749; x_wconf 89' lang='lat' dir='ltr'><strong>est</strong></span> <span class='ocrx_word' id='word_1_774' title='bbox 2602 4694 2657 4749; x_wconf 90' lang='lat' dir='ltr'><strong>in</strong></span> <span class='ocrx_word' id='word_1_775' title='bbox 2687 4694 2864 4750; x_wconf 86' lang='lat' dir='ltr'><strong>Dervo</strong></span> <span class='ocrx_word' id='word_1_776' title='bbox 2910 4703 3281 4750; x_wconf 89' lang='lat' dir='ltr'><strong>constructum</strong></span> <span class='ocrx_word' id='word_1_777' title='bbox 3317 4696 3373 4751; x_wconf 93' lang='lat' dir='ltr'><strong>in</strong></span> <span class='ocrx_word' id='word_1_778' title='bbox 3404 4698 3611 4755; x_wconf 80' lang='lat' dir='ltr'><strong>honore</strong></span> 
     </span>
    </p>
   </div>
   <div class='ocr_carea' id='block_1_110' title="bbox 2035 4784 3613 4857">
    <p class='ocr_par' dir='ltr' id='par_1_110' title="bbox 2035 4784 3613 4857">
     <span class='ocr_line' id='line_1_112' title="bbox 2035 4784 3613 4857; baseline -0.003 -11"><span class='ocrx_word' id='word_1_779' title='bbox 2035 4793 2317 4846; x_wconf 89' lang='lat' dir='ltr'><strong>beatorum</strong></span> <span class='ocrx_word' id='word_1_780' title='bbox 2355 4784 2502 4840; x_wconf 87' lang='lat' dir='ltr'><strong>Petri</strong></span> <span class='ocrx_word' id='word_1_781' title='bbox 2527 4792 2583 4840; x_wconf 88' lang='lat' dir='ltr'><strong>et</strong></span> <span class='ocrx_word' id='word_1_782' title='bbox 2609 4784 2783 4851; x_wconf 83' lang='lat' dir='ltr'><strong>Pauli,</strong></span> <span class='ocrx_word' id='word_1_783' title='bbox 2807 4785 3075 4857; x_wconf 85' lang='lat' dir='ltr'><strong>suggessit</strong></span> <span class='ocrx_word' id='word_1_784' title='bbox 3096 4787 3495 4843; x_wconf 87' lang='lat' dir='ltr'><strong>mansuetudini</strong></span> <span class='ocrx_word' id='word_1_785' title='bbox 3518 4803 3613 4843; x_wconf 91' lang='lat' dir='ltr'><strong>no-</strong></span> 
     </span>
    </p>
   </div>
   <div class='ocr_carea' id='block_1_111' title="bbox 2035 4910 3625 4993">
    <p class='ocr_par' dir='ltr' id='par_1_111' title="bbox 2035 4910 3625 4993">
     <span class='ocr_line' id='line_1_113' title="bbox 2035 4910 3625 4993; baseline -0.003 -16"><span class='ocrx_word' id='word_1_786' title='bbox 2035 4923 2199 4993; x_wconf 87' lang='lat' dir='ltr'><strong>etiam</strong></span> <span class='ocrx_word' id='word_1_787' title='bbox 2222 4916 2697 4993; x_wconf 13' lang='lat' dir='ltr'><strong>haurireglurtasse</strong></span> <span class='ocrx_word' id='word_1_788' title='bbox 2720 4931 3155 4993; x_wconf 67' lang='lat' dir='ltr'><strong>possumus,_cur</strong></span> <span class='ocrx_word' id='word_1_789' title='bbox 3183 4916 3416 4993; x_wconf 64' lang='grc' dir='ltr'><strong>ΒίραινὶαΔ</strong></span> <span class='ocrx_word' id='word_1_790' title='bbox 3435 4936 3452 4993; x_wconf 62' lang='grc' dir='ltr'>ί</span> <span class='ocrx_word' id='word_1_791' title='bbox 3468 4910 3625 4993; x_wconf 62' lang='grc' dir='ltr'><strong>ηυωί</strong></span> 
     </span>
    </p>
   </div>
   <div class='ocr_carea' id='block_1_112' title="bbox 2037 4932 3615 5059">
    <p class='ocr_par' dir='ltr' id='par_1_112' title="bbox 2037 4932 3615 5059">
     <span class='ocr_line' id='line_1_114' title="bbox 2037 4932 3610 5043; baseline -0.003 -65"><span class='ocrx_word' id='word_1_792' title='bbox 2037 4932 2199 4978; x_wconf 84' lang='lat' dir='ltr'><strong>etiam</strong></span> <span class='ocrx_word' id='word_1_793' title='bbox 2223 4932 2442 4974; x_wconf 78' lang='lat' dir='ltr'><strong>haurire</strong></span> <span class='ocrx_word' id='word_1_794' title='bbox 2466 4932 2697 4985; x_wconf 81' lang='lat' dir='ltr'><strong>tortasse</strong></span> <span class='ocrx_word' id='word_1_795' title='bbox 2720 4932 3024 5043; x_wconf 62' lang='lat' dir='ltr'><strong>gossnmus,</strong></span> <span class='ocrx_word' id='word_1_796' title='bbox 3054 4932 3155 4972; x_wconf 91' lang='lat' dir='ltr'><strong>cur</strong></span> <span class='ocrx_word' id='word_1_797' title='bbox 3183 4932 3403 4990; x_wconf 74' lang='lat' dir='ltr'><strong>lupam</strong></span> <span class='ocrx_word' id='word_1_798' title='bbox 3435 4936 3610 4993; x_wconf 70' lang='lat' dir='ltr'><strong>(nunc</strong></span> 
     </span>
     <span class='ocr_line' id='line_1_115' title="bbox 2037 4987 3615 5059; baseline -0.001 -12"><span class='ocrx_word' id='word_1_799' title='bbox 2037 4992 2254 5055; x_wconf 83' lang='lat' dir='ltr'><strong>Rivam,</strong></span> <span class='ocrx_word' id='word_1_800' title='bbox 2281 4988 2408 5044; x_wconf 86' lang='lat' dir='ltr'><strong>villa</strong></span> <span class='ocrx_word' id='word_1_801' title='bbox 2448 4988 2503 5043; x_wconf 91' lang='lat' dir='ltr'><strong>in</strong></span> <span class='ocrx_word' id='word_1_802' title='bbox 2547 5003 2681 5059; x_wconf 89' lang='lat' dir='ltr'><strong>agro</strong></span> <span class='ocrx_word' id='word_1_803' title='bbox 2761 4988 2902 5059; x_wconf 81' lang='lat' dir='ltr'><strong>aucti</strong></span> <span class='ocrx_word' id='word_1_804' title='bbox 2940 4987 3155 5059; x_wconf 79' lang='lat' dir='ltr'><strong>Felicis)</strong></span> <span class='ocrx_word' id='word_1_805' title='bbox 3182 5002 3247 5044; x_wconf 90' lang='lat' dir='ltr'><strong>eo</strong></span> <span class='ocrx_word' id='word_1_806' title='bbox 3274 4990 3491 5046; x_wconf 90' lang='lat' dir='ltr'><strong>nomine</strong></span> <span class='ocrx_word' id='word_1_807' title='bbox 3518 4991 3615 5046; x_wconf 87' lang='lat' dir='ltr'><strong>do-</strong></span> 
     </span>
    </p>
   </div>
   <div class='ocr_carea' id='block_1_113' title="bbox 2036 5056 3610 5140">
    <p class='ocr_par' dir='ltr' id='par_1_113' title="bbox 2036 5056 3610 5140">
     <span class='ocr_line' id='line_1_116' title="bbox 2036 5056 3610 5140; baseline -0.002 -21"><span class='ocrx_word' id='word_1_808' title='bbox 2036 5071 2163 5119; x_wconf 88' lang='lat' dir='ltr'><strong>nata</strong></span> <span class='ocrx_word' id='word_1_809' title='bbox 2189 5059 2350 5116; x_wconf 79' lang='lat' dir='ltr'><strong>fuerit</strong></span> <span class='ocrx_word' id='word_1_810' title='bbox 2377 5074 2391 5114; x_wconf 89' lang='lat'><strong>:</strong></span> <span class='ocrx_word' id='word_1_811' title='bbox 2423 5056 2615 5140; x_wconf 60' lang='lat' dir='ltr'><strong>nempe</strong></span> <span class='ocrx_word' id='word_1_812' title='bbox 2643 5057 2785 5128; x_wconf 89' lang='lat' dir='ltr'><strong>quod</strong></span> <span class='ocrx_word' id='word_1_813' title='bbox 2808 5058 2937 5140; x_wconf 71' lang='lat' dir='ltr'><strong>olim</strong></span> <span class='ocrx_word' id='word_1_814' title='bbox 2967 5056 3108 5140; x_wconf 79' lang='lat' dir='ltr'><strong>foret</strong></span> <span class='ocrx_word' id='word_1_815' title='bbox 3127 5056 3610 5140; x_wconf 52' lang='lat' dir='ltr'><strong>lyricuscolteqnw,</strong></span> 
     </span>
    </p>
   </div>
   <div class='ocr_carea' id='block_1_114' title="bbox 2038 5128 3617 5203">
    <p class='ocr_par' dir='ltr' id='par_1_114' title="bbox 2038 5128 3617 5203">
     <span class='ocr_line' id='line_1_117' title="bbox 2038 5128 3617 5203; baseline -0.002 -14"><span class='ocrx_word' id='word_1_816' title='bbox 2038 5151 2069 5189; x_wconf 91' lang='lat' dir='ltr'><strong>a</strong></span> <span class='ocrx_word' id='word_1_817' title='bbox 2098 5149 2206 5203; x_wconf 89' lang='lat' dir='ltr'><strong>quo</strong></span> <span class='ocrx_word' id='word_1_818' title='bbox 2233 5143 2414 5203; x_wconf 88' lang='lat' dir='ltr'><strong>tamen</strong></span> <span class='ocrx_word' id='word_1_819' title='bbox 2441 5128 2604 5185; x_wconf 89' lang='lat' dir='ltr'><strong>ﬂuvio</strong></span> <span class='ocrx_word' id='word_1_820' title='bbox 2623 5144 2775 5203; x_wconf 69' lang='lat' dir='ltr'><strong>nunc</strong></span> <span class='ocrx_word' id='word_1_821' title='bbox 2803 5128 3008 5203; x_wconf 81' lang='lat' dir='ltr'><strong>aliquot</strong></span> <span class='ocrx_word' id='word_1_822' title='bbox 3028 5128 3218 5203; x_wconf 79' lang='lat' dir='ltr'><strong>stadiis</strong></span> <span class='ocrx_word' id='word_1_823' title='bbox 3242 5129 3426 5203; x_wconf 79' lang='lat' dir='ltr'><strong>distat.</strong></span> <span class='ocrx_word' id='word_1_824' title='bbox 3489 5130 3617 5186; x_wconf 67' lang='lat' dir='ltr'><strong>Haec</strong></span> 
     </span>
    </p>
   </div>
   <div class='ocr_carea' id='block_1_115' title="bbox 2040 5197 3614 5273">
    <p class='ocr_par' dir='ltr' id='par_1_115' title="bbox 2040 5197 3614 5273">
     <span class='ocr_line' id='line_1_118' title="bbox 2040 5197 3614 5273; baseline -0.003 -13"><span class='ocrx_word' id='word_1_825' title='bbox 2040 5197 2329 5260; x_wconf 83' lang='lat' dir='ltr'><strong>annotasse</strong></span> <span class='ocrx_word' id='word_1_826' title='bbox 2372 5199 2639 5273; x_wconf 83' lang='lat' dir='ltr'><strong>juvat__ad</strong></span> <span class='ocrx_word' id='word_1_827' title='bbox 2692 5197 3042 5273; x_wconf 72' lang='lat' dir='ltr'><strong>illustrandas</strong></span> <span class='ocrx_word' id='word_1_828' title='bbox 3085 5198 3468 5273; x_wconf 80' lang='lat' dir='ltr'><strong>Mutinensium</strong></span> <span class='ocrx_word' id='word_1_829' title='bbox 3501 5215 3614 5273; x_wconf 71' lang='lat' dir='ltr'><strong>res,</strong></span> 
     </span>
    </p>
   </div>
   <div class='ocr_carea' id='block_1_116' title="bbox 2042 5269 3619 5340">
    <p class='ocr_par' dir='ltr' id='par_1_116' title="bbox 2042 5269 3619 5340">
     <span class='ocr_line' id='line_1_119' title="bbox 2042 5269 3619 5340; baseline -0.003 -10"><span class='ocrx_word' id='word_1_830' title='bbox 2042 5277 2153 5330; x_wconf 90' lang='lat' dir='ltr'><strong>imo</strong></span> <span class='ocrx_word' id='word_1_831' title='bbox 2203 5282 2259 5330; x_wconf 88' lang='lat' dir='ltr'><strong>et</strong></span> <span class='ocrx_word' id='word_1_832' title='bbox 2309 5269 2709 5340; x_wconf 36' lang='lat' dir='ltr'><strong>CaroliHMagni</strong></span> <span class='ocrx_word' id='word_1_833' title='bbox 2735 5269 2953 5340; x_wconf 82' lang='lat' dir='ltr'><strong>tabulas</strong></span> <span class='ocrx_word' id='word_1_834' title='bbox 2981 5276 3308 5340; x_wconf 73' lang='lat' dir='ltr'><strong>postremas,</strong></span> <span class='ocrx_word' id='word_1_835' title='bbox 3339 5269 3399 5340; x_wconf 89' lang='lat' dir='ltr'><strong>in_</strong></span> <span class='ocrx_word' id='word_1_836' title='bbox 3422 5270 3619 5340; x_wconf 86' lang='lat' dir='ltr'><strong>quibus</strong></span> 
     </span>
    </p>
   </div>
   <div class='ocr_carea' id='block_1_117' title="bbox 2043 5338 3619 5414">
    <p class='ocr_par' dir='ltr' id='par_1_117' title="bbox 2043 5338 3619 5414">
     <span class='ocr_line' id='line_1_120' title="bbox 2043 5338 3619 5414; baseline -0.004 -13"><span class='ocrx_word' id='word_1_837' title='bbox 2043 5344 2204 5414; x_wconf 86' lang='lat' dir='ltr'><strong>hujus</strong></span> <span class='ocrx_word' id='word_1_838' title='bbox 2229 5342 2452 5396; x_wconf 75' lang='lat' dir='ltr'><strong>civitatis</strong></span> <span class='ocrx_word' id='word_1_839' title='bbox 2480 5338 2646 5393; x_wconf 72' lang='grc' dir='ltr'><strong>Νουὼ</strong></span> <span class='ocrx_word' id='word_1_840' title='bbox 2679 5339 2884 5394; x_wconf 88' lang='lat' dir='ltr'><strong>mentio</strong></span> <span class='ocrx_word' id='word_1_841' title='bbox 2933 5346 3038 5392; x_wconf 89' lang='lat' dir='ltr'><strong>est.</strong></span> <span class='ocrx_word' id='word_1_842' title='bbox 3086 5338 3187 5405; x_wconf 87' lang='lat' dir='ltr'><strong>Qui</strong></span> <span class='ocrx_word' id='word_1_843' title='bbox 3218 5338 3341 5414; x_wconf 73' lang='lat' dir='ltr'><strong>illas</strong></span> <span class='ocrx_word' id='word_1_844' title='bbox 3373 5338 3498 5414; x_wconf 64' lang='lat' dir='ltr'><strong>falsi</strong></span> <span class='ocrx_word' id='word_1_845' title='bbox 3534 5357 3619 5397; x_wconf 59' lang='lat' dir='ltr'><strong>su-</strong></span> 
     </span>
    </p>
   </div>
   <div class='ocr_carea' id='block_1_118' title="bbox 2043 5409 3497 5486">
    <p class='ocr_par' dir='ltr' id='par_1_118' title="bbox 2043 5409 3497 5486">
     <span class='ocr_line' id='line_1_121' title="bbox 2043 5409 3497 5486; baseline -0.004 -16"><span class='ocrx_word' id='word_1_846' title='bbox 2043 5409 2283 5486; x_wconf 85' lang='lat' dir='ltr'><strong>spicione</strong></span> <span class='ocrx_word' id='word_1_847' title='bbox 2306 5417 2685 5486; x_wconf 79' lang='lat' dir='ltr'><strong>resperserunt</strong></span> <span class='ocrx_word' id='word_1_848' title='bbox 2704 5448 2719 5473; x_wconf 95' lang='lat'><strong>,</strong></span> <span class='ocrx_word' id='word_1_849' title='bbox 2765 5422 2950 5486; x_wconf 76' lang='lat' dir='ltr'><strong>secum</strong></span> <span class='ocrx_word' id='word_1_850' title='bbox 2973 5416 3244 5486; x_wconf 73' lang='lat' dir='ltr'><strong>reputent,</strong></span> <span class='ocrx_word' id='word_1_851' title='bbox 3268 5409 3497 5486; x_wconf 55' lang='lat' dir='ltr'><strong>ﬁeri_vix</strong></span> 
     </span>
    </p>
   </div>
   <div class='ocr_carea' id='block_1_119' title="bbox 2044 5476 3620 5550">
    <p class='ocr_par' dir='ltr' id='par_1_119' title="bbox 2044 5476 3620 5550">
     <span class='ocr_line' id='line_1_122' title="bbox 2044 5476 3620 5550; baseline -0.001 -12"><span class='ocrx_word' id='word_1_852' title='bbox 2044 5476 2233 5547; x_wconf 73' lang='lat' dir='ltr'><strong>tuisse,</strong></span> <span class='ocrx_word' id='word_1_853' title='bbox 2263 5490 2324 5535; x_wconf 90' lang='lat' dir='ltr'><strong>ut</strong></span> <span class='ocrx_word' id='word_1_854' title='bbox 2352 5476 2713 5550; x_wconf 69' lang='lat' dir='ltr'><strong>posteriorum</strong></span> <span class='ocrx_word' id='word_1_855' title='bbox 2748 5476 3068 5550; x_wconf 67' lang='lat' dir='ltr'><strong>saeculorum</strong></span> <span class='ocrx_word' id='word_1_856' title='bbox 3099 5478 3360 5550; x_wconf 87' lang='lat' dir='ltr'><strong>impostor</strong></span> <span class='ocrx_word' id='word_1_857' title='bbox 3392 5478 3466 5550; x_wconf 89' lang='lat' dir='ltr'><strong>in_</strong></span> <span class='ocrx_word' id='word_1_858' title='bbox 3492 5476 3620 5536; x_wconf 85' lang='lat' dir='ltr'><strong>illud</strong></span> 
     </span>
    </p>
   </div>
   <div class='ocr_carea' id='block_1_120' title="bbox 2046 5546 3623 5619">
    <p class='ocr_par' dir='ltr' id='par_1_120' title="bbox 2046 5546 3623 5619">
     <span class='ocr_line' id='line_1_123' title="bbox 2046 5546 3623 5619; baseline 0.001 -13"><span class='ocrx_word' id='word_1_859' title='bbox 2046 5546 2424 5609; x_wconf 76' lang='lat' dir='ltr'><strong>testamentum</strong></span> <span class='ocrx_word' id='word_1_860' title='bbox 2481 5546 2777 5619; x_wconf 84' lang='lat' dir='ltr'><strong>conjiceret</strong></span> <span class='ocrx_word' id='word_1_861' title='bbox 2803 5547 3100 5619; x_wconf 79' lang='lat' dir='ltr'><strong>_civit_atem</strong></span> <span class='ocrx_word' id='word_1_862' title='bbox 3156 5546 3335 5619; x_wconf 88' lang='lat' dir='ltr'><strong>illam,</strong></span> <span class='ocrx_word' id='word_1_863' title='bbox 3384 5547 3538 5619; x_wconf 83' lang='lat' dir='ltr'><strong>cujus</strong></span> <span class='ocrx_word' id='word_1_864' title='bbox 3588 5567 3623 5607; x_wconf 89' lang='lat' dir='ltr'><strong>a</strong></span> 
     </span>
    </p>
   </div>
   <div class='ocr_carea' id='block_1_121' title="bbox 2014 5615 3623 5693">
    <p class='ocr_par' dir='ltr' id='par_1_121' title="bbox 2014 5615 3623 5693">
     <span class='ocr_line' id='line_1_124' title="bbox 2014 5615 3623 5693; baseline -0.001 -15"><span class='ocrx_word' id='word_1_865' title='bbox 2014 5630 2196 5687; x_wconf 76' lang='lat' dir='ltr'><strong>,tanto</strong></span> <span class='ocrx_word' id='word_1_866' title='bbox 2240 5629 2484 5692; x_wconf 89' lang='lat' dir='ltr'><strong>tempore</strong></span> <span class='ocrx_word' id='word_1_867' title='bbox 2526 5615 2594 5674; x_wconf 87' lang='lat' dir='ltr'><strong>ne</strong></span> <span class='ocrx_word' id='word_1_868' title='bbox 2624 5616 2849 5689; x_wconf 87' lang='lat' dir='ltr'><strong>vestigia</strong></span> <span class='ocrx_word' id='word_1_869' title='bbox 2874 5615 3092 5686; x_wconf 90' lang='lat' dir='ltr'><strong>quidem</strong></span> <span class='ocrx_word' id='word_1_870' title='bbox 3126 5618 3406 5676; x_wconf 86' lang='lat' dir='ltr'><strong>ruinarum</strong></span> <span class='ocrx_word' id='word_1_871' title='bbox 3433 5615 3623 5693; x_wconf 78' lang='lat' dir='ltr'><strong>snper-</strong></span> 
     </span>
    </p>
   </div>
   <div class='ocr_carea' id='block_1_122' title="bbox 2046 5701 2188 5749">
    <p class='ocr_par' dir='ltr' id='par_1_122' title="bbox 2046 5701 2188 5749">
     <span class='ocr_line' id='line_1_125' title="bbox 2046 5701 2188 5749; baseline -0.014 -1"><span class='ocrx_word' id='word_1_872' title='bbox 2046 5701 2188 5749; x_wconf 81' lang='lat' dir='ltr'><strong>sum.</strong></span> 
     </span>
    </p>
   </div>
   <div class='ocr_carea' id='block_1_123' title="bbox 3093 5840 3186 5925">
    <p class='ocr_par' dir='ltr' id='par_1_123' title="bbox 3093 5840 3186 5925">
     <span class='ocr_line' id='line_1_126' title="bbox 3093 5840 3186 5925; baseline 0 -19"><span class='ocrx_word' id='word_1_873' title='bbox 3093 5840 3186 5925; x_wconf 81' lang='lat'><strong>_37</strong></span> 
     </span>
    </p>
   </div>
  </div>
