3996 6178
417 341 554 397 Ηῦὗ

420 545 596 602 cultor
635 540 803 594 abbas
853 541 1079 606 praeest,
1119 537 1302 599 aptum
1333 532 1477 580 esset
1511 522 1579 578 ad
1617 519 2009 576 monasterium

422 633 697 706 regulare;
732 627 858 699 quia
881 639 989 679 non
1021 619 1195 677 solum
1225 617 1368 672 idem
1396 614 1572 679 locus,
1605 611 1696 667 ubi
1725 606 2012 680 praafatum

422 702 815 782 monasterium
844 714 1130 770 fundatum
1167 716 1283 774 est,
1331 720 1519 762 verum
1552 702 1717 758 etiam
1745 707 1800 754 et
1822 710 2013 767 omnes

421 813 754 886 adjacentias
781 820 1052 878 congruas
1080 801 1308 858 haberet
1335 796 1510 852 servis
1537 793 1633 848 Dei
1657 789 2014 847 monasticam

421 881 591 966 vitam
625 907 821 977 degere
848 897 1173 956 volentibus.
1216 891 1353 946 Nam
1387 898 1442 942 et
1470 884 1750 958 privilegia
1777 881 2016 953 qualiter

424 1000 601 1072 ipsum
637 990 1029 1049 monasterium
1068 985 1135 1040 ad
1176 978 1541 1037 monasticum
1578 975 1821 1031 ordinem
1856 968 2018 1040 perﬁ—

425 1062 678 1149 ciendum
709 1085 987 1140 fundatum
1015 1085 1179 1140 esset,
1229 1083 1284 1128 et
1308 1079 1581 1144 prtecepta
1616 1066 1821 1137 regalia
1861 1062 2018 1118 nobis

427 1180 684 1243 ostendit,
712 1175 803 1230 ubi
836 1169 1041 1240 liquido
1069 1164 1321 1236 apparuit
1351 1162 1496 1232 quod
1531 1157 1832 1226 antiquitus
1861 1167 2018 1223 regu-

428 1275 545 1330 lare
595 1265 988 1326 monasterium
1025 1259 1236 1314 fuisset.
1279 1254 1389 1309 Nos
1425 1266 1552 1306 vero
1579 1251 1719 1304 hanc
1757 1259 1873 1298 rem
1902 1240 2019 1296 dili-

373 1396 375 1400 Α
429 1365 645 1438 gentius
671 1361 812 1416 scire
844 1355 1088 1411 volentes
1108 1393 1122 1417 ,
1149 1349 1410 1419 jussimus
1448 1339 1810 1398 venerabilem
1841 1337 2017 1390 virum

433 1428 711 1511 Ilebonem
740 1449 1105 1503 Rhemensem
1137 1437 1606 1507 archiepiscopum
1631 1438 1686 1486 et
1717 1428 1928 1497 aliquos
1951 1441 2020 1480 ex

432 1542 789 1617 suffraganeis
821 1540 934 1595 suis
968 1536 1035 1590 ad
1071 1532 1389 1604 praedictum
1426 1527 1608 1580 locum
1640 1522 1743 1586 ire,
1795 1527 1850 1575 et
1896 1515 2019 1572 dili-

433 1649 622 1714 genter
649 1633 880 1698 intueri,
919 1645 1026 1684 non
1063 1626 1236 1682 solum
1273 1623 1318 1677 si
1350 1623 1465 1692 ipse
1497 1619 1650 1672 locus
1690 1622 1848 1686 aptus
1877 1618 2022 1666 esset

437 1710 506 1786 ad
540 1726 901 1784 monasticam
950 1720 1196 1776 ordinem
1244 1710 1679 1773 observandum,
1730 1719 1922 1760 verum
1967 1711 2023 1756 et

1566 312 1889 371 LUDOVICI
1928 310 1947 364 I
1987 303 2459 363 COGNOMENTO
2497 303 2586 359 PII

419 470 546 512 stne
581 467 646 508 eo
682 446 824 516 quod
865 442 1182 515 praedictum
1229 433 1641 497 monasterium,
1673 430 1766 485 ubi
1792 429 1882 483 ille
1913 425 2008 481 Dei
2037 428 2086 482 A

3559 286 3701 343 1164

2743 409 3070 471 CXXXVIII.

2511 547 2612 588 Ηιο
2635 539 2976 585 IIONASTBRIO
3025 530 3300 576 DBIVEHSI.

2746 619 2920 691 (Anno
2956 613 3109 684 827.)

2113 720 2394 774 Dirimitur
2425 715 2685 770 contentio
2726 711 2966 764 abbatem
3011 707 3149 761 inter
3189 712 3238 758 et
3279 701 3467 773 ﬁscum
3505 700 3711 772 regium

2609 788 2673 837 de
2695 782 2828 836 silva
2850 777 3199 833 Astenelensi.

2260 881 2436 955 [Apud
2468 879 2650 944 Mart.,
2685 873 2847 946 ampl.
2872 871 3020 937 coll.,
3043 880 3178 925 tom.
3205 867 3268 935 II,
3290 882 3416 938 pag.
3443 865 3561 938 24.]

2185 977 2242 1032 In
2267 954 2486 1031 nomine
2513 969 2728 1027 Domini
2766 967 2864 1022 Dei
2909 973 2966 1018 et
3010 962 3313 1016 Salvatoris
3355 958 3527 1014 nostri
3579 954 3712 1012 Jesu

2113 1069 2357 1133 Christi,
2411 1064 2717 1121 Ludovicus
2761 1069 2816 1116 et
2849 1057 3142 1115 Lotharius
3187 1055 3368 1110 divina
3418 1051 3712 1108 ordinante

2115 1160 2455 1234 providentia
2486 1159 2842 1228 imperatores
2867 1151 3114 1223 Augusti.
3279 1136 3281 1138 ’

2161 1302 2167 1308 .
2189 1257 2386 1312 Notum
2423 1267 2543 1308 esse
2566 1250 2814 1306 volumus
2834 1246 3078 1303 omnium
3106 1242 3346 1298 ﬁdelium
3371 1250 3708 1300 nostrorum,

2118 1347 2465 1420 pmsentium
2510 1343 2719 1398 scilicet
2763 1348 2818 1395 et
2845 1339 3150 1394 futurorum
3180 1377 3195 1401 ,
3243 1333 3553 1405 sagacitati,
3583 1333 3711 1401 quia

2119 1439 2274 1496 Ando
2303 1438 2470 1492 abbas
2495 1431 2810 1488 monasterii
2852 1427 3006 1498 cujus
3034 1425 3353 1482 vocabulum
3397 1432 3479 1477 est
3515 1420 3714 1475 Stabu-

2123 1535 2240 1589 laus
2263 1540 2317 1587 et
2341 1526 2813 1590 Malmundarium,
2840 1521 3108 1578 accedens
3137 1520 3205 1574 ad
3228 1531 3389 1571 aures
3411 1513 3717 1570 clementia:

2123 1633 2344 1690 nostrae,
2389 1620 2616 1692 expetiit
2641 1616 2801 1672 nobis
2822 1615 3052 1678 dicens,
3082 1609 3375 1682 quamdam
3409 1604 3717 1662 contentio-

2128 1734 2253 1774 nem
2281 1717 2422 1771 inter
2467 1730 2528 1769 se
2569 1721 2625 1768 et
2661 1709 2937 1765 Albricum
2964 1715 3204 1760 actorem
3231 1701 3349 1756 ﬁsci
3377 1697 3581 1763 nostri,
3622 1697 3716 1767 qui

439 1838 624 1883 utrum
649 1821 834 1878 clerici
858 1819 931 1874 i-bi
955 1818 1215 1887 degentes
1242 1808 1540 1865 monastice
1567 1803 1771 1866 vivere,
1797 1815 1868 1854 an
1895 1812 2021 1852 non.
2053 1777 2103 1838 Β
2133 1787 2314 1865 Tectis
2343 1811 2703 1874 nuncupatur,
2733 1806 2978 1855 εισι-ωσι
3000 1809 3141 1860 esse,
3166 1794 3231 1848 de
3259 1792 3492 1861 quadam
3511 1789 3719 1843 εείιίοει

433 1917 520 1974 Illi
561 1929 692 1969 vero
737 1909 937 1965 nostris
979 1903 1318 1975 jussionibus
1362 1899 1839 1967 obtemperantes,
1887 1889 2031 1944 sicut

440 2005 596 2062 nobis
624 2001 916 2074 praedictus
942 1995 1094 2050 Ilebo
1123 1991 1566 2060 archiepiscopus
1595 1982 1946 2046 renuntiavit,
1975 1989 2031 2034 et

443 2073 632 2166 aptum
661 2091 839 2146 locum
883 2089 1210 2141 invenerunt
1235 2081 1302 2135 ad
1330 2093 1577 2134 normam
1610 2073 1914 2145 regularem
1945 2087 2034 2125 cu-

439 2163 778 2242 stodiendam
805 2220 820 2245 ,
870 2186 927 2232 et
967 2175 1193 2232 clericos
1243 2172 1317 2226 ibi
1358 2169 1618 2240 degentes
1645 2171 1837 2236 sponte
1866 2163 2031 2217 vitam

440 2274 838 2334 monasticam,
890 2268 1032 2323 sicut
1077 2265 1183 2320 illis
1209 2261 1439 2333 professi
1473 2265 1634 2322 sunt,
1681 2254 1956 2324 suscipere
1981 2260 2037 2307 et

441 2374 712 2440 perpetuo
753 2364 1048 2418 observare
1094 2355 1250 2410 velle.
1321 2351 1429 2407 Sed
1473 2358 1534 2404 ut
1574 2347 1866 2418 praadictus
1901 2343 2036 2399 ordo

444 2436 784 2511 monasticus
814 2452 868 2505 in
897 2449 1086 2504 eodem
1123 2445 1242 2500 loco
1277 2441 1479 2497 nostris
1511 2447 1567 2494 et
1604 2436 1802 2492 futuris
1830 2443 2039 2504 tempo-

443 2549 595 2604 ribus
643 2545 710 2600 ad
760 2548 1004 2597 nostram
1048 2546 1537 2601 successorumque
1579 2537 1890 2583 nostrorum
1919 2540 2040 2596 per-

443 2649 664 2713 pctuam
704 2635 1108 2703 elcemosynam
1145 2628 1305 2699 digne
1343 2627 1746 2684 observaretur,
1770 2627 1826 2674 et
1853 2632 2042 2673 mona-

447 2733 536 2789 chi
561 2745 660 2802 per
691 2737 935 2797 tempora
967 2723 1228 2790 degentes
1266 2714 1563 2772 secundum
1597 2709 1840 2781 regulam
1867 2707 2042 2764 sancti

451 2799 732 2879 Benedicti
767 2819 933 2875 vitam
980 2815 1274 2884 degerent,
1315 2805 1609 2878 praedictus
1635 2801 1814 2856 Hauto
1849 2799 2042 2864 abbas,

449 2918 704 2992 precibus
730 2911 928 2983 quibus
946 2905 1135 2971 valuit,
1166 2901 1376 2974 rogavit
1398 2907 1460 2954 ut
1483 2905 1726 2953 nostrum
1755 2892 2046 2950 conﬁrma-

449 2987 619 3066 tionis
646 3011 977 3079 praeceptum
1014 2997 1155 3052 idem
1196 2990 1587 3049 monasterium
1626 2987 1829 3044 habere
1866 2997 2046 3039 mere-

453 3075 812 3164 return—sicut
849 3098 1048 3146 caetera
1086 3082 1415 3140 monaswria
1449 3077 1838 3135 monachorum
1878 3075 1934 3129 in
1964 3088 2047 3128 re-

459 3205 586 3262 gno,
616 3163 728 3241 Deo
754 3181 1010 3256 propitio,
1043 3184 1230 3232 nostro
1259 3173 1464 3229 habere
1498 3176 1818 3226 noscuntur.
1878 3163 2045 3234 Cujus

457 3257 772 3353 petitionem
809 3275 1012 3345 justam
1047 3278 1103 3324 et
1152 3263 1538 3321 rationabilem
1571 3257 1900 3329 iudicantes,
1949 3270 2047 3327 per

459 3348 561 3425 bos
615 3362 924 3434 imperiales
975 3357 1160 3427 apices
1215 3363 1432 3408 nostros
1484 3348 1830 3420 przecipimus
1885 3353 2049 3414 atque

455 3461 713 3531 jubemus
741 3465 802 3512 ut
829 3455 1028 3512 abhinc
1063 3454 1119 3508 in
1151 3451 1394 3505 futurum
1426 3444 1740 3516 prmdietum
1780 3447 2052 3495 monaste-

459 3554 607 3608 rium
638 3551 738 3607 sub
764 3547 1067 3604 monastico
1097 3541 1288 3598 ordine
1315 3537 1596 3609 persistat,
1621 3543 1676 3590 et
1703 3531 1956 3587 monachi
1977 3528 2051 3584 ibi

458 3647 726 3717 degentes
765 3643 866 3698 sub
911 3637 1097 3710 regula
1137 3632 1311 3690 sancti
1355 3628 1657 3693 Benedicti,
1689 3624 1917 3680 Domino
1949 3622 2049 3678 sibi

468 3713 797 3806 adjuvante,
839 3728 1151 3802 perenniter
1197 3725 1365 3779 vitam
1422 3721 1621 3776 ducant
1673 3713 2051 3770 monasticam.

469 3802 1002 3895 Et'quandoquidem
1033 3815 1214 3872 divina
1239 3811 1529 3868 vocatione
1567 3805 1860 3878 prmdictus
1889 3802 2058 3856 abbas

470 3916 541 3972 ab
577 3890 689 3971 hoc
737 3890 936 3968 saeculo
982 3903 1318 3978 migraverit,
1367 3898 1609 3971 quandiu
1659 3895 1762 3967 ipsi
1805 3890 2057 3948 monachi

472 4007 619 4061 inter
658 4018 718 4060 se
751 4000 917 4057 talem
945 3998 1146 4068 eligere
1185 3992 1462 4065 potuerint
1502 3987 1594 4059 qui
1634 3985 1739 4040 illis
1765 3982 2060 4039 secundum

475 4097 722 4171 regulam
756 4107 992 4166 praeesse
1029 4099 1086 4146 et
1119 4088 1377 4160 prodesse
1419 4081 1624 4153 possit,
1673 4092 1770 4148 per
1795 4076 1937 4129 banc
1964 4087 2062 4127 no-

484 4168 659 4251 stram
705 4188 1089 4246 auctoritatem
1126 4181 1398 4237 licentiam
1435 4177 1673 4232 habeant
1708 4169 1939 4242 eligendi
1968 4168 2064 4222 ab-

479 4292 670 4353 bates,
716 4283 952 4355 qualiter
998 4277 1250 4334 monachi
1294 4290 1392 4346 per
1434 4282 1680 4342 tempora
1704 4266 1776 4322 ibi
1806 4265 2062 4334 degentes

480 4394 581 4450 pro
602 4354 780 4440 nobis,
827 4369 1146 4442 conjugibus
1195 4381 1260 4422 ac
1300 4363 1485 4420 liberis
1509 4358 1738 4424 nostris,
1769 4372 1866 4413 seu
1896 4354 2063 4410 totius

2133 1900 2266 1956 silva
2295 1913 2415 1967 qua:
2441 1896 2495 1950 in
2521 1895 2638 1948 loco
2673 1895 3017 1960 nuncupante
3039 1887 3382 1947 Astanetum,
3414 1881 3560 1935 inter
3584 1879 3720 1933 duos

2135 1992 2337 2050 rivulos
2383 1987 2692 2044 Tailernion
2731 1991 2788 2039 et
2831 1981 3128 2036 Dulnosum
3153 1991 3276 2031 esse
3325 1974 3562 2029 videtur.
3609 1971 3722 2026 Nos

2133 2096 2350 2155 quoque
2390 2079 2551 2148 hujus
2595 2072 2960 2132 contentionis
3001 2078 3059 2125 et
3085 2066 3366 2124 seditionis
3403 2064 3723 2135 qualitatem

2138 2185 2467 2245 cognoscere
2493 2169 2735 2224 volentes
2752 2207 2765 2228 ,
2807 2164 3057 2220 misimus
3085 2161 3221 2216 duos
3246 2173 3314 2213 ex
3346 2156 3599 2212 ﬁdelibus
3625 2170 3724 2209 no-

2138 2268 2268 2321 stris
2303 2263 2580 2318 Jastonem
2624 2256 2876 2313 videlicet
2924 2253 3180 2308 comitem
3218 2248 3405 2320 palatii
3446 2245 3622 2302 nostri
3672 2253 3730 2299 et

2136 2355 2430 2412 Wirnitum
2472 2350 2791 2420 magistrum
2836 2342 3185 2415 parvulorum
3245 2347 3603 2401 nostrorum,
3667 2342 3728 2388 ut

2137 2464 2262 2504 eum
2293 2447 2471 2501 locum
2501 2444 2566 2498 de
2593 2456 2699 2511 qua
2734 2437 2893 2507 huius
2931 2431 3298 2491 contentionis
3345 2429 3579 2484 intentio
3602 2443 3731 2498 age—

2140 2543 2322 2604 batur,
2348 2537 2697 2606 inspicerent,
2722 2540 2776 2586 et
2802 2547 2898 2601 per
2925 2528 3421 2584 circummanentes
3445 2521 3732 2590 utriusque

2138 2631 2312 2702 partis
2349 2628 2428 2683 rei
2456 2625 2744 2679 veritatem
2768 2620 3140 2690 inquirerent,
3179 2615 3271 2684 qui
3299 2612 3508 2669 reversi
3531 2627 3735 2667 renun-

2143 2724 2416 2778 tiaverunt
2466 2717 2622 2773 nobis
2661 2713 2807 2786 quod
2846 2727 2972 2767 cum
3008 2714 3340 2764 memoratus
3375 2704 3532 2758 Ando
3561 2703 3734 2758 abbas

2142 2829 2239 2885 per
2264 2811 2573 2882 priscorum
2599 2821 2788 2877 regum
2825 2803 3164 2858 Francorum
3192 2796 3502 2853 donationis
3525 2809 3733 2864 prrece-

2143 2907 2258 2979 pta,
2279 2918 2493 2960 necnon
2513 2908 2568 2956 et
2590 2898 2796 2955 familia
2817 2894 3104 2952 memorati
3133 2893 3250 2948 ﬁsci
3273 2890 3473 2955 nostri,
3493 2903 3564 2943 ac
3585 2897 3734 2943 acto-

2144 3013 2234 3055 res
2277 2997 2515 3068 ejusdem
2556 3001 2780 3064 propter
2804 2991 3083 3060 antiquam
3125 2985 3575 3044 consuetudinem
3605 2997 3735 3038 suas

2148 3089 2580 3163 opportunitates
2604 3096 2658 3142 et
2693 3084 3107 3141 commoditates
3131 3082 3186 3136 in
3213 3080 3403 3136 eadem
3431 3077 3562 3133 silva
3582 3091 3735 3131 com-

2149 3189 2387 3245 muniter
2417 3187 2619 3243 habere
2644 3181 2901 3246 debeant,
2943 3181 3047 3235 has
3086 3185 3265 3232 autem
3297 3171 3738 3245 opportunitates

2147 3291 2204 3338 et
2233 3279 2666 3343 commoditates,
2690 3283 2914 3344 propter
2935 3269 3308 3327 contentiones
3325 3275 3381 3321 et
3405 3262 3736 3321 discordias.

2148 3395 2218 3434 ne
2251 3377 2448 3433 abhinc
2491 3374 2546 3429 in
2597 3372 2837 3427 futurum
2879 3367 3038 3432 ﬁant,
3069 3363 3272 3436 placuit
3301 3360 3460 3416 nobis
3500 3359 3557 3413 in
3593 3358 3739 3412 hunc

2151 3470 2370 3527 modum
2399 3463 2765 3520 determinare
2794 3480 2806 3514 :
2839 3461 2893 3516 id
2917 3465 3018 3523 est,
3051 3473 3112 3511 ut
3138 3469 3262 3510 eum
3282 3460 3558 3522 pmcepta
3583 3462 3737 3518 rega-

2153 3562 2244 3628 lia,
2277 3573 2398 3630 quae
2433 3557 2501 3612 de
2535 3561 2834 3610 memorata
2865 3549 2996 3605 silva
3028 3547 3170 3601 circa
3206 3541 3581 3614 prtescripttln
3623 3550 3741 3591 mo-

2155 3651 2455 3708 nasterium
2490 3663 2521 3700 a
2559 3644 2756 3715 priscis
2788 3641 3124 3696 Francorum
3171 3633 3387 3705 regibus
3429 3627 3578 3682 facta
3620 3625 3742 3680 fue-

2156 3748 2305 3806 runt,
2356 3735 2685 3793 inviolabilia
2748 3735 3125 3802 permaneant,
3175 3740 3301 3780 cum
3343 3729 3571 3788 utraque
3614 3731 3743 3787 pars

2157 3829 2473 3888 monasterii
2500 3826 2751 3881 videlicet
2776 3832 2832 3878 et
2855 3821 2971 3877 ﬁsci
3007 3818 3179 3874 nostri
3201 3815 3451 3871 eamdem
3470 3811 3664 3867 silvam
3684 3809 3740 3863 in
3815 3875 3818 3877 ἓ

2157 3921 2372 3994 pascuis
2397 3917 2713 3974 animalium
2735 3922 2790 3970 et
2816 3925 3106 3983 porcorum
3133 3906 3372 3971 utendis,
3397 3919 3524 3958 cum
3547 3903 3603 3956 in
3630 3915 3744 3954 ma-

2160 3991 2536 4068 teriaminibus
2577 4006 2838 4062 faciendis
2881 4012 2935 4057 et
2986 3997 3378 4071 piscationibus
3425 3991 3746 4050 exercendis

2160 4106 2277 4161 sine
2313 4103 2629 4174 aliquolibet
2661 4100 2884 4155 alterius
2909 4095 3082 4166 partis
3111 4091 3496 4162 impedimento
3517 4085 3743 4142 dimissa

2162 4197 2265 4254 sibi
2307 4197 2538 4253 invicem
2580 4190 2925 4264 pastionatici
2964 4187 3286 4244 solutionem
3321 4180 3662 4252 aequabiliter
3691 4185 3748 4232 et

2161 4288 2524 4346 communiter
2549 4285 2801 4349 habeant,
2826 4291 2881 4338 et
2918 4286 3110 4335 neutra
3137 4292 3266 4348 pars
3296 4273 3608 4328 nullatenus
3638 4283 3750 4323 me-

2165 4389 2433 4436 moratam
2470 4378 2662 4434 silvam
2708 4375 2854 4430 ultra
2893 4370 3225 4440 exstirpare,
3272 4373 3366 4421 aut
3398 4359 3751 4419 mansioniles

482 4469 637 4544 regni
666 4465 840 4524 nostri
865 4463 1181 4528 stabilitate,
1211 4457 1425 4515 Domini
1451 4450 1880 4511 misericordiam
1912 4447 2062 4503 inde-
2087 4477 2140 4537 Β
2165 4475 2219 4529 in
2248 4487 2313 4528 ea
2337 4470 2516 4526 facere
2541 4473 2851 4541 praesumat.
2875 4465 2944 4520 Et
2970 4472 3031 4519 ut
3053 4465 3158 4518 hoc
3185 4468 3384 4515 nostra
3408 4452 3751 4511 auctoribus

480 4565 727 4620 Sinam"
777 4573 1010 4616 “mare
1052 4555 1408 4612 delecwnmr'
1470 4549 1540 4604 Εί
1592 4555 1653 4602 ut
1697 4546 1815 4601 hac
1862 4549 2064 4635 “95"?”
2163 4564 2531 4635 conscriptum
2568 4577 2756 4618 verum
2785 4559 3040 4614 credatur
3068 4570 3133 4610 ac
3167 4550 3479 4623 diligentius
3523 4559 3748 4602 conser-

487 4653 827 4711 auctoritatis
866 4647 1157 4723 praeceptio
1201 4661 1266 4701 ac
1295 4640 1634 4700 conﬁrmatio
1660 4652 1758 4708 per
1796 4632 2066 4690 curricula
2164 4663 2353 4722 vel“,
2380 4632 2574 4710 ξω)ιῶ
2602 4652 2774 4709 nostri
2803 4649 3156 4720 impressione
3182 4647 3369 4699 sum"
3396 4654 3525 4696 eum
3550 4634 3750 4708 sim

488 4758 755 4802 annorum
801 4737 1165 4798 inviolabilem
1215 4744 1378 4805 atque
1423 4729 1791 4786 inconvulsam
1827 4724 2068 4781 obtineat

489 4837 827 4900 ﬁrmitatem,
856 4846 1024 4888 manu
1048 4826 1268 4900 propria
1295 4823 1482 4879 subter
1517 4817 1852 4873 ﬁrmavimus
1883 4823 1938 4870 et
1971 4829 2054 4868 an-

491 4927 604 4982 nuli
629 4923 804 4983 nostri
828 4919 1184 4994 impressione
1210 4913 1410 4987 signari
1430 4909 1711 4983 jussimus.

564 5018 792 5092 Signum
819 5011 1075 5072 Ludovici
1099 5004 1470 5081 gloriosissimi
1498 4997 1859 5070 imperatoris.

566 5091 793 5186 Signum
818 5103 1060 5164 Lotharii
1086 5097 1418 5158 serenissimi
1445 5091 1674 5186 augusti

566 5173 1128 5259 Ddrandusdiaconus
1150 5190 1217 5247 ad
1228 5189 1403 5244 vicem
1429 5179 1709 5253 Fredugisi
1738 5173 2071 5246 recognovit.

2158 4763 2443 4820 jusSImus.

2238 4843 2350 4914 Ego
2375 4839 2806 4896 Herminmarius
2826 4835 3071 4891 notarius
3099 4832 3167 4887 ad
3190 4831 3364 4886 vicem
3399 4824 3654 4881 Friducis
3671 4836 3752 4875 re-

2172 4933 2420 5006 cognovi.

2248 5031 2381 5086 Data
2404 5042 2500 5082 vm
2526 5024 2750 5080 Kalend.
2782 5020 2948 5085 Junii,
2977 5018 3195 5076 Christo
3221 5011 3482 5086 pmpitio,
3499 5023 3645 5064 anno
3663 5006 3753 5062 de-

2178 5130 2322 5186 cimo
2366 5133 2560 5197 quarto
2601 5120 2813 5190 imperii
2841 5116 3023 5174 domui
3049 5111 3310 5170 Ludovici
3342 5115 3396 5165 et
3422 5103 3608 5197 domui
3658 5101 3759 5156 Lo-

2178 5221 2345 5279 tharii
2378 5196 2565 5291 quinto
2591 5213 2820 5287 piissimi
2841 5207 3098 5281 Augusti,
3129 5203 3427 5261 indictione
3455 5196 3509 5253 5.

2250 5282 2448 5370 Actum
2473 5282 2656 5366 Tectis
2679 5321 2703 5349 ι
2738 5304 2939 5377 palatio
2979 5300 3126 5371 regio
3161 5298 3218 5353 in
3261 5294 3358 5350 Dei
3387 5289 3615 5348 nomine
3647 5282 3763 5341 feli-

2183 5405 2336 5460 citer.
2364 5403 2557 5456 Amen.

568 5297 705 5352 Data
728 5308 767 5351 tt
796 5291 922 5348 ldus
962 5281 1281 5347 Februarii,
1327 5293 1468 5334 anno
1500 5272 1720 5331 Christo
1750 5265 1985 5341 propitio
2011 5263 2075 5319 M

499 5388 713 5460 imperii
740 5382 945 5444 domini
972 5375 1230 5436 Ludovici
1257 5370 1488 5446 piissimi
1518 5363 1742 5460 Augusti
1762 5404 1776 5429 ,
1803 5367 1857 5416 et
1881 5357 2079 5460 Letha-

501 5445 653 5545 rii.5,
683 5475 878 5531 Iudiet.
900 5469 954 5526 5.
991 5469 1186 5524 Actum
1219 5445 1544 5536 Aquisgrani
1580 5453 1781 5526 palatio
1810 5449 1960 5521 regio
1979 5487 1994 5513 ,
2023 5445 2076 5500 in

506 5555 600 5621 Dei
624 5566 842 5622 nomine
871 5560 1120 5620 feliciter.
1152 5556 1345 5612 Amen.

585 5781 610 5811 ο
640 5765 807 5834 Ilujus
828 5761 1013 5834 palatii
1046 5759 1178 5830 regii
1205 5757 1349 5813 nulla
1379 5753 1614 5812 occurrit
1639 5747 1840 5806 mentio
1873 5743 1924 5799 in
1950 5739 2088 5796 libro
2123 5752 2175 5794 tv
2213 5729 2501 5791 Mubillonii
2524 5728 2589 5784 de
2625 5725 2703 5782 Re
2736 5718 3102 5795 diplomatica.
