3996 6178
352 335 487 391 Ηϐ5

990 443 1275 499 CXXXIX.

552 550 652 591 PRO
675 551 971 593 MICIACENSI
1000 552 1048 592 5.
1081 552 1329 592 MAXIM!!!
1357 552 1716 593 MONASTERIO.

843 626 1009 698 (Ante
1047 643 1247 682 annum
1277 626 1404 683 828.

341 718 444 792 [Ex
474 716 806 773 cbarlulario
835 716 1175 792 Miciacensi,
1199 717 1347 792 apud
1367 716 1429 770 D.
1465 715 1756 787 Bouquet.,
1785 725 1918 772 tom.

926 787 1013 854 Vl,
1049 804 1172 859 pag.
1198 786 1349 859 554.]

411 914 435 941 ι
461 900 520 956 ln
546 900 765 954 nomine
788 899 1000 953 Domini
1023 899 1117 954 Dei
1143 898 1528 969 omnipotentis
1547 906 1604 954 et
1626 897 1924 953 Salvatoris

337 992 511 1047 uestri
551 990 678 1046 Jesu
717 989 951 1055 Christi,
997 990 1302 1044 Ludovicus
1345 998 1402 1045 et
1441 989 1735 1046 Lotharius
1779 989 1923 1045 ﬁlius

335 1084 455 1154 ejus
483 1085 662 1141 divina
709 1085 997 1140 ordinante
1031 1083 1375 1153 providentia
1416 1083 1775 1154 imperatores
1816 1082 1934 1138 Au-

336 1176 499 1248 gusti.

410 1268 605 1323 Notum
649 1267 770 1323 ﬁeri
801 1266 1051 1322 volumus
1086 1266 1352 1338 imprimis
1380 1267 1787 1323 successoribus
1824 1283 1924 1323 no-

338 1360 486 1424 stris,
533 1373 742 1414 necnon
767 1365 824 1414 et
851 1359 1103 1413 omnibus
1145 1358 1413 1423 ﬁdelibus,
1467 1358 1593 1428 quia
1631 1358 1925 1429 postulavit

338 1451 766 1524 magnitudinem
794 1459 1035 1507 nostram
1064 1448 1231 1504 Jonas
1259 1450 1433 1506 ﬁdelis
1453 1458 1640 1506 noster
1677 1449 1924 1505 Aurelia-

338 1545 523 1600 nensis
545 1543 744 1615 praesul
779 1543 1069 1609 Ecclesiae,
1102 1553 1162 1598 ut
1196 1543 1394 1599 divinae
1424 1544 1702 1599 servitutis
1727 1544 1797 1598 oh
1820 1544 1921 1597 bo-

338 1648 546 1699 norem,
577 1641 633 1688 et
651 1642 872 1702 propter
899 1634 1253 1689 monasticam
1274 1635 1544 1690 veraciter
1562 1634 1922 1705 religioseque

338 1725 661 1781 servandum
699 1725 945 1781 ordinem
971 1767 986 1791 ,
1018 1734 1236 1782 nostrae'
1256 1728 1595 1784 auctoritatis
1636 1728 1922 1799 privilegio

1489 330 1880 389 DlPLOilATA
1920 329 2473 388 ECCLESIASTICA.

1948 446 1996 505 Α
2024 445 2179 499 nario
2205 443 2486 513 cujusdam
2516 443 2877 499 Dromedamii
2901 486 2914 508 ,
2947 450 3003 498 et
3038 442 3277 499 decurrit
3307 460 3406 515 per
3442 447 3615 517 ripam

3480 333 3615 388 {166

2026 532 2210 591 Sancti
2253 534 2444 589 Hilarii
2472 534 2772 604 usquedum
2802 533 3083 603 cujusdam
3113 533 3355 589 Mortosii
3393 537 3613 593 nomine

2022 625 2129 680 vici
2151 625 2460 680 derodendo
2481 622 2617 679 ﬁnes
2640 623 2847 695 Ligeris
2868 623 3022 677 alveo
3043 636 3149 677 non
3167 622 3383 679 modico
3404 624 3614 680 invehi-

2024 724 2132 781 tur,
2167 716 2493 770 terminante
2518 715 2753 785 quadam
2779 713 3021 769 conclavi
3050 721 3207 768 terrae
3227 713 3452 769 alterius
3475 715 3607 783 ripae

2022 807 2268 878 praedicti
2295 806 2611 862 monasterii
2634 812 2826 861 contra
2847 803 2938 859 ubi
2964 805 3129 859 etiam
3149 802 3365 873 publica
3387 804 3475 859 via
3505 814 3612 869 est,

2024 903 2166 958 inter
2194 917 2356 972 quam
2385 910 2440 957 et
2461 896 2686 957 alteram
2713 908 2919 955 terram
2948 898 3194 968 praedicti
3217 895 3451 952 ρωποι)Ῐί
3480 913 3616 968 pau-

2024 994 2189 1050 Iulum
2230 995 2471 1051 extendit
2503 1010 2565 1050 se
2609 992 2856 1064 quaedam
2890 989 3094 1046 terrula
3132 987 3351 1045 Sancta:
3399 987 3610 1055 Crucis,

2024 1102 2233 1143 necnon
2263 1096 2319 1142 et
2345 1085 2594 1141 ﬂuviolus
2622 1084 2881 1141 Rollenus
2901 1125 2916 1148 ,
2946 1083 3038 1154 qui
3066 1083 3123 1137 in
3161 1081 3352 1137 eodem
3392 1080 3510 1136 loco
3546 1081 3615 1136 ad

2024 1194 2265 1250 [muscus
2306 1179 2579 1233 invehitur
2611 1176 2809 1247 Ligeri.
2838 1174 3023 1230 Altera
3051 1187 3183 1229 vero
3209 1172 3329 1243 ripa
3367 1171 3613 1242 prtedicti

2027 1270 2172 1327 ﬂuvii
2195 1271 2423 1343 Ligerici
2450 1284 2664 1340 semper
2682 1267 2923 1339 praedicti
2947 1265 3180 1322 coenobii
3208 1275 3291 1320 est
3306 1265 3613 1336 potestatis,

2024 1363 2271 1434 quamvis
2320 1359 2688 1431 cujuscunque
2737 1366 2885 1413 terra
2931 1357 3160 1412 alterius
3200 1353 3341 1424 juris
3386 1354 3620 1424 desuper

2022 1454 2307 1510 habeatur.
2353 1453 2421 1508 Et
2449 1453 2505 1507 in
2542 1453 2764 1508 civitate
2796 1448 3174 1505 Aurelianensi
3203 1448 3447 1519 possidet
3478 1463 3617 1517 prae—

2025 1544 2195 1599 fatum
2220 1543 2530 1600 coenobium
2558 1542 2880 1599 Miciacense
2909 1541 3229 1605 claustrum,
3250 1539 3393 1610 quod
3417 1538 3617 1594 dicitur

2024 1632 2232 1704 capella
2262 1632 2449 1688 Sancti
2479 1631 2775 1695 Maximini,
2815 1639 2871 1686 et
2901 1639 3046 1685 terra
3077 1629 3249 1700 ipsius
3279 1627 3461 1683 allodii
3500 1625 3615 1681 exit

2024 1732 2186 1779 extra
2217 1738 2454 1778 murum.
2486 1722 2553 1776 Et
2579 1721 2684 1778 alio
2714 1721 2833 1777 loco
2856 1720 2910 1775 in
2935 1720 3156 1776 civitate
3179 1719 3344 1774 habet
3363 1717 3617 1773 allodium

339 1817 801 1873 committeremus
833 1815 912 1870 illi
937 1816 1209 1886 quoddam
1235 1816 1541 1873 coenobium
1571 1819 1736 1889 regiae
1765 1827 1922 1889 pote-
1952 1814 2001 1874 B
2030 1816 2345 1872 Momberric
2392 1816 2537 1871 inter
2569 1813 2828 1870 Sanctum
2882 1811 3219 1882 Stephanum
3259 1817 3314 1865 et
3359 1808 3617 1865 Sanctam

338 1906 529 1969 statis,
558 1905 891 1960 nominatum
926 1905 1231 1971 Miciacum,
1270 1907 1326 1961 in
1363 1905 1739 1963 Aurelianensi
1787 1907 1927 1961 dim-

340 1997 469 2061 cesi,
500 1995 780 2051 fundatum
815 1996 870 2050 in
904 1996 1109 2053 honore
1140 1998 1235 2053 Dei
1264 2006 1317 2054 et
1357 1998 1575 2070 gloriosi
1610 2008 1924 2070 protomar-

342 2089 474 2158 tyris
519 2088 784 2159 Stephani
831 2104 863 2143 a
912 2088 1181 2146 Clodoveo
1227 2091 1405 2162 primo
1452 2089 1926 2147 Cbristianissimo

342 2183 670 2238 Francorum
702 2198 847 2252 rege,
877 2192 933 2237 et
950 2185 1311 2253 posteriorum
1337 2185 1708 2242 munificentia
1736 2204 1926 2260 regum

340 2274 609 2343 ampliﬁce
640 2272 1011 2328 sublimatum.
1048 2273 1194 2328 Idem
1223 2283 1403 2329 autem
1435 2277 1764 2333 venerabilis
1790 2293 1928 2348 prae-

340 2366 423 2421 sul
484 2363 650 2419 Jonas
701 2361 987 2449 praal'atum
1044 2363 1422 2420 Miciacensem
1473 2366 1650 2422 locum
1706 2369 1927 2438 speciali

339 2471 526 2511 amore
550 2454 779 2525 diligens
796 2495 812 2519 ,
841 2455 913 2510 ob
935 2455 1189 2510 meritum
1225 2464 1281 2511 et
1310 2459 1672 2514 reverentiam
1698 2461 1930 2516 sanctis-

340 2548 604 2602 simorum
634 2546 855 2600 Patrum
891 2546 1160 2617 Euspicii,
1202 2547 1502 2623 Maximini,
1541 2549 1686 2606 Aviti
1715 2560 1770 2606 et
1797 2552 1930 2608 alio—

343 2651 462 2691 rum
512 2636 911 2707 quamplurium
942 2678 956 2701 ,
1010 2638 1102 2707 qui
1148 2639 1205 2694 in
1253 2638 1442 2695 eodem
1501 2642 1750 2697 coenobio
1803 2638 1947 2698 cum

344 2730 578 2800 plurium
608 2727 834 2784 fratrum
871 2745 1099 2786 numero
1121 2731 1222 2787 sub
1248 2734 1551 2790 monastico
1575 2735 1767 2791 ordine
1803 2750 1931 2806 pro-

344 2822 598 2878 babiliter
622 2821 733 2878 Deo
769 2823 972 2879 vixisse
1006 2831 1063 2877 et
1096 2824 1368 2895 placuisse
1406 2825 1755 2884 declarantur
1778 2828 1930 2884 testi-

345 2914 531 2969 monio
560 2914 892 2970 evidentium
919 2916 1306 2972 miraculorum
1328 2960 1342 2984 ,
1382 2935 1491 2974 non
1522 2920 1806 2976 ambitiosa
1837 2937 1931 2977 cu-

345 3003 575 3072 piditate
597 3011 690 3058 aut
724 3003 865 3059 fastu
891 3007 1161 3075 superbiae
1190 3009 1425 3080 expetit,
1457 3010 1550 3065 sed
1582 3020 1639 3066 ut
1667 3012 1932 3083 regularis

347 3095 482 3149 ordo
502 3095 836 3152 monasticus
859 3097 1263 3168 religiosissime
1285 3101 1638 3158 custodiendo
1662 3111 1928 3159 teneatur.

2027 1906 2255 1962 Mariam
2296 1906 2432 1961 Boni
2457 1905 2664 1971 Nuntii,
2696 1912 2753 1960 et
2785 1904 2930 1959 ultra
2958 1902 3180 1957 ﬂuvium
3208 1901 3421 1974 Ligeris
3453 1901 3617 1957 habet

2025 1999 2209 2055 villam
2238 1999 2465 2065 Berarii,
2497 2014 2620 2070 qua:
2649 1999 2849 2054 dicitur
2872 1998 3079 2068 capella
3102 1996 3287 2053 Sancti
3316 1997 3613 2063 Maximini,

2026 2100 2083 2146 et
2134 2090 2443 2146 censiacum
2485 2105 2608 2145 cum
2659 2089 2816 2155 silva,
2865 2098 2922 2144 et
2950 2095 3188 2144 montem
3242 2088 3504 2155 Pastoris,
3564 2095 3620 2142 et

2026 2190 2268 2238 montem
2301 2180 2563 2236 Thebaldi
2589 2221 2604 2248 ,
2637 2188 2692 2236 et
2722 2180 2908 2235 villam
2942 2178 3294 2234 Marmanios.
3327 2178 3395 2233 Et
3423 2179 3481 2233 in
3509 2177 3617 2233 alio

2028 2274 2148 2329 loco
2171 2260 2338 2328 habet
2361 2270 2711 2327 Cambiacum
2738 2271 2941 2333 villam,
2971 2286 3097 2326 cum
3118 2270 3348 2326 ecclesia
3370 2277 3424 2324 et
3444 2271 3618 2325 omni-

2026 2362 2130 2417 bus
2150 2360 2252 2416 sibi
2274 2359 2694 2430 pertinentibus.
2724 2360 2791 2413 Et
2813 2361 2867 2414 in
2901 2358 3008 2413 alio
3033 2360 3154 2415 loco
3181 2359 3363 2414 villam
3390 2374 3511 2429 qua:
3535 2359 3618 2414 di—

2028 2453 2174 2509 citur
2199 2451 2498 2516 Fontanas,
2524 2450 2616 2506 ubi
2644 2457 2729 2505 est
2758 2449 2964 2504 rivulus
2989 2464 3166 2519 aqum,
3190 2457 3244 2504 et
3269 2463 3438 2520 prope
3466 2449 3616 2505 illam

2028 2545 2194 2600 habet
2219 2542 2404 2597 villam
2434 2556 2554 2613 quae
2585 2540 2787 2598 dicitur
2817 2540 3105 2611 Casellagi.
3130 2540 3186 2594 ln
3218 2540 3503 2596 Secalonia
3540 2539 3616 2613 (la

2031 2635 2282 2710 Sologne)
2317 2650 2448 2692 vero
2486 2635 2729 2709 possidet
2760 2643 2970 2690 curtem
3004 2634 3346 2691 Venuensem
3380 2651 3503 2691 cum
3528 2650 3620 2692 ec-

2031 2729 2217 2795 clesia,
2248 2729 2534 2799 mancipiis
2554 2769 2570 2795 ,
2599 2728 2764 2783 terris
2790 2728 2952 2784 cultis
2980 2734 3036 2782 et
3063 2726 3299 2793 incultis,
3333 2736 3390 2783 et
3423 2727 3618 2783 silvam

2032 2836 2152 2895 quae
2163 2820 2361 2877 dicitur
2381 2821 2714 2886 Tassimata;
2740 2830 2949 2876 curtem
2970 2822 3135 2877 etiam
3156 2819 3617 2887 Litimiacensem,

2032 2928 2155 2985 qua:
2176 2912 2334 2985 vulgo
2360 2913 2561 2969 dicitur
2580 2911 3012 2978 Monsteuranni,
3030 2928 3153 2968 cum
3175 2913 3369 2978 servis,
3394 2913 3546 2969 silvis
3569 2923 3624 2970 ct

2034 3004 2154 3062 aliis
2181 3006 2345 3062 rebus
2371 3004 2473 3060 sibi
2507 3003 2919 3073 adiacentibus,
2945 3018 3011 3059 ac
3049 3003 3234 3058 villam
3284 3004 3448 3059 Dardi
3497 3021 3622 3061 cum

2033 3097 2288 3153 omnibus
2331 3095 2433 3152 sibi
2468 3096 2904 3167 pertinentibus,
2947 3111 3013 3152 ac
3055 3096 3237 3151 villam
3266 3113 3386 3167 qua:
3426 3097 3627 3155 dicitur

348 3181 542 3240 Nostra
570 3201 701 3258 ergo
723 3187 899 3256 pietas
932 3162 1029 3243 tali
1059 3190 1270 3247 ratione
1296 3193 1588 3248 committit
1612 3194 1715 3250 sibi
1738 3192 1932 3264 prmfa-
1959 3162 2004 3225 C
2037 3190 2386 3246 Fontenellas
2403 3231 2418 3257 ,
2442 3162 2568 3246 cum
2596 3189 2753 3256 silva,
2781 3190 2955 3245 servis
2976 3198 3031 3244 et
3050 3162 3303 3246 omnibus
3326 3191 3431 3247 sibi
3459 3193 3626 3262 perti—

352 3285 463 3332 tum
500 3277 679 3333 locant
717 3286 772 3333 et
796 3281 1204 3336 successoribus
1226 3281 1367 3351 ejus,
1395 3290 1457 3337 ut
1501 3283 1674 3354 magis
1711 3300 1808 3355 per
1839 3299 1933 3340 eos

2038 3282 2310 3337 nentibus.
2336 3282 2404 3336 Et
2430 3281 2594 3337 habet
2615 3281 2902 3337 ecclesiam
2929 3279 3118 3337 Sancti
3145 3280 3292 3337 Petri
3318 3283 3371 3337 in
3396 3281 3630 3339 Gaudia-

256 3488 262 3493 ε
351 3464 649 3529 minuatur,
680 3469 739 3517 et
770 3478 946 3534 neque
980 3463 1146 3519 ullam
1177 3467 1480 3536 tyrannidis
1513 3467 1936 3525 dominationem

350 3371 617 3446 spirituali
659 3378 715 3426 et
754 3373 1039 3444 temporali
1087 3384 1351 3447 augeatur
1390 3377 1726 3434 incremento
1771 3395 1936 3451 quam
2039 3387 2124 3437 eo,
2156 3380 2212 3426 et
2239 3372 2527 3427 ecclesiam
2562 3370 2750 3428 Sancti
2785 3371 2979 3428 llilarii
3011 3373 3154 3429 ultra
3191 3372 3521 3446 Ligericum.
3552 3376 3631 3430 Ac

2041 3463 2096 3518 in
2135 3463 2414 3535 Marogilo,
2446 3463 2499 3517 in
2541 3480 2649 3518 uno
2678 3463 2796 3520 loco
2831 3465 3073 3534 possidet
3096 3465 3163 3521 de
3189 3468 3363 3536 pratis
3391 3483 3541 3533 xxxv,
3576 3476 3634 3523 et

356 3569 519 3626 super
547 3556 866 3621 monachos,
911 3553 1190 3619 familiam,
1229 3557 1533 3629 mancipia,
1562 3574 1748 3614 servos
1779 3575 1939 3614 exer—
2041 3552 2094 3605 in
2131 3553 2236 3608 alio
2273 3552 2422 3615 loco,
2456 3552 2548 3621 qui
2597 3553 2798 3608 dicitur
2845 3553 2928 3608 Ad
2960 3554 3166 3617 Renas,
3208 3556 3262 3609 in
3296 3556 3494 3612 allodio
3521 3558 3633 3611 ari-

357 3653 549 3710 ceant,
597 3653 653 3699 et
682 3659 859 3714 neque
898 3645 1013 3713 ipse
1052 3652 1144 3697 aut
1179 3644 1375 3713 aliquis
1412 3661 1785 3703 successorum
1822 3647 1942 3718 ejus
2040 3659 2246 3715 pennos
2276 3661 2359 3710 1v;
2411 3653 2465 3699 et
2511 3644 2567 3697 in
2613 3653 2904 3714 prospectu
2928 3645 3238 3700 Aurelianis
3278 3646 3334 3701 in
3382 3647 3502 3703 loco
3536 3650 3630 3719 qui

357 3749 389 3791 a
414 3735 537 3805 jure
573 3743 629 3788 et
671 3741 942 3803 potestate
984 3732 1194 3802 praefati
1239 3733 1577 3790 Miciacensis
1625 3736 1942 3792 monasterii
2043 3735 2244 3789 dicitur
2266 3733 2347 3789 Ad
2374 3733 2598 3788 Portum
2623 3735 2692 3806 (le
2718 3735 3053 3808 Portereau),
3076 3738 3366 3807 aripennos
3385 3740 3453 3796 de
3474 3741 3632 3798 vinea

357 3825 561 3895 aliquid
609 3838 793 3878 rerum
840 3838 1058 3877 suarum
1099 3824 1378 3879 mobilium
1420 3825 1506 3880 vel
1553 3826 1938 3894 immobilium,
2042 3839 2160 3879 thl-
2204 3822 2331 3879 Haec
2375 3822 2675 3880 Clodoveus
2716 3826 2928 3895 primus
2975 3844 3070 3883 rex
3125 3829 3457 3888 Francorum
3509 3834 3631 3891 loco

359 3930 497 3986 quas
540 3928 686 3968 nunc
736 3911 955 3969 Christo
984 3914 1219 3984 pr0pitio
1263 3916 1534 3985 possidet,
1562 3917 1648 3972 vel
1681 3919 1737 3973 in
1764 3918 1944 3974 futuro
2045 3913 2353 3970 Miciacensi
2403 3912 2529 3984 jure
2576 3915 2921 3974 hzereditario
2968 3918 3208 3974 donavit.
3258 3920 3328 3976 Et
3376 3923 3433 3978 in
3492 3938 3632 3996 pago

361 4006 624 4077 nequiret,
655 4014 750 4060 aut
795 4005 850 4059 in
890 4005 1108 4061 domino
1131 4008 1354 4077 proprio
1380 4008 1634 4077 invadat,
1679 4020 1773 4066 aut
1812 4027 1947 4082 quo—
2044 4007 2369 4063 Bituricensi
2419 4007 2561 4063 infra
2603 4008 2882 4064 castellum
2932 4008 3118 4067 Sancti
3171 4011 3421 4070 Gundulﬂ
3469 4016 3634 4073 habet

360 4098 632 4170 quomodo
652 4098 924 4167 subripiat
950 4099 1037 4155 vel
1062 4099 1365 4166 subtrahat,
1392 4107 1486 4154 aut
1527 4100 1689 4156 alicui
1720 4101 1941 4157 tribuat.
2046 4108 2255 4154 curtem
2291 4098 2642 4166 Pauliacum,
2683 4114 2806 4154 cum
2848 4101 3075 4157 ecclesia
3103 4109 3158 4158 et
3197 4119 3339 4173 aqua
3378 4104 3633 4163 Nostiusa

362 4189 443 4243 Ad
473 4189 722 4244 notitiam
756 4197 938 4244 autem
978 4190 1282 4245 futurorum
1319 4190 1522 4261 placuit
1553 4193 1709 4249 nobis
1754 4193 1807 4248 in
1841 4193 1947 4250 hoc
2048 4204 2113 4245 ac
2156 4189 2408 4245 omnibus
2464 4189 2568 4245 sibi
2616 4191 3033 4261 pertinentibus.
3083 4192 3153 4248 Et
3201 4194 3364 4251 habet
3400 4196 3631 4253 alteram

362 4281 699 4351 pragmatico
722 4322 737 4344 ,
789 4280 932 4351 quod
978 4281 1035 4335 in
1085 4282 1375 4352 praesentia
1406 4292 1594 4337 nostra
1638 4283 1754 4353 ipse
1781 4282 1948 4340 Jonas
2048 4292 2256 4339 curtem
2281 4283 2354 4339 ibi
2377 4282 2533 4352 juxta
2563 4282 2880 4353 przedictum
2914 4283 3248 4354 Pauliacum,
3285 4303 3406 4358 qua:
3434 4288 3635 4344 dicitur

364 4385 671 4443 episcopus,
715 4388 822 4428 una
878 4387 1001 4427 cum
1049 4373 1392 4429 conniventia
1421 4375 1823 4445 metropolitani
1863 4372 1945 4431 sui
2047 4374 2129 4428 Ad
2162 4373 2421 4430 Sanctum
2442 4373 2751 4437 Martinam,
2777 4390 2902 4431 cum
2917 4377 3146 4432 ecclesia
3173 4392 3238 4433 ac
3258 4379 3509 4434 omnibus
3530 4379 3634 4434 sibi

367 4458 654 4516 Hieremiae
688 4460 943 4517 dictando
981 4462 1303 4531 composuit,
1349 4468 1405 4517 et
1446 4463 1706 4534 scriptum
1742 4472 1943 4520 nostra:
1971 4517 2022 4536 ἢ
2048 4464 2465 4536 pertinentibus.
2482 4463 2959 4520 HaecClodomirus
2976 4463 3115 4520 ﬁlius
3135 4466 3365 4521 senioris
3380 4463 3633 4523 Clodovei

365 4551 699 4607 excellentia:
727 4517 1185 4608 corroborandum
1210 4517 1436 4619 obtulit,
1458 4517 1947 4626 adnbtariposses—
1971 4517 2024 4576 Β
2049 4517 2274 4626 praefato
2292 4553 2413 4611 loco
2430 4554 2719 4610 concessit.
2734 4552 2909 4609 Habet
2932 4562 3491 4625 quoquepotestatem
3513 4570 3635 4626 quae

367 4640 548 4696 siones
587 4648 852 4696 terrarum
896 4658 1018 4712 quae
1054 4644 1110 4699 in
1154 4646 1443 4715 praeceptis
1489 4662 1676 4719 regum
1707 4648 1951 4703 contine-
2048 4645 2248 4703 dicitur
2268 4644 2496 4708 Vienna,
2522 4660 2647 4701 cum
2672 4643 2902 4701 ecclesia
2926 4653 2981 4699 et
3001 4644 3137 4700 silva
3165 4652 3220 4702 et
3246 4647 3500 4703 omnibus
3527 4647 3630 4705 sibi

365 4730 566 4787 bantur
602 4746 830 4803 quorum
871 4734 1238 4791 muniﬁcentia
1273 4738 1533 4807 praedicto
1577 4739 1699 4796 loco
1738 4741 1950 4815 largita:

368 4830 513 4890 sunt,
535 4837 671 4895 quas
699 4825 1112 4894 praesentialiter
1139 4827 1233 4882 Dei
1260 4828 1431 4899 gratia
1455 4845 1646 4889 secure
1672 4847 1737 4889 ac
1770 4834 1951 4904 quiete

368 4913 625 4985 possidet.
657 4914 816 4971 Prior
839 4923 923 4971 est
945 4914 1145 4972 fundus
1171 4916 1511 4976 Miciacensis
1537 4936 1660 4976 cum
1692 4924 1951 4994 appendi-

369 5004 471 5061 ciis
493 5006 607 5061 suis
630 5047 645 5071 ,
677 5022 743 5062 ac
771 5005 965 5062 ﬂuvius
993 5007 1204 5079 Ligeris
1223 5015 1276 5064 et
1301 5008 1563 5080 Ligerici;
1593 4997 1950 5068 continuatim

368 5096 600 5165 pertinet
638 5111 777 5164 aqua
817 5094 1063 5165 ejusdem
1104 5097 1253 5155 ﬂuvii
1290 5098 1501 5172 Ligeris
1529 5100 1598 5155 ad
1632 5103 1951 5171 praedictum

370 5188 675 5245 coenobium
701 5202 770 5245 ex
796 5196 1024 5258 utraque
1050 5191 1187 5260 ripa,
1222 5192 1292 5246 ab
1318 5191 1410 5246 illo
1431 5192 1552 5249 loco
1579 5208 1647 5248 ex
1676 5207 1785 5264 quo
1813 5194 1951 5250 inci-

371 5280 449 5349 pit
492 5288 638 5334 terra
673 5276 913 5348 ejusdem
940 5294 1101 5349 supra
1147 5281 1405 5351 capellam
1442 5282 1631 5339 Sancti
1668 5283 1978 5340 Maximini'

370 5381 440 5425 ab
457 5370 695 5435 oriente,
735 5368 905 5425 donec
934 5368 1153 5425 ﬁniatur
1172 5378 1285 5425 tota
1319 5373 1578 5429 adversus
1608 5375 1947 5431 occidentem

368 5477 493 5517 cum
519 5460 681 5517 ﬂuvio
709 5461 952 5517 Rolleno.
992 5462 1223 5517 Tantum
1248 5478 1378 5518 vero
1399 5464 1546 5519 ﬂuvii
1572 5466 1801 5536 Ligerici
1824 5482 1948 5537 per-

371 5553 505 5606 tinet
537 5552 605 5606 ad
637 5553 951 5621 praedictum
994 5554 1381 5609 monasterium
1401 5596 1415 5620 ,
1452 5567 1713 5626 quantum
1741 5560 1829 5613 hic
1858 5559 1950 5612 ad-

372 5652 608 5698 notatur.
645 5644 835 5715 lncipit
877 5646 1020 5700 enim
1048 5647 1318 5717 possessio
1350 5647 1495 5702 ﬂuvii
1522 5649 1752 5721 Ligerici
1775 5666 1804 5704 a
1826 5649 1953 5704 fari-

2046 4737 2466 4809 pertinentibus,
2482 4738 2537 4794 in
2560 4753 2667 4808 qua
2691 4745 2777 4793 est
2801 4736 3171 4806 collalimilus;
3200 4754 3261 4794 ac
3270 4747 3595 4811 potestatem
3615 4781 3630 4801 ,

2048 4843 2170 4900 qua:
2193 4828 2395 4884 dicitur
2415 4827 2552 4885 Villa
2567 4826 2770 4895 Maritc,
2785 4843 2907 4884 cum
2923 4828 3176 4886 omnibus
3196 4829 3296 4885 sibi
3312 4830 3634 4900 pertinenti-

2047 4922 2171 4987 bus,
2194 4937 2261 4978 ae
2284 4920 2476 4978 silvam
2503 4935 2625 4991 quae
2662 4921 2861 4977 dicitur
2887 4919 3175 4987 Torsellis,
3206 4927 3476 4977 tenentem
3502 4921 3637 4977 duas

2045 5013 2251 5086 leugas.
2273 5014 2401 5071 Hec
2420 5012 2693 5071 Clotarius
2714 5029 2809 5070 rex
2833 5014 3094 5085 praedicto
3117 5014 3239 5070 loco
3262 5014 3553 5070 concessit.
3575 5014 3637 5071 In

2058 5103 2265 5160 Belsica
2276 5117 2408 5160 vero
2421 5103 2582 5159 habet
2592 5110 2913 5173 p0testatem
2927 5102 3158 5158 Ardreni
3173 5101 3317 5173 putei
3335 5101 3609 5173 (Ampuys)
3620 5144 3635 5168 ,

2058 5179 2461 5253 cum‘omnibus
2481 5194 2583 5251 sibi
2604 5191 3028 5265 pertinentibus,
3042 5191 3291 5258 Bittiaco,
3318 5192 3638 5249 Montemuio

2056 5287 2241 5353 eheth,
2272 5286 2505 5351 Pirario,
2549 5283 2804 5349 Sancino,
2834 5282 3200 5347 Nocumento,
3229 5296 3296 5339 ac
3324 5282 3428 5338 sibi
3464 5282 3641 5338 servis

2053 5378 2477 5447 pertinentibus;
2516 5382 2570 5430 et
2596 5376 2652 5429 in
2680 5390 2818 5446 pago
2842 5373 3149 5443 Stampensi
3164 5374 3320 5431 villas
3342 5375 3496 5441 duas,
3527 5373 3633 5431 Ca-

2052 5468 2311 5524 sellasvet
2356 5467 2681 5525 Castaneum
2728 5466 2948 5521 Villare.
2997 5465 3104 5523 Ista
3155 5481 3251 5523 rex
3296 5464 3635 5537 Cbilpericus

2053 5558 2219 5615 dedit.
2279 5558 2359 5615 Ac
2404 5559 2458 5613 in
2506 5556 2821 5612 Belvacensi
2878 5572 3017 5628 pago
3058 5557 3223 5612 habet
3268 5556 3450 5612 villam
3509 5570 3631 5626 qua:

2054 5649 2252 5704 dicitur
2287 5649 2369 5704 Ad
2415 5649 2676 5704 Sanctum
2723 5648 3074 5704 Maximinum
3125 5664 3248 5705 cum
3300 5648 3532 5705 ecclesia
3579 5650 3634 5702 in

439 5764 467 5793 ι
501 5751 718 5809 Insolita
760 5754 1044 5811 invocatio.
1098 5753 1245 5809 Multi
1289 5754 1380 5809 alii
1427 5757 1563 5811 naevi
1600 5757 1701 5812 hoc
1738 5768 2064 5828 praeceptum
2099 5767 2407 5831 suspectum
2436 5758 2689 5817 reddunt.
