4006 6178
399 356 540 413 ΙΙΟἸ

1543 353 1862 412 LUDOVICI
1902 354 1921 408 l
1958 351 2426 410 COGNOMENTO
2463 351 2547 407 ΡΠ

3529 349 3675 404 “68

398 478 607 532 honore
645 472 812 545 ipsius
850 473 1046 537 dicata,
1077 487 1197 542 qua:
1223 472 1400 526 vicina
1451 480 1535 525 est
1570 467 1977 542 Sylvanectensi
2006 470 2057 529 Α
2082 474 2143 520 ut
2181 464 2325 519 nulla
2367 481 2427 521 se
2462 464 2749 521 occasione
2787 476 2964 533 neque
2992 463 3271 534 episcopos
3302 477 3479 532 neque
3510 462 3683 531 quili-

399 566 702 640 parochite;
751 573 807 621 et
858 566 913 620 in
962 573 1254 637 pr05pectu
1300 563 1605 619 Aurelianis
1656 568 1983 634 potestatem

400 657 679 723 Bruerias,
716 671 838 727 quae
872 656 1074 711 dicitur
1095 655 1178 710 Ad
1206 655 1467 711 Sanctum
1493 654 1829 726 Dionysium,
1860 668 1984 709 cum

400 747 627 806 ecclesia
663 746 721 802 in
758 747 930 819 ipsius
964 748 1221 820 martyris
1246 749 1455 804 honore
1488 748 1687 813 dicata,
1722 761 1845 801 cum
1883 745 1987 801 sibi

398 839 814 911 pertinentibus,
842 837 1119 904 Albarias,
1162 836 1493 902 Caventono,
1525 837 1825 900 Asinarias,
1871 850 1988 891 ser-

399 934 503 997 vis,
541 933 723 998 terris,
753 932 954 1002 pratis;
996 939 1053 987 et
1088 930 1144 986 in
1182 929 1289 986 alio
1326 930 1446 985 loco
1476 928 1661 984 villam
1690 927 1984 990 Nemesim,

401 1037 527 1076 cum
553 1037 714 1091 aqua,
747 1021 926 1087 terris,
958 1020 1131 1091 pratis
1164 1026 1220 1075 et
1254 1019 1508 1075 omnibus
1540 1018 1643 1074 sibi
1668 1017 1990 1089 pertinenti-

402 1111 523 1167 bus.
575 1110 703 1168 Haec
747 1111 1083 1182 Dagobertus
1137 1126 1234 1166 rex
1281 1118 1366 1166 est
1412 1110 1656 1181 largitus.
1721 1108 1789 1163 Et
1832 1105 1986 1176 juxta

404 1205 594 1260 silvam
644 1205 860 1277 longam
912 1205 1076 1260 habet
1129 1203 1311 1260 villam
1354 1218 1476 1274 quae
1535 1201 1736 1257 dicitur
1786 1198 1990 1254 Villare

406 1296 683 1364 Magnum,
727 1311 853 1350 cum
896 1294 1124 1350 ecclesia
1174 1302 1362 1349 sancta
1408 1288 1638 1365 [dicata]
1684 1290 1740 1344 in
1785 1288 1991 1343 honore

405 1389 580 1443 sancti
608 1388 905 1443 Maximini.
944 1388 1023 1445 Ac
1060 1389 1115 1443 in
1152 1402 1292 1460 pago
1318 1387 1557 1442 Dunensi
1602 1385 1795 1441 cellam
1825 1384 1991 1439 habet

405 1477 459 1531 in
504 1475 624 1533 loco
661 1477 752 1547 qui
793 1477 994 1532 dicitur
1034 1476 1188 1532 Mons
1214 1474 1433 1531 Letardi
1475 1471 1822 1545 (Montlitar),
1868 1487 1992 1528 cum

405 1583 547 1638 aqua
583 1568 809 1632 Conida,
840 1567 1187 1632 molendiuis,
1217 1567 1373 1633 silva,
1400 1566 1593 1636 pratis,
1625 1564 1789 1620 terris
1831 1563 1994 1618 cultis

403 1667 461 1713 et
497 1658 734 1725 incultis,
774 1658 989 1728 pascuis
1030 1666 1085 1713 et
1125 1656 1331 1723 vineis,
1375 1656 1663 1726 mancipiis
1706 1663 1760 1709 et
1796 1653 1987 1709 servis.

406 1748 534 1804 Haec
570 1748 941 1804 Theodoricus
986 1764 1084 1804 rex
1124 1764 1190 1804 ex
1237 1748 1554 1804 haereditate
1581 1747 1717 1817 Lupi
1759 1744 1991 1819 piissimi

405 1840 562 1895 ducis
604 1841 862 1911 praedicto
905 1840 1024 1894 loco
1068 1839 1314 1896 contulit.
1363 1839 1434 1893 Et
1480 1839 1530 1894 in
1574 1853 1713 1909 pago
1742 1836 1990 1892 Lemovi-

407 1929 556 1984 censi
594 1927 760 1983 habet
792 1927 1076 1984 ecclesiam
1108 1944 1231 1998 qum
1251 1929 1453 1983 dicitur
1488 1926 1828 1997 Magniacus,
1867 1938 1991 1980 cum

408 2021 639 2077 ecclesia
669 2027 726 2076 et
751 2036 911 2090 aqua,
937 2020 1278 2086 molendinis,
1302 2022 1463 2076 terris
1488 2008 1648 2075 cultis
1672 2027 1727 2074 et
1754 2018 1990 2084 incultis,

408 2113 615 2179 vineis,
655 2112 862 2183 pratis,
911 2111 1091 2178 silvis,
1146 2111 1385 2180 pascuis,
1433 2109 1616 2181 parvis
1664 2108 1899 2164 exitibus
1938 2115 1995 2162 et

414 2203 773 2275 regressibus,
800 2202 993 2267 servis,
1024 2200 1329 2271 mancipiis.
1371 2199 1524 2254 Hanc
1549 2207 1758 2254 curtem
1787 2197 1997 2269 genitor

414 2304 600 2351 noster
634 2294 902 2367 gloriosus
926 2293 1202 2365 Augustus
1238 2289 1465 2346 Carolus
1502 2289 1728 2361 Magnus
1765 2290 1998 2359 impera-

385 2420 388 2424 λ
417 2398 503 2443 tor
530 2384 760 2441 contulit
787 2384 1097 2439 Miciacensi
1129 2382 1267 2439 loco.
1306 2380 1389 2437 Ac
1418 2381 1473 2436 in
1502 2380 1813 2436 Pictavensi
1840 2380 2000 2435 terri-

415 2478 573 2541 torio,
618 2476 671 2531 in
712 2483 871 2545 portu
908 2472 1180 2540 Vitrariaa,
1210 2472 1265 2528 in
1291 2487 1430 2544 pago
1458 2470 1813 2527 Herbadelico
1840 2483 2000 2541 super

416 2566 1004 2632 ﬁuvium‘Tannacum,
1033 2563 1198 2619 habet
1224 2579 1382 2619 areas
1426 2561 1736 2619 Salinarum
1772 2564 1841 2618 ad
1868 2576 2002 2618 one-

417 2659 613 2714 randas
640 2673 824 2722 naves,
853 2656 966 2712 sive
992 2656 1061 2711 ad
1086 2671 1212 2712 suas
1236 2655 1592 2712 necessitates
1614 2652 2001 2720 excludendas,

416 2761 472 2807 et
517 2751 759 2821 possidet
796 2749 1095 2821 praedictas
1150 2762 1308 2804 areas
1369 2763 1492 2804 cum
1549 2746 1755 2813 vineis,
1805 2744 2000 2812 terris,

414 2842 612 2912 pratis,
642 2841 881 2913 pascuis,
909 2840 1061 2896 silvis
1088 2848 1143 2895 et
1171 2838 1424 2895 omnibus
1452 2838 1553 2894 sibi
1578 2836 1998 2908 pertinentibus,

419 2947 540 3003 quae
579 2930 978 2988 Garotholenus
1015 2932 1094 2986 de
1140 2929 1272 2986 ﬁsco
1326 2929 1474 3000 regio
1521 2929 1739 2994 habuit,
1792 2927 2002 2984 scilicet

418 3041 447 3078 a
488 3008 675 3079 nostro
716 3038 815 3078 avo
836 3018 1075 3093 'Pippino
1126 3030 1182 3077 et
1223 3020 1335 3077 ﬁlio
1374 3021 1492 3091 ejus
1532 3020 1776 3091 genitore
1817 3028 2005 3076 nostro

420 3112 616 3169 Carolo
663 3112 831 3184 regali
885 3110 1254 3167 muniﬁcentia
1316 3109 1572 3165 collatum
1624 3116 1709 3164 est
1755 3108 2005 3165 coenobio

423 3201 752 3258 Miciacensi.
780 3200 891 3258 Nos
918 3216 1070 3265 vero,
1111 3214 1180 3255 ne
1218 3199 1503 3255 inferiores
1531 3198 1844 3254 videremur
1867 3212 2006 3268 pra:-

420 3292 582 3347 dictis
612 3291 850 3361 regibus,
880 3289 1143 3346 beneﬁcio
1180 3289 1551 3345 concessimus
1588 3288 1849 3357 przedicto
1885 3286 2005 3344 loco

423 3396 520 3451 per
560 3378 998 3449 deprecationem
1034 3377 1375 3432 Dructesiudi
1417 3377 1629 3432 abbatis
1665 3377 1833 3447 ipsius
1876 3377 2003 3443 loci,

421 3479 478 3525 et
499 3467 780 3539 privilegio
819 3465 1393 3522 auctoritatis‘nostraa
1438 3464 1853 3523 corroboramus
1894 3466 2006 3521 dis-

421 3559 731 3616 cursiouem
787 3558 950 3614 trium
996 3557 1215 3611 navium
1254 3571 1354 3627 per
1392 3556 1604 3613 diversa
1653 3555 1870 3627 imperii
1914 3572 2011 3612 no-

424 3653 523 3708 stri
552 3650 795 3716 ﬁumina,
828 3649 1039 3704 scilicet
1059 3663 1154 3719 per
1168 3647 1428 3720 Ligerim,
1460 3646 1788 3720 Sequanam,
1813 3648 2011 3704 Mater-

427 3758 552 3797 nam
595 3737 967 3814 [Matronam],
1010 3738 1234 3806 Carum,
1266 3739 1593 3809 Vigennam,
1622 3737 1862 3807 Sartam,
1900 3739 2013 3797 Me-

426 3834 678 3898 duanam,
706 3829 925 3896 Lidum,
963 3844 1065 3899 pro
1099 3828 1430 3900 quibuslibet
1469 3829 1785 3886 monasterii
1826 3844 2013 3886 neces-

427 3921 699 3986 sitatibus,
727 3927 789 3975 ut
826 3935 1018 3976 secure
1046 3927 1102 3975 et
1140 3919 1307 3974 libere
1348 3919 1428 3974 ire
1468 3934 1534 3975 ac
1572 3918 1752 3976 redire
1778 3919 2013 3985 valeant,

430 4027 498 4068 ac
529 4027 639 4067 non
667 4011 896 4067 reddant
922 4010 1090 4065 ullum
1119 4010 1393 4066 teloneum
1422 4009 1509 4065 vel
1538 4007 1702 4068 ullam
1728 4018 2016 4067 consuetu-

430 4105 612 4159 dinem
648 4101 732 4158 vel
766 4102 1004 4172 aliquam
1051 4101 1475 4157 redhibitionem
1515 4117 1529 4153 :
1571 4109 1626 4156 et
1663 4114 1732 4156 ne
1764 4100 2018 4171 quislibet

431 4204 655 4252 exactor
691 4195 809 4251 ﬁsci
850 4195 918 4251 de
940 4194 1146 4259 carris,
1179 4195 1265 4249 vel
1310 4194 1542 4250 carretis
1589 4193 1675 4251 vel
1710 4195 2015 4267 sagmariis,

430 4290 521 4345 vel
565 4291 631 4344 de
677 4302 998 4358 quocunque
1042 4286 1290 4342 vehiculo
1334 4287 1449 4343 sive
1494 4300 1593 4356 per
1638 4294 1865 4353 terram,
1905 4287 2021 4343 sive

431 4397 535 4455 per
576 4394 775 4453 aquam
819 4379 963 4435 facto
989 4420 1004 4446 ,
1070 4379 1158 4435 vel
1204 4378 1271 4433 de
1319 4392 1645 4449 quocunque
1686 4378 2020 4435 commercio

372 4460 377 4465 ’
435 4473 743 4546 pertinente
778 4471 847 4527 ad
880 4469 1197 4542 przedictum
1235 4467 1413 4524 locum
1450 4468 1629 4538 exigat
1660 4468 1746 4528 vel
1792 4468 2022 4538 accipiat

436 4565 603 4620 tiliam
639 4560 1086 4619 consuetudinem
1118 4575 1138 4615 τ
1173 4575 1275 4616 nec
1302 4557 1635 4630 quibuslibet
1676 4559 1911 4629 negotiis
1940 4558 2021 4614 fa-

438 4656 563 4721 ctis,
593 4653 679 4709 vel
717 4653 774 4708 in
810 4651 973 4719 villis,
1007 4650 1189 4716 terris,
1227 4650 1404 4719 aquis,
1431 4648 1583 4704 silvis
1620 4648 1863 4718 przedict'i
1905 4665 2022 4705 mo-

441 4744 688 4812 nasterii,
716 4743 1075 4812 undecunque
1103 4748 1344 4812 potestas
1364 4738 1653 4811 judiciaria
1683 4738 1883 4810 aliquid
1909 4740 2023 4796 exi-
2058 4792 2063 4797 .

441 4850 570 4908 gere
609 4841 922 4905 prmsumat,
964 4831 1203 4901 aliquam
1240 4829 1412 4899 legem
1450 4828 1535 4884 vel
1571 4830 2020 4886 consuetudinem

442 4928 690 4998 accipere
719 4925 812 4981 vel
855 4924 1089 4996 exigere,
1133 4920 1219 4977 vel
1257 4919 1553 4992 quamlibet
1594 4919 1899 4975 molestiam
1935 4921 2022 4976 in-

443 5020 604 5075 ferre.
634 5017 963 5073 'Etobeunte
990 5014 1186 5069 abbate
1216 5011 1528 5066 monasterii
1557 5010 1747 5083 ipsius,
1773 5010 2021 5069 volumus

516 5171 540 5196 υ
581 5152 972 5226 corrigendum
998 5158 1164 5226 esset,
1187 5164 1326 5226 anno
1357 5146 1449 5226 95,
1503 5155 1564 5200 ut
1606 5158 1783 5199 annus

444 5242 571 5283 cum
597 5215 888 5281 indictione
922 5221 1128 5277 decima
1168 5224 1361 5287 quarta
1384 5225 1608 5287 etcum
1639 5229 1782 5269 anno
1805 5215 2022 5287 Christi

441 5296 549 5354 856
593 5294 926 5349 conveniret.
971 5283 1314 5346 Verum'hoc
1365 5285 1598 5355 diploma
1652 5283 1855 5355 anteid
1895 5291 2026 5355 tem-

440 5353 564 5438 pus
581 5367 766 5438 datum
792 5359 1148 5438 evincunt,_l°
1170 5353 1473 5438 inscriptio,
1506 5355 1560 5438 in
1585 5353 2021 5438 qua‘Ludovicus

441 5422 521 5491 ἵει.
544 5433 830 5490 Lotharius
866 5432 1024 5487 simul
1052 5422 1448 5499 imperatores,
1489 5432 1547 5479 et
1583 5422 1801 5494 quidem
1846 5423 2024 5478 divina

445 5505 720 5559 ordinante
768 5498 1531 5573 provjdmttiauexprimuutur,
1581 5504 1778 5573 praeter
1815 5508 2021 5549 morem

449 5589 483 5628 a
539 5569 845 5628 secessione
886 5570 1134 5625 Lotharii
1203 5574 1554 5637 usurpatum;
1608 5569 1665 5618 ἐ’
1701 5578 2023 5637 consensus

448 5643 731 5698 Hieremiae
780 5640 1162 5709 archiepiscopi
1209 5634 1567 5709 Senonensis,
1624 5634 1713 5709 qui
1743 5704 1756 5709 _
1781 5634 2025 5709 septenio

448 5721 577 5768 ante
614 5724 811 5762 annum
844 5703 1321 5769 Sim-decesserat;
1372 5707 1427 5759 δ”
1470 5704 1794 5771 subscriptio
1840 5703 2028 5756 Fridu-

451 5779 552 5852 δίδί
588 5777 914 5840 cancellarii,
956 5778 1047 5846 qui
1082 5787 1205 5831 ante
1227 5777 1360 5831 duos
1381 5788 1550 5830 annos
1574 5773 1802 5828 obierat.
1827 5772 2026 5842 Quatu-

2032 3158 2077 3221 C

2082 556 2174 612 bet
2193 553 2356 626 regite
2390 554 2675 625 potestatis
2702 554 2958 609 minister
3002 555 3058 608 in
3089 553 3457 610 describendis
3476 553 3690 623 praevi-

2084 647 2383 717 dendisque
2405 647 2688 719 acquisitis
2733 647 3189 718 acquirendisque
3215 646 3459 716 ejusdem
3485 662 3689 702 mona-

2084 737 2234 791 sterii
2274 737 2438 792 rebus
2472 738 2814 807 permisceat.
2856 737 3126 792 Abbatem
3173 752 3307 792 vero
3334 738 3515 793 eidem
3561 752 3691 792 mo-

2085 830 2327 884 nasterio
2367 844 2474 884 non
2527 827 2718 894 alium,
2764 843 2928 899 quam
2970 844 3133 899 quem
3166 827 3385 898 dignum
3434 829 3698 884 moribus

2086 918 2361 974 communi
2383 932 2652 974 consensu
2687 918 3039 988 congregatio
3075 924 3192 971 tota
3219 918 3557 986 poposcerit,
3589 933 3693 972 or-

2087 998 2261 1065 dinari
2301 1008 2550 1064 volumus
2582 1023 2690 1064 :ac
2710 1007 2903 1063 orandi
2946 1007 3325 1062 tantummodo
3368 1021 3540 1061 causa
3590 1023 3695 1063 ac-

2088 1101 2313 1157 cedendi
2351 1102 2421 1157 ad
2447 1101 2731 1171 praefatum
2770 1099 2949 1155 locum
2978 1099 3233 1167 episeopo
3260 1097 3545 1152 licentiam
3588 1099 3697 1153 da-

2090 1207 2241 1256 mus;
2289 1199 2383 1246 aut
2419 1191 2466 1246 si
2505 1190 2648 1246 forte
2696 1190 2766 1244 ad
2817 1188 3131 1260 peragenda
3171 1202 3329 1242 sacra
3381 1189 3695 1244 missarum

2090 1280 2256 1336 fuerit
2281 1280 2542 1362 invitatus
2573 1280 2854 1352 mysteria,
2883 1287 2940 1336 et
2959 1280 3004 1335 si
3033 1278 3265 1335 voluerit
3289 1281 3556 1349 praedicto
3580 1296 3701 1336 cae-

2091 1372 2254 1427 nobio
2290 1372 2495 1442 aliquid
2534 1372 2600 1426 de
2627 1371 2902 1442 episcopio
2940 1386 3040 1426 suo
3085 1371 3235 1435 dare,
3277 1378 3465 1426 nostra
3515 1372 3700 1442 regali

2093 1470 2149 1516 et
2173 1478 2269 1516 sua
2300 1461 2577 1531 pontiﬁcia
2621 1461 2943 1516 auctoritate
2983 1468 3243 1530 peragat;
3279 1467 3336 1513 at
3360 1460 3407 1514 si
3431 1460 3704 1515 voluntas

2092 1561 2149 1607 et
2181 1552 2412 1607 facultas
2438 1551 2803 1622 denegaverit,
2854 1550 2923 1606 de
2957 1550 3025 1606 iis
3046 1565 3165 1621 qua:
3194 1549 3407 1605 collatae
3432 1562 3569 1605 sunt
3602 1567 3703 1606 re-

2095 1650 2196 1700 bus
2237 1644 2370 1699 nihil
2413 1645 2669 1699 invadere
2712 1651 3025 1714 praesumat.
3085 1642 3259 1698 Porro
3292 1644 3338 1698 si
3388 1644 3704 1714 contigerit

2095 1737 2314 1807 aliquod
2370 1736 2727 1791 infortunium
2785 1736 3155 1807 cujuscunque
3227 1736 3699 1806 perturbationis,

2092 1828 2235 1898 quod
2260 1828 2329 1883 ab
2361 1828 2615 1898 episcopo
2659 1827 2832 1898 possit
2860 1826 3083 1882 minime
3135 1824 3381 1891 diﬁiniri,
3445 1825 3539 1880 vel
3577 1826 3707 1896 ipse

2094 1933 2224 1987 erga
2264 1919 2442 1988 ipsum
2480 1918 2660 1972 locum
2717 1916 2860 1972 male
2898 1932 3066 1988 agens
3104 1914 3297 1989 [agat],
3328 1913 3592 1984 jubemus
3641 1929 3709 1972 ut

2096 2017 2412 2065 nostrorum
2452 2022 2832 2063 successorum
2867 2022 3056 2078 regum
3091 2007 3312 2062 auribus
3354 2007 3703 2072 declaretur,

2099 2107 2163 2153 ut
2190 2098 2360 2166 regali
2396 2096 2601 2166 judicio
2637 2096 2900 2166 quidquid
2929 2096 3282 2166 depravatum
3310 2094 3483 2150 fuerit
3520 2097 3711 2152 corri-

2097 2198 2274 2262 gatur.
2318 2188 2397 2243 Ne
2448 2203 2577 2260 ergo
2623 2194 2815 2259 putent
2866 2187 3127 2257 praesules
3174 2187 3323 2243 sedis
3374 2187 3711 2243 Aureliani:

2096 2287 2319 2350 propter
2355 2278 2497 2333 hanc
2543 2276 3073 2341 commendationem
3124 2277 3195 2332 ad
3253 2275 3591 2345 adjutorium
3633 2293 3707 2332 ac

2100 2370 2464 2428 defensionem
2495 2369 2832 2425 Miciacensis
2875 2368 3109 2424 cmuobii
3138 2384 3170 2423 a
3205 2368 3362 2423 nobis
3392 2369 3483 2437 pie
3502 2384 3572 2425 ac
3599 2371 3715 2425 mi-

2100 2462 2450 2518 sericorditer
2484 2460 2707 2527 factam,
2764 2476 2927 2531 quam
2964 2458 3111 2514 ﬁdeli
3167 2467 3354 2514 nostro
3401 2457 3561 2514 Jonas
3581 2461 3717 2529 epi-

2102 2568 2267 2624 scopo
2301 2553 2716 2619 committimus,
2748 2568 2816 2609 eo
2844 2552 2986 2623 quod
3008 2553 3301 2623 praesentia
3330 2559 3526 2608 nostra
3540 2552 3721 2624 longe

2102 2651 2311 2698 remota
2360 2645 2431 2700 sit
2460 2644 2529 2699 ab
2552 2643 2658 2700 illis
2687 2644 2954 2715 partibus,
2996 2659 3086 2699 res
3118 2642 3328 2713 praefati
3371 2645 3722 2699 monasterii

2103 2733 2348 2804 qualibet
2374 2734 2774 2790 machinatione
2794 2733 3057 2800 alienare,
3085 2733 3171 2789 vel
3199 2735 3375 2804 ipsum
3410 2733 3597 2790 locum
3630 2736 3724 2791 in-

2104 2826 2367 2897 quietare,
2420 2824 2723 2897 praesertim
2770 2840 2893 2880 cum
2942 2833 2997 2879 et
3032 2824 3292 2896 praefatus
3342 2825 3498 2881 locus
3545 2827 3727 2898 regio

2103 2916 2370 2975 beneﬁcio
2406 2918 2477 2974 sit
2522 2916 2801 2982 fundatus,
2834 2924 2890 2972 et
2926 2932 3017 2972 res
3059 2916 3228 2988 ipsius
3268 2917 3501 2973 cmnobii
3546 2917 3725 2987 larga

2106 3023 2294 3079 regum
2320 3007 2688 3064 muniﬁcentia
2713 3009 2823 3065 sint
2854 3009 3088 3080 largitce.
3124 3008 3310 3079 Itaque
3354 3024 3729 3079 summopere

2102 3101 2342 3174 jubendo
2374 3100 2620 3155 volumus
2662 3109 2723 3155 ut
2764 3102 3017 3156 monachi
3042 3100 3286 3171 praedicti
3315 3101 3423 3157 loci
3456 3103 3525 3157 ad
3553 3103 3721 3157 divi-

2111 3207 2241 3246 num
2287 3190 2567 3247 servitium
2625 3191 3075 3248 honoriﬁcentius
3112 3194 3482 3265 peragendum
3532 3195 3730 3251 rebus

2109 3280 2358 3350 superius
2415 3279 2735 3335 memoratis
2771 3280 2947 3346 ditati,
3009 3281 3333 3351 regulariter
3367 3284 3543 3339 otium
3571 3300 3724 3340 san-

2108 3379 2210 3427 ctae
2249 3373 2450 3442 quietis
2492 3387 2590 3443 per
2647 3373 2979 3444 adjutorium
3018 3373 3259 3445 episcopi
3305 3387 3363 3431 et
3406 3391 3511 3448 per
3559 3376 3727 3433 hanc

2109 3472 2354 3519 nostram
2403 3464 2786 3519 auctoritatem
2839 3463 3042 3534 adepti,
3097 3465 3153 3520 in
3182 3464 3268 3521 his
3310 3466 3367 3520 in
3410 3467 3619 3536 quibus
3660 3485 3727 3527 se

2112 3557 2222 3613 Deo
2249 3557 2626 3621 devinxerunt,
2655 3556 2837 3612 divina
2861 3555 3088 3627 juvante
3114 3558 3313 3629 gratia,
3353 3558 3726 3616 immobiliter

2110 3657 2482 3720 permaneant.
2534 3648 2604 3704 Et
2638 3664 2739 3720 pro
2782 3650 2888 3705 hoc
2931 3649 3197 3706 beneﬁcio
3233 3666 3267 3705 a
3301 3650 3452 3707 nobis
3494 3651 3727 3721 impar-

2110 3737 2210 3793 tito
2243 3735 2549 3809 ﬂagitamus
2604 3738 2931 3794 omnimodis
2968 3753 3156 3795 servos
3198 3738 3295 3795 Dei
3335 3739 3546 3810 prmiati
3592 3741 3725 3798 loci

2116 3832 2433 3899 monachos,
2479 3839 2539 3886 ut
2567 3845 2667 3902 pro
2694 3832 2850 3886 nobis
2873 3839 2930 3887 et
2955 3830 3183 3903 conjuge
3210 3841 3396 3888 nostra
3430 3830 3635 3890 Iudith
3656 3846 3717 3890 et

2114 3922 2286 3994 prole,
2316 3930 2371 3977 et
2408 3920 2703 3978 stabilitate
2739 3922 2953 3993 imperii
2978 3938 3011 3977 a
3060 3922 3174 3979 Deo
3208 3924 3367 3979 nobis
3389 3923 3605 3991 collati,
3663 3936 3724 3981 et

2117 4031 2214 4087 per
2232 4022 2430 4071 cuncta
2467 4013 2664 4070 saecula
2701 4029 2799 4085 per
2830 4030 3176 4071 successores
3204 4024 3425 4072 nostros
3460 4032 3564 4073 sua
3590 4034 3724 4089 gra-

2116 4107 2328 4163 tissima
2349 4105 2551 4178 pietate
2581 4107 2941 4161 conservandi
2968 4121 3185 4176 semper
3211 4107 3571 4179 omnipotenti
3598 4109 3722 4166 Deo

2117 4212 2310 4269 preces
2343 4195 2588 4253 fundant.
2632 4196 2748 4252 Hoc
2784 4205 2964 4253 autem
2993 4206 3347 4272 przeceptum,
3403 4206 3465 4254 ut
3500 4197 3727 4270 plenio-

2121 4304 2237 4343 rem
2268 4288 2323 4343 iu
2360 4287 2750 4358 omnipotentis
2783 4286 2986 4344 Christi
3022 4288 3241 4344 nomine
3285 4289 3535 4345 obtineat
3561 4292 3726 4362 vigo-

2121 4392 2257 4444 rem,
2297 4384 2353 4433 et
2380 4393 2411 4432 a
2447 4378 2852 4433 successoribus
2881 4380 3086 4434 nostris
3118 4376 3389 4434 credendo
3418 4394 3725 4435 conserve-

2125 4475 2234 4533 tur,
2256 4467 2476 4522 nomine
2496 4475 2687 4522 nostro
2709 4474 2993 4533 eteorum,
3018 4466 3109 4537 qui
3136 4476 3436 4538 praesentes
3456 4468 3721 4537 aderant,

2128 4558 2347 4615 titulare
2382 4557 2673 4624 voluimus,
2724 4564 2781 4612 et
2808 4557 2992 4612 annuli
3020 4558 3191 4613 nostri
3232 4558 3600 4628 impressione
3635 4561 3721 4615 si-

2124 4651 2277 4724 gnari
2299 4650 2583 4723 jussimus.

2194 4744 2386 4800 Datum
2402 4758 2491 4797 xrv
2504 4742 2622 4797 Kal.
2652 4742 2855 4808 Martii,
2909 4757 3055 4797 anno
3078 4742 3296 4799 Christo
3321 4744 3566 4812 propitio
3587 4743 3664 4799 ει
3691 4758 3720 4785 ι

2124 4833 2336 4904 imperii
2379 4832 2581 4887 domini
2641 4832 2899 4887 Ludovici
2976 4832 3209 4900 piissimi
3264 4831 3521 4903 Augusti,
3571 4834 3721 4888 indi-

2098 4925 2309 5018 .ctione
2347 4923 2435 4979 η.
2477 4922 2669 4979 Actum
2702 4922 3031 4995 Aquisgrani
3076 4921 3279 4993 palatio
3321 4921 3470 4994 regio
3510 4923 3570 4978 in
3620 4924 3723 4978 Dei

2131 5029 2347 5070 nomine
2362 5052 2378 5069 ο

2121 5150 2206 5204 vis
2231 5148 2334 5204 hoc
2355 5148 2747 5218 pragmaticum
2781 5155 2863 5201 tot
2895 5147 3064 5218 naavis
3096 5146 3419 5218 maculetur,
3469 5145 3725 5218 Mabillo-

2123 5220 2248 5274 nius
2268 5215 2481 5283 tamen,
2514 5217 2608 5273 lib.
2633 5232 2762 5271 xxx:
2790 5216 2986 5271 Annal.
3016 5215 3244 5282 Bened.,
3272 5232 3420 5271 num.
3454 5216 3549 5279 66,
3575 5217 3722 5273 illud

2121 5304 2231 5343 non
2270 5288 2723 5368 contemnendum
2751 5286 3178 5368 putatuquia‘in
3216 5301 3287 5368 eo
3336 5287 3472 5356 quid

2120 5373 2253 5413 veus
2285 5356 2546 5429 Magnus,
2574 5357 2705 5429 quid
2752 5354 2869 5429 ejus
2919 5354 3013 5429 ﬁlii
3046 5354 3391 5429 Clodomirus
3422 5354 3723 5429 explosa-

2121 5429 2257 5494 rius,
2280 5424 2410 5509 quid
2432 5424 2768 5509 Chilpericus
2791 5426 3208 5509 Clotariinﬁlius,
3406 5424 3723 5509 Chilperici

2127 5495 2676 5578 nepos'Dagobertus,
2708 5497 2982 5579 ipsiusque
3010 5495 3297 5578 Dagoberti
3326 5496 3512 5578 itidem
3540 5511 3727 5567 nepos

2127 5568 2496 5648 Theodericus
2543 5575 2778 5648 terti_us,_
2806 5567 2937 5648 quid
2973 5568 3204 5648 denique
3226 5565 3505 5648 Pippinus,

2127 5638 2213 5693 lus
2272 5637 2494 5719 Magnus
2547 5652 2612 5718 ac
2642 5635 2965 5719 .Ludovicus
3002 5635 3341 5719 .Miciacensi’
3372 5637 3721 5692 monasterio

2130 5706 2477 5773 contulerint,
2516 5706 2830 5778 singillatim
2864 5706 3204 5777 exprimitur.
