4006 6178
345 296 480 352 1169

1468 285 1860 345 DIPLOMATA
1897 285 2450 343 ECCLESIASTICA.

3452 287 3604 342 “70'

410 409 692 466 Durandus
710 404 967 462 diaconus
996 400 1063 457 ad
1091 401 1264 457 vicem
1286 398 1557 470 Fridugisi
1600 397 1906 455 cancellarii
1936 403 1986 463 Α
2012 397 2331 453 Waltmasta
2362 406 2390 434 ιι
2430 395 2497 450 ad
2533 409 2726 465 porcos
2760 392 3115 466 saginandum
3156 406 3406 467 septenos
3437 414 3593 454 sexa-

340 506 650 571 reoognovnt
674 509 724 549 ι.
1042 561 1204 620 CXL.

624 673 723 714 PRO
752 671 1087 714 IONASTEPJO
1129 664 1626 710 SCIIWARTZACBXSI.

950 755 1123 826 (Anno
1152 751 1298 825 828.)

336 870 694 942 Cettﬁrmatur
723 868 1059 942 commutatio
1087 866 1340 920 bonorum
1366 864 1671 942 factajnter
1694 860 1913 942 Waldo-

405 933 523 997 uim
573 940 811 994 abbatem
852 933 1375 992 Schwartzacensem’
1403 943 1452 988 et
1500 933 1914 1003 Erchengarium

402 1012 643 1067 comitem
668 1006 1002 1079 Nordgovite.
1062 1068 1070 1074 ι
1322 1082 1331 1086 ι

390 1124 492 1195 [Ex
520 1122 740 1191 antiquo
765 1119 1097 1175 chartulario
1126 1119 1357 1175 abbatiae
1384 1115 1761 1172 Andlaviensis
1783 1114 1861 1187 in]

403 1212 460 1265 ln
496 1211 713 1278 nomine
751 1208 963 1264 Domini
1008 1208 1106 1263 Dei
1146 1216 1203 1262 et
1244 1206 1543 1263 Salvatoris
1587 1205 1759 1260 nostri
1784 1204 1913 1260 Jesu

333 1301 536 1356 Christi
561 1341 577 1363 ,
626 1299 929 1355 Ludovicus
971 1305 1029 1353 et
1068 1298 1357 1353 Lotharius
1402 1296 1582 1352 divina
1626 1294 1914 1351 ordinante

333 1391 664 1461 providentia
692 1391 1047 1460 imperatores
1070 1389 1300 1461 Augusti
1329 1400 1378 1443 ο.

406 1481 463 1535 Si
491 1481 635 1536 enim
669 1495 733 1535 ea
766 1496 887 1551 qua:
924 1479 1109 1535 ﬁdeles
1150 1479 1362 1550 imperii
1391 1479 1564 1534 nostri
1592 1492 1691 1549 pro
1725 1491 1915 1533 eorum

335 1571 828 1642 opportunitatibus
883 1572 1024 1625 inter
1072 1585 1132 1626 se
1170 1576 1659 1635 commutaverunt,
1715 1567 1918 1623 nostris

332 1661 717 1717 conﬁrmamus
741 1661 952 1725 edictis,
980 1659 1310 1730 imperialem
1338 1674 1655 1715 exercemus
1690 1672 1917 1714 consue-

2008 489 2156 558 ginta
2184 487 2350 554 duos;
2383 493 2439 541 et
2473 485 2528 540 in
2561 484 2842 540 Zeinhaim
2877 493 2903 521 °
2936 485 3002 539 de
3040 485 3196 540 vinea
3235 487 3527 557 aripennos
3566 499 3593 537 ι»

2009 581 2171 645 duos;
2213 588 2265 634 et
2305 581 2360 633 in
2400 577 2651 649 Wangon
2679 587 2705 626 (ι
2733 576 3005 642 similiter,
3045 586 3100 632 et
3137 579 3400 648 mancipia
3435 591 3457 617 ι’
3497 597 3598 635 nu-

2010 684 2162 724 mero
2192 669 2410 740 triginta
2440 676 2705 739 quatuor,
2738 667 2822 722 his
2859 668 3169 724 nominibus
3199 683 3214 723 :
3241 669 3396 724 Anno
3415 711 3430 733 ,
3463 670 3599 726 Wil-

2010 759 2179 829 ligart-
2194 766 2250 812 et
2275 758 2383 813 ﬁlia
2411 756 2527 826 ejus
2550 756 2854 828 Feginbolt,
2896 758 3160 824 Vuitbert,
3191 758 3365 825 Duno,
3398 759 3601 816 Wana—

2010 848 2133 914 hilt,
2199 848 2368 912 Pallo,
2421 848 2672 919 Trutger,
2731 848 2977 914 Rahrud,
3035 848 3272 915 Goltrut,
3329 850 3598 916 llildefrit,

2011 941 2266 1005 Theacla,
2300 940 2552 1005 Waldila,
2583 940 2874 1012 Meginfrit,
2903 940 3126 1007 Ricliilt,
3156 942 3440 1010 Winilind,
3471 943 3599 998 Liu-

2011 1031 2501 1098 tliari,'Fridalind,
2522 1030 2825 1097 Irmanhilt,
2848 1031 3120 1100 Liapheri,
3147 1031 3434 1098 Wolfarth,
3460 1032 3601 1089 Wil-

2013 1122 2158 1188 lirat,
2192 1120 2424 1186 Liudolf,
2450 1120 2714 1187 Nortvvib,
2739 1136 2864 1176 cum
2893 1121 3019 1176 ﬁliis
3057 1122 3252 1187 tribus,
3285 1121 3600 1194 Waldgard,

2014 1210 2281 1274 Ruadind,
2310 1209 2610 1276 Helinsind,
2634 1209 2945 1264 Antrat.....
2977 1210 3045 1265 Et
3069 1225 3100 1265 e
3125 1219 3313 1265 contra
3357 1210 3411 1265 in
3450 1227 3601 1267 com-

2013 1300 2330 1369 pensatione
2352 1299 2581 1355 istarum
2616 1314 2799 1354 rerum
2828 1300 2978 1355 dedit
3001 1299 3260 1372 praefatus
3286 1300 3482 1358 Waldo
3510 1303 3617 1358 ah-.

2012 1389 2083 1446 ha
2106 1390 2174 1445 de
2209 1390 2372 1445 rebus
2408 1390 2692 1444 memorati
2731 1392 3047 1446 monasterii
3085 1400 3384 1448 memorato
3413 1391 3609 1448 Erkin-

2014 1480 2165 1552 gario
2184 1480 2388 1544 comiti,
2412 1496 2477 1536 ac
2496 1480 2747 1551 genitrici
2774 1488 2829 1535 et
2855 1481 3117 1538 fratribus
3145 1484 3284 1554 ejus,
3318 1483 3605 1549 Rotdrudi,

2016 1570 2291 1636 Vuorado,
2322 1571 2591 1627 Bernaldo
2611 1579 2669 1626 et
2694 1571 2972 1628 Bernardo
2996 1589 3093 1644 per
3119 1581 3359 1629 nostram
3383 1575 3486 1629 sibi
3512 1575 3613 1629 da—

2019 1672 2129 1718 tam
2168 1663 2446 1719 licentiam
2482 1663 2539 1717 in
2570 1678 2709 1734 pago
2740 1662 3021 1719 Alsacinse
3047 1665 3100 1719 in
3126 1664 3269 1730 villa,
3306 1665 3392 1719 vel
3419 1665 3606 1720 marka

336 1753 595 1818 tudinem,
627 1761 685 1809 et
711 1753 815 1809 hoc
835 1753 890 1807 in
918 1752 1260 1823 postmodum
1285 1750 1409 1821 jure
1430 1751 1741 1807 ﬁrmissimo
1763 1765 1917 1805 man-
1945 1757 1993 1816 B
2020 1755 2459 1811 Erboldisvillare
2487 1795 2502 1821 ,
2548 1755 2603 1809 in
2643 1754 2764 1810 loco
2809 1755 2903 1826 qui
2942 1754 3243 1825 appellatur
3282 1754 3488 1811 Zinzila
3535 1766 3557 1792 ε
3593 1778 3629 1820 ,ι

335 1859 520 1899 surum
550 1858 670 1899 esse
700 1842 961 1899 volumus.
1014 1842 1223 1899 Idcirco
1261 1842 1473 1898 noverit
1506 1842 1748 1897 omnium
1778 1840 1914 1896 ﬁde-

338 1936 464 1990 lium
495 1943 828 2000 nostrorum,
865 1934 1213 2004 prmsentium
1250 1933 1461 1988 scilicet
1494 1940 1550 1989 et
1586 1931 1914 1997 futurorum,

337 2027 622 2092 industria,
654 2028 784 2096 quia
811 2026 1005 2083 Waldo
1033 2026 1060 2067 (ι
1096 2025 1263 2082 abbas
1301 2025 1614 2082 monasterii
1648 2026 1793 2096 quod
1822 2041 1919 2081 vo-

337 2127 488 2174 catur
520 2117 863 2182 Svarzhaha,
904 2132 1007 2172 nec
1042 2132 1149 2172 non
1189 2124 1246 2172 et
1283 2117 1370 2171 vir
1409 2116 1620 2172 illuster
1655 2115 1920 2186 Erkinga—

338 2208 450 2265 rius
470 2222 672 2273 comes,
703 2222 768 2262 ac
789 2207 1019 2278 genitrix
1046 2215 1103 2262 et
1122 2206 1320 2263 fratres
1341 2207 1423 2262 sui
1444 2206 1759 2273 Rotdrudis,
1781 2207 1921 2263 νυο-

339 2299 519 2364 radus,
545 2298 842 2355 Bernaldus
869 2306 925 2354 et
945 2298 1255 2353 Bernartius
1292 2298 1614 2354 accedentes
1658 2300 1727 2354 ad
1763 2313 1923 2354 aures

336 2389 640 2444 clementia:
676 2388 1028 2443 innotuerunt
1059 2387 1363 2442 celsitudini
1399 2394 1622 2452 nostrae,
1651 2388 1796 2458 quod
1819 2401 1922 2456 pro

340 2479 622 2534 ambarum
673 2478 911 2548 partium
967 2476 1374 2548 opportunitate
1424 2475 1688 2546 quasdam
1736 2490 1826 2531 res
1869 2484 1925 2530 et

339 2569 610 2639 mancipia
656 2570 801 2624 inter
840 2584 898 2623 se
945 2575 1389 2624 commutassent.
1451 2568 1724 2624 Dederunt
1759 2566 1924 2639 igitur

340 2658 695 2731 Erltingarius
727 2673 927 2721 comes,
965 2673 1030 2713 ac
1056 2658 1291 2730 genitrix
1317 2666 1373 2714 et
1395 2658 1639 2730 germani
1669 2658 1751 2713 sui
1782 2657 1919 2715 Rot-

344 2751 556 2817 drudis,
596 2749 899 2815 Vuoradus,
946 2749 1241 2806 Beroaldus
1276 2757 1333 2806 et
1364 2748 1672 2804 Bernardus
1699 2763 1797 2818 per
1828 2764 1925 2803 no-

342 2850 512 2898 stram
537 2843 638 2898 sibi
666 2843 847 2897 datam
879 2842 1155 2897 licentiam
1194 2842 1446 2898 Waldoni
1489 2842 1668 2897 abbati
1700 2841 1767 2896 ad
1801 2857 1927 2912 par-

343 2942 452 2990 tem
492 2932 699 3005 praefati
743 2933 1060 2989 monasterii
1101 2933 1186 2989 sui
1229 2933 1284 2987 in
1320 2933 1445 2988 villa
1480 2932 1866 2989 Creuhesheim
1900 2944 1924 2972 ο

344 3040 565 3081 mansos
593 3040 690 3081 sex
723 3034 779 3080 et
811 3024 1051 3096 jornales
1073 3033 1311 3096 septem;
1352 3035 1408 3081 et
1443 3025 1500 3080 in
1540 3024 1860 3081 Utilinhaim
1900 3025 1921 3064 τ

2021 1862 2241 1903 mansos
2267 1847 2455 1902 decem
2486 1854 2542 1901 et
2568 1854 2797 1917 septem,
2826 1855 2881 1902 et
2904 1854 3059 1917 prata
3094 1846 3161 1901 ad
3187 1853 3434 1901 carratas
3452 1845 3613 1915 quini-

2021 1937 2299 2008 quaginta,
2323 1946 2379 1992 et
2405 1937 2473 1991 de
2494 1937 2653 1992 vinea
2680 1936 2972 2006 aripennos
2996 1941 3246 2006 quatuor,
3270 1950 3392 1991 cum
3415 1934 3631 1990 ﬁnibus»

2019 2033 2076 2080 et
2096 2027 2343 2082 terminis
2367 2040 2580 2092 eorum,
2610 2034 2665 2082 et
2693 2027 2963 2096 mancipia
2988 2041 3216 2081 numero
3239 2025 3460 2098 triginta
3481 2040 3616 2095 qua-

2020 2124 2146 2172 tuor
2168 2131 2290 2187 quae
2317 2117 2392 2171 ita
2412 2117 2764 2173 nominantur
2790 2134 2805 2171 :
2828 2117 3106 2182 Adelbert,
3134 2116 3339 2182 Watto,
3363 2116 3615 2188 Dhegan-

2022 2207 2155 2271 holt,
2193 2206 2467 2278 Hildigun,
2497 2207 2836 2274 Werinhold,
2866 2206 3155 2279 I‘Iugibold,
3192 2206 3473 2279 lngilbold,
3510 2205 3612 2263 Ot—

2022 2304 2173 2367 gunt,
2214 2295 2558 2367 Weringunt,
2584 2297 2875 2363 Willibert,
2905 2297 3135 2363 Franco,
3163 2296 3422 2360 Horslolf,
3445 2296 3619 2352 Rust-

2022 2386 2138 2452 ber,
2167 2385 2441 2451 Snelrath,
2474 2385 2704 2453 Hiltrad,
2739 2386 3016 2456 lngilbert,
3040 2387 3351 2457 Engitman,
3383 2386 3613 2448 Niwrat.

2024 2479 2293 2545 Trutlind,
2315 2494 2439 2534 cum
2459 2478 2570 2534 ﬁlio
2589 2493 2710 2545 suo,
2729 2479 2997 2545 Werhild,
3020 2477 3296 2543 Ruathild,
3320 2478 3616 2544 Willisind,

2023 2571 2288 2642 Ratgunt,
2315 2569 2624 2640 lngilbrich,
2653 2570 2881 2634 Lonico,
2921 2568 3193 2635 Adalhild,
3225 2567 3440 2634 Libold,
3481 2567 3623 2623 Wil-

2024 2660 2217 2728 ligunt,
2265 2659 2395 2714 item
2433 2658 2766 2730 Deganbald,
2809 2658 3058 2729 Lipsind,
3097 2657 3364 2723 Liutsind,
3403 2659 3621 2714 Werin-

2023 2752 2165 2818 bert,
2201 2750 2430 2806 Wacho.
2476 2749 2629 2807 Unde
2653 2762 2710 2807 et
2738 2750 2875 2807 duas
2898 2752 3350 2808 commutationes
3389 2752 3524 2823 pari,
3540 2760 3619 2808 te-

2027 2858 2162 2900 nore
2205 2841 2543 2911 conscriptas
2568 2881 2582 2907 ,
2628 2841 2985 2912 manibusque
3029 2842 3297 2898 bonorum
3337 2841 3623 2896 hominum

2030 2936 2312 2991 roboratas
2342 2947 2457 3002 pra:
2480 2932 2733 2988 manibus
2761 2948 2822 2988 se
2846 2933 3048 2988 habere
3075 2931 3305 3003 professi
3335 2939 3489 2998 sunt;
3518 2931 3612 2987 sed

2028 3041 2128 3097 pro
2152 3026 2361 3096 integra
2379 3024 2636 3078 firmitate
2663 3025 2936 3094 petierunt
2960 3023 3266 3079 celsitudini
3288 3031 3504 3087 nostrae,
3538 3031 3613 3083 ut.

344 3131 567 3172 mansos
596 3123 860 3186 quatuor;
894 3123 950 3171 et
981 3117 1125 3172 inter
1158 3116 1473 3172 Fedinheim
1503 3118 1550 3183 Β,
1581 3124 1637 3170 et
1667 3115 1927 3186 Lampar-
1956 3105 2001 3166 C
2033 3122 2139 3170 etc.
2188 3112 2432 3184 Reliqua,
2465 3121 2521 3166 ut
2556 3114 2611 3167 in
2646 3111 2929 3183 diplomate
2961 3114 3086 3167 anni
3110 3112 3236 3178 825,
3264 3129 3366 3183 qua
3394 3111 3619 3167 Ludovi-

346 3205 507 3263 theim
540 3206 591 3271 h,
626 3213 684 3260 et
707 3205 1059 3261 Techinheim
1101 3207 1149 3272 ί,
1180 3221 1401 3263 mansos
1427 3206 1563 3262 duos
1590 3214 1646 3261 et
1675 3214 1829 3277 prata
1858 3206 1928 3262 ad

342 3296 600 3352 carradas
634 3294 649 3347 ἱ
698 3297 920 3368 triginta
957 3305 1221 3367 quatuor;
1255 3304 1310 3353 et
1344 3297 1413 3352 ad
1444 3296 1863 3354 Mustridisheim
1898 3297 1927 3337 ¹ι

344 3393 548 3441 sortem
577 3384 596 3425 ι
629 3402 825 3454 unam,
872 3394 929 3443 et
966 3388 1036 3442 ad
1075 3386 1371 3458 Fregistatt
1406 3398 1447 3426 ιιι
1475 3395 1649 3442 sortes
1686 3387 1827 3442 duas
1875 3393 1933 3442 et

419 3507 447 3535 ι
484 3493 839 3561 Mabillonius,
876 3495 974 3551 lib.
1024 3495 1058 3550 6
1106 3495 1170 3551 de
1199 3496 1281 3551 Re
1329 3494 1576 3562 diplom.,
1628 3512 1780 3551 num.
1834 3495 1921 3560 80,

348 3572 618 3619 memorat
642 3575 973 3635 praeceptum
1013 3566 1268 3621 Ludovici
1294 3574 1350 3620 et
1372 3566 1618 3621 Lotharii
1646 3582 1745 3635 pro
1774 3580 1925 3620 com-

350 3636 645 3705 mutatione
666 3637 735 3691 ab
757 3634 1235 3705 Hilduinoabhate
1269 3634 1602 3705 Dionysiano
1634 3634 1777 3689 facta
1802 3651 1928 3705 cum

348 3706 578 3773 quodam
606 3704 915 3759 Lantfredo.
948 3703 1241 3773 Adalulftts
1260 3703 1513 3773 diaconus
1542 3703 1833 3773 recognovit
1859 3703 1930 3756 ad

346 3771 507 3827 eicem
534 3773 825 3843 Fridttgisi.
858 3774 1106 3843 Datum}!
1137 3772 1263 3843 Kal.
1300 3771 1486 3843 Martii
1510 3771 1745 3843 αηηο⁷15
1776 3772 1934 3843 impe-

350 3842 626 3913 riidomni
662 3841 937 3908 Ludovici,
961 3851 1009 3896 et
1044 3841 1582 3913 Letharii76,Aqtum
1614 3841 1933 3913 Aquisgraui

347 3910 750 3993 palatip‘regiol‘;
769 3913 840 3993 ‘id
876 3920 981 3993 est,
1015 3912 1381 3993 annp_Christi
1404 3910 1531 3993 828.

424 3981 453 4021 b
491 3980 670 4035 Edidit
697 3980 1075 4052 Schoepﬁinus,
1107 3982 1275 4037 Alsat.
1314 3980 1536 4052 diplom.
1566 3989 1695 4036 tom.
1734 3980 1775 4047 l,
1806 3997 1931 4053 pag.

352 4050 440 4116 72,
476 4064 534 4104 se
563 4066 668 4105 non
699 4052 833 4106 satis
856 4050 1119 4107 correcte.

424 4131 447 4159 ο
490 4120 641 4192 Licet
658 4120 948 4178 Lotharius
973 4123 1059 4177 die
1083 4123 1146 4177 51
1180 4121 1306 4177 Julii
1336 4123 1438 4178 817
1467 4137 1693 4180 consors
1720 4122 1934 4192 imperii

353 4189 532 4246 factus
557 4190 746 4247 fuisset
773 4195 824 4248 ei
850 4192 1197 4247 conﬁrmatus
1230 4194 1252 4246 1
1288 4192 1410 4247 Maii
1436 4194 1533 4249 821
1576 4194 1629 4247 in
1666 4189 1935 4247 conventu

352 4259 785 4334 Noviomagensi,
815 4271 995 4318 tamen
1021 4263 1075 4317 in
1104 4263 1504 4334 diplomatibus,
1545 4264 1638 4318 ubi
1677 4262 1935 4317 Ludovici

351 4339 409 4405 et
448 4329 690 4405 Lothaj'ii
718 4334 954 4405 nomina
998 4329 1269 4388 habentur
1318 4329 1673 4405 conjunctim,
1726 4333 1935 4405 primus

350 4400 564 4474 imperii
593 4402 927 4474 Lothariaui
968 4419 1144 4458 annus
1190 4400 1456 4474 repetitur
1500 4404 1569 4461 ab
1620 4400 1762 4459 anno
1803 4403 1930 4468 822,

350 4486 474 4544 quo
493 4472 930 4544 in_At_l.iniacensi
962 4482 1228 4544 conventu
1255 4472 1442 4530 mense
1467 4475 1710 4544 Augusto
1734 4473 1934 4530 missus

351 4549 434 4615 est
463 4542 518 4595 in
551 4541 717 4597 Italiae
751 4560 993 4615 regnum.
1040 4541 1355 4611 Hujusmodi
1385 4541 1677 4615 diplomata
1702 4545 1754 4598 in
1783 4543 1937 4599 Alsa-

356 4611 443 4683 tia
456 4625 561 4666 non
591 4611 938 4683 reperiuntur
962 4621 1086 4668 ante
1109 4628 1307 4667 annum
1341 4611 1462 4675 826,
1497 4624 1554 4670 et
1585 4616 1691 4669 duo
1725 4621 1934 4668 tantum

353 4680 515 4750 hujus
539 4680 752 4753 generis
778 4690 1015 4747 exstant,
1044 4691 1289 4738 nostrum
1316 4686 1443 4738 anni
1475 4685 1601 4749 828,
1626 4693 1681 4739 et
1703 4684 1934 4738 alterum

353 4752 746 4824 autographum
782 4769 870 4824 an.
904 4753 1007 4808 826
1041 4768 1139 4821 pro
1172 4756 1501 4824 monasterio
1531 4754 1883 4824 Gregoriano.

423 4819 466 4894 d_
490 4819 633 4894 Idem
647 4837 720 4894 _ac
741 4823 919 4894 Wido,
951 4819 1069 4877 erat
1093 4839 1160 4877 ex
1186 4839 1376 4894 magna
1406 4823 1608 4879 familia
1639 4819 1688 4894 et
1718 4823 1936 4894 quidem

355 4890 624 4964 Ludovico
646 4892 741 4964 Pio
767 4892 960 4959 aliinis,
991 4901 1064 4964 _ut
1098 4890 1353 4964 opinatur
1388 4894 1606 4958 Eckart,
1649 4893 1715 4947 de
1736 4890 1937 4949 'Rebus

355 4958 549 5035 li‘ranc.
573 4962 783 5019 Orient.
815 4958 953 5019 tom.
986 4962 1050 5029 ll,
1085 4958 1209 5035 pag.
1252 4963 1380 5029 481,
1427 4965 1520 5033 qui
1558 4964 1755 5019 asserit
1788 4963 1936 5035 illum

358 5028 524 5106 fuisse
549 5042 800 5106 nepotem
835 5035 1051 5106 Ernesti
1086 5028 1250 5090 'du'cis
1295 5028 1752 5106 etpropinquum
1795 5033 1939 5090 Ada-

356 5098 738 5173 lardi_cotniti§
768 5105 974 5173 palatii.

430 5181 453 5209 ο
494 5169 663 5246 Hodie
692 5169 998 5241 Griesheim,
1037 5175 1189 5232 vicus
1212 5175 1490 5245 pertinens
1522 5175 1592 5231 ad
1627 5175 1935 5246 episcopum

356 5238 824 5347 Argentinensem.

497 5308 667 5347 “Adin
692 5313 824 5347 vin":

497 5308 667 5366 Hodie
692 5313 846 5367 vicus
888 5309 1178 5367 Utelnlteim
1216 5315 1331 5370 sive
1366 5314 1684 5376 lttlenlteim,
1720 5315 1937 5371 bihorio

354 5376 913 5451 distansgArgentina,
953 5382 1006 5436 in
1045 5398 1150 5451 quo
1192 5385 1406 5438 abbatia
1444 5385 1939 5442 Schwartzacensis

355 5449 553 5522 gaudet
568 5449 692 5522 jure
708 5450 1050 5522 decimarum
1064 5449 1134 5522 'et
1154 5462 1489 5522 patronatus.

432 5518 458 5557 ³
496 5517 664 5595 Hodie
707 5518 1091 5595 Vendenlteim,
1118 5517 1330 5595 fetidum
1359 5524 1697 5595 episcopatus
1735 5522 1939 5594 Argen-

361 5588 608 5660 tinensis,
633 5591 913 5660 pertinens
936 5593 1002 5645 ad
1029 5593 1137 5647 DD.
1163 5592 1229 5647 de
1254 5588 1553 5648 Wuriuseri

322 5666 327 5669 ’
364 5729 369 5730 ί
430 5657 455 5730 ξι
494 5656 665 5715 Hodie
707 5658 1109 5730 Lampertlteim,
1154 5662 1375 5716 dimidia
1423 5663 1573 5718 leuca
1619 5680 1650 5718 a
1695 5663 1939 5717 chden-

360 5728 502 5783 lieim
533 5730 760 5797 distans,
792 5728 1066 5800 pertinens
1095 5732 1161 5788 ad
1195 5748 1464 5788 summum
1505 5732 1797 5805 capitulum
1831 5734 1935 5788 Ar-

2034 3221 2126 3261 cus
2153 3202 2284 3258 Pius
2309 3202 2584 3272 conﬁrmat
2613 3202 3070 3256 commutationem
3091 3200 3286 3271 [actam
3325 3200 3459 3255 inter
3492 3200 3619 3259 Ben-
3722 3252 3745 3275 ο

2036 3294 2267 3383 noldum.
2291 3293 2737 3364 Argentinensem,
2761 3300 2812 3347 et
2839 3292 3149 3362 prazdictum
3178 3290 3615 3362 Ercltengarium,

2035 3400 2216 3456 supra,
2243 3379 2386 3437 itum.
2410 3381 2542 3438 CIX.
2563 3382 2631 3437 Et
2648 3391 2707 3436 ut
2723 3382 2840 3437 haec
2863 3382 3163 3437 auctoritas
3189 3379 3398 3442 ﬁrmior
3427 3382 3627 3437 habea-

2066 3494 2373 3550 entinense.
2713 3548 2739 3557 ,,
2763 3549 2768 3553 .

2031 3512 2373 3567 genunense.
2713 3548 2739 3557 ,,
2763 3549 2768 3553 .

2108 3567 2122 3605 ί
2171 3563 2333 3618 Vicus
2368 3564 2602 3633 ignotus,
2637 3563 2864 3618 forsitan
2888 3563 3264 3618 Eckwersheim
3286 3578 3455 3633 prope
3480 3564 3633 3620 νεα--

2031 3633 2284 3703 denheim
2321 3642 2377 3690 et
2400 3633 2827 3703 Lampertheim.
2853 3670 2860 3678 .

2105 3701 2119 3752 i
2172 3700 2522 3774 C‘arr‘ada‘est
2543 3700 2682 3757 onus
2712 3703 2879 3774 carri,
2915 3708 3352 3774 quantum_carro
3371 3701 3620 3774 vehipo-

2034 3779 2159 3835 test,
2182 3770 2363 3841 gallis
2384 3771 2665 3841 caarretée.
2714 3770 2985 3841 Ducange,
3014 3781 3145 3826 tom.
3178 3771 3242 3837 ll,
3272 3787 3396 3841 pag.
3421 3770 3546 3827 547.

2104 3841 2133 3881 ιι
2181 3839 2352 3913 Hodie
2396 3840 2775 3913 Meistersheim
2797 3839 3087 3913 ,_q1iatunr
3125 3839 3292 3913 ἔθνειὶέ
3320 3839 3390 3913 ab
3412 3840 3619 3913 Argen—

2032 3912 2165 3977 tina,
2195 3909 2411 3965 feodum
2442 3910 2784 3981 episcopatus
2818 3908 3247 3981 Argentinensis,
3292 3912 3360 3970 ad
3404 3908 3521 3967 DD:
3556 3918 3619 3970 du-

2032 3981 2347 4051 Landsperg
2381 3980 2675 4051 pertinens.

2108 4051 2126 4090 ι
2172 4049 2303 4122 sors
2323 4049 2449 4105 erat
2474 4050 2887 4122 modulusgagri.
2923 4050 3195 4122 Ducange,
3226 4051 3283 4105 in
3317 4050 3620 4117 Glossario,

2031 4134 2183 4206 ιᾳιιι.⁸
2215 4121 2316 4187 VI,
2363 4135 2488 4244 pag.
2532 4120 2655 4175 609.
2707 4119 3058 4244 Signiﬁcahat
3103 4119 3269 4175 etiam
3310 4122 3619 4193 usuagium,

2031 4208 2145 4244 sive
2169 4206 2256 4244 ius
2281 4199 2410 4244 uten
2450 4208 2463 4244 ι
2496 4190 2721 4244 foresta.
2822 4191 2897 4244 Id.
2930 4207 3053 4244 uae.
3085 4191 3209 4244 610.

2030 4194 2145 4249 sive
2165 4190 2256 4262 jus
2281 4190 2463 4262 utendi
2496 4190 2721 4246 foresta.
2761 4190 2914 4262 Ibid:
2930 4207 3053 4262 pag.
3085 4191 3209 4245 610.

2106 4274 2146 4301 ιιι
2170 4260 2340 4317 llodie
2370 4260 2672 4331 Freystwtt,
2715 4268 2864 4331 trans
2892 4260 3164 4329 Rhenum,
3200 4276 3431 4331 magnus
3471 4261 3621 4320 vicus

2028 4334 2308 4403 pertinens
2355 4329 2763 4403 adprincipem
2809 4329 3516 4403 ~Hasse-Darmstadiensem
3568 4333 3621 4388 in

2034 4400 2353 4475 pmfectura
2390 4400 2845 4475 Lichtena’viensi.

2112 4483 2140 4511 α
2184 4472 2243 4528 Id
2283 4480 2390 4537 est,
2437 4471 2654 4526 foresta:
2697 4486 2828 4541 usus
2867 4470 2936 4525 ad
2977 4471 3311 4541 saginandos
3343 4486 3559 4541 porcos,
3592 4488 3639 4524 ει.

2036 4558 2169 4598 voce
2193 4552 2348 4613 must,
2376 4557 2516 4613 quat,
2540 4549 2677 4613 teste
2694 4540 3292 4613 Wachtcro,‘Glossarii
3306 4540 3436 4613 pag.
3461 4540 3625 4604 1056,

2038 4612 2307 4693 signiﬁcat
2350 4610 2531 4693 glans,
2567 4611 2930 4693 sivensagina.
2984 4610 3102 4693 Yox
3134 4610 3266 4666 vero

2038 4627 2307 4684 signiticet
2346 4627 2525 4734 ‘gtans,
2567 4627 2681 4666 sive
2715 4627 2930 4693 sagina.
2992 4627 3085 4692 vox

2037 4682 2313 4750 hucusque
2369 4683 2451 4752 uit
2469 4680 2760 4736 Glossariis
2792 4689 3085 4752 incognita.

2111 4760 2135 4787 ο
2182 4749 2352 4824 Hodie
2388 4751 2693 4824 Zeinheim,
2725 4766 2893 4822 prope
2922 4749 3304 4824 ‘Wilgotheim,
3342 4749 3621 4820 pertinens

2037 4823 2104 4877 ad
2132 4822 2444 4893 episcopum
2475 4820 2945 4893 Argentinensem.

2110 4903 2145 4963 νγ
2165 4890 2371 4947 ‘Modus
2390 4891 2534 4962 agri,
2557 4890 2700 4963 unde
2724 4890 2933 4963 Gallica
2955 4903 3295 4963 vox‘arpent.
3342 4890 3616 4959 Ducange,

2039 4962 2094 5017 in
2121 4961 2649 5034 Glossario,_’tom_._l,
2681 4978 2803 5034 pag.
2836 4961 3024 5034 624m
3053 4961 3176 5016 692⁷.

2107 5044 2136 5084 (ι
2178 5032 2349 5087 Hodie
2382 5032 2535 5087 vicus
2558 5028 2819 5102 Watige'u,
2848 5032 3133 5102 antiquum
3175 5028 3405 5085 abbatite
3442 5028 3619 5084 sancti

2040 5102 2299 5174 Stephani
2326 5102 2739 5174 patrimonium.
2813 5148 2825 5174 ε

2113 5168 2153 5211 τ’
2172 5168 2544 5250 §chtépflinus
2566 5172 2705 5250 male
2726 5171 2856 5250 legit
2879 5168 3114 5250 marlega
3138 5168 3543 5250 prqmancipja.

2109 5255 2130 5282 ³
2172 5232 2699 5305 ΗοάίἐΖὶηδωεὶΙεν,
2738 5232 2890 5298 vicus
2917 5232 3290 5298 Obthronnio
3323 5232 3614 5293 semileuca

2037 5315 2263 5370 distans.
2309 5312 2492 5367 Primo
2531 5313 2837 5367 nominatus
2876 5312 2977 5366 fuit
3014 5309 3470 5374 Erboldisweiler,
3518 5307 3615 5364 sed

2036 5384 2185 5461 brevi
2215 5397 2411 5461 nomen
2445 5396 2601 5436 suum
2627 5382 3028 5461 depelrdiditLet
3052 5394 3083 5433 a
3118 5379 3234 5461 rivo
3258 5378 3496 5461 Zinzela,
3525 5378 3617 5461 qui

2040 5453 2191 5506 illum
2246 5451 2434 5511 abluit.
2489 5447 2712 5503 vocatus
2755 5450 2857 5504 fuit
2906 5448 3239 5504 Zinsweiler.
3303 5447 3360 5502 ln
3412 5447 3615 5502 Zinzila

2038 5521 2320 5577 Odalricus
2347 5534 2530 5574 comes
2560 5520 2775 5589 scripsit
2795 5535 2936 5575 anno
2964 5518 3068 5575 801
3095 5519 3341 5574 chartam
3371 5518 3616 5589 donatio:

2039 5592 2124 5646 nis
2160 5589 2595 5661 bonorumjillac
2621 5586 2904 5661 lleinhaim
2946 5606 3045 5661 pro
3084 5589 3299 5661 abbatia
3322 5586 3613 5661 Alt‘uldensi,

2039 5675 2200 5730 quam
2222 5659 2405 5715 retulit
2435 5656 2727 5730 S'cliannat,
2761 5660 2811 5715 in
2843 5656 3048 5715 Tradit.
3082 5659 3456 5727 Fuldensibus,
3487 5673 3611 5734 pag.

2039 5732 2124 5789 86.
2152 5745 2299 5785 uum.
2332 5730 2449 5786 181.

2076 5732 2124 5798 6,
2152 5745 2299 5785 num.
2332 5732 2449 5786 181.

3373 4610 3619 4665 altmasta
