3996 6178
384 294 506 350 1171

1518 285 1841 345 ιιῑῡονιιῑὶ
1882 282 1904 341 ί
1941 284 2411 343 COGNOMENTO
2449 282 2537 339 PH

3500 285 3649 340 “72

379 420 486 475 tur,
517 410 584 465 de
617 407 815 463 annulo
842 413 1031 461 nostro
1057 404 1242 460 subter
1270 420 1389 459 eam
1416 402 1679 474 jussimus
1707 400 1949 473 sigillari.
1981 402 2031 463 Α
2060 402 2350 471 requiescit
2371 403 2507 472 ipse,
2534 407 2905 457 constructum
2934 398 2989 453 in
3033 400 3290 456 suhtn'bio
3319 400 3493 471 ipsius
3516 401 3654 456 civi-

376 497 759 553 Hirminmaris
778 497 1019 551 notarius
1049 495 1116 549 ad
1150 496 1321 551 vicem
1352 493 1618 565 Fridugisi
1648 492 1954 563 recognovi.

449 587 582 641 Data
611 594 805 657 quarto
832 584 969 640 Non.
1000 584 1195 650 Martii,
1241 599 1407 651 anno,
1446 582 1664 639 Christo
1702 581 1955 652 propitio,

380 678 445 733 15
483 678 691 748 imperii
741 676 923 732 domni
966 675 1222 733 Ludovici
1268 684 1324 732 et
1363 676 1604 731 Lotharii
1649 673 1682 729 6
1728 674 1958 744 piissimi

374 768 624 840 Augusti,
660 767 952 823 indictione
982 768 1036 823 6.
1080 767 1275 824 Actum
1303 766 1627 839 Aquisgrani
1650 766 1851 837 palatio
1878 781 1962 821 re-

373 860 461 929 gio
489 871 540 926 ι,
565 859 620 915 in
653 858 748 913 Dei
781 859 998 914 nomine
1034 857 1279 914 felicimr.
1333 858 1526 927 Amen.

1088 970 1266 1027 CXLI.

444 1075 546 1117 ι’κο
590 1075 1031 1118 κεετλυιιλτιοκιι
1075 1076 1341 1117 ερςιεβω
1359 1076 1625 1119 8.883162"
1645 1076 1701 1115 IN
1749 1074 1884 1115 υιιιε

1041 1147 1291 1187 νινιοιηιε.

987 1224 1159 1298 (Anno
1196 1222 1347 1295 828.)

379 1312 565 1385 [Apud
588 1313 814 1378 Mabill.,
846 1314 984 1369 Ann.
1012 1313 1131 1367 0rd.
1153 1312 1216 1369 S.
1242 1312 1465 1378 Bencd.,
1490 1322 1618 1367 tom.
1635 1312 1701 1379 ll,
1723 1328 1777 1383 p.
1795 1306 1951 1385 516.]

445 1407 503 1462 In
538 1407 756 1462 nomine
790 1406 1004 1462 Domini
1048 1405 1144 1460 Dei
1178 1413 1234 1460 et
1282 1403 1583 1459 Salvatoris
1610 1404 1784 1459 nostri
1828 1402 1956 1459 Jesu

374 1499 591 1567 Christi,
616 1499 922 1556 Ludovicus
942 1500 1123 1554 divina
1153 1498 1437 1555 ordinante
1465 1497 1803 1567 providentia
1852 1498 1956 1551 im-

374 1597 593 1660 perator
631 1588 925 1660 Augustus,
958 1589 1197 1645 Amadeo
1230 1588 1439 1651 comiti,
1463 1586 1629 1643 Heliae
1652 1595 1709 1642 et
1733 1586 1953 1653 Waldo,

376 1683 680 1737 lsemhardo
704 1688 760 1737 et
784 1682 1045 1737 Barberto
1074 1679 1248 1736 vassis
1277 1679 1495 1735 nostris.
1542 1677 1738 1734 Notum
1761 1678 1833 1733 sit
1859 1692 1956 1732 vo—

2063 496 2208 561 tatis,
2233 511 2356 550 cum
2386 494 2639 550 omnibus
2673 492 3003 563 appendiciis
3028 501 3081 547 et
3110 493 3362 549 assentiis
3379 493 3410 533 δ
3428 508 3649 559 eorum,

2058 601 2178 656 quae
2200 601 2306 641 non
2329 585 2502 641 solum
2551 584 2691 640 idem
2718 583 2931 655 genitor
2964 592 3181 650 noster,
3229 600 3425 639 verum
3478 587 3649 641 etiam

2056 675 2483 746 przedecessores
2504 676 2620 746 ejus
2669 690 2848 746 reges,
2878 676 3158 747 ipsamque
3203 676 3387 731 sedem
3415 677 3518 731 sub
3547 693 3650 733 suo

2058 767 2355 823 munimine
2382 776 2438 822 et
2484 767 2802 823 defensione
2826 783 2949 823 cum
2979 768 3190 823 cellulis
3212 767 3315 822 sibi
3343 766 3605 835 subjectis
3631 810 3649 832 ,

2058 867 2114 915 et
2140 860 2299 915 rebus
2318 860 2402 915 vel
2429 860 2741 915 hominibus
2769 860 2838 915 ad
2866 876 2924 916 se
2958 857 3362 930 pertinentibus
3380 859 3465 913 vel
3500 860 3650 929 aspi-

2057 950 2326 1006 cientibus
2345 951 2640 1007 consistere
2653 949 2928 1015 fecissent,
2951 960 3007 1006 et
3026 965 3216 1005 eorum
3239 949 3647 1004 immunitatum

2058 1044 2471 1098 auctoritatibus
2504 1044 2571 1100 ab
2610 1043 2982 1113 inquietudine
3029 1040 3334 1111 iudiciariae
3358 1040 3649 1110 potestatis

2057 1134 2246 1190 eadem
2269 1135 2476 1189 munita
2502 1142 2666 1205 atque
2681 1133 2905 1190 defensa
2927 1133 3115 1188 fuisset
3137 1130 3386 1186 ecclesia.
3412 1128 3521 1185 Sed
3541 1144 3644 1199 pro

2058 1227 2137 1282 rei
2168 1227 2424 1283 ﬁrmitate
2459 1228 2753 1299 postulavit
2790 1244 2820 1282 a
2854 1226 3011 1282 nobis
3050 1224 3315 1298 praefatus
3361 1222 3646 1278 Sicharius

2057 1320 2495 1391 archiepiscopus
2517 1328 2599 1385 ut,
2622 1328 2910 1391 parentum
2935 1334 3031 1373 seu
3058 1317 3518 1389 praedecesson
3546 1329 3647 1368 no-

2056 1417 2293 1465 strorum
2321 1426 2508 1481 regum
2528 1425 2733 1467 morem
2756 1418 3062 1481 sequentes,
3094 1407 3406 1479 hujusmodi
3433 1412 3645 1461 nostra:

2056 1503 2412 1560 immunitatis
2438 1513 2768 1576 praeceptum
2794 1504 2865 1561 ob
2892 1518 3135 1559 amorem
3171 1501 3266 1556 Dei
3293 1508 3349 1555 et
3383 1513 3646 1553 reveren-

2056 1596 2187 1650 tiam
2216 1594 2384 1666 ipsius
2420 1595 2595 1651 sancti
2637 1594 2741 1650 loci
2782 1594 2927 1649 circa
2984 1591 3157 1662 ipsam
3186 1589 3475 1645 ecclesiam
3526 1586 3648 1641 ﬁeri

2055 1702 2427 1744 censeremus.
2453 1686 2619 1756 Cujus
2655 1686 2905 1758 petitioni
2932 1683 3171 1739 libenter
3198 1696 3480 1737 assensum
3506 1694 3649 1749 pra:-

373 1774 457 1828 his
476 1773 603 1842 quia
626 1772 873 1827 volumus
896 1780 956 1826 ut
1004 1770 1333 1840 adjutorium
1362 1769 1574 1825 faciatis
1620 1767 1957 1838 Herlegaudo
1984 1759 2032 1819 B
2059 1778 2299 1845 buimus,
2330 1786 2386 1834 ει
2410 1778 2516 1834 hoc
2545 1788 2747 1835 ηοειιιω
2774 1776 3116 1832 auctoritatis
3143 1781 3470 1845 pmpmm
3499 1773 3648 1826 circa

372 1864 601 1919 diacono
631 1863 698 1919 ad
744 1863 1151 1939 restaurandam
1181 1870 1237 1917 et
1285 1860 1759 1929 recooperiendam
1784 1857 1959 1913 eccle-

374 1957 512 2011 siam
561 1955 731 2010 sancti
776 1954 1000 2025 Benigni
1027 1953 1286 2024 martyris
1310 1952 1533 2016 Christi,
1566 1959 1787 2021 propter
1810 1940 1967 2005 illam—

374 2045 579 2103 scilicet
611 2046 877 2101 rationem
898 2086 914 2111 ,
976 2046 1103 2115 quia
1127 2051 1463 2115 compertum
1516 2043 1674 2098 nobis
1705 2039 1958 2110 estquod

374 2152 471 2192 vos
511 2136 579 2192 de
608 2135 820 2191 ratione
839 2134 1081 2205 ejusdem
1110 2133 1356 2188 ecclesiae
1380 2131 1643 2187 beneﬁcia
1677 2131 1955 2196 habeatis;

259 2231 268 2241 ‘
372 2239 429 2280 et
453 2240 645 2291 nonas,
667 2231 725 2279 et
764 2224 1003 2280 decimas
1029 2222 1082 2277 in
1108 2222 1359 2278 omnibus
1389 2221 1518 2276 dare
1543 2219 1755 2276 faciatis
1780 2234 1796 2273 :
1828 2220 1957 2290 quia

370 2316 574 2386 justum
629 2321 732 2370 est.
792 2312 1087 2383 Propterea
1142 2311 1522 2368 constituimus
1570 2310 1726 2366 vobis
1779 2317 1842 2365 ut
1889 2309 1961 2364 ad

374 2408 788 2462 restaurandam
816 2405 961 2460 illam
988 2405 1292 2471 ecclesiam,
1316 2414 1371 2459 et
1399 2405 1837 2475 cooperiendam,
1863 2403 1961 2459 ad-

372 2498 627 2569 iutorium
670 2497 958 2568 praestetis.
985 2495 1178 2552 Videte
1223 2502 1283 2551 ut
1310 2497 1532 2552 omnino
1556 2495 1846 2566 impleatis,
1880 2502 1960 2550 at-

372 2608 479 2662 que
506 2591 808 2663 expressim
833 2589 989 2646 vobis
1014 2589 1405 2645 demandamus
1449 2597 1511 2643 ut
1532 2588 1737 2643 nullam
1763 2587 1961 2642 exinde

374 2681 619 2737 habeatis
645 2679 1050 2751 negligentiam,
1073 2679 1121 2735 si
1147 2679 1379 2750 gratiam
1407 2686 1654 2735 nostram
1680 2676 1846 2733 vultis
1869 2676 1962 2731 ha-

374 2776 521 2843 bere.
535 2773 605 2828 Et
623 2779 684 2828 ut
700 2772 902 2829 certius
913 2772 1254 2844 cognoscatis
1276 2771 1417 2827 hanc
1432 2778 1676 2827 nostram
1699 2783 1819 2825 esse
1837 2766 1959 2837 jus-

374 2863 606 2932 sionem,
635 2864 703 2920 de
729 2862 936 2920 annulo
952 2871 1141 2920 nostro
1161 2862 1425 2933 iussimus
1455 2859 1705 2933 sigillari.

1083 2975 1286 3033 CXLII.

576 3087 677 3129 PRO
712 3086 1093 3129 BURDIGALBNSI
1131 3086 1177 3127 8.
1219 3082 1444 3125 ANDREJ
1481 3082 1752 3124 ECCLESIA.

890 3161 1047 3235 (Ante
1078 3177 1278 3216 annum
1313 3158 1463 3230 828.)

374 3252 565 3326 ιΔριιᾶ
590 3251 655 3326 D.
680 3251 971 3326 Bouquet.,
996 3260 1126 3326 tom_.
1146 3250 1252 3326 Vl,
1279 3267 1407 3326 pag.
1436 3251 1561 3316 557,
1580 3268 1681 3326 _e_x_
1704 3250 1959 3326 Lopesio,

586 3321 788 3377 Eccles.
817 3321 1051 3392 'Metrop.
1084 3321 1390 3392 Burdigal.,
1428 3338 1551 3392 pag.
1580 3321 1769 3398 577.].

445 3415 504 3470 ln
540 3414 759 3469 nomine
797 3413 895 3469 Dei
923 3420 979 3468 et
1016 3411 1317 3467 Salvatoris
1365 3413 1537 3468 nostri
1572 3411 1702 3468 Jesu
1737 3411 1960 3477 Christi,

376 3504 681 3561 Ludovicus
721 3502 900 3560 divina
944 3501 1229 3559 ordinante
1272 3502 1609 3575 providentia
1668 3502 1965 3571 imperator

376 3600 673 3669 Augustus.

449 3688 505 3744 Si
529 3686 873 3744 liberalitatis
900 3694 1100 3742 nostra:
1158 3699 1382 3740 munere
1426 3682 1561 3739 locis
1611 3683 1724 3739 Deo
1766 3682 1962 3739 dicatis

378 3780 634 3851 quiddam
676 3776 1005 3835 conferimus
1034 3775 1302 3842 beneﬁcii,
1332 3784 1388 3831 et
1414 3775 1771 3832 necessitates
1795 3773 1964 3831 eccle-

305 3896 311 3901 '
380 3870 635 3927 siasticas
656 3870 724 3925 ad
750 3869 1043 3941 petitiones
1067 3868 1412 3923 sacerdotum
1442 3873 1629 3922 nostro
1658 3866 1963 3922 relevamus

374 3962 670 4031 juvamine,
696 3960 749 4016 id
785 3961 943 4017 nobis
962 3969 1017 4015 et
1046 3961 1113 4016 ad
1137 3959 1423 4016 mortalem
1446 3961 1611 4016 vitam
1647 3960 1960 4032 temporali-

378 4062 462 4108 ter
505 4048 928 4124 transigendam,
954 4058 1010 4105 et
1033 4049 1103 4105 ad
1141 4058 1401 4105 aeternam
1452 4049 1683 4106 feliciter
1718 4051 1964 4106 obtinen-

378 4147 501 4201 dam
527 4142 865 4215 prol’uturum
896 4141 1102 4211 liquido
1145 4140 1436 4196 credimus.
1485 4139 1711 4196 Noverit
1753 4140 1960 4196 interea

377 4239 646 4310 sagacitas
663 4252 759 4292 seu
785 4234 990 4289 utilitas
1017 4232 1257 4288 omnium
1295 4231 1551 4299 ﬁdelium,
1586 4242 1694 4287 tam
1723 4247 1962 4303 praesen.

378 4331 514 4386 tium
535 4343 697 4399 quam
732 4325 1066 4391 futurorum,
1105 4323 1249 4394 quod
1281 4323 1362 4378 vir
1392 4323 1720 4379 venerabilis
1764 4321 1958 4379 Sicha-

379 4419 493 4474 rius
535 4414 939 4489 Burdigalensis
986 4413 1428 4484 archiepiscopus
1480 4415 1668 4471 adiens
1713 4422 1954 4471 nostram

379 4508 744 4580 praesentiam,
786 4505 983 4585 obtulit
1012 4505 1290 4562 obtutibus
1338 4505 1539 4561 nostris
1567 4505 1959 4561 immunitatem

379 4601 584 4659 domini
609 4606 665 4656 et
697 4597 958 4671 genitoris
986 4596 1155 4653 nostri
1177 4595 1356 4653 Caroli
1396 4596 1554 4653 bona:
1576 4595 1853 4651 memoriae
1874 4609 1963 4651 se-

382 4691 650 4747 renissimi
679 4687 928 4759 Augusti,
958 4688 1012 4744 in
1041 4703 1148 4759 qua
1197 4688 1578 4744 continebatur
1604 4687 1839 4757 qualiter
1885 4689 1965 4758 ip-

382 4799 500 4840 sam
529 4783 737 4847 sedem,
764 4794 884 4851 qute
919 4786 1007 4836 est
1050 4777 1106 4833 in
1146 4777 1406 4834 honorem
1455 4777 1514 4832 S.
1542 4777 1772 4833 Andreae
1817 4785 1872 4832 et
1901 4776 1958 4831 S.

378 4874 567 4933 Jacobi
591 4873 977 4946 apostolorum,
1010 4886 1132 4926 cum
1166 4870 1510 4926 monasteriis
1534 4869 1638 4924 sibi
1668 4869 1958 4940 subjectis,

382 4983 501 5038 quze
540 4966 793 5022 dicuntur
815 4962 999 5018 Blavia
1028 5003 1044 5028 ,
1091 4961 1232 5032 quod
1269 4969 1354 5017 est
1388 4960 1441 5015 in
1469 4960 1732 5017 honorem
1764 4959 1821 5016 S.
1855 4960 1964 5015 Ro-

382 5060 528 5116 mani
555 5057 937 5121 constitutum,
961 5054 1054 5110 ubi
1088 5054 1203 5124 ipse
1231 5060 1452 5109 sanctus
1492 5068 1723 5122 corpore
1751 5053 1963 5122 requie-

382 5152 505 5218 scit,
536 5150 700 5207 situm
749 5147 804 5202 in
833 5146 1025 5204 eodem
1069 5159 1208 5216 pago
1248 5143 1616 5214 Burdigalensi
1670 5159 1833 5213 super
1865 5142 1966 5197 llu-

382 5242 531 5299 vium
556 5238 856 5306 Garonam;
897 5251 998 5293 nec
1021 5250 1132 5291 non
1158 5242 1212 5291 et
1259 5230 1317 5289 S.
1350 5231 1631 5297 Severini,
1680 5232 1770 5287 ubi
1797 5233 1962 5287 etiam

455 5460 483 5488 ι
534 5446 719 5503 Mense
754 5442 1056 5502 Februario
1090 5441 1217 5497 anni
1249 5438 1354 5496 828
1391 5453 1421 5493 a
1462 5435 1734 5491 Ludovico
1768 5432 1863 5489 Pio
1909 5442 1965 5489 et

385 5514 643 5586 Lothario
694 5515 804 5572 ﬁlio
855 5522 1177 5586 conventum
1227 5510 1489 5586 habitum
1515 5522 1634 5586 esse
1676 5505 1962 5586 public-uin

383 5585 709 5707 Aquisg-ani
738 5595 928 5642 narrat
947 5584 1304 5639 Astronomus
1340 5581 1395 5635 in
1431 5577 1552 5660 Vita
1580 5575 1830 5633 Ludovici
1860 5575 1959 5657 l’ii,

387 5656 528 5712 apud
608 5671 762 5712 ουα..
799 5666 931 5710 tom.
966 5653 1055 5712 Vl.
1097 5668 1217 5712 nag.
1268 5652 1370 5705 109
1406 5650 1643 5712 (hujusce
1689 5645 1963 5701 rolumzms

388 5667 528 5724 apud
567 5667 762 5725 Bouq.,
799 5667 931 5710 tom.
974 5667 1055 5719 Vl,
1097 5668 1217 5724 pag.
1268 5667 1370 5705 tua
1406 5667 1643 5718 (hujusce
1689 5667 1942 5701 somnum.

388 5724 487 5777 col.
518 5724 666 5795 927).
717 5724 917 5780 Ibidem
960 5738 1194 5794 quoque,
1237 5722 1425 5777 eodem
1470 5732 1610 5771 anno
1656 5726 1709 5771 et
1760 5730 1942 5770 mense

2056 1868 2229 1938 ipsam
2254 1868 2538 1923 ecclesiam
2588 1867 2949 1922 immanitatis
2986 1874 3149 1934 atque
3196 1863 3439 1918 tuitionis
3470 1862 3649 1932 gratia

2056 1971 2155 2025 pro
2177 1956 2342 2010 divini
2390 1955 2568 2011 cultus
2596 1970 2781 2011 amore
2829 1963 2884 2009 et
2921 1955 3114 2009 anima:
3159 1960 3362 2008 nostra;
3406 1951 3652 2007 remedio

2058 2046 2174 2101 ﬁeri
2205 2046 2563 2113 decrevimus,
2586 2062 2686 2118 per
2709 2046 2854 2116 quod
2897 2045 3248 2115 przecipimus
3299 2052 3461 2112 atque
3490 2042 3652 2113 jube-

2058 2153 2178 2193 mus
2206 2144 2265 2191 ut
2292 2138 2469 2193 nullus
2492 2138 2658 2208 judex
2703 2136 2969 2207 publicus,
2998 2135 3083 2188 vel
3117 2133 3345 2203 quilibet
3390 2146 3457 2186 ex
3503 2130 3648 2201 judi—

2059 2227 2225 2282 ciaria
2250 2235 2541 2298 potestate,
2567 2234 2658 2281 aut
2703 2226 2884 2281 nullus
2931 2241 2997 2280 ex
3027 2224 3276 2280 ﬁdelibus
3305 2223 3507 2278 nostris
3533 2233 3648 2276 tam

2057 2322 2417 2391 praesentibus
2439 2336 2601 2392 quam
2637 2319 2852 2385 futuris,
2879 2320 2936 2375 in
2962 2319 3221 2375 ecclesias
3245 2325 3339 2373 aut
3363 2332 3523 2388 agros
3548 2330 3648 2370 seu

2059 2413 2299 2485 reliquas
2349 2414 2751 2485 possessiones,
2812 2428 2951 2484 quas
2995 2411 3259 2466 moderno
3307 2417 3548 2478 tempore
3593 2408 3651 2462 in

2058 2504 2389 2576 quibuslibet
2410 2505 2566 2576 pagis
2598 2505 2684 2560 vel
2731 2503 3021 2559 territoriis
3069 2503 3213 2558 intra
3258 2501 3519 2555 ditionem
3546 2498 3654 2551 im-

2058 2594 2195 2667 perii
2223 2596 2395 2651 nostri
2424 2596 2569 2665 juste
2598 2604 2653 2651 et
2689 2595 2938 2667 legaliter
2964 2600 3263 2649 memorata
3294 2598 3441 2647 tenet
3476 2591 3656 2647 eccle-

2060 2689 2161 2755 sia,
2188 2690 2273 2745 vel
2301 2705 2366 2745 ea
2386 2704 2507 2761 qua:
2543 2689 2798 2758 deinceps
2827 2688 2881 2742 in
2910 2687 3035 2758 jure
3079 2686 3249 2757 ipsius
3277 2674 3524 2739 eximia:
3567 2682 3654 2737 die

2060 2780 2189 2835 vina
2215 2779 2392 2849 pietas
2415 2779 2647 2835 voluerit
2675 2778 2879 2848 augeri,
2907 2778 2975 2832 ad
2999 2791 3191 2832 causas
3213 2774 3528 2837 audiendas,
3561 2772 3653 2828 vel

2061 2870 2212 2926 freda
2240 2878 2333 2925 aut
2360 2871 2560 2926 tributa
2596 2869 2880 2941 exigenda,
2907 2876 3001 2923 ant
3041 2867 3351 2922 mansiones
3368 2865 3453 2921 vel
3497 2879 3656 2935 para-

2061 2972 2146 3020 tas
2169 2962 2467 3030 faciendas,
2496 2970 2590 3017 aut
2617 2962 2962 3034 ﬁdejussores
2981 2959 3265 3024 tollendos,
3282 2968 3375 3013 aut
3400 2959 3653 3014 homines

2064 3058 2234 3127 ipsius
2261 3056 2524 3121 ecclesiae,
2554 3064 2668 3110 tam
2726 3055 2988 3126 ingenuos
3030 3067 3191 3123 quam
3220 3066 3411 3107 servos
3433 3092 3448 3114 ,
3489 3064 3655 3119 super

2065 3158 2267 3202 terram
2283 3146 2453 3216 ipsius
2472 3154 2879 3201 commanentes
2903 3144 3105 3215 injuste
3116 3140 3533 3213 distringendos,
3547 3153 3652 3194 nec

2063 3240 2200 3295 ullas
2220 3239 2610 3295 redhibitiones
2639 3246 2733 3294 aut
2757 3237 2976 3294 illicitas
3020 3235 3340 3292 occasiones
3372 3232 3655 3301 requiren-

2064 3332 2184 3398 das,
2216 3332 2415 3387 nostris
2442 3346 2543 3386 nec
2573 3330 2769 3385 futuris
2800 3328 3135 3400 temporibus
3175 3324 3384 3397 ingredi
3414 3322 3608 3379 audeat
3630 3362 3647 3386 ,

2064 3437 2165 3477 nec
2192 3437 2255 3476 ea
2278 3437 2397 3491 quae
2425 3436 2586 3490 supra
2609 3426 2908 3475 memorata
2932 3424 3074 3482 sunt,
3092 3416 3310 3485 exigere
3334 3419 3647 3484 praesumat.

2065 3492 2357 3567 Sed'liceat
2382 3516 2685 3566 memorato
2731 3507 2949 3580 praesuli
3001 3514 3058 3563 et
3082 3506 3305 3561 cuilibet
3347 3501 3649 3559 succesmri

2063 3618 2153 3659 res
2171 3603 2442 3674 praedictae
2485 3602 2728 3658 ecclesiae
2756 3617 2879 3656 cum
2928 3598 3136 3655 cellulis
3167 3597 3269 3654 sibi
3309 3593 3567 3663 subjectis
3594 3600 3653 3648 et

2064 3697 2228 3751 rebus
2255 3694 2339 3751 vel
2368 3693 2678 3750 hominibus
2704 3692 2773 3748 ad
2818 3707 2878 3748 se
2904 3689 3295 3760 aspicientibus
3333 3685 3417 3741 vel
3464 3684 3649 3756 perti—

2062 3787 2334 3852 nentibus,
2361 3786 2461 3841 sub
2487 3783 2846 3839 immunitatis
2867 3791 3066 3837 nostra:
3091 3780 3649 3844 defensione,remota

2065 3877 2231 3931 totius
2266 3875 2567 3946 judiciarize
2609 3874 2895 3945 potestatis
2925 3862 3315 3942 inquietudine,
3347 3869 3533 3939 quieto
3556 3882 3650 3922 or-

2062 3967 2187 4022 dine
2210 3966 2506 4036 possidere,
2537 3973 2592 4021 et
2644 3972 2833 4020 nostro
2881 3963 3114 4018 ﬁdeliter
3139 3975 3334 4030 parere
3382 3958 3647 4028 imperio,

2061 4068 2223 4129 atque
2242 4074 2341 4129 pro
2367 4057 2736 4113 incolumitate
2766 4063 2952 4111 nostra
2973 4062 3028 4109 et
3072 4052 3319 4123 conjugis
3344 4062 3403 4106 et
3441 4049 3610 4120 prolis
3634 4088 3650 4112 ,

2062 4166 2158 4206 seu
2183 4149 2347 4205 etiam
2378 4149 2545 4203 totius
2580 4146 2790 4218 imperii
2821 4162 2852 4201 a
2883 4146 2995 4201 Deo
3023 4145 3183 4201 nobis
3211 4142 3417 4208 collati,
3447 4148 3506 4195 et
3532 4139 3650 4210 ejus

2060 4240 2480 4296 clementissima
2517 4237 2867 4293 miseratione
2907 4250 3006 4307 per
3057 4235 3381 4289 immensum
3431 4244 3651 4285 conser-

2060 4329 2244 4395 vandi,
2275 4344 2383 4385 una
2412 4343 2535 4383 cum
2563 4327 2709 4383 clero
2746 4334 2801 4381 et
2830 4325 3030 4397 populo
3069 4324 3172 4380 sibi
3220 4319 3467 4389 subjecto
3490 4361 3506 4384 ,
3551 4317 3653 4373 Dei

2064 4421 2383 4477 immensam
2408 4420 2752 4476 clementiam
2779 4416 2983 4490 iugiter
3023 4430 3271 4470 exorare.
3302 4413 3371 4467 Et
3389 4410 3650 4482 quidquid

2064 4515 2129 4570 de
2157 4512 2400 4583 praefatis
2424 4512 2587 4566 rebus
2613 4509 2859 4566 ecclesia:
2901 4506 2993 4576 jus
3022 4506 3138 4561 ﬁsci
3166 4505 3386 4575 exigere
3426 4500 3646 4572 poterit,

2063 4613 2235 4659 totum
2263 4618 2362 4659 nos
2417 4609 2679 4674 perpetua
2722 4599 3126 4656 renuntiatione
3161 4594 3530 4651 concessimus
3561 4606 3653 4645 ec-

2060 4694 2241 4751 clesiae
2279 4693 2391 4758 isti,
2422 4700 2482 4748 ut
2513 4691 2844 4763 perennibus
2874 4687 3209 4759 temporibus
3253 4685 3306 4739 in
3336 4682 3651 4739 alimoniam

2058 4801 2358 4857 pauperum
2380 4793 2435 4840 et
2465 4783 2731 4854 stipendia
2755 4782 3077 4838 clericorum
3109 4779 3309 4835 ibidem
3336 4776 3449 4830 Deo
3483 4774 3653 4829 famuo

2061 4876 2287 4931 lantium
2314 4873 2563 4945 proﬁciat
2584 4875 2639 4929 in
2666 4881 3036 4945 augmentum.
3068 4870 3222 4924 Hanc
3243 4868 3426 4937 itaque
3465 4872 3651 4920 aucto-

2060 4969 2299 5033 ritatem,
2330 4974 2391 5022 ut
2439 4966 2735 5035 pleniorem
2764 4966 2819 5019 in
2844 4965 2940 5020 Dei
2980 4963 3199 5019 nomine
3225 4961 3473 5017 obtineat
3498 4957 3652 5026 vigo-

2059 5072 2199 5123 rem,
2225 5065 2282 5112 et
2310 5071 2341 5110 δ
2378 5054 2628 5111 ﬁdelibus
2650 5054 2851 5110 nostris
2900 5053 3210 5124 diligentius
3253 5055 3612 5105 conservetur
3634 5086 3650 5109 ,

2059 5164 2219 5203 manu
2271 5155 2458 5203 nostra
2506 5145 3030 5201 subterﬁrmavimus
3058 5184 3074 5210 ,
3133 5152 3188 5198 et
3233 5139 3417 5196 annuli
3474 5137 3650 5193 nostri

2057 5238 2415 5310 impressione
2441 5237 2645 5311 signari
2669 5235 2952 5307 iussimus.

2067 5435 2403 5501 Martio,duo
2431 5434 2786 5504 imperatores
2810 5437 2967 5504 pater
2991 5435 3047 5481 et
3073 5425 3215 5480 ﬁlius
3236 5422 3539 5504 Sigehardo
3562 5422 3656 5477 ab-

2065 5508 2176 5561 bati
2207 5493 2522 5562 monasterii
2547 5493 2968 5558 Cremil‘an'ensis
2993 5493 3381 5553 concesserunt
3417 5493 3655 5566 diploma

2068 5578 2251 5633 datum
2283 5593 2337 5631 ιι
2365 5575 2481 5630 Kal.
2513 5574 2733 5644 Aprilis.

2142 5649 2167 5687 δ
2209 5646 2537 5718 chendum,
2554 5636 2878 5713 .szjacentiis
2901 5638 2983 5695 vel
3007 5636 3345 5709 aspicienliis.
