3996 6178
335 253 353 307 l
372 253 484 309 ιπ·

1014 355 1235 416 CXLIII.

667 467 764 507 1⁵80
799 465 1135 505 MONASTEBIO
1167 461 1582 507 EREIIFANENSI.

943 540 1115 613 (Anno
1152 538 1302 610 sas.)

329 637 518 710 [Apud
590 634 1006 706 Rettempacher
1039 673 1053 696 ,
1130 629 1363 710 Annales
1437 625 1860 694 Eremifanenses
1888 665 1903 691 ,

979 718 1098 774 pag.
1130 700 1220 755 30.
1239 699 1258 772 ]

397 821 454 876 In
481 819 698 875 nomine
722 817 936 872 Domini
974 815 1068 870 Dei
1115 821 1171 868 et
1197 809 1496 867 Salvatoris
1557 807 1731 862 nostri
1778 805 1908 860 Jesu

327 909 888 976 Cbristi,Ludovicus
937 913 993 960 et
1048 903 1338 958 Lotharius
1381 900 1563 956 divina
1625 899 1910 954 ordinante

325 1000 667 1073 providentia
698 999 1051 1068 imperatores
1089 993 1340 1065 Augusti.

399 1093 460 1148 Si
502 1107 632 1161 erga
671 1091 790 1145 loca
843 1088 1024 1144 divino
1073 1085 1238 1140 cultui
1290 1083 1595 1152 mancipata
1647 1079 1911 1150 imperiali

330 1200 483 1241 more
510 1182 770 1238 beneﬁcia
816 1180 1076 1251 largimur
1101 1188 1424 1250 opportuna,
1463 1177 1518 1231 id
1543 1177 1700 1232 nobis
1725 1173 1911 1246 procul

330 1276 492 1332 dubio
516 1275 584 1330 ad
617 1273 965 1329 stabilitatem
1007 1270 1221 1341 imperii
1248 1269 1442 1334 nostri,
1472 1277 1528 1323 et
1553 1267 1744 1322 anima:
1772 1263 1915 1320 salu—

331 1376 441 1423 tem
469 1367 733 1437 proﬁcere
755 1364 976 1418 minime
1000 1362 1324 1418 dubitamus.
1355 1361 1523 1430 Igitur
1564 1368 1747 1414 notum
1791 1371 1915 1412 esse

331 1457 578 1512 volumus
606 1455 818 1512 cunctis
844 1453 1090 1508 ﬁdelibus
1121 1462 1323 1508 sanctae
1337 1452 1432 1506 Dei
1455 1451 1711 1505 Ecclesia:
1738 1457 1794 1504 et
1818 1463 1911 1502 no-

332 1549 481 1610 stris,
510 1545 866 1617 prmsentibus
895 1544 1100 1599 scilicet
1124 1551 1178 1598 et
1230 1541 1445 1605 futuris,
1479 1541 1604 1610 quia
1630 1540 1698 1593 ad
1726 1539 1916 1607 depre-

333 1639 598 1694 cationem
621 1636 800 1691 dilecti
827 1635 923 1689 ﬁlii
945 1634 1115 1689 nostri
1151 1633 1407 1688 Ludovici
1435 1633 1575 1703 regis
1613 1630 1916 1685 Waioario-

1459 239 1852 298 DIPLOMA'I‘A
1891 235 2444 295 ECCLESIASTICA.
2460 261 2476 274 ο

1907 348 1982 416 ΙΑ
2073 347 2358 404 Durandus
2378 328 2639 399 diaconus
2664 341 2730 397 ad
2752 341 2924 394 vicem
2961 338 3229 407 Fridugisi
3275 339 3577 408 recognovi.

3443 231 3602 298 ειη,

2074 438 2268 492 Datum
2291 452 2344 489 ιι
2370 432 2693 503 Kal.April.,
2721 445 2862 484 anno
2883 428 3099 484 Christo
3129 427 3360 498 propitio
3392 428 3456 482 l5
3485 430 3583 482 im-

2003 527 2139 597 perii
2185 525 2387 580 domini
2414 521 2672 578 Ludovici
2729 518 3058 574 serenissimi
3107 517 3452 586 imperatoris
3479 556 3494 582 ,
3530 525 3587 570 et

2003 617 2244 672 Lotharii
2271 615 2328 681 6,
2356 615 2650 670 indictione
2679 612 2731 667 6.
2759 613 2952 667 Actum
2974 609 3298 681 Aquisgrani
3321 649 3334 674 ,
3380 609 3598 680 palatio-

2003 708 2175 780 regio,
2203 707 2256 762 in
2291 707 2387 762 Dei
2416 705 2633 760 nomine
2661 703 2908 758 feliciter.
2934 701 3124 757 Amen.

2677 795 2901 851 CXLIV.

2397 905 2496 945 PRO
2543 902 2879 943 HONASTERIO
2918 903 2963 942 S.
3005 903 3181 941 GALLI.

2491 977 2665 1052 (Anno
2694 976 2820 1040 828,
2855 976 2922 1030 12
2951 975 3109 1045 Feb.)

2010 1069 2302 1123 Ludovicus
2336 1067 2461 1122 Pius
2489 1077 2536 1121 et
2584 1066 2865 1120 Lotharius
2908 1067 3244 1135 imperatores
3279 1066 3593 1135 conﬁrmant

2079 1140 2415 1279 gonationem
2456 1156 2488 1191 a
2534 1135 2758 1208 Pippino
2805 1153 2921 1207 rege
2966 1134 3281 1190 monasterio
3338 1134 3398 1190 S.
3447 1135 3591 1190 Galli

2105 1219 2295 1264 actam.

2085 1298 2263 1372 [Apud
2291 1297 2570 1372 Neugartq
2599 1296 2778 1372 ϐοάᾳ
2806 1296 3346 1372 Alemannicus_,_pag.
3378 1294 3497 1359 I96,
3526 1310 3592 1350 ex

2293 1312 2570 1369 tVeugart.,
2599 1312 2778 1352 boues:
2806 1312 3195 1377 Alamannicus,
3224 1312 3289 1419 gn

2293 1369 2410 1422 cod.
2444 1369 2531 1422 Tr.
2561 1384 2706 1422 mon.
2738 1366 2794 1421 S.
2819 1366 2978 1431 Galli,
3008 1381 3130 1436 pag.
3162 1367 3226 1418 l7

2087 1460 2146 1514 In
2190 1460 2411 1515 nomine
2455 1458 2670 1513 Domini
2709 1459 2800 1512 Dei
2849 1465 2906 1512 et
2946 1456 3242 1512 Salvatoris
3271 1459 3444 1513 nostri
3469 1457 3594 1514 Jesu

2016 1549 2244 1615 Christi,
2296 1550 2602 1605 Ludovicus
2649 1560 2705 1606 et
2745 1549 3032 1604 Lotharius
3081 1550 3260 1604 divina
3309 1551 3596 1606 ordinante

2015 1641 2353 1711 providentia
2381 1642 2740 1711 imperatores
2769 1641 3018 1712 Augusti.

334 1744 451 1784 rum
499 1736 555 1782 et
579 1725 796 1782 Geroldi
827 1725 1044 1781 comitis
1084 1723 1452 1779 concessimus
1481 1722 1695 1776 cuidam
1724 1735 1912 1774 mona—
1939 1710 1988 1768 B
2021 1710 2028 1711 ί
2086 1729 2281 1784 Nomm
2313 1731 2382 1785 είι
2410 1710 2659 1785 omnibus
2695 1710 2939 1785 {melinus
2978 1731 3199 1793 nostris,
3235 1730 3594 1800 pmscmibus

332 1820 501 1874 sterio
530 1826 736 1882 nostro,
764 1817 918 1887 cujus
954 1816 1277 1872 vocabulum
1302 1823 1386 1870 cst
1414 1813 1720 1876 Chremisa,
1767 1811 1914 1880 quod

332 1919 412 1966 est
439 1916 807 1965 constructum
833 1909 888 1962 in
915 1909 1118 1962 honore
1141 1920 1196 1962 et
1241 1907 1590 1960 veneratione
1618 1903 1834 1957 Domini
1860 1909 1916 1956 et

335 1998 629 2054 Salvatoris
668 1998 839 2053 nostri
885 1996 1011 2052 Jesu
1041 1996 1263 2061 Christi,
1287 1995 1451 2051 situm
1492 1996 1546 2048 in
1580 2008 1716 2064 pago
1739 1991 1919 2046 Trun-

336 2106 505 2160 gowe,
530 2090 620 2144 ubi
644 2090 900 2160 praesenti
933 2098 1169 2158 tempore
1190 2088 1275 2142 vir
1309 2086 1635 2143 venerabilis
1659 2085 1919 2155 Sigehar-

336 2183 435 2238 dus
462 2183 632 2238 abbas
653 2189 868 2252 prmest,
892 2188 947 2234 et
981 2180 1259 2235 monachis
1308 2180 1505 2234 ibidem
1533 2193 1632 2249 per
1676 2185 1920 2247 tempora

336 2273 657 2345 degentibus
695 2272 963 2340 quoddam
994 2271 1350 2332 territorium,
1374 2269 1520 2339 quod
1565 2277 1652 2323 est
1697 2268 1751 2321 in
1781 2282 1920 2336 pago

336 2363 656 2424 Grunzwiti,
693 2360 848 2429 juxta
880 2367 1114 2413 montem
1147 2358 1532 2423 Sumerherch,
1557 2357 1701 2427 quod
1751 2370 1923 2424 usque

339 2452 498 2506 modo
541 2451 683 2506 servi
709 2450 792 2504 vel
814 2449 978 2504 sclavi
1004 2447 1243 2517 ejusdem
1267 2448 1578 2502 monasterii
1604 2447 1670 2501 ad
1699 2460 1922 2500 censum

341 2549 652 2606 tenuerunt,
675 2541 763 2611 qui
793 2541 861 2595 ad
915 2548 1125 2611 partem
1184 2539 1398 2594 comitis
1442 2538 1788 2602 solvebatur;
1829 2536 1923 2591 ubi

341 2634 503 2688 etiam
540 2632 794 2687 monachi
827 2631 894 2686 de
922 2630 1146 2701 praefato
1171 2630 1504 2685 monasterio
1537 2627 1824 2684 ecclesiam
1871 2635 1928 2683 et

342 2725 529 2778 domos
553 2731 608 2778 et
629 2732 824 2777 caetera
867 2721 1093 2778 aediﬁcia
1123 2728 1560 2776 construxerunt.
1593 2720 1745 2787 Quod
1768 2718 1927 2774 terri-

343 2813 541 2868 torium
568 2815 641 2868 ita
672 2815 1027 2869 terminatur:
1059 2813 1249 2882 incipit
1285 2813 1449 2876 enim,
1474 2825 1539 2865 ex
1569 2810 1724 2880 plaga
1748 2809 1928 2864 orien-

344 2905 460 2968 tali,
485 2920 517 2959 a
557 2903 939 2974 Sumerpcrch,
963 2904 1105 2961 sicut
1140 2904 1292 2958 missi
1325 2901 1544 2958 Geroldi
1572 2902 1786 2957 comitis
1835 2903 1930 2956 de-

344 2995 716 3068 signaverunt,
739 3013 911 3066 usque
946 2998 999 3052 in
1013 2997 1305 3060 Dracisma,
1344 2995 1411 3048 ad
1443 2994 1619 3050 locum
1650 2994 1741 3063 qui
1769 3007 1931 3049 voca-

345 3061 436 3141 tur
458 3061 1072 3158 Hohoga,Plaittehinn,
1103 3096 1159 3144 et
1207 3088 1333 3143 inde
1386 3103 1602 3142 sursum
1641 3061 1814 3156 usque
1861 3085 1928 3140 ad
1957 3061 2002 3122 (ἶ

347 3179 681 3234 territorium
749 3181 1092 3250 episcopatus
1150 3179 1488 3234 Pataviensis
1541 3179 1812 3241 ecclesiae,
1875 3183 1933 3232 et

347 3271 539 3326 exinde
569 3271 634 3324 ad
663 3270 876 3342 plagam
901 3270 1192 3326 australem
1217 3285 1389 3340 usque
1416 3270 1468 3324 in
1500 3269 1925 3324 Heribrunnum.

345 3362 550 3417 Deinde
573 3378 639 3418 ex
659 3375 813 3433 parte
837 3364 1158 3419 occidentali
1192 3379 1362 3432 usque
1387 3363 1455 3417 ad
1484 3377 1606 3418 eum
1635 3362 1811 3417 locum
1836 3361 1930 3416 ubi

348 3454 632 3524 Flinspach
655 3456 770 3510 exit
799 3457 864 3511 de
895 3457 1060 3521 silva;
1094 3472 1126 3510 a
1153 3465 1307 3526 parte
1332 3455 1620 3525 aquilonis,
1650 3454 1790 3508 sicut
1814 3453 1931 3522 ipsa

347 3547 479 3601 silva
504 3548 680 3618 pergit
701 3564 872 3618 usque
898 3551 966 3605 ad
985 3548 1096 3617 jam
1126 3543 1329 3603 dictum
1364 3554 1603 3602 montem
1633 3545 1726 3616 qui
1764 3561 1929 3600 voca-

349 3647 434 3693 tur
456 3638 837 3708 Sumerpcrch.
857 3640 1214 3694 Memoratum
1234 3635 1363 3692 vero
1383 3637 1742 3700 territorium,
1757 3651 1929 3704 quan-

345 3737 675 3798 tumcunque
700 3729 839 3781 infra
868 3729 1292 3797 suprascriptam
1323 3726 1761 3781 terminationem
1803 3741 1934 3781 con-

346 3818 511 3882 sistit,
542 3817 706 3872 salvis
737 3828 916 3872 tamen
945 3819 1366 3888 proprietatibus
1396 3818 1694 3872 liberorum
1723 3815 1933 3871 sclavo-

349 3921 502 3971 rum,
552 3906 817 3976 reliquum
867 3907 1127 3977 quidquid
1169 3906 1309 3961 infra
1375 3908 1473 3962 has
1520 3905 1934 3962 terminationes

347 4000 601 4070 prtesenti
626 4006 867 4070 tempore
915 4001 981 4055 ad
1015 4007 1228 4070 partem
1291 4000 1549 4055 comitum
1580 3999 1932 4070 pertinebat,

347 4091 530 4146 omnia
551 4092 858 4161 supradicto
878 4092 1210 4146 monasterio
1224 4091 1534 4162 Chremysae
1562 4106 1659 4161 per
1677 4090 1816 4145 hanc
1839 4106 1936 4146 no-

348 4188 518 4236 stram
544 4182 921 4238 auctoritatem
979 4183 1392 4252 praesentialiter
1424 4183 1688 4238 tradimus
1711 4223 1725 4246 ,
1772 4190 1828 4237 et
1867 4182 1935 4237 de

350 4281 536 4328 nostro
575 4271 700 4342 jure
743 4274 798 4328 in
827 4272 918 4342 jus
968 4284 1023 4329 et
1057 4274 1478 4329 dominationem
1516 4273 1632 4343 ejus
1668 4272 1938 4329 transfun-

350 4367 548 4466 dimus,
579 4369 672 4466 ita
693 4369 943 4425 videlicet
975 4377 1037 4425 ut
1067 4370 1328 4441 quidquid
1355 4370 1422 4426 de
1457 4370 1695 4440 prtefatis
1715 4370 1932 4426 territo—
1956 4407 2008 4466 Β

352 4459 448 4514 riis
467 4461 536 4515 ob
556 4459 843 4516 utilitatem
865 4470 917 4515 et
951 4462 1252 4532 profectum
1274 4463 1574 4532 praescripti
1619 4463 1931 4517 monasterii

351 4559 594 4604 rectores
622 4560 678 4605 et
705 4551 937 4606 ministri
967 4551 1086 4622 ejus
1119 4553 1300 4608 facere
1343 4553 1430 4608 vel
1473 4552 1719 4622 judicare
1751 4554 1935 4610 volue-

352 4639 480 4705 rint,
504 4641 675 4696 libero
717 4642 770 4696 in
803 4643 1054 4698 omnibus
1108 4647 1385 4714 potiantur
1435 4648 1660 4702 arbitrio
1701 4646 1934 4703 faciendi

352 4731 614 4800 quidquid
663 4731 944 4804 elegerint.
999 4735 1066 4789 Et
1113 4744 1174 4790 ut
1220 4737 1338 4791 hinc
1385 4733 1681 4793 auctoritas
1733 4739 1936 4794 nostris

356 4821 658 4894 futurisque
696 4826 1027 4896 temporibus
1056 4826 1284 4883 Domino
1319 4838 1635 4900 protegente
1661 4828 1835 4884 valeat
1854 4830 1938 4883 in-

355 4915 610 4972 convulsa
641 4933 881 4985 manere,
927 4919 1178 4975 manibus
1233 4907 1468 4991 propriis
1514 4919 1940 4976 subterﬁrmavi-

357 5023 496 5074 mus,
519 5017 574 5064 et
591 5011 773 5065 annuli
807 5012 980 5066 nostri
1025 5012 1380 5083 impressione
1426 5013 1628 5084 signari
1653 5011 1933 5082 jussimus.

429 5101 652 5173 Signum
680 5103 934 5158 Ludovici
963 5105 1293 5160 serenissimi
1325 5105 1688 5175 imperatoris.

429 5192 652 5264 Signum
712 5192 951 5247 Lotharii
1018 5195 1393 5264 gloriosissimi
1437 5195 1781 5266 imperatoris
1831 5194 1940 5249 Au-

358 5284 522 5355 gusti.
1360 5288 1362 5291 ’

434 5450 458 5478 ι
487 5438 608 5491 Bris
678 5438 785 5490 via.

433 5508 461 5545 δ
487 5451 768 5561 Ιιίιηῗιέναὶ
811 5512 1026 5566 comitis
1062 5512 1423 5565 meminerunt
1450 5509 1736 5563 Ermoldus
1764 5508 1940 5578 Nigel-

361 5579 445 5632 lus
474 5578 549 5632 De
574 5577 706 5633 Reb.
737 5590 872 5648 gest.
907 5582 1162 5637 Ludovici
1201 5581 1302 5642 Pii,
1330 5595 1471 5632 vers.
1506 5580 1610 5633 274
1642 5588 1696 5632 et
1718 5577 1853 5642 573,7
1874 5596 1940 5632 ac

363 5653 716 5704 Astronomus
767 5652 817 5706 in
866 5653 985 5707 Vita
1032 5650 1284 5707 Ludovici
1333 5649 1430 5712 Pii,
1481 5665 1597 5718 cap.
1652 5650 1712 5702 l5
1751 5659 1802 5704 ct
1852 5650 1929 5715 l6,

2018 1822 2224 1877 scilicet
2247 1832 2302 1875 et
2327 1821 2545 1886 futuris,
2573 1822 2696 1890 quia
2722 1821 3059 1877 Gauzbertus
3082 1821 3407 1876 venerabilis
3434 1822 3600 1877 abbas

2020 1927 2086 1967 ex
2115 1913 2444 1966 monasterio
2472 1911 2529 1966 S.
2555 1912 2692 1967 Galli
2717 1913 3043 1982 permissum
3069 1928 3225 1968 suum
3263 1912 3419 1967 nobis
3447 1914 3602 1968 inno~

2022 2002 2145 2068 tuit,
2192 2001 2336 2071 quod
2381 2017 2512 2057 avus
2564 2009 2749 2057 noster
2786 2001 3044 2072 Pippinus
3077 2001 3349 2071 quondam
3379 2017 3478 2057 rex
3507 2002 3606 2056 ali-

2020 2109 2158 2164 quos
2199 2093 2400 2149 liberos
2444 2094 2695 2150 homines
2724 2095 2776 2148 in
2805 2109 2946 2165 pago
2972 2093 3287 2149 Brisichava
3316 2107 3341 2134 ι
3373 2109 3604 2163 quorum

2020 2185 2240 2240 nomina
2295 2194 2470 2240 sunt:
2519 2185 2898 2251 ‘Williharius,
2952 2184 3182 2250 Putico,
3239 2183 3606 2247 Gauzhertus,

2023 2273 2263 2339 Otarius,
2290 2273 2537 2339 Pillinus,
2575 2275 2783 2338 Haimo,
2831 2274 3046 2340 Hundo,
3093 2273 3456 2338 Wolfnvinus,
3493 2273 3605 2328 Mo—

2025 2365 2264 2428 tharius,
2307 2363 2658 2427 Chrodarius,
2711 2363 3058 2434 Gangulﬁ'us,
3109 2364 3325 2432 Zuppo,
3385 2362 3601 2427 Gisalo,

2025 2452 2455 2517 Drasamundus,
2505 2451 2890 2518 Harimundus,
2940 2451 3107 2514 Otini,
3152 2451 3408 2517 Grotzeo,
3462 2449 3610 2506 Swa-

2025 2539 2242 2607 bulﬂ't'ts,
2281 2541 2591 2606 Biritoldus,
2634 2541 2824 2607 Griﬁ‘o,
2853 2541 3219 2606 Wolantinus,
3257 2540 3325 2595 ad
3354 2541 3606 2595 eumdem

2028 2634 2415 2689 monasterium
2439 2633 2818 2689 concessisset.
2843 2634 2920 2689 Eo
2951 2633 3158 2689 scilicet
3183 2635 3342 2688 modo
3361 2641 3422 2688 ut
3439 2632 3608 2689 iidem

2029 2724 2186 2778 liberi
2236 2723 2503 2790 homines,
2537 2732 2590 2778 et
2612 2724 2906 2794 posteritas
2945 2740 3156 2790 eorum,
3207 2739 3430 2780 censum
3468 2723 3612 2795 quod

2030 2816 2098 2869 ad
2131 2813 2323 2870 ﬁscum
2360 2815 2595 2890 persolvi
2639 2815 2898 2875 solebant,
2953 2816 3092 2885 parti
3139 2815 3383 2886 praadicti
3427 2830 3614 2869 mona-

2031 2905 2183 2960 sterii
2207 2905 2528 2961 exhiberem
2551 2914 2712 2976 atque
2739 2905 3130 2976 persolverent.
3160 2905 3266 2961 Sed
3295 2905 3422 2976 quia
3453 2920 3617 2975 super

2033 3002 2136 3056 hac
2163 3001 2516 3055 concessione
2542 3009 2870 3071 praeceptum
2902 3000 2988 3054 avi
3019 3001 3190 3054 nostri
3219 3001 3431 3070 Pippini
3467 3002 3613 3071 regis

2034 3090 2402 3160 conscriptum
2427 3105 2534 3145 non
2562 3089 2852 3152 habebant,
2893 3087 3158 3156 jussimus
3201 3088 3482 3144 Liuthario
3518 3103 3614 3143 co-

2033 3183 2150 3236 miti
2176 3181 2205 3221 ι)
2233 3182 2374 3236 hanc
2409 3195 2630 3235 causam
2673 3181 3004 3252 diligentius,
3048 3181 3092 3235 si
3130 3181 3206 3234 ita
3235 3189 3400 3245 esset,
3436 3181 3614 3249 inqui-

2033 3288 2174 3327 rere.
2220 3271 2324 3339 Qui
2362 3271 2518 3341 juxta
2563 3272 2811 3326 veritatis
2841 3279 2898 3325 et
2924 3270 3198 3338 :cquitatis
3221 3270 3470 3324 ordinem
3496 3269 3617 3323 dili-

2033 3371 2223 3436 genter
2267 3369 2668 3433 perscrutatum
2717 3361 3048 3416 renuntiavit
3093 3359 3269 3425 nobis,
3315 3361 3441 3429 quia
3475 3360 3617 3415 sicut

2033 3470 2130 3526 per
2153 3454 2274 3509 illos
2292 3468 2554 3525 pagcnses
2583 3462 2638 3508 et
2669 3468 2891 3508 veraces
2908 3451 3158 3507 homines
3178 3467 3275 3522 per
3299 3467 3583 3506 sacramen
3599 3480 3614 3492 -

2035 3556 2148 3601 tum
2192 3547 2435 3602 invenire
2473 3545 2667 3615 potuit,
2699 3545 2771 3599 ita
2801 3560 2923 3599 esse
2953 3559 3163 3608 verum,
3200 3544 3342 3597 sicut
3367 3544 3614 3612 superius

2035 3638 2484 3706 comprehensum
2512 3644 2614 3689 est.
2647 3635 2988 3704 Quapropter
3017 3635 3122 3687 hoc
3151 3641 3349 3687 nostra:
3378 3634 3612 3686 auctori-

2035 3730 2166 3782 tatis
2189 3735 2520 3796 prteceptum
2552 3726 2668 3779 ﬁeri
2696 3726 3036 3780 decrevimus
3066 3743 3078 3778 :
3111 3739 3209 3793 per
3245 3724 3387 3792 quod
3426 3725 3619 3794 praeci-

2034 3819 2212 3888 pimus
2239 3827 2401 3886 atque
2433 3815 2708 3884 jubemus,
2753 3824 2835 3881 ut,
2889 3815 3031 3869 sicut
3078 3815 3325 3884 praadicti
3370 3814 3618 3869 homines

2036 3911 2254 3980 ingenui
2285 3909 2414 3963 illud
2444 3922 2666 3963 censum
2693 3905 2837 3976 quod
2866 3906 3024 3960 annis
3060 3903 3286 3976 singulis
3321 3903 3453 3957 ﬁsco
3481 3918 3616 3958 oon-

2036 4001 2168 4056 ferri
2197 4000 2462 4064 solebant,
2513 3997 2688 4052 eidem
2743 3997 3074 4051 monasterio
3125 3995 3300 4050 sancti
3340 3993 3478 4048 Galli
3525 4010 3624 4065 per

2035 4091 2476 4147 constitutionem
2503 4088 2589 4142 avi
2620 4087 2793 4142 nostri
2821 4085 3032 4156 Pippini
3062 4085 3206 4156 regis
3230 4085 3614 4147 cxbibuerunt,

2035 4183 2109 4238 ita
2167 4180 2365 4235 abhinc
2410 4179 2463 4234 in
2513 4177 2857 4248 postmodum
2885 4176 3064 4230 omnis
3110 4173 3402 4245 posteritas
3431 4187 3620 4228 eorum

2035 4289 2133 4346 per
2153 4274 2258 4328 hoc
2282 4280 2526 4327 nostrum
2553 4276 2880 4340 praceptum
2909 4269 2977 4323 ad
3003 4282 3164 4338 supra
3195 4267 3398 4322 dictum
3429 4279 3618 4320 mona-

2036 4367 2262 4421 sterium
2285 4365 2385 4419 sub
2411 4363 2560 4418 omni
2592 4361 2903 4432 integritate
2945 4358 3276 4430 persolvant.
3323 4355 3620 4426 Nullusque

2037 4460 2123 4516 vel
2168 4474 2199 4513 a
2247 4457 2553 4519 comitibus,
2611 4455 2692 4510 vel
2733 4468 2766 4507 a
2809 4451 3170 4516 centenariis,
3218 4449 3303 4505 vel
3352 4464 3383 4503 a
3430 4447 3612 4503 missis

2040 4549 2493 4610 discurrentibus,
2529 4545 2611 4600 vel
2638 4560 2671 4599 a
2701 4541 3028 4613 quibuslibet
3053 4541 3279 4596 alterius
3305 4538 3512 4594 ordinis
3542 4538 3623 4592 in-

2041 4641 2388 4713 quietudines
2418 4647 2512 4693 aut
2543 4636 2844 4694 calumnias
2874 4649 3002 4704 pars
3030 4631 3270 4701 ejusdem
3303 4629 3618 4685 monasterii

2038 4734 2234 4790 exinde
2279 4731 2517 4801 patiatur
2549 4747 2562 4783 :
2591 4728 2687 4784 sed
2737 4727 2877 4782 sicut
2919 4725 2987 4780 ab
3031 4739 3132 4778 avo
3171 4729 3360 4778 nostro
3394 4719 3622 4790 Pippino

2041 4841 2169 4897 rege
2194 4839 2511 4881 concessum
2535 4831 2637 4888 est,
2677 4822 2754 4876 ita
2783 4821 2850 4877 ab
2875 4819 3127 4874 omnibus
3152 4816 3398 4872 ﬁdelibus
3423 4813 3623 4870 nostris

2040 4931 2171 4988 erga
2198 4914 2486 4985 praedictos
2515 4913 2782 4976 homines,
2809 4917 2866 4965 et
2892 4923 3116 4964 censum
3143 4906 3235 4978 qui
3263 4906 3334 4962 ab
3359 4905 3440 4960 eis
3467 4903 3624 4959 debe-

2043 5017 2150 5071 tur,
2184 5005 2571 5062 inviolabiliter
2595 5010 2969 5059 conservetur.
3007 4999 3075 5054 Et
3102 5006 3163 5053 ut
3186 4999 3303 5054 haec
3329 4995 3622 5052 auctoritas

2045 5099 2254 5154 ﬁrmior
2278 5099 2563 5162 habeatur,
2593 5104 2648 5150 et
2675 5110 2773 5165 per
2801 5093 2984 5149 futura
3011 5099 3254 5162 tempora
3283 5089 3478 5145 melius
3500 5103 3625 5143 con-

2043 5199 2323 5254 servetur,
2377 5187 2575 5244 annulo
2617 5194 2805 5242 nostro
2847 5185 3035 5240 subter
3079 5197 3196 5238 eam
3241 5177 3508 5251 jussimus
3547 5177 3624 5232 si-

2044 5281 2242 5353 gillari.

2041 5437 2175 5506 apud
2224 5437 2486 5517 Bouquet.
2541 5433 2665 5514 Iter.
2707 5429 2847 5513 Call.
2884 5428 3110 5496 δτι-ἱρὴ,
3144 5436 3182 5481 t.
3211 5424 3302 5508 VI,
3323 5425 3494 5506 p._18,
3524 5425 3618 5506 2Q,

2040 5507 2131 5570 9|.
2161 5507 2231 5579 9Q
2257 5500 2905 5579 (Italusvolumt_ms,_col.
2951 5499 3100 5568 927).
3133 5497 3214 5579 An
3251 5497 3342 5552 hic
3383 5495 3522 5550 tdem
3545 5505 3622 5575 snt

2043 5592 2165 5630 cum
2212 5571 2493 5629 Lithuario
2535 5573 2730 5627 comite
2782 5571 2868 5624 hic
2921 5575 3241 5634 memorato,
3288 5581 3394 5621 non
3441 5571 3617 5622 ausim

2046 5655 2298 5702 statuere.
