3996 6178
408 267 550 324 4175

1537 267 1857 331 LUDOVICI
1888 270 1912 326 ι
1948 267 2417 327 COGNOMENTO
2454 267 2538 326 Pll

3528 268 3664 326 ηπ

480 375 861 433 Hirminmaris
902 371 1146 433 notarius
1179 375 1249 433 ad
1282 373 1456 435 vicem
1505 380 1777 455 Fridugisi
1827 397 1984 439 reco-
2009 392 2063 452 Α
2085 389 2247 451 atque
2268 379 2520 449 iubemus
2546 378 2841 436 secundum
2865 377 3009 451 quod
3038 378 3092 434 in
3129 378 3275 435 illius
3320 378 3671 435 ordinatione

413 466 574 538 gnovi
596 475 650 524 et
674 467 987 536 subscripsi.

482 558 617 613 Data
654 557 828 630 pridie
855 556 978 613 ldus
1005 557 1331 615 Februarias
1374 575 1517 616 anno
1544 560 1764 617 Christo
1797 560 1988 635 propi-

409 651 487 706 tio
538 649 603 704 l5
649 650 860 721 imperii
912 650 1093 705 domni
1152 649 1410 706 Ludovici
1464 652 1595 721 imp.
1645 661 1702 706 et
1743 652 1988 707 Lotharii

411 751 566 797 sexto
609 754 661 808 ι,
703 741 999 798 indictione
1029 742 1083 797 6.
1115 741 1310 797 Actum
1347 743 1673 815 Aquisgrani
1712 744 1743 785 ιι
1786 743 1989 815 palatio

409 832 578 904 regio,
610 832 665 887 in
690 831 788 888 Dei
814 832 1033 888 nomine
1059 832 1312 888 feliciter.
1342 832 1537 887 Amen.

1092 925 1295 982 CXLV.

716 1031 815 1072 ιιιιο
854 1031 1191 1072 IONASTERIO
1225 1031 1675 1073 SANGERIANENSI.

1007 1107 1183 1179 (Anno
1226 1107 1375 1180 829.)

476 1195 654 1269 [Apud
680 1198 904 1265 Itlabill.,
938 1198 1132 1254 Annal.
1166 1200 1289 1324 ogg.‘
1418 1198 1640 1265 Bened.,
1677 1207 1807 1253 tom.
1839 1198 1913 1266 II,

1040 1285 1163 1341 pag.
1302 1307 1319 1323 .

1040 1285 1163 1341 pag.
1191 1285 1319 1324 om.

472 1361 532 1416 1n
560 1363 778 1419 nomine
820 1363 1034 1418 Domini
1077 1361 1173 1418 Dei
1221 1371 1276 1417 et
1321 1361 1621 1417 Salvatoris
1659 1360 1830 1416 nostri
1858 1358 1986 1416 Jesu

404 1454 644 1523 Christi,
689 1456 996 1512 Ludovicus
1036 1464 1093 1511 et
1131 1454 1424 1509 Lotharius
1468 1454 1650 1509 divina
1697 1453 1985 1508 ordinante

403 1547 742 1619 providentia
774 1547 1131 1619 imperatores
1153 1545 1402 1616 Augusti.

487 1638 546 1693 Si
582 1653 647 1693 ea
672 1653 794 1707 qua:
821 1635 1008 1692 ﬁdeles
1037 1635 1249 1705 imperii
1282 1635 1454 1690 nostri
1496 1649 1595 1706 pro
1630 1641 1774 1690 statu
1798 1640 1855 1688 et
1877 1632 1985 1687 uti-

407 1730 562 1789 litate
607 1728 957 1784 ecclesiarum
993 1742 1057 1783 ac
1098 1742 1381 1782 servorum
1410 1727 1505 1782 Dei
1535 1725 1769 1781 ﬁdeliter
1794 1740 1861 1780 ac
1890 1725 1985 1780 de-

403 1832 530 1879 vote
553 1820 624 1877 ob
643 1820 742 1875 Dei
767 1834 1007 1874 amorem
1030 1820 1086 1874 in
1114 1818 1246 1874 locis
1286 1817 1391 1873 sibi
1426 1817 1735 1872 commissis
1780 1824 1985 1871 statue-

396 1920 555 1977 runt,
580 1909 786 1966 nostris
815 1908 1203 1964 conﬁrmamus
1243 1908 1453 1972 edictis,
1484 1908 1590 1962 hoc
1615 1908 1771 1962 nobis
1798 1905 1987 1977 procul

406 2005 570 2061 dubio
593 2003 659 2058 ad
682 2012 940 2058 aeternam
961 2000 1350 2055 beatitudinem
1370 2007 1426 2053 et
1446 1998 1612 2053 totius
1641 1998 1791 2068 regni
1817 2012 1849 2051 a
1874 1997 1986 2052 Deo

403 2094 561 2151 nobis
583 2090 859 2148 commissi
905 2088 1128 2144 tutelam
1173 2102 1488 2142 mansurum
1536 2100 1659 2141 esse
1688 2085 1985 2150 credimus,

403 2192 460 2241 et
485 2181 869 2239 retributorem
893 2179 1182 2234 Dominum
1214 2179 1268 2233 in
1305 2176 1489 2233 futuro
1516 2177 1721 2233 habere
1753 2175 1985 2232 conﬁdi-

406 2290 547 2332 mus.
584 2274 757 2344 lgitur
784 2280 972 2328 notum
1008 2270 1083 2326 sit
1109 2269 1361 2325 omnibus
1390 2268 1637 2325 ﬁdelibus
1660 2276 1860 2324 sancta:
1888 2267 1985 2323 Dei

404 2366 663 2425 Ecclesiae
686 2379 751 2419 ac
778 2363 997 2425 nostris,
1040 2361 1399 2431 praesentibus
1443 2360 1651 2415 scilicet
1676 2367 1732 2413 et
1766 2344 1982 2424 futuris,

404 2459 532 2528 quia
572 2457 659 2512 vir
704 2454 1035 2510 venerabilis
1065 2452 1374 2516 Hilduinus,
1430 2450 1749 2506 monasterii
1799 2449 1985 2505 Sancti

404 2547 678 2605 Vincentii
710 2562 776 2602 ac
804 2546 989 2601 Sancti
1015 2544 1274 2600 Germani
1303 2545 1491 2609 abbas,
1518 2559 1729 2599 necnon
1760 2552 1815 2599 et
1843 2543 1985 2599 sacri

400 2640 583 2711 palatii
611 2638 787 2694 nostri
815 2636 1302 2707 archicapellanus,
1343 2645 1543 2691 nostra:
1587 2637 1857 2729 suggessit
1893 2651 1983 2691 se-

401 2729 622 2787 renitati
646 2729 793 2799 quod
815 2743 914 2798 pro
944 2728 1039 2783 Dei
1068 2728 1457 2796 omnipotentis
1483 2727 1691 2794 amore,
1716 2736 1773 2783 et
1802 2727 1985 2784 futuro

398 2819 641 2890 ejusdem
673 2817 1110 2890 congregationis
1138 2817 1378 2873 cavendo
1406 2818 1665 2886 periculo,
1706 2834 1775 2873 ne
1804 2818 1983 2889 aliqua

399 2925 777 2967 successorum
798 2923 1020 2964 suorum
1042 2908 1369 2979 negligentia
1392 2916 1483 2962 aut
1505 2908 1770 2977 parcitate
1793 2906 1983 2980 [Forte

403 3001 720 3075 rapacitate]
747 3002 882 3057 ordo
916 3002 971 3056 in
1012 3016 1075 3057 ea
1115 3000 1313 3057 futuris
1338 3001 1671 3071 temporibus
1698 3001 1982 3070 perturba-

2089 471 2418 537 continetur,
2446 478 2508 524 ut
2554 470 2752 525 dentur
2794 470 2877 525 eis
2919 470 3084 525 annis
3130 470 3361 541 singulis
3390 470 3459 525 de
3485 471 3671 527 tritico

2087 575 2226 630 puro
2271 560 2433 616 modii
2482 560 2632 616 mille
2674 560 3053 632 quadringenti
3094 568 3150 615 et
3174 561 3574 632 quadraginta;
3617 572 3675 616 et

2088 648 2144 703 in
2174 648 2577 719 susceptionem
2604 649 2879 719 hospitum
2919 649 3085 703 modii
3125 655 3341 704 centum
3367 649 3671 719 octoginta,

2087 740 2231 810 quod
2253 748 2382 794 sunt
2399 739 2559 795 simul
2582 739 2747 795 modii
2768 739 2918 793 mille
2938 738 3178 794 sexcenti
3203 738 3424 808 viginti;
3450 739 3520 794 de
3542 739 3673 793 vino

2087 831 2253 887 modii
2280 831 2388 887 duo
2417 831 2584 885 millia
2609 847 2624 898 ;
2654 830 2721 885 de
2746 830 3017 900 legumine
3063 829 3228 884 modii
3255 837 3475 884 centum
3509 841 3668 886 octo—

2087 925 2271 995 ginta;
2304 925 2372 980 de
2393 939 2555 980 caseo
2585 938 2783 995 pensas
2822 930 3041 978 centum
3081 923 3395 993 sexaginta;
3439 924 3508 980 de
3548 926 3673 995 pin-

2088 1015 2319 1086 guedine
2339 1023 2518 1069 autem
2542 1013 2706 1067 modii
2726 1013 2937 1083 viginti,
2961 1021 3054 1067 aut
3073 1014 3225 1083 porci
3251 1015 3668 1086 quinquaginta,

2090 1103 2277 1173 quales
2315 1104 2568 1159 meliores
2609 1103 2845 1159 inveniri
2877 1114 3140 1173 possunt;
3169 1105 3240 1159 de
3273 1104 3472 1177 butyro
3504 1109 3668 1162 modii

2090 1203 2346 1265 quatuor,
2379 1195 2445 1249 de
2469 1193 2629 1249 melle
2666 1195 2896 1249 carrada
2922 1210 3029 1248 una
3061 1209 3132 1250 ex
3167 1196 3365 1251 modiis
3398 1204 3545 1262 octo,
3585 1196 3671 1251 vel

2089 1282 2231 1339 sicut
2252 1298 2317 1339 ex
2345 1298 2510 1338 censu
2534 1283 2603 1337 de
2623 1282 2749 1337 villa
2771 1282 3028 1337 Lucarias
3054 1283 3409 1352 persolvitur;
3435 1293 3494 1339 et
3518 1300 3673 1341 men-

2089 1373 2259 1429 salem
2285 1372 2353 1429 de
2377 1373 2661 1429 duodecim
2695 1373 2841 1428 villis
2879 1373 3040 1428 melle
3064 1381 3122 1428 et
3144 1390 3292 1440 cera,
3342 1376 3397 1430 id
3421 1384 3508 1431 est
3532 1393 3674 1432 uno-

2089 1479 2303 1535 quoque
2323 1478 2507 1520 mense
2535 1465 2773 1520 sextaria
2794 1473 3048 1535 quatuor.
3065 1474 3121 1521 et
3139 1481 3279 1521 cera:
3300 1467 3470 1524 libras
3495 1469 3670 1535 duas;

2089 1555 2157 1611 de
2182 1556 2295 1610 sale
2324 1554 2489 1610 modii
2520 1564 2765 1622 centum;
2798 1555 3034 1611 volatilia
3060 1572 3183 1612 cum
3217 1559 3334 1613 ovis
3363 1558 3431 1615 de
3459 1560 3675 1616 duobus

2089 1644 2262 1711 festis,
2306 1645 2360 1700 id
2390 1655 2477 1701 est
2514 1644 2723 1701 Pascha
2765 1654 2821 1702 et
2860 1645 3068 1702 Natalis
3106 1646 3338 1701 Domini.
3382 1647 3466 1703 Ad
3507 1651 3674 1705 vesti-

2009 1740 2060 1800 Β
2088 1744 2269 1789 menta
2296 1735 2458 1789 etiam
2489 1735 2576 1790 vel
2603 1750 2795 1791 omnes
2829 1749 3019 1790 eorum
3062 1737 3432 1803 necessitates,
3472 1754 3671 1794 secun-

2090 1823 2219 1880 dum
2263 1823 2567 1895 regularem
2614 1824 3006 1879 institutionem
3041 1825 3432 1892 procurandas,
3469 1829 3674 1883 consti-

2089 1914 2292 1969 tuimus
2332 1914 2439 1970 illis
2482 1915 2699 1970 easdem
2728 1913 2905 1979 villas,
2936 1930 3074 1985 quas
3105 1915 3218 1985 ipse
3241 1931 3339 1985 per
3365 1931 3521 1972 suam
3543 1932 3675 1973 con-

2088 2004 2388 2060 cessionem
2413 2005 2495 2061 eis
2527 2005 2676 2060 visus
2701 2012 2788 2060 est
2809 2004 3148 2060 condonasse
3177 2024 3190 2059 :
3220 2005 3274 2060 id
3304 2016 3389 2061 est
3411 2006 3675 2064 Antonia-

2087 2109 2211 2148 cum
2249 2092 2501 2165 (Antony)
2544 2109 2668 2149 cum
2712 2094 2831 2163 ipsa
2878 2093 3109 2163 capella,
3154 2094 3241 2149 vel
3286 2097 3549 2166 quidquid
3593 2098 3667 2153 ad

2087 2200 2247 2240 suum
2272 2201 2407 2255 opus
2431 2185 2849 2256 praesentialiter
2887 2185 3093 2249 habuit,
3133 2185 3219 2241 vel
3258 2187 3518 2257 quidquid
3541 2187 3672 2244 inde

2087 2275 2335 2331 homines
2369 2290 2468 2345 per
2504 2275 2779 2346 precarias
2826 2282 3031 2340 tenent,
3059 2274 3145 2329 vel
3166 2276 3425 2346 quidquid
3452 2292 3545 2346 per
3573 2278 3674 2334 he-

2087 2364 2342 2421 neﬁcium
2380 2365 2527 2420 illius
2556 2364 2725 2435 aliqui
2764 2365 2943 2418 adhuc
2984 2364 3209 2429 habent,
3248 2372 3305 2418 et
3346 2364 3457 2419 illic
3504 2367 3674 2435 perti-

2086 2473 2218 2513 nere
2245 2458 2481 2524 videtur,
2514 2467 2576 2513 ut
2600 2465 2724 2528 post
2752 2471 2942 2511 eorum
2971 2456 3268 2511 discessum
3292 2455 3361 2510 ad
3385 2472 3546 2511 usum
3567 2458 3674 2512 fra-

2086 2557 2231 2605 trum
2280 2558 2644 2606 revertantur.
2692 2549 2933 2604 Alteram
2960 2589 2975 2614 ,
3026 2549 3181 2620 cujus
3223 2549 3545 2604 vocabulum
3588 2560 3676 2605 est

2085 2641 2230 2696 Cella
2254 2641 2332 2714 (la
2353 2639 2541 2714 Cella),
2577 2657 2700 2711 qua
2727 2640 2927 2696 dicitur
2968 2640 3206 2707 Villaris,
3251 2657 3379 2696 cum
3409 2642 3673 2697 omnibus

2085 2731 2420 2801 appendiciis
2443 2732 2575 2797 suis,
2604 2738 2865 2800 quantum
2898 2731 3013 2800 ipse
3040 2732 3292 2801 praesenti
3320 2739 3567 2802 tempore
3601 2734 3673 2787 ad

2084 2836 2241 2876 suum
2276 2835 2412 2891 opus
2449 2820 2556 2876 illic
2594 2820 2800 2884 habuit,
2847 2821 2932 2877 vel
2973 2822 3231 2891 quidquid
3286 2823 3536 2878 homines
3573 2840 3675 2894 per

2083 2913 2331 2984 precaria
2356 2913 2442 2969 vel
2468 2912 2730 2969 beneﬁcia
2758 2913 2902 2969 illius
2932 2923 3140 2979 tenent,
3169 2922 3225 2970 et
3247 2914 3356 2970 illic
3390 2916 3671 2985 pertinere

2082 3004 2318 3059 videtur.
2348 3003 2608 3068 Tertiam,
2657 3018 2778 3073 quae
2816 3011 3043 3059 vocatur
3086 3003 3365 3058 Matriolas
3394 3003 3672 3075 (Marolles

401 3103 554 3149 retur
578 3094 931 3159 monasticus,
962 3093 1231 3163 stipendia
1250 3106 1438 3147 eorum
1468 3107 1588 3161 quae
1616 3092 1897 3147 annuatim
1925 3092 1979 3146 in
2006 3095 2051 3158 C
2082 3095 2198 3164 prés
2228 3092 2582 3165 Montereau),
2628 3109 2753 3148 cum
2793 3094 2941 3148 omni
2991 3094 3304 3164 integritate
3338 3110 3459 3148 sua.
3500 3094 3671 3160 Quar-

370 3188 524 3243 ‘cibo
549 3195 605 3242 et
631 3198 760 3257 potu
806 3186 1053 3256 accipere
1082 3185 1367 3250 debebant,
1406 3198 1616 3239 necnon
1642 3192 1697 3238 et
1714 3184 1978 3254 quasdam

400 3278 580 3343 villas,
610 3277 917 3347 specialiter
953 3276 1371 3332 necessitatibus
1410 3274 1624 3329 illorum
1663 3275 1977 3330 deservien-

400 3370 523 3435 das,
555 3368 929 3423 constituisset
972 3383 1036 3421 ac
1082 3368 1412 3436 deputasset,
1448 3373 1611 3435 atque
1638 3380 1739 3435 per
1767 3365 1979 3420 littera-

400 3476 522 3516 rum
545 3458 745 3515 seriem
767 3467 824 3514 et
841 3458 1144 3530 largitionis
1166 3473 1278 3513 suae
1299 3458 1567 3522 chartam,
1602 3471 1697 3511 sua
1725 3456 1981 3511 aliorum-

400 3566 508 3622 que
555 3552 822 3606 bonorum
866 3549 1144 3606 hominum
1193 3546 1443 3603 manibus
1498 3546 1840 3610 roboratam,
1902 3546 1982 3601 eis

401 3642 763 3699 concessisset
811 3656 877 3696 ac
919 3640 1221 3713 delegasset
1257 3658 1271 3693 :
1320 3646 1588 3710 quatenus
1627 3637 1776 3693 nulla
1825 3653 1982 3694 occa-

400 3734 578 3798 sibue,
627 3748 729 3788 nec
768 3732 847 3788 rei
886 3731 1113 3803 publieae
1152 3730 1392 3793 servitio,
1439 3729 1728 3799 quisquam
1754 3744 1821 3783 ex
1855 3744 1980 3785 suc-

402 3827 717 3884 cessoribus
743 3827 857 3883 suis
885 3826 1329 3896 impedimentum
1359 3824 1412 3879 in
1445 3822 1627 3878 futuro
1661 3822 1862 3879 inferre
1886 3839 1984 3893 po—

404 3920 617 3985 tuisset,
644 3923 762 3989 'pro
802 3934 914 3989 quo
943 3934 974 3972 a
1012 3918 1101 3973 via
1144 3915 1486 3972 rectitudinis
1523 3922 1579 3970 et
1603 3914 1984 3971 observatione

403 4012 639 4083 regulari
680 4012 941 4067 oberrare
984 4024 1208 4065 necesse
1247 4017 1432 4064 esset:
1462 4007 1556 4063 sed
1582 4006 1853 4078 deputatis
1878 4007 1981 4063 sibi

403 4105 565 4162 rebus
591 4112 646 4160 et
678 4104 960 4175 stipendiis
997 4101 1257 4166 contenti,
1307 4101 1511 4170 absque
1556 4099 1881 4154 necessitate
1929 4106 1985 4155 et

404 4196 603 4267 inopia,
636 4195 934 4267 regularem
979 4206 1224 4247 normam
1262 4197 1471 4252 tenere,
1499 4196 1555 4243 et
1578 4188 1695 4244 sine
1726 4188 1984 4258 praevari-

403 4288 638 4351 catione,
667 4295 930 4356 quantum
956 4286 1190 4340 humana
1215 4282 1345 4337 sinit
1371 4280 1655 4352 fragilitas,
1682 4280 1983 4337 observare

406 4377 728 4447 quivissent.
758 4375 913 4431 Unde
952 4374 1229 4430 humiliter
1263 4372 1422 4444 petiit
1453 4387 1519 4428 ac
1552 4371 1846 4442 postulavit
1870 4371 1981 4428 cel-

2082 3193 2232 3252 tam,
2304 3199 2425 3255 qua;
2470 3194 2700 3241 vocatur
2748 3185 3085 3241 Cati-cantus
3130 3184 3437 3257 (Cachant).
3493 3187 3667 3254 Quiu-

2082 3283 2195 3329 tam
2221 3316 2237 3341 ,
2293 3274 2450 3343 cujus
2511 3276 2834 3332 vocabulum
2895 3285 2979 3333 est
3024 3275 3355 3349 Novigentus
3419 3276 3671 3349 (Negant

2082 3362 2383 3437 l‘Artaud),
2410 3381 2534 3421 cum
2566 3367 2714 3421 omni
2748 3367 3061 3437 integritate
3091 3383 3208 3423 sua.
3241 3367 3489 3434 Sextam,
3520 3369 3673 3439 cujus

2086 3456 2412 3511 vocabulum
2462 3465 2545 3512 est
2599 3456 2935 3529 Spinogilum
2981 3456 3334 3530 (Espigneul),
3387 3474 3511 3513 cum
3556 3459 3670 3528 ipsa

2087 3548 2317 3618 capella,
2361 3548 2446 3604 vel
2491 3550 2753 3621 quidquid
2800 3551 2927 3604 inde
2966 3550 3034 3604 ad
3078 3566 3238 3605 suum
3284 3565 3420 3621 Opus
3461 3550 3669 3605 habuit.

2087 3638 2409 3711 Septimam,
2436 3642 2710 3709 locellum,
2737 3644 2831 3713 qui
2857 3653 3081 3698 vocatur
3107 3643 3418 3699 Valedrouis
3446 3642 3669 3714 (Valen-

2084 3729 2220 3799 ton).
2272 3731 2572 3798 Octavam,
2623 3749 2743 3803 quae
2790 3733 2988 3789 dicitur
3031 3733 3331 3805 Agmantus
3366 3733 3670 3806 (Esmant),

2082 3837 2191 3876 una
2238 3838 2361 3878 cum
2410 3823 2528 3893 ipsa
2571 3824 2708 3879 silva
2755 3840 2877 3895 qua:
2917 3835 3144 3881 vocatur
3188 3826 3318 3883 Usta
3372 3826 3481 3900 [AL
3514 3826 3666 3893 Utta,

2087 3912 2253 3986 Oue].
2304 3913 2417 3970 Has
2460 3928 2591 3985 ergo
2621 3915 2778 3971 villas
2806 3932 2928 3971 cum
2962 3917 3297 3987 appendiciis
3327 3926 3383 3972 et
3411 3919 3671 3975 reditibus

2086 4004 2200 4060 suis
2228 4012 2289 4059 ut
2313 4006 2569 4071 diximus,
2609 4006 2677 4061 ad
2710 4021 2902 4062 omnes
2948 4006 3187 4075 ejusdem
3216 4010 3668 4080 congregationis,

2087 4104 2197 4150 tam
2237 4094 2577 4151 inﬁrmorum
2617 4111 2779 4166 quam
2816 4111 3038 4163 senum,
3079 4099 3436 4154 necessitates
3471 4098 3670 4153 faciem

2085 4187 2207 4254 das,
2238 4196 2293 4243 et
2322 4189 2688 4244 sustentacula
2732 4188 2979 4243 mortalis
3011 4190 3134 4245 vita:
3160 4189 3541 4255 ministranda,
3572 4191 3670 4244 im-

2088 4278 2281 4348 periali
2306 4278 2633 4333 auctoritate
2658 4286 2712 4333 et
2734 4278 3065 4347 indulgentia
3091 4295 3190 4351 per
3214 4280 3319 4335 hoc
3342 4290 3671 4351 przeceptnm

2088 4368 2517 4424 conﬁrmationis
2554 4376 2788 4435 nostrai,
2835 4369 2973 4424 sicut
3017 4369 3306 4439 praedictus
3349 4369 3673 4424 venerabilis

406 4468 699 4524 situdihem
723 4474 986 4532 nostram,
1018 4472 1080 4521 ut
1106 4480 1204 4536 pro
1231 4465 1308 4520 rei
1339 4462 1620 4527 ﬁrmitate,
1648 4478 1811 4533 super
1834 4478 1981 4517 eam—
2004 4468 2058 4528 D
2085 4462 2255 4517 abbas
2284 4462 2340 4518 in
2370 4477 2466 4516 sua
2496 4461 2750 4533 praedicta
2774 4462 3184 4529 constitutione,
3210 4461 3388 4516 stabili
3409 4459 3535 4528 jure
3562 4461 3664 4524 cis,

407 4560 531 4615 dem
560 4557 1001 4614 constitutionem
1030 4555 1371 4611 auctoritatis
1405 4561 1732 4624 przeceptum
1759 4560 1982 4617 nostraa,

403 4666 503 4722 pro
529 4650 710 4705 divino
741 4649 939 4703 intuitu
965 4664 1030 4703 ac
1054 4647 1294 4718 ipsorum
1322 4652 1634 4701 sanctorum
1658 4644 1983 4711 reverentia,

406 4743 523 4799 ﬁeri
542 4742 877 4812 juberemus,
905 4755 1002 4811 per
1032 4739 1173 4809 quod
1221 4739 1274 4792 in
1308 4744 1466 4793 antea
1495 4735 1704 4791 stabilis
1727 4742 1783 4790 et
1812 4735 1986 4791 invio-

406 4833 513 4887 lata
560 4839 922 4903 permaneret.
955 4828 1064 4884 Nos
1092 4843 1223 4882 vero
1255 4825 1503 4896 petitioni
1534 4824 1697 4891 illius,
1728 4824 1854 4895 quia
1890 4839 1987 4880 ne-

404 4924 641 4980 cessaria
667 4908 720 4979 et
748 4921 1084 4978 rationabilis
1106 4928 1246 4984 crat,
1276 4934 1465 4974 aurem
1488 4917 1983 4983 accommodantes,

405 5024 462 5072 et
484 5032 589 5088 qua
612 5016 889 5071 voluntate
930 5029 996 5068 ac
1032 5013 1242 5069 ratione
1280 5013 1408 5068 talia
1441 5010 1740 5068 clementi-aa
1781 5019 1984 5066 nostrte

407 5117 739 5183 suggereret,
788 5109 1076 5180 perspicue
1111 5106 1492 5177 intelligentes,
1541 5102 1707 5158 veluti
1745 5102 1986 5171 postula-

405 5209 594 5269 verat,
644 5200 762 5256 ﬁeri
813 5198 1262 5269 adjudicavimus.
1313 5196 1652 5264 Quapropter
1697 5193 1986 5247 statuimus

481 5351 505 5380 ιι
535 5334 754 5406 Imperii
777 5347 1033 5406 coronam
1059 5329 1316 5406 Lothario
1336 5322 1619 5406 Paschalis
1642 5336 1779 5406 papa
1804 5307 1991 5406 l‘lomae

407 5392 806 5488 imposuitipso
832 5402 1112 5459 Paschalis
1137 5401 1223 5457 die
1246 5416 1335 5455 an.
1365 5396 1492 5460 823,
1519 5400 1658 5449 teste
1686 5392 1992 5464 Eginhardo

409 5480 464 5530 in
488 5476 787 5530 Annalibus
837 5475 905 5530 ad
944 5473 1091 5529 hunc
1130 5485 1352 5526 annum.
1393 5466 1475 5521 Cl‘.
1519 5463 1713 5519 Annal.
1762 5462 1898 5516 Fnld
1938 5469 1995 5515 et

409 5480 464 5533 in
488 5477 787 5532 Annalibus
837 5477 905 5530 ad
944 5477 1091 5529 hunc
1130 5485 1352 5526 annum.
1393 5477 1475 5521 Cl.
1519 5477 1713 5519 Annal.
1766 5477 1898 5516 rum
1938 5477 1987 5515 et

410 5544 613 5604 Chron.
644 5545 873 5607 Saxon.,
920 5545 1057 5613 apud
1101 5543 1385 5613 Bouquet._,
1420 5537 1551 5613 lter.
1582 5533 1722 5590 Call.
1764 5531 1987 5613 δοτῆρι..

413 5625 544 5671 tom.
574 5618 660 5679 Vl,
688 5632 811 5686 pag.
844 5606 967 5677 1'85,
995 5613 1119 5686 298,
1151 5606 1276 5666 220.
1316 5606 1607 5686 Dicendum
1636 5619 1788 5686 ergo,
1815 5606 1989 5686 scrip:

416 5694 589 5740 torem
630 5672 936 5754 diplavmatis
954 5672 1195 5752 primum
1228 5696 1424 5736 annum
1455 5675 1695 5730 Lotharii
1730 5675 1781 5726 in
1815 5672 1986 5726 Natali

2085 4553 2435 4610 concedimus
2461 4568 2527 4608 ac
2553 4553 2937 4608 conﬁrmamus
2963 4572 2975 4607 :
3005 4553 3380 4623 prmcipientes
3408 4560 3470 4606 ut
3494 4550 3672 4605 nullus

2093 4645 2261 4700 abbas
2288 4659 2388 4714 per
2415 4646 2808 4709 successiones,
2849 4643 2994 4715 quod
3032 4643 3235 4699 salubri
3271 4644 3383 4714 egit
3417 4642 3669 4706 consilio,

2093 4722 2416 4792 subtrahere
2457 4743 2553 4790 aut
2592 4737 2836 4791 minuere
2883 4736 3100 4801 audeat,
3140 4743 3235 4789 aut
3275 4734 3339 4790 ad
3382 4749 3512 4789 suos
3543 4749 3670 4788 usus

2092 4833 2428 4894 retorqueat,
2456 4832 2551 4880 aut
2569 4826 2731 4880 alicui
2754 4826 2807 4880 in
2829 4823 3094 4880 beneﬁcio
3120 4825 3356 4879 tribuat:
3376 4825 3471 4879 sed
3498 4836 3671 4894 neque

2093 4917 2312 4972 servitia
2337 4933 2405 4972 ex
2430 4918 2509 4972 eis
2537 4925 2771 4984 exactet,
2818 4932 2993 4986 neque
3033 4915 3396 4988 paraveredos
3439 4924 3535 4969 aut
3572 4930 3670 4969 ex-

2092 5022 2291 5078 pensas
2333 5009 2401 5063 ad
2447 5008 2720 5079 hospitum
2770 5009 3140 5079 susceptiones
3178 5008 3443 5078 recipiat;
3496 5021 3672 5075 neque

2092 5097 2232 5154 ullas
2272 5098 2327 5153 in
2379 5096 2558 5168 aliqua
2607 5114 2668 5155 re
2714 5100 3026 5154 exactiones
3078 5098 3202 5153 inde
3246 5098 3428 5168 exigat
3465 5097 3675 5167 absque

2094 5190 2388 5245 inevitabili
2433 5192 2778 5255 necessitate,
2824 5199 3021 5261 praeter
3065 5206 3348 5245 mensuras
3382 5189 3436 5244 iu
3470 5187 3677 5261 princi-

2091 5321 2302 5376 Domini
2353 5330 2444 5376 aut
2491 5322 2745 5394 Kalendis
2787 5320 3029 5394 Januarii
3074 5322 3394 5394 abrupisse,
3439 5321 3672 5378 alterum

2089 5406 2219 5445 vero
2248 5409 2310 5446 ac
2339 5401 2629 5462 sequentes
2657 5393 2780 5447 inde
2806 5392 3110 5447 inchoasse.

2161 5461 2609 5534 bjjlmpera’torem
2651 5462 2755 5534 hoc
2791 5471 3033 5534 tempore
3084 5462 3413 5534 Aquisgrani
3464 5462 3672 5534 egisse.

2089 5530 2246 5603 facile
2292 5530 2562 5601 colligitur
2607 5547 2689 5603 ex,
2716 5530 3009 5603 Eginhardi
3059 5530 3281 5588 verbis?
3318 5530 3674 5590 «Conventus

2088 5602 2409 5671 Aquisgrani
2438 5618 2624 5657 mense
2655 5602 2813 5657 Febr.
2850 5602 3029 5661 factus
3056 5613 3157 5657 est.
3186 5624 3203 5655 ι
