3996 6178
367 275 500 330 1177

1500 278 1895 340 DIPLOMATA
1936 281 2494 340 ECCLESIASTICA.

3496 290 3633 350 1178

365 386 476 461 pali
521 389 747 446 ecclesia
790 389 937 448 beati
981 391 1260 459 Germani,
1301 399 1358 449 et
1403 392 1458 448 in
1497 402 1664 465 ponte
1699 394 1942 451 Parisius
1967 398 2019 457 Α
2045 392 2287 451 ferimus.
2311 394 2389 450 Ita
2410 394 2661 451 videlicet
2681 402 2741 450 ut
2766 396 3027 467 quidquid
3050 407 3295 456 rectores
3320 408 3378 456 et
3401 403 3636 459 ministri

367 481 526 553 longo
553 498 583 536 a
615 492 856 553 tempore
895 485 1188 557 dispositas
1218 504 1230 539 :
1262 494 1318 542 et
1354 486 1402 542 si
1445 488 1631 556 augeri
1676 487 1943 557 adiudica-

366 574 528 638 verit,
571 583 626 630 et
669 591 951 632 numerum
996 579 1391 634 monachorum
1436 581 1491 635 in
1531 581 1708 652 majus
1734 579 1940 652 augeri,

367 665 686 736 ampliﬁcari
735 670 963 739 pecunia
1004 671 1196 741 maiori
1242 672 1519 728 licentiam
1560 674 1777 730 habeat.
1817 672 1945 729 Haec

365 764 563 820 autem,
598 767 658 813 ut
683 747 959 829 putamus,
1010 761 1077 815 ad
1122 778 1254 817 usus
1296 771 1512 818 centum
1541 764 1733 834 viginti
1759 779 1946 819 mona-

364 847 591 903 chorum
629 848 902 905 sulﬁciunt
928 869 942 906 τ
971 851 1308 909 distrahendi
1338 863 1520 909 autem
1551 863 1646 909 aut
1666 854 1945 910 minuendi

366 952 477 1003 cas,
530 954 668 1009 quas
711 955 809 1010 pro
858 941 954 995 Dci
1004 944 1293 998 statuimus
1345 958 1549 1010 amore,
1605 959 1943 1015 nequaquam

366 1040 676 1098 praesumat.
716 1030 821 1086 Sed
847 1032 892 1087 si
922 1032 1100 1088 facere
1128 1035 1550 1105 praesumpserit,
1596 1044 1651 1090 et
1688 1044 1815 1104 post
1838 1035 1949 1089 dis-

367 1135 582 1176 cessum
646 1129 915 1177 nostrum‘
948 1123 1091 1178 hanc
1151 1134 1393 1179 nostram
1443 1124 1944 1190 conﬁrmationem,

367 1226 527 1280 quam
559 1226 720 1281 supra
763 1211 892 1267 dicti
932 1214 1257 1269 venerabilis
1285 1216 1387 1269 viri
1412 1214 1650 1270 IIilduini
1685 1215 1948 1270 constitu-

369 1303 572 1357 tionem
621 1301 870 1370 fecimus,
920 1304 1127 1360 violare
1171 1306 1438 1372 voluerit,
1479 1307 1697 1377 querela
1727 1305 1793 1359 ad
1827 1321 1950 1360 suc—

366 1408 612 1449 cessores
661 1403 901 1461 nostros,
950 1397 1041 1465 qui
1070 1404 1198 1452 tunc
1228 1398 1484 1467 temporis
1510 1399 1666 1454 nobis
1694 1396 1952 1468 supersti-

369 1500 455 1547 tes
502 1490 705 1546 fuerint
754 1492 1073 1558 devenerit,
1126 1493 1338 1564 ipsique
1387 1494 1568 1564 agnita
1626 1493 1949 1548 auctoritate

367 1590 556 1639 nostra
584 1591 785 1637 statuta
826 1592 1013 1638 nostra
1048 1582 1355 1649 defendant,
1388 1592 1445 1639 et
1469 1598 1580 1639 suae
1606 1582 1950 1639 auctoritatis

363 1682 635 1746 praecepto
680 1673 1007 1729 conﬁrment
1046 1693 1059 1727 :
1097 1674 1330 1744 qualiter
1378 1674 1576 1730 futuris
1616 1673 1949 1744 temporibus

366 1763 585 1829 fratres,
620 1763 675 1817 in
702 1764 954 1820 coenobio
999 1780 1164 1835 supra
1204 1765 1349 1821 dicto
1395 1765 1633 1836 regulam
1673 1764 1819 1819 beati
1846 1763 1949 1819 Be-
1975 1749 2024 1808 Β

365 1856 564 1912 nedicti
590 1865 891 1922 servantes,
935 1858 1141 1929 absque
1174 1859 1584 1928 perturbatione
1624 1858 1795 1914 libere
1835 1858 1947 1913 Deo

370 1949 643 2006 deservire
673 1957 893 2018 queant,
927 1949 1192 2019 nobisque
1220 1964 1432 2005 merces
1453 1949 1650 2005 exinde
1677 1949 1733 2003 in
1758 1964 1950 2020 perpe-

368 2052 459 2099 tua
484 2052 926 2114 recompensetur
953 2044 1275 2100 aeternitate.
1306 2043 1376 2098 Et
1405 2051 1462 2098 ut
1487 2043 1603 2098 haec
1628 2042 1948 2108 auctoritas,

364 2148 526 2205 quam
551 2134 622 2190 ob
649 2150 893 2190 amorem
931 2134 1027 2190 Dei
1068 2143 1124 2189 et
1166 2136 1362 2189 animae
1405 2142 1606 2191 nostrae
1649 2134 1950 2190 remedium

366 2226 677 2290 statuimus,
720 2223 1019 2279 ﬁrmiorem
1047 2225 1290 2280 obtineat
1319 2225 1584 2295 vigorem,
1610 2233 1666 2279 et
1693 2225 1950 2295 deinceps

364 2315 681 2372 inconvulsa
730 2315 909 2370 valeat
956 2316 1272 2385 perdurare,
1327 2331 1522 2370 manus
1572 2322 1773 2370 nostrae
1822 2314 1951 2370 sub-

364 2404 660 2474 scriptione
685 2419 809 2458 eam
838 2405 1026 2460 subter
1061 2404 1415 2472 ﬁrmavimus,
1450 2417 1504 2459 et
1532 2403 1732 2459 annulo
1763 2412 1949 2459 nostro

366 2493 594 2565 sigillari
616 2492 899 2563 iussimus.

439 2587 574 2642 Data
612 2586 791 2645 idibus
823 2585 1090 2652 Januarii,
1119 2602 1262 2642 anno
1293 2585 1509 2640 Christo
1534 2584 1769 2656 propitio
1792 2592 1949 2639 sexto

365 2678 579 2736 decimo
602 2678 813 2749 imperii
839 2679 1023 2734 domni
1053 2678 1310 2734 Ludovici
1338 2676 1670 2732 serenissimi
1694 2674 1947 2745 Augusti,

367 2766 661 2823 indictione
705 2767 953 2836 septima.
986 2767 1183 2823 Actum
1213 2765 1540 2838 Aquisgrani
1570 2764 1769 2836 palatio
1799 2764 1949 2837 regio

366 2856 423 2913 in
449 2856 546 2914 Dei
573 2858 793 2914 nomine
825 2857 1073 2914 feliciter.
1101 2857 1297 2913 Amen.

1049 2948 1274 3005 CXLVI.

761 3055 864 3097 PRO
899 3056 1234 3096 IONASTERIO
1270 3055 1541 3095 FARFENSI.

985 3134 1157 3204 (Anno
1188 3134 1339 3207 829.)

975 3223 1187 3296 Script._
1214 3224 1340 3296 Rer.
1386 3222 1621 3292 Franc.,
1673 3234 1802 3281 tom.
1850 3224 1952 3291 III,

1010 3293 1133 3380 pag.
1163 3293 1314 3367 658.}

437 3387 742 3443 Ludovicus
786 3394 842 3442 et
881 3385 1176 3442 Lotharius
1222 3386 1404 3442 divina
1446 3387 1733 3443 ordinante
1774 3384 1955 3456 provi-

368 3480 548 3535 dentia
574 3480 929 3548 imperatores
957 3478 1206 3549 Augusti.

436 3568 568 3626 Cum
598 3569 731 3625 locis
758 3569 940 3623 divino
975 3567 1141 3621 cultui
1171 3568 1492 3637 mancipatis
1521 3567 1824 3637 largitionis
1851 3581 1951 3621 no-

366 3669 494 3716 strae
530 3673 752 3714 munere
777 3656 1055 3725 quidpiam
1087 3654 1439 3720 conferimus,
1468 3656 1521 3709 id
1548 3656 1703 3708 nobis
1739 3654 1807 3708 ad
1838 3664 1952 3708 sta-

365 3749 629 3806 bilitatem
658 3744 867 3814 imperii
899 3745 1088 3806 nostri,
1116 3752 1171 3797 et
1193 3744 1260 3797 ad
1284 3753 1503 3798 aeterna:
1526 3744 1651 3798 vitae
1671 3744 1953 3812 praemium

366 3835 757 3908 capessendum
786 3832 1131 3903 profuturum
1163 3833 1367 3903 liquido
1402 3835 1694 3889 credimus.
1721 3834 1955 3890 Proinde

366 3938 556 3985 notum
594 3941 714 3981 esse
753 3926 1002 3981 volumus
1040 3920 1293 3981 omniunf
1328 3925 1562 3981 ﬁdelium
1608 3936 1949 3991 nostrorum,

362 4021 716 4095 praesentium
762 4020 970 4076 scilicet
1007 4031 1062 4077 et
1105 4021 1430 4089 futurorum,
1477 4023 1779 4093 sagaeitati,
1825 4023 1955 4093 quia

366 4094 468 4170 nos
494 4128 728 4183 superno
759 4128 944 4168 amore
969 4094 1203 4180 accensi,
1236 4129 1334 4184 pro
1367 4115 1604 4170 remedio
1638 4115 1828 4170 animae
1858 4131 1955 4172 no-

367 4213 496 4261 stra:
528 4204 874 4261 concedimus
910 4205 1179 4274 quoddam
1215 4206 1659 4261 monasteriolum
1695 4205 1860 4261 situm
1898 4205 1954 4262 in

368 4296 567 4354 ﬁnibus
591 4298 828 4353 Teatinae
849 4299 963 4353 sive
988 4299 1279 4363 Vocitanae,
1312 4299 1366 4353 in
1392 4299 1513 4355 loco
1541 4300 1693 4371 cujus
1720 4301 1956 4355 vocabu-

368 4388 482 4443 lum
509 4398 594 4444 est
630 4389 867 4453 Lucana,
902 4396 957 4444 et
992 4397 1362 4444 constructum
1394 4389 1449 4443 in
1490 4391 1750 4445 honorem
1778 4391 1951 4445 sancti

366 3223 378 3294 Ι
404 3225 554 3293 Apud
595 3223 890 3280 Chesnium
908 3264 923 3290 ,

372 4479 633 4551 Stephani
678 4482 1123 4552 protomartyris,
1172 4482 1271 4536 sub
1313 4482 1459 4536 omni
1508 4483 1837 4553 integritate,
1885 4455 2031 4537 adD

368 4572 753 4626 monasterium
782 4580 1026 4627 nostrum
1049 4582 1251 4626 sanctae
1269 4572 1452 4645 Mariae
1475 4589 1690 4645 semper
1708 4575 1950 4645 virginis,

369 4662 514 4732 quod
547 4669 632 4717 est
668 4663 831 4717 silum
866 4663 921 4718 in
960 4679 1095 4734 pago
1136 4663 1443 4733 Sabincnsi,
1483 4668 1576 4723 ubi
1613 4668 1666 4722 in
1699 4668 1954 4738 praesenti

371 4760 612 4822 tempore
649 4751 931 4825 Ingualdus
972 4754 1140 4809 abbas
1177 4771 1410 4825 praeesse
1447 4756 1798 4827 dignoscitur.
1844 4756 1956 4812 Mo-

371 4844 722 4901 nasteriolum
749 4862 878 4900 vero
902 4846 1269 4915 supradictum
1299 4862 1421 4902 cum
1446 4847 1591 4901 omni
1623 4847 1952 4918 integritate,

370 4953 495 4992 cum
523 4938 792 5005 ecclesiis,
822 4938 1045 5004 cellulis,
1078 4937 1389 5004 territoriis,
1420 4938 1681 5002 aediﬁciis,
1713 4937 1952 5005 familiis,

363 5027 509 5097 iuste
544 5031 960 5100 pertinentibus,
998 5030 1161 5096 casis,
1199 5030 1590 5095 amassariciis,
1638 5030 1950 5092 aldiariciis,

371 5123 743 5189 bouillicariis,
775 5125 1110 5190 vaccariciis,
1148 5124 1372 5195 Alpibus
1408 5123 1577 5191 Caiis,
1610 5123 1951 5187 molendinis,

374 5218 544 5288 aquis,
583 5217 920 5282 decursibus,
958 5218 1199 5286 pascuis,
1234 5217 1541 5286 paludibus,
1571 5217 1657 5272 vel
1696 5216 1952 5287 quidquid

368 5312 623 5383 praesenti
661 5318 901 5380 tempore
934 5308 1083 5378 iuste
1115 5319 1172 5365 et
1198 5309 1442 5382 legaliter
1470 5312 1741 5382 pertinere
1768 5311 1953 5381 digno-

369 5403 561 5466 scitur,
606 5409 663 5455 et
701 5400 872 5454 nostri
906 5398 1046 5469 juris
1089 5408 1248 5470 atque
1275 5402 1634 5471 possessionis
1677 5400 1795 5469 iure
1837 5415 1956 5470 pro-

368 5490 616 5561 prietatis
641 5497 744 5553 est,
769 5496 940 5543 totum
966 5496 1022 5542 et
1045 5488 1115 5543 ad
1138 5489 1523 5560 integritatem,
1552 5489 1635 5543 vel
1664 5490 1955 5557 inexquisi—

370 5591 506 5645 tum,
548 5582 808 5654 praedicto
836 5581 1165 5635 monasterio
1205 5581 1415 5638 Sanctae
1451 5582 1631 5636 Maria:
1667 5581 1950 5642 tradimus,

369 5682 419 5729 et
452 5674 517 5730 dc
538 5684 723 5751 ngstro
744 5672 860 5741 iure
892 5670 943 5728 in
965 5671 1054 5739 jus
1080 5683 1127 5725 cl
1159 5674 1577 5729 dominationem
1607 5672 1748 5726 illius
1778 5681 1950 5726 trans-

2040 486 2284 557 praedicti
2312 486 2629 542 monasterii
2657 498 2858 544 sanctae
2881 488 3064 545 Mariae
3088 506 3303 563 semper
3319 494 3551 565 virginis
3569 496 3638 551 de

2044 578 2356 647 supradicto
2403 579 2734 634 monasterio
2781 577 2968 635 Sancti
3024 580 3284 651 Stephani
3340 585 3641 641 secundum

2044 667 2427 723 auctoritatem
2466 667 2782 723 canonicam
2813 684 2877 725 ac
2907 669 3211 741 regularem
3240 671 3454 740 facere,
3486 675 3637 730 ordi-

2044 772 2177 812 nare
2203 773 2268 813 ac
2297 758 2584 830 disponere
2614 761 2919 827 voluerint,
2954 762 3124 818 libero
3157 764 3212 818 in
3250 765 3503 820 omnibus
3535 780 3636 837 po-

2045 849 2252 903 tiantur
2293 851 2520 906 arbitrio
2563 851 2799 907 faciendi
2840 854 3101 925 quidquid
3142 855 3424 926 elegerint.
3470 857 3539 910 Et
3580 864 3639 912 ut

2046 941 2163 997 haec
2198 944 2495 999 auctoritas
2521 944 2826 1016 largitionis
2862 953 3061 1001 nostrae
3104 946 3314 1002 ﬁrmior
3349 947 3636 1013 habeatur,

2046 1040 2104 1088 et
2140 1048 2237 1104 per
2266 1033 2447 1089 futura
2486 1044 2730 1107 tempora
2768 1038 2960 1094 melius
2988 1048 3358 1107 conservetur,
3388 1042 3640 1097 manibus

2045 1126 2282 1194 propriis
2320 1128 2846 1183 subterﬁrmavimus
2884 1137 2939 1184 et
2976 1130 3159 1184 annuli
3202 1131 3375 1186 nostri
3414 1131 3642 1201 impres-

2050 1216 2203 1271 sione
2233 1218 2499 1288 assignari
2522 1215 2804 1285 iussimus.

2118 1306 2405 1362 Durandus
2426 1307 2684 1362 diaconus
2697 1308 2764 1363 ad
2778 1307 2952 1364 vicem
2978 1307 3281 1381 Frigdugisi
3303 1311 3638 1381 recognovit.

2118 1397 2240 1452 Dat.
2267 1414 2302 1451 χ
2331 1397 2558 1452 Kalend.
2593 1396 2752 1466 Julii,
2787 1415 2929 1455 anno
2960 1399 3027 1454 15
3054 1401 3265 1471 imperii
3300 1401 3503 1456 domini
3540 1401 3644 1456 Lu-

2047 1486 2224 1543 dovici
2261 1496 2317 1543 et
2353 1486 2594 1543 Lotharii
2636 1490 2690 1555 7,
2734 1490 2924 1545 indict.
2973 1491 3026 1544 7.
3072 1491 3268 1546 Actum
3313 1490 3642 1562 Aquisgrani

2049 1578 2249 1646 palatio
2275 1579 2425 1650 regio
2455 1579 2510 1633 in
2537 1579 2632 1634 Dei
2661 1581 2881 1635 nomine
2908 1580 3159 1638 feliciter.
3188 1581 3383 1638 Amen.

2710 1670 2968 1728 CXLVII.

2262 1778 2363 1820 PRO
2400 1778 2732 1821 FLODEGARIO
2770 1783 3131 1823 ANDEGAVENSI
3166 1783 3435 1827 EPISCOPO.

2662 1854 2836 1923 (Anna
2873 1854 3024 1927 829.)

2288 1943 2518 2016 [Baluz.,
2550 1943 2806 2015 ϐαρεῖαι,
2839 1953 2970 2000 tom.
3000 1944 3074 2011 II,
3104 1962 3228 2017 pag.
3257 1945 3408 2020 829.]

2121 2037 2180 2093 In
2220 2040 2439 2095 nomine
2476 2038 2693 2095 Domini
2738 2040 2831 2095 Dei
2871 2049 2927 2097 et
2967 2040 3266 2097 Salvatoris
3306 2044 3474 2098 nostri
3518 2042 3645 2100 .lesu

2049 2130 2285 2198 Christi,
2329 2131 2637 2189 Ludovicus
2680 2140 2736 2189 et
2776 2131 3104 2198 Lotharius,
3147 2133 3327 2189 divina
3364 2134 3649 2190 ordinante

2049 2221 2411 2292 providentia,
2444 2224 2803 2295 imperatores
2827 2222 3075 2295 Augusti.

2123 2309 2183 2367 Si
2214 2327 2279 2367 ea
2306 2327 2424 2381 quae
2453 2314 2638 2369 ﬁdeles
2663 2314 2879 2385 imperii
2902 2314 3072 2370 nostri
3109 2329 3212 2384 pro
3239 2329 3425 2371 eorum
3459 2331 3649 2386 oppor-

2050 2402 2376 2457 tunitatibus
2423 2403 2565 2459 inter
2606 2419 2665 2459 se
2712 2404 3168 2458 commutaverint
3212 2405 3418 2460 nostris
3457 2407 3662 2461 eonﬁr-

2050 2505 2264 2548 mamus
2302 2493 2527 2561 edictis,
2570 2494 2909 2564 imperialem
2950 2509 3268 2550 exercemus
3309 2498 3660 2553 οοηειιθιιιὼ-

2050 2598 2198 2647 nem,
2220 2591 2275 2639 et
2294 2584 2398 2663 hoc
2413 2584 2465 2639 in
2488 2583 2833 2654 postmodum
2849 2582 2973 2651 iure
2998 2583 3310 2640 ﬁrmissimo
3335 2600 3646 2641 mansurum

2050 2688 2173 2730 esse
2209 2674 2477 2731 volumus.
2514 2674 2722 2731 Idcirco
2754 2677 2968 2730 noverit
3008 2676 3251 2746 omnium
3286 2676 3524 2732 ﬁdelium
3558 2694 3651 2732 no-

2050 2772 2291 2820 strorum
2317 2766 2670 2835 praesentium
2699 2766 2909 2821 scilicet
2945 2774 2999 2821 et
3027 2768 3339 2823 futurorum
3383 2767 3650 2822 industria

2050 2857 2179 2929 quia
2209 2856 2437 2913 dilectus
2467 2856 2607 2912 ﬁlius
2642 2860 2829 2912 noster
2863 2857 3139 2928 Augustus
3173 2856 3467 2912 Lotharius
3496 2858 3652 2914 inno-

2052 2950 2157 3003 tuit
2184 2948 2581 3003 mansuetudini
2614 2956 2816 3003 nostrae
2841 2948 2987 3019 quod
3014 2947 3366 3019 Flodcgarius
3399 2948 3650 3021 Andcga-

2054 3041 2239 3097 vensis
2258 3039 2412 3095 urbis
2432 3041 2715 3111 episcOpus
2738 3056 2838 3113 pro
2864 3041 3140 3097 communi
3171 3041 3402 3096 utilitate
3426 3052 3481 3096 et
3502 3057 3655 3098 com-

1980 3103 2026 3166 δ
2057 3132 2255 3203 pendio
2282 3103 2592 3201 nuperrime
2615 3103 2681 3187 de
2707 3103 3033 3203 quibusdam
3059 3131 3347 3202 mancipiis
3368 3147 3491 3187 cum
3519 3148 3654 3203 quo-

2055 3224 2177 3281 dam
2237 3225 2456 3280 homine
2509 3225 2726 3281 nomine
2781 3225 3118 3282 Winnerado
3172 3228 3653 3283 commutationem

2054 3312 2291 3371 fecisset.
2322 3315 2479 3370 Dedit
2508 3315 2673 3387 igitur
2697 3316 3044 3386 praescriptus
3072 3316 3151 3371 vir
3181 3317 3507 3373 venerabilis
3530 3317 3654 3375 Flo-

2054 3406 2328 3475 degarius,
2357 3405 2761 3477 Andegavensis
2793 3407 2944 3462 urbis
2971 3407 3276 3480 episc0pus,
3304 3410 3526 3480 paribus
3554 3426 3654 3465 sae-

2052 3498 2257 3567 pedicti
2300 3498 2619 3553 Winneradi
2669 3498 2735 3553 de
2781 3499 2993 3552 ratione
3041 3500 3282 3555 ecclesiae
3328 3516 3438 3556 suae
3478 3502 3651 3558 sancti

2055 3589 2299 3645 Mauricii
2338 3590 2405 3645 de
2438 3589 2564 3645 villa
2602 3597 2914 3658 nuncupata
2946 3589 3378 3654 Chamberliaco,
3418 3592 3471 3645 in
3512 3592 3648 3661 ipsa,

2055 3693 2179 3732 cum
2209 3692 2478 3733 consensu
2510 3676 2703 3741 Bertae,
2736 3692 2857 3745 quae
2886 3678 3059 3747 ipsam
3091 3676 3275 3732 villam
3304 3678 3358 3732 in
3386 3681 3653 3737 beneﬁcio

2054 3770 2256 3826 habere
2275 3770 2512 3835 videtur,
2532 3771 2861 3839 mancipium
2885 3769 3104 3825 nomine
3125 3770 3381 3825 Aradium
3405 3773 3471 3828 ad
3494 3789 3650 3829 suum

2053 3861 2333 3931 proprium
2363 3859 2692 3915 habendum.
2730 3850 2796 3914 Et
2831 3876 2862 3914 c
2898 3867 3086 3913 contra
3123 3859 3176 3915 in
3212 3864 3651 3931 compensatione

2053 3949 2213 4020 huius
2246 3951 2324 4006 rei
2347 3950 2495 4006 dedit
2518 3949 2630 4019 iam
2666 3950 2843 4005 dictus
2863 3949 3231 4006 Winneradus
3251 3953 3509 4020 praedicto
3534 3955 3650 4011 viro

2053 4041 2350 4097 venerabili
2374 4040 2693 4113 Flodegario
2715 4042 2968 4112 episcopo
2997 4043 3062 4104 ad
3084 4050 3294 4112 partem
3320 4045 3652 4114 praescripta:

2054 4132 2196 4187 villae
2223 4130 2308 4189 vel
2335 4133 2566 4188 dominae
2602 4131 2808 4198 Bertae,
2840 4147 2961 4202 Quae
2987 4133 3177 4188 eodem
3205 4142 3448 4205 tempore
3477 4134 3649 4205 ipsam

2056 4221 2239 4275 villam
2284 4221 2340 4276 in
2382 4218 2647 4276 beneﬁcio
2686 4219 2887 4276 habere
2912 4221 3147 4287 videtur,
3175 4222 3242 4278 de
3284 4224 3506 4293 proprio
3551 4241 3649 4279 suo

2055 4311 2327 4382 mancipia
2359 4311 2465 4366 duo
2494 4310 2581 4366 his
2613 4311 2923 4366 nominibus
2947 4311 3261 4368 Restaldum
3292 4321 3347 4368 et
3375 4313 3648 4369 Ermenal-

2057 4401 2205 4456 dum.
2246 4400 2399 4456 Unde
2435 4408 2490 4456 et
2518 4401 2652 4456 duas
2680 4403 3129 4459 commutationes
3161 4405 3278 4473 pari
3310 4413 3497 4462 tenore
3525 4421 3649 4461 con-

2058 4492 2290 4563 scriptas
2302 4493 2657 4563 manibusque
2666 4492 2929 4548 bonorum
2941 4492 3221 4550 hominum
3239 4497 3516 4553 roboratas
3528 4498 3648 4552 illos

2057 4598 2169 4654 prae
2188 4584 2440 4639 manibus
2463 4584 2662 4639 habere
2675 4585 2951 4655 professus
2971 4594 3075 4640 est.
3100 4583 3208 4641 Sed
3226 4602 3324 4657 pro
3340 4588 3545 4658 integra
3563 4588 3647 4642 ﬁr-

2059 4674 2250 4731 mitate
2286 4676 2444 4745 petiit
2478 4685 2535 4731 ut
2567 4677 2713 4746 ipsas
2739 4677 3189 4733 commutationes
3216 4678 3391 4733 denuo
3424 4694 3522 4749 per
3555 4696 3646 4735 no-

2057 4772 2185 4821 strae
2229 4768 2659 4823 mansuetudinis
2691 4777 3017 4840 praeceptum
3060 4770 3272 4839 plenius
3304 4772 3647 4841 conﬁrmare:

2059 4872 2200 4913 mus.
2222 4856 2319 4913 Cui
2347 4858 2593 4929 petitioni
2624 4860 2885 4931 denegare
2912 4860 3213 4927 noluimus;
3243 4861 3337 4917 sed
3364 4862 3503 4918 sicut
3531 4865 3646 4918 uni-

2056 4948 2250 5017 cuique
2288 4947 2524 5003 ﬁdelium
2564 4959 2870 5005 nostrorum
2907 4951 3051 5020 iuste
3088 4954 3408 5022 petentium,
3442 4956 3512 5009 ita
3545 4971 3644 5011 nos

2058 5039 2133 5094 illi
2157 5039 2486 5095 concessisse
2515 5047 2571 5095 et
2591 5040 2942 5097 conﬁrmasse
2966 5042 3017 5095 in
3043 5043 3292 5098 omnibus
3313 5046 3640 5115 cognoscite.

2055 5132 2440 5203 Praecipientes
2464 5148 2593 5204 ergo
2618 5133 2870 5203 iubemus
2897 5142 2955 5187 ut
2975 5135 3233 5204 quidquid
3263 5151 3391 5205 pars
3409 5137 3554 5207 iuste
3586 5148 3643 5191 et

2054 5224 2450 5280 rationabiliter
2472 5223 2625 5278 alteri
2656 5223 2884 5279 contulit
2909 5224 3069 5293 parti,
3101 5225 3354 5295 deinceps
3379 5241 3478 5297 per
3501 5226 3641 5281 hanc

2056 5324 2297 5370 nostram
2326 5314 2702 5369 auctoritatem
2747 5311 2864 5380 iure
2902 5313 3212 5368 ﬁrmissimo
3255 5322 3437 5370 teneat
3478 5326 3641 5386 atque

2053 5404 2355 5474 possideat,
2388 5411 2442 5458 et
2479 5402 2645 5457 faciat
2680 5403 2875 5455 exinde
2909 5402 3167 5472 quidquid
3206 5404 3445 5474 elegerit.
3480 5405 3546 5461 Et
3579 5415 3639 5460 ut

2053 5492 2168 5545 haec
2192 5493 2487 5547 auctoritas
2514 5502 2700 5545 nostra
2732 5491 2940 5547 firmior
2969 5494 3233 5549 habeatur
3252 5505 3306 5548 et
3330 5509 3428 5566 per
3458 5495 3637 5552 futura

2054 5593 2293 5650 tempora
2331 5581 2522 5635 melius
2557 5592 2931 5647 conservetur,
2967 5584 3033 5636 dc
3069 5586 3267 5642 annulo
3299 5594 3481 5643 nostro
3511 5588 3639 5642 svb~

2052 5681 2133 5727 tcr
2168 5672 2387 5738 sigillati
2422 5673 2693 5737 iussimus.
