3996 6178
491 379 713 448 Signum
743 375 995 432 Ludovici
1021 372 1354 430 serenissimi
1383 372 1742 442 imperatoris.

490 468 814 542 Meginarius
843 469 1086 524 notarius
1113 468 1181 522 ad
1215 467 1391 521 vicem
1420 465 1706 536 Fridugusi
1732 483 1992 538 recogno-

419 561 496 614 vit
519 568 573 615 et
601 559 935 629 subscripsit.

489 652 620 704 Data
660 666 712 704 vi
754 650 1134 706 Kalendas.....
1185 666 1328 704 anno
1385 649 1602 706 Christo
1657 651 1890 722 propitio
1928 652 1995 706 15

417 742 626 811 imperii
656 741 908 797 Ludovici
941 744 1270 798 screnissimi
1300 744 1641 813 imperatoris
1665 754 1717 799 et
1753 744 1994 800 Lotharii

419 831 469 895 7,
500 831 793 886 indictione
819 832 870 886 7.
914 832 1107 887 Actum
1149 833 1472 905 Aquisgrani
1512 836 1714 905 palatio
1748 837 1896 908 regio
1939 837 1992 890 in

416 926 509 981 Dei
539 927 756 982 nomine
781 926 1028 982 feliciter.
1060 928 1251 982 Amen.

416 1103 515 1142 νιιο
567 1103 900 1146 MONASTERIO
948 1107 992 1145 S.
1039 1107 1263 1145 ANDREE
1319 1109 1635 1148 JUREDENSIS
1672 1111 1724 1148 IN
1765 1110 1992 1151 DKECESI

1045 1178 1332 1216 BELENENSI
1342 1202 1354 1214 .

916 1227 1090 1303 (Circa
1112 1248 1316 1303 annum
1344 1231 1494 1303 8'29.)

417 1295 593 1366 [Apud
619 1296 684 1352 D.
716 1295 1002 1370 Bouquet.,
1051 1301 1200 1364 ibid.,
1249 1316 1314 1354 ex
1364 1295 1599 1370 Append.
1647 1304 1716 1356 ad
1757 1303 1992 1358 Marcum

909 1369 1134 1439 Hispan.
1156 1410 1170 1433 ,
1204 1371 1306 1424 col.
1340 1369 1490 1443 77757.]

483 1455 540 1509 ln
573 1457 788 1512 nomine
835 1458 1045 1512 Domini
1079 1459 1173 1513 Dei
1210 1469 1264 1514 et
1294 1461 1594 1516 Salvatoris
1639 1463 1811 1517 nostri
1861 1463 1992 1518 Jesu

411 1546 632 1612 Christi,
664 1547 968 1604 Ludovicus
998 1551 1179 1606 divina
1216 1552 1497 1608 ordinante
1529 1555 1829 1624 providenti
1842 1572 1863 1608 ,ι
1892 1557 1990 1610 im-

411 1645 628 1705 perator
651 1638 942 1709 Augustus.

1552 259 1877 316 LUDOVICI
1913 261 1931 316 1
1971 261 2438 320 COGNOMENTO
2473 263 2559 319 Ρη

2023 383 2075 442 Α
2099 373 2236 428 senti
2279 382 2518 443 tempore
2560 374 2977 444 pertinentibus,
3007 376 3187 445 quiete
3229 375 3414 433 vivere
3442 393 3506 433 ac
3537 381 3668 435 resi-

3535 273 3667 329 “80

2094 463 2242 528 dere,
2274 473 2329 519 et
2352 479 2450 534 pro
2500 463 2674 528 nobis,
2714 463 2938 534 conjuge
2979 467 3231 536 proleque
3281 477 3467 523 nostra
3507 478 3671 540 atque

2093 570 2192 625 pro
2220 556 2511 611 stabilitate
2541 558 2704 610 totius
2734 555 2946 626 imperii
2985 557 3178 622 nostri,
3203 574 3305 612 una
3328 574 3454 614 cum
3483 575 3672 615 mona-

2093 649 2211 704 chis
2255 665 2441 704 eorum
2469 648 2682 704 Domini
2721 650 3151 706 misericordiam
3181 649 3382 724 iugiter
3419 668 3666 710 exorare.

2093 741 2159 795 Et
2185 742 2612 812 quandocunque
2637 742 2819 796 divina
2845 743 3126 797 vocatione
3147 751 3476 798 memoratus
3502 745 3668 802 abbas

2092 830 2315 901 ejusque
2343 845 2684 886 successores
2710 833 2776 886 de
2800 833 2906 886 hac
2938 832 3060 887 luce
3096 834 3466 904 migraverint,
3498 851 3667 906 quan-

2091 922 2182 975 diu
2222 923 2363 975 inter
2391 937 2449 976 se
2479 921 2612 977 tales
2635 922 2877 976 invenire
2908 924 3207 992 potuerint,
3244 924 3338 993 qui
3362 940 3455 980 eos
3481 942 3671 981 secun-

2091 1011 2217 1065 dum
2265 1011 2506 1081 regulam
2554 1012 2724 1066 sancti
2775 1012 3052 1068 Benedicti
3101 1029 3291 1085 regere
3331 1024 3386 1069 et
3419 1016 3670 1072 ordinare

2089 1101 2324 1166 valeant,
2356 1102 2628 1158 licentiam
2658 1105 2890 1159 habeant
2933 1120 3000 1160 ex
3048 1121 3106 1161 se
3154 1106 3285 1177 ipsis
3319 1107 3548 1178 eligendi
3582 1107 3670 1163 ab-

2088 1198 2258 1254 bates.
2291 1197 2360 1250 Et
2387 1207 2448 1250 ut
2473 1197 2556 1251 ha:
2584 1205 2783 1251 nostra:
2820 1199 3162 1253 auctoritatis
3189 1198 3381 1254 littera:
3408 1201 3477 1254 ab
3504 1201 3668 1254 omni-

2088 1288 2191 1342 bus
2223 1288 2405 1342 verius
2451 1287 2762 1352 credantur,
2807 1297 2863 1342 et
2910 1287 3219 1357 diligentius
3258 1299 3670 1354 conserventur,

2089 1376 2156 1432 de
2182 1377 2382 1432 annulo
2409 1386 2595 1432 nostro
2624 1378 2809 1433 subter
2834 1394 2926 1433 eas
2951 1379 3306 1450 praecepimus
3333 1381 3554 1451 signari.

2759 1486 2845 1541 CX
2856 1486 2967 1541 LIX
2981 1523 2998 1538 .

2401 1572 2504 1611 PRO
2553 1571 2889 1612 NONASTi-ZBIO
2927 1574 3339 1615 EBERSHEIHENSI
3349 1599 3360 1612 .

2697 1648 2872 1720 (Anno
2912 1649 3062 1722 829.)

483 1727 677 1781 Notum
701 1745 822 1784 esse
849 1731 1094 1787 volumus
1119 1735 1328 1788 cunctis
1362 1734 1610 1791 fidelibus
1653 1746 1856 1791 sanctae
1891 1738 1986 1792 Dei
2016 1752 2064 1810 Β
2093 1733 2266 1808 [Apud
2307 1737 2646 1803 Grandidier,
2699 1739 2936 1814 Histoire,
2968 1742 3032 1814 {le
3070 1741 3408 1814 Strasbourg,
3441 1754 3571 1800 tom.
3605 1745 3670 1810 ll,

416 1816 672 1872 Ecclesiae
700 1829 756 1872 et
787 1821 1010 1885 nostris,
1041 1825 1394 1891 praesentibus
1439 1825 1644 1880 scilicet
1677 1835 1733 1881 et
1773 1827 1986 1894 futuris,

411 1907 644 1976 qualiter
670 1911 754 1963 vir
793 1910 1001 1966 illuster
1034 1912 1358 1970 Gaucelmus
1386 1931 1569 1971 comes
1593 1928 1618 1956 α
1653 1918 1719 1972 ad
1747 1928 1988 1973 nostram

410 2001 672 2056 accedens
717 2001 1076 2070 clementiam,
1128 2005 1362 2060 innotuit
1422 2008 1730 2063 celsitudini
1790 2019 1988 2065 nostra:

406 2090 644 2160 qualiter
671 2092 893 2160 quidam
918 2093 1102 2159 abbas,
1147 2096 1367 2151 nomine
1412 2097 1568 2161 Miro,
1618 2101 1887 2167 quondam
1934 2100 1988 2154 in

412 2180 686 2237 territorio
714 2183 1014 2240 Helenense
1044 2200 1206 2255 super
1233 2185 1453 2241 ﬂuvium
1482 2189 1740 2244 Tacidum
1767 2191 1821 2244 in
1848 2207 1986 2260 quo-

410 2269 534 2324 dam
575 2271 692 2326 loco
742 2273 797 2326 in
844 2274 1051 2330 honore
1104 2278 1279 2331 sancti
1327 2277 1556 2334 Andreae
1598 2285 1985 2336 monasterium

407 2359 751 2428 :cdiiicasset,
787 2371 844 2417 et
868 2365 1161 2420 monachos
1203 2369 1497 2422 secundum
1544 2371 1785 2441 regulam
1812 2373 1986 2428 sancti

409 2450 684 2506 Benedicti
716 2452 769 2506 in
811 2453 1000 2508 eodem
1030 2458 1356 2514 monasterio
1380 2459 1562 2515 vivere
1589 2463 1985 2530 constituisset,

404 2555 576 2610 eoque
618 2540 780 2597 rebus
809 2543 1060 2600 humanis
1104 2556 1371 2618 exempto,
1405 2548 1685 2620 Sisegutus
1720 2553 1887 2608 abbas
1931 2554 1986 2607 in

405 2646 504 2686 suo
531 2639 584 2686 et
617 2631 737 2687 loco
763 2641 820 2688 et
852 2634 1154 2690 ministerio
1188 2638 1510 2709 subrogatus
1537 2639 1760 2705 fuisset;
1795 2642 1986 2712 depre-

405 2731 666 2792 catusque
686 2733 769 2779 est
796 2739 896 2778 nos
917 2725 1059 2780 idem
1085 2727 1168 2781 vir
1197 2727 1403 2783 illuster
1439 2727 1761 2786 Gaucelmus
1801 2748 1985 2788 comes

404 2823 465 2868 ut
489 2817 803 2885 praedictum
835 2816 1144 2888 Sisegutum
1182 2820 1452 2885 abbatem,
1483 2837 1592 2875 una
1639 2837 1762 2876 cum
1799 2838 1986 2878 mona-

403 2906 522 2960 chis
565 2907 701 2972 suis,
747 2915 801 2961 et
849 2908 1164 2978 praedictum
1213 2912 1603 2966 monasterium
1653 2927 1808 2967 suum
1858 2929 1981 2969 cum

405 2993 656 3048 omnibus
681 2995 889 3050 cellulis
928 2997 995 3052 ad
1019 3013 1139 3052 eum
1159 2999 1556 3068 pertinentibus
1584 3001 1636 3055 in
1668 3003 1979 3072 supradicto

2758 1827 2810 1880 p.
2845 1811 2991 1883 190.]

2158 1895 2216 1950 ln
2236 1897 2451 1952 nomine
2480 1907 2684 1953 sancta:
2714 1910 2768 1954 et
2796 1901 3082 1955 individua:
3118 1901 3414 1966 Trinitatis,
3445 1903 3672 1958 Ludovi-

2088 2001 2184 2042 cus
2225 1986 2405 2042 divina
2432 1987 2645 2042 favente
2671 1990 2843 2060 gratia
2883 2005 2977 2044 rex
3011 1989 3344 2045 Francorum
3371 2001 3423 2047 et
3448 1990 3665 2062 Longo-

2087 2078 2400 2145 bardorum,
2443 2079 2806 2135 Romanorum
2844 2096 2974 2135 vero
3024 2081 3318 2152 imperator
3366 2083 3662 2154 Augustus.

2160 2169 2214 2224 Si
2231 2187 2358 2241 erga
2373 2171 2491 2226 loca
2507 2172 2703 2226 divinis
2718 2172 2950 2227 cultibus
2970 2174 3275 2243 mancipata
3289 2184 3509 2244 propter
3521 2189 3668 2229 amo-

2084 2275 2202 2315 rem
2218 2262 2336 2328 Dei,
2353 2262 2560 2332 ipsique
2581 2264 2633 2318 in
2649 2265 2852 2318 eisdem
2863 2263 2994 2320 locis
3007 2263 3390 2320 famulantibus
3402 2265 3665 2321 beneﬁcia

2086 2362 2386 2422 opportuna
2402 2353 2682 2423 largimur,
2697 2354 2975 2424 praemium
2990 2355 3144 2409 nobis
3160 2356 3301 2425 apud
3322 2355 3489 2410 Deum
3509 2365 3667 2410 teter-

2085 2461 2166 2501 nte
2185 2447 2636 2502 remunerationis
2649 2447 2866 2516 rependi
2883 2463 2990 2502 non
3018 2445 3324 2502 diﬂidimus.
3348 2448 3556 2503 idcirco
3575 2463 3668 2503 no-

2085 2536 2227 2591 verit
2263 2538 2505 2592 omnium
2546 2536 2783 2592 ﬁdelium
2819 2545 3128 2592 nostrorum
3169 2545 3278 2592 tam
3319 2538 3670 2607 praesentium

2085 2640 2247 2694 quam
2268 2624 2573 2682 futurorum
2603 2626 2885 2693 industria,
2917 2627 3043 2696 quia
3062 2627 3386 2684 venerabilis
3412 2628 3673 2698 Theopal-

2085 2720 2204 2784 dus,
2233 2719 2398 2774 abbas
2438 2719 2752 2774 monasterii
2793 2719 2936 2789 quod
2966 2729 3305 2789 nuncupatur
3345 2719 3668 2774 Novientum

2083 2809 2196 2864 sive
2217 2809 2555 2875 Ebersheim,
2577 2808 2718 2880 quod
2740 2818 2816 2864 est
2845 2808 3007 2863 situm
3032 2809 3084 2862 in
3107 2824 3247 2880 pago
3268 2808 3487 2864 Alsatize
3507 2825 3668 2878 supra

2081 2898 2229 2954 Illam
2249 2898 2445 2955 ﬂumen
2472 2901 2525 2954 in
2547 2901 2807 2955 comitatu
2840 2899 3136 2965 Kircheim,
3172 2901 3316 2970 quod
3355 2900 3438 2954 vir
3460 2900 3671 2955 illuster

2083 2989 2279 3044 Ethich
2325 2991 2428 3045 dux
2459 2991 2514 3045 in
2543 2990 2802 3046 honorem
2837 2992 3049 3046 Domini
3093 2992 3265 3046 nostri
3293 2989 3420 3046 Iesu
3467 2991 3669 3047 Christi

400 3098 538 3154 pago
576 3084 894 3151 llelenense,
945 3102 1104 3141 unam
1146 3089 1397 3144 videlicet
1444 3091 1497 3144 in
1545 3091 1752 3148 honore
1800 3095 1972 3150 sancti
2002 3083 2046 3144 C
2077 3087 2131 3134 ει
2177 3089 2488 3136 sanctorum
2539 3080 2901 3151 θροεῐοιοτυω
2947 3082 3096 3136 Petri
3142 3090 3198 3137 εί
3247 3081 3420 3146 Pauli:
3471 3083 3668 3136 Sane-‘3'

402 3175 619 3229 Martini
647 3177 826 3242 sitam,
866 3177 921 3230 in
945 3195 1050 3248 qua
1073 3180 1324 3250 primitus
1352 3181 1492 3236 idem
1521 3184 1688 3238 abbas
1717 3201 1841 3239 cum
1864 3201 1981 3240 mo-

402 3266 592 3320 nachis
621 3266 866 3321 habitare
895 3270 1078 3339 cmpit,
1129 3270 1410 3340 ipsamque
1454 3273 1645 3328 vallem
1680 3291 1801 3330 cum
1839 3291 1984 3344 prte-

399 3353 512 3407 fata
540 3353 729 3408 cellula
761 3366 816 3410 et
843 3372 964 3410 cum
997 3359 1144 3411 omni
1187 3361 1494 3430 integritate
1524 3378 1622 3416 sua
1653 3366 1980 3420 concedere-

396 3430 544 3510 mus,
597 3461 803 3500 necnon
855 3454 911 3501 et
955 3447 1118 3502 aliam
1163 3449 1410 3504 cellulam
1459 3452 1514 3505 in
1562 3453 1767 3509 honore
1808 3457 1980 3511 sancti

399 3537 671 3591 Vincentii
709 3547 1098 3605 constructam,
1130 3556 1226 3595 seu
1275 3550 1330 3595 et
1381 3543 1568 3598 villare
1598 3545 1742 3614 quod
1783 3546 1980 3602 dicitur

390 3631 726 3696 =Garrericis,
775 3647 897 3686 cum
946 3631 1078 3701 ipsis
1126 3633 1401 3690 ﬁscalibus
1442 3637 1627 3699 terris,
1677 3637 1759 3692 vel
1813 3638 1977 3693 etiam

401 3739 522 3779 cum
557 3725 718 3779 rebus
763 3723 846 3779 vel
890 3723 1237 3793 adjacentiis,
1271 3742 1406 3796 quas
1446 3729 1701 3798 praesenti
1739 3737 1981 3800 tempore

398 3817 453 3870 in
480 3817 753 3892 praedictis
781 3816 910 3871 locis
944 3816 1090 3886 juste
1117 3827 1172 3872 et
1208 3817 1450 3889 legalitcr
1494 3829 1680 3876 tenere
1722 3830 1777 3876 et
1807 3823 1980 3892 possi-

400 3908 527 3962 dere
561 3891 828 3970 videntur,
863 3906 915 3961 in
944 3917 1126 3962 nostra
1161 3909 1499 3980 eleemosyna
1546 3911 1645 3967 sub
1673 3891 1897 3967 tuitione
1925 3921 1980 3967 et

399 3999 714 4056 defensione
751 4010 934 4055 nostra
986 4002 1283 4056 consistere
1339 4000 1677 4069 fecissemus,
1722 4005 1978 4074 quemad-

397 4093 614 4146 modum
637 4091 740 4146 alia
765 4091 1090 4147 monasteria
1105 4091 1242 4146 infra
1267 4091 1658 4163 Septimaniam
1681 4097 1978 4151 consistere

395 4182 662 4236 videntur.
702 4180 865 4249 Cujus
913 4182 1276 4250 dcprecationi
1329 4199 1608 4239 assensum
1650 4187 1973 4255 praebentes,

396 4273 470 4326 ita
507 4287 604 4326 nos
638 4271 830 4326 fecisse
873 4273 1114 4326 omnium
1163 4273 1399 4328 ﬁdelium
1443 4284 1748 4332 nostrorum
1780 4292 1976 4347 cogno-

395 4368 513 4417 scat
557 4360 843 4415 industria.
890 4360 1183 4431 Propterea
1233 4365 1332 4419 bas
1382 4374 1585 4421 nostra:
1632 4368 1972 4423 auctoritatis

2081 3187 2187 3240 que
2241 3171 2484 3226 Mauricii
2535 3173 2913 3242 sociorumque
2955 3170 3072 3241 ejus
3127 3175 3471 3238 construxit,
3527 3189 3668 3244 prato

2081 3265 2312 3320 sentavit
2340 3267 2495 3320 nobis
2535 3266 2931 3322 immunitatem
2957 3277 3012 3321 et
3047 3267 3327 3338 privilegia
3373 3267 3552 3322 domui
3608 3274 3665 3320 et

2080 3355 2342 3422 genitoris
2365 3356 2533 3410 nostri
2553 3356 2731 3411 Caroli
2753 3359 2906 3413 home
2938 3360 3210 3413 memoria:
3234 3359 3487 3427 Augusti.
3526 3356 3657 3424 Quae

2082 3457 2206 3496 cum
2233 3444 2467 3512 perlecta
2491 3445 2543 3498 in
2575 3447 2847 3501 audientia
2872 3447 3174 3518 principum
3206 3446 3457 3512 fuissent,
3481 3449 3655 3503 conti-

2082 3548 2210 3588 nere
2236 3535 2556 3590 videbantur
2579 3539 2721 3606 quod
2737 3538 2876 3593 idem
2894 3541 3103 3607 genitor
3115 3548 3320 3605 noster,
3336 3541 3404 3594 ob
3420 3555 3662 3594 amorem

2082 3628 2232 3696 regni
2283 3627 2538 3693 caelestis,
2593 3631 2907 3700 specialiter
2957 3639 3138 3686 tamen
3186 3634 3255 3687 ob
3300 3632 3661 3685 reverentiam

2082 3717 2434 3774 Thebarorum
2453 3728 2770 3792 martyrum,
2797 3723 3113 3794 praedictum
3139 3724 3515 3779 monasterium
3534 3740 3657 3794 spe-

2081 3808 2202 3862 ciali
2229 3811 2460 3880 quodam
2489 3809 2683 3866 aﬂ'ectu
2709 3814 2807 3867 sub
2829 3813 3142 3883 plenissima
3172 3813 3482 3869 defensione
3513 3813 3660 3883 regie

2080 3901 2438 3956 immunitatis
2467 3918 2682 3974 semper
2703 3911 2907 3960 tutatus
2935 3907 3023 3960 sit.
3065 3905 3400 3975 Quapropter
3447 3906 3658 3975 rogavit

2079 4007 2178 4046 nos
2193 3992 2332 4047 idem
2353 3993 2641 4062 praedictus
2654 3995 2821 4049 abbas
2835 4011 2956 4050 cum
2972 3996 3169 4052 domno
3187 3996 3472 4052 Vuifhaldo
3488 3996 3655 4052 advo-

2077 4093 2200 4140 cato
2215 4099 2332 4150 suo,
2359 4092 2419 4138 ut
2451 4092 2735 4154 paternum
2750 4101 2957 4141 morem
2972 4095 3262 4157 sequentes
3275 4088 3447 4158 ipsum
3466 4103 3658 4156 supra-

2077 4176 2206 4231 dicti
2227 4177 2456 4232 cmnobii
2481 4177 2657 4233 locum
2672 4186 2726 4232 et
2741 4179 2907 4249 ipsius
2922 4181 3220 4250 praecipuas
3236 4187 3418 4234 curtes
3443 4179 3498 4232 in
3517 4187 3658 4233 tute-

2077 4266 2183 4321 lam
2233 4277 2435 4323 nostrzc
2488 4269 2783 4340 imperialis
2840 4271 3188 4337 defensionis,
3245 4270 3463 4325 exclusa
3511 4273 3660 4324 omni

2077 4360 2335 4414 comitiali
2365 4375 2459 4414 seu
2484 4360 2654 4415 ilscali
2675 4371 2962 4433 potestate,
3003 4365 3385 4434 reciperemus.
3405 4361 3515 4417 Nos
3530 4377 3658 4433 ergo

393 4452 600 4506 litteras
631 4450 899 4506 firmitatis
926 4453 1095 4522 gratia
1124 4452 1240 4508 fieri
1262 4463 1318 4509 et
1345 4455 1395 4510 ei
1421 4456 1535 4510 dari
1556 4455 1846 4525 jussimus;
1876 4475 1973 4529 per
1997 4452 2049 4511 D
2078 4451 2342 4520 majorum
2392 4461 2702 4507 nostrorum
2730 4454 2976 4524 exemplo
3025 4456 3325 4526 provocati,
3387 4453 3659 4522 simulque

394 4561 529 4614 quas
561 4544 904 4614 pnecipimus
934 4553 1097 4615 atque
1119 4546 1372 4616 jubemus
1404 4555 1461 4602 ut
1485 4547 1663 4602 nullus
1683 4549 1848 4619 judcx
1875 4565 1974 4620 pu-

392 4637 585 4701 blicus,
619 4643 712 4688 aut
733 4635 989 4704 quislibet
1019 4652 1086 4690 ex
1111 4637 1397 4707 judiciaria
1427 4631 1692 4708 potestate
1719 4641 1771 4694 in
1797 4641 1974 4696 eccle-

393 4729 502 4784 sias
531 4734 624 4782 aut
660 4726 778 4781 loca
825 4726 909 4780 vel
950 4741 1126 4798 agros,
1179 4742 1273 4782 seu
1324 4728 1560 4797 reliquas
1603 4731 1972 4800 possessiones

391 4820 630 4891 praedicti
659 4816 994 4882 monasterii,
1030 4825 1085 4870 et
1119 4816 1342 4872 cellulas
1366 4817 1614 4888 superius
1639 4820 1967 4885 nominatas,

389 4911 476 4966 vel
503 4926 622 4980 quae
654 4910 907 4980 deinceps
954 4909 1008 4964 in
1043 4908 1168 4978 jure
1209 4909 1379 4979 ipsius
1422 4909 1526 4965 loci
1577 4911 1754 4966 divina
1794 4913 1970 4982 pietas

387 5005 572 5075 augeri
592 5003 839 5068 voluerit,
855 5003 1142 5074 judiciario
1165 5018 1315 5056 more
1341 5003 1408 5058 ad
1429 5017 1624 5058 causas
1650 5005 1965 5067 audiendas.

387 5096 473 5151 vel
499 5095 648 5151 freda
678 5094 957 5165 exigenda,
1006 5099 1095 5147 aut
1143 5093 1450 5148 mansiones
1496 5094 1580 5147 vel
1606 5104 1844 5164 paratas,
1878 5104 1972 5150 aut

387 5187 525 5242 ullas
556 5185 944 5242 redhibitiones
970 5183 1053 5238 vel
1094 5184 1309 5239 illicitas
1337 5185 1654 5239 occasiones
1693 5187 1970 5255 requiren-

384 5282 484 5336 das
513 5279 722 5349 ingredi
751 5277 962 5344 audeat,
991 5276 1077 5332 vel
1104 5291 1166 5331 ea
1189 5291 1308 5347 quae
1328 5291 1492 5346 supra
1521 5284 1817 5331 memorata
1844 5286 1971 5333 sunt

383 5373 603 5445 exigere
637 5378 962 5439 praesumat:
995 5370 1088 5426 sed
1117 5369 1276 5424 liceat
1308 5370 1565 5440 praedicto
1612 5370 1791 5425 abbati
1822 5369 1965 5440 eius-

385 5482 491 5534 que
532 5464 955 5528 successoribus,
994 5463 1197 5534 absque
1236 5463 1400 5519 ullius
1453 5464 1649 5534 injusta
1701 5464 1968 5534 inquietu-

383 5554 532 5616 dine,
558 5568 681 5607 cum
703 5553 953 5608 omnibus
970 5553 1130 5608 rebus
1155 5553 1222 5607 ad
1245 5569 1302 5609 se
1321 5555 1465 5624 juste
1487 5563 1541 5609 et
1566 5553 1809 5626 legalitcr
1835 5571 1965 5624 prac-

458 5657 483 5683 ι
515 5645 836 5704 Gaucelmus
885 5650 1307 5707 Ruscinonensis
1351 5668 1551 5714 comes,
1604 5651 1745 5704 lilius
1783 5651 1953 5704 sancti

385 5714 661 5783 Willclmi,
710 5718 877 5774 frater
922 5719 1177 5776 Bernardi
1207 5722 1551 5790 Septimaniac
1598 5721 1770 5786 ducis,
1803 5722 1957 5790 jussu

2080 4542 2247 4611 ipsius
2267 4543 2440 4599 sancti
2468 4543 2571 4597 loci
2604 4544 2824 4600 utilitati
2847 4554 2901 4600 et
2922 4554 3118 4601 nostra:
3163 4547 3322 4602 saluti
3369 4544 3660 4616 providen—

2079 4641 2160 4687 tes
2187 4633 2434 4703 petitioni
2464 4635 2520 4688 in
2551 4636 2802 4691 omnibus
2847 4652 3085 4692 annuere
3114 4637 3474 4693 decrevimus.
3512 4636 3658 4691 Prm-

2077 4722 2336 4791 cipientcs
2366 4724 2548 4794 itaque
2587 4725 2853 4796 imperiali
2907 4727 3231 4782 auctoritate
3275 4728 3553 4798 jubemus,
3599 4737 3657 4781 ut

2077 4813 2254 4868 nullus
2284 4814 2450 4884 judex
2481 4816 2746 4885 publicus,
2776 4817 2918 4872 nulla
2939 4817 3228 4887 judiciaria
3266 4827 3527 4888 potestas,
3560 4835 3655 4872 no-

2076 4904 2204 4958 stris
2225 4914 2280 4959 ct
2293 4905 2488 4962 futuris
2505 4911 2837 4978 temporibus
2855 4912 3029 4980 ipsum
3054 4927 3214 4982 supra
3231 4913 3435 4967 dictum
3475 4911 3654 4965 locum

2073 4996 2358 5053 velcurtcs
2389 5001 2560 5070 ipsius
2598 5004 2921 5072 potestative
2965 5003 3173 5074 ingredi
3200 5013 3513 5074 praesumat,
3552 5019 3653 5057 nec

2072 5097 2290 5161 paratas
2319 5101 2412 5147 aut
2462 5094 2770 5149 mansiones
2814 5096 2887 5149 ibi
2931 5095 3115 5161 faciat,
3165 5112 3268 5150 nec
3322 5111 3652 5166 quemquam

2074 5183 2352 5239 hominum
2377 5188 2730 5257 constringat,
2773 5203 2874 5242 nec
2919 5189 3212 5258 quidquam
3258 5189 3310 5243 in
3359 5189 3484 5259 jure
3532 5189 3657 5241 ﬁsci

2073 5276 2242 5329 nostri
2270 5276 2403 5330 inihi
2427 5277 2688 5348 requirat,
2714 5279 2807 5333 sed
2842 5279 3134 5347 prmdictus
3180 5280 3348 5334 abbas
3387 5279 3655 5348 Theopal—

2075 5365 2175 5419 dus
2203 5373 2256 5419 et
2281 5382 2470 5422 omnes
2498 5383 2844 5424 successores
2868 5369 2985 5437 ejus
3032 5371 3176 5439 ipsas
3204 5379 3386 5425 curtes
3424 5387 3491 5424 ex
3545 5372 3655 5426 hoc

2069 5465 2124 5511 et
2143 5459 2394 5528 deinceps
2420 5463 2745 5528 potestative
2771 5471 2823 5515 et
2847 5462 3228 5516 totaliter‘cum
3257 5464 3405 5517 omni
3452 5463 3654 5518 immu-

2067 5553 2237 5605 nitate
2262 5568 2356 5607 sua
2379 5552 2705 5622 possideant.
2725 5552 2834 5608 lioc
2873 5561 2975 5618 cst,
2999 5555 3048 5608 in
3076 5553 3391 5610 Hiltcsheim
3409 5554 3458 5619 δ,
3478 5557 3654 5610 curtis

2065 5651 2305 5722 Lotharii
2333 5652 2672 5722 imperatoris
2701 5666 2839 5704 anno
2866 5650 2965 5705 85i
2995 5651 3169 5720 Capito
3198 5626 3384 5722 plexus
3409 5660 3513 5704 est.

2137 5723 2162 5760 1‘
2179 5721 2343 5775 iiodic
2373 5718 2675 5774 "iltzhrim.
