4006 6178
336 304 476 361 1181⁸

1466 298 1859 356 ωΡιοΜΑτΑ
1899 296 2451 354 ECCLESIASTICA.

3447 303 3587 360 “82

327 414 600 470 dominica
624 427 746 468 cum
787 408 1042 467 omnibus
1085 408 1428 480 pertinentiis
1474 410 1622 474 suis,
1687 411 1900 464 bannus
1924 411 1979 471 Α
2002 417 2269 477 quatenus
2291 407 2487 464 fratres
2522 408 2654 464 inibi
2684 409 2913 467 Domino
2938 413 3239 470 servientes
3256 428 3356 483 pro
3410 415 3586 469 salute

331 503 590 568 totaliter,
640 500 867 557 ecclesia
914 514 1038 555 cum
1073 499 1298 555 decimis
1347 499 1462 555 suis
1513 517 1527 553 :
1584 500 1907 554 retinuimus

330 596 494 651 etiam
520 595 674 650 nobis
689 601 747 649 et
759 590 1033 661 judicihus
1053 592 1253 648 nostris
1277 591 1332 646 in
1352 591 1468 661 ipsa
1484 590 1608 646 villa
1626 591 1909 647 dimidium

329 700 601 750 mansum,
634 699 704 740 ne
744 684 1038 754 quidquam
1086 682 1458 752 impedimenti
1491 683 1669 752 ipsum
1723 695 1909 737 coeno-

328 773 477 830 bium
496 773 549 827 in
571 780 724 827 curte
737 787 832 827 sua
846 772 1109 827 sustineat
1123 787 1137 836 ;
1149 768 1439 839 judiciaria
1451 786 1580 841 vero
1589 778 1829 842 potestas
1841 772 1909 843 ad

330 864 578 920 abbatem
612 872 669 919 et
695 863 762 918 ad
783 860 994 930 judices
1009 878 1137 918 suos
1168 863 1492 932 potestative
1532 863 1822 933 pertineat.
1849 865 1910 920 ln

327 952 712 1009 Wittensheim
725 951 958 1017 a,curtis
977 951 1246 1006 dominica
1259 967 1380 1007 cum
1416 952 1777 1022 pertinentiis,
1812 967 1906 1007 ec-

329 1044 492 1099 clesia
505 1059 631 1100 cum
641 1044 864 1100 decimis
876 1044 1007 1109 suis,
1024 1044 1319 1100 retinentes
1339 1045 1492 1099 nobis
1509 1035 1760 1114 quartam
1785 1060 1911 1115 par-

329 1142 439 1189 tem
452 1135 643 1195 mansi,
659 1149 725 1190 eo
738 1143 925 1189 tenore
937 1150 1045 1204 quo
1057 1149 1240 1204 supra.
1256 1135 1314 1189 ln
1328 1133 1692 1191 Cruzenheim
1706 1136 1757 1202 ι),
1785 1152 1909 1192 cur-

330 1227 401 1280 tis
427 1225 696 1281 dominica
722 1241 845 1281 cum
862 1226 1115 1281 omnibus
1137 1226 1481 1296 pertinentiis
1505 1227 1649 1293 suis,
1680 1227 1911 1283 ecclesia

327 1330 449 1370 cum
473 1314 696 1370 decimis
715 1315 846 1381 suis,
871 1323 982 1370 tres
993 1325 1175 1386 partes
1199 1317 1359 1372 banni
1389 1315 1803 1386 cumjudiciaria
1816 1332 1926 1388 po-

328 1414 551 1471 testate;
581 1407 739 1463 nobis
765 1422 897 1464 vero
943 1416 999 1464 et
1024 1408 1298 1480 iudicibus
1325 1410 1548 1476 nostris,
1593 1425 1662 1465 ne
1708 1410 1914 1481 aliquot

330 1498 772 1567 impedimentum
800 1540 816 1566 ,
881 1508 942 1555 ut
986 1515 1149 1572 supra
1183 1500 1440 1565 diximus,
1501 1501 1807 1559 coenobium
1852 1501 1910 1556 in

327 1602 423 1641 sua
447 1596 602 1643 curte
635 1590 923 1658 sustineat,
970 1607 1138 1646 unum
1165 1607 1418 1647 mansum
1471 1592 1813 1648 retinuimus.
1849 1593 1907 1647 In

326 1676 722 1734 Artolvesheim
747 1691 797 1745 ο,
820 1681 994 1737 curtis
1018 1682 1289 1737 dominica
1317 1698 1441 1739 cum
1475 1684 1730 1740 omnibus
1785 1699 1908 1755 per-

328 1766 571 1823 tinentiis
617 1770 753 1835 suis,
780 1770 992 1826 bannus
1039 1770 1294 1836 totaliter,
1326 1772 1556 1828 ecclesia
1602 1788 1728 1828 cum
1756 1773 1906 1828 deci-
1936 1774 1984 1833 Β

329 1855 429 1911 mis
450 1857 583 1912 suis.
606 1857 663 1913 1n
691 1859 1065 1916 Muttersholtz
1096 1860 1149 1927 ἀ,
1171 1863 1343 1917 curtis
1358 1862 1629 1919 dominica
1646 1880 1768 1918 cum
1792 1880 1909 1919 om—

327 1944 485 2001 nibus
509 1948 854 2017 pertinentiis
881 1949 1014 2014 suis,
1065 1950 1297 2006 ecclesia
1347 1966 1470 2006 cum
1500 1952 1729 2008 decimis
1770 1955 1905 2010 suis.

326 2034 383 2088 ln
411 2033 763 2093 Svahesheim
822 2078 838 2104 ,
871 2040 1044 2094 curtis
1072 2039 1343 2097 dominica
1368 2057 1489 2097 cum
1505 2043 1759 2100 omnibus
1783 2061 1909 2116 per-

328 2126 575 2183 tinentiis
598 2129 731 2184 suis.
762 2129 1002 2185 Ecclesia
1030 2132 1085 2186 in
1108 2130 1507 2188 Nivratesheim
1535 2132 1555 2172 ί
1609 2151 1732 2191 cum
1763 2137 1908 2191 deci-

325 2220 432 2276 mis
457 2221 590 2276 suis.
616 2222 675 2277 ln
702 2221 1090 2285 Beckensheim
1120 2225 1166 2288 ⁸,
1197 2225 1369 2280 curtis
1382 2224 1673 2282 dominica.
1700 2226 1759 2282 In
1772 2228 1909 2282 Wil-

328 2325 388 2365 re
410 2312 462 2378 ιι,
486 2313 657 2368 curtis
680 2311 977 2379 dominica,
1026 2314 1257 2369 ecclesia
1284 2330 1407 2369 cum
1440 2315 1666 2370 decimis
1688 2317 1822 2372 suis.
1849 2317 1907 2372 In

329 2401 672 2458 Binrenheim
706 2404 721 2443 ί
761 2404 933 2458 curtis
959 2404 1231 2460 dominica
1257 2420 1380 2460 cum
1436 2404 1614 2459 hanno
1642 2406 1811 2474 ipsius
1830 2407 1911 2461 al-

325 2492 478 2558 lodii,
517 2494 750 2549 ecclesia
780 2510 905 2551 cum
959 2495 1185 2552 decimis
1233 2496 1363 2551 suis.
1414 2495 1472 2550 In
1523 2495 1900 2567 Kagenbeiml

326 2587 499 2641 curtis
525 2586 817 2643 dominica.
846 2587 905 2643 ln
952 2588 1271 2644 Ebersbeim
1303 2589 1351 2654 κ.
1401 2588 1571 2645 curtis
1614 2589 1906 2645 dominica.

326 2674 383 2730 In
424 2674 715 2732 Utenheim
751 2675 797 2742 1,
838 2678 1011 2733 curtis
1040 2677 1330 2744 dominica,
1360 2677 1594 2733 ecclesia
1646 2694 1770 2734 cum
1816 2680 1908 2736 de-

323 2765 481 2820 cimis
505 2766 637 2821 suis.
662 2766 722 2823 In
752 2768 920 2824 Valva
940 2780 1001 2834 ω,
1024 2770 1196 2824 curtis
1222 2769 1512 2824 dominica.
1555 2769 1742 2841 itaque
1771 2786 1909 2841 prae-

325 2856 503 2912 dictus
528 2856 872 2929 Theopaldus
899 2859 1069 2915 abbas
1092 2867 1148 2915 et
1174 2874 1365 2915 omnes
1376 2874 1719 2917 successores
1734 2861 1908 2931 ipsius

325 2945 425 3002 has
447 2947 739 3016 praedictas
784 2959 969 3005 curtes
1027 2951 1234 3021 absque
1287 2950 1399 3006 ulla
1455 2952 1904 3020 contradictione,

323 3051 418 3091 seu
445 3037 817 3106 convulsione,
852 3040 936 3096 vel
959 3041 1315 3097 diminutione
1338 3041 1568 3112 alicujus
1604 3041 1909 3111 judiciariae

2008 508 2199 554 nostra
2229 514 2294 554 ac
2327 513 2426 570 pro
2449 506 2591 554 statu
2620 500 2832 570 imperii
2867 502 3040 557 nostri
3071 502 3408 572 frequentius
3457 504 3587 561 ex'o-

2008 596 2149 646 rent.
2172 590 2240 644 Et
2266 597 2325 645 ut
2368 591 2484 647 haec
2502 600 2691 646 nostra
2718 592 3016 662 imperialis
3059 596 3357 651 auctoritas
3384 598 3589 655 nostris

2009 686 2064 733 et
2089 678 2284 733 futuris
2303 681 2638 750 temporibus
2660 682 2872 738 stabilis
2905 692 2961 738 et
2986 683 3324 749 inconvulsa,
3369 684 3588 744 Christo

2009 768 2295 841 largiente,
2336 780 2675 841 permaneat,
2703 790 2867 829 manu
2896 777 3116 847 propria
3138 778 3491 850 signavimus,
3533 787 3590 836 et

2008 858 2169 930 sigilli
2200 861 2369 915 nostri
2393 861 2746 931 impressione
2769 864 3142 935 sigillavimus.

2081 948 2213 1002 Data
2237 947 2360 1004 ldus
2383 948 2550 1017 Junii,
2575 968 2716 1008 anno
2738 953 3032 1010 Dominicae
3057 956 3447 1013 incarnationis
3458 957 3587 1024 829,

2010 1041 2303 1098 indictione
2327 1044 2580 1113 septima,
2603 1060 2777 1102 anno.
2793 1086 2809 1101 .
2831 1087 2845 1101 .
2864 1087 2878 1101 .
2904 1087 2919 1101 .
2937 1087 2950 1101 .
3005 1048 3158 1118 regni
3188 1049 3369 1104 domni
3416 1048 3590 1105 Ludo-

2008 1134 2114 1189 vici
2144 1136 2651 1208 serenissimiregis.
2667 1137 2861 1194 Actum
2888 1138 2943 1194 in
2965 1139 3283 1196 Foracheim
3301 1150 3331 1179 ιι
3369 1141 3425 1197 in
3438 1151 3594 1198 curte

2010 1224 2198 1296 regali,
2233 1224 2288 1279 in
2317 1224 2519 1281 Christi
2547 1227 2766 1282 nomine
2793 1227 3041 1294 feliciter,
3070 1229 3264 1285 Amen.

2083 1314 2310 1387 Signum
2337 1317 2541 1373 domini
2576 1317 2834 1374 Ludovici
2867 1320 3201 1376 serenissimi
3220 1321 3379 1392 regis.
3402 1320 3592 1375 Alher-

2010 1414 2099 1464 tus
2125 1408 2483 1465 cancellarius
2506 1410 2576 1466 ad
2604 1410 2780 1466 vicem
2801 1412 3104 1467 Diotbmari
3126 1412 3541 1484 archicapellani
3566 1421 3591 1447 °

2012 1510 2322 1567 recognovr.

2743 1586 2848 1643 CL.

2116 1692 2216 1732 Ριιο
2251 1692 2587 1732 ΜοΝΑε-ιειιιο
2617 1694 2943 1734 εεκτυιεκει
2973 1696 3091 1734 51κέ
3134 1696 3179 1736 S.
3224 1697 3483 1737 RICHABII.

2630 1768 2799 1841 (Auno
2827 1768 2976 1840 830.)

2010 1854 2187 1928 [Apud
2217 1856 2282 1911 D.
2314 1857 2485 1929 Bouq.
2515 1859 2645 1912 ibid.
2690 1876 2815 1932 pag.
2848 1860 2971 1926 562,
3012 1878 3077 1917 ex
3102 1861 3335 1918 Acherio
3359 1871 3490 1920 tom.
3522 1863 3590 1920 ιν

2536 1946 2719 2019 Spicil.
2733 1991 2747 2014 ,
2762 1965 2885 2022 pag.
2914 1950 3065 2024 478.]

2077 2036 2136 2093 In
2171 2040 2389 2095 nomine
2433 2039 2650 2095 Domini
2676 2039 2818 2114 [Dei]
2845 2052 2899 2097 et
2928 2042 3224 2100 Salvatoris
3250 2046 3421 2102 nostri
3467 2045 3597 2104 Jesu

2006 2128 2233 2195 Christi,
2261 2129 2568 2188 Ludovicus
2590 2133 2769 2189 divina
2798 2134 3084 2191 ordinante
3127 2137 3467 2206 providentia
3497 2139 3596 2194 im-

2005 2230 2225 2297 perator
2242 2221 2537 2293 Augustus.

2077 2312 2275 2367 Notum
2299 2329 2419 2368 esse
2441 2314 2691 2370 volumus
2721 2316 2930 2371 cunctis
2961 2316 3210 2373 ﬁdelibus
3256 2326 3459 2374 sancta:
3500 2318 3596 2374 Dei

2004 2401 2261 2457 Ecclesia:
2290 2410 2346 2456 et
2374 2403 2600 2469 nostris,
2637 2406 2997 2474 prmsentibus
3025 2406 3232 2461 scilicet
3261 2416 3317 2462 et
3361 2408 3555 2463 futuris
3578 2449 3595 2476 ,

2005 2492 2133 2563 quia
2160 2495 2287 2546 dum
2314 2507 2414 2547 nos
2442 2493 2707 2549 orationis
2750 2509 2916 2549 causa
2961 2495 3016 2549 in
3060 2496 3361 2552 beatissimi
3389 2496 3592 2554 confes-

2006 2581 2147 2638 soris
2157 2581 2357 2638 Christi
2376 2581 2620 2637 Richarii
2640 2583 2918 2639 basilicam
2935 2585 3330 2653 adveniremus,
3345 2588 3594 2645 adierunt

2006 2674 2386 2730 celsitudinem
2412 2681 2657 2730 nostram
2673 2676 2925 2731 monachi
2948 2692 3017 2732 ex
3035 2678 3365 2734 monasterio
3384 2677 3597 2746 eodem,

2007 2767 2363 2836 deprecantes
2389 2775 2448 2821 ut
2468 2782 2632 2838 super
2665 2768 2827 2823 rebus
2870 2783 3006 2838 quas
3050 2769 3311 2826 modemo
3355 2776 3599 2840 tempore

2006 2853 2063 2909 in
2087 2854 2416 2925 quibuslibet
2428 2855 2946 2926 pagisetterritoriis
2973 2854 3115 2910 infra
3145 2857 3403 2912 ditionem
3429 2857 3590 2928 impe-

2007 2946 2076 3001 rii
2136 2947 2309 3002 nostri
2365 2947 2432 3001 ad
2458 2946 2663 3003 victum
2708 2954 2763 3002 et
2812 2947 3069 3003 vestitum
3114 2963 3301 3004 eorum
3350 2948 3597 3013 habent,

2006 3046 2253 3092 nostram
2284 3037 2666 3092 auctoritatem
2703 3036 2981 3092 firmitatis
3015 3037 3189 3107 gratia
3222 3035 3337 3092 ﬁeri
3379 3034 3588 3104 jubere-

324 3127 629 3197 potestatis,
663 3144 758 3185 seu
784 3130 1086 3196 saecularis,
1117 3132 1232 3187 sive
1259 3131 1560 3201 spiritualis
1585 3148 1683 3204 per
1721 3133 1901 3188 muni-
1928 3125 1974 3190 C
2007 3143 2128 3183 mus
2154 3144 2170 3194 ;
2192 3142 2291 3198 per
2319 3143 2483 3197 Quam
2504 3127 2923 3184 decerneremus
2943 3135 3001 3182 ut
3030 3138 3206 3197 neque
3234 3128 3459 3182 abbates
3496 3142 3589 3197 per

322 3216 596 3274 licentiam
617 3228 820 3277 nostra:
862 3222 1159 3293 imperialis
1214 3222 1556 3279 auctoritatis
1602 3222 1904 3296 largitatem

323 3309 677 3378 meliorando,
705 3315 1125 3386 augmentando,
1182 3315 1507 3385 potestative
1558 3317 1892 3385 possideant,

395 3496 420 3524 ιι
465 3482 796 3551 Wittisheim,
821 3485 937 3543 sive
955 3486 1182 3543 Witzen.

394 3554 421 3593 δ
438 3551 799 3610 Grusenheim.

395 3634 418 3663 ο
436 3624 767 3679 ΑηειεΙιεὲτη.

392 3692 420 3733 ει
446 3694 803 3749 Mietersholz.

397 3776 421 3803 ο
444 3764 618 3820 Hodie
640 3765 792 3838 vicus
816 3764 1225 3838 Schwabsheim,
1243 3765 1325 3838 _ad_
1354 3765 1669 3838 episcOpum
1694 3767 1907 3838 Argen-

324 3834 925 3971 tiufeili‘slennzrplertinens,
950 3834 1159 3889 duabus
1178 3850 1209 3888 a
1237 3833 1761 3892 Selestadio’leucis.

505 3918 681 3955 tnern.

397 3971 622 4046 8_Yicu_s
655 3972 891 4046 ignotus,
915 3973 1019 4028 nisi
1049 3971 1189 4029 forte
1212 3972 1498 4046 Burglm'm
1531 3976 1586 4031 in
1611 3974 1733 4031 aliis
1747 3976 1907 4031 char-

324 4042 397 4097 tis
419 4041 961 4100 Ebersheiinensibus
987 4041 1335 4099 memoratus.

394 4110 623 4185 hHodie
636 4111 862 4185 _Weiler,
888 4114 1002 4170 sive
1072 4112 1230 4181 Viler,
1271 4114 1553 4185 pertinens
1603 4117 1672 4173 ad
1722 4115 1787 4171 D.
1840 4117 1909 4174 de

323 4181 809 4238 Choiseul-Meuse.

397 4254 414 4293 ί
442 4250 696 4307 Bindern.

398 4320 413 4372 i
448 4320 795 4392 Kogenlm'm.

397 4393 424 4432 ιι
446 4391 619 4468 Hodie
642 4395 796 4450 vicus
828 4393 1159 4468 Eberslzeim,
1202 4396 1271 4452 ad
1311 4410 1584 4452 summum
1608 4397 1905 4468 capitulum

323 4461 718 4571 Argentinense
744 4466 1040 4535 pertinens.

462 4530 732 4571 ῘῙΙρηΙιιὸηο

462 4530 756 4589 Πιεπήεἱηιζ

394 4615 437 4643 ιιι
467 4600 627 4671 Val/1‘.

395 4683 425 4710 ιι
452 4671 678 4748 _Nullum
724 4676 1117 4748 exstatjnter
1150 4674 1417 4748 Ludovici
1459 4676 1544 4748 Pii
1592 4676 1904 4748 diplomata,

324 4741 469 4818 quod
499 4742 684 4797 datum
718 4744 883 4818 fuerit
929 4745 1276 4818 Foracbeim.
1326 4745 1461 4818 Dein
1516 4741 1904 4818 imperatorem

324 4813 466 4887 hunc
510 4828 697 4868 mense
743 4814 904 4870 Junio
952 4816 1204 4871 anni829
1250 4813 1907 4887 Aquisgrani'versatum

322 4881 490 4957 fuisse
514 4891 665 4957 patet
691 4898 759 4940 ex
781 4887 1077 4957 diplomate
1101 4887 1250 4957 regio
1276 4881 1536 4941 L'udo'vici
1563 4895 1617 4941 et
1655 4887 1901 4942 Lotbarii

362 4953 696 5034 {onlngoaldo
711 4953 925 5034 gbbate
953 4953 1731 5034 Farfeiis'i,__apud_Duchesne,
1773 4964 1903 5012 tom.

320 4967 418 5075 pro
445 4967 696 5034 Ingoatdo
732 4967 925 5039 abbate
953 4967 1216 5018 Farfensn,
1248 4967 1390 5026 apud
1431 4967 1731 5021 Ducuesne,
1773 4967 1903 5012 tom.

345 5020 679 5147 llScrHitor.
711 5026 975 5109 Francus,
1011 5043 1153 5111 page
1185 5026 1306 5082 658.
1365 5026 1781 5117 Observandum
1826 5034 1909 5081 est

322 5098 488 5147 etiam
556 5094 809 5147 Inlomata
839 5098 1000 5147 huius
1028 5115 1152 5147 num
1183 5113 1459 5147 nunnuam
1505 5097 1629 5147 data
1661 5097 1828 5147 fuisse
1876 5112 1907 5147 a

322 5092 488 5168 etiam
507 5092 809 5168 diplomata
839 5092 1153 5167 hujus-au'ni
1183 5113 1459 5168 nunquam
1505 5097 1629 5151 data
1661 5097 1828 5152 fuisse
1876 5112 1907 5150 a

323 5163 799 5290 iolmeudovico,
839 5163 935 5224 sed
972 5184 1187 5239 semper
1232 5163 1564 5238 conjunctim
1622 5183 1747 5223 cum
1796 5167 1919 5227 ﬁlio.

368 5249 403 5290 o
503 5251 603 5290 rio.

368 5243 495 5290 otba
503 5243 603 5290 rio.

398 5312 423 5339 ο
447 5305 785 5378 Albertuset
810 5307 1165 5378 Diotbmarus
1180 5309 1401 5363 omnino
1417 5316 1543 5364 sunt
1578 5305 1746 5378 ignoti
1767 5308 1910 5363 inter

324 5374 678 5447 «"aneellarios
707 5375 964 5447 Ludovici
987 5376 1362 5447 Pii._Uterque
1375 5374 1731 5434 innoteséitin
1749 5378 1909 5432 char-

327 5442 395 5496 tis
418 5443 683 5515 Arnulphi
705 5445 1066 5515 imperatoris.
1086 5442 1428 5510 Deotmarus,
1464 5448 1579 5503 sive
1598 5447 1906 5501 Theodma-

327 5513 884 5586 resarchiepiscopus
906 5515 1334 5586 Salisburgensis
1385 5518 1484 5572 sub
1523 5516 1824 5586 Arnulpho,
1854 5524 1911 5571 et

326 5580 598 5668 Ludovico
711 5580 829 5668 ejus
859 5586 967 5666 lilio
985 5580 1439 5668 gessit'honorem
1463 5580 1910 5668 erebi-cancella-

327 5652 515 5726 ria‘tus,
543 5663 598 5726 et
619 5654 943 5726 Theodmari
956 5652 1073 5711 vice
1087 5656 1286 5726 sccpius
1304 5655 1905 5726 recognovitAlbertus,

324 5724 416 5791 qui
458 5724 656 5780 rectius
680 5725 943 5797 Aspertus
960 5724 1233 5783 scribitur.
1273 5724 1578 5781 Mallirik‘rot
1594 5727 1698 5794 ade
1724 5726 1905 5795 archi—

2012 3232 2258 3293 tempora
2309 3221 2510 3279 ibidem
2539 3223 2818 3293 degentes,
2849 3237 3024 3291 neque
3059 3221 3316 3286 ministri,
3348 3228 3443 3274 aut
3485 3219 3592 3275 alia

2009 3313 2260 3384 qualibet
2304 3313 2601 3383 superioris
2648 3312 2732 3368 vel
2781 3311 3058 3369 inferioris
3104 3312 3360 3384 praedicta
3409 3310 3594 3387 [Forte

2012 3488 2369 3561 cancellariis,
2395 3488 2538 3561 apud
2567 3486 2858 3561 Wencker,
2886 3488 2941 3543 in
2955 3486 3197 3561 collectis
3209 3486 3448 3561 Archivi.
3464 3505 3589 3561 pag.

2012 3506 2369 3555 canceuarus,
2395 3506 2538 3559 apua
2576 3506 2858 3570 wencser,
2886 3506 2941 3543 in
2955 3506 3197 3543 conecus
3209 3506 3589 3613 arenivnpadg.

2011 3561 2117 3614 245
2145 3570 2195 3616 et
2224 3560 2351 3614 244.
2387 3560 2577 3614 Exstat
2613 3559 2979 3629 authentlcum
3007 3558 3303 3629 [Arnulphi
3326 3561 3489 3629 regis
3556 3577 3590 3614 I-

2012 3631 2189 3698 ploma
2221 3645 2319 3698 pro
2340 3629 2556 3681 abbatia
2584 3627 3019 3698 Ebiersheimensi
3049 3626 3595 3698 infra_’referendum,

2010 3695 2089 3753 sic
2117 3695 2369 3754 desinens
2397 3715 2410 3748 :
2442 3716 2461 3748 ι
2496 3698 2631 3750 Data
2651 3697 2775 3750 ldus
2799 3695 2967 3760 Junii,
3006 3710 3149 3749 anno
3182 3696 3477 3751 Dominicaz
3502 3699 3589 3753 in-

2008 3766 2340 3838 carnationis
2367 3766 2491 3838 839,
2534 3765 2831 3838 indictione
2874 3765 2926 3838 Ἰ,
2959 3779 3103 3838 anno
3150 3766 3388 3838 secundo
3423 3768 3591 3838 _regui

2010 3837 2193 3891 domui
2215 3834 2421 3889 Arnolfi
2443 3834 2777 3903 serenissimi
2796 3834 2958 3903 regis.
2976 3833 3168 3889 Actum
3182 3835 3234 3889 in
3251 3833 3585 3900 Foracheﬁn,

2010 3905 2243 3960 incurte
2264 3904 2451 3974 regali,
2487 3905 2541 3958 in
2592 3902 2795 3974 Christi
2852 3902 3073 3959 nomine
3094 3905 3345 3970 feliciter,
3392 3907 3587 3960 Amen.

2012 3974 2238 4046 Signum
2263 3973 2465 4046 domini
2502 3973 3088 4046 Arnolfigserenissimi
3121 3976 3283 4046 regis.
3335 3975 3592 4046 [Albertus

2008 4043 2372 4114 cancellarius
2396 4045 2465 4098 ad
2497 4044 2670 4100 vicem
2719 4043 3018 4114 Diotbmari
3046 4043 3459 4114 archi’capellani
3506 4061 3593 4100 re-

2006 4116 2255 4186 cognovi.
2292 4134 2310 4166 ι
2338 4113 2469 4182 Quis
2482 4130 2589 4186 non
2625 4112 3072 4186 videteﬂictorem
3098 4112 3592 4185 diplomatisLudo-

2004 4184 2109 4240 vici
2137 4185 2348 4255 Piipra:
2376 4185 2547 4255 oculis
2574 4184 2825 4239 habuisse
2850 4186 2988 4241 banc
3037 4184 3284 4240 chartam
3325 4186 3588 4253 Arnulpbi

2005 4256 2148 4325 regis
2174 4253 2302 4310 an‘ni
2334 4253 2457 4325 88_9.
2492 4254 2623 4308 Inde
2654 4270 2869 4325 _magna
2921 4255 3079 4310 nobis
3135 4256 3279 4311 venit
3339 4256 3580 4325 SUSpicio

2005 4323 2366 4380 adulterinum
2383 4323 2640 4379 Ludovici
2652 4323 2731 4378 Pii
2745 4323 2870 4379 anni
2893 4324 2997 4395 829
3014 4326 3245 4395 diploma
3259 4323 3590 4394 descriptum

2010 4395 2179 4475 fuisse
2191 4395 2513 4475 'in.i_pso_me_t
2542 4396 2881 4475 autographa
2894 4394 3162 4475 [Arnul’phi
3179 4396 3305 4475 anni
3331 4396 3434 4452 889
3447 4395 3591 4465 quod

2011 4465 2134 4520 ideo
2168 4463 2565 4535 periiLVHujus
2604 4463 2748 4519 enim
2772 4463 3000 4535 tantum
3032 4463 3339 4535 apographa
3377 4463 3592 4521 exstant

2012 4545 2124 4590 tum
2146 4533 2201 4588 in
2226 4534 2448 4589 archivo
2478 4533 2818 4604 episcopatus
2857 4533 3212 4604 Tabern’en'si,
3234 4533 3357 4588 tum
3392 4536 3445 4589 in
3473 4536 3591 4603 ipso

2009 4602 2564 4674 Aprimonasterierfsi
2581 4602 2867 4674 tabulario.
2895 4603 2977 4658 Ab
2998 4603 3237 4674 ellictore
3260 4619 3390 4658 vero
3416 4602 3589 4674 totum

2008 4672 2277 4744 Arnulpbi
2300 4674 2535 4744 diploma
2574 4673 2948 4744 episcoporum
2996 4672 3471 4744 Argentinensium
3503 4672 3591 4744 ju-

2010 4745 2160 4800 ribus
2185 4742 2376 4811 nimis,
2410 4744 2731 4813 utputabat,
2769 4742 2955 4798 favens
2988 4742 3222 4797 deletum
3275 4752 3379 4806 est,
3428 4751 3482 4796 et
3532 4743 3586 4795 in

2008 4816 2128 4885 ejus
2172 4815 2347 4872 locum
2387 4814 2604 4885 scripsit
2632 4814 2700 4869 de
2730 4814 2946 4883 ingenio
2969 4814 3298 4885 [putatitiam
3328 4813 3586 4885 Ludovici

2010 4882 2093 4941 Pii
2121 4886 2392 4941 chartam.
2424 4882 2559 4939 Cu'm
2604 4898 2733 4954 vero
2766 4882 2903 4954 eam
2935 4884 3040 4954 sic”
3063 4883 3296 4938 violaret
3342 4882 3597 4954 improba

2011 4971 2221 5020 manus,
2251 4955 2304 5009 in
2336 4954 2579 5010 delendis
2606 4952 2852 5008 formulis
2878 4952 3130 5008 ﬁnalibus
3144 4969 3235 5008 ars
3280 4968 3385 5007 non
3417 4952 3591 5020 potuit

2010 5025 2288 5090 adhiberi;
2311 5026 2435 5079 inde
2457 5024 2792 5080 remanentia
2820 5023 3084 5079 exstantis
3111 5024 3240 5078 olim
3263 5022 3588 5092 Arnulpbini

2008 5096 2318 5165 diplomatis
2349 5095 2522 5166 signa.
2546 5092 2783 5166 Probant
2820 5094 2938 5166 haec
2965 5094 3107 5148 inter
3134 5094 3239 5148 alia
3280 5102 3590 5166 caracteres

2008 5162 2230 5231 diversi,
2269 5162 2574 5220 litterarum
2617 5165 2809 5220 ductus
2849 5164 2975 5228 alii,
3004 5172 3365 5220 atramentum
3416 5162 3597 5233 magis

2009 5238 2310 5307 nigricans,
2349 5235 2546 5290 litterae
2584 5237 2907 5307 crassiores.
2970 5234 3207 5307 Probant
3247 5235 3300 5288 in
3343 5234 3601 5307 numeris

2008 5302 2343 5362 nc'CCLxxxrx
2369 5305 2775 5361 deletzelitterae
2817 5321 2903 5368 ιχ,
2938 5312 2997 5358 ut
3051 5305 3177 5359 inde
3226 5302 3597 5359 conficeretur

2008 5392 2184 5431 annus
2214 5391 2493 5434 occcxxrx.
2528 5389 2635 5444 quo
2669 5376 2804 5428 vixit
2856 5373 3159 5428 Ludovicus
3204 5373 3351 5428 Pius.
3384 5373 3591 5427 Probat

2009 5447 2219 5500 deletus
2249 5460 2439 5515 annus,
2468 5459 2577 5512 quo
2596 5444 2983 5515 designabatur
3011 5458 3259 5515 regnum.
3290 5444 3492 5499 Probat
3533 5452 3591 5497 et

2010 5515 2200 5596 ipsum.
2218 5514 2479 5582 sigillum,
2532 5512 2687 5596 cujus
2721 5512 2981 5596 'protome
3006 5512 3286 5596 eleganter
3324 5515 3597 5596 impressa-

2010 5583 2065 5638 (ξι
2091 5585 2295 5654 optime
2320 5593 2641 5638 conservata
2679 5592 2763 5638 est
2791 5583 2845 5637 in
2872 5598 3006 5654 cera,
3038 5583 3159 5638 alba
3194 5602 3234 5654 :7
3258 5585 3351 5639 sed
3392 5583 3597 5639 litterar

2012 5653 2155 5708 circa
2179 5662 2343 5722 caput
2374 5654 2592 5722 scriptze
2626 5664 2752 5709 sunt
2776 5668 2970 5709 erasae.
2995 5653 3049 5709 ld
3073 5664 3189 5710 arte
3216 5653 3344 5710 fecit
3385 5654 3595 5709 charta:

2012 5735 2317 5795 corruptor,
2347 5738 2415 5780 ue
2440 5723 2696 5795 inuigillo
2717 5724 3058 5793 detegeretur
3075 5739 3271 5781 nomen
3290 5724 3599 5793 'ArnulphL.
