4006 6178
424 301 558 355 “83

1555 282 1876 342 LUDOVICI
1915 284 1934 338 l
1973 279 2440 341 COGNOMENTO
2473 275 2560 334 PII

3556 275 3703 331 “83

421 409 722 485 dignitatis]
748 425 993 481 persona,
1017 407 1081 462 de
1109 407 1312 462 eisdem
1341 407 1502 460 rebus
1534 405 1735 474 aliquid
1779 403 1991 459 abstra-
2022 409 2073 467 Α
2097 400 2410 455 monasterii
2462 395 2633 452 sancti
2664 395 2944 450 Pliiliberti
2980 395 3190 465 patroni
3228 396 3398 451 nostri
3445 405 3504 452 et
3552 414 3708 468 przeo

423 510 552 562 here
581 514 674 559 aut
710 504 974 567 minuere,
1004 500 1087 554 vel
1113 501 1168 554 in
1199 499 1332 554 alios
1362 514 1491 553 usus
1522 506 1833 566 retorquere
1862 510 2000 566 pra:-

423 603 618 650 sumat.
651 591 888 658 Quorum
918 591 1229 659 petitionem
1275 589 1475 658 justam
1524 603 1588 642 ac
1627 585 1997 640 rationabilem

414 684 738 754 iudicantes,
769 684 868 736 hos
899 681 1203 750 imperiales
1246 681 1426 750 apices
1455 687 1671 734 nostros
1725 676 2000 730 firmitatis

421 775 593 845 gratia
623 775 768 829 circa
791 788 976 827 servos
1006 771 1098 826 Dei
1129 771 1326 825 ibidem
1352 786 1450 840 per
1479 779 1721 838 tempora
1767 765 2000 820 labentia

422 869 678 938 degentes
709 866 823 920 fieri
846 865 1131 935 jussimus,
1159 879 1256 934 per
1285 879 1420 932 quos
1448 861 1788 916 decernimus
1838 867 2001 927 atque

422 957 747 1011 omnimodis
773 956 1044 1011 sancimus
1073 963 1130 1009 ut
1157 955 1333 1010 nullus
1376 963 1552 1008 rector
1594 952 1836 1023 praedicti
1881 967 2000 1005 mo-

423 1049 669 1112 nasterii,
710 1057 802 1102 aut
831 1048 1063 1104 ministri
1090 1045 1225 1116 ejus,
1252 1047 1318 1101 de
1351 1048 1510 1101 rebus
1561 1061 1696 1115 quas
1744 1045 2002 1099 moderno

423 1149 666 1208 tempore
696 1140 748 1192 in
782 1139 1110 1207 quibuslibet
1137 1137 1286 1208 pagis
1305 1146 1359 1191 et
1404 1136 1698 1191 territoriis
1730 1135 1868 1189 infra
1919 1133 2004 1188 di-

425 1231 625 1285 tionem
657 1231 866 1300 imperii
898 1231 1067 1284 nostri
1097 1230 1164 1283 ad
1185 1245 1314 1284 usus
1341 1237 1394 1284 et
1423 1230 1626 1284 victum
1653 1238 1813 1296 atque
1838 1227 2005 1282 vcsti-

424 1329 665 1376 mentum
695 1337 883 1375 eorum
908 1321 1131 1384 habent,
1162 1334 1389 1389 quarum
1418 1321 1534 1373 hmc
1583 1326 1710 1374 sunt
1737 1317 1954 1372 nomina
1986 1333 2000 1370 :

423 1411 810 1466 Cininicurtem
859 1427 981 1466 cum
1007 1410 1281 1475 Bronoilo,
1331 1410 1735 1464 Aldulficurtem
1755 1449 1769 1474 ,
1802 1407 2002 1473 Valles,

423 1502 798 1569 Drusciacum,
847 1502 1236 1558 Novamvillam
1263 1543 1276 1567 ,
1319 1502 1848 1572 Mons-Angelorum,
1889 1499 2006 1554 Wi-

425 1595 747 1658 berentium,
793 1594 1084 1664 Bagardas,
1126 1593 1496 1659 Curticellam,
1537 1592 1707 1658 Crux,
1735 1592 2007 1661 Langora-

424 1691 559 1746 tum,
592 1683 879 1754 Altegiam,
911 1685 1205 1750 Sidrutem,
1251 1683 1554 1748 Niviellam,
1588 1683 1827 1747 Verculf,
1867 1683 2008 1738 Con-

2098 491 2386 547 clarissimi
2417 488 2742 545 confessoris
2780 486 3004 552 Christi,
3046 488 3192 557 quod
3227 496 3311 543 est
3343 489 3513 543 situm
3546 498 3604 544 et
3632 492 3709 544 ab

2097 598 2162 637 eo
2187 588 2554 636 constructum
2582 580 2635 632 in
2659 578 2819 633 llcrio
2844 579 3014 632 maris
3042 577 3238 644 insula,
3265 593 3358 649 per
3380 579 3704 651 largitatem

2099 684 2299 730 sanctae
2327 672 2713 728 recordationis
2738 671 2920 725 domui
2947 669 3127 725 Caroli
3149 671 3408 742 genitoris
3434 674 3617 727 nostri
3650 683 3709 728 et

2098 763 2532 834 prmstantissimi
2582 762 2926 831 imperatoris
2983 759 3112 832 [est]
3162 761 3412 832 adeptus,
3461 772 3528 816 ut
3561 765 3710 819 ordo

2099 857 2383 925 regularis,
2412 854 2505 924 qui
2529 854 2656 909 olim
2682 854 2736 907 in
2765 853 2955 908 eodem
2987 851 3106 908 loco
3137 869 3168 908 a
3202 853 3428 923 praefato
3456 858 3709 911 sanctis-

2101 948 2240 1002 simo
2285 949 2400 1014 viro
2447 946 2742 1010 institutus,
2791 952 2846 998 et
2906 944 3090 1004 multis
3134 954 3319 1014 postea
3359 947 3710 1016 temporibus

2101 1027 2446 1092 laudabiliter
2470 1051 2534 1090 ac
2562 1036 2818 1090 decenter
2845 1044 3218 1101 conservatus,
3254 1045 3310 1090 et
3347 1037 3553 1105 partim
3605 1053 3713 1108 per

2103 1139 2377 1200 torporem
2418 1127 2852 1197 prmpositorum,
2895 1127 3092 1196 partim
3126 1142 3252 1182 vero
3280 1142 3377 1196 per
3403 1129 3703 1197 segnitiem

2106 1217 2476 1287 subjectorum
2525 1215 2702 1270 fuerat
2742 1215 3085 1285 depravatus,
3123 1217 3190 1269 ad
3224 1216 3516 1284 pristinum
3545 1233 3711 1272 revo-

2106 1316 2326 1364 caretur
2348 1315 2546 1362 statum
2575 1325 2586 1361 :
2616 1308 2797 1363 divino
2833 1307 3137 1362 admonitus
3165 1307 3442 1372 instinctu,
3477 1317 3535 1364 et
3558 1311 3714 1364 viro-

2107 1414 2228 1454 rum
2270 1399 2643 1470 religiosorum
2689 1399 3017 1454 adminiculo
3058 1398 3328 1466 suffultus,
3359 1417 3459 1470 pro
3493 1403 3716 1458 viribus

2107 1500 2355 1561 satagere
2395 1491 2630 1556 curavit,
2657 1497 2711 1544 et
2740 1490 3001 1561 genitoris
3038 1491 3207 1545 nostri
3242 1506 3308 1546 ac
3335 1499 3615 1558 nostrum,
3647 1500 3712 1547 ut

2109 1581 2225 1652 ejus
2253 1581 2342 1650 pia
2365 1581 2582 1636 devotio
2611 1579 2863 1635 effectum
2889 1581 3185 1647 obtineret,
3205 1582 3419 1636 obnixis
3442 1584 3720 1654 precibus

2111 1673 2374 1727 auxilium
2407 1672 2733 1741 imploravit.
2769 1671 2872 1725 Sed
2902 1671 3027 1741 quia
3053 1673 3364 1742 priusquam
3389 1673 3512 1741 ejus
3539 1677 3718 1730 ratio-

424 1772 626 1834 cilium,
680 1773 1230 1839 Rocconis-Montem,
1269 1774 1466 1841 Maris;
1500 1774 1583 1829 vel
1639 1773 1897 1842 quidquid
1939 1772 2008 1827 ad
2036 1787 2083 1844 Β
2111 1762 2307 1816 nabilis
2338 1762 2632 1831 postulatio
2658 1769 2713 1816 et
2741 1762 2829 1831 pia
2853 1762 3070 1816 devotio
3096 1773 3262 1817 et.....
3295 1773 3542 1833 optatum
3566 1765 3718 1821 obti-

424 1862 738 1932 supradicta
767 1863 882 1917 loca
907 1865 1163 1932 praesenti
1196 1873 1436 1934 tempore
1473 1864 1621 1933 juste
1667 1872 1721 1918 et
1763 1863 2010 1934 legaliter

425 1953 669 2022 aspicere
715 1953 953 2019 videtur,
995 1955 1195 2024 aliquid
1241 1956 1555 2010 abstrahere
1597 1963 1688 2008 aut
1724 1955 2005 2018 minuere,

426 2051 521 2096 aut
556 2043 609 2095 in
641 2041 779 2097 alios
806 2059 936 2097 usus
960 2053 1300 2108 convertere,
1358 2053 1452 2098 aut
1478 2053 1716 2114 paratas,
1753 2051 1846 2097 aut
1889 2044 2010 2098 lidi-

425 2136 685 2200 monium,
715 2143 808 2188 aut
843 2135 1196 2202 hostilicium,
1245 2145 1336 2191 aut
1363 2137 1498 2191 alias
1521 2137 1788 2205 quaslibet
1832 2135 2010 2190 redhi-

423 2225 656 2280 bitiones
679 2225 896 2297 exigere
927 2235 1289 2281 autexactarc
1303 2235 1595 2296 p’rzesumat
1616 2245 1627 2279 :
1647 2225 1739 2280 sed
1763 2239 1828 2279 eo
1849 2224 2011 2278 modo

425 2325 590 2386 atque
617 2324 804 2370 tenore
832 2331 938 2384 quo
957 2331 1098 2369 nunc
1123 2317 1434 2379 statuimus,
1459 2323 1676 2369 teneant
1701 2321 1862 2382 atque
1887 2328 2010 2383 pos-

427 2405 664 2470 sideant,
690 2405 764 2459 ita
792 2406 990 2460 nostris
1023 2413 1078 2459 et
1112 2405 1307 2459 futuris
1346 2405 1678 2474 temporibus
1707 2419 1897 2457 secure
1936 2409 2015 2456 at-

423 2510 529 2566 que
558 2495 737 2564 quiete
763 2493 998 2548 habeant
1023 2502 1076 2548 et
1104 2494 1382 2558 fruantur;
1415 2502 1683 2564 quatenus
1715 2494 1862 2563 ipsos
1897 2508 2012 2547 ser-

422 2601 520 2640 vos
550 2585 643 2640 Dei
673 2586 726 2638 in
751 2585 1009 2653 praedicto
1025 2585 1353 2639 monasterio
1377 2584 1697 2638 famulantes
1723 2600 1819 2654 pro
1834 2583 2009 2650 nobis,

424 2675 650 2748 conjuge
678 2677 942 2747 proieque
973 2686 1174 2740 nostra,
1209 2685 1371 2746 atque
1394 2676 1686 2731 stabilitate
1714 2676 1879 2730 totius
1907 2677 2012 2729 im-

425 2765 562 2834 perii
593 2766 764 2820 nostri
796 2765 1064 2836 perpetim'
1089 2766 1184 2820 Dei
1214 2767 1642 2821 misericordiam
1672 2781 1900 2820 exorare
1925 2765 2016 2821 de-

431 2856 612 2911 lectet.
665 2857 732 2911 Et
775 2866 834 2912 ut
890 2859 1003 2913 haec
1051 2859 1347 2914 auctoritas
1393 2875 1490 2929 per
1537 2857 1713 2912 futura
1771 2865 2014 2927 tempora

429 2949 790 3004 inviolabilem
816 2959 978 3020 atque
1000 2951 1372 3005 incouvulsam
1403 2951 1641 3004 obtineat
1672 2949 2007 3017 firmitatem,

428 3054 591 3093 manu
619 3041 839 3108 propria
869 3041 1412 3106 subterfirmavimus,
1432 3050 1486 3096 et
1515 3041 1698 3096 annuli
1723 3041 1892 3097 nostri
1915 3042 2014 3096 im—

431 3131 711 3200 pressione
747 3132 947 3202 signari
973 3131 1277 3199 jussimus.

502 3221 725 3292 Signum
753 3222 1011 3278 Ludovici
1041 3225 1371 3279 serenissimi
1403 3225 1759 3294 imperatoris.

502 3311 734 3378 Datalut
773 3312 910 3365 Non.
961 3313 1181 3381 Aprilis,
1239 3331 1381 3368 anno
1419 3314 1635 3369 Christo
1669 3316 1899 3386 propitio
1940 3315 2012 3369 ‘27

434 3401 647 3470 imperii
701 3401 903 3455 domini
952 3402 1209 3456 Ludovici
1263 3404 1488 3473 piissimi
1540 3404 1834 3474 Augusti,-
1866 3406 2011 3461 indi-

432 3490 612 3545 ctione
649 3492 703 3548 8.
733 3491 926 3546 Actum
977 3494 1310 3548 monasterio
1346 3493 1404 3548 S.
1443 3493 1715 3548 Gualarici
1760 3495 2008 3552 feliciter.

431 3579 625 3636 Amen.

503 3671 790 3726 Durandus
826 3672 1088 3728 diaconus
1119 3675 1187 3729 ad
1229 3675 1402 3730 vicem
1427 3674 1694 3746 Fridugisi
1726 3679 2009 3748 recognovi

433 3770 486 3815 et
515 3761 830 3832 subscripsi.

627 3917 728 3956 PRO
765 3917 986 3958 HERENSI
1027 3919 1071 3958 S.
1115 3921 1418 3959 PlllLlBERTl
1459 3921 1812 3964 MONASTERIO.

1043 3991 1216 4063 (Anno
1243 3993 1394 4065 850.)

433 4082 611 4154 [Apud
633 4083 695 4136 D.
722 4083 984 4154 Bouquet.
1001 4084 1162 4154 ibid"
1187 4100 1253 4138 ex
1271 4087 1482 4142 schedis
1511 4104 1640 4144 mss.
1673 4089 2013 4148 bibliotheca:

892 4152 950 4207 S.
985 4153 1241 4210 Germani
1271 4173 1300 4210 a
1327 4157 1550 4230 Pratis.]

501 4243 557 4296 In
581 4243 796 4296 nomine
832 4243 1044 4297 Domini
1095 4245 1185 4299 Dei
1239 4254 1295 4300 et
1340 4247 1637 4305 Salvatoris
1673 4251 1845 4306 nostri
1885 4251 2013 4308 Jesu

432 4331 654 4395 Christi,
705 4331 1007 4389 Ludovicus
1051 4344 1106 4389 et
1152 4335 1439 4395 Lotharius
1494 4342 1675 4397 divina
1730 4345 2015 4401 ordinante

433 4421 772 4491 providentia
801 4423 1156 4494 imperatores
1188 4427 1435 4499 Augusti.

503 4510 560 4565 Si
589 4512 732 4566 enim
764 4528 793 4566 a
829 4515 940 4570 Deo
970 4517 1125 4572 nobis
1163 4519 1414 4576 collatam
1450 4532 1771 4594 potestatem
1818 4529 2014 4585 divinis

430 4603 665 4658 cultibus
694 4602 941 4660 famulari
982 4605 1228 4676 facimus,
1259 4620 1312 4666 et
1339 4612 1435 4668 Dei
1471 4631 1776 4686 servorum,
1807 4635 1928 4674 cum
1957 4621 2012 4675 in

432 4695 535 4748 hoc
576 4695 772 4750 sazculo
816 4697 1052 4768 maligno
1094 4702 1254 4769 positi
1304 4718 1512 4770 sumus,
1555 4707 1792 4776 quietem
1823 4720 2012 4767 nostro

431 4786 609 4840 studio
646 4801 1020 4855 procuramus,
1061 4798 1122 4844 ut
1161 4791 1411 4848 videlicet
1462 4811 1492 4849 a
1538 4798 1723 4851 mundi
1759 4801 2012 4868 procellis

428 4888 529 4945 per
547 4883 791 4928 nostram
813 4877 1205 4944 providentiam
1229 4892 1488 4950 quantum
1512 4885 1566 4938 in
1600 4886 1756 4942 nobis
1782 4897 1884 4952 est,
1909 4891 2012 4945 tuti

430 4965 687 5029 residere,
720 4973 775 5020 et
817 4967 987 5022 libere
1025 4986 1178 5025 suam
1207 4973 1595 5042 professionem
1635 4985 1842 5045 tenere,
1873 4979 2010 5036 Deo-

429 5069 535 5122 que
582 5055 937 5110 sanctissimis
983 5057 1264 5116 desideriis
1310 5078 1375 5116 ac
1419 5065 1526 5132 piis
1572 5066 1766 5120 studiis
1817 5068 2012 5123 devota

430 5145 842 5214 tranquillitate,
869 5149 1092 5203 remotis
1119 5153 1611 5220 perturbationibus
1645 5158 1845 5222 saeculi,
1869 5155 2011 5229 jugi-

433 5242 515 5287 ter
542 5233 807 5291 inluerere
826 5237 1071 5305 valeant;
1097 5239 1148 5294 id
1173 5241 1327 5296 nobis
1352 5243 1420 5298 ad
1442 5243 1537 5298 Dei
1582 5245 2010 5304 misericordiam

430 5329 865 5394 promerendam,
900 5340 955 5385 et
983 5331 1049 5385 ad
1072 5333 1360 5388 criminum
1390 5344 1696 5392 nostrorum
1719 5338 2011 5395 absolutio-

433 5431 578 5480 nem,
620 5421 703 5471 vel
729 5419 795 5474 ad
826 5422 976 5490 regni
1023 5424 1194 5477 nostri
1224 5425 1570 5482 stabilitatem
1596 5430 1867 5498 pertinere
1901 5448 2008 5486 non

433 5507 773 5576 ambigimus.
799 5508 964 5580 Igitur
986 5522 1170 5566 notum
1193 5515 1262 5568 sit
1277 5517 1526 5573 omnibus
1546 5517 1790 5575 fidelibus
1811 5532 2010 5576 sancte

434 5593 527 5645 Dei
559 5593 812 5650 Ecclesia:
842 5617 904 5652 ac
931 5603 1150 5665 nostris,
1176 5607 1530 5672 przcscntibus
1553 5609 1760 5680 scilicet
1786 5622 1838 5665 et
1866 5611 2010 5666 futu-

435 5680 532 5745 ris,
559 5681 791 5747 qualiter
816 5687 894 5738 vir
923 5691 1243 5746 venerabilis
1265 5693 1405 5750 Atho
1435 5698 1703 5763 quondam
1727 5699 2009 5768 episcopus

2110 1863 2266 1910 neret
2290 1853 2540 1910 effectum
2560 1895 2574 1918 ,
2619 1854 2760 1908 idem
2787 1853 3072 1924 episcopus
3105 1854 3247 1909 diem
3283 1854 3482 1911 clausit
3521 1867 3715 1912 extre—

2109 1962 2298 2011 mum;
2334 1955 2390 2001 et
2430 1947 2598 2001 variis
2633 1946 3037 2017 emergentibus
3077 1948 3276 2014 causis,
3314 1946 3558 2016 ejusdem
3605 1950 3715 2006 loci

2111 2035 2460 2106 congregatio
2484 2051 2514 2089 a
2541 2035 2623 2090 sui
2650 2035 2913 2106 propositi
2939 2036 3316 2092 observatione
3341 2037 3531 2092 multis
3551 2054 3714 2093 occa-

2111 2128 2354 2182 sionibus
2382 2127 2811 2197 praepedita......
2863 2143 3048 2183 amore
3077 2143 3361 2193 succensa,
3398 2144 3463 2184 ac
3490 2130 3718 2185 ferveno

2112 2221 2323 2276 tissimo
2368 2221 2636 2276 desiderio
2665 2221 2834 2291 ignita
2853 2261 2867 2282 .
2893 2221 3142 2291 spiritali,
3173 2229 3234 2276 ut
3259 2224 3333 2277 ita
3362 2223 3563 2289 dicam,
3597 2226 3719 2278 vio-

2112 2309 2276 2364 lentia
2298 2311 2701 2364 niteretur......
2732 2319 2955 2381 ceperat
2995 2325 3060 2366 ac
3087 2311 3196 2367 Deo
3219 2310 3519 2368 devoverat
3543 2328 3710 2384 regu-

2112 2399 2283 2455 larem
2308 2399 2723 2470 professionem,
2765 2401 2900 2456 adeo
2936 2410 2996 2456 ut
3025 2394 3170 2456 nulla
3207 2402 3463 2471 qutelibet
3494 2412 3711 2474 tempe-

2112 2492 2252 2546 stiva
2299 2493 2478 2547 saeculi
2522 2494 2857 2562 perturbatio
2904 2483 2989 2548 vél
3029 2494 3334 2563 persecutio
3379 2504 3566 2564 posset
3615 2511 3713 2551 eos

2112 2583 2490 2653 quoquomodo
2535 2584 2878 2654 compellere,
2903 2593 2963 2639 ut
3003 2600 3033 2638 a
3071 2599 3168 2640 suo
3197 2585 3536 2641 exorbitaret
3578 2603 3712 2658 pro-

2112 2673 2307 2742 posito.
2327 2712 2340 2725 .
2363 2711 2376 2725 .
2401 2711 2414 2725 .
2437 2711 2450 2725 .
2477 2711 2489 2725 .
2519 2672 2843 2742 illorumque
2871 2672 3306 2729 tribulationibus
3345 2674 3714 2743 spiritualiter

2112 2765 2406 2835 compassi,
2435 2766 2561 2836 quia
2581 2767 2780 2821 mundo
2798 2768 2999 2822 mortui
3022 2768 3130 2822 Deo
3149 2766 3332 2822 vivere
3363 2769 3710 2839 satagebant,

2113 2855 2346 2911 libenter
2374 2856 2452 2910 eis
2498 2865 2721 2926 propter
2757 2855 2960 2912 Christi
3006 2871 3268 2921 amorem,
3298 2857 3453 2927 cujus
3483 2860 3710 2928 vestigia

2111 2947 2266 3016 sequi
2289 2946 2670 3003 ardentissime
2692 2949 3112 3013 contendebant,
3133 2948 3391 3002 auxilium
3413 2949 3496 3004 eis
3515 2965 3712 3020 oppor—

2112 3046 2301 3093 tunum
2326 3040 2677 3109 praebuimus,
2704 3049 2759 3095 et
2784 3049 3024 3111 optatam
3048 3040 3153 3096 illis
3176 3041 3413 3112 quietem
3437 3057 3504 3096 ac
3542 3043 3711 3098 libero

2041 3143 2085 3205 ρ
2119 3136 2286 3182 tatem
2317 3128 2703 3202 [indulsimus],
2737 3139 2898 3200 atque
2929 3131 3179 3186 abbatem
3203 3146 3270 3186 ex
3305 3132 3461 3201 ipsis,
3489 3132 3576 3200 qui
3610 3148 3714 3188 eos

2120 3217 2342 3292 [valeat]
2373 3236 2592 3290 regere,
2623 3221 2702 3276 eis
2729 3222 3148 3279 constituimus:
3178 3232 3234 3278 et
3271 3233 3517 3278 nostram
3543 3224 3714 3294 inope

2119 3311 2307 3366 rialem
2351 3313 2754 3378 auctoritatem,
2795 3329 2894 3383 per
2927 3329 3089 3383 quam
3127 3314 3267 3369 idem
3308 3315 3711 3371 monasterium

2117 3410 2172 3456 et
2197 3418 2386 3458 omnes
2413 3419 2504 3458 res
2532 3405 2601 3458 ad
2625 3420 2748 3458 eum
2781 3403 3002 3476 [ipsum]
3026 3403 3171 3474 juste
3206 3406 3561 3475 pertinentes,
3586 3422 3713 3461 cum

2115 3492 2264 3546 onmi
2297 3492 2630 3562 integritate,
2661 3493 2761 3548 sub
2791 3501 2974 3548 nostra
2999 3508 3480 3564 successorumque
3502 3505 3715 3551 nostro-

2117 3597 2236 3637 rum
2268 3583 2580 3652 plenissima
2606 3584 2918 3640 defensione
2945 3593 3000 3640 et
3028 3585 3364 3642 immunitate
3387 3597 3442 3642 et
3471 3589 3715 3644 tuitione

2116 3675 2506 3743 perpetualiter
2529 3677 2908 3740 consisterent,
2941 3675 3056 3729 fieri
3088 3676 3346 3747 jussimus
3376 3686 3465 3730 :et
3489 3693 3560 3731 ne
3592 3679 3714 3733 ulla

2119 3763 2342 3830 tributa,
2366 3764 2535 3830 freda,
2559 3780 2743 3832 censa,
2768 3767 3166 3834 mansionatici,
3198 3768 3283 3822 vel
3310 3767 3426 3823 ullm
3448 3770 3716 3838 qumlibet

2118 3853 2508 3911 redhibitiones
2533 3856 2600 3912 ab
2641 3856 2828 3911 eodem
2880 3855 3001 3911 loco
3049 3858 3160 3912 ullo
3187 3875 3420 3929 unquam
3467 3868 3718 3932 tempore

2118 3943 2358 4012 qualibet
2386 3945 2676 4000 occasione
2704 3947 3068 4016 exigerentur,
3117 3947 3369 4004 similiter
3399 3960 3594 4004 nostra
3620 3968 3713 4006 au-

2119 4035 2369 4089 ctoritate
2399 4035 2751 4090 inhibuimus.
2778 4036 2845 4089 Et
2878 4037 3137 4106 quidquid
3165 4038 3327 4093 fiscus
3365 4040 3591 4111 exigere
3635 4043 3718 4096 vel

2119 4139 2338 4193 sperare
2355 4133 2592 4194 poterat,
2621 4125 2868 4195 vel-quod
2891 4126 2958 4181 ad
2981 4137 3230 4182 nostrum
3257 4129 3538 4198 publicum
3559 4133 3717 4185 obse-

2119 4216 2303 4284 quium
2349 4217 2545 4271 exinde
2589 4217 2862 4287 pertinere
2905 4219 3220 4284 videbatur,
3271 4229 3330 4274 ut
3374 4221 3430 4274 in
3478 4220 3714 4276 fratrum

2120 4307 2424 4378 stipendiis,
2464 4307 2520 4361 in
2562 4307 2892 4378 pauperibus
2929 4309 3157 4377 alendis,
3203 4312 3260 4365 in
3299 4314 3717 4369 restaurationi-

2118 4396 2336 4450 bus.....
2363 4397 2448 4451 vel
2479 4396 2836 4452 luminaribus
2862 4399 3250 4454 concinnandis
3281 4410 3453 4454 totum
3487 4405 3716 4457 omnino

1969 4531 2012 4562 ,0
2039 4485 2092 4543 D
2117 4486 2356 4550 cederet,
2385 4486 2743 4542 libentissime
2769 4490 3160 4544 concessimus.
3187 4490 3255 4544 Et
3281 4500 3342 4544 ut
3369 4505 3593 4562 semper
3618 4493 3711 4547 ab-

2119 4574 2298 4628 batem
2339 4591 2406 4630 ex
2449 4575 2581 4644 ipsis
2622 4576 2870 4644 habeant.
2897 4579 3173 4634 licentiam
3221 4581 3478 4650 eligendi,
3509 4587 3604 4653 qui
3637 4587 3713 4639 eis

2119 4669 2441 4739 regulariter
2462 4685 2696 4739 prmesse
2725 4678 2781 4724 et
2814 4673 3072 4741 prodesse
3104 4685 3308 4744 posset,
3359 4684 3417 4728 ut
3448 4677 3600 4730 idem
3639 4679 3710 4730 lo-

2117 4774 2212 4815 cus
2259 4761 2375 4816 sine
2415 4761 2522 4814 ulla
2572 4773 2875 4830 temporum
2930 4763 3252 4820 alteratione
3280 4764 3380 4819 sub
3406 4770 3711 4822 monastico

2115 4852 2501 4921 perpetualiter
2552 4853 2875 4908 consisteret
2927 4855 3153 4922 ordine,
3204 4857 3561 4912 nihilominus
3615 4875 3712 4928 per

2118 4955 2361 4999 nostrum
2411 4955 2739 5016 praiceptum
2794 4947 3256 5004 confirmavimus.
3303 4951 3432 5006 Haec
3489 4953 3708 5021 quidem

2117 5036 2298 5088 omnia
2330 5035 2436 5090 illis
2467 5037 2815 5093 devotissime
2837 5048 3060 5109 propter
3097 5041 3190 5095 Dei
3223 5057 3468 5097 amorem
3498 5044 3710 5113 prasti-

2119 5125 2300 5191 timus,
2334 5133 2395 5180 ut
2420 5142 2452 5179 a
2487 5127 2732 5195 piissimo
2758 5128 2985 5185 Domino
3005 5138 3206 5186 aeterna
3234 5132 3390 5188 nobis
3412 5134 3468 5187 in
3498 5135 3710 5190 00318le

2111 5216 2289 5285 patria
2313 5217 2547 5286 gratuita
2567 5215 2682 5285 ejus
2701 5218 3048 5274 miseratione
3071 5221 3221 5276 fieret
3243 5225 3707 5293 recompensatio,

2115 5318 2315 5374 eosque
2357 5305 2498 5374 apud
2542 5305 2779 5360 divinam
2832 5307 3173 5364 clementiam
3220 5310 3500 5380 adjutores
3540 5325 3710 5384 atque

2119 5396 2502 5452 intercessores
2532 5397 2857 5454 haberemus
2890 5409 3197 5470 perpetuos.
3245 5403 3352 5458 Sed
3394 5419 3520 5458 cum
3560 5405 3708 5460 idem

2117 5496 2267 5552 locus
2309 5497 2608 5568 piratarum
2647 5499 3049 5556 incursionibus
3075 5503 3406 5558 creberrime
3442 5507 3707 5574 caepim

2119 5595 2394 5661 infestari,
2440 5601 2495 5650 et
2543 5596 2643 5666 ipsi
2691 5597 2939 5651 monachi
2987 5597 3183 5653 multas
3228 5599 3706 5656 inconnnoditates

2118 5708 2279 5775 atque
2333 5697 2609 5756 molestias
2651 5698 2851 5768 jugiter
2898 5709 3115 5768 propter
3164 5701 3262 5756 hoc
3319 5714 3644 5772 paterentur
3684 5725 3703 5763 :
