3996 6178
373 298 506 354 1185

1499 286 1888 346 umorum
1930 251 2488 342 Eceacsusrica.

3482 297 3618 353 1186

371 406 641 483 [cumque]
669 408 813 461 omni
843 421 984 460 anno
1013 407 1125 476 ipsa
1153 405 1449 459 necessitas
1474 419 1568 460 eos
1593 400 1940 472 compulisset
1968 397 2015 457 Α
2043 397 2272 466 publicis
2298 414 2361 454 ac
2390 398 2642 469 palatinis
2669 400 2815 454 omni
2845 410 3082 470 tempore
3105 403 3244 458 idem
3275 405 3426 461 locus
3463 410 3621 464 abso—

365 502 612 558 eumdem
641 499 819 554 locum
860 501 928 555 ab
968 499 1119 553 initio
1158 499 1308 552 verni
1360 513 1529 568 usque
1563 497 1629 552 ad
1657 497 1817 552 finem
1847 511 1940 549 au-

367 593 530 648 tomni
583 591 840 660 temporis
886 590 1156 653 deserere,
1200 601 1255 643 et
1301 589 1452 657 quasi
1493 587 1790 642 desolatum
1826 587 1942 640 sine

361 681 543 734 divino
569 678 746 734 ofﬁcio
769 679 1094 748 relinquere,
1120 687 1173 733 et
1198 694 1357 733 omne
1386 678 1743 733 ministerium
1771 677 1942 732 eccle-

360 772 475 835 size,
509 771 594 826 vel
623 771 928 826 universam
971 771 1284 826 monasterii
1331 769 1751 839 suppellectilem
1797 768 1942 823 foras

360 875 552 932 cogere
602 878 725 916 cum
771 862 921 932 gravi
958 861 1238 930 dispendio
1287 870 1340 914 et
1394 860 1607 925 labore;
1636 868 1692 914 et
1734 860 1881 914 aliud
1909 874 1940 912 a

361 969 499 1007 novo
541 952 927 1006 monasterium
966 960 1312 1014 construere;
1341 966 1408 1006 ne
1437 961 1766 1006 memoratus
1795 951 1942 1007 locus

359 1043 578 1112 penitus
607 1042 1011 1096 destitueretur.
1037 1042 1120 1095 vel
1154 1041 1541 1107 annullaretur,
1569 1049 1625 1096 et
1653 1042 1942 1096 monacho-

361 1147 480 1186 rum
510 1131 723 1186 devotio
755 1140 864 1185 tam
888 1132 1095 1186 diutina
1116 1132 1408 1202 agitatione
1436 1148 1698 1188 concussa
1720 1148 1781 1188 ac
1807 1148 1944 1202 prae—

361 1221 561 1292 pedita,
595 1221 738 1289 quod
765 1221 868 1276 hac
908 1222 1208 1292 procellosa
1242 1223 1647 1291 perturbatione
1687 1237 1752 1276 ex
1789 1233 1943 1292 parte

361 1313 639 1376 amiserat,
692 1328 1015 1381 recuperare
1061 1314 1289 1378 valeret,
1331 1315 1604 1384 petierunt
1639 1314 1942 1368 celsitudini

361 1411 560 1458 nostrae
599 1411 659 1455 ut
707 1403 761 1456 in
809 1403 1040 1457 circuitu
1067 1404 1190 1458 novi
1229 1405 1541 1459 monasterii
1569 1414 1807 1458 castrum
1838 1405 1943 1460 illis

361 1494 477 1549 ﬁeri
518 1495 974 1565 permitteremus,
1013 1503 1071 1548 ut
1114 1495 1169 1548 in
1192 1510 1258 1549 eo
1297 1496 1395 1549 tuti
1430 1505 1649 1566 possent
1672 1495 1860 1550 eodem
1887 1496 1940 1550 in

360 1583 498 1650 loco,
544 1584 634 1638 ubi
680 1583 1071 1654 professionem
1125 1587 1426 1655 regularem
1471 1585 1732 1651 fecerant,
1783 1601 1941 1640 suum

359 1674 694 1744 propositum
723 1675 1032 1739 observare,
1070 1685 1125 1730 et
1145 1685 1326 1745 optata
1356 1678 1465 1732 Deo
1508 1678 1801 1732 miserante
1834 1677 1940 1731 frui

2046 486 2187 542 lutus
2211 499 2356 544 esset
2391 503 2488 558 per
2516 490 2658 544 hanc
2683 499 2922 545 nostram
2954 492 3421 552 confirmationem
3448 501 3624 555 modis

2044 578 2314 644 omnibus,
2341 595 2570 648 cumque
2596 595 2775 634 rerum
2816 596 3038 635 suarum
3068 583 3377 655 integritate
3406 587 3627 644 irrefra-

2044 669 2292 738 gabiliter
2323 672 2601 734 consistat,
2647 673 2763 726 sine
2803 673 2909 727 ulla
2951 675 3193 744 qualibet
3234 677 3624 746 inquietudine,

2043 759 2416 828 infestatione,
2449 762 2534 816 vel
2564 762 2848 833 cujuslibet
2887 765 3265 820 redhibitionis
3309 770 3623 832 exactione;

2044 860 2104 902 ut
2137 851 2204 904 ab
2231 852 2480 906 omnibus
2511 853 2912 922 impedimentis
2940 857 3122 910 mundi
3155 859 3400 912 monachi
3428 858 3626 913 ibidem

2042 938 2154 992 Deo
2178 939 2473 996 militantes
2502 957 2599 1010 per
2639 951 2886 997 nostrum
2914 946 3152 999 studium
3179 945 3333 1001 liberi
3358 963 3421 1002 ac
3457 949 3626 1018 quieti

2042 1028 2238 1092 effecti,
2268 1031 2378 1086 Deo
2416 1033 2812 1090 ferventissime
2845 1045 2900 1090 et
2946 1037 3287 1093 laudabiliter
3332 1041 3626 1103 deservire.

2042 1129 2096 1174 et
2124 1137 2221 1190 pro
2248 1123 2403 1178 nobis
2443 1132 2496 1179 et
2541 1127 2690 1194 prole
2721 1135 2929 1191 nostra,
2971 1129 3057 1182 vel
3085 1130 3249 1184 etiam
3282 1132 3448 1186 totius
3477 1134 3627 1202 regni

2044 1212 2334 1268 stabilitate
2364 1214 2590 1268 internis
2617 1217 2756 1271 votis
2786 1233 2850 1271 ac
2879 1217 3100 1289 jugibus
3129 1221 3381 1289 precibus
3412 1224 3627 1278 valeant

2043 1303 2332 1358 Dominum
2379 1321 2628 1361 exorare.
2660 1309 2726 1361 Et
2767 1317 2824 1361 ut
2861 1311 2979 1363 haec
3027 1312 3324 1365 auctoritas
3371 1322 3630 1381 perpetuo

2044 1397 2365 1454 inviolabilis
2387 1411 2714 1470 perseveret,
2737 1418 2856 1456 eam
2876 1405 3110 1473 propriis
3151 1405 3400 1459 manibus
3446 1407 3631 1460 subter

2044 1487 2413 1556 firmavimus,
2456 1508 2520 1548 ac
2571 1494 2753 1547 annuli
2795 1495 2968 1549 nostri
3023 1495 3378 1565 impressione
3425 1498 3630 1567 signari

2037 1595 2320 1648 jussunus.

2115 1669 2337 1739 Signum
2379 1672 2636 1728 Ludovici
2679 1676 3013 1731 serenissimi
3058 1677 3404 1746 imperatoris
3445 1685 3500 1731 et
3528 1677 3631 1731 Lo-

359 1765 560 1834 quiete.
599 1763 836 1830 Quorum
867 1766 1204 1834 petitionem,
1242 1767 1366 1835 quia
1391 1765 1494 1821 illis
1514 1766 1666 1821 valde
1688 1781 1942 1822 necessa-
1971 1745 2017 1803 Β
2049 1761 2209 1814 lharii
2236 1762 2610 1831 gloriosissimi
2631 1765 2886 1837 Augusti.

363 1854 494 1909 riam
525 1853 840 1928 [novimus,]
872 1857 1224 1926 suscepimus,
1255 1867 1311 1911 et
1345 1867 1407 1911 ut
1449 1858 1520 1911 ita
1558 1858 1800 1912 facerent
1823 1873 1944 1926 per-

362 1945 623 2000 misimus.
660 1946 828 2000 Porro
864 1946 1041 2000 divina
1077 1945 1432 2014 opitulatione
1461 1947 1514 2000 in
1551 1945 1786 2001 ﬁdelium
1825 1946 1944 2000 fulti

361 2035 644 2104 adjutorio,
688 2037 1188 2106 instantissimoque
1230 2037 1408 2092 studio
1447 2044 1606 2104 prout
1653 2045 1946 2106 potuerunt

360 2129 624 2195 adhibito,
674 2130 816 2184 idem
867 2145 1002 2199 opus
1047 2131 1114 2184 ad
1165 2129 1414 2184 effectum
1464 2131 1574 2184 Deo
1620 2137 1946 2200 coeperante

359 2220 677 2290 perductum
705 2227 808 2272 est.
840 2217 946 2272 Sed
974 2227 1032 2272 ut
1056 2219 1194 2273 idem
1222 2234 1359 2288 opus
1388 2226 1660 2288 patratum
1687 2219 1818 2272 utile
1859 2218 1946 2272 fo-

361 2321 463 2375 ret,
493 2319 545 2365 et
571 2311 636 2364 ab
657 2309 1060 2364 incursionibus
1087 2309 1426 2362 inimicorum
1449 2317 1621 2361 tutum
1643 2309 1946 2362 consistere

361 2399 594 2462 valeret,
640 2398 914 2467 petierunt
961 2398 1158 2452 obnixe
1211 2407 1271 2451 ut
1324 2396 1711 2451 concederetur
1759 2398 1864 2452 illis
1912 2413 1945 2451 a

360 2498 543 2545 nostra
591 2488 900 2552 serenitate,
943 2496 1005 2541 ut
1053 2487 1302 2542 homines
1329 2485 1568 2556 ejusdem
1605 2487 1942 2553 monasterii,

359 2578 473 2633 sive
503 2578 656 2632 liberi
691 2577 805 2632 sive
833 2577 995 2643 servi,
1029 2576 1096 2630 ad
1127 2592 1248 2630 eum
1275 2576 1662 2647 perpetualiter
1687 2577 1944 2632 tuendum

359 2669 668 2738 specialiter
696 2669 1108 2739 deputarentur,
1155 2675 1210 2722 et
1238 2668 1306 2722 ab
1351 2667 1472 2722 aliis
1515 2667 1744 2736 publicis
1789 2667 1948 2722 obse-

359 2758 503 2827 quiis
533 2772 630 2827 per
660 2765 902 2812 nostram
932 2757 1240 2825 largitatem
1271 2757 1539 2810 immunes
1561 2756 1966 2837 consisterent“

360 2849 560 2921 [Quod]
609 2849 840 2904 libenter
887 2858 1106 2918 propter
1133 2849 1515 2918 praedictorum
1539 2864 1817 2904 servorum
1849 2848 1944 2904 Dei

359 2941 597 3010 quietem
646 2942 1028 3003 concessimus,
1070 2950 1231 3011 atque
1259 2951 1318 2996 ut
1348 2941 1420 2996 ita
1451 2943 1505 2996 in
1544 2941 1784 2996 futurum
1814 2958 1944 2997 con-

359 3043 689 3098 servaretur,
709 3046 806 3103 per
831 3035 972 3088 hanc
992 3042 1234 3088 nostram
1256 3034 1634 3089 auctoritatem
1655 3034 1944 3090 conﬁrma-

360 3123 557 3188 vimus,
591 3123 714 3193 quia
761 3124 945 3180 utilius
989 3125 1060 3178 ita
1091 3125 1211 3180 fieri
1251 3125 1634 3194 judicavimus,
1679 3135 1944 3196 quatenus

359 3229 576 3284 semper
615 3231 715 3286 par
761 3215 996 3271 fidelium
1036 3224 1348 3270 nostrorum
1390 3218 1457 3270 ad
1487 3217 1734 3271 eumdem
1765 3217 1945 3272 locum

357 3306 857 3362 custodiendum...
888 3316 944 3360 et
989 3307 1133 3361 idem
1178 3308 1329 3362 locus
1367 3307 1468 3362 hac
1500 3308 1787 3363 occasione
1838 3326 1944 3364 non

361 3396 576 3465 penitus
599 3396 985 3453 destrueretur.
1016 3396 1248 3454 Proinde
1286 3399 1386 3452 hos
1429 3398 1737 3467 imperiales
1765 3401 1948 3469 apices

359 3484 412 3539 ei
440 3484 556 3539 fieri
606 3485 964 3552 decrevimus,
1008 3503 1106 3556 per
1149 3504 1288 3558 quos
1334 3489 1605 3554 omnibus,
1645 3490 1786 3545 sicut
1813 3507 1954 3561 pra:-

360 3575 586 3629 missum
615 3583 717 3640 est,
752 3585 935 3630 notum
983 3576 1234 3642 facimus,
1267 3578 1392 3647 quia
1439 3580 1710 3646 volumus,
1741 3588 1796 3634 et
1833 3596 1950 3634 om-

358 3666 489 3720 nino
515 3677 620 3721 uta
643 3666 1048 3721 successoribus
1073 3669 1275 3722 nostris
1294 3679 1648 3723 conservetur
1673 3685 1949 3738 rogamus,

359 3766 420 3810 ut
469 3763 829 3811 memoratum
884 3757 1274 3810 monasterium
1329 3756 1552 3826 ejusque
1607 3759 1952 3828 congregatio

362 3846 462 3900 sub
489 3844 709 3912 speciali
731 3851 913 3898 nostra
935 3859 965 3897 a
988 3859 1362 3900 successorum
1386 3854 1701 3900 nostrorum
1722 3847 1952 3903 tuitione

362 3942 524 4004 atque
580 3933 891 3989 defensioue
940 3935 1239 4003 consistat,
1295 3945 1352 3990 et
1413 3937 1761 4007 peculiariter
1812 3953 1949 4008 quo-

362 4024 650 4080 dammodo
676 4032 908 4092 tueatur,
932 4033 987 4078 et
1008 4033 1203 4080 cuncta
1227 4040 1348 4094 quae
1368 4025 1442 4080 illi
1467 4037 1690 4097 propter
1711 4028 1949 4083 divinum

365 4131 602 4171 amorem
634 4115 1024 4181 concessimus,
1056 4126 1110 4171 et
1131 4131 1229 4188 per
1248 4116 1352 4171 alia
1378 4127 1563 4172 nostra
1587 4119 1793 4187 scripta
1821 4134 1953 4174 con-

364 4206 719 4272 firmavimus,
752 4207 1135 4264 inviolabiliter
1173 4216 1585 4275 conserventur,
1617 4217 1672 4263 et
1701 4211 1952 4266 homines

362 4301 605 4372 ejusdem
630 4301 966 4367 monasterii,
1004 4301 1118 4356 sive
1153 4301 1309 4356 liberi
1339 4302 1431 4370 qui
1461 4301 1726 4357 beneficia
1752 4301 1952 4356 exinde

364 4393 582 4458 habere,
610 4393 695 4447 vel
722 4408 883 4463 super
907 4391 1024 4462 ejus
1054 4400 1228 4448 terras
1257 4407 1604 4448 commanere
1630 4401 1947 4457 noscuntur,

362 4484 476 4539 sive
522 4483 698 4539 coloni
749 4484 835 4537 vel
882 4484 1023 4538 servi
1061 4484 1129 4538 ad
1181 4499 1305 4538 eum
1342 4481 1490 4550 juste
1521 4485 1874 4554 pertinentes,
1913 4499 1944 4538 a

362 4576 572 4630 cunctis
614 4575 844 4644 publicis
872 4575 1145 4645 obsequiis
1177 4577 1243 4630 ad
1275 4590 1374 4630 nos
1412 4577 1810 4645 pertinentibus
1840 4575 1942 4630 im-

363 4680 554 4720 munes
584 4665 652 4719 ad
697 4666 979 4720 tuitionem
1012 4666 1256 4736 ejusdem
1291 4666 1393 4721 loci
1415 4666 1499 4722 vel
1526 4667 1805 4722 servitium
1834 4681 1946 4720 me-

362 4747 586 4813 moratae
629 4757 1060 4829 congregationis
1105 4757 1250 4812 omni
1291 4768 1532 4827 tempore
1574 4759 1702 4824 sint,
1741 4759 1946 4828 absque

362 4848 589 4920 alicujus
645 4849 1026 4920 imperio.....
1075 4856 1238 4919 atque
1289 4851 1660 4906 subtractione
1707 4851 1946 4922 deputati

363 4949 525 5011 atque
559 4942 857 4996 constituti.
887 4941 954 4995 Et
975 4941 1230 5012 quoniam
1258 4941 1470 4996 modica
1508 4942 1702 4996 exinde
1741 4958 1948 4996 annua—

365 5033 483 5098 tim,
512 5034 650 5087 dona
692 5033 1006 5103 priusquam
1029 5033 1168 5088 idem
1200 5033 1334 5088 ordo
1365 5031 1563 5088 ibidem
1595 5033 1952 5088 constituere-

366 5134 471 5191 tur,
499 5127 648 5180 exire
675 5134 1090 5190 consueverant,
1117 5139 1186 5181 ne
1222 5123 1362 5180 forte
1389 5126 1475 5196 pia
1504 5135 1687 5180 nostra
1713 5127 1949 5192 devotio,

363 5215 584 5268 donatio
623 5223 786 5282 atque
822 5214 1137 5267 constitutio
1186 5215 1366 5284 gravis
1407 5215 1473 5269 ad
1519 5214 1950 5270 conservandum

365 5306 567 5359 nostris
618 5306 1020 5358 successoribus
1059 5305 1368 5369 videretur,
1416 5316 1477 5361 ut
1519 5309 1695 5363 omnis
1738 5309 1954 5364 occasio

366 5393 514 5448 illam
567 5393 800 5448 violandi
857 5396 1072 5464 penitus
1109 5395 1453 5461 auferretur,
1509 5398 1843 5453 instituimus
1895 5409 1957 5454 ut

365 5497 461 5538 sex
489 5483 638 5538 libra:
685 5485 895 5555 argenti
949 5485 1096 5539 omni
1133 5501 1274 5541 anno
1322 5489 1388 5542 ad
1433 5490 1637 5558 regiam
1677 5504 1952 5545 cameram

366 5573 560 5628 exinde
603 5576 998 5644 persolvuntur,
1043 5591 1109 5630 ea
1158 5577 1406 5632 videlicet
1446 5580 1756 5635 conditione
1787 5591 1848 5634 ut
1885 5584 1954 5638 ab

366 5663 616 5721 omnibus
641 5665 798 5722 dohis
823 5667 903 5723 vel
931 5667 1223 5739 obsequiis,
1254 5683 1348 5722 seu
1395 5686 1424 5723 a
1461 5672 1671 5725 cunctis
1699 5673 1954 5742 operibus

2116 1855 2251 1910 Data
2287 1874 2346 1912 ιιι
2388 1857 2566 1912 Nonas
2595 1858 2840 1929 Augusti,
2875 1875 3017 1915 anno
3047 1860 3264 1916 Christo
3298 1861 3534 1931 propitio
3566 1862 3630 1914 Π

2046 1945 2257 2015 imperii
2307 1948 2488 2003 domni
2539 1949 2796 2005 Ludovici
2846 1952 3075 2021 piissimi
3111 1951 3360 2023 Augusti,
3391 1952 3631 2007 Lotharii

2047 2033 2278 2091 Caesaris
2303 2038 2356 2093 8.
2388 2038 2582 2093 Actum
2613 2038 2847 2095 Silviaco
2874 2041 3094 2110 palatio.

2123 2127 2505 2184 Hirminmaris
2545 2131 2788 2186 notarius
2830 2133 2899 2186 ad
2940 2132 3114 2188 vicem
3158 2133 3439 2206 Fredugisi
3484 2149 3634 2190 reco-

2047 2217 2256 2285 gnovit.

2754 2309 2903 2363 CLII.

2457 2413 2558 2453 PRO
2596 2413 2934 2454 MONASTERIO
2963 2414 3230 2453 BESUENSI.

2659 2487 2830 2558 (Anno
2874 2487 3023 2558 850.)

2121 2575 2296 2648 [Apud
2319 2577 2382 2630 D.
2411 2576 2676 2646 Bouquet.
2711 2577 2818 2629 ibid
2843 2592 2909 2630 ex
2938 2576 3216 2646 Spicilegio
3265 2576 3562 2650 Dacberii.]

2121 2665 2179 2718 ln
2228 2664 2446 2719 nomine
2476 2665 2690 2718 Domini
2741 2664 2836 2719 Dei
2883 2673 2937 2720 et
2981 2665 3276 2720 Salvatoris
3310 2667 3481 2721 nostri
3508 2666 3635 2722 Jesu

2045 2753 2265 2819 Christi,
2282 2754 2585 2810 Ludovicus
2599 2763 2652 2811 et
2677 2755 2969 2811 Lotharius
2993 2757 3175 2811 divina
3202 2757 3490 2812 ordinante
3511 2773 3636 2828 pro-

2045 2845 2283 2899 videntia
2313 2845 2670 2913 imperatores
2705 2843 2954 2916 Augusti.

2117 2934 2174 2989 Si
2202 2936 2554 3004 petitionibus
2586 2951 2864 2989 servorum
2892 2936 2984 2990 Dei
3007 2935 3169 3006 justis
3197 2945 3252 2990 et
3289 2935 3630 2992 rationabili-

2045 3024 2147 3079 bus
2175 3023 2343 3078 divini
2364 3024 2540 3080 cultus
2562 3039 2746 3080 amore
2777 3025 3038 3092 favemus,
3071 3042 3302 3097 superna
3330 3042 3428 3082 nos
3463 3029 3636 3098 gratia

1972 3088 2016 3150 Ο
2047 3116 2247 3169 muniri
2276 3132 2383 3170 non
2415 3115 2728 3170 diffidimus.
2784 3116 3016 3172 Proinde
3064 3119 3362 3188 comperiat
3393 3119 3636 3173 omnium

2049 3205 2285 3261 ﬁdelium
2317 3216 2648 3274 nostrorum,
2691 3209 3038 3278 praesentium
3087 3209 3294 3264 scilicet
3334 3225 3398 3264 ac
3428 3209 3636 3264 futuro-

2050 3311 2192 3361 rum,
2243 3297 2490 3362 solertia,
2523 3299 2651 3366 quia
2699 3301 2964 3370 suggessit
3009 3300 3407 3355 mansuetudini
3441 3310 3636 3356 nostrae

2049 3389 2135 3442 vir
2160 3389 2486 3444 venerabilis
2511 3389 2793 3444 Albericus
2818 3390 3176 3460 Lingonensis
3205 3391 3461 3446 Ecclesia:
3500 3407 3632 3461 pra:-

2051 3477 2156 3543 sul,
2190 3479 2420 3548 qualiter
2459 3471 2768 3550 quamdam~
2795 3478 3091 3545 abbatiam,
3120 3480 3274 3550 cujus
3319 3479 3636 3536 vocabulum

2053 3581 2136 3626 est
2191 3573 2334 3629 Fons
2375 3575 2614 3638 Besuus,
2673 3588 2742 3628 ex
2789 3575 2952 3628 rebus
3002 3574 3253 3627 videlicet
3302 3575 3636 3642 episcopatus

2051 3665 2156 3728 sui,
2181 3665 2271 3717 ubi
2303 3667 2588 3734 quemdam
2620 3665 2866 3718 monachi
2897 3663 3220 3734 regulariter
3246 3664 3488 3719 viventes
3515 3663 3633 3718 fue—

2053 3760 2197 3815 rant,
2230 3752 2325 3806 sed
2352 3752 2614 3805 moderno
2645 3761 2886 3820 tempore
2932 3753 3151 3821 penitus
3179 3759 3296 3806 erat
3337 3752 3636 3816 destructa,

2054 3856 2086 3895 a
2141 3841 2506 3896 fundamentis
2553 3841 2921 3908 remdificavit,
2969 3842 3196 3897 aedificia
3221 3858 3460 3914 congrua
3507 3859 3627 3900 con-

2052 3933 2273 3998 struxit,
2306 3933 2599 3988 monachos
2625 3932 2906 3999 adunavit,
2949 3933 3196 3989 abbatem
3227 3935 3392 3990 etiam
3420 3936 3635 3992 nomine

2054 4022 2335 4093 Seraphim
2361 4022 2620 4092 praefecit.
2662 4022 2731 4076 Et
2758 4031 2819 4077 ut
2861 4024 3111 4078 monachi
3156 4024 3211 4078 in
3263 4025 3450 4080 eodem
3494 4024 3633 4090 loco,

2051 4116 2280 4170 Domino
2334 4113 2652 4185 adjuvante,
2713 4117 3025 4187 congregati
3076 4117 3269 4172 melius
3317 4127 3372 4174 et
3414 4117 3636 4176 liberius

2051 4208 2152 4263 sub
2181 4223 2372 4263 norma
2403 4217 2607 4263 sancta:
2640 4207 2842 4279 regulae
2896 4207 3012 4263 Deo
3047 4209 3365 4276 militarent,
3394 4225 3501 4266 non
3543 4226 3634 4268 so-

2052 4299 2164 4354 lum
2223 4314 2311 4354 res
2370 4314 2492 4368 qua:
2559 4299 2628 4352 ad
2682 4299 2998 4369 prmdictam
3065 4301 3336 4356 abbatiam
3397 4301 3636 4374 legaliter

2052 4388 2418 4458 pertinebant,
2448 4387 2520 4443 ibi
2547 4390 2801 4455 reddidit,
2828 4391 2922 4445 sed
2951 4391 3114 4445 etiam
3143 4391 3276 4447 alias
3295 4409 3383 4449 res
3410 4392 3477 4448 de
3502 4409 3642 4464 pra:-

2055 4479 2168 4534 fato
2197 4480 2512 4550 episcopatu
2538 4481 2737 4536 ibidem
2776 4479 3045 4548 subjecit;
3077 4481 3171 4536 sed
3201 4490 3257 4538 et
3298 4486 3639 4540 constitutio-

2056 4570 2142 4623 nis
2170 4570 2500 4634 chartulam,
2525 4585 2688 4640 quam
2716 4571 2830 4640 ipse
2885 4586 2986 4625 una
3017 4586 3117 4640 per
3150 4585 3472 4628 consensum
3522 4587 3638 4627 me-

2058 4660 2368 4730 tropolitani
2384 4662 2467 4715 sui
2480 4661 2751 4732 Agobardi
2767 4663 3183 4734 archiepiscopi,
3205 4671 3260 4718 et
3274 4663 3641 4736 suffraganeo-

2058 4771 2178 4810 rum
2201 4770 2445 4821 suorum,
2469 4771 2569 4810 nec
2592 4771 2698 4810 non
2713 4764 2768 4810 et
2790 4756 2921 4812 cieri
2943 4757 3046 4812 sibi
3062 4757 3312 4827 subjecti,
3328 4768 3641 4830 etquorum-

2059 4847 2182 4901 dam
2197 4847 2458 4902 laicorum
2473 4847 2732 4901 nobilium
2751 4848 3190 4915 confirmaverat,
3209 4849 3366 4906 nobis
3380 4851 3638 4916 ostendit,

2056 4937 2111 4991 in
2135 4954 2239 5007 qua
2277 4937 2488 5008 plenius
2524 4937 2891 5008 conscriptum
2922 4946 3060 5004 erat,
3089 4955 3196 4994 non
3226 4939 3401 4995 solum
3444 4956 3534 4996 res
3572 4943 3639 4996 ad

2049 5023 2176 5095 jam'
2232 5028 2432 5083 dictam
2498 5027 2770 5082 abbatiam
2843 5027 3091 5100 legaliter
3153 5029 3488 5100 pertinentes
3566 5028 3640 5082 ibi

2055 5123 2375 5189 reddidisse,
2403 5137 2592 5177 verum
2627 5122 2793 5178 etiam
2821 5124 2871 5178 ei
2911 5124 3171 5194 quasdam
3195 5139 3283 5179 res
3320 5123 3385 5179 de
3437 5138 3641 5179 memo-

2057 5229 2177 5274 rato
2215 5220 2528 5290 epise0patu
2551 5236 2649 5275 suo
2673 5219 2872 5274 ibidem
2896 5217 3210 5286 subjecisse.
3257 5217 3496 5283 Quarum
3522 5218 3640 5273 haec

2055 5320 2183 5366 sunt
2240 5313 2458 5367 nomina
2505 5331 2517 5365 :
2571 5311 2882 5366 Pauliacum
2947 5325 3070 5363 cum
3127 5309 3461 5378 appendiciis
3503 5308 3636 5371 suis,

2057 5403 2400 5456 Bellenavum
2445 5402 2624 5454 vicum
2663 5417 2786 5455 cum
2815 5401 2929 5454 suis
2969 5399 3322 5469 appendiciis,
3369 5400 3640 5454 Arconem

2057 5508 2182 5548 cum
2210 5491 2543 5561 appendiciis
2574 5491 2705 5545 suis.
2739 5491 2876 5545 Istas
2900 5491 3056 5545 villas
3099 5506 3220 5545 cum
3255 5491 3508 5546 omnibus
3545 5490 3640 5544 ad-

2050 5583 2324 5652 jacentiis,
2365 5598 2459 5638 seu
2490 5591 2547 5636 et
2577 5583 2724 5638 omni
2749 5596 2808 5636 re
2835 5582 3197 5652 superposita,
3238 5582 3464 5654 campis,
3517 5597 3640 5653 pra-

2057 5675 2146 5740 tis,
2201 5675 2388 5737 silvis,
2435 5673 2732 5744 pomiferis,
2786 5675 3043 5745 pascuis,
3093 5676 3432 5742 accessibus,
3483 5674 3638 5744 aquis
