3996 6178
397 317 523 372 1191

1536 309 1855 366 LUDOVICI
1899 311 1914 363 I
1955 307 2427 364 COGNOMENTO
2467 308 2550 362 PII

3516 311 3658 365 1192

395 430 622 494 Christi,
653 428 954 483 Ludovicus
983 421 1159 483 di'viua
1197 429 1480 482 ordinante
1512 426 1846 495 providentia
1871 424 1966 476 im-
1995 426 2046 483 Α
2073 430 2180 473 tam
2231 427 2492 489 ingenuos
2519 434 2682 488 quam
2728 430 2782 474 et
2824 437 3042 486 servos,
3090 424 3520 494 distringendos,
3557 440 3659 479 nec

395 527 615 587 perator
637 518 926 585 Augustus.

467 610 602 664 Cum
630 609 762 662 locis
787 607 968 662 divino
994 608 1159 662 cultui
1189 608 1513 678 mancipatis
1535 609 1604 662 ob
1631 607 1827 661 divina:
1853 620 1969 660 ser-

395 699 581 753 vitutis
607 713 846 752 amorem
875 714 1031 767 opem
1079 714 1371 768 congruam
1420 697 1644 752 ferimus
1667 737 1681 761 ,
1712 705 1768 750 et
1805 696 1972 764 impe-

394 791 584 844 rialem
613 804 822 843 morem
850 789 1102 844 decenter
1125 789 1410 858 implemus
1438 829 1452 854 ,
1482 796 1538 842 et
1574 787 1625 841 id
1650 786 1805 842 nobis
1841 798 1968 854 pro-

393 883 636 936 futurum
671 883 737 936 ad
765 890 981 935 ceterum
1012 881 1461 936 remunerationis
1511 879 1731 949 prcemia
1790 889 1974 945 capes-

393 974 564 1029 senda
586 974 856 1027 veraciter
900 973 1190 1027 credimus.
1232 973 1438 1027 Idcirco
1469 981 1654 1025 notum
1676 983 1796 1023 esse
1824 967 1972 1022 volu-

395 1079 518 1118 mus
552 1063 804 1117 omnibus
844 1061 1094 1116 ﬁdelibus
1128 1071 1330 1116 sancta:
1369 1061 1463 1116 Dei
1493 1059 1748 1115 Ecclesiae
1793 1066 1847 1112 et
1877 1073 1966 1111 no-

393 1154 523 1208 stris
549 1195 562 1217 ,
596 1154 952 1224 prteseutibus
987 1153 1196 1208 scilicet
1223 1160 1276 1207 et
1305 1153 1520 1216 futuris,
1554 1151 1681 1221 quia
1718 1147 1970 1204 monachi

391 1261 459 1299 ex
484 1246 812 1300 monasterio
841 1245 1016 1299 Sithiu
1044 1286 1058 1310 ,
1101 1246 1244 1314 quod
1267 1255 1348 1300 est
1372 1247 1533 1299 situm
1563 1245 1616 1298 in
1648 1258 1785 1313 pago
1831 1241 1969 1294 Tar-

391 1336 667 1401 vawinse,
703 1345 1073 1389 constructum
1112 1337 1164 1389 in
1194 1336 1397 1389 honore
1441 1343 1642 1389 sanctae
1686 1333 1781 1385 Dei
1819 1331 1968 1402 geni-

392 1429 548 1483 tricis
579 1443 902 1497 semperque
949 1428 1174 1497 virginis
1205 1427 1386 1481 Maria:
1436 1434 1490 1481 et
1523 1428 1800 1480 beatorum
1842 1439 1971 1491 apo-

391 1520 653 1574 stolorum
684 1520 828 1574 Petri
858 1528 912 1574 et
947 1519 1130 1582 Pauli,
1165 1520 1216 1572 in
1254 1531 1360 1587 quo
1408 1532 1635 1586 corpora
1688 1516 1969 1569 beatorum

391 1608 786 1663 confessorum'
818 1608 1020 1663 Christi
1055 1609 1348 1663 Audomari
1405 1617 1458 1661 et
1502 1605 1708 1659 Bertini
1765 1603 1972 1672 requie-

390 1708 585 1764 scunt;
627 1700 718 1754 ubi
770 1700 933 1753 etiam
964 1701 1213 1770 praesenti
1255 1707 1498 1766 tempore
1527 1697 1610 1750 vir
1649 1693 1970 1749 venerabilis

2072 512 2206 567 ullas
2250 513 2636 566 redhibitiones
2663 523 2758 567 aut
2784 513 2998 569 illicitas
3027 516 3336 571 occasiones
3373 516 3662 586 requireno

2072 603 2190 668 das‘,
2219 602 2328 656 ullo
2347 619 2584 672 unquam
2613 612 2854 674 tempore
2875 606 3082 675 ingredi
3107 609 3317 670 audeat,
3338 609 3421 663 vel
3444 621 3516 664 ea
3535 623 3660 677 quae

2071 709 2232 763 supra
2257 702 2555 749 memorata
2589 705 2717 750 sunt
2764 698 2980 765 penitus
3007 707 3261 754 exactare
3294 710 3595 770 praesumat
3640 721 3654 754 :

2070 785 2164 840 sed
2201 785 2360 839 liceat
2393 796 2691 842 memorato
2745 788 2926 842 abbati
2973 790 3195 860 suisque
3242 796 3654 849 successoribus

2070 892 2159 931 res
2193 877 2438 945 przedlcti
2467 878 2801 943 monasterii,
2826 879 2912 933 vel
2937 879 3077 934 sicut
3103 881 3156 933 in
3175 890 3445 950 praecepto
3466 883 3650 937 domui

2070 977 2125 1021 et
2151 968 2413 1038 genitoris
2436 969 2608 1024 nostri
2654 970 2966 1024 continetur
2988 1011 3004 1036 ,
3032 985 3155 1025 cum
3185 986 3374 1026 omnes
3397 971 3578 1028 fredos
3597 985 3652 1029 et

2070 1059 2279 1113 bannos
2307 1059 2408 1113 sibi
2430 1075 2718 1116 concessos
2743 1060 2843 1114 sub
2863 1061 3222 1117 immunitatis
3247 1073 3446 1118 nostra;
3469 1064 3652 1119 defeno

2072 1147 2224 1202 sione
2243 1149 2426 1216 quieto
2447 1151 2638 1204 ordine
2661 1150 2937 1218 possidere
2964 1168 2977 1203 :
3002 1159 3270 1218 quatenus
3299 1153 3443 1220 ipsos
3463 1168 3653 1206 servos

2074 1239 2198 1305 Dei,
2230 1242 2320 1309 qui
2347 1242 2542 1296 ibidem
2570 1243 2680 1296 Deo
2708 1242 3068 1306 famulantur,
3113 1257 3213 1311 pro
3243 1245 3396 1297 nobis
3419 1253 3477 1298 et
3500 1244 3652 1312 prole

2073 1341 2254 1386 nostra
2272 1374 2286 1397 ,
2317 1332 2402 1388 vel
2425 1334 2584 1388 etiam
2609 1350 2706 1402 pro
2731 1334 3026 1388 stabilitate
3054 1335 3217 1388 totius
3243 1335 3454 1402 imperii
3480 1336 3649 1387 nostri

2071 1438 2102 1475 a
2128 1423 2234 1476 Deo
2261 1425 2414 1478 nobis
2441 1425 2682 1478 concessi
2711 1434 2873 1493 atque
2904 1423 3294 1488 conservandi,
3316 1422 3520 1492 jugiter
3551 1423 3650 1476 Do-

2073 1512 2206 1566 mini
2247 1513 2678 1567 misericordiam
2730 1528 2957 1568 exorare
3011 1513 3260 1568 delectet.
3309 1513 3380 1566 Et
3426 1522 3486 1566 ut
3533 1514 3652 1567 haec

2073 1603 2367 1655 auctoritas
2434 1603 2636 1657 nostris
2687 1602 2990 1673 futurisque
3044 1603 3375 1672 temporibus
3419 1602 3651 1658 Domino

2073 1700 2387 1761 protegente
2430 1692 2607 1745 valeat
2629 1691 2940 1746 inconvulsa
2965 1706 3214 1756 manere,
3241 1707 3400 1745 manu
3431 1692 3651 1761 pr0pria

389 1790 706 1859 Fridugisus
758 1801 976 1844 auctore
1025 1791 1134 1845 Deo
1167 1789 1334 1844 abbas
1361 1796 1559 1858 praeest
1589 1804 1602 1840 :
1654 1785 1968 1840 obtulerunt
1997 1779 2042 1836 B
2072 1783 2258 1836 subter
2276 1798 2395 1836 eam
2425 1783 2776 1848 firmavimus,
2802 1791 2857 1836 et
2888 1782 3070 1836 annuli
3098 1783 3268 1836 nostri
3297 1782 3654 1851 impressione

391 1883 668 1936 obtutibus
694 1883 895 1935 nostris
923 1883 1300 1935 auctoritatem
1325 1879 1683 1934 immunitatis
1707 1876 1888 1931 domui
1919 1884 1974 1928 et

389 1973 654 2044 genitoris
693 1973 866 2026 nostri
905 1971 1106 2038 Caroli,
1144 1974 1297 2027 bonae
1332 1971 1607 2024 memorize
1637 1967 1971 2023 serenissimi

389 2063 751 2133 imperatoris,
783 2065 834 2117 in
864 2080 970 2134 qua
991 2064 1370 2118 continebatur
1393 2063 1659 2116 insertum
1689 2061 1832 2129 quod
1862 2073 1970 2113 nou

394 2154 570 2208 solum
631 2154 777 2223 ipse,
830 2169 1018 2208 verum
1074 2153 1239 2208 etiam
1293 2159 1348 2206 et
1395 2161 1766 2205 antecessores
1813 2149 1968 2219 ejus,

301 2231 318 2242 χ
388 2244 604 2314 priores
673 2260 830 2315 reges
890 2243 1146 2297 videlicet
1208 2243 1592 2306 Francorum,
1655 2240 1970 2308 praedictum

390 2334 780 2389 monasterium
821 2333 892 2388 ob
939 2349 1180 2388 amorem
1239 2333 1362 2396 Dei,
1417 2330 1972 2400 tranquillitatemque

389 2426 618 2480 fratrum
662 2425 860 2479 ibidem
901 2424 1311 2480 consistentium
1335 2463 1350 2488 ,
1391 2437 1605 2492 semper
1641 2421 1740 2474 sub
1771 2420 1970 2489 plenis-

391 2516 528 2570 sima
558 2513 872 2568 defensione
892 2522 947 2568 et
973 2512 1332 2567 immunitatis
1353 2512 1580 2566 tuitione
1609 2509 1923 2564 habuissent
1951 2526 1962 2562 :

387 2607 482 2660 sed
515 2621 612 2676 pro
641 2605 914 2659 firmitatis
942 2604 1120 2658 studio
1141 2604 1547 2674 postulaverunt
1576 2609 1634 2655 ut
1662 2616 1766 2655 non
1796 2600 1969 2654 solum

384 2708 672 2771 paternum
695 2713 789 2753 seu
812 2697 1273 2767 prmdecessorum
1298 2704 1607 2751 nostrorum
1639 2710 1824 2764 regum
1855 2708 1971 2747 mo-

395 2806 513 2845 rem
574 2797 895 2858 sequentes,
958 2786 1330 2856 hujuscemodi
1386 2793 1585 2840 nostra:
1633 2781 1970 2837 auctoritatis

389 2889 722 2951 praeceptum
777 2895 905 2948 erga
936 2879 1114 2948 ipsum
1171 2877 1559 2932 monasterium
1608 2874 1967 2930 immunitatis

388 2983 551 3042 atque
585 2972 827 3026 tuitionis
869 2971 1040 3040 gratia
1096 2971 1212 3024 fieri
1266 2967 1608 3036 juberemus,
1665 2966 1758 3021 sed
1805 2965 1967 3019 etiam

385 3077 834 3131 percenseremus
858 3070 916 3114 ut
936 3075 1125 3114 omnes
1153 3049 1318 3113 cellas
1345 3065 1400 3112 et
1434 3057 1585 3111 villas
1611 3071 1708 3110 seu
1737 3063 1967 3110 exteras

2076 1871 2278 1940 signari
2301 1870 2562 1938 jussimus
2582 1913 2597 1928 .

2147 1962 2371 2032 Signum
2402 1963 2655 2018 Ludovici
2684 1964 3013 2018 serenissimi
3038 1964 3397 2035 imperatoris.

2143 2052 2428 2106 Durandus
2467 2054 2723 2108 diaconus
2750 2053 2818 2108 ad
2847 2054 3021 2108 vicem
3051 2054 3319 2125 Fridugisi
3354 2053 3652 2120 recognovi

2078 2150 2135 2196 et
2157 2143 2472 2212 subscripsi.

2763 2237 2960 2292 CLVII.

2459 2339 2558 2378 Ριιο
2584 2339 2921 2379 κοΜδτειιιο
2954 2341 3252 2380 PRUIIENSI.

2670 2417 2857 2488 (Anno
2888 2418 3044 2489 851.)

2074 2507 2252 2578 ιΑρυὰ
2276 2505 2502 2561 Marten.
2529 2509 2763 2577 ampliss.
2790 2507 2952 2572 (1011.,
2976 2516 3013 2560 t.
3035 2507 3077 2571 Ι,
3100 2523 3156 2577 p.
3184 2507 3357 2572 85,ex
3375 2508 3658 2564 chartario

2691 2597 3037 2668 Prumiensi.j

2142 2684 2199 2740 In
2224 2687 2441 2741 nomine
2474 2685 2686 2742 Domini
2722 2687 2815 2741 Dei
2865 2696 2919 2740 et
2963 2686 3256 2741 Salvatoris
3309 2689 3478 2742 nostri
3521 2687 3656 2743 Jesu

2070 2779 2291 2847 Christi,
2323 2781 2624 2839 Ludovicus
2652 2783 2831 2838 divina
2861 2783 3146 2838 ordinante
3177 2786 3517 2852 providentia
3551 2787 3658 2840 im-

2069 2881 2289 2940 perator
2313 2874 2608 2944 Augustus.

2141 2964 2198 3019 Si
2226 2966 2372 3020 enim
2393 2982 2456 3020 ea
2482 2983 2603 3036 qua:
2629 2967 2813 3021 ﬁdeles
2842 2967 3053 3038 imperii
3099 2968 3271 3022 nostri
3316 2983 3414 3038 pro
3457 2983 3649 3023 eorum

2068 3059 2560 3126 opportunitatibus
2611 3059 2753 3113 inter
2815 3074 2873 3113 se
2927 3061 3397 3125 commutaverint,
3451 3065 3650 3115 nostris

387 3154 760 3224 possessiones
801 3151 1045 3222 praedicti
1097 3148 1410 3204 monasterii
1447 3156 1646 3204 sancta:
1695 3145 1875 3200 Maria:
1911 3153 1964 3198 el
1993 3129 2037 3193 (ἶ
2070 3153 2456 3208 confirmamus
2473 3150 2684 3214 edictis,
2718 3150 3049 3219 impcrialem
3083 3166 3400 3205 exercemus
3423 3167 3650 3206 consue-

386 3243 560 3296 sancti
597 3241 740 3296 Petri
773 3251 828 3295 et
856 3241 1007 3294 Pauli
1035 3281 1050 3307 ,
1092 3249 1253 3309 atque
1274 3239 1556 3294 beatorum
1585 3237 1881 3292 Audomari
1911 3246 1966 3290 et

390 3332 592 3385 Bertini
619 3371 633 3396 ,
673 3347 793 3400 qua:
824 3331 879 3383 in
906 3330 1237 3398 quibuslibet
1272 3331 1427 3400 pagis
1467 3336 1522 3383 et
1551 3329 1848 3383 territoriis
1885 3327 1965 3380 iu-

387 3421 470 3475 fra
501 3421 759 3476 ditionem
787 3422 999 3490 imperii
1046 3421 1216 3475 nostri
1260 3429 1540 3486 constant,
1577 3420 1754 3474 nullus
1785 3436 1970 3474 succe-

386 3513 626 3566 dentium
651 3520 959 3567 nostrorum
987 3513 1225 3566 dividere
1245 3552 1261 3578 ,
1307 3520 1400 3566 aut
1436 3511 1488 3565 in
1516 3510 1653 3565 alios
1681 3526 1810 3565 usus
1846 3525 1969 3564 con-

386 3610 595 3657 vertere
638 3602 1016 3672 praesumeret’;
1060 3609 1115 3656 et
1145 3611 1204 3656 ut
1233 3601 1440 3656 familia
1486 3599 1727 3670 ejusdem
1780 3615 1968 3654 mona-

388 3695 540 3748 sterii
585 3694 744 3748 nullis
771 3694 1098 3763 quibuslibet
1137 3693 1446 3749 hominibus
1501 3693 1744 3748 foderum
1791 3693 1962 3747 daret.

389 3783 628 3850 Quorum
660 3783 1011 3854 petitionibus
1056 3783 1287 3839 libenter
1325 3783 1725 3852 acquievimus,
1781 3793 1836 3837 et
1891 3784 1965 3837 ita

384 3873 754 3938 concedimus,
783 3881 945 3943 atque
978 3889 1075 3945 per
1102 3875 1247 3928 hunc
1280 3881 1610 3943 praeceptum
1637 3873 1690 3927 in
1715 3872 1966 3927 omnibus

385 3964 792 4020 confirmamus.
817 3965 884 4020 Et
913 3966 1034 4020 ideo
1060 3979 1404 4021 successores
1445 3973 1664 4019 nostros
1712 3965 1968 4020 admone-

384 4071 506 4111 mus
533 4057 752 4110 utsicut
783 4072 881 4110 nos
912 4056 1171 4126 prmdicto
1201 4055 1532 4110 monasterio
1560 4062 1761 4108 sanctae
1783 4053 1965 4108 Mariae

384 4155 440 4201 et
465 4147 638 4202 sancti
662 4145 805 4201 Petri
827 4155 880 4200 et
904 4146 1057 4200 Pauli
1089 4156 1252 4215 atque
1291 4147 1576 4201 beatorum
1609 4143 1812 4200 Christi
1837 4160 1966 4200 con-

384 4234 650 4290 fessorum
679 4235 973 4289 Audomari
1008 4243 1064 4289 et
1102 4236 1308 4290 Bertini
1336 4235 1736 4299 concessimus,
1771 4235 1844 4289 ita
1888 4235 1965 4290 illi

386 4336 563 4380 ratum
590 4336 643 4380 et
672 4327 864 4382 stabile
918 4342 1235 4395 permanere
1282 4329 1636 4397 permittant;
1669 4334 1729 4381 ut
1760 4326 1961 4380 nullam

385 4417 705 4472 divisionem
732 4417 782 4471 in
823 4417 1168 4472 monasteriis
1191 4426 1284 4472 aut
1325 4418 1496 4483 cellis,
1539 4417 1621 4472 vel
1653 4417 1818 4482 villis,
1865 4432 1960 4471 seu

383 4506 595 4561 cmteris
618 4508 1051 4578 possessionibus
1066 4549 1080 4574 ,
1127 4509 1180 4562 in
1203 4508 1531 4578 quibuslibet
1562 4509 1716 4580 pagis
1739 4517 1833 4563 aut
1857 4517 1963 4563 ter-

384 4599 588 4654 ritoriis
635 4601 977 4666 consistant,
1019 4599 1220 4656 faciant
1267 4611 1362 4654 aut
1394 4599 1572 4655 facere
1601 4600 1959 4670 permittant,

383 4699 477 4744 aut
501 4690 554 4744 in
583 4689 716 4745 alios
747 4707 875 4746 usus
904 4692 1048 4761 ipsas
1090 4706 1177 4746 res
1219 4699 1588 4762 retorqueant.
1620 4690 1726 4747 Sed
1767 4702 1818 4746 et
1861 4693 1964 4748 hoc

383 4796 480 4851 per
509 4781 608 4835 hos
647 4781 954 4852 imperiales
982 4782 1161 4851 apices
1191 4783 1464 4837 sancimus
1509 4790 1670 4851 atque
1719 4783 1964 4838 decerni-

385 4886 506 4926 mus
546 4881 602 4926 ut
640 4873 819 4927 nullus
841 4872 1007 4941 judex
1048 4873 1294 4942 publicus
1321 4915 1335 4941 ,
1384 4882 1479 4928 aut
1505 4875 1758 4944 quislibet
1785 4891 1851 4930 ex
1870 4874 1961 4943 ju-

381 4960 606 5016 diciaria
636 4971 903 5033 potestate
952 4965 1005 5018 in
1061 4963 1324 5019 ecclesias
1372 4973 1463 5018 aut
1508 4965 1656 5030 loca,
1689 4965 1773 5021 vel
1803 4980 1961 5036 agros

383 5066 478 5106 seu
507 5051 745 5122 reliquas
774 5054 1146 5122 possessiones
1181 5055 1466 5109 memorati
1490 5056 1802 5111 monasterii
1826 5070 1962 5124 quas

384 5144 640 5199 moderno
683 5153 924 5215 tempore
972 5145 1023 5198 in
1054 5146 1549 5216 quibuslibctpagis
1578 5157 1633 5201 et
1678 5147 1960 5201 territoriis

383 5234 524 5289 infra
551 5236 808 5291 ditionem
857 5238 1068 5308 imperii
1109 5239 1280 5292 nostri
1306 5237 1451 5307 juste
1475 5247 1529 5292 et
1569 5237 1814 5308 legaliter
1839 5254 1962 5308 pos-

383 5327 544 5394 sidet,
571 5341 734 5402 atque
759 5331 1012 5403 deinceps
1045 5332 1096 5386 in
1113 5330 1238 5401 jure
1265 5330 1433 5402 ipsius
1459 5331 1632 5385 sancti
1658 5330 1758 5386 loci
1782 5331 1961 5386 volue—

382 5417 456 5469 rit
496 5417 676 5474 divina
706 5421 877 5490 pietas
899 5438 1130 5493 augere,
1161 5424 1228 5476 ad
1253 5437 1449 5478 causas
1482 5420 1770 5490 judiciario
1814 5437 1963 5477 more

383 5507 710 5576 audiendas,
739 5511 820 5567 vel
870 5512 1021 5567 freda
1069 5515 1368 5585 exigenda,
1417 5521 1510 5568 aut
1551 5514 1854 5593 mansiones
1883 5512 1965 5568 vel

383 5606 597 5663 paratas
619 5600 890 5657 faciendas
915 5644 928 5667 ,
961 5614 1055 5657 aut
1078 5603 1318 5660 foderum
1350 5606 1694 5676 exigendum,
1721 5613 1813 5658 aut
1837 5605 1966 5659 fide-

377 5687 622 5760 jussores
651 5690 915 5747 tollendos
941 5733 954 5759 ,
1005 5705 1098 5748 aut
1129 5696 1384 5765 homines
1421 5696 1588 5766 ipsius
1619 5696 1962 5759 monasterii,

2069 3245 2325 3307 tudinem,
2356 3249 2410 3295 et
2433 3241 2534 3294 hoc
2565 3240 2617 3293 in
2645 3241 2985 3309 postmodum
3007 3241 3129 3311 jure
3157 3240 3470 3296 firmissimo
3497 3258 3652 3296 man-

2067 3349 2254 3391 surum
2287 3347 2406 3387 esse
2442 3327 2707 3386 velumus.
2743 3331 2949 3385 Idcirco
2976 3333 3192 3385 noverit
3239 3332 3480 3386 omnium
3520 3332 3651 3388 ﬁde.

2068 3423 2198 3476 lium
2221 3432 2556 3485 nostrorum,
2583 3420 2927 3490 prmsentium
2957 3421 3162 3475 scilicet
3211 3430 3268 3475 et
3310 3421 3613 3476 futurorum
3632 3462 3648 3486 ,

2068 3514 2353 3579 industria,
2376 3512 2502 3582 quia
2527 3513 2614 3566 vir
2643 3512 2966 3566 venerabilis
2999 3511 3347 3568 Marcoardus
3370 3529 3436 3568 ex
3469 3529 3655 3568 mona~

2069 3604 2235 3658 sterio
2285 3610 2474 3656 nostro
2519 3601 2738 3655 Prumia
2799 3602 2988 3667 abbas,
3041 3601 3307 3671 suggessit
3364 3603 3648 3655 serenitati

2067 3700 2268 3745 nostra:
2299 3706 2363 3744 eo
2392 3691 2534 3761 quod
2559 3706 2680 3744 cum
2713 3691 2945 3760 quodam
2995 3692 3214 3747 homine
3266 3693 3472 3747 nomine
3512 3691 3648 3746 Liu-

2067 3781 2228 3835 doldo
2267 3791 2321 3835 et
2344 3780 2568 3850 conjuge
2597 3795 2707 3834 suae
2736 3780 3052 3850 Irmbirgam
3075 3822 3091 3846 ,
3113 3781 3181 3836 de
3207 3780 3521 3850 quibusdam
3562 3797 3650 3835 re-

2065 3871 2167 3927 bus
2199 3881 2253 3926 et
2275 3871 2557 3940 mancipiis
2581 3885 2681 3939 pro
2708 3873 2982 3925 communi
3006 3872 3240 3926 utilitate
3258 3882 3312 3927 et
3330 3872 3649 3942 compendio

2066 3963 2208 4016 inter
2232 3978 2290 4016 se
2318 3962 2798 4016 commutationem
2830 3960 3105 4016 fecissent.
3133 3963 3292 4016 Dedit
3322 3962 3489 4033 igitur
3517 3977 3646 4031 prae.L

2066 4055 2243 4110 dictus
2258 4056 2340 4108 vir
2352 4053 2674 4109 venerabilis
2704 4053 3051 4109 Marcoardus
3072 4053 3239 4108 abbas
3264 4069 3362 4124 per
3379 4070 3646 4110 consensu

2067 4154 2124 4200 et
2155 4146 2501 4200 conhibentia
2533 4143 2764 4199 fratrum
2794 4145 2849 4200 in
2889 4145 3077 4200 eodem
3103 4147 3426 4201 monasterio
3453 4147 3641 4217 degen-

2066 4233 2200 4289 tium
2223 4234 2481 4304 praedicto
2508 4233 2770 4289 Liudoldo
2797 4244 2854 4290 et
2897 4236 3124 4308 conjuge
3170 4253 3280 4292 suae
3307 4237 3644 4308 Irmbirgam,

2068 4328 2120 4382 in
2160 4343 2297 4398 pago
2347 4325 2622 4397 Spirense,
2650 4327 2704 4382 in
2740 4328 2866 4382 villa
2915 4345 3011 4384 seu
3059 4345 3238 4385 marca
3285 4347 3404 4398 quae
3450 4333 3647 4387 dicitur

2067 4417 2467 4483 Mekkimheim,
2498 4420 2783 4474 ecclesiam
2823 4436 2986 4475 unam
3030 4436 3156 4476 cum
3183 4424 3355 4487 atrio,
3388 4434 3540 4480 curte
3593 4435 3646 4479 et

2065 4522 2214 4573 casa,
2243 4509 2401 4562 simul
2430 4525 2552 4563 cum
2583 4510 2812 4565 diversis
2843 4512 3216 4567 mansionibus
3245 4529 3342 4583 per
3387 4516 3641 4580 circuitu,

2067 4615 2186 4654 cum
2216 4599 2499 4670 mancipiis
2521 4601 2720 4655 ibidem
2749 4605 3238 4669 commanentibus,
3274 4622 3502 4675 quorum
3530 4609 3644 4664 bare

2064 4696 2193 4743 sunt
2239 4689 2479 4754 nomina,
2509 4689 2873 4746 Grimbertum
2904 4731 2920 4756 ,
2972 4692 3278 4763 Rotgildum
3304 4736 3320 4761 ,
3366 4695 3601 4768 Ingirion
3626 4741 3640 4763 ,

2064 4784 2434 4856 Liudbirgam,
2461 4786 2786 4852 Diutarium,
2816 4787 3136 4842 Wolfarium
3154 4831 3168 4854 ,
3197 4789 3638 4858 Willemannum,

2065 4877 2407 4944 Riebertum,
2443 4878 2790 4945 Ricbaldum;
2825 4889 2879 4935 et
2902 4881 2966 4935 de
2996 4889 3139 4936 terra
3179 4885 3369 4938 arabili
3403 4885 3642 4954 jornales

2065 4985 2189 5034 xcv,
2218 4970 2283 5025 de
2313 4970 2485 5026 vineis
2507 4970 2748 5040 jornales
2773 4987 2824 5025 IV
2851 4980 2906 5026 et
2930 4972 3231 5039 dimidium,
3269 4974 3335 5029 de
3359 4987 3516 5044 prato
3556 4979 3642 5031 ubi

2066 5067 2291 5129 possunt
2326 5060 2502 5131 colligi
2546 5060 2692 5126 feuo,
2722 5062 2976 5117 carrades
3012 5079 3100 5127 vr;
3145 5073 3199 5118 et
3228 5066 3278 5118 in
3312 5065 3420 5120 alio
3448 5067 3568 5121 loco
3594 5069 3645 5120 in

2071 5152 2188 5206 villa
2212 5167 2304 5206 seu
2331 5169 2511 5208 marca
2537 5170 2656 5222 qua:
2695 5155 2891 5209 dicitur
2913 5156 3343 5212 Fridolvesbeim
3373 5159 3644 5224 curtilcm,

2067 5252 2123 5297 et
2150 5243 2216 5296 de
2255 5252 2400 5297 terra
2427 5245 2614 5299 arabili
2637 5246 2876 5315 jornales
2905 5265 3094 5312 LXXIII,
3121 5251 3186 5304 de
3219 5259 3374 5320 prato
3401 5250 3472 5305 ad
3491 5266 3648 5304 cara-

2071 5335 2168 5390 das
2199 5351 2248 5389 vi
2286 5354 2298 5388 :
2331 5337 2493 5391 etiam
2535 5346 2590 5392 et
2634 5339 2685 5391 in
2736 5339 2919 5394 marka
2949 5340 3342 5397 Wakkenheim
3371 5343 3438 5398 de
3475 5344 3650 5397 vincis

2072 5426 2215 5480 inter
2241 5435 2413 5482 totum
2436 5425 2676 5494 jornales
2699 5444 2730 5481 v
2764 5439 2817 5484 et
2845 5440 3056 5500 pratum
3093 5450 3256 5488 unum
3283 5435 3375 5505 qui
3403 5435 3652 5505 conjacet

2075 5517 2217 5570 inter
2242 5515 2471 5585 Altripio
2498 5525 2551 5570 et
2583 5517 2904 5588 Geginheim
2942 5521 3008 5576 ad
3053 5522 3199 5576 ilium
3229 5535 3451 5594 pontum
3486 5541 3649 5595 quem

2075 5605 2455 5676 Reginhardus
2476 5615 2530 5660 et
2552 5606 2881 5664 Ekkibaldus
2908 5612 3210 5666 habuerunt
3233 5613 3286 5666 in
3323 5614 3648 5668 beneﬁcium:

2077 5712 2198 5751 cum
2236 5696 2480 5752 terminis
2525 5704 2579 5752 et
2612 5697 3016 5756 latcrationibus
3044 5717 3254 5770 earum,
3296 5705 3651 5774 quemadmo-
