3996 6178
377 292 520 385 ἱιθδ

1542 320 1938 379 DIPLOMATA
1981 320 2538 380 ECCLESIASTICA.

3493 323 3632 378 “95

369 439 497 493 dum
557 435 609 490 in
663 431 864 488 eisdem
924 431 1441 488 commutationibus
1497 426 1827 486 eon'iinetur.
1882 431 1948 484 Et
1974 435 2021 492 Α
2053 438 2291 500 tempore
2320 428 2528 498 Pippini
2569 427 2655 483 avi
2707 428 2876 483 nostri
2926 428 3217 499 quamdam
3267 430 3458 486 silvam
3506 448 3628 503 qua:

367 536 585 585 econtra
615 525 667 580 in
698 525 1135 597 compensatione
1182 524 1376 580 harum
1420 537 1600 579 rerum
1648 523 1795 580 dedit
1835 537 1948 578 me-

368 629 612 676 moratus
639 617 933 674 Luideldus
955 626 1012 673 et
1038 616 1235 686 coniux
1258 633 1358 673 sua
1388 617 1647 688 Irmbirga
1663 616 1778 687 jam
1801 617 1947 672 dicto

366 708 686 764 Marcoardo
709 707 893 763 abbati
918 708 990 767 ad
1018 714 1229 777 partem
1256 707 1572 763 monasterii
1617 707 1702 763 sui
1729 708 1788 763 S.
1823 706 1942 763 Sal-

364 797 568 854 vatoris
596 797 985 860 Prumiacensi,
1021 796 1103 851 vel
1124 804 1396 853 rectorum
1438 797 1492 852 in
1539 798 1728 853 eodem
1765 811 1947 852 mona-

362 885 531 943 sterio
558 899 654 955 per
679 893 920 954 tempora
959 883 1294 957 degentium,
1334 900 1424 941 res
1457 901 1646 942 eorum
1692 887 1944 957 proprias

365 983 498 1037 sitas
527 980 581 1034 in
610 993 748 1050 pago
775 976 1066 1043 Caroasco,
1093 977 1146 1032 in
1177 976 1303 1039 villa
1337 991 1457 1047 qua:
1497 976 1696 1032 dicitur
1740 974 1944 1043 Huosa,

364 1076 841 1139 quantumcunque
875 1065 930 1119 in
966 1066 1227 1134 praedicta
1254 1064 1380 1120 villa
1410 1064 1495 1121 vel
1547 1080 1730 1121 marca
1778 1067 1946 1136 ipsius

365 1156 505 1212 villze
528 1154 778 1226 praesenti
808 1160 1050 1224 tempore
1078 1152 1280 1210 habere
1302 1152 1403 1209 visi
1426 1162 1573 1221 sunt,
1605 1162 1659 1209 et
1687 1155 1767 1211 sui
1805 1156 1948 1226 juris

364 1257 530 1317 atque
550 1243 908 1314 possessionis
931 1242 983 1297 in
1015 1256 1202 1298 eorum
1226 1243 1445 1312 proprio
1473 1240 1591 1306 fuit,
1624 1257 1746 1298 cum
1775 1243 1947 1298 domi-

364 1336 492 1400 bus,
537 1331 802 1397 zediﬁciis,
855 1330 1141 1401 mancipiis
1184 1332 1412 1401 desuper
1455 1333 1943 1398 commonentibus,

364 1438 596 1493 quorum
645 1422 761 1477 lucc
814 1430 941 1475 sunt
988 1421 1206 1476 nomina
1243 1418 1775 1492 Wulger,Wolfgoz,
1809 1421 1947 1477 Rac-

363 1515 543 1580 cboll',
571 1510 818 1569 Lantl‘rid
840 1552 858 1578 ,
886 1510 1157 1575 Wicbolt,
1187 1511 1465 1582 Beringer,
1496 1512 1728 1577 lloduin,
1760 1510 1945 1566 Wala-

365 1608 496 1662 burc
515 1645 532 1672 ,
562 1603 841 1669 Adalbolt,
868 1600 1141 1659 Gomalint
1160 1643 1173 1667 ,
1202 1599 1480 1672 Steingart
1500 1638 1514 1667 ,
1540 1600 1786 1671 Liutgart
1809 1641 1824 1664 ,
1852 1600 1946 1655 Ili-

364 1696 492 1762 eoll',
521 1695 746 1760 “'illoll',
783 1692 1083 1758 Wicldrud,
1112 1690 1416 1764 chinfrid,
1437 1690 1674 1758 IrmI'rid,
1695 1690 1941 1755 Gnotrat,

364 1787 702 1850 Beraclitrat,
732 1784 962 1850 Hildrat,
991 1784 1247 1849 Hordrat,
1276 1782 1526 1849 Liutl'rid,
1555 1782 1803 1848 Liutran,
1836 1777 2024 1839 Ilil-‘B

364 1881 562 1949 digart,
589 1879 873 1950 'l‘biatgoz,
896 1874 1107 1941 Nitran,
1149 1874 1400 1944 Gundila,
1439 1877 1597 1933 Zeiza
1614 1918 1629 1943 ,
1654 1876 1908 1932 Liutmun
1930 1920 1944 1943 ,

368 1968 687 2035 Dcrabtran,
703 1967 1003 2040 Reginl‘rid,
1026 1964 1612 2038 Liol’gunt,Adaldrud,
1640 1968 1945 2033 Ilimidrutl,

365 2059 696 2131 Beraligunt,
728 2074 851 2115 cum
876 2059 1072 2128 pratis,
1092 2058 1264 2123 silvis,
1287 2058 1526 2128 pascuis,
1551 2058 1754 2133 stirpis,
1772 2059 1945 2129 aquis,

366 2164 698 2221 aquarumve
722 2148 1060 2213 decursibus,
1083 2148 1268 2203 omnia
1296 2156 1353 2204 et
1387 2163 1454 2204 ex
1480 2149 1751 2214 omnibus,
1779 2157 1947 2206 totum

364 2240 501 2296 etad
518 2240 793 2312 integrum
816 2238 902 2293 vel
945 2238 1333 2309 inexquisitum
1380 2239 1769 2310 perpetualiter
1806 2256 1947 2310 pm-

365 2330 513 2386 dicto
534 2328 868 2384 monasterio
898 2328 965 2382 ad
994 2326 1300 2383 habendum
1332 2327 1689 2383 tradiderunt.
1718 2326 1866 2383 Unde
1894 2337 1948 2385 et

366 2421 501 2476 duas
525 2417 976 2476 commutatiozzes
1001 2417 1118 2487 pari
1150 2424 1336 2471 tenore
1369 2417 1742 2487 conscriptas,
1773 2418 1947 2471 mani-

367 2513 574 2582 busque
614 2509 880 2565 bonorum
918 2509 1197 2565 hominum
1227 2506 1511 2563 roboratas
1553 2520 1612 2562 se
1647 2521 1759 2577 pra:
1783 2507 1952 2560 mani-

365 2602 470 2657 bus
499 2602 701 2657 habere
732 2599 1011 2670 professus
1042 2605 1145 2654 est.
1180 2596 1287 2653 Sed
1314 2612 1413 2668 pro
1442 2598 1651 2668 integra
1694 2594 1949 2651 ﬁrmitate

368 2692 521 2765 petiit
545 2689 851 2747 celsitudini
877 2694 1078 2749 nostrre
1106 2697 1164 2744 ut
1202 2687 1347 2757 ipsas
1377 2688 1831 2743 commutationes
1854 2686 1948 2743 de-

368 2798 477 2836 nuo
502 2796 599 2851 per
619 2789 821 2835 nostra:
850 2777 1280 2834 mansuetudinis
1306 2785 1633 2849 praeceptum
1659 2775 1869 2848 plenius
1889 2776 1946 2832 in

370 2871 464 2926 Dei
499 2869 718 2925 nomine
744 2867 1072 2924 conﬁrmare
1119 2868 1461 2933 deberemus,
1498 2865 1655 2937 cuius
1699 2867 1947 2940 petitioni

368 2959 637 3030 denegare
672 2957 981 3024 noluimus;
1032 2959 1131 3016 sed
1176 2959 1319 3015 sicut
1366 2958 1659 3029 unicuique
1706 2957 1947 3015 ﬁdelium

369 3057 678 3105 nostrorum
711 3047 856 3117 juste
898 3048 1219 3119 petentium,
1248 3048 1322 3103 ita
1351 3061 1451 3103 nos
1496 3047 1571 3103 illi
1612 3046 1949 3117 concessisse

370 3095 678 3105 --ν---ν--η
711 3095 854 3117 σ---ν
898 3095 1219 3119 κ--ν--η---σι
1248 3095 1322 3103 ---
1351 3095 1449 3103 --η
1617 3095 1948 3117 annm,"

367 3148 531 3209 atque
560 3139 612 3194 in
632 3139 883 3195 omnibus
900 3139 1250 3195 conﬁrmasse
1270 3139 1597 3210 cognoscite.
1621 3138 1945 3209 Praecipien-
1973 3117 2018 3180 (ἶ
2052 3095 2088 3152 p

369 3239 450 3286 tes
469 3246 597 3301 ergo
615 3228 867 3299 jubcmus
896 3238 955 3284 ut
975 3230 1233 3300 quidquid
1258 3246 1383 3301 pars
1400 3230 1546 3301 juste
1572 3241 1627 3287 et
1653 3233 1948 3290 rationabi-

369 3321 494 3379 liter
526 3320 681 3377 alteri
720 3321 966 3387 contulit,
999 3322 1073 3377 ita
1103 3322 1358 3393 deinceps
1385 3338 1482 3394 per
1513 3325 1653 3380 hanc
1703 3336 1947 3382 nostram

370 3400 748 3468 auctoritatem
769 3410 897 3481 jure
920 3412 1233 3470 ﬁrmissimo
1258 3421 1448 3495 teneat.
1463 3422 1626 3486 atque
1651 3416 1945 3487 possideat,

370 3501 455 3556 vel
481 3501 741 3571 quidquid
773 3503 967 3559 exinde
997 3503 1176 3560 facere
1200 3505 1448 3573 voluerit,
1491 3506 1661 3563 libero
1691 3508 1744 3563 in
1771 3510 1948 3563 omni-

370 3591 473 3645 bus
508 3590 822 3667 perfruatur
873 3593 1100 3649 arbitrio
1138 3593 1375 3650 faciendi
1404 3597 1664 3667 quidquid
1702 3598 1944 3668 elegerit.

371 3680 510 3745 Etut
536 3682 652 3737 hmc
681 3682 977 3737 auctoritas
998 3682 1425 3738 conﬁrmationis
1439 3695 1637 3740 nostrae
1658 3701 1756 3755 per
1777 3687 1948 3740 curri-

369 3772 489 3826 cula
503 3786 767 3825 annorum
780 3768 1139 3825 inviolabilem
1152 3780 1314 3840 atque
1328 3773 1697 3828 inconvulsam
1709 3774 1949 3829 obtineat

372 3863 705 3926 ﬁrmitatem,
721 3862 787 3917 de
799 3861 998 3917 annulo
1016 3871 1202 3918 nostro
1222 3863 1411 3918 subter
1425 3862 1689 3932 jussimus
1704 3865 1945 3936 sigillari.

441 3948 725 4004 Durandus
749 3950 1006 4005 diaconus
1030 3951 1097 4005 ad
1119 3951 1291 4007 vicem
1329 3950 1596 4023 Fridngisi
1642 3956 1945 4025 recognovi.

440 4042 573 4097 Data
598 4057 667 4097 vn
702 4040 826 4097 ldus
858 4038 1121 4107 Januarii,
1159 4058 1323 4110 anno,
1358 4043 1574 4099 Christo
1602 4045 1855 4115 propitio,
1882 4046 1949 4100 l7

373 4132 583 4204 imperii
608 4132 787 4188 domni
823 4132 1076 4188 Ludovici
1100 4133 1326 4205 piissimi
1367 4134 1596 4205 Augusti
1626 4143 1679 4189 et
1708 4135 1949 4192 Lotharii

372 4226 425 4288 9,
457 4222 747 4278 indictione
780 4222 833 4279 9.
868 4223 1060 4278 Actum
1091 4223 1415 4295 Aquisgrani
1461 4224 1661 4294 palatio
1694 4227 1862 4296 regio,
1896 4227 1948 4280 in

374 4317 467 4373 Dei
493 4316 710 4372 nomine
738 4314 983 4372 feliciter.
1022 4316 1213 4372 Amen.

1056 4430 1278 4489 CLVIII.

370 4556 474 4598 PRO
507 4558 675 4599 εῑιιΑ
711 4557 777 4597 Dii
818 4557 1095 4599 BARISIACO
1140 4558 1481 4599 IOSASTERIO
1511 4560 1798 4602 ELNONEXSI
1828 4561 1950 4602 SUB-

683 4628 845 4668 JECTA
899 4628 951 4666 IN
997 4628 1225 4669 υιωοεει
1281 4630 1629 4673 ιλυυυκεκει.

982 4700 1160 4774 (Anno
1186 4704 1338 4776 83L)
1956 4752 1959 4757 .

371 4791 549 4866 [Apud
575 4790 774 4848 Mabill.
797 4832 812 4857 ,
836 4792 953 4847 Act.
981 4792 1411 4937 0%.gsh7Btined.
1433 4837 1449 4862 ,
1475 4805 1617 4867 part.
1644 4814 1681 4863 I,
1714 4813 1839 4855 suac.
1869 4815 1945 4865 tv,

1022 4879 1147 4935 pag.
1176 4879 1262 4919 ω.

438 4970 497 5029 In
527 4973 745 5030 nomine
775 4971 870 5029 Dei
920 4983 977 5030 et
1020 4972 1320 5031 Salvatoris
1349 4976 1519 5032 nostri
1558 4975 1683 5033 Jesu
1718 4978 1946 5045 Christi.

368 5058 692 5129 Ludovicus,
723 5063 903 5119 divina
928 5063 1215 5121 ordinante
1241 5065 1602 5135 providentia,
1654 5069 1950 5139 imperator

367 5155 661 5226 Augustus.

434 5247 698 5302 Omnibus
734 5245 980 5302 ﬁdelibus
1002 5259 1204 5304 sancta
1223 5249 1319 5305 Dei
1355 5250 1612 5307 Ecclesiae
1638 5260 1695 5307 et
1718 5254 1943 5320 nostris,

366 5336 725 5405 prmsentibus
753 5336 962 5391 scilicet
988 5347 1045 5391 et
1070 5336 1493 5404 lnturis,notum
1522 5342 1595 5396 sit
1620 5343 1748 5411 quia
1769 5342 1947 5398 ﬁdelis

370 5437 553 5482 noster
599 5425 745 5492 Leo,
777 5426 871 5496 qui
922 5426 1172 5483 cellulam
1223 5444 1344 5498 qua:
1389 5431 1588 5486 dicitur
1617 5431 1944 5498 Barisiacus,

368 5530 490 5584 qua:
511 5522 596 5570 est
630 5523 939 5570 constructa
971 5514 1026 5568 in
1057 5516 1264 5570 honore
1303 5519 1475 5573 sancti
1504 5518 1648 5573 Petri
1688 5520 1949 5589 principis

370 5605 761 5676 apostolorum,
789 5604 1091 5675 largitionis
1116 5614 1317 5662 nostra:
1357 5608 1580 5673 habens,
1606 5618 1831 5679 questus
1865 5620 1950 5666 est

373 5710 439 5751 eo
463 5696 606 5766 quod
634 5696 807 5767 major
832 5695 901 5750 de
927 5694 1056 5751 ﬁsco
1086 5695 1358 5751 Barisiaeo
1384 5700 1493 5767 pcr'
1524 5700 1738 5755 I'ortiam
1788 5700 1944 5775 [vim]

774 5791 1045 5851 Parnm.
1086 5788 1245 5851 CIV.

2048 520 2393 591 conjungitur
2418 520 2485 575 ad
2515 519 2717 573 Silvam
2751 528 3015 585 nostram,
3034 534 3152 589 qum
3179 521 3375 576 dicitur
3416 521 3632 578 Columh

2047 609 2295 676 barias,a
2324 609 2580 680 prmdicta
2601 609 2796 665 cellula
2817 609 3175 666 abstraxisset
3204 619 3259 666 et
3285 610 3415 670 ﬁsco
3444 621 3631 669 nostro

2048 701 2329 757 sociasset.
2362 700 2527 771 Cujus
2551 717 2649 757 nos
2681 702 2758 759 rei
2809 703 3094 757 veritatem
3146 704 3424 774 cupientes
3468 706 3627 768 scire,

2047 792 2345 849 direximus
2380 795 2615 850 missum.
2638 803 2884 850 nostrum
2924 794 3203 867 lIaganum
3235 797 3514 864 vasallum,
3538 801 3631 869 qui

2048 885 2188 940 hanc
2214 899 2434 942 causam
2465 884 2520 940 in
2552 893 2738 940 nostra
2767 884 3112 957 eleemosyna
3160 885 3541 959 investigasset
3579 897 3634 943 et

2047 976 2205 1031 nobis
2239 977 2627 1035 renuntiasset.
2654 975 3076 1046 Quijussionem
3111 986 3353 1032 nostram
3387 979 3631 1049 explens,

2046 1070 2187 1127 sicut
2210 1070 2367 1127 nobis
2397 1071 2753 1136 renuntiavit,
2782 1070 2984 1126 invenit
3012 1087 3110 1140 per
3159 1070 3328 1142 legem
3381 1078 3435 1126 et
3476 1073 3635 1143 justi-

2047 1163 2177 1217 tiam
2195 1159 2309 1230 jam
2338 1162 2537 1217 dictam
2565 1162 2756 1218 silvam
2788 1163 2856 1217 ad
2879 1178 3041 1231 supra
3070 1160 3275 1217 dictam
3319 1161 3514 1217 cellam
3560 1163 3634 1216 leo

2046 1251 2201 1324 gibus
2229 1252 2499 1323 pertinere
2526 1260 2581 1308 et
2605 1268 2702 1322 per
2722 1252 2939 1308 I‘ortiam
2964 1254 3159 1308 exinde
3178 1253 3414 1308 ablatam
3441 1253 3630 1308 Inissl'.

2047 1341 2115 1397 Et
2169 1342 2296 1400 dum
2350 1342 2507 1397 nobis
2560 1343 2852 1412 praedictus
2904 1341 3138 1397 vasallus
3168 1343 3244 1397 ita
3275 1342 3634 1408 renuntiaret,

2047 1432 2251 1503 placuit
2271 1434 2552 1491 serenitati
2598 1443 2833 1501 nostrae,
2863 1436 2931 1490 ob
2984 1435 3251 1491 mercedis
3297 1446 3493 1491 nostra:
3541 1452 3637 1489 au—

2048 1532 2327 1594 gmenlum
2372 1532 2427 1579 et
2475 1532 2692 1580 atteram
2742 1524 3115 1580 retributionis
3162 1523 3417 1591 fructum,
3447 1525 3638 1596 praedi-

2048 1624 2191 1671 ctam
2219 1615 2415 1671 silvam
2444 1614 2651 1671 cellulae
2674 1615 2732 1671 S.
2756 1612 2902 1672 Petri
2926 1616 3174 1687 superius
3190 1618 3481 1673 nominata:
3499 1633 3640 1688 pra:-

2050 1707 2353 1763 sentialiter
2381 1706 2630 1773 reddere,
2660 1718 2715 1762 et
2751 1722 2913 1778 super
2945 1706 3086 1762 hanc
3132 1708 3490 1762 redditionem
3537 1707 3637 1763 hos

2050 1808 2271 1857 nostros
2297 1799 2606 1870 imperiales
2634 1799 2817 1870 apices
2848 1798 2967 1854 ﬁeri
2987 1815 2999 1852 :
3020 1813 3117 1869 per
3137 1814 3275 1868 quos
3296 1798 3641 1871 praecipimus

2051 1889 2487 1961 atquejubemus
2517 1897 2578 1945 ut
2618 1888 2801 1944 nullus
2843 1886 3071 1959 quilibet
3112 1897 3268 1959 parte
3316 1885 3434 1944 ﬁsci
3463 1890 3638 1945 nostri

2051 1983 2300 2037 eamdem
2326 1981 2523 2039 silvam
2552 1982 2618 2037 de
2635 1982 2751 2054 jam
2781 1982 2925 2037 dicta
2950 1979 3147 2036 cellula
3181 1980 3497 2037 abstrahere
3542 1993 3637 2037 aut
3729 2039 3735 2044 _

2052 2077 2320 2141 minuere,
2345 2084 2451 2131 aut.
2468 2074 2634 2146 ullam
2655 2074 2981 2132 calumniam
3011 2075 3413 2146 prrenominatte
3436 2077 3641 2133 cellula:

2052 2165 2231 2225 facere
2257 2167 2341 2223 vel
2368 2142 2616 2239 ingerere
2635 2176 2968 2240 praesumat;
2998 2168 3094 2224 sed
3120 2167 3262 2225 sicut
3280 2183 3309 2223 a
3337 2170 3494 2225 nobis
3519 2172 3642 2227 red-

2051 2259 2223 2315 ditum
2253 2267 2417 2331 atque
2444 2275 2543 2332 per
2572 2260 2713 2317 hanc
2746 2270 2991 2321 nostram
3021 2262 3404 2319 auctoritatem
3442 2264 3641 2318 conﬁr-

2050 2360 2256 2406 matum
2279 2360 2397 2418 est,
2426 2352 2503 2407 ita
2532 2354 2810 2423 perpetuis
2848 2353 3183 2423 temporibus
3210 2364 3427 2411 maneat
3453 2355 3640 2412 incon-

2051 2442 2283 2496 vulsum.
2313 2440 2381 2496 Et
2408 2450 2467 2497 ut
2493 2443 2610 2497 haec
2646 2429 2945 2498 auctoritas
2973 2442 3293 2498 redditionis
3319 2451 3518 2499 nostra:
3546 2444 3639 2499 ﬁr-

2051 2526 2194 2588 nu'or
2214 2531 2501 2598 habeatur,
2532 2540 2586 2587 et
2611 2548 2708 2603 per
2747 2533 2929 2588 futura
2968 2542 3214 2604 tempora
3260 2534 3467 2597 melius,
3501 2552 3636 2592 eon-

2050 2634 2322 2693 servetur,
2349 2627 2416 2683 de
2442 2635 2629 2684 nostro
2655 2620 2859 2684 annulo
2881 2630 3069 2687 subter
3098 2630 3362 2701 jussimus
3388 2629 3632 2702 sigillari.

2124 2715 2410 2775 Durandus
2433 2718 2694 2776 diaconus
2716 2720 2784 2775 ad
2813 2721 2986 2776 vicem
3014 2720 3309 2792 Fridugisi.

2121 2808 2256 2865 Data
2282 2824 2349 2863 xv
2379 2808 2498 2864 Kal.
2532 2809 2834 2879 Februarii,
2859 2827 3020 2879 anno,
3042 2812 3264 2871 Christo
3284 2814 3541 2885 propitio,
3570 2813 3639 2869 Π

2052 2898 2267 2969 imperii
2304 2898 2488 2955 domui
2518 2899 2775 2958 Ludovici
2818 2902 3155 2958 serenissimi
3203 2903 3547 2975 imperatoris
3583 2916 3640 2960 ct

2052 2988 2296 3045 Lotltnii
2330 2988 2560 3061 Augusti
2588 2991 2645 3057 8,
2672 2990 2968 3049 indictione
2989 2992 3043 3048 9.
3070 2992 3267 3049 Actum
3313 2995 3636 3066 Aquisgrani

2089 3080 2257 3137 alatio
2284 3083 2435 3153 regio
2464 3082 2517 3137 in
2546 3081 2643 3139 Dei
2674 3084 2892 3140 nomine
2921 3083 3169 3141 feliciter.

2741 3174 2927 3233 CLIX.

2193 3281 2293 3322 PRO
2326 3281 2660 3324 MONASTEBIO
2695 3283 2882 3326 SANC‘I'I
2920 3287 3142 3329 ΑΝΜΕΒ
3173 3289 3494 3332 VIENNENSIS.

2672 3358 2848 3431 (Anno
2875 3361 3028 3431 831.)

2051 3446 2153 3518 [Ex
2201 3448 2536 3503 chartulario
2578 3448 2822 3506 ecclesia
2869 3451 3196 3510 Viennensis
3223 3495 3237 3520 ,
3283 3455 3423 3526 apud
3456 3457 3639 3514 Baluz.

2515 3538 2716 3611 capia,
2758 3547 2798 3595 t.
2828 3539 2895 3604 ιι,
2924 3555 2978 3611 ν.
3012 3543 3197 3615 use]

2122 3628 2177 3682 In
2226 3612 2443 3682 nomine
2491 3628 2703 3683 Domini
2734 3629 2830 3684 Dei
2873 3639 2930 3684 et
2977 3612 3277 3686 Salvatoris
3316 3637 3485 3690 nostri
3515 3637 3640 3693 Jesu

1998 3752 2003 3757 -
2051 3715 2277 3780 Christi,
2332 3715 2676 3779 Ludovicus,
2720 3716 2903 3771 divina
2950 3718 3239 3776 ordinante
3284 3724 3637 3791 providentia,

2052 3804 2347 3872 imperator
2376 3801 2673 3870 Augustus.

2123 3892 2181 3949 Si
2210 3893 2550 3949 sacerdotum
2599 3911 2664 3951 ac
2704 3910 2986 3953 servorum
3017 3899 3111 3955 Dei
3158 3903 3467 3972 petitiones,
3502 3923 3643 3977 quas

2054 3985 2209 4042 nobis
2251 4001 2350 4056 pro
2387 3984 2500 4042 suis
2527 3987 2946 4045 necessitatibus
2994 3991 3354 4061 innotuerint,
3401 3998 3470 4052 ad
3507 3999 3640 4054 elle-

2053 4083 2200 4131 ctum
2219 4075 2582 4146 perducimus,
2622 4092 2728 4132 non
2754 4077 2928 4132 solum
2959 4081 3405 4144 consuetudinem
3434 4089 3639 4159 regiam

2054 4181 2371 4224 exercemus
2394 4207 2409 4232 ,
2436 4181 2639 4240 .verum
2668 4168 2832 4227 etiam
2874 4170 2942 4226 ad
2981 4172 3372 4231 beatitudinem
3402 4181 3638 4237 retribu-

2053 4259 2219 4315 tionis
2266 4259 2610 4329 prol‘uturum
2658 4259 3004 4318 conﬁdimus.
3064 4264 3297 4324 Proinde
3341 4273 3641 4342 comperiat

2052 4350 2295 4406 omnium
2335 4350 2570 4407 ﬁdelium
2609 4353 2921 4408 nostrorum
2953 4353 3243 4423 industria,
3289 4362 3638 4429 prmsentium

1975 4460 2029 4520 Β
2054 4441 2261 4497 scilicet
2291 4450 2348 4496 et
2384 4440 2689 4497 futurorum
2712 4484 2726 4509 ,
2773 4444 3007 4514 qualiter
3036 4448 3117 4502 vir
3148 4451 3471 4519 venerabilis
3510 4452 3639 4509 Ber-

2054 4534 2278 4599 nardus,
2311 4534 2636 4589 Viennensis
2664 4534 2922 4591 Ecclesia:
2950 4538 3169 4606 prmsul,
3198 4542 3420 4597 veniens
3448 4544 3515 4597 ad
3544 4560 3640 4599 no-

2054 4633 2224 4679 stram
2250 4623 2598 4685 serenitatem
2647 4625 2840 4682 detulit
2862 4627 3018 4684 nobis
3048 4635 3385 4688 astrumenta
3417 4636 3640 4692 charta-

2054 4731 2173 4771 rum
2208 4730 2307 4785 per
2344 4729 2465 4783 qua:
2502 4714 2885 4773 Ansemundus
2916 4726 2973 4774 et
3016 4718 3215 4789 eonjux
3266 4737 3365 4778 sua
3409 4724 3632 4783 Ansleu~

2052 4804 2190 4859 bona
2217 4812 2273 4859 et
2301 4802 2408 4858 ﬁlia
2432 4818 2620 4858 eorum
2666 4804 2876 4860 Remila
2901 4808 3163 4865 vocabulo
3187 4806 3423 4882 Engenia
3455 4829 3633 4870 monav

2052 4895 2278 4951 sterium
2304 4894 2479 4949 sancti
2525 4894 2755 4953 Andreae
2786 4896 3110 4955 subterioris
3137 4909 3329 4957 sancto
3377 4903 3638 4961 Mauricio

2054 4985 2496 5062 condonaverunt
2532 4993 2588 5040 et
2615 4987 2987 5054 tradiderunt,
3036 4997 3203 5062 atque
3230 4995 3473 5062 praedicti
3502 5011 3637 5054 ωη..

2051 5073 2255 5130 ditores
2285 5056 2665 5131 ob‘ﬁrmitatis
2697 5077 2939 5135 studium
2964 5056 3156 5137 sancto
3192 5056 3469 5141 Leoniano
3501 5103 3635 5146 eone
3710 5123 3737 5138 ..

2051 5165 2425 5236 signaverunt,
2458 5175 2516 5222 et
2544 5169 2646 5223 sub
2673 5177 2944 5237 potestate
2966 5180 3022 5226 et
3049 5173 3386 5231 ordinatione
3409 5216 3424 5231 .
3451 5218 3465 5232 .
3495 5217 3510 5233 .
3537 5219 3553 5235 .
3580 5219 3592 5237 .
3621 5221 3636 5237 .

2051 5256 2302 5327 Episcopi
2330 5256 2587 5313 Ecclesia:
2634 5259 2955 5316 Viennensis
2990 5269 3046 5316 et
3074 5277 3453 5323 successorum
3496 5268 3635 5325 illius

2048 5345 2166 5399 utili
2194 5346 2408 5401 actione
2439 5347 2588 5402 omni
2621 5356 2864 5419 tempore
2892 5360 3127 5407 maneat.
3162 5353 3387 5426 Insuper
3417 5366 3468 5412 et
3498 5373 3635 5430 prat-

2049 5446 2203 5505 cepta
2233 5437 2447 5505 piarunt
2492 5453 2681 5509 regum
2723 5439 2980 5507 ostendit,
3025 5442 3313 5502 'I‘euderici
3340 5450 3551 5507 scilicet
3578 5459 3637 5511 et

2049 5524 2375 5589 Guntranni,
2408 5541 2506 5596 per
2547 5541 2666 5597 qua:
2694 5529 2793 5599 ipsi
2832 5542 3020 5591 sancto
3047 5534 3308 5594 Mauricio
3337 5541 3634 5600 conﬁrma-

2050 5623 2245 5669 verunt
2284 5614 2491 5670 ﬁrmius
2525 5618 2591 5672 ad
2636 5619 2963 5676 habendum.
3013 5622 3121 5680 Sed
3168 5629 3458 5697 praedictus
3499 5634 3635 5688 Ber-

2054 5709 2257 5763 nardns
2293 5708 2578 5779 episcopus
2625 5711 2811 5767 retulit
2861 5713 3164 5772 celsitudini
3218 5714 3417 5778 nostris
3456 5724 3630 5796 ipsum

3197 5812 3274 5873 38
