4006 6178
505 291 635 347 Ηῦῦ

498 409 878 465 monasterium
926 414 1145 479 propter
1190 409 1538 480 cupiditatem
1585 409 1849 464 malorum
1898 411 2072 465 homi-
2101 414 2149 471 Λ

497 514 625 553 num
667 499 736 555 ab
775 498 962 555 eadem
1007 499 1245 556 Ecclesia
1279 488 1636 557 subtractum.
1696 501 1805 556 Nos
1857 516 2072 573 quoque

496 590 692 661 iustam
723 592 830 646 imo
874 590 1251 648 rationabilem
1293 594 1611 663 petitionem
1656 594 1798 650 illius
1821 594 2072 665 judican-

497 690 600 748 tes,
628 681 963 737 restituimus
983 682 1155 754 ipsum
1186 683 1572 739 monasterium
1601 694 1790 741 saneto
1816 685 2073 741 Mauricio

494 786 550 832 et
582 775 859 832 Barnardo
889 777 1035 832 illius
1064 776 1166 833 loci
1199 778 1452 848 episcopo
1476 791 1574 847 per
1600 786 1802 833 nostra:
1841 780 2074 834 auctori-

494 868 623 924 tatis
647 876 971 939 praeceptum
1002 881 1101 938 pro
1130 868 1378 923 mercede
1412 876 1466 923 et
1487 868 1724 924 remedio
1752 868 1945 924 anima:
1979 885 2073 924 no-

492 966 621 1013 stra:
664 965 827 1029 atque
871 958 1037 1013 totius
1087 957 1299 1028 imperii
1349 957 1520 1013 nostri
1564 957 1963 1024 emolumento,
2011 968 2073 1015 ut

492 1058 602 1104 tam
632 1049 747 1119 ipse
768 1064 929 1119 quam
958 1064 1300 1105 successores
1330 1051 1413 1105 sui
1457 1050 1660 1120 absque
1690 1049 1909 1120 cuiusce
1944 1067 2072 1109 con-

493 1140 816 1196 tradictione
847 1140 1025 1211 ipsum
1054 1141 1443 1197 monasterium
1485 1138 1736 1197 ordinent
1764 1150 1926 1214 atque
1954 1143 2069 1200 dis-

491 1240 694 1303 ponant
729 1233 1031 1289 seeundum
1068 1233 1400 1289 voluntatem
1429 1234 1523 1290 Dei
1555 1242 1611 1289 et
1640 1235 1785 1290 beati
1826 1234 2069 1290 Mauricii

490 1324 559 1379 ab
587 1323 845 1379 hodierna
874 1323 962 1379 die
986 1330 1042 1378 et
1084 1322 1366 1396 deinceps,
1407 1332 1463 1378 et
1494 1324 1565 1379 sit
1593 1325 1694 1380 sub
1732 1325 2071 1382 immunitate

491 1423 675 1471 nostra
698 1415 839 1471 sicut
858 1423 912 1470 et
930 1414 1049 1470 alite
1069 1398 1163 1470 res
1190 1414 1364 1471 sancti
1395 1413 1658 1469 Mauricii.
1689 1414 2069 1488 Praecipientes

429 1572 435 1576 ι
489 1521 621 1576 ergo
644 1505 894 1578 iubemus
935 1513 995 1560 ut
1036 1505 1216 1561 nullus
1244 1505 1410 1577 iudex
1446 1505 1692 1575 publicus
1724 1519 1900 1577 neque
1922 1501 2068 1576 iudi-

489 1596 657 1652 ciaria
685 1604 926 1668 potestas
956 1598 1023 1651 ad
1051 1611 1247 1652 causas
1280 1596 1614 1658 audiendas.
1650 1596 1733 1651 vel
1767 1593 1917 1651 freda
1946 1598 2065 1652 exi-

489 1686 683 1757 genda,
731 1696 826 1743 aut
865 1688 1174 1743 mansiones
1220 1687 1306 1743 vel
1353 1696 1576 1759 paratas
1622 1686 1938 1753 faciendas,
1975 1695 2067 1742 aut

489 1773 836 1845 ﬁdeiussores
858 1774 1153 1842 tollendos,
1185 1786 1278 1833 aut
1303 1778 1551 1834 homines
1587 1776 1828 1849 eiusdem
1872 1793 2063 1834 mona-
2090 1771 2140 1830 B

489 1865 641 1922 stcrii
671 1848 777 1920 tam
808 1867 1070 1938 ingenuos
1092 1883 1362 1940 quamque
1391 1885 1595 1936 servos,
1640 1848 1928 1941 quisuper
1961 1877 2070 1925 ter-

488 1970 608 2010 ram
653 1956 822 2028 ipsius
864 1956 1105 2012 residere
1141 1957 1430 2024 videntur,
1486 1959 1883 2030 distringendos
1908 2003 1923 2027 ,
1969 1977 2070 2018 nec

486 2047 628 2102 ullas
652 2047 1054 2103 redhibitioncs-
1072 2046 1425 2118 requirendas
1437 2049 1547 2105 ullo
1560 2051 1797 2119 animam
1830 2057 2070 2121 tempore

488 2137 695 2209 ingredi
725 2138 919 2193 audeat
946 2154 961 2204 ;
992 2146 1048 2193 et
1067 2139 1329 2210 quidquid
1352 2140 1479 2196 inde
1504 2140 1665 2197 ﬁscus
1697 2151 1951 2198 exactare
1978 2158 2073 2213 po-

486 2226 637 2291 terit,
664 2232 836 2282 totum
862 2241 962 2298 pro
983 2236 1185 2284 aeterna
1217 2232 1656 2287 remuneratione
1680 2233 1922 2289 ecclesiae
1944 2249 2071 2289 san-

487 2315 561 2370 cti
604 2314 850 2371 Mauricii
879 2318 1250 2374 concedimus.
1298 2319 1366 2374 Et
1395 2329 1454 2375 ut
1497 2321 1613 2378 haac
1642 2323 1938 2378 auctoritas
1964 2323 2070 2379 lar-

486 2405 671 2475 gitatis
693 2413 892 2463 nostra:
935 2405 1304 2464 inviolabilem
1334 2409 1574 2466 obtineat
1607 2412 1871 2482 vigorem,
1908 2430 2069 2481 manu

484 2496 700 2566 propria
729 2496 916 2552 subter
959 2496 1295 2553 ﬁrmavimus
1322 2506 1375 2554 et
1400 2499 1596 2580 annuli.
1618 2502 1795 2556 nostri
1837 2501 2068 2573 impres-

485 2584 639 2641 sione
667 2585 867 2657 signari
891 2586 1177 2658 iussimus.
1550 2590 1557 2593 ’

557 2672 781 2745 Signum
808 2674 1068 2731 Ludovici
1096 2677 1426 2733 serenissimi
1451 2678 1817 2750 imperatoris.

555 2762 692 2821 Data
724 2782 760 2821 v
786 2766 970 2823 Nonas
993 2757 1234 2835 Martius,
1273 2785 1436 2837 anno,
1463 2770 1681 2827 Christo
1707 2774 1969 2844 propitio,
2003 2775 2070 2830 18

486 2854 667 2909 domni
699 2853 957 2912 Ludovici
997 2857 1332 2914 serenissimi
1374 2858 1603 2931 Augusti
1629 2901 1645 2927 ,
1690 2862 1983 2920 indictione
2004 2864 2064 2920 9.

484 2945 679 3000 Actum
709 2944 1033 3021 Aquisgrani
1071 2948 1274 3019 palatio
1298 2950 1449 3022 regio
1489 2951 1544 3006 in
1585 2952 1680 3009 Dei
1705 2954 1922 3011 nomine
1949 2953 2068 3011 feli-

485 3034 639 3090 citer.

554 3125 871 3184 Helisacbar
900 3132 1210 3201 recognovi.

1194 3221 1352 3277 CLX.

824 3321 926 3363 FBO
958 3323 1294 3365 I’ONASTER'IO
1321 3326 1707 3371 CORMARICENSI
1717 3355 1728 3368 .

546 3412 557 3419 -
1092 3399 1265 3470 (Anno
1297 3400 1446 3471 851).

485 3484 591 3559 [Es
627 3484 961 3543 chartulario
1004 3486 1063 3542 S.
1108 3487 1323 3545 Martini
1352 3489 1581 3557 Turon.,
1632 3494 1773 3564 apud
1822 3495 1885 3551 D.
1931 3496 2068 3554 Bou-

911 3586 1085 3647 quet.,
1118 3587 1249 3633 tom.
1280 3580 1369 3646 Vl,
1397 3596 1452 3651 p.
1480 3581 1631 3655 572.]

2095 3106 2138 3167 C

551 3663 614 3720 in
647 3664 868 3722 nomine
911 3666 1125 3722 Domini
1174 3668 1265 3722 Dei
1297 3676 1353 3724 et
1394 3668 1695 3727 Salvatoris
1736 3675 1909 3730 nostri
1940 3674 2069 3733 κω

481 3756 720 3823 Christi,
769 3755 1108 3825 Ludovicus,
1150 3759 1330 3815 divina
1380 3760 1669 3819 ordinante
1703 3765 2067 3835 providentia,

484 3846 787 3916 imperator
807 3847 1103 3918 Augustus.

551 3935 750 3994 Notum
791 3951 916 3994 esse
959 3938 1209 3996 volumus
1247 3941 1503 3998 erunibus
1548 3942 1799 4001 ﬁdelibus
1843 3948 2064 4015 nostris,

480 4031 849 4103 [tranantibus
883 4033 1095 4090 scilicet
1141 4043 1201 4090 et
1243 4035 1473 4105 futuris,
1522 4038 1649 4108 quia
1684 4038 1858 4096 ﬁdelis
1884 4050 2071 4098 noster

481 4123 819 4181 venerabilia
851 4123 1171 4195 Fridugisus
1207 4127 1376 4183 abbas
1404 4131 1723 4185 monasterii
1756 4130 1814 4187 S.
1851 4132 2067 4189 Martini

483 4218 718 4275 innotuit
742 4216 1142 4272 mansuetudini
1169 4225 1371 4273 nostra:
1407 4221 1551 4289 quod
1575 4230 1886 4279 antecessor
1913 4239 2064 4290 suus,

482 4310 701 4365 nomine
728 4307 940 4374 lterius,
968 4308 1241 4378 quondam
1267 4309 1506 4381 eiusdem
1535 4314 1853 4369 monasterii
1876 4313 2065 4381 abbas,

481 4400 760 4472 quoddam.
783 4401 1173 4456 Inonasterinm
1196 4443 1215 4467 ,
1256 4401 1411 4474 cuius
1440 4404 1759 4478 vocabulum
1807 4416 1894 4462 est
1932 4407 2064 4463 Cor-

481 4490 745 4559 maricus;
776 4506 938 4564 super
963 4491 1232 4563 Angerem
1260 4492 1479 4549 ﬂuvium
1515 4511 1548 4550 a
1582 4510 1722 4552 novo
1746 4511 1909 4568 opere
1937 4512 2066 4554 eon-

481 4584 775 4651 struxerit,
822 4592 986 4654 atque
1024 4584 1098 4640 ibi
1145 4586 1452 4643 monachos
1482 4589 1775 4644 secundum
1820 4604 2067 4647 normam

481 4675 655 4732 sancti
677 4673 952 4732 Benedicti
974 4675 1159 4731 vivere
1183 4676 1499 4745 instituerit,
1528 4679 1620 4734 ubi
1650 4682 1903 4750 praesenti
1931 4689 2067 4736 tem-

480 4781 613 4836 pore
640 4763 808 4823 Iacob
834 4767 1001 4822 abbas
1028 4780 1148 4823 esse
1175 4767 1530 4838 dignoscitur.
1565 4767 1672 4824 Sed
1698 4772 1825 4841 quia
1857 4772 2068 4827 habita-

481 4856 604 4912 cula
630 4854 858 4911 fratrum
887 4855 1019 4913 inibi
1053 4857 1363 4928 degentium
1389 4875 1496 4915 non
1528 4862 1823 4916 secundum
1849 4863 1901 4917 id
1924 4864 2065 4933 quod

481 4946 668 5018 regula
691 4946 867 5002 sancti
892 4945 1168 5001 Benedicti
1193 4950 1537 5018 erp’oseebat,
1565 4958 1876 5009 constructa
1900 4950 2068 5007 habe-

2094 4450 2142 4509 ι)

480 5037 710 5103 bantur,
736 5035 928 5091 eadem
960 5034 1267 5091 habitacula
1296 5037 1441 5093 idem
1464 5039 1577 5107 ipse
1602 5038 1927 5111 Fridngisus
1949 5055 2065 5097 me-

478 5129 587 5186 lius
608 5135 665 5184 et
700 5124 987 5191 honestius,
1006 5123 1355 5192 reformavit,
1400 5134 1456 5182 et
1487 5128 1554 5183 ad
1581 5129 1830 5185 decorem
1876 5137 1933 5186 et
1970 5131 2066 5186 ho-

479 5225 746 5277 nestatem
774 5215 1014 5289 ejusdem
1038 5219 1355 5276 monasterii
1379 5219 1664 5275 ecclesiam
1693 5235 1724 5275 a
1746 5236 1886 5277 novo
1904 5238 2071 5295 opere

476 5309 615 5367 inihi
641 5308 885 5366 construi
910 5307 1041 5366 fecit
1064 5349 1079 5376 ,
1116 5309 1261 5366 etde
1289 5310 1450 5366 rebus
1486 5311 1660 5367 sancti
1693 5310 1906 5368 Martini
1946 5329 2065 5384 quae

479 5409 610 5456 sunt
636 5400 693 5455 in
719 5398 993 5457 Turonieo
1027 5413 1187 5472 pago,
1231 5400 1283 5456 id
1312 5410 1413 5467 est,
1444 5400 1511 5456 de
1537 5400 1664 5457 villa
1692 5417 1813 5473 quae
1840 5413 2067 5460 vocatur

483 5491 725 5546 hiat-doni
751 5488 933 5562 (Nunc
952 5492 1350 5563 Brunomium),
1376 5492 1623 5548 eamdem
1651 5494 1936 5550 ecclesiam
1969 5497 2065 5551 do-

485 5580 701 5633 taverit.
729 5580 958 5648 Propter
983 5581 1087 5636 hoc
1110 5582 1267 5651 petiit
1302 5596 1368 5637 ac
1395 5582 1716 5652 deprecatus
1740 5593 1825 5640 est
1855 5601 1973 5653 nos,
2003 5595 2064 5641 ut

487 5684 650 5740 super
673 5669 933 5735 eiusmodi
971 5671 1115 5727 facto
1152 5673 1291 5729 hanc
1331 5672 1530 5730 nostri:
1566 5678 1938 5748 praeceptionis
1970 5694 2064 5733 au-

1663 290 1985 349 LUDOVICI
2024 296 2044 349 1
2080 293 2551 351 COGNOMENTO
2587 294 2681 350 ΡΠ

3520 307 3619 359 li‘J‘i

2176 410 2482 465 ctoritatem
2519 409 2633 463 ﬁeri
2677 409 3028 478 iuberemus:
3078 408 3206 478 quod
3245 419 3290 464 et
3319 411 3450 466 nobis
3486 428 3605 469 seum

2175 500 2301 553 dum
2354 500 2593 569 ejusdem
2650 498 2963 568 petitionem
3003 496 3112 551 ﬁeri
3152 498 3358 568 placuit:
3401 517 3481 571 per
3507 519 3625 572 quam

2174 589 2516 659 praecipimus
2540 596 2704 659 atque
2726 588 2980 659 iubemus
3005 594 3064 640 ut
3102 588 3262 645 nullus
3291 605 3351 645 ex
3374 596 3627 648 successori-

2173 679 2275 734 bus
2302 677 2419 747 eius
2443 718 2457 733 .
2485 719 2499 733 .
2526 718 2542 733 .
2569 718 2583 732 .
2611 718 2625 734 .
2658 718 2672 733 .
2725 678 2977 733 videlicet
3019 677 3238 746 ejusdem
3280 684 3531 736 monasterii
3565 699 3628 752 pa-

2174 772 2316 826 troni
2355 772 2526 827 nostri
2558 770 2857 827 beatissimi
2886 771 3059 825 sancti
3086 769 3280 824 Martini
3302 770 3497 839 qualibet
3517 788 3629 827 oeca-

2173 866 2325 920 sione
2371 864 2439 919 de
2459 862 2584 932 iure
2630 863 2917 918 memorati
2936 861 3248 917 monasterii
3275 861 3527 916 Cormarici-
3553 862 3634 917 ulla

2172 972 2407 1026 unquam
2441 964 2679 1026 tempore
2704 940 2949 1009 eamdem
2967 952 3143 1007 villam
3163 953 3455 1015 abstrahere,
3481 951 3546 1005 vel
3563 952 3631 1005 ali-

2172 1054 2300 1123 quid
2342 1053 2413 1109 de
2449 1053 2533 1108 his
2559 1067 2680 1123 quae
2718 1052 2784 1108 ad
2824 1066 2947 1106 eam
2978 1049 3119 1121 iuste
3161 1047 3423 1118 pertinent,
3458 1041 3632 1100 niimiere

2171 1154 2457 1217 przcsumat
2483 1163 2496 1198 :
2535 1145 2628 1200 sed
2659 1145 2760 1199 sub
2781 1144 2926 1199 omni
2953 1140 3267 1212 integritate,
3302 1140 3465 1194 sit-uta
3488 1153 3637 1192 memo-

2173 1245 2293 1292 rato
2321 1234 2615 1291 venerabili
2636 1233 2923 1304 Fridugiso
2957 1233 3025 1287 ad
3052 1232 3184 1287 idem
3210 1229 3536 1284 monasterium
3558 1235 3635 1280 tra-

2171 1325 2282 1381 dita
2312 1341 2376 1380 ac
2401 1324 2578 1381 delata
2612 1322 2733 1388 fuit,
2771 1331 3029 1394 perpetua
3059 1319 3327 1377 stabilitate
3364 1318 3412 1372 in
3445 1315 3538 1384 eius
3552 1314 3636 1383 iure

2170 1417 2449 1472 consistat.
2496 1415 2565 1470 Et
2592 1414 2853 1485 quidquid
2876 1414 3097 1469 abbates
3115 1419 3165 1466 et
3194 1409 3375 1464 fratres
3398 1422 3452 1462 ac
3482 1412 3640 1477 agentes

2169 1505 2411 1575 ejusdem
2454 1504 2770 1560 monasterii
2803 1504 2870 1559 de
2915 1503 3116 1557 eisdem
3143 1498 3224 1554 vel
3258 1499 3307 1552 in
3330 1495 3497 1552 eisdem
3530 1493 3645 1548 rebus

2163 1599 2287 1670 iure
2316 1597 2686 1654 ecclesiastico
2712 1596 2898 1651 facere
2918 1593 3267 1657 decreverint,
3286 1590 3436 1645 libero
3456 1589 3500 1642 in
3519 1585 3642 1641 omni-

2168 1685 2271 1741 bus
2304 1684 2653 1757 perfruantur
2681 1683 2907 1738 arhitrio
2945 1680 3188 1736 faciendi.
3226 1679 3287 1733 Et
3326 1686 3379 1732 ut
3400 1678 3493 1731 haec
3514 1682 3648 1728 aucto-

2167 1776 2310 1830 ritas
2352 1773 2779 1831 contirmationis
2824 1780 3025 1827 nostra
3074 1778 3180 1825 tam
3232 1766 3413 1824 nostris
3449 1779 3575 1835 quam
3610 1770 3647 1817 et

2170 1863 2369 1918 futuris
2394 1862 2729 1933 temporibus
2750 1859 3123 1917 inviolabilem
3143 1868 3197 1914 et
3216 1854 3531 1912 inconvulsam
3546 1851 3646 1907 obti-

2169 1961 2297 2008 neat
2327 1952 2657 2017 ﬁrmitatem,
2716 1967 2878 2007 manu
2921 1950 3138 2022 propria
3184 1947 3356 2004 subter
3391 1958 3491 1999 eam
3516 1940 3649 1995 ﬁrma-

2170 2047 2365 2112 vimus,
2392 2053 2447 2100 et
2468 2045 2653 2099 annuli
2680 2044 2848 2099 nostri
2872 2042 3224 2114 impressione
3243 2036 3422 2109 signari
3437 2032 3645 2103 iussimus.
3804 2054 3805 2114 Ε

2241 2136 2463 2209 Signum
2489 2135 2747 2191 Ludovici
2773 2133 3111 2190 serenissimi
3138 2128 3369 2201 Augusti.

2238 2228 2373 2282 Data
2390 2243 2442 2282 vt
2461 2227 2586 2282 idus
2610 2225 2851 2290 Martias,
2874 2222 3268 2291 anno,Christo
3288 2215 3504 2290 propitio,
3523 2211 3656 2267 l8im-

2169 2319 2307 2390 perii
2331 2317 2528 2372 domini
2554 2316 2810 2372 Ludovici
2846 2314 3080 2385 piissimi
3107 2310 3338 2382 Augusti,
3365 2300 3655 2390 indictione

2168 2388 2360 2465 Actum
2387 2407 2710 2480 Aquisgrani
2734 2406 2935 2479 palatio
2970 2404 3122 2477 regio
3149 2403 3201 2457 in
3228 2400 3319 2456 Dei
3339 2395 3522 2452 nomine
3538 2388 3658 2447 Felici-

2172 2510 2273 2555 ter.
2311 2499 2505 2555 Amen.
3804 2504 3805 2555 ξ

2912 2585 3097 2641 CLXI.

2171 2696 2271 2736 PIO
2322 2693 2602 2734 ΕΡΙΡΒᾹΝΙΟ
2636 2689 2841 2732 ΑΒΒΛΤΕ
2870 2688 3194 2731 υοκλετεκιι
3225 2682 3466 2726 ηπεκτιι
3496 2679 3546 2718 DE
3570 2668 3665 2715 Ἔτι-⁸

2866 2758 3072 2801 TURNO.

2793 2833 2964 2908 (Anno
3002 2834 3106 2890 851
3120 2832 3160 2904 .)
3492 2854 3493 2857 η

2172 2931 2349 3006 [Apud
2373 2928 2684 2993 Cbesnium,
2720 2927 2913 2999 Script.
2949 2926 3075 2981 Rer.
3109 2924 3302 2980 Fraus.
3332 2931 3366 2976 t.
3394 2918 3468 2985 Ill,
3493 2931 3535 2988 ρ.
3556 2907 3664 2979 σεδ-Ι

2238 3043 2297 3098 ln
2325 3043 2540 3098 nomine
2566 3039 2777 3096 Domini
2818 3037 2914 3093 Dei
2952 3046 3009 3095 et
3037 3036 3334 3094 Salvatoris
3357 3032 3468 3088 Jesu
3499 3022 3663 3084 Christi,

2170 3132 2490 3199 Ludovicus,
2537 3131 2717 3186 divina
2744 3129 3032 3186 ordinante
3067 3126 3409 3201 providentia,
3446 3123 3665 3190 imperator

2167 3221 2463 3294 Augustus.

2237 3311 2499 3368 Omnibus
2527 3312 2815 3383 episcopis,
2866 3310 3171 3366 abbatibus
3185 3316 3239 3365 et
3266 3306 3489 3367 ducibus,
3514 3294 3665 3355 comiti

2168 3402 2287 3466 bus,
2328 3400 2639 3467 castahteis,
2667 3401 3015 3467 actionariis,
3039 3401 3279 3463 vicariis,
3305 3392 3578 3453 centenarii!
3596 3400 3662 3441 επ

2170 3490 2408 3563 terisque
2431 3489 2677 3547 ﬁdelibus
2717 3492 2940 3556 nostris,
2972 3491 3336 3563 praesentibus
3357 3484 3530 3542 scilicet
3549 3487 3593 3535 et
3610 3476 3673 3529 fu-

2170 3585 2331 3651 turis,
2376 3593 2562 3639 notum
2592 3584 2665 3639 sit
2705 3583 2832 3654 quia
2861 3584 3196 3640 venerabilis
3220 3577 3513 3652 Epiphanius
3550 3569 3671 3626 abbas

2168 3675 2482 3731 monasterii
2506 3673 2563 3730 S.
2595 3674 2867 3730 Vincentii
2901 3676 3169 3747 martyris
3190 3715 3205 3740 ,
3237 3670 3373 3745 quod
3394 3669 3527 3723 situm
3552 3659 3674 3716 estin

2170 3767 2443 3823 territorio
2472 3767 2852 3822 Beneventano
2872 3780 3037 3836 super
3056 3765 3279 3822 ﬂuvium
3304 3760 3592 3817 Vultumum,
3607 3764 3673 3821 per

2167 3859 2372 3932 legatos
2400 3876 2527 3917 suos
2570 3860 2771 3917 direxit
2797 3859 2865 3914 ad
2913 3875 3011 3915 nos
3062 3860 3353 3933 quamdam
3393 3846 3678 3910 conﬁrmati»

2168 3970 2291 4010 nem
2321 3970 2484 4026 quam
2521 3953 2704 4024 Lupus
2749 3957 3025 4027 quondam
3055 3957 3165 4012 dux
3204 3950 3504 4008 monasterio
3528 3953 3676 3998 memo—

2168 4045 2272 4100 rati
2316 4043 2374 4100 S.
2429 4040 2695 4101 Vincentii
2724 4046 3007 4117 martyris,
3068 4045 3141 4101 de
3184 4041 3486 4115 quihusdam
3508 4028 3677 4130 casisin

2166 4134 2450 4191 Amiterno
2478 4143 2537 4191 et
2560 4134 2761 4192 Savino
2788 4136 3016 4202 fecerat,
3071 4149 3284 4190 necnon
3323 4139 3372 4188 et
3404 4135 3597 4199 quatuor
3616 4132 3681 4187 1⁸⁸

2168 4229 2343 4285 dicata
2368 4227 2434 4283 de
2459 4227 2781 4297 quibusdam
2812 4228 2986 4283 servis
3023 4236 3085 4282 et
3108 4222 3320 4281 ancillis
3341 4237 3405 4278 ex
3427 4217 3533 4274 villa
3553 4212 3682 4273 Trita,

2166 4318 2259 4388 qui
2309 4332 2368 4373 se
2399 4318 2722 4372 subtrahere
2770 4331 2801 4371 a
2829 4316 3011 4373 debito
3043 4315 3274 4372 servitio
3297 4311 3441 4383 quasi
3478 4320 3559 4398 pf!
3583 4315 3680 4398 Ρτπζ
3804 4310 3805 4383 1

2166 4414 2321 4477 cepta
2349 4407 2546 4461 ducum
2572 4407 2903 4462 nitebantur.
2951 4405 3085 4473 Quae
3115 4406 3172 4460 in
3202 4399 3477 4474 praesentia
3502 4394 3686 4463 δυρρῡηί

2167 4499 2403 4565 comitis,
2436 4514 2501 4554 ac
2520 4499 2827 4563 Benedicti,
2844 4498 3103 4568 Hilpiani,
3148 4506 3205 4553 et
3232 4494 3462 4552 Anst‘ridi
3482 4483 3681 4546 casuldo-

2167 4608 2288 4648 rum
2337 4600 2765 4661 ceterorumque
2819 4593 3168 4647 scabinorum
3196 4633 3211 4657 ,
3259 4590 3327 4645 de’
3378 4583 3682 4658 praedictorum

2165 4684 2445 4739 hominum
2487 4691 2633 4737 statu
2674 4692 2795 4737 acta
2826 4682 3061 4738 fuerant.
3121 4683 3190 4737 Et
3219 4681 3373 4752 petiit
3393 4688 3447 4732 ut
3477 4666 3683 4729 ﬁrmitatis

2167 4775 2338 4844 gratia
2368 4782 2568 4828 nostra:
2611 4772 3038 4830 conﬁrmationis
3068 4772 3445 4828 auctoritatem
3482 4775 3615 4832 super
3640 4771 3683 4811 η

2170 4866 2283 4920 ﬁeri
2304 4866 2637 4935 iuberemus.
2664 4863 2829 4932 Cujus
2857 4865 3174 4934 petitionem
3202 4860 3548 4917 exaudientes,
3569 4861 3684 4918 sui)"

2172 4957 2501 5010 nominatam
2524 4954 2989 5009 conﬁrmationem
3020 4968 3084 5009 ac
3126 4953 3371 5024 iudicata
3413 4948 3507 5003 hoc
3540 4946 3685 4997 005W

2171 5044 2596 5101 conﬁrmationis
2653 5054 2982 5113 prmccptum
3048 5044 3171 5099 ﬁeri
3230 5041 3579 5121 decrevimus.
3616 5041 3689 5098 per

2172 5135 2315 5203 quod
2341 5133 2680 5189 decernimus
2710 5143 2872 5203 atque
2910 5134 3167 5205 iubemus
3193 5141 3256 5187 ut
3280 5130 3453 5186 nullus
3478 5130 3688 5179 vestrum,

2173 5232 2266 5278 aut
2299 5236 2673 5279 successorum
2698 5233 3003 5278 vestrorum
3045 5223 3117 5279 de
3156 5220 3465 5278 memoratis
3491 5209 3688 5306 iecisti"

2168 5316 2364 5387 quibus
2389 5316 2681 5371 secundum
2726 5322 3153 5370 memoratorum
3184 5314 3476 5385 legatorum
3495 5306 3692 5359 asserum"

2169 5423 2293 5463 nem
2319 5421 2458 5462 casze
2492 5406 2681 5477 viginti
2727 5415 2979 5477 quatuor,
3023 5421 3150 5462 cum
3179 5405 3403 5460 totidem
3445 5391 3697 5455 hominibus

2169 5500 2223 5553 in
2255 5500 2335 5555 eis
2361 5498 2781 5553 consistentibus
2802 5540 2817 5565 ,
2848 5495 2973 5553 sitaé'
2995 5510 3119 5553 esse
3145 5503 3448 5551 noscuntur
3469 5530 3482 5554 ,
3506 5489 3690 5556 quorum

2168 5593 2388 5648 nomina
2417 5592 2531 5646 haec
2573 5598 2698 5645 sunt
2720 5590 2955 5649 Joannes
2978 5633 2991 5659 ,
3026 5589 3255 5660 Theopo
3275 5630 3290 5652 ,
3335 5587 3458 5642 item
3485 5579 3690 5634 Joannes,

2169 5680 2439 5749 Cortulns,
2483 5680 2693 5747 Petrus,
2748 5682 3179 5745 Theodobertus,
3229 5679 3377 5744 iiiso,
3420 5672 3560 5734 Maio,
3588 5664 3689 5720 Δοθ-
