3996 6178
417 321 556 376 1197
621 324 629 334 ’

1543 316 1948 370 ‘Dll'LUMA'lA
1987 314 2543 370 LLCLESIASTlCA.

3539 306 3673 366 H93

407 445 632 506 -pertus,
683 434 1028 489 llisimundus
1063 432 1362 504 Roppolus,
1400 431 1658 496 Marinus,
1705 429 1992 500 Georgius,
2023 430 2068 487 A
2098 429 2259 483 batur
2285 431 2428 500 quod
2472 430 2612 484 idem
2640 430 2869 484 domnus
2895 439 2951 484 ct
2983 429 3196 498 genitor
3222 436 3406 482 noster
3445 427 3674 484 Karolus

411 527 570 590 Halo,
601 525 892 590 Audactus,
933 524 1310 589 Audebertus,
1347 523 1680 586 Audoaldus,
1731 519 1996 575 Hildull‘us

413 616 723 680 Paula-issi,
780 616 1050 672 Robertus
1099 616 1240 670 illius
1286 615 1507 677 Marus,
1557 630 1680 668 cum
1724 612 1992 677 Barbano,

411 703 822 775 Sico,Ala.ysio,
862 702 1216 773 Senepergas,
1263 713 1427 772 atque
1473 701 1721 756 Gemula.
1767 700 1892 756 lianc
1928 701 1994 755 de

403 805 553 852 statu
583 797 964 866 praedictorum
1003 796 1302 858 hominum,
1353 794 1468 863 qui,
1497 793 1636 848 sicut
1681 793 1884 848 dictum
1911 800 1996 846 est

408 886 476 942 de
519 896 816 940 memorata
844 885 992 938 Trita
1021 884 1165 948 villa,
1199 898 1255 936 se
1301 898 1332 936 a
1361 883 1540 937 debito
1570 881 1791 936 servitio
1836 881 1989 949 quasi

396 991 506 1046 per
531 985 796 1047 pneccpta
821 975 1020 1030 ducum
1066 975 1386 1030 subtrahere
1415 969 1748 1036 nitebantur,
1780 972 1845 1024 ad
1874 971 1988 1041 pri—

405 1067 608 1121 stinum
645 1066 924 1120 servitium
972 1065 1206 1120 revocati
1246 1071 1410 1126 sunt,
1457 1064 1622 1118 ullam
1663 1061 1990 1131 inquietudi-

408 1173 563 1221 nem,
610 1166 703 1212 aut
739 1157 1177 1212 contrarietatem
1230 1155 1425 1225 injuste
1467 1155 1645 1210 facere
1673 1164 1983 1226 praesumat.

400 1249 512 1303 Sed
543 1250 699 1303 liceat
727 1249 1008 1320 agentibus
1033 1259 1088 1302 et
1106 1249 1372 1303 ministris
1399 1247 1639 1316 ejusdem
1673 1246 1984 1301 monasterii

408 1349 736 1394 memoratas
764 1355 916 1394 casas
949 1355 1073 1394 cum
1103 1339 1411 1394 numinibus
1446 1339 1502 1392 in
1541 1339 1621 1392 eis
1646 1337 1987 1392 consistenti-

397 1433 524 1493 bus,
557 1446 621 1485 ac
651 1446 836 1486 servos
860 1431 950 1500 qui
981 1431 1048 1485 ad
1075 1439 1428 1485 memoratam
1459 1429 1664 1484 Tritam
1685 1429 1864 1482 villam
1890 1445 1986 1498 per

2097 536 2195 590 pro
2239 520 2601 574 emolumento
2643 520 2837 574 auim:e
2883 536 2994 574 sum
3035 520 3209 574 cidem
3257 518 3673 589 Strazburgensi

2095 608 2350 664 Ecclesia:
2381 609 2754 672 concessisset,
2790 618 2848 662 ut
2869 610 3174 678 ubicunque
3200 623 3295 676 per
3317 608 3568 662 civitates
3589 607 3675 662 vel

2095 701 2275 764 vicos,
2319 699 2568 763 castella,
2612 708 2704 752 aut
2734 698 3011 768 trajectus,
3063 699 3144 754 vel
3197 707 3416 768 portus,
3448 705 3676 768 excepto

2093 790 2463 856 Qucutowico,
2491 791 2795 853 Dorcstato,
2823 799 2985 858 atque
3008 789 3186 844 clusas
3214 788 3265 853 ἀ,
3297 789 3540 843 homines
3567 803 3676 842 mc-

2092 891 2315 937 moratae
2343 884 2598 939 Ecclesiae
2647 885 2863 952 navigio
2889 892 2982 937 aut
3029 892 3245 939 terreno
3267 925 3280 947 ,
3327 885 3381 939 id
3414 892 3518 949 est,
3547 900 3675 940 cum

2092 973 2263 1027 carris
2303 981 2357 1026 et
2386 974 2674 1028 saumariis
2702 974 3009 1044 negotiandi
3051 976 3234 1045 gratia
3263 975 3404 1029 irent
3438 983 3493 1028 et
3538 974 3676 1030 redi-

2091 1072 2228 1128 rent,
2258 1064 2462 1117 nullum
2493 1065 2760 1118 teloueum
2790 1066 3073 1134 quisquam
3112 1065 3420 1134 reipublica:
3449 1065 3677 1118 admini-

2088 1163 2292 1208 strator
2325 1155 2393 1208 ab
2428 1155 2510 1208 eis
2539 1155 2800 1224 exigeret.
2851 1154 2957 1208 Pro
2991 1155 3264 1208 firmitatis
3297 1169 3525 1223 namque
3559 1165 3674 1209 stu-

2087 1246 2176 1299 dio
2205 1247 2360 1316 petiit
2387 1246 2526 1300 idem
2572 1247 2864 1301 Berualdus
2905 1248 3230 1302 venerabilis
3270 1248 3582 1316 episcopus,
3614 1256 3678 1301 ut

2086 1343 2328 1403 paternae
2357 1337 2670 1390 auctoritati
2719 1336 2861 1391 banc
2901 1346 3143 1392 nostram
3193 1337 3675 1407 superadderemus

2086 1428 2494 1481 auctoritatem:
2521 1428 2677 1498 cujus
2699 1429 2947 1498 petitioni
2973 1429 3330 1486 libentissime
3358 1430 3670 1493 annuimus,

395 1521 784 1576 auctoritatem
817 1520 1078 1590 genitoris
1107 1519 1278 1573 nostri
1307 1518 1490 1574 domui
1516 1517 1697 1574 Caroli
1729 1526 1986 1588 praestau-
2083 1526 2140 1571 et
2169 1517 2272 1572 hoc
2302 1528 2503 1573 nostra:
2528 1519 2866 1574 auctoritatis
2891 1530 3220 1589 przcceptum
3242 1521 3359 1576 ﬁeri
3383 1521 3673 1590 jussimus,

395 1610 596 1665 tissimi
642 1609 985 1678 imperatoris
1029 1609 1093 1662 ad
1136 1609 1379 1662 debitum
1427 1609 1709 1664 servitium
1746 1608 1982 1664 revocati
2080 1623 2182 1676 per
2209 1609 2351 1676 quod
2388 1609 2640 1664 omnibus
2682 1609 2970 1664 comitibus
3000 1619 3046 1675 θ,
3081 1609 3301 1665 vicariis
3336 1609 3379 1688 ἵ,
3417 1620 3675 1665 centena-

401 1709 550 1766 sunt,
599 1702 780 1769 quiete
805 1700 1099 1768 possidere,
1145 1708 1200 1754 et
1243 1697 1396 1767 juxta
1439 1699 1896 1768 opportunitatem
1928 1706 1984 1754 et
2007 1774 2046 1782 __
2085 1697 2182 1752 riis
2215 1699 2262 1762 ε,
2291 1697 2374 1752 vel
2404 1698 2658 1752 omnibus
2686 1713 2801 1752 rem
2829 1700 3099 1768 publicam
3143 1700 3672 1782 administrantibus.

392 1789 690 1844 utilitatem
713 1787 956 1856 eiusdem
986 1788 1299 1842 monasterii
1324 1789 1527 1858 absque
1548 1787 1833 1857 cujuslibet
1852 1804 1980 1842 con-
2007 1774 2052 1833 Β
2082 1801 2178 1840 seu
2221 1787 2433 1840 cunctis
2469 1786 2717 1841 ﬁdelibus
2759 1789 2962 1842 nostris
2985 1789 3334 1858 prmcipimus
3354 1829 3369 1853 ,
3395 1797 3457 1842 ut
3496 1774 3677 1842 nullus

402 1880 697 1934 trarietatis
723 1878 1107 1948 impedimento
1134 1877 1393 1948 quidquid
1431 1878 1494 1933 de
1536 1879 1738 1932 eisdem
1763 1919 1778 1942 ,
1811 1879 1896 1932 vel
1927 1879 1982 1932 in

389 1969 606 2024 eisdem
637 1969 798 2024 rebus
826 1977 883 2023 et
907 1969 1374 2039 hominibusjuste
1400 1969 1582 2025 facere
1623 1970 1706 2025 vel
1731 1970 1984 2025 ordinare

393 2059 778 2123 decreverunt,
801 2059 978 2114 libero
1020 2059 1074 2114 iu
1102 2059 1354 2115 omnibus
1375 2059 1580 2128 perfrui
1627 2060 1856 2119 arbitrio
1904 2059 1985 2112 fa-

403 2149 602 2204 ciendi.
650 2150 717 2204 Et
745 2150 948 2204 utbtec
991 2158 1178 2204 nostra
1213 2149 1642 2205 confirmationis
1685 2150 1985 2205 auctoritas

394 2241 472 2295 ab
491 2241 742 2296 omnibus
769 2240 951 2298 verius
994 2241 1304 2309 certiusque
1343 2241 1620 2305 credatur,
1668 2255 1734 2294 ac
1757 2241 1985 2310 diligen—

396 2331 516 2385 tius
543 2339 916 2394 conservetur,
947 2346 1109 2384 manu
1146 2331 1361 2400 propria
1387 2332 1576 2386 subter
1603 2347 1724 2386 eam
1750 2332 1986 2402 signavi-

395 2434 556 2483 mus,
601 2429 660 2474 et
682 2421 866 2475 annuli
889 2421 1063 2474 nostri
1092 2421 1448 2490 impressione
1473 2421 1677 2490 signari
1696 2420 1982 2488 jussimus.

479 2509 704 2581 Signum
730 2510 986 2564 Ludovici
1015 2510 1348 2564 serenissimi
1387 2511 1752 2579 imperatoris.

469 2599 612 2654 Data
641 2599 757 2654 Kal.
795 2599 1012 2668 Aprilis,
1058 2615 1219 2666 anno,
1248 2599 1466 2655 Christo
1495 2601 1748 2670 propitio,
1777 2602 1842 2658 18
1883 2602 1985 2656 im-

399 2691 541 2762 perii
565 2691 747 2748 domui
765 2689 1018 2745 Ludovici
1045 2690 1274 2760 piissimi
1291 2689 1540 2760 Augusti,
1569 2691 2002 2750 indictione.....'

400 2780 599 2834 Actum
629 2781 684 2834 in
713 2780 914 2848 palatio
938 2780 1086 2848 regio
1111 2779 1163 2832 in
1190 2780 1282 2834 Dei
1307 2780 1544 2836 nomine.
1570 2779 1764 2837 Amen.

1113 2868 1314 2924 CLXII.

797 2975 897 3016 P80
933 2975 1178 3015 ECCLESIA
1209 2975 1594 3016 ABGENTINENSI

1012 3050 1184 3121 (Anno
1224 3050 1373 3120 851.)

410 3145 585 3216 ⁵Αριιά
611 3144 970 3208 Grandidier,
1013 3106 1154 3199 nisi.
1185 3143 1250 3196 de
1295 3106 1512 3214 ι’ὲριεεε
1547 3145 1614 3200 de
1642 3143 1983 3217 Slrasbourg,
2014 3106 2058 3167 (ἶ

477 3248 606 3293 ιοιη.
633 3237 707 3303 ll,
735 3253 857 3309 pag.
888 3238 1009 3304 195,
1040 3252 1108 3292 ex
1149 3239 1484 3308 autographo
1524 3239 1731 3294 archivi
1777 3239 1988 3309 episco-

470 3328 630 3398 palis,
668 3327 1030 3383 Tabernensis
1057 3329 1133 3400 ⁸.]

470 3415 535 3470 .ln
568 3417 784 3471 nomine
825 3417 1034 3472 Domini
1081 3417 1175 3471 Dei
1204 3427 1257 3480 et
1302 3417 1601 3474 Salvatoris
1639 3420 1814 3475 nostri
1859 3417 1984 3475 Iesu

403 3507 632 3573 Christi,
656 3508 984 3574 Ludovicus,
1002 3508 1182 3564 divina
1207 3509 1491 3565 ordinante
1509 3495 1870 3580 providentia,
1891 3511 1988 3565 im-

406 3607 626 3671 perator
641 3598 934 3668 Augustus.
1754 3649 1761 3656 .

479 3690 676 3744 Notum
709 3691 872 3758 igitur
907 3703 1030 3743 esse
1055 3689 1302 3743 volumus
1326 3690 1576 3744 omnibus
1618 3689 1868 3744 ﬁdelibus
1896 3706 1990 3745 uo-

401 3780 562 3842 stris,
592 3777 946 3846 prazsentibus
975 3776 1182 3830 scilicet
1205 3785 1260 3830 et
1293 3775 1490 3830 futuris
1509 3817 1526 3840 ,
1559 3777 1686 3845 quia
1716 3777 1800 3830 vir
1828 3792 1988 3830 vene-

412 3869 598 3924 rabilis
618 3867 910 3921 Derualdus
937 3865 1406 3935 Stratzburgensis
1435 3867 1461 3906 b
1489 3868 1773 3936 episcopus
1800 3868 1988 3923 adiens

405 3958 758 4014 serenitatem
792 3957 1042 4012 culminis
1070 3959 1238 4011 nostri
1265 3957 1458 4012 obtulit
1484 3959 1760 4014 obtutibus
1789 3961 1989 4014 nostris

404 4049 700 4119 quamdam
735 4047 1112 4116 praeceptionis
1143 4048 1520 4102 auctoritatem
1551 4049 1734 4104 domui
1761 4059 1817 4104 et
1841 4051 1990 4120 geni-

405 4141 549 4196 .toris
583 4139 767 4195 Caroli
795 4139 1223 4208 priestantissimi
1249 4140 1476 4211 Augusti
1505 4153 1554 4207 ε,
1600 4141 1655 4195 in
1686 4157 1792 4212 qua
1816 4143 1992 4198 conti-

489 4287 512 4315 ι
542 4274 865 4344 Excerptum
896 4273 1052 4342 hujus
1073 4275 1274 4330 charta:
1315 4275 1992 4330 dederuntGuillimannus

415 4345 482 4416 de
502 4345 778 4416 Episcopis
801 4345 1078 4416 Argentin.
1104 4362 1224 4416 pag.
1261 4346 1381 4411 l‘zl,
1414 4356 1468 4398 et
1494 4347 1756 4410 Cointius,
1793 4346 1988 4402 Annal.

2084 1884 2322 1930 vestrum
2355 1875 2423 1929 de
2457 1877 2618 1930 rebus
2647 1892 2784 1945 quas
2829 1878 3044 1946 navigio
3085 1886 3180 1932 aut
3207 1887 3454 1942 terreno,
3487 1877 3540 1932 id
3567 1885 3672 1943 est.

2083 1983 2208 2022 cum
2237 1968 2413 2022 carris
2441 1971 2804 2024 etsaumariis
2830 1985 2926 2038 per
2949 1985 3140 2039 regna,
3170 1971 3282 2026 Deo
3301 1972 3558 2042 propitio,
3581 1988 3679 2027 uo-

2085 2067 2220 2124 stra,
2269 2059 2517 2114 homines
2544 2059 2787 2129 ejusdem
2831 2059 3278 2130 Strazburgensis
3304 2061 3548 2117 ecclesias
3582 2078 3679 2117 ue—

2083 2150 2323 2221 gotiandi
2354 2152 2527 2222 gratia
2559 2152 2834 2218 duxerint,
2864 2153 3072 2208 nullum
3096 2154 3370 2210 teloneum
3402 2155 3454 2221 h,
3485 2164 3578 2209 aut
3607 2157 3679 2210 ri-

2078 2241 2344 2310 paticum,
2373 2251 2469 2297 aut
2496 2245 2844 2312 portaticum,
2881 2253 2976 2299 aut
3025 2246 3388 2316 pontaticum,
3414 2253 3514 2300 aut
3536 2245 3680 2302 salu-

2089 2332 2334 2394 taticum,
2373 2340 2467 2384 aut
2495 2333 2894 2400 cespitaticum,
2927 2344 3018 2387 aut
3050 2336 3359 2398 rotaticum,
3409 2344 3503 2390 aut
3537 2351 3676 2392 cena

2087 2421 2253 2474 ticum
2281 2459 2298 2484 ,
2342 2428 2437 2473 aut
2464 2422 2789 2489 pastionem,
2826 2431 2922 2475 aut
2957 2423 3292 2478 laudaticum
3315 2461 3332 2488 ,
3374 2432 3468 2476 aut
3493 2425 3677 2478 traba-

2087 2511 2272 2574 ticum,
2306 2518 2400 2564 aut
2436 2510 2827 2580 pulveraticum
2854 2551 2869 2576 ,
2909 2523 3004 2567 aut
3047 2513 3214 2568 ullum
3243 2529 3528 2569 occursum
3548 2554 3563 2579 ,
3590 2515 3676 2569 vel

2085 2601 2252 2655 ullum
2296 2616 2522 2656 censura
2542 2643 2557 2666 ,
2611 2612 2705 2656 aut
2751 2603 2915 2656 ullam
2957 2604 3376 2660 redhibitieuem
3405 2605 3675 2675 accipere,

2085 2688 2171 2744 vel
2196 2696 2446 2745 exactare
2473 2690 2690 2756 audeat,
2723 2701 2816 2745 aut
2840 2692 3172 2758 hominibus,
3200 2695 3291 2764 qui
3318 2695 3509 2748 eadem
3536 2711 3680 2749 mer-

2079 2778 2319 2834 .cimonia
2351 2780 2671 2849 prrevident,
2706 2781 2869 2835 ullam
2899 2783 3354 2852 inquietudinem,
3387 2791 3482 2838 aut
3513 2785 3681 2854 impe-

2087 2870 2384 2925 dimentum
2410 2869 2593 2926 facere
2618 2881 2928 2940 praesumat.
2978 2871 3084 2927 Sed
3112 2871 3278 2928 liccat
3300 2874 3381 2929 eis
3408 2889 3508 2943 per
3535 2875 3680 2930 hanc

2087 2966 2325 3012 nostram
2363 2960 2741 3014 auctoritatem
2783 2977 2906 3015 cum
2936 2962 3164 3017 navibus
3192 2971 3248 3018 et
3285 2964 3503 3019 caneris
3527 2965 3680 3019 vehi-

2090 3050 2228 3105 culis
2265 3051 2467 3120 absque
2508 3051 2672 3107 ullius
2710 3052 3129 3117 contrarietate,
3168 3053 3252 3108 vel
3293 3055 3680 3124 impedimento

2091 3154 2188 3209 per
2231 3141 2540 3195 universum
2586 3142 2874 3211 imperium
2924 3151 3193 3208 nostrum,
3253 3143 3560 3214 ubicunque
3598 3146 3682 3200 eis

2091 3246 2312 3286 necesse
2347 3231 2529 3297 fuerit,
2566 3233 2736 3288 libere
2781 3241 2837 3288 et
2881 3249 3073 3290 secure
3100 3235 3179 3290 ire
3207 3244 3262 3290 et
3289 3236 3487 3292 redire.
3527 3237 3593 3291 Et
3633 3239 3683 3292 si

2089 3321 2298 3390 aliquas
2337 3336 2517 3377 moras
2541 3322 2593 3376 in
2623 3323 2863 3392 quolibet
2887 3323 3010 3379 loco
3039 3323 3284 3387 iecerint,
3325 3335 3422 3380 aut
3454 3329 3683 3382 mercati

2091 3411 2311 3477 fuerint,
2348 3411 2433 3466 vel
2464 3412 2825 3479 vendiderint,
2877 3413 3012 3468 nihil
3041 3415 3110 3469 ab
3137 3415 3218 3470 eis
3243 3431 3488 3486 prorsus,
3520 3425 3580 3472 ut
3604 3417 3685 3472 di-

2089 3511 2236 3558 ctum
2262 3512 2367 3569 est,
2395 3504 2593 3560 telonei
2617 3506 2884 3574 exigatur.
2932 3507 3001 3561 Et
3027 3515 3086 3561 ut
3113 3508 3231 3562 inec
3264 3509 3564 3564 auctoritas
3593 3510 3698 3564 in—.

2095 3594 2394 3649 violabilem
2415 3604 2469 3650 et
2487 3597 2856 3650 incouvulsam
2879 3597 3121 3650 obtineat
3149 3597 3482 3664 ﬁrmitatem,
3506 3599 3682 3669 sigillo

2091 3691 2278 3737 nostro
2321 3683 2506 3738 subter
2530 3700 2648 3738 eam
2686 3686 2948 3754 jussimus
2993 3685 3248 3755 sigillare.
3296 3687 3682 3744 Hirminmaris

2091 3772 2336 3826 notarius
2361 3772 2428 3826 ad
2453 3772 2625 3826 vicem
2667 3773 2936 3843 Fridugisi
2964 3777 3250 3844 recognovi
3278 3787 3334 3830 et
3356 3777 3678 3847 subscripsi.

2163 3861 2299 3915 Data
2339 3877 2435 3916 vui
2462 3860 2584 3916 ldus
2609 3860 2832 3928 Iunias,
2863 3879 3027 3930 anno,
3068 3865 3288 3920 Christo
3327 3867 3580 3937 propitio,
3614 3871 3681 3925 l8

2092 3951 2304 4020 imperii
2328 3951 2509 4006 domui
2547 3951 2803 4007 Ludovici
2829 3953 3057 4020 piissimi
3080 3954 3342 4024 Augusti,
3388 3957 3683 4013 indictione

2091 4054 2255 4094 nona.
2301 4040 2493 4095 Actum
2522 4041 2870 4110 lngelinbeim
2908 4043 2922 4081 ί
2953 4043 3155 4111 palatio
3183 4045 3351 4112 regio,
3385 4046 3441 4099 in
3468 4045 3563 4099 Dei
3590 4062 3684 4101 uo-

2094 4133 2239 4187 miue
2264 4131 2516 4186 feliciter.
2543 4131 2735 4185 Amen.

2091 4286 2298 4368 XCVII,
2327 4286 2429 4342 col.
2461 4285 2584 4350 957,
2618 4286 2761 4340 inter
2791 4285 2966 4370 Opera
2991 4288 3168 4370 Caroli
3201 4287 3422 4413 magna.
3617 4359 3628 4371 ο

2122 4393 2133 4404 -
2162 4357 2188 4396 ιι
2223 4358 2354 4412 Vide
2407 4364 2568 4410 notas
2623 4358 2918 4413 sunradictt
2975 4359 3286 4413 dmiomatrs
3337 4358 3350 4413 l
3404 4358 3628 4413 atrolom

2122 4357 2188 4404 .d
2223 4358 2354 4412 Vide
2406 4364 2568 4432 notas
2623 4357 2918 4432 supradicti
2975 4357 3310 4429 diplomatis‘
3337 4357 3681 4432 [Patrologiae

415 4415 892 4507 f'lAcclesiast.At‘oni.
941 4415 1072 4507 Vlll,‘
1247 4417 1366 4507 .
1393 4417 1686 4507 ln'tlegram,
1716 4417 1989 4507 sed‘meu:
2021 4447 2070 4507 ι)
2098 4435 2311 4507 tamne:
2338 4425 2443 4507 coal.
2474 4434 2537 4479 ιιι
2558 4415 2764 4497 supra].

419 4485 645 4548 dosam,
711 4485 1011 4539 retulerunt
1055 4484 1129 4538 La
1175 4484 1387 4550 Guille,
1446 4484 1678 4540 Histoire
1729 4485 1989 4544 d'Alsace.

455 4571 651 4624 reuves,
683 4569 802 4623 pag.
839 4554 922 4617 l9,
947 4554 1272 4624 Bouquetus,
1300 4565 1428 4610 tom.
1457 4556 1545 4620 Vl,
1570 4571 1690 4624 pag.
1726 4555 1851 4619 572,
1876 4554 1996 4609 Gal-

455 4571 651 4617 reuves,
683 4571 802 4623 pag.
839 4571 922 4617 tu,
947 4571 1272 4624 nonquetus,
1300 4571 1428 4610 tom.
1467 4571 1545 4620 vl,
1570 4571 1690 4624 pag.
1726 4571 1851 4619 om,
1876 4571 1996 4609 oat-

415 4571 486 4694 lia
501 4623 827 4685 Christiana,
853 4631 984 4677 tum.
1018 4625 1080 4687 ν,
1107 4625 1354 4678 instrum.
1385 4641 1504 4694 pag.
1537 4626 1663 4689 462,
1690 4634 1744 4679 et
1774 4625 1996 4694 Schmp-

418 4692 578 4744 (linus
600 4732 616 4756 ,
662 4694 831 4746 Alsat.
859 4694 1095 4766 ‘diplom.
1150 4702 1280 4748 tom.
1313 4696 1328 4749 Ι
1356 4692 1522 4766 [βόε.
1558 4695 1644 4747 74.
1693 4692 1998 4750 Rel‘erlmus

417 4771 723 4833 correctam
757 4776 821 4833 ex
858 4761 972 4830 ipso
1001 4766 1355 4833 autographa.
1403 4761 1419 4764 ’
1473 4761 1498 4766 ⁷
1570 4781 1581 4789 ·

493 4831 519 4870 δ
551 4830 747 4886 Civitas
777 4830 1448 4903 Argentorateiisis’dicitur
1481 4833 1804 4903 Strazpuruc
1832 4834 1883 4888 in
1910 4849 2002 4887 ce-

422 4899 539 4954 dice
567 4899 938 4970 antiquissimo
964 4901 1143 4957 saeculi
1184 4904 1357 4958 octavi
1385 4904 1616 4958 abbatize
1640 4899 2000 4958 Wesso-Fon-

583 4972 637 5044 in
663 4971 915 5044 Bavatja,
936 4987 1121 5044 quem
1153 4973 1492 5044 transcripsit
1529 4973 1872 5044 doctissimus
1918 4974 1999 5027 vir

423 5040 763 5095 Christianus
823 5040 1132 5096 Fridericus
1193 5040 1402 5096 Pfell‘el'
1443 5044 1584 5097 inter
1655 5043 1998 5097 Monumeuta

428 5107 619 5180 Boica,
664 5120 794 5166 tom.
847 5111 956 5176 γυ,
995 5127 1048 5180 p.
1099 5113 1222 5167 576.
1253 5113 1594 5167 Monumenta
1625 5112 1782 5168 Boica
1807 5129 1997 5167 novem

420 5177 784 5235 voluminibus
807 5180 859 5235 in
885 5181 941 5234 4ο
969 5177 1290 5246 cbnstmtia,
1308 5192 1368 5239 et
1387 5197 1453 5236 ex
1478 5183 1644 5236 variis
1663 5183 1999 5236 abbatiarum

426 5251 730 5304 tetrarchia:
752 5249 1084 5304 Monacensis
1104 5251 1307 5304 chartis
1326 5261 1382 5306 ct
1409 5253 1744 5307 documentis
1772 5251 2000 5306 conﬂata

424 5317 593 5372 edidit
627 5319 927 5374 electoralis
969 5321 1128 5375 Boica
1157 5321 1421 5375 Mouachii
1469 5322 1812 5376 scientiarum
1861 5321 2000 5375 Aca-

426 5386 623 5457 demia,
653 5390 739 5442 cui
761 5405 858 5442 nos
883 5390 1153 5443 electorali
1176 5390 1464 5457 diplomate
1481 5392 1546 5444 de
1566 5393 1652 5444 die
1681 5392 1744 5443 l5
1767 5389 2004 5444 Februa-

429 5455 493 5509 rii
525 5457 656 5510 1777
684 5460 880 5529 fuimus
903 5460 1144 5526 ascripti.
1171 5455 1391 5512 Gratum
1415 5461 1501 5513 hic
1529 5460 1754 5529 praestiti
1785 5460 2003 5512 honoris

431 5537 664 5580 mentem
694 5528 903 5597 publice
933 5530 1304 5583 testilicamur.

504 5606 524 5633 ε
562 5597 861 5667 Allcgntum
893 5599 1070 5654 Caroli
1109 5598 1281 5667 Magni
1325 5597 1554 5667 diploma
1603 5598 1667 5650 de
1696 5611 1879 5667 mense
1906 5597 2001 5650 De-

432 5667 633 5720 cembri
661 5666 762 5721 77b
789 5678 964 5724 exstat
993 5684 1172 5737 supra,
1204 5666 1351 5722 num.
1387 5666 1457 5720 68
1487 5666 1826 5738 lPatrologiae
1859 5676 2004 5720 toruo

2173 4509 2196 4536 ο
2227 4497 2496 4551 Comitum
2540 4493 2743 4549 mu'nus
2760 4503 2880 4549 erat
2907 4493 2997 4563 jus
3024 4497 3206 4551 dicere
3225 4537 3240 4560 ,
3288 4505 3450 4565 atque
3481 4498 3682 4551 tributa

2099 4576 2150 4638 cl
2181 4565 2462 4638 vectigalia
2485 4565 2756 4638 colligere,
2791 4566 2859 4620 de
2877 4567 3080 4638 quibus
3115 4566 3336 4620 consule
3364 4566 3682 4638 Scbmplliui
3769 4600 3774 4610 ι

2097 4637 2267 4690 Alsat.
2298 4635 2462 4688 illust.
2495 4633 2631 4688 tom.‘
2655 4633 2697 4697 l,
2725 4650 2845 4704 pag.
2877 4635 2998 4688 776.

2175 4706 2193 4744 ί
2238 4705 2462 4771 Vicarii,
2489 4704 2601 4758 sive
2623 4705 2992 4759 vice-comites
3020 4706 3228 4773 priores
3253 4707 3436 4761 comiti
3476 4705 3682 4761 asside-

2100 4776 2250 4839 bant,
2282 4782 2336 4828 et
2361 4775 2576 4846 comite
2606 4775 2826 4846 absente
2861 4775 3083 4846 judiciis
3110 4786 3396 4846 prmerant.
3442 4776 3682 4846 Vicaria-

2100 4855 2185 4899 tus
2217 4859 2410 4898 nomen
2441 4843 2496 4897 in
2543 4843 2821 4899 Occitania
2861 4843 3167 4900 adbucduin
3215 4846 3316 4900 sub
3358 4845 3578 4900 nomine
3606 4846 3682 4899 vi-

2099 4914 2300 4984 gtieries
2337 4921 2529 4984 exstat.

2176 4988 2199 5024 ὅ
2234 4982 2537 5038 Ccntcnarii
2571 4981 2957 5054 erantjudices
2983 4983 3286 5054 inferiores,
3319 4985 3417 5054 qui
3437 4998 3533 5052 per
3560 4998 3661 5054 ceu

2105 5063 2284 5108 tenam
2329 5054 2462 5123 sive
2475 5062 2693 5123 centum
2732 5052 2964 5123 familias
2985 5053 3077 5123 jus
3105 5052 3373 5110 dicebant.
3407 5053 3661 5122 Sclimplli

2104 5141 2222 5187 nus,
2253 5123 2422 5176 Alsat.
2454 5121 2616 5194 illust.
2652 5132 2780 5175 tom.
2811 5122 2831 5194 l
2854 5165 2866 5186 ,
2898 5121 3020 5194 pag.
3052 5127 3174 5179 791.
3207 5123 3516 5194 Contr-uarii
3541 5121 3682 5194 apud

2103 5195 2401 5247 Germanos
2427 5193 2758 5247 vocabantur
2797 5193 3080 5247 [tuadi-ater
3102 5234 3117 5258 ,
3161 5204 3219 5247 ut
3251 5193 3480 5247 comites
3519 5202 3574 5246 et
3602 5193 3684 5246 vi-

2103 5263 2237 5318 carii
2271 5279 2459 5330 graven
2489 5271 2545 5316 et
2570 5261 2834 5331 sciam/fon.

2177 5332 2208 5402 ιθ
2235 5329 2310 5384 De
2339 5332 2528 5402 borum
2556 5329 2889 5402 teloneprum
2926 5329 3222 5402 generibus
3251 5331 3496 5402 legantur
3542 5340 3683 5386 nota:

2107 5400 2680 5471 diplonia_tis_pr:ndicti
2711 5399 2888 5454 Caroli
2926 5399 3121 5468 Magni,
3153 5416 3273 5471 pag.
3307 5399 3409 5471 cit.
3440 5417 3607 5471 cxvii.

2184 5471 2200 5508 ί
2234 5469 2562 5540 Ludovicum
2593 5468 2746 5540 Pium
2769 5509 2782 5530 ,
2821 5478 3036 5540 peracta
3075 5468 3396 5540 Aquisgrani
3431 5469 3684 5525 solemni-

2108 5545 2216 5592 tate
2237 5537 2474 5605 paschali
2498 5538 2624 5590 anni
2642 5538 2769 5608 7851,
2793 5541 2856 5592 ad
2873 5537 3157 5607 lngelheim
3183 5537 3490 5608 pervenisse
3520 5548 3683 5608 testa-

2108 5616 2194 5661 tur
2239 5609 2596 5662 Astronomus
2637 5607 2691 5662 in
2722 5608 2837 5662 Vita
2868 5609 3109 5678 ejusdem
3153 5607 3517 5681 imperatoris,
3557 5607 3682 5681 με
