  <div class='ocr_page' id='page_1' title='image "/cluster/home/n/w/nwhite01/storage/ocr_20150623/104/hvd.32044052819794/606.png"; bbox 0 0 3996 6178; ppageno 0'>
   <div class='ocr_carea' id='block_1_1' title="bbox 403 233 533 290">
    <p class='ocr_par' dir='ltr' id='par_1_1' title="bbox 403 233 533 290">
     <span class='ocr_line' id='line_1_1' title="bbox 403 233 533 290; baseline -0.015 0"><span class='ocrx_word' id='word_1_1' title='bbox 403 233 533 290; x_wconf 66' lang='grc'><strong>1201</strong></span> 
     </span>
    </p>
   </div>
   <div class='ocr_carea' id='block_1_2' title="bbox 1075 351 1300 406">
    <p class='ocr_par' dir='ltr' id='par_1_2' title="bbox 1075 351 1300 406">
     <span class='ocr_line' id='line_1_2' title="bbox 1075 351 1300 406; baseline -0.004 0"><span class='ocrx_word' id='word_1_2' title='bbox 1075 351 1300 406; x_wconf 74' lang='lat' dir='ltr'><strong>CLXIV.</strong></span> 
     </span>
    </p>
   </div>
   <div class='ocr_carea' id='block_1_3' title="bbox 641 450 1726 497">
    <p class='ocr_par' dir='ltr' id='par_1_3' title="bbox 641 450 1726 497">
     <span class='ocr_line' id='line_1_3' title="bbox 641 450 1726 497; baseline 0.004 -6"><span class='ocrx_word' id='word_1_3' title='bbox 641 450 742 492; x_wconf 67' lang='lat' dir='ltr'><strong>PRO</strong></span> <span class='ocrx_word' id='word_1_4' title='bbox 781 452 1071 494; x_wconf 73' lang='lat' dir='ltr'><strong>TURONENSI</strong></span> <span class='ocrx_word' id='word_1_5' title='bbox 1112 456 1156 494; x_wconf 85' lang='lat' dir='ltr'><strong>S.</strong></span> <span class='ocrx_word' id='word_1_6' title='bbox 1196 457 1420 496; x_wconf 66' lang='lat' dir='ltr'><strong>MARTINI</strong></span> <span class='ocrx_word' id='word_1_7' title='bbox 1458 457 1726 497; x_wconf 74' lang='lat' dir='ltr'><strong>ECCLESIA.</strong></span> 
     </span>
    </p>
   </div>
   <div class='ocr_carea' id='block_1_4' title="bbox 1009 530 1362 603">
    <p class='ocr_par' dir='ltr' id='par_1_4' title="bbox 1009 530 1362 603">
     <span class='ocr_line' id='line_1_4' title="bbox 1009 530 1362 603; baseline -0.003 -18"><span class='ocrx_word' id='word_1_8' title='bbox 1009 530 1184 602; x_wconf 75' lang='lat' dir='ltr'><strong>(Anno</strong></span> <span class='ocrx_word' id='word_1_9' title='bbox 1213 531 1362 603; x_wconf 77' lang='grc'><strong>851.)</strong></span> 
     </span>
    </p>
   </div>
   <div class='ocr_carea' id='block_1_5' title="bbox 395 613 1971 692">
    <p class='ocr_par' dir='ltr' id='par_1_5' title="bbox 395 613 1971 692">
     <span class='ocr_line' id='line_1_5' title="bbox 395 613 1971 692; baseline 0.003 -20"><span class='ocrx_word' id='word_1_10' title='bbox 395 613 823 692; x_wconf 33' lang='grc' dir='ltr'><strong>Ῑέερτιέζοηιξηδὶδ</strong></span> <span class='ocrx_word' id='word_1_11' title='bbox 866 620 1136 692; x_wconf 64' lang='lat' dir='ltr'><strong>epist-aptis</strong></span> <span class='ocrx_word' id='word_1_12' title='bbox 1181 621 1444 692; x_wconf 69' lang='lat' dir='ltr'><strong>dominari</strong></span> <span class='ocrx_word' id='word_1_13' title='bbox 1496 632 1780 692; x_wconf 61' lang='lat' dir='ltr'><strong>praesumat</strong></span> <span class='ocrx_word' id='word_1_14' title='bbox 1817 624 1971 692; x_wconf 60' lang='lat' dir='ltr'><strong>apud</strong></span> 
     </span>
    </p>
   </div>
   <div class='ocr_carea' id='block_1_6' title="bbox 464 685 1976 759">
    <p class='ocr_par' dir='ltr' id='par_1_6' title="bbox 464 685 1976 759">
     <span class='ocr_line' id='line_1_6' title="bbox 464 685 1976 759; baseline 0.004 -19"><span class='ocrx_word' id='word_1_15' title='bbox 464 685 521 740; x_wconf 86' lang='lat' dir='ltr'><strong>S.</strong></span> <span class='ocrx_word' id='word_1_16' title='bbox 549 685 873 759; x_wconf 70' lang='lat' dir='ltr'><strong>Martinam,</strong></span> <span class='ocrx_word' id='word_1_17' title='bbox 895 685 1251 759; x_wconf 50' lang='lat' dir='ltr'><strong>&#39;etut&#39;fratres</strong></span> <span class='ocrx_word' id='word_1_18' title='bbox 1285 685 1504 745; x_wconf 73' lang='lat' dir='ltr'><strong>liberant</strong></span> <span class='ocrx_word' id='word_1_19' title='bbox 1533 692 1757 746; x_wconf 76' lang='lat' dir='ltr'><strong>habeant</strong></span> <span class='ocrx_word' id='word_1_20' title='bbox 1806 685 1976 759; x_wconf 70' lang='lat' dir='ltr'><strong>facul-</strong></span> 
     </span>
    </p>
   </div>
   <div class='ocr_carea' id='block_1_7' title="bbox 461 755 1131 826">
    <p class='ocr_par' dir='ltr' id='par_1_7' title="bbox 461 755 1131 826">
     <span class='ocr_line' id='line_1_7' title="bbox 461 755 1131 826; baseline 0.006 -18"><span class='ocrx_word' id='word_1_21' title='bbox 461 765 622 809; x_wconf 83' lang='lat' dir='ltr'><strong>tutem</strong></span> <span class='ocrx_word' id='word_1_22' title='bbox 652 755 876 826; x_wconf 79' lang='lat' dir='ltr'><strong>eligendi</strong></span> <span class='ocrx_word' id='word_1_23' title='bbox 908 755 1131 812; x_wconf 78' lang='lat' dir='ltr'><strong>abbatis.</strong></span> 
     </span>
    </p>
   </div>
   <div class='ocr_carea' id='block_1_8' title="bbox 389 846 1978 921">
    <p class='ocr_par' dir='ltr' id='par_1_8' title="bbox 389 846 1978 921">
     <span class='ocr_line' id='line_1_8' title="bbox 389 846 1978 921; baseline 0.003 -21"><span class='ocrx_word' id='word_1_24' title='bbox 389 846 568 919; x_wconf 72' lang='lat' dir='ltr'><strong>[Apud</strong></span> <span class='ocrx_word' id='word_1_25' title='bbox 600 846 855 913; x_wconf 70' lang='lat' dir='ltr'><strong>Martem,</strong></span> <span class='ocrx_word' id='word_1_26' title='bbox 881 847 1048 921; x_wconf 60' lang='lat' dir='ltr'><strong>Ampi.</strong></span> <span class='ocrx_word' id='word_1_27' title='bbox 1081 848 1237 921; x_wconf 72' lang='lat' dir='ltr'><strong>Qoll._,</strong></span> <span class='ocrx_word' id='word_1_28' title='bbox 1263 859 1393 921; x_wconf 88' lang='lat' dir='ltr'><strong>tom.</strong></span> <span class='ocrx_word' id='word_1_29' title='bbox 1421 849 1463 921; x_wconf 82' lang='lat' dir='ltr'><strong>l,</strong></span> <span class='ocrx_word' id='word_1_30' title='bbox 1488 866 1540 921; x_wconf 92' lang='lat' dir='ltr'><strong>p.</strong></span> <span class='ocrx_word' id='word_1_31' title='bbox 1581 850 1669 913; x_wconf 86' lang='lat'><strong>86,</strong></span> <span class='ocrx_word' id='word_1_32' title='bbox 1714 866 1780 906; x_wconf 76' lang='lat' dir='ltr'><strong>ex</strong></span> <span class='ocrx_word' id='word_1_33' title='bbox 1818 852 1978 906; x_wconf 84' lang='lat' dir='ltr'><strong>char-</strong></span> 
     </span>
    </p>
   </div>
   <div class='ocr_carea' id='block_1_9' title="bbox 924 918 1448 991">
    <p class='ocr_par' dir='ltr' id='par_1_9' title="bbox 924 918 1448 991">
     <span class='ocr_line' id='line_1_9' title="bbox 924 918 1448 991; baseline 0.002 -19"><span class='ocrx_word' id='word_1_34' title='bbox 924 919 1061 973; x_wconf 88' lang='lat' dir='ltr'><strong>tario</strong></span> <span class='ocrx_word' id='word_1_35' title='bbox 1093 918 1154 972; x_wconf 91' lang='lat' dir='ltr'><strong>s.</strong></span> <span class='ocrx_word' id='word_1_36' title='bbox 1186 919 1448 991; x_wconf 83' lang='lat' dir='ltr'><strong>Martini.]</strong></span> 
     </span>
    </p>
   </div>
   <div class='ocr_carea' id='block_1_10' title="bbox 456 1007 1974 1068">
    <p class='ocr_par' dir='ltr' id='par_1_10' title="bbox 456 1007 1974 1068">
     <span class='ocr_line' id='line_1_10' title="bbox 456 1007 1974 1068; baseline 0.004 -7"><span class='ocrx_word' id='word_1_37' title='bbox 456 1007 513 1062; x_wconf 84' lang='lat' dir='ltr'><strong>In</strong></span> <span class='ocrx_word' id='word_1_38' title='bbox 541 1008 762 1063; x_wconf 87' lang='lat' dir='ltr'><strong>nomine</strong></span> <span class='ocrx_word' id='word_1_39' title='bbox 793 1009 1005 1064; x_wconf 85' lang='lat' dir='ltr'><strong>Domini</strong></span> <span class='ocrx_word' id='word_1_40' title='bbox 1052 1011 1146 1066; x_wconf 85' lang='lat' dir='ltr'><strong>Dei</strong></span> <span class='ocrx_word' id='word_1_41' title='bbox 1191 1019 1246 1065; x_wconf 91' lang='lat' dir='ltr'><strong>et</strong></span> <span class='ocrx_word' id='word_1_42' title='bbox 1296 1010 1592 1066; x_wconf 89' lang='lat' dir='ltr'><strong>Salvatoris</strong></span> <span class='ocrx_word' id='word_1_43' title='bbox 1620 1013 1793 1068; x_wconf 87' lang='lat' dir='ltr'><strong>nostri</strong></span> <span class='ocrx_word' id='word_1_44' title='bbox 1846 1011 1974 1068; x_wconf 78' lang='lat' dir='ltr'><strong>Jesu</strong></span> 
     </span>
    </p>
   </div>
   <div class='ocr_carea' id='block_1_11' title="bbox 382 1099 1978 1174">
    <p class='ocr_par' dir='ltr' id='par_1_11' title="bbox 382 1099 1978 1174">
     <span class='ocr_line' id='line_1_11' title="bbox 382 1099 1978 1174; baseline 0.003 -21"><span class='ocrx_word' id='word_1_45' title='bbox 382 1099 610 1164; x_wconf 82' lang='lat' dir='ltr'><strong>Christi,</strong></span> <span class='ocrx_word' id='word_1_46' title='bbox 630 1101 952 1165; x_wconf 71' lang='lat' dir='ltr'><strong>Ludovicus,</strong></span> <span class='ocrx_word' id='word_1_47' title='bbox 985 1101 1165 1157; x_wconf 84' lang='lat' dir='ltr'><strong>divina</strong></span> <span class='ocrx_word' id='word_1_48' title='bbox 1187 1103 1473 1159; x_wconf 91' lang='lat' dir='ltr'><strong>ordinante</strong></span> <span class='ocrx_word' id='word_1_49' title='bbox 1489 1104 1852 1174; x_wconf 77' lang='lat' dir='ltr'><strong>providentia,</strong></span> <span class='ocrx_word' id='word_1_50' title='bbox 1877 1104 1978 1158; x_wconf 85' lang='lat' dir='ltr'><strong>im-</strong></span> 
     </span>
    </p>
   </div>
   <div class='ocr_carea' id='block_1_12' title="bbox 382 1191 930 1262">
    <p class='ocr_par' dir='ltr' id='par_1_12' title="bbox 382 1191 930 1262">
     <span class='ocr_line' id='line_1_12' title="bbox 382 1191 930 1262; baseline 0.005 -21"><span class='ocrx_word' id='word_1_51' title='bbox 382 1198 610 1258; x_wconf 85' lang='lat' dir='ltr'><strong>perator</strong></span> <span class='ocrx_word' id='word_1_52' title='bbox 635 1191 930 1262; x_wconf 87' lang='lat' dir='ltr'><strong>Augustus.</strong></span> 
     </span>
    </p>
   </div>
   <div class='ocr_carea' id='block_1_13' title="bbox 453 1278 1974 1352">
    <p class='ocr_par' dir='ltr' id='par_1_13' title="bbox 453 1278 1974 1352">
     <span class='ocr_line' id='line_1_13' title="bbox 453 1278 1974 1352; baseline 0.007 -20"><span class='ocrx_word' id='word_1_53' title='bbox 453 1278 510 1333; x_wconf 90' lang='lat' dir='ltr'><strong>Si</strong></span> <span class='ocrx_word' id='word_1_54' title='bbox 541 1278 682 1335; x_wconf 88' lang='lat' dir='ltr'><strong>locis</strong></span> <span class='ocrx_word' id='word_1_55' title='bbox 712 1281 821 1335; x_wconf 91' lang='lat' dir='ltr'><strong>Deo</strong></span> <span class='ocrx_word' id='word_1_56' title='bbox 853 1281 1047 1337; x_wconf 80' lang='lat' dir='ltr'><strong>dicatis</strong></span> <span class='ocrx_word' id='word_1_57' title='bbox 1075 1283 1590 1352; x_wconf 75' lang='lat' dir='ltr'><strong>quiddam°honoris</strong></span> <span class='ocrx_word' id='word_1_58' title='bbox 1623 1284 1974 1352; x_wconf 89' lang='lat' dir='ltr'><strong>conferimus,</strong></span> 
     </span>
    </p>
   </div>
   <div class='ocr_carea' id='block_1_14' title="bbox 380 1369 1979 1445">
    <p class='ocr_par' dir='ltr' id='par_1_14' title="bbox 380 1369 1979 1445">
     <span class='ocr_line' id='line_1_14' title="bbox 380 1369 1979 1445; baseline 0.006 -23"><span class='ocrx_word' id='word_1_59' title='bbox 380 1378 435 1422; x_wconf 90' lang='lat' dir='ltr'><strong>et</strong></span> <span class='ocrx_word' id='word_1_60' title='bbox 482 1369 598 1425; x_wconf 88' lang='lat' dir='ltr'><strong>Deo</strong></span> <span class='ocrx_word' id='word_1_61' title='bbox 648 1369 702 1424; x_wconf 89' lang='lat' dir='ltr'><strong>in</strong></span> <span class='ocrx_word' id='word_1_62' title='bbox 732 1373 812 1425; x_wconf 86' lang='lat' dir='ltr'><strong>eis</strong></span> <span class='ocrx_word' id='word_1_63' title='bbox 842 1370 1220 1426; x_wconf 78' lang='lat' dir='ltr'><strong>famulantium</strong></span> <span class='ocrx_word' id='word_1_64' title='bbox 1267 1374 1418 1444; x_wconf 83' lang='lat' dir='ltr'><strong>pacis</strong></span> <span class='ocrx_word' id='word_1_65' title='bbox 1464 1382 1520 1429; x_wconf 89' lang='lat' dir='ltr'><strong>et</strong></span> <span class='ocrx_word' id='word_1_66' title='bbox 1572 1375 1979 1445; x_wconf 87' lang='lat' dir='ltr'><strong>tranquillitatis</strong></span> 
     </span>
    </p>
   </div>
   <div class='ocr_carea' id='block_1_15' title="bbox 379 1461 1978 1531">
    <p class='ocr_par' dir='ltr' id='par_1_15' title="bbox 379 1461 1978 1531">
     <span class='ocr_line' id='line_1_15' title="bbox 379 1461 1978 1531; baseline 0.004 -17"><span class='ocrx_word' id='word_1_67' title='bbox 379 1475 573 1514; x_wconf 87' lang='lat' dir='ltr'><strong>curam</strong></span> <span class='ocrx_word' id='word_1_68' title='bbox 622 1461 882 1531; x_wconf 80' lang='lat' dir='ltr'><strong>gerimus,</strong></span> <span class='ocrx_word' id='word_1_69' title='bbox 919 1471 973 1516; x_wconf 90' lang='lat' dir='ltr'><strong>et</strong></span> <span class='ocrx_word' id='word_1_70' title='bbox 1019 1463 1084 1515; x_wconf 89' lang='lat' dir='ltr'><strong>ad</strong></span> <span class='ocrx_word' id='word_1_71' title='bbox 1133 1463 1500 1518; x_wconf 77' lang='lat' dir='ltr'><strong>ministerium</strong></span> <span class='ocrx_word' id='word_1_72' title='bbox 1553 1477 1709 1520; x_wconf 85' lang='lat' dir='ltr'><strong>suum</strong></span> <span class='ocrx_word' id='word_1_73' title='bbox 1756 1465 1978 1522; x_wconf 77' lang='lat' dir='ltr'><strong>liberius</strong></span> 
     </span>
    </p>
   </div>
   <div class='ocr_carea' id='block_1_16' title="bbox 377 1551 1977 1624">
    <p class='ocr_par' dir='ltr' id='par_1_16' title="bbox 377 1551 1977 1624">
     <span class='ocr_line' id='line_1_16' title="bbox 377 1551 1977 1624; baseline 0.003 -17"><span class='ocrx_word' id='word_1_74' title='bbox 377 1553 790 1620; x_wconf 73' lang='lat' dir='ltr'><strong>exsequendum</strong></span> <span class='ocrx_word' id='word_1_75' title='bbox 816 1567 974 1623; x_wconf 92' lang='lat' dir='ltr'><strong>opem</strong></span> <span class='ocrx_word' id='word_1_76' title='bbox 999 1551 1242 1616; x_wconf 87' lang='lat' dir='ltr'><strong>ferimus,</strong></span> <span class='ocrx_word' id='word_1_77' title='bbox 1277 1553 1382 1609; x_wconf 88' lang='lat' dir='ltr'><strong>hoc</strong></span> <span class='ocrx_word' id='word_1_78' title='bbox 1409 1554 1567 1609; x_wconf 92' lang='lat' dir='ltr'><strong>nobis</strong></span> <span class='ocrx_word' id='word_1_79' title='bbox 1595 1555 1782 1624; x_wconf 87' lang='lat' dir='ltr'><strong>procul</strong></span> <span class='ocrx_word' id='word_1_80' title='bbox 1814 1556 1977 1611; x_wconf 90' lang='lat' dir='ltr'><strong>dubio</strong></span> 
     </span>
    </p>
   </div>
   <div class='ocr_carea' id='block_1_17' title="bbox 379 1642 1977 1714">
    <p class='ocr_par' dir='ltr' id='par_1_17' title="bbox 379 1642 1977 1714">
     <span class='ocr_line' id='line_1_17' title="bbox 379 1642 1977 1714; baseline 0.004 -19"><span class='ocrx_word' id='word_1_81' title='bbox 379 1642 447 1695; x_wconf 89' lang='lat' dir='ltr'><strong>ad</strong></span> <span class='ocrx_word' id='word_1_82' title='bbox 476 1650 683 1697; x_wconf 87' lang='lat' dir='ltr'><strong>statum</strong></span> <span class='ocrx_word' id='word_1_83' title='bbox 716 1644 867 1714; x_wconf 81' lang='lat' dir='ltr'><strong>regni</strong></span> <span class='ocrx_word' id='word_1_84' title='bbox 895 1644 1098 1698; x_wconf 90' lang='lat' dir='ltr'><strong>terreni</strong></span> <span class='ocrx_word' id='word_1_85' title='bbox 1123 1644 1606 1711; x_wconf 89' lang='lat' dir='ltr'><strong>corroborandum,</strong></span> <span class='ocrx_word' id='word_1_86' title='bbox 1636 1654 1693 1700; x_wconf 90' lang='lat' dir='ltr'><strong>et</strong></span> <span class='ocrx_word' id='word_1_87' title='bbox 1724 1647 1791 1700; x_wconf 89' lang='lat' dir='ltr'><strong>ad</strong></span> <span class='ocrx_word' id='word_1_88' title='bbox 1818 1655 1977 1702; x_wconf 63' lang='lat' dir='ltr'><strong>atter-</strong></span> 
     </span>
    </p>
   </div>
   <div class='ocr_carea' id='block_1_18' title="bbox 1530 235 2518 294">
    <p class='ocr_par' dir='ltr' id='par_1_18' title="bbox 1530 235 2518 294">
     <span class='ocr_line' id='line_1_18' title="bbox 1530 235 2518 294; baseline -0.001 -2"><span class='ocrx_word' id='word_1_89' title='bbox 1530 237 1922 294; x_wconf 69' lang='lat' dir='ltr'><strong>DlPLOMATA</strong></span> <span class='ocrx_word' id='word_1_90' title='bbox 1964 235 2518 293; x_wconf 80' lang='lat' dir='ltr'><strong>ECCLESIASTICA.</strong></span> 
     </span>
    </p>
   </div>
   <div class='ocr_carea' id='block_1_19' title="bbox 2000 351 3649 422">
    <p class='ocr_par' dir='ltr' id='par_1_19' title="bbox 2000 351 3649 422">
     <span class='ocr_line' id='line_1_19' title="bbox 2000 351 3649 422; baseline 0 -18"><span class='ocrx_word' id='word_1_91' title='bbox 2000 358 2049 415; x_wconf 81' lang='grc' dir='ltr'><strong>Λ</strong></span> <span class='ocrx_word' id='word_1_92' title='bbox 2077 351 2242 419; x_wconf 92' lang='lat' dir='ltr'><strong>tione,</strong></span> <span class='ocrx_word' id='word_1_93' title='bbox 2271 367 2334 408; x_wconf 89' lang='lat' dir='ltr'><strong>ea</strong></span> <span class='ocrx_word' id='word_1_94' title='bbox 2370 360 2576 408; x_wconf 88' lang='lat' dir='ltr'><strong>tantum</strong></span> <span class='ocrx_word' id='word_1_95' title='bbox 2618 351 2923 408; x_wconf 80' lang='lat' dir='ltr'><strong>conlitionc</strong></span> <span class='ocrx_word' id='word_1_96' title='bbox 2976 353 3252 422; x_wconf 67' lang='lat' dir='ltr'><strong>praemissa</strong></span> <span class='ocrx_word' id='word_1_97' title='bbox 3306 361 3365 406; x_wconf 88' lang='lat' dir='ltr'><strong>ut</strong></span> <span class='ocrx_word' id='word_1_98' title='bbox 3413 352 3649 421; x_wconf 86' lang='lat' dir='ltr'><strong>quandiu</strong></span> 
     </span>
    </p>
   </div>
   <div class='ocr_carea' id='block_1_20' title="bbox 3508 238 3646 294">
    <p class='ocr_par' dir='ltr' id='par_1_20' title="bbox 3508 238 3646 294">
     <span class='ocr_line' id='line_1_20' title="bbox 3508 238 3646 294; baseline 0.007 -2"><span class='ocrx_word' id='word_1_99' title='bbox 3508 238 3646 294; x_wconf 70' lang='lat'><strong>19.02</strong></span> 
     </span>
    </p>
   </div>
   <div class='ocr_carea' id='block_1_21' title="bbox 2076 445 3652 516">
    <p class='ocr_par' dir='ltr' id='par_1_21' title="bbox 2076 445 3652 516">
     <span class='ocr_line' id='line_1_21' title="bbox 2076 445 3652 516; baseline -0.001 -17"><span class='ocrx_word' id='word_1_100' title='bbox 2076 445 2384 516; x_wconf 84' lang='lat' dir='ltr'><strong>Fridegisus</strong></span> <span class='ocrx_word' id='word_1_101' title='bbox 2409 449 2599 512; x_wconf 83' lang='lat' dir='ltr'><strong>abbas,</strong></span> <span class='ocrx_word' id='word_1_102' title='bbox 2623 448 2776 516; x_wconf 85' lang='lat' dir='ltr'><strong>cujus</strong></span> <span class='ocrx_word' id='word_1_103' title='bbox 2804 447 2970 500; x_wconf 88' lang='lat' dir='ltr'><strong>etiam</strong></span> <span class='ocrx_word' id='word_1_104' title='bbox 3001 445 3250 501; x_wconf 84' lang='lat' dir='ltr'><strong>consultu</strong></span> <span class='ocrx_word' id='word_1_105' title='bbox 3277 452 3457 500; x_wconf 88' lang='lat' dir='ltr'><strong>actum</strong></span> <span class='ocrx_word' id='word_1_106' title='bbox 3482 454 3562 498; x_wconf 88' lang='lat' dir='ltr'><strong>est</strong></span> <span class='ocrx_word' id='word_1_107' title='bbox 3593 452 3652 497; x_wconf 88' lang='lat' dir='ltr'><strong>ut</strong></span> 
     </span>
    </p>
   </div>
   <div class='ocr_carea' id='block_1_22' title="bbox 2075 537 3654 599">
    <p class='ocr_par' dir='ltr' id='par_1_22' title="bbox 2075 537 3654 599">
     <span class='ocr_line' id='line_1_22' title="bbox 2075 537 3654 599; baseline -0.004 -7"><span class='ocrx_word' id='word_1_108' title='bbox 2075 538 2214 592; x_wconf 86' lang='lat' dir='ltr'><strong>banc</strong></span> <span class='ocrx_word' id='word_1_109' title='bbox 2237 537 2698 593; x_wconf 84' lang='lat' dir='ltr'><strong>confirmationem</strong></span> <span class='ocrx_word' id='word_1_110' title='bbox 2727 537 2843 592; x_wconf 84' lang='lat' dir='ltr'><strong>ﬁeri</strong></span> <span class='ocrx_word' id='word_1_111' title='bbox 2877 545 3260 599; x_wconf 76' lang='lat' dir='ltr'><strong>statueremus,</strong></span> <span class='ocrx_word' id='word_1_112' title='bbox 3291 541 3654 589; x_wconf 82' lang='lat' dir='ltr'><strong>memoratum</strong></span> 
     </span>
    </p>
   </div>
   <div class='ocr_carea' id='block_1_23' title="bbox 2075 623 3657 695">
    <p class='ocr_par' dir='ltr' id='par_1_23' title="bbox 2075 623 3657 695">
     <span class='ocr_line' id='line_1_23' title="bbox 2075 623 3657 695; baseline -0.003 -13"><span class='ocrx_word' id='word_1_113' title='bbox 2075 629 2464 684; x_wconf 77' lang='lat' dir='ltr'><strong>monasterium</strong></span> <span class='ocrx_word' id='word_1_114' title='bbox 2509 629 2788 693; x_wconf 78' lang='lat' dir='ltr'><strong>habuerit,</strong></span> <span class='ocrx_word' id='word_1_115' title='bbox 2817 627 3020 683; x_wconf 88' lang='lat' dir='ltr'><strong>nullum</strong></span> <span class='ocrx_word' id='word_1_116' title='bbox 3050 623 3419 695; x_wconf 64' lang='lat' dir='ltr'><strong>prajudicium</strong></span> <span class='ocrx_word' id='word_1_117' title='bbox 3451 632 3544 678; x_wconf 87' lang='lat' dir='ltr'><strong>aut</strong></span> <span class='ocrx_word' id='word_1_118' title='bbox 3572 623 3657 678; x_wconf 88' lang='lat' dir='ltr'><strong>in-</strong></span> 
     </span>
    </p>
   </div>
   <div class='ocr_carea' id='block_1_24' title="bbox 2076 711 3655 787">
    <p class='ocr_par' dir='ltr' id='par_1_24' title="bbox 2076 711 3655 787">
     <span class='ocr_line' id='line_1_24' title="bbox 2076 711 3655 787; baseline -0.004 -17"><span class='ocrx_word' id='word_1_119' title='bbox 2076 717 2443 786; x_wconf 90' lang='lat' dir='ltr'><strong>quietudinem</strong></span> <span class='ocrx_word' id='word_1_120' title='bbox 2479 717 2547 772; x_wconf 88' lang='lat' dir='ltr'><strong>de</strong></span> <span class='ocrx_word' id='word_1_121' title='bbox 2608 717 2938 787; x_wconf 83' lang='lat' dir='ltr'><strong>quibuslibet</strong></span> <span class='ocrx_word' id='word_1_122' title='bbox 2988 715 3168 770; x_wconf 80' lang='lat' dir='ltr'><strong>causis</strong></span> <span class='ocrx_word' id='word_1_123' title='bbox 3215 714 3494 787; x_wconf 61' lang='lat' dir='ltr'><strong>patiatur.</strong></span> <span class='ocrx_word' id='word_1_124' title='bbox 3529 711 3655 766; x_wconf 82' lang='lat' dir='ltr'><strong>Post</strong></span> 
     </span>
    </p>
   </div>
   <div class='ocr_carea' id='block_1_25' title="bbox 2077 785 3658 862">
    <p class='ocr_par' dir='ltr' id='par_1_25' title="bbox 2077 785 3658 862">
     <span class='ocr_line' id='line_1_25' title="bbox 2077 785 3658 862; baseline -0.003 -1"><span class='ocrx_word' id='word_1_125' title='bbox 2077 806 2220 862; x_wconf 89' lang='lat' dir='ltr'><strong>illius</strong></span> <span class='ocrx_word' id='word_1_126' title='bbox 2248 823 2378 862; x_wconf 89' lang='lat' dir='ltr'><strong>vero</strong></span> <span class='ocrx_word' id='word_1_127' title='bbox 2409 807 2689 862; x_wconf 84' lang='lat' dir='ltr'><strong>decessum</strong></span> <span class='ocrx_word' id='word_1_128' title='bbox 2737 806 3022 861; x_wconf 83' lang='lat' dir='ltr'><strong>memorati</strong></span> <span class='ocrx_word' id='word_1_129' title='bbox 3067 805 3264 859; x_wconf 82' lang='lat' dir='ltr'><strong>fratres</strong></span> <span class='ocrx_word' id='word_1_130' title='bbox 3314 785 3549 857; x_wconf 63' lang='lat' dir='ltr'><strong>hahea‘nt</strong></span> <span class='ocrx_word' id='word_1_131' title='bbox 3577 802 3658 856; x_wconf 82' lang='lat' dir='ltr'><strong>fa-</strong></span> 
     </span>
    </p>
   </div>
   <div class='ocr_carea' id='block_1_26' title="bbox 2077 893 3655 974">
    <p class='ocr_par' dir='ltr' id='par_1_26' title="bbox 2077 893 3655 974">
     <span class='ocr_line' id='line_1_26' title="bbox 2077 893 3655 974; baseline -0.003 -23"><span class='ocrx_word' id='word_1_132' title='bbox 2077 897 2332 952; x_wconf 88' lang='lat' dir='ltr'><strong>cultatem</strong></span> <span class='ocrx_word' id='word_1_133' title='bbox 2360 898 2590 968; x_wconf 87' lang='lat' dir='ltr'><strong>eligendi</strong></span> <span class='ocrx_word' id='word_1_134' title='bbox 2629 899 2695 952; x_wconf 90' lang='lat' dir='ltr'><strong>de</strong></span> <span class='ocrx_word' id='word_1_135' title='bbox 2736 899 2884 974; x_wconf 5' lang='lat' dir='ltr'><strong>ipsis!</strong></span> <span class='ocrx_word' id='word_1_136' title='bbox 2911 898 3181 962; x_wconf 85' lang='lat' dir='ltr'><strong>abbatem,</strong></span> <span class='ocrx_word' id='word_1_137' title='bbox 3207 910 3366 966; x_wconf 87' lang='lat' dir='ltr'><strong>quem</strong></span> <span class='ocrx_word' id='word_1_138' title='bbox 3392 893 3655 963; x_wconf 85' lang='lat' dir='ltr'><strong>optimum</strong></span> 
     </span>
    </p>
   </div>
   <div class='ocr_carea' id='block_1_27' title="bbox 2076 983 3660 1058">
    <p class='ocr_par' dir='ltr' id='par_1_27' title="bbox 2076 983 3660 1058">
     <span class='ocr_line' id='line_1_27' title="bbox 2076 983 3660 1058; baseline -0.003 -16"><span class='ocrx_word' id='word_1_139' title='bbox 2076 995 2132 1042; x_wconf 90' lang='lat' dir='ltr'><strong>et</strong></span> <span class='ocrx_word' id='word_1_140' title='bbox 2159 988 2436 1042; x_wconf 86' lang='lat' dir='ltr'><strong>nobilitate</strong></span> <span class='ocrx_word' id='word_1_141' title='bbox 2462 989 2693 1057; x_wconf 78' lang='lat' dir='ltr'><strong>generis,</strong></span> <span class='ocrx_word' id='word_1_142' title='bbox 2723 997 2778 1044; x_wconf 90' lang='lat' dir='ltr'><strong>et</strong></span> <span class='ocrx_word' id='word_1_143' title='bbox 2814 988 3081 1058; x_wconf 88' lang='lat' dir='ltr'><strong>probitate</strong></span> <span class='ocrx_word' id='word_1_144' title='bbox 3108 1001 3318 1041; x_wconf 89' lang='lat' dir='ltr'><strong>morum</strong></span> <span class='ocrx_word' id='word_1_145' title='bbox 3349 995 3404 1038; x_wconf 88' lang='lat' dir='ltr'><strong>et</strong></span> <span class='ocrx_word' id='word_1_146' title='bbox 3439 985 3492 1038; x_wconf 91' lang='lat' dir='ltr'><strong>iu</strong></span> <span class='ocrx_word' id='word_1_147' title='bbox 3525 983 3660 1038; x_wconf 88' lang='lat' dir='ltr'><strong>scri-</strong></span> 
     </span>
    </p>
   </div>
   <div class='ocr_carea' id='block_1_28' title="bbox 2078 1075 3658 1148">
    <p class='ocr_par' dir='ltr' id='par_1_28' title="bbox 2078 1075 3658 1148">
     <span class='ocr_line' id='line_1_28' title="bbox 2078 1075 3658 1148; baseline -0.002 -18"><span class='ocrx_word' id='word_1_148' title='bbox 2078 1078 2250 1147; x_wconf 87' lang='lat' dir='ltr'><strong>pturis</strong></span> <span class='ocrx_word' id='word_1_149' title='bbox 2267 1079 2537 1133; x_wconf 90' lang='lat' dir='ltr'><strong>eruditum</strong></span> <span class='ocrx_word' id='word_1_150' title='bbox 2555 1079 2939 1148; x_wconf 67' lang='lat' dir='ltr'><strong>iudicaverint.</strong></span> <span class='ocrx_word' id='word_1_151' title='bbox 2970 1078 3035 1133; x_wconf 89' lang='lat' dir='ltr'><strong>Et</strong></span> <span class='ocrx_word' id='word_1_152' title='bbox 3063 1079 3108 1133; x_wconf 89' lang='lat' dir='ltr'><strong>si</strong></span> <span class='ocrx_word' id='word_1_153' title='bbox 3146 1077 3272 1132; x_wconf 90' lang='lat' dir='ltr'><strong>talis</strong></span> <span class='ocrx_word' id='word_1_154' title='bbox 3324 1076 3480 1140; x_wconf 90' lang='lat' dir='ltr'><strong>inihi,</strong></span> <span class='ocrx_word' id='word_1_155' title='bbox 3513 1075 3658 1145; x_wconf 90' lang='lat' dir='ltr'><strong>quod</strong></span> 
     </span>
    </p>
   </div>
   <div class='ocr_carea' id='block_1_29' title="bbox 2078 1165 3657 1240">
    <p class='ocr_par' dir='ltr' id='par_1_29' title="bbox 2078 1165 3657 1240">
     <span class='ocr_line' id='line_1_29' title="bbox 2078 1165 3657 1240; baseline -0.003 -18"><span class='ocrx_word' id='word_1_156' title='bbox 2078 1183 2187 1224; x_wconf 89' lang='lat' dir='ltr'><strong>non</strong></span> <span class='ocrx_word' id='word_1_157' title='bbox 2225 1177 2492 1238; x_wconf 83' lang='lat' dir='ltr'><strong>optamus,</strong></span> <span class='ocrx_word' id='word_1_158' title='bbox 2525 1171 2753 1240; x_wconf 87' lang='lat' dir='ltr'><strong>reperiri</strong></span> <span class='ocrx_word' id='word_1_159' title='bbox 2805 1186 2912 1224; x_wconf 89' lang='lat' dir='ltr'><strong>non</strong></span> <span class='ocrx_word' id='word_1_160' title='bbox 2957 1170 3188 1238; x_wconf 78' lang='lat' dir='ltr'><strong>poterit,</strong></span> <span class='ocrx_word' id='word_1_161' title='bbox 3221 1177 3347 1222; x_wconf 91' lang='lat' dir='ltr'><strong>tunc</strong></span> <span class='ocrx_word' id='word_1_162' title='bbox 3391 1165 3657 1237; x_wconf 88' lang='lat' dir='ltr'><strong>imperiali</strong></span> 
     </span>
    </p>
   </div>
   <div class='ocr_carea' id='block_1_30' title="bbox 2077 1258 3660 1328">
    <p class='ocr_par' dir='ltr' id='par_1_30' title="bbox 2077 1258 3660 1328">
     <span class='ocr_line' id='line_1_30' title="bbox 2077 1258 3660 1328; baseline -0.003 -14"><span class='ocrx_word' id='word_1_163' title='bbox 2077 1260 2331 1328; x_wconf 85' lang='lat' dir='ltr'><strong>potestati</strong></span> <span class='ocrx_word' id='word_1_164' title='bbox 2366 1260 2417 1314; x_wconf 88' lang='lat' dir='ltr'><strong>id</strong></span> <span class='ocrx_word' id='word_1_165' title='bbox 2447 1261 2834 1316; x_wconf 77' lang='lat' dir='ltr'><strong>reservandum</strong></span> <span class='ocrx_word' id='word_1_166' title='bbox 2865 1260 3172 1314; x_wconf 86' lang='lat' dir='ltr'><strong>statuimus.</strong></span> <span class='ocrx_word' id='word_1_167' title='bbox 3208 1258 3486 1312; x_wconf 72' lang='lat' dir='ltr'><strong>Menenius</strong></span> <span class='ocrx_word' id='word_1_168' title='bbox 3523 1271 3660 1326; x_wconf 87' lang='lat' dir='ltr'><strong>quo-</strong></span> 
     </span>
    </p>
   </div>
   <div class='ocr_carea' id='block_1_31' title="bbox 2078 1348 3658 1420">
    <p class='ocr_par' dir='ltr' id='par_1_31' title="bbox 2078 1348 3658 1420">
     <span class='ocr_line' id='line_1_31' title="bbox 2078 1348 3658 1420; baseline -0.003 -17"><span class='ocrx_word' id='word_1_169' title='bbox 2078 1363 2183 1418; x_wconf 91' lang='lat' dir='ltr'><strong>que</strong></span> <span class='ocrx_word' id='word_1_170' title='bbox 2209 1364 2397 1404; x_wconf 90' lang='lat' dir='ltr'><strong>omnes</strong></span> <span class='ocrx_word' id='word_1_171' title='bbox 2422 1350 2512 1420; x_wconf 84' lang='lat' dir='ltr'><strong>qui</strong></span> <span class='ocrx_word' id='word_1_172' title='bbox 2540 1349 2695 1404; x_wconf 87' lang='lat' dir='ltr'><strong>nobis</strong></span> <span class='ocrx_word' id='word_1_173' title='bbox 2727 1349 2779 1403; x_wconf 90' lang='lat' dir='ltr'><strong>in</strong></span> <span class='ocrx_word' id='word_1_174' title='bbox 2808 1349 3034 1418; x_wconf 88' lang='lat' dir='ltr'><strong>imperio</strong></span> <span class='ocrx_word' id='word_1_175' title='bbox 3080 1364 3111 1402; x_wconf 89' lang='lat' dir='ltr'><strong>a</strong></span> <span class='ocrx_word' id='word_1_176' title='bbox 3158 1349 3269 1402; x_wconf 91' lang='lat' dir='ltr'><strong>Deo</strong></span> <span class='ocrx_word' id='word_1_177' title='bbox 3309 1348 3462 1402; x_wconf 91' lang='lat' dir='ltr'><strong>nobis</strong></span> <span class='ocrx_word' id='word_1_178' title='bbox 3512 1361 3658 1400; x_wconf 86' lang='lat' dir='ltr'><strong>com-</strong></span> 
     </span>
    </p>
   </div>
   <div class='ocr_carea' id='block_1_32' title="bbox 2081 1440 3658 1507">
    <p class='ocr_par' dir='ltr' id='par_1_32' title="bbox 2081 1440 3658 1507">
     <span class='ocr_line' id='line_1_32' title="bbox 2081 1440 3658 1507; baseline -0.001 -13"><span class='ocrx_word' id='word_1_179' title='bbox 2081 1440 2248 1494; x_wconf 83' lang='lat' dir='ltr'><strong>misso</strong></span> <span class='ocrx_word' id='word_1_180' title='bbox 2278 1442 2584 1496; x_wconf 90' lang='lat' dir='ltr'><strong>successuri</strong></span> <span class='ocrx_word' id='word_1_181' title='bbox 2627 1448 2772 1507; x_wconf 91' lang='lat' dir='ltr'><strong>sunt,</strong></span> <span class='ocrx_word' id='word_1_182' title='bbox 2807 1450 2868 1495; x_wconf 94' lang='lat' dir='ltr'><strong>ut</strong></span> <span class='ocrx_word' id='word_1_183' title='bbox 2914 1441 3056 1496; x_wconf 91' lang='lat' dir='ltr'><strong>sicut</strong></span> <span class='ocrx_word' id='word_1_184' title='bbox 3113 1440 3326 1494; x_wconf 87' lang='lat' dir='ltr'><strong>illorum</strong></span> <span class='ocrx_word' id='word_1_185' title='bbox 3375 1447 3580 1493; x_wconf 88' lang='lat' dir='ltr'><strong>statuta</strong></span> <span class='ocrx_word' id='word_1_186' title='bbox 3627 1453 3658 1492; x_wconf 89' lang='lat' dir='ltr'><strong>a</strong></span> 
     </span>
    </p>
   </div>
   <div class='ocr_carea' id='block_1_33' title="bbox 2079 1529 3658 1596">
    <p class='ocr_par' dir='ltr' id='par_1_33' title="bbox 2079 1529 3658 1596">
     <span class='ocr_line' id='line_1_33' title="bbox 2079 1529 3658 1596; baseline 0.001 -12"><span class='ocrx_word' id='word_1_187' title='bbox 2079 1531 2484 1586; x_wconf 88' lang='lat' dir='ltr'><strong>successoribus</strong></span> <span class='ocrx_word' id='word_1_188' title='bbox 2514 1532 2625 1586; x_wconf 90' lang='lat' dir='ltr'><strong>suis</strong></span> <span class='ocrx_word' id='word_1_189' title='bbox 2665 1532 2982 1587; x_wconf 86' lang='lat' dir='ltr'><strong>conservari</strong></span> <span class='ocrx_word' id='word_1_190' title='bbox 3006 1531 3194 1596; x_wconf 86' lang='lat' dir='ltr'><strong>velint,</strong></span> <span class='ocrx_word' id='word_1_191' title='bbox 3220 1531 3293 1584; x_wconf 90' lang='lat' dir='ltr'><strong>ita</strong></span> <span class='ocrx_word' id='word_1_192' title='bbox 3325 1529 3378 1584; x_wconf 92' lang='lat' dir='ltr'><strong>in</strong></span> <span class='ocrx_word' id='word_1_193' title='bbox 3407 1530 3658 1586; x_wconf 86' lang='lat' dir='ltr'><strong>omnibus</strong></span> 
     </span>
    </p>
   </div>
   <div class='ocr_carea' id='block_1_34' title="bbox 2083 1621 3661 1694">
    <p class='ocr_par' dir='ltr' id='par_1_34' title="bbox 2083 1621 3661 1694">
     <span class='ocr_line' id='line_1_34' title="bbox 2083 1621 3661 1694; baseline 0.001 -20"><span class='ocrx_word' id='word_1_194' title='bbox 2083 1621 2222 1676; x_wconf 88' lang='lat' dir='ltr'><strong>hanc</strong></span> <span class='ocrx_word' id='word_1_195' title='bbox 2259 1631 2501 1676; x_wconf 74' lang='lat' dir='ltr'><strong>n0stram</strong></span> <span class='ocrx_word' id='word_1_196' title='bbox 2547 1623 2986 1678; x_wconf 90' lang='lat' dir='ltr'><strong>constitutionem</strong></span> <span class='ocrx_word' id='word_1_197' title='bbox 3019 1623 3290 1694; x_wconf 84' lang='lat' dir='ltr'><strong>perpetuis</strong></span> <span class='ocrx_word' id='word_1_198' title='bbox 3327 1622 3661 1691; x_wconf 86' lang='lat' dir='ltr'><strong>temporibus</strong></span> 
     </span>
    </p>
   </div>
   <div class='ocr_carea' id='block_1_35' title="bbox 379 1699 3662 1806">
    <p class='ocr_par' dir='ltr' id='par_1_35' title="bbox 379 1699 3662 1806">
     <span class='ocr_line' id='line_1_35' title="bbox 379 1699 3662 1806; baseline 0 -42"><span class='ocrx_word' id='word_1_199' title='bbox 379 1749 463 1788; x_wconf 53' lang='grc' dir='ltr'><strong>ηπ</strong></span> <span class='ocrx_word' id='word_1_200' title='bbox 488 1734 620 1788; x_wconf 57' lang='lat' dir='ltr'><strong>vim</strong></span> <span class='ocrx_word' id='word_1_201' title='bbox 646 1699 1037 1790; x_wconf 40' lang='lat' dir='ltr'><strong>beatitudinem</strong></span> <span class='ocrx_word' id='word_1_202' title='bbox 1069 1699 1974 1806; x_wconf 32' lang='lat' dir='ltr'><strong>capessendamprofuturumﬁéége</strong></span> <span class='ocrx_word' id='word_1_203' title='bbox 2004 1699 2050 1758; x_wconf 88' lang='grc' dir='ltr'><strong>Β</strong></span> <span class='ocrx_word' id='word_1_204' title='bbox 2079 1725 2402 1767; x_wconf 84' lang='lat' dir='ltr'><strong>conservare</strong></span> <span class='ocrx_word' id='word_1_205' title='bbox 2428 1714 2682 1768; x_wconf 86' lang='lat' dir='ltr'><strong>studeant</strong></span> <span class='ocrx_word' id='word_1_206' title='bbox 2713 1714 2782 1770; x_wconf 89' lang='lat' dir='ltr'><strong>ad</strong></span> <span class='ocrx_word' id='word_1_207' title='bbox 2829 1714 3042 1768; x_wconf 89' lang='lat' dir='ltr'><strong>illorum</strong></span> <span class='ocrx_word' id='word_1_208' title='bbox 3068 1722 3123 1768; x_wconf 88' lang='lat' dir='ltr'><strong>et</strong></span> <span class='ocrx_word' id='word_1_209' title='bbox 3148 1722 3390 1770; x_wconf 85' lang='lat' dir='ltr'><strong>nostram</strong></span> <span class='ocrx_word' id='word_1_210' title='bbox 3419 1729 3662 1768; x_wconf 89' lang='lat' dir='ltr'><strong>commu-</strong></span> 
     </span>
    </p>
   </div>
   <div class='ocr_carea' id='block_1_36' title="bbox 380 1825 1973 1884">
    <p class='ocr_par' dir='ltr' id='par_1_36' title="bbox 380 1825 1973 1884">
     <span class='ocr_line' id='line_1_36' title="bbox 380 1825 1973 1884; baseline 0.003 -5"><span class='ocrx_word' id='word_1_211' title='bbox 380 1826 677 1880; x_wconf 87' lang='lat' dir='ltr'><strong>credimus.</strong></span> <span class='ocrx_word' id='word_1_212' title='bbox 711 1825 917 1882; x_wconf 87' lang='lat' dir='ltr'><strong>Idcirco</strong></span> <span class='ocrx_word' id='word_1_213' title='bbox 945 1835 1131 1881; x_wconf 89' lang='lat' dir='ltr'><strong>notum</strong></span> <span class='ocrx_word' id='word_1_214' title='bbox 1147 1825 1267 1882; x_wconf 85' lang='lat' dir='ltr'><strong>ﬁeri</strong></span> <span class='ocrx_word' id='word_1_215' title='bbox 1292 1827 1540 1884; x_wconf 84' lang='lat' dir='ltr'><strong>volumus</strong></span> <span class='ocrx_word' id='word_1_216' title='bbox 1563 1829 1814 1884; x_wconf 85' lang='lat' dir='ltr'><strong>omnibus</strong></span> <span class='ocrx_word' id='word_1_217' title='bbox 1838 1829 1973 1884; x_wconf 79' lang='lat' dir='ltr'><strong>tide-</strong></span> 
     </span>
    </p>
   </div>
   <div class='ocr_carea' id='block_1_37' title="bbox 382 1915 1977 1992">
    <p class='ocr_par' dir='ltr' id='par_1_37' title="bbox 382 1915 1977 1992">
     <span class='ocr_line' id='line_1_37' title="bbox 382 1915 1977 1992; baseline 0.006 -24"><span class='ocrx_word' id='word_1_218' title='bbox 382 1915 526 1972; x_wconf 86' lang='lat' dir='ltr'><strong>libus</strong></span> <span class='ocrx_word' id='word_1_219' title='bbox 565 1925 768 1972; x_wconf 72' lang='lat' dir='ltr'><strong>sancta:</strong></span> <span class='ocrx_word' id='word_1_220' title='bbox 813 1919 908 1973; x_wconf 89' lang='lat' dir='ltr'><strong>Dei</strong></span> <span class='ocrx_word' id='word_1_221' title='bbox 951 1917 1207 1975; x_wconf 62' lang='lat' dir='ltr'><strong>Ecclesiae</strong></span> <span class='ocrx_word' id='word_1_222' title='bbox 1255 1929 1311 1976; x_wconf 85' lang='lat' dir='ltr'><strong>et</strong></span> <span class='ocrx_word' id='word_1_223' title='bbox 1363 1921 1584 1988; x_wconf 89' lang='lat' dir='ltr'><strong>nostris,</strong></span> <span class='ocrx_word' id='word_1_224' title='bbox 1618 1922 1977 1992; x_wconf 79' lang='lat' dir='ltr'><strong>praesentibus</strong></span> 
     </span>
    </p>
   </div>
   <div class='ocr_carea' id='block_1_38' title="bbox 387 2001 1977 2084">
    <p class='ocr_par' dir='ltr' id='par_1_38' title="bbox 387 2001 1977 2084">
     <span class='ocr_line' id='line_1_38' title="bbox 387 2001 1977 2084; baseline 0.006 -22"><span class='ocrx_word' id='word_1_225' title='bbox 387 2009 604 2065; x_wconf 89' lang='lat' dir='ltr'><strong>scilicet</strong></span> <span class='ocrx_word' id='word_1_226' title='bbox 648 2018 702 2065; x_wconf 91' lang='lat' dir='ltr'><strong>et</strong></span> <span class='ocrx_word' id='word_1_227' title='bbox 749 2009 970 2076; x_wconf 89' lang='lat' dir='ltr'><strong>futuris,</strong></span> <span class='ocrx_word' id='word_1_228' title='bbox 1019 2001 1145 2084; x_wconf 86' lang='lat' dir='ltr'><strong>quia</strong></span> <span class='ocrx_word' id='word_1_229' title='bbox 1185 2014 1251 2068; x_wconf 90' lang='lat' dir='ltr'><strong>ad</strong></span> <span class='ocrx_word' id='word_1_230' title='bbox 1287 2014 1605 2083; x_wconf 84' lang='lat' dir='ltr'><strong>petitionem</strong></span> <span class='ocrx_word' id='word_1_231' title='bbox 1635 2015 1890 2082; x_wconf 81' lang='lat' dir='ltr'><strong>fratrum,</strong></span> <span class='ocrx_word' id='word_1_232' title='bbox 1922 2017 1977 2071; x_wconf 92' lang='lat' dir='ltr'><strong>in</strong></span> 
     </span>
    </p>
   </div>
   <div class='ocr_carea' id='block_1_39' title="bbox 387 2104 1980 2179">
    <p class='ocr_par' dir='ltr' id='par_1_39' title="bbox 387 2104 1980 2179">
     <span class='ocr_line' id='line_1_39' title="bbox 387 2104 1980 2179; baseline 0.005 -23"><span class='ocrx_word' id='word_1_233' title='bbox 387 2104 719 2159; x_wconf 83' lang='lat' dir='ltr'><strong>monasterio</strong></span> <span class='ocrx_word' id='word_1_234' title='bbox 749 2106 922 2161; x_wconf 85' lang='lat' dir='ltr'><strong>sancti</strong></span> <span class='ocrx_word' id='word_1_235' title='bbox 953 2106 1168 2161; x_wconf 88' lang='lat' dir='ltr'><strong>Martini</strong></span> <span class='ocrx_word' id='word_1_236' title='bbox 1216 2108 1544 2165; x_wconf 82' lang='lat' dir='ltr'><strong>confessoris</strong></span> <span class='ocrx_word' id='word_1_237' title='bbox 1573 2108 1774 2165; x_wconf 85' lang='lat' dir='ltr'><strong>Christi</strong></span> <span class='ocrx_word' id='word_1_238' title='bbox 1817 2118 1980 2179; x_wconf 87' lang='lat' dir='ltr'><strong>atque</strong></span> 
     </span>
    </p>
   </div>
   <div class='ocr_carea' id='block_1_40' title="bbox 384 2196 1977 2271">
    <p class='ocr_par' dir='ltr' id='par_1_40' title="bbox 384 2196 1977 2271">
     <span class='ocr_line' id='line_1_40' title="bbox 384 2196 1977 2271; baseline 0.004 -22"><span class='ocrx_word' id='word_1_239' title='bbox 384 2196 660 2264; x_wconf 85' lang='lat' dir='ltr'><strong>pontificis</strong></span> <span class='ocrx_word' id='word_1_240' title='bbox 684 2196 796 2251; x_wconf 86' lang='lat' dir='ltr'><strong>Deo</strong></span> <span class='ocrx_word' id='word_1_241' title='bbox 823 2197 1054 2252; x_wconf 82' lang='lat' dir='ltr'><strong>fideliter</strong></span> <span class='ocrx_word' id='word_1_242' title='bbox 1091 2199 1534 2268; x_wconf 89' lang='lat' dir='ltr'><strong>dcservicntium,</strong></span> <span class='ocrx_word' id='word_1_243' title='bbox 1564 2201 1756 2258; x_wconf 90' lang='lat' dir='ltr'><strong>dilecta</strong></span> <span class='ocrx_word' id='word_1_244' title='bbox 1780 2201 1977 2271; x_wconf 83' lang='lat' dir='ltr'><strong>conjux</strong></span> 
     </span>
    </p>
   </div>
   <div class='ocr_carea' id='block_1_41' title="bbox 391 2285 1978 2362">
    <p class='ocr_par' dir='ltr' id='par_1_41' title="bbox 391 2285 1978 2362">
     <span class='ocr_line' id='line_1_41' title="bbox 391 2285 1978 2362; baseline 0.004 -22"><span class='ocrx_word' id='word_1_245' title='bbox 391 2295 579 2341; x_wconf 89' lang='lat' dir='ltr'><strong>nostra</strong></span> <span class='ocrx_word' id='word_1_246' title='bbox 624 2285 812 2341; x_wconf 82' lang='lat' dir='ltr'><strong>Judith</strong></span> <span class='ocrx_word' id='word_1_247' title='bbox 849 2296 1076 2358; x_wconf 85' lang='lat' dir='ltr'><strong>augusta</strong></span> <span class='ocrx_word' id='word_1_248' title='bbox 1125 2289 1280 2344; x_wconf 88' lang='lat' dir='ltr'><strong>nobis</strong></span> <span class='ocrx_word' id='word_1_249' title='bbox 1323 2290 1593 2361; x_wconf 77' lang='lat' dir='ltr'><strong>suggessit</strong></span> <span class='ocrx_word' id='word_1_250' title='bbox 1629 2307 1728 2360; x_wconf 90' lang='lat' dir='ltr'><strong>per</strong></span> <span class='ocrx_word' id='word_1_251' title='bbox 1754 2293 1978 2362; x_wconf 90' lang='lat' dir='ltr'><strong>privile-</strong></span> 
     </span>
    </p>
   </div>
   <div class='ocr_carea' id='block_1_42' title="bbox 391 2376 1981 2452">
    <p class='ocr_par' dir='ltr' id='par_1_42' title="bbox 391 2376 1981 2452">
     <span class='ocr_line' id='line_1_42' title="bbox 391 2376 1981 2452; baseline 0.006 -24"><span class='ocrx_word' id='word_1_252' title='bbox 391 2376 539 2445; x_wconf 86' lang='lat' dir='ltr'><strong>gium</strong></span> <span class='ocrx_word' id='word_1_253' title='bbox 564 2377 737 2445; x_wconf 90' lang='lat' dir='ltr'><strong>patris</strong></span> <span class='ocrx_word' id='word_1_254' title='bbox 771 2378 942 2432; x_wconf 91' lang='lat' dir='ltr'><strong>nostri</strong></span> <span class='ocrx_word' id='word_1_255' title='bbox 985 2379 1164 2433; x_wconf 90' lang='lat' dir='ltr'><strong>domni</strong></span> <span class='ocrx_word' id='word_1_256' title='bbox 1213 2379 1390 2435; x_wconf 86' lang='lat' dir='ltr'><strong>Caroli</strong></span> <span class='ocrx_word' id='word_1_257' title='bbox 1438 2383 1540 2452; x_wconf 67' lang='lat' dir='ltr'><strong>pia:</strong></span> <span class='ocrx_word' id='word_1_258' title='bbox 1586 2383 1981 2439; x_wconf 83' lang='lat' dir='ltr'><strong>recordationis</strong></span> 
     </span>
    </p>
   </div>
   <div class='ocr_carea' id='block_1_43' title="bbox 391 2465 1978 2544">
    <p class='ocr_par' dir='ltr' id='par_1_43' title="bbox 391 2465 1978 2544">
     <span class='ocr_line' id='line_1_43' title="bbox 391 2465 1978 2544; baseline 0.008 -26"><span class='ocrx_word' id='word_1_259' title='bbox 391 2465 738 2535; x_wconf 87' lang='lat' dir='ltr'><strong>imperatoris</strong></span> <span class='ocrx_word' id='word_1_260' title='bbox 768 2467 1236 2533; x_wconf 84' lang='lat' dir='ltr'><strong>serenissimi,seu</strong></span> <span class='ocrx_word' id='word_1_261' title='bbox 1267 2479 1462 2525; x_wconf 57' lang='lat' dir='ltr'><strong>caetera</strong></span> <span class='ocrx_word' id='word_1_262' title='bbox 1493 2471 1712 2544; x_wconf 80' lang='lat' dir='ltr'><strong>regalia,</strong></span> <span class='ocrx_word' id='word_1_263' title='bbox 1742 2488 1843 2530; x_wconf 91' lang='lat' dir='ltr'><strong>nec</strong></span> <span class='ocrx_word' id='word_1_264' title='bbox 1872 2490 1978 2530; x_wconf 92' lang='lat' dir='ltr'><strong>non</strong></span> 
     </span>
    </p>
   </div>
   <div class='ocr_carea' id='block_1_44' title="bbox 384 2559 1979 2634">
    <p class='ocr_par' dir='ltr' id='par_1_44' title="bbox 384 2559 1979 2634">
     <span class='ocr_line' id='line_1_44' title="bbox 384 2559 1979 2634; baseline 0.003 -20"><span class='ocrx_word' id='word_1_265' title='bbox 384 2559 552 2614; x_wconf 89' lang='lat' dir='ltr'><strong>etiam</strong></span> <span class='ocrx_word' id='word_1_266' title='bbox 588 2561 882 2631; x_wconf 82' lang='lat' dir='ltr'><strong>apostolica</strong></span> <span class='ocrx_word' id='word_1_267' title='bbox 906 2561 1209 2634; x_wconf 86' lang='lat' dir='ltr'><strong>privilegia,</strong></span> <span class='ocrx_word' id='word_1_268' title='bbox 1240 2565 1511 2634; x_wconf 89' lang='lat' dir='ltr'><strong>quomodo</strong></span> <span class='ocrx_word' id='word_1_269' title='bbox 1536 2564 1678 2620; x_wconf 90' lang='lat' dir='ltr'><strong>idem</strong></span> <span class='ocrx_word' id='word_1_270' title='bbox 1709 2573 1979 2621; x_wconf 89' lang='lat' dir='ltr'><strong>monaste-</strong></span> 
     </span>
    </p>
   </div>
   <div class='ocr_carea' id='block_1_45' title="bbox 384 2650 1979 2724">
    <p class='ocr_par' dir='ltr' id='par_1_45' title="bbox 384 2650 1979 2724">
     <span class='ocr_line' id='line_1_45' title="bbox 384 2650 1979 2724; baseline 0.008 -22"><span class='ocrx_word' id='word_1_271' title='bbox 384 2650 530 2705; x_wconf 87' lang='lat' dir='ltr'><strong>rium</strong></span> <span class='ocrx_word' id='word_1_272' title='bbox 558 2667 589 2706; x_wconf 89' lang='lat' dir='ltr'><strong>a</strong></span> <span class='ocrx_word' id='word_1_273' title='bbox 618 2651 988 2708; x_wconf 87' lang='lat' dir='ltr'><strong>dominatione</strong></span> <span class='ocrx_word' id='word_1_274' title='bbox 1018 2655 1259 2724; x_wconf 85' lang='lat' dir='ltr'><strong>episcopi</strong></span> <span class='ocrx_word' id='word_1_275' title='bbox 1306 2656 1592 2711; x_wconf 68' lang='lat' dir='ltr'><strong>Turonica:</strong></span> <span class='ocrx_word' id='word_1_276' title='bbox 1639 2657 1790 2712; x_wconf 89' lang='lat' dir='ltr'><strong>urbis</strong></span> <span class='ocrx_word' id='word_1_277' title='bbox 1843 2657 1979 2714; x_wconf 78' lang='lat' dir='ltr'><strong>libe-</strong></span> 
     </span>
    </p>
   </div>
   <div class='ocr_carea' id='block_1_46' title="bbox 383 2747 1977 2819">
    <p class='ocr_par' dir='ltr' id='par_1_46' title="bbox 383 2747 1977 2819">
     <span class='ocr_line' id='line_1_46' title="bbox 383 2747 1977 2819; baseline 0.004 -22"><span class='ocrx_word' id='word_1_278' title='bbox 383 2759 506 2798; x_wconf 87' lang='lat' dir='ltr'><strong>rum</strong></span> <span class='ocrx_word' id='word_1_279' title='bbox 535 2760 679 2800; x_wconf 90' lang='lat' dir='ltr'><strong>nunc</strong></span> <span class='ocrx_word' id='word_1_280' title='bbox 706 2760 880 2816; x_wconf 91' lang='lat' dir='ltr'><strong>usque</strong></span> <span class='ocrx_word' id='word_1_281' title='bbox 922 2754 1060 2812; x_wconf 89' lang='lat' dir='ltr'><strong>erat,</strong></span> <span class='ocrx_word' id='word_1_282' title='bbox 1089 2747 1429 2817; x_wconf 89' lang='lat' dir='ltr'><strong>qualiterque</strong></span> <span class='ocrx_word' id='word_1_283' title='bbox 1468 2747 1656 2819; x_wconf 89' lang='lat' dir='ltr'><strong>procul</strong></span> <span class='ocrx_word' id='word_1_284' title='bbox 1705 2748 1867 2805; x_wconf 92' lang='lat' dir='ltr'><strong>dubio</strong></span> <span class='ocrx_word' id='word_1_285' title='bbox 1909 2748 1977 2803; x_wconf 91' lang='lat' dir='ltr'><strong>li-</strong></span> 
     </span>
    </p>
   </div>
   <div class='ocr_carea' id='block_1_47' title="bbox 379 2839 1977 2912">
    <p class='ocr_par' dir='ltr' id='par_1_47' title="bbox 379 2839 1977 2912">
     <span class='ocr_line' id='line_1_47' title="bbox 379 2839 1977 2912; baseline 0.001 -18"><span class='ocrx_word' id='word_1_286' title='bbox 379 2839 620 2895; x_wconf 88' lang='lat' dir='ltr'><strong>centiam</strong></span> <span class='ocrx_word' id='word_1_287' title='bbox 653 2840 905 2894; x_wconf 86' lang='lat' dir='ltr'><strong>habuerit</strong></span> <span class='ocrx_word' id='word_1_288' title='bbox 931 2839 1162 2911; x_wconf 81' lang='lat' dir='ltr'><strong>eligendi</strong></span> <span class='ocrx_word' id='word_1_289' title='bbox 1190 2855 1257 2897; x_wconf 86' lang='lat' dir='ltr'><strong>cx</strong></span> <span class='ocrx_word' id='word_1_290' title='bbox 1285 2842 1464 2912; x_wconf 85' lang='lat' dir='ltr'><strong>seipse</strong></span> <span class='ocrx_word' id='word_1_291' title='bbox 1489 2842 1738 2898; x_wconf 89' lang='lat' dir='ltr'><strong>abbatem</strong></span> <span class='ocrx_word' id='word_1_292' title='bbox 1781 2841 1977 2912; x_wconf 87' lang='lat' dir='ltr'><strong>dignis-</strong></span> 
     </span>
    </p>
   </div>
   <div class='ocr_carea' id='block_1_48' title="bbox 379 2922 1982 3004">
    <p class='ocr_par' dir='ltr' id='par_1_48' title="bbox 379 2922 1982 3004">
     <span class='ocr_line' id='line_1_48' title="bbox 379 2922 1982 3004; baseline 0.001 -18"><span class='ocrx_word' id='word_1_293' title='bbox 379 2922 603 2996; x_wconf 77' lang='lat' dir='ltr'><strong>simum,</strong></span> <span class='ocrx_word' id='word_1_294' title='bbox 621 2931 882 3001; x_wconf 85' lang='lat' dir='ltr'><strong>petiitque</strong></span> <span class='ocrx_word' id='word_1_295' title='bbox 905 2931 1118 2986; x_wconf 87' lang='lat' dir='ltr'><strong>culmen</strong></span> <span class='ocrx_word' id='word_1_296' title='bbox 1144 2931 1425 3004; x_wconf 86' lang='lat' dir='ltr'><strong>dignitatis</strong></span> <span class='ocrx_word' id='word_1_297' title='bbox 1446 2940 1646 2988; x_wconf 77' lang='lat' dir='ltr'><strong>nostrae</strong></span> <span class='ocrx_word' id='word_1_298' title='bbox 1669 2941 1729 2987; x_wconf 91' lang='lat' dir='ltr'><strong>ut</strong></span> <span class='ocrx_word' id='word_1_299' title='bbox 1755 2939 1982 3002; x_wconf 85' lang='lat' dir='ltr'><strong>propter</strong></span> 
     </span>
    </p>
   </div>
   <div class='ocr_carea' id='block_1_49' title="bbox 377 3010 2918 3108">
    <p class='ocr_par' dir='ltr' id='par_1_49' title="bbox 377 3010 2918 3108">
     <span class='ocr_line' id='line_1_49' title="bbox 377 3010 2918 3108; baseline 0.001 -32"><span class='ocrx_word' id='word_1_300' title='bbox 377 3035 624 3076; x_wconf 90' lang='lat' dir='ltr'><strong>amorem</strong></span> <span class='ocrx_word' id='word_1_301' title='bbox 657 3029 711 3075; x_wconf 92' lang='lat' dir='ltr'><strong>et</strong></span> <span class='ocrx_word' id='word_1_302' title='bbox 745 3022 1008 3076; x_wconf 91' lang='lat' dir='ltr'><strong>honorem</strong></span> <span class='ocrx_word' id='word_1_303' title='bbox 1045 3021 1258 3078; x_wconf 89' lang='lat' dir='ltr'><strong>Domini</strong></span> <span class='ocrx_word' id='word_1_304' title='bbox 1298 3023 1471 3078; x_wconf 90' lang='lat' dir='ltr'><strong>nostri</strong></span> <span class='ocrx_word' id='word_1_305' title='bbox 1497 3021 1625 3080; x_wconf 83' lang='lat' dir='ltr'><strong>Jesu</strong></span> <span class='ocrx_word' id='word_1_306' title='bbox 1670 3021 1896 3089; x_wconf 82' lang='lat' dir='ltr'><strong>Christi,</strong></span> <span class='ocrx_word' id='word_1_307' title='bbox 1921 3031 1975 3079; x_wconf 91' lang='lat' dir='ltr'><strong>et</strong></span> <span class='ocrx_word' id='word_1_308' title='bbox 2002 3045 2046 3108; x_wconf 68' lang='grc' dir='ltr'><strong>ρ</strong></span> <span class='ocrx_word' id='word_1_309' title='bbox 2115 3012 2218 3052; x_wconf 70' lang='grc'><strong>⁸³⁸⁰</strong></span> <span class='ocrx_word' id='word_1_310' title='bbox 2251 3011 2480 3052; x_wconf 60' lang='lat'><strong>“&quot;0”</strong></span> <span class='ocrx_word' id='word_1_311' title='bbox 2519 3010 2769 3108; x_wconf 44' lang='lat' dir='ltr'><strong>&quot;moi&quot;?</strong></span> <span class='ocrx_word' id='word_1_312' title='bbox 2816 3010 2918 3108; x_wconf 62' lang='lat' dir='ltr'><strong>cm:</strong></span> 
     </span>
    </p>
   </div>
   <div class='ocr_carea' id='block_1_50' title="bbox 378 3110 1972 3183">
    <p class='ocr_par' dir='ltr' id='par_1_50' title="bbox 378 3110 1972 3183">
     <span class='ocr_line' id='line_1_50' title="bbox 378 3110 1972 3183; baseline 0.004 -19"><span class='ocrx_word' id='word_1_313' title='bbox 378 3111 451 3166; x_wconf 89' lang='lat' dir='ltr'><strong>ob</strong></span> <span class='ocrx_word' id='word_1_314' title='bbox 483 3110 842 3165; x_wconf 85' lang='lat' dir='ltr'><strong>reverentiam</strong></span> <span class='ocrx_word' id='word_1_315' title='bbox 871 3111 1014 3167; x_wconf 89' lang='lat' dir='ltr'><strong>beati</strong></span> <span class='ocrx_word' id='word_1_316' title='bbox 1032 3110 1247 3167; x_wconf 78' lang='lat' dir='ltr'><strong>Martini</strong></span> <span class='ocrx_word' id='word_1_317' title='bbox 1271 3111 1543 3183; x_wconf 82' lang='lat' dir='ltr'><strong>pontiﬁcis</strong></span> <span class='ocrx_word' id='word_1_318' title='bbox 1563 3114 1776 3182; x_wconf 89' lang='lat' dir='ltr'><strong>patroni</strong></span> <span class='ocrx_word' id='word_1_319' title='bbox 1800 3115 1972 3170; x_wconf 91' lang='lat' dir='ltr'><strong>nostri</strong></span> 
     </span>
    </p>
   </div>
   <div class='ocr_carea' id='block_1_51' title="bbox 380 3200 1978 3275">
    <p class='ocr_par' dir='ltr' id='par_1_51' title="bbox 380 3200 1978 3275">
     <span class='ocr_line' id='line_1_51' title="bbox 380 3200 1978 3275; baseline 0.003 -21"><span class='ocrx_word' id='word_1_320' title='bbox 380 3200 692 3270; x_wconf 89' lang='lat' dir='ltr'><strong>peculiaris,</strong></span> <span class='ocrx_word' id='word_1_321' title='bbox 739 3201 927 3257; x_wconf 87' lang='lat' dir='ltr'><strong>eadem</strong></span> <span class='ocrx_word' id='word_1_322' title='bbox 964 3211 1150 3257; x_wconf 83' lang='lat' dir='ltr'><strong>nostra</strong></span> <span class='ocrx_word' id='word_1_323' title='bbox 1198 3203 1523 3260; x_wconf 84' lang='lat' dir='ltr'><strong>auctoritate</strong></span> <span class='ocrx_word' id='word_1_324' title='bbox 1567 3203 1835 3275; x_wconf 88' lang='lat' dir='ltr'><strong>imperiali</strong></span> <span class='ocrx_word' id='word_1_325' title='bbox 1887 3204 1978 3258; x_wconf 85' lang='lat' dir='ltr'><strong>flr-</strong></span> 
     </span>
    </p>
   </div>
   <div class='ocr_carea' id='block_1_52' title="bbox 388 3291 1974 3370">
    <p class='ocr_par' dir='ltr' id='par_1_52' title="bbox 388 3291 1974 3370">
     <span class='ocr_line' id='line_1_52' title="bbox 388 3291 1974 3370; baseline 0.001 -24"><span class='ocrx_word' id='word_1_326' title='bbox 388 3304 533 3348; x_wconf 83' lang='lat' dir='ltr'><strong>rnare</strong></span> <span class='ocrx_word' id='word_1_327' title='bbox 557 3292 925 3363; x_wconf 88' lang='lat' dir='ltr'><strong>dignaremus.</strong></span> <span class='ocrx_word' id='word_1_328' title='bbox 947 3291 1062 3370; x_wconf 24' lang='lat' dir='ltr'><strong>‘Nos</strong></span> <span class='ocrx_word' id='word_1_329' title='bbox 1086 3307 1303 3364; x_wconf 87' lang='lat' dir='ltr'><strong>quoque</strong></span> <span class='ocrx_word' id='word_1_330' title='bbox 1329 3292 1572 3364; x_wconf 87' lang='lat' dir='ltr'><strong>ejusdem</strong></span> <span class='ocrx_word' id='word_1_331' title='bbox 1610 3293 1819 3349; x_wconf 73' lang='lat' dir='ltr'><strong>dilectte</strong></span> <span class='ocrx_word' id='word_1_332' title='bbox 1847 3308 1974 3349; x_wconf 88' lang='lat' dir='ltr'><strong>con-</strong></span> 
     </span>
    </p>
   </div>
   <div class='ocr_carea' id='block_1_53' title="bbox 382 3374 1969 3453">
    <p class='ocr_par' dir='ltr' id='par_1_53' title="bbox 382 3374 1969 3453">
     <span class='ocr_line' id='line_1_53' title="bbox 382 3374 1969 3453; baseline 0.003 -20"><span class='ocrx_word' id='word_1_333' title='bbox 382 3374 522 3452; x_wconf 77' lang='lat' dir='ltr'><strong>iugis</strong></span> <span class='ocrx_word' id='word_1_334' title='bbox 550 3389 750 3436; x_wconf 78' lang='lat' dir='ltr'><strong>nostrae</strong></span> <span class='ocrx_word' id='word_1_335' title='bbox 775 3379 962 3435; x_wconf 84' lang='lat' dir='ltr'><strong>Judith</strong></span> <span class='ocrx_word' id='word_1_336' title='bbox 1007 3381 1211 3437; x_wconf 88' lang='lat' dir='ltr'><strong>salubri</strong></span> <span class='ocrx_word' id='word_1_337' title='bbox 1237 3382 1584 3453; x_wconf 82' lang='lat' dir='ltr'><strong>suggestione</strong></span> <span class='ocrx_word' id='word_1_338' title='bbox 1609 3382 1867 3438; x_wconf 89' lang='lat' dir='ltr'><strong>commoti</strong></span> <span class='ocrx_word' id='word_1_339' title='bbox 1895 3383 1969 3438; x_wconf 86' lang='lat' dir='ltr'><strong>si-</strong></span> 
     </span>
    </p>
   </div>
   <div class='ocr_carea' id='block_1_54' title="bbox 381 3470 1969 3541">
    <p class='ocr_par' dir='ltr' id='par_1_54' title="bbox 381 3470 1969 3541">
     <span class='ocr_line' id='line_1_54' title="bbox 381 3470 1969 3541; baseline 0.004 -17"><span class='ocrx_word' id='word_1_340' title='bbox 381 3470 491 3525; x_wconf 85' lang='lat' dir='ltr'><strong>mul</strong></span> <span class='ocrx_word' id='word_1_341' title='bbox 521 3478 577 3526; x_wconf 91' lang='lat' dir='ltr'><strong>et</strong></span> <span class='ocrx_word' id='word_1_342' title='bbox 603 3471 854 3538; x_wconf 87' lang='lat' dir='ltr'><strong>hortatu,</strong></span> <span class='ocrx_word' id='word_1_343' title='bbox 885 3480 1048 3541; x_wconf 88' lang='lat' dir='ltr'><strong>atque</strong></span> <span class='ocrx_word' id='word_1_344' title='bbox 1087 3473 1393 3529; x_wconf 69' lang='lat' dir='ltr'><strong>interventu</strong></span> <span class='ocrx_word' id='word_1_345' title='bbox 1429 3472 1816 3530; x_wconf 88' lang='lat' dir='ltr'><strong>venerabilium</strong></span> <span class='ocrx_word' id='word_1_346' title='bbox 1866 3490 1969 3531; x_wconf 91' lang='lat' dir='ltr'><strong>no-</strong></span> 
     </span>
    </p>
   </div>
   <div class='ocr_carea' id='block_1_55' title="bbox 383 3560 1973 3630">
    <p class='ocr_par' dir='ltr' id='par_1_55' title="bbox 383 3560 1973 3630">
     <span class='ocr_line' id='line_1_55' title="bbox 383 3560 1973 3630; baseline 0.003 -16"><span class='ocrx_word' id='word_1_347' title='bbox 383 3568 621 3616; x_wconf 89' lang='lat' dir='ltr'><strong>strorum</strong></span> <span class='ocrx_word' id='word_1_348' title='bbox 649 3560 720 3616; x_wconf 89' lang='lat' dir='ltr'><strong>ad</strong></span> <span class='ocrx_word' id='word_1_349' title='bbox 756 3561 859 3616; x_wconf 91' lang='lat' dir='ltr'><strong>hoc</strong></span> <span class='ocrx_word' id='word_1_350' title='bbox 892 3560 1284 3630; x_wconf 82' lang='lat' dir='ltr'><strong>perficiendum</strong></span> <span class='ocrx_word' id='word_1_351' title='bbox 1325 3563 1678 3630; x_wconf 88' lang='lat' dir='ltr'><strong>commoniti,</strong></span> <span class='ocrx_word' id='word_1_352' title='bbox 1708 3564 1852 3618; x_wconf 87' lang='lat' dir='ltr'><strong>hanc</strong></span> <span class='ocrx_word' id='word_1_353' title='bbox 1882 3580 1973 3619; x_wconf 89' lang='lat' dir='ltr'><strong>no-</strong></span> 
     </span>
    </p>
   </div>
   <div class='ocr_carea' id='block_1_56' title="bbox 380 3649 1972 3709">
    <p class='ocr_par' dir='ltr' id='par_1_56' title="bbox 380 3649 1972 3709">
     <span class='ocr_line' id='line_1_56' title="bbox 380 3649 1972 3709; baseline 0.002 -4"><span class='ocrx_word' id='word_1_354' title='bbox 380 3657 509 3706; x_wconf 63' lang='lat' dir='ltr'><strong>stra:</strong></span> <span class='ocrx_word' id='word_1_355' title='bbox 555 3650 897 3705; x_wconf 86' lang='lat' dir='ltr'><strong>auctoritatis</strong></span> <span class='ocrx_word' id='word_1_356' title='bbox 934 3649 1407 3708; x_wconf 68' lang='lat' dir='ltr'><strong>conﬂrmatibnem</strong></span> <span class='ocrx_word' id='word_1_357' title='bbox 1448 3662 1748 3708; x_wconf 89' lang='lat' dir='ltr'><strong>memorato</strong></span> <span class='ocrx_word' id='word_1_358' title='bbox 1777 3668 1972 3709; x_wconf 86' lang='lat' dir='ltr'><strong>mona-</strong></span> 
     </span>
    </p>
   </div>
   <div class='ocr_carea' id='block_1_57' title="bbox 381 3739 1972 3809">
    <p class='ocr_par' dir='ltr' id='par_1_57' title="bbox 381 3739 1972 3809">
     <span class='ocr_line' id='line_1_57' title="bbox 381 3739 1972 3809; baseline 0.003 -13"><span class='ocrx_word' id='word_1_359' title='bbox 381 3742 552 3796; x_wconf 88' lang='lat' dir='ltr'><strong>sterio</strong></span> <span class='ocrx_word' id='word_1_360' title='bbox 580 3749 745 3809; x_wconf 87' lang='lat' dir='ltr'><strong>atque</strong></span> <span class='ocrx_word' id='word_1_361' title='bbox 773 3739 1035 3796; x_wconf 87' lang='lat' dir='ltr'><strong>fratribus</strong></span> <span class='ocrx_word' id='word_1_362' title='bbox 1070 3741 1124 3795; x_wconf 93' lang='lat' dir='ltr'><strong>in</strong></span> <span class='ocrx_word' id='word_1_363' title='bbox 1165 3742 1357 3797; x_wconf 86' lang='lat' dir='ltr'><strong>eodem</strong></span> <span class='ocrx_word' id='word_1_364' title='bbox 1394 3742 1508 3799; x_wconf 92' lang='lat' dir='ltr'><strong>Deo</strong></span> <span class='ocrx_word' id='word_1_365' title='bbox 1535 3741 1972 3801; x_wconf 88' lang='lat' dir='ltr'><strong>deservientibus</strong></span> 
     </span>
    </p>
   </div>
   <div class='ocr_carea' id='block_1_58' title="bbox 381 3830 1972 3904">
    <p class='ocr_par' dir='ltr' id='par_1_58' title="bbox 381 3830 1972 3904">
     <span class='ocr_line' id='line_1_58' title="bbox 381 3830 1972 3904; baseline 0.003 -18"><span class='ocrx_word' id='word_1_366' title='bbox 381 3830 825 3899; x_wconf 85' lang='lat' dir='ltr'><strong>conscripsimus,</strong></span> <span class='ocrx_word' id='word_1_367' title='bbox 854 3845 917 3886; x_wconf 88' lang='lat' dir='ltr'><strong>ac</strong></span> <span class='ocrx_word' id='word_1_368' title='bbox 946 3831 1076 3887; x_wconf 88' lang='lat' dir='ltr'><strong>dare</strong></span> <span class='ocrx_word' id='word_1_369' title='bbox 1116 3830 1478 3901; x_wconf 87' lang='lat' dir='ltr'><strong>decrevimus,</strong></span> <span class='ocrx_word' id='word_1_370' title='bbox 1507 3848 1606 3903; x_wconf 91' lang='lat' dir='ltr'><strong>per</strong></span> <span class='ocrx_word' id='word_1_371' title='bbox 1631 3849 1796 3904; x_wconf 87' lang='lat' dir='ltr'><strong>quam</strong></span> <span class='ocrx_word' id='word_1_372' title='bbox 1841 3849 1972 3890; x_wconf 91' lang='lat' dir='ltr'><strong>con-</strong></span> 
     </span>
    </p>
   </div>
   <div class='ocr_carea' id='block_1_59' title="bbox 381 3919 1968 3994">
    <p class='ocr_par' dir='ltr' id='par_1_59' title="bbox 381 3919 1968 3994">
     <span class='ocr_line' id='line_1_59' title="bbox 381 3919 1968 3994; baseline 0.003 -18"><span class='ocrx_word' id='word_1_373' title='bbox 381 3919 680 3985; x_wconf 89' lang='lat' dir='ltr'><strong>stituimus,</strong></span> <span class='ocrx_word' id='word_1_374' title='bbox 712 3927 873 3990; x_wconf 89' lang='lat' dir='ltr'><strong>atque</strong></span> <span class='ocrx_word' id='word_1_375' title='bbox 894 3921 1207 3990; x_wconf 88' lang='lat' dir='ltr'><strong>perenniter</strong></span> <span class='ocrx_word' id='word_1_376' title='bbox 1227 3920 1442 3978; x_wconf 86' lang='lat' dir='ltr'><strong>firmum</strong></span> <span class='ocrx_word' id='word_1_377' title='bbox 1464 3924 1581 3978; x_wconf 87' lang='lat' dir='ltr'><strong>fore</strong></span> <span class='ocrx_word' id='word_1_378' title='bbox 1606 3924 1968 3994; x_wconf 88' lang='lat' dir='ltr'><strong>decernimus,</strong></span> 
     </span>
    </p>
   </div>
   <div class='ocr_carea' id='block_1_60' title="bbox 382 4009 1965 4084">
    <p class='ocr_par' dir='ltr' id='par_1_60' title="bbox 382 4009 1965 4084">
     <span class='ocr_line' id='line_1_60' title="bbox 382 4009 1965 4084; baseline 0.002 -17"><span class='ocrx_word' id='word_1_379' title='bbox 382 4020 442 4068; x_wconf 89' lang='lat' dir='ltr'><strong>ut</strong></span> <span class='ocrx_word' id='word_1_380' title='bbox 480 4011 534 4064; x_wconf 90' lang='lat' dir='ltr'><strong>in</strong></span> <span class='ocrx_word' id='word_1_381' title='bbox 576 4025 737 4081; x_wconf 90' lang='lat' dir='ltr'><strong>supra</strong></span> <span class='ocrx_word' id='word_1_382' title='bbox 778 4009 890 4065; x_wconf 89' lang='lat' dir='ltr'><strong>fato</strong></span> <span class='ocrx_word' id='word_1_383' title='bbox 917 4013 1270 4078; x_wconf 72' lang='lat' dir='ltr'><strong>monasterio,</strong></span> <span class='ocrx_word' id='word_1_384' title='bbox 1306 4014 1419 4068; x_wconf 88' lang='lat' dir='ltr'><strong>sive</strong></span> <span class='ocrx_word' id='word_1_385' title='bbox 1447 4012 1727 4080; x_wconf 88' lang='lat' dir='ltr'><strong>fratribus,</strong></span> <span class='ocrx_word' id='word_1_386' title='bbox 1756 4015 1965 4084; x_wconf 88' lang='lat' dir='ltr'><strong>primus</strong></span> 
     </span>
    </p>
   </div>
   <div class='ocr_carea' id='block_1_61' title="bbox 377 4101 1970 4176">
    <p class='ocr_par' dir='ltr' id='par_1_61' title="bbox 377 4101 1970 4176">
     <span class='ocr_line' id='line_1_61' title="bbox 377 4101 1970 4176; baseline 0.002 -18"><span class='ocrx_word' id='word_1_387' title='bbox 377 4104 668 4174; x_wconf 87' lang='lat' dir='ltr'><strong>episcopus</strong></span> <span class='ocrx_word' id='word_1_388' title='bbox 695 4101 979 4158; x_wconf 70' lang='lat' dir='ltr'><strong>Turonicte</strong></span> <span class='ocrx_word' id='word_1_389' title='bbox 1008 4103 1159 4159; x_wconf 90' lang='lat' dir='ltr'><strong>urbis</strong></span> <span class='ocrx_word' id='word_1_390' title='bbox 1189 4120 1296 4160; x_wconf 93' lang='lat' dir='ltr'><strong>non</strong></span> <span class='ocrx_word' id='word_1_391' title='bbox 1343 4105 1464 4176; x_wconf 85' lang='lat' dir='ltr'><strong>plus</strong></span> <span class='ocrx_word' id='word_1_392' title='bbox 1511 4106 1778 4172; x_wconf 66' lang='lat' dir='ltr'><strong>dominaai</strong></span> <span class='ocrx_word' id='word_1_393' title='bbox 1831 4123 1970 4176; x_wconf 67' lang='lat' dir='ltr'><strong>prae-</strong></span> 
     </span>
    </p>
   </div>
   <div class='ocr_carea' id='block_1_62' title="bbox 382 4193 1968 4266">
    <p class='ocr_par' dir='ltr' id='par_1_62' title="bbox 382 4193 1968 4266">
     <span class='ocr_line' id='line_1_62' title="bbox 382 4193 1968 4266; baseline 0.001 -16"><span class='ocrx_word' id='word_1_394' title='bbox 382 4201 584 4259; x_wconf 87' lang='lat' dir='ltr'><strong>sumat,</strong></span> <span class='ocrx_word' id='word_1_395' title='bbox 617 4201 710 4248; x_wconf 90' lang='lat' dir='ltr'><strong>aut</strong></span> <span class='ocrx_word' id='word_1_396' title='bbox 734 4193 1008 4249; x_wconf 89' lang='lat' dir='ltr'><strong>licentiam</strong></span> <span class='ocrx_word' id='word_1_397' title='bbox 1040 4194 1356 4251; x_wconf 90' lang='lat' dir='ltr'><strong>dominandi</strong></span> <span class='ocrx_word' id='word_1_398' title='bbox 1379 4195 1599 4260; x_wconf 90' lang='lat' dir='ltr'><strong>habeat,</strong></span> <span class='ocrx_word' id='word_1_399' title='bbox 1640 4197 1722 4251; x_wconf 87' lang='lat' dir='ltr'><strong>vel</strong></span> <span class='ocrx_word' id='word_1_400' title='bbox 1763 4196 1968 4266; x_wconf 91' lang='lat' dir='ltr'><strong>aliquid</strong></span> 
     </span>
    </p>
   </div>
   <div class='ocr_carea' id='block_1_63' title="bbox 381 4284 1968 4352">
    <p class='ocr_par' dir='ltr' id='par_1_63' title="bbox 381 4284 1968 4352">
     <span class='ocr_line' id='line_1_63' title="bbox 381 4284 1968 4352; baseline 0.001 -14"><span class='ocrx_word' id='word_1_401' title='bbox 381 4292 532 4338; x_wconf 88' lang='lat' dir='ltr'><strong>certe</strong></span> <span class='ocrx_word' id='word_1_402' title='bbox 561 4285 686 4340; x_wconf 90' lang='lat' dir='ltr'><strong>novi</strong></span> <span class='ocrx_word' id='word_1_403' title='bbox 709 4284 1041 4352; x_wconf 88' lang='lat' dir='ltr'><strong>introducat,</strong></span> <span class='ocrx_word' id='word_1_404' title='bbox 1069 4293 1164 4341; x_wconf 91' lang='lat' dir='ltr'><strong>aut</strong></span> <span class='ocrx_word' id='word_1_405' title='bbox 1194 4285 1248 4340; x_wconf 92' lang='lat' dir='ltr'><strong>in</strong></span> <span class='ocrx_word' id='word_1_406' title='bbox 1273 4285 1408 4341; x_wconf 89' lang='lat' dir='ltr'><strong>vicis</strong></span> <span class='ocrx_word' id='word_1_407' title='bbox 1431 4285 1516 4339; x_wconf 88' lang='lat' dir='ltr'><strong>vel</strong></span> <span class='ocrx_word' id='word_1_408' title='bbox 1551 4285 1692 4342; x_wconf 87' lang='lat' dir='ltr'><strong>villis</strong></span> <span class='ocrx_word' id='word_1_409' title='bbox 1738 4288 1968 4341; x_wconf 82' lang='lat' dir='ltr'><strong>mansio-</strong></span> 
     </span>
    </p>
   </div>
   <div class='ocr_carea' id='block_1_64' title="bbox 2077 1805 3661 1875">
    <p class='ocr_par' dir='ltr' id='par_1_64' title="bbox 2077 1805 3661 1875">
     <span class='ocr_line' id='line_1_64' title="bbox 2077 1805 3661 1875; baseline -0.003 -12"><span class='ocrx_word' id='word_1_410' title='bbox 2077 1823 2201 1864; x_wconf 87' lang='lat' dir='ltr'><strong>nem</strong></span> <span class='ocrx_word' id='word_1_411' title='bbox 2241 1808 2490 1864; x_wconf 79' lang='lat' dir='ltr'><strong>salutem.</strong></span> <span class='ocrx_word' id='word_1_412' title='bbox 2525 1809 2592 1864; x_wconf 84' lang='lat' dir='ltr'><strong>Et</strong></span> <span class='ocrx_word' id='word_1_413' title='bbox 2620 1817 2680 1863; x_wconf 91' lang='lat' dir='ltr'><strong>ut</strong></span> <span class='ocrx_word' id='word_1_414' title='bbox 2707 1810 2823 1864; x_wconf 62' lang='lat' dir='ltr'><strong>hate</strong></span> <span class='ocrx_word' id='word_1_415' title='bbox 2860 1817 3062 1863; x_wconf 73' lang='lat' dir='ltr'><strong>nostra:</strong></span> <span class='ocrx_word' id='word_1_416' title='bbox 3089 1805 3430 1862; x_wconf 87' lang='lat' dir='ltr'><strong>auctoritatis</strong></span> <span class='ocrx_word' id='word_1_417' title='bbox 3459 1820 3661 1875; x_wconf 63' lang='lat' dir='ltr'><strong>prince-</strong></span> 
     </span>
    </p>
   </div>
   <div class='ocr_carea' id='block_1_65' title="bbox 2077 1897 3664 1971">
    <p class='ocr_par' dir='ltr' id='par_1_65' title="bbox 2077 1897 3664 1971">
     <span class='ocr_line' id='line_1_65' title="bbox 2077 1897 3664 1971; baseline -0.004 -16"><span class='ocrx_word' id='word_1_418' title='bbox 2077 1901 2190 1971; x_wconf 93' lang='lat' dir='ltr'><strong>ptio</strong></span> <span class='ocrx_word' id='word_1_419' title='bbox 2211 1909 2266 1955; x_wconf 91' lang='lat' dir='ltr'><strong>et</strong></span> <span class='ocrx_word' id='word_1_420' title='bbox 2288 1900 2604 1956; x_wconf 83' lang='lat' dir='ltr'><strong>constitutio</strong></span> <span class='ocrx_word' id='word_1_421' title='bbox 2631 1899 2898 1969; x_wconf 84' lang='lat' dir='ltr'><strong>privilegii</strong></span> <span class='ocrx_word' id='word_1_422' title='bbox 2925 1897 3135 1952; x_wconf 78' lang='lat' dir='ltr'><strong>firmior</strong></span> <span class='ocrx_word' id='word_1_423' title='bbox 3163 1897 3444 1960; x_wconf 86' lang='lat' dir='ltr'><strong>habeatur,</strong></span> <span class='ocrx_word' id='word_1_424' title='bbox 3471 1903 3525 1951; x_wconf 92' lang='lat' dir='ltr'><strong>et</strong></span> <span class='ocrx_word' id='word_1_425' title='bbox 3565 1910 3664 1964; x_wconf 90' lang='lat' dir='ltr'><strong>per</strong></span> 
     </span>
    </p>
   </div>
   <div class='ocr_carea' id='block_1_66' title="bbox 2079 1988 3663 2062">
    <p class='ocr_par' dir='ltr' id='par_1_66' title="bbox 2079 1988 3663 2062">
     <span class='ocr_line' id='line_1_66' title="bbox 2079 1988 3663 2062; baseline -0.003 -17"><span class='ocrx_word' id='word_1_426' title='bbox 2079 1989 2263 2047; x_wconf 87' lang='lat' dir='ltr'><strong>futura</strong></span> <span class='ocrx_word' id='word_1_427' title='bbox 2311 1999 2554 2062; x_wconf 90' lang='lat' dir='ltr'><strong>tempora</strong></span> <span class='ocrx_word' id='word_1_428' title='bbox 2602 1991 2796 2046; x_wconf 90' lang='lat' dir='ltr'><strong>melius</strong></span> <span class='ocrx_word' id='word_1_429' title='bbox 2843 2001 3218 2054; x_wconf 87' lang='lat' dir='ltr'><strong>conservetur,</strong></span> <span class='ocrx_word' id='word_1_430' title='bbox 3248 2004 3410 2042; x_wconf 87' lang='lat' dir='ltr'><strong>manu</strong></span> <span class='ocrx_word' id='word_1_431' title='bbox 3444 1988 3663 2057; x_wconf 84' lang='lat' dir='ltr'><strong>propria</strong></span> 
     </span>
    </p>
   </div>
   <div class='ocr_carea' id='block_1_67' title="bbox 2079 2079 3663 2154">
    <p class='ocr_par' dir='ltr' id='par_1_67' title="bbox 2079 2079 3663 2154">
     <span class='ocr_line' id='line_1_67' title="bbox 2079 2079 3663 2154; baseline -0.003 -16"><span class='ocrx_word' id='word_1_432' title='bbox 2079 2097 2204 2138; x_wconf 89' lang='lat' dir='ltr'><strong>eam</strong></span> <span class='ocrx_word' id='word_1_433' title='bbox 2229 2083 2670 2154; x_wconf 89' lang='lat' dir='ltr'><strong>subscripsimus,</strong></span> <span class='ocrx_word' id='word_1_434' title='bbox 2685 2090 2740 2138; x_wconf 90' lang='lat' dir='ltr'><strong>et</strong></span> <span class='ocrx_word' id='word_1_435' title='bbox 2769 2081 2834 2138; x_wconf 89' lang='lat' dir='ltr'><strong>de</strong></span> <span class='ocrx_word' id='word_1_436' title='bbox 2856 2081 3000 2138; x_wconf 82' lang='lat' dir='ltr'><strong>bulla</strong></span> <span class='ocrx_word' id='word_1_437' title='bbox 3024 2089 3212 2136; x_wconf 88' lang='lat' dir='ltr'><strong>nostra</strong></span> <span class='ocrx_word' id='word_1_438' title='bbox 3234 2080 3420 2136; x_wconf 87' lang='lat' dir='ltr'><strong>subter</strong></span> <span class='ocrx_word' id='word_1_439' title='bbox 3437 2079 3663 2152; x_wconf 87' lang='lat' dir='ltr'><strong>sigillari</strong></span> 
     </span>
    </p>
   </div>
   <div class='ocr_carea' id='block_1_68' title="bbox 2074 2169 3463 2245">
    <p class='ocr_par' dir='ltr' id='par_1_68' title="bbox 2074 2169 3463 2245">
     <span class='ocr_line' id='line_1_68' title="bbox 2074 2169 3463 2245; baseline -0.001 -16"><span class='ocrx_word' id='word_1_440' title='bbox 2074 2174 2355 2245; x_wconf 77' lang='lat' dir='ltr'><strong>iussimus.</strong></span> <span class='ocrx_word' id='word_1_441' title='bbox 3460 2169 3463 2172; x_wconf 80' lang='grc'><em>’</em></span> 
     </span>
    </p>
   </div>
   <div class='ocr_carea' id='block_1_69' title="bbox 2153 2264 3417 2337">
    <p class='ocr_par' dir='ltr' id='par_1_69' title="bbox 2153 2264 3417 2337">
     <span class='ocr_line' id='line_1_69' title="bbox 2153 2264 3417 2337; baseline -0.002 -16"><span class='ocrx_word' id='word_1_442' title='bbox 2153 2265 2378 2337; x_wconf 82' lang='lat' dir='ltr'><strong>Signum</strong></span> <span class='ocrx_word' id='word_1_443' title='bbox 2401 2265 2660 2321; x_wconf 90' lang='lat' dir='ltr'><strong>Ludovici</strong></span> <span class='ocrx_word' id='word_1_444' title='bbox 2691 2264 3028 2320; x_wconf 90' lang='lat' dir='ltr'><strong>serenissimi</strong></span> <span class='ocrx_word' id='word_1_445' title='bbox 3055 2264 3417 2334; x_wconf 89' lang='lat' dir='ltr'><strong>imperatoris.</strong></span> 
     </span>
    </p>
   </div>
   <div class='ocr_carea' id='block_1_70' title="bbox 2153 2353 3665 2424">
    <p class='ocr_par' dir='ltr' id='par_1_70' title="bbox 2153 2353 3665 2424">
     <span class='ocr_line' id='line_1_70' title="bbox 2153 2353 3665 2424; baseline -0.001 -14"><span class='ocrx_word' id='word_1_446' title='bbox 2153 2355 2534 2411; x_wconf 85' lang='lat' dir='ltr'><strong>llirminmaris</strong></span> <span class='ocrx_word' id='word_1_447' title='bbox 2581 2357 2826 2412; x_wconf 90' lang='lat' dir='ltr'><strong>notarius</strong></span> <span class='ocrx_word' id='word_1_448' title='bbox 2869 2355 2937 2409; x_wconf 90' lang='lat' dir='ltr'><strong>ad</strong></span> <span class='ocrx_word' id='word_1_449' title='bbox 2987 2355 3160 2409; x_wconf 89' lang='lat' dir='ltr'><strong>vicem</strong></span> <span class='ocrx_word' id='word_1_450' title='bbox 3206 2353 3474 2424; x_wconf 87' lang='lat' dir='ltr'><strong>Fridugisi</strong></span> <span class='ocrx_word' id='word_1_451' title='bbox 3514 2369 3665 2411; x_wconf 85' lang='lat' dir='ltr'><strong>reco-</strong></span> 
     </span>
    </p>
   </div>
   <div class='ocr_carea' id='block_1_71' title="bbox 2081 2449 2262 2519">
    <p class='ocr_par' dir='ltr' id='par_1_71' title="bbox 2081 2449 2262 2519">
     <span class='ocr_line' id='line_1_71' title="bbox 2081 2449 2262 2519; baseline -0.006 -17"><span class='ocrx_word' id='word_1_452' title='bbox 2081 2449 2262 2519; x_wconf 88' lang='lat' dir='ltr'><strong>gnovi.</strong></span> 
     </span>
    </p>
   </div>
   <div class='ocr_carea' id='block_1_72' title="bbox 2150 2534 3661 2605">
    <p class='ocr_par' dir='ltr' id='par_1_72' title="bbox 2150 2534 3661 2605">
     <span class='ocr_line' id='line_1_72' title="bbox 2150 2534 3661 2605; baseline -0.001 -12"><span class='ocrx_word' id='word_1_453' title='bbox 2150 2540 2285 2594; x_wconf 86' lang='lat' dir='ltr'><strong>Data</strong></span> <span class='ocrx_word' id='word_1_454' title='bbox 2315 2554 2344 2592; x_wconf 90' lang='lat' dir='ltr'><strong>v</strong></span> <span class='ocrx_word' id='word_1_455' title='bbox 2365 2535 2503 2592; x_wconf 81' lang='lat' dir='ltr'><strong>Non.</strong></span> <span class='ocrx_word' id='word_1_456' title='bbox 2531 2536 2875 2602; x_wconf 80' lang='lat' dir='ltr'><strong>Novembris,</strong></span> <span class='ocrx_word' id='word_1_457' title='bbox 2892 2551 3054 2600; x_wconf 88' lang='lat' dir='ltr'><strong>anno,</strong></span> <span class='ocrx_word' id='word_1_458' title='bbox 3079 2534 3298 2590; x_wconf 89' lang='lat' dir='ltr'><strong>Christo</strong></span> <span class='ocrx_word' id='word_1_459' title='bbox 3316 2536 3569 2605; x_wconf 89' lang='lat' dir='ltr'><strong>propitio,</strong></span> <span class='ocrx_word' id='word_1_460' title='bbox 3598 2538 3661 2592; x_wconf 75' lang='grc'><strong>18</strong></span> 
     </span>
    </p>
   </div>
   <div class='ocr_carea' id='block_1_73' title="bbox 2079 2626 3664 2698">
    <p class='ocr_par' dir='ltr' id='par_1_73' title="bbox 2079 2626 3664 2698">
     <span class='ocr_line' id='line_1_73' title="bbox 2079 2626 3664 2698; baseline 0 -16"><span class='ocrx_word' id='word_1_461' title='bbox 2079 2628 2293 2698; x_wconf 88' lang='lat' dir='ltr'><strong>imperii</strong></span> <span class='ocrx_word' id='word_1_462' title='bbox 2326 2627 2510 2682; x_wconf 82' lang='lat' dir='ltr'><strong>domui</strong></span> <span class='ocrx_word' id='word_1_463' title='bbox 2537 2627 2794 2682; x_wconf 90' lang='lat' dir='ltr'><strong>Ludovici</strong></span> <span class='ocrx_word' id='word_1_464' title='bbox 2823 2626 3054 2698; x_wconf 90' lang='lat' dir='ltr'><strong>piissimi</strong></span> <span class='ocrx_word' id='word_1_465' title='bbox 3082 2626 3344 2697; x_wconf 83' lang='lat' dir='ltr'><strong>Augusti,</strong></span> <span class='ocrx_word' id='word_1_466' title='bbox 3372 2627 3664 2682; x_wconf 90' lang='lat' dir='ltr'><strong>indictione</strong></span> 
     </span>
    </p>
   </div>
   <div class='ocr_carea' id='block_1_74' title="bbox 2079 2716 3662 2789">
    <p class='ocr_par' dir='ltr' id='par_1_74' title="bbox 2079 2716 3662 2789">
     <span class='ocr_line' id='line_1_74' title="bbox 2079 2716 3662 2789; baseline 0.001 -16"><span class='ocrx_word' id='word_1_467' title='bbox 2079 2718 2165 2774; x_wconf 83' lang='grc'><strong>10.</strong></span> <span class='ocrx_word' id='word_1_468' title='bbox 2197 2718 2392 2774; x_wconf 86' lang='lat' dir='ltr'><strong>Actum</strong></span> <span class='ocrx_word' id='word_1_469' title='bbox 2423 2717 2732 2774; x_wconf 89' lang='lat' dir='ltr'><strong>Theodonis</strong></span> <span class='ocrx_word' id='word_1_470' title='bbox 2759 2718 2884 2773; x_wconf 90' lang='lat' dir='ltr'><strong>villa</strong></span> <span class='ocrx_word' id='word_1_471' title='bbox 2923 2716 3123 2789; x_wconf 87' lang='lat' dir='ltr'><strong>palatio</strong></span> <span class='ocrx_word' id='word_1_472' title='bbox 3150 2717 3318 2788; x_wconf 75' lang='lat' dir='ltr'><strong>regio,</strong></span> <span class='ocrx_word' id='word_1_473' title='bbox 3353 2717 3411 2772; x_wconf 93' lang='lat' dir='ltr'><strong>in</strong></span> <span class='ocrx_word' id='word_1_474' title='bbox 3441 2717 3536 2774; x_wconf 86' lang='lat' dir='ltr'><strong>Dei</strong></span> <span class='ocrx_word' id='word_1_475' title='bbox 3565 2734 3662 2774; x_wconf 89' lang='lat' dir='ltr'><strong>nu-</strong></span> 
     </span>
    </p>
   </div>
   <div class='ocr_carea' id='block_1_75' title="bbox 2077 2811 2738 2868">
    <p class='ocr_par' dir='ltr' id='par_1_75' title="bbox 2077 2811 2738 2868">
     <span class='ocr_line' id='line_1_75' title="bbox 2077 2811 2738 2868; baseline 0.002 -1"><span class='ocrx_word' id='word_1_476' title='bbox 2077 2813 2224 2868; x_wconf 89' lang='lat' dir='ltr'><strong>mine</strong></span> <span class='ocrx_word' id='word_1_477' title='bbox 2255 2812 2510 2868; x_wconf 89' lang='lat' dir='ltr'><strong>feliciter.</strong></span> <span class='ocrx_word' id='word_1_478' title='bbox 2544 2811 2738 2868; x_wconf 90' lang='lat' dir='ltr'><strong>Amen.</strong></span> 
     </span>
    </p>
   </div>
   <div class='ocr_carea' id='block_1_76' title="bbox 2477 2887 2969 2960">
    <p class='ocr_par' dir='ltr' id='par_1_76' title="bbox 2477 2887 2969 2960">
     <span class='ocr_line' id='line_1_76' title="bbox 2477 2887 2969 2960; baseline -0.008 0"><span class='ocrx_word' id='word_1_479' title='bbox 2477 2887 2485 2892; x_wconf 85' lang='grc'><strong>’</strong></span> <span class='ocrx_word' id='word_1_480' title='bbox 2765 2901 2969 2960; x_wconf 78' lang='lat' dir='ltr'><strong>CLXV.</strong></span> 
     </span>
    </p>
   </div>
   <div class='ocr_carea' id='block_1_77' title="bbox 2922 3007 3624 3057">
    <p class='ocr_par' dir='ltr' id='par_1_77' title="bbox 2922 3007 3624 3057">
     <span class='ocr_line' id='line_1_77' title="bbox 2922 3007 3624 3057; baseline -0.003 -7"><span class='ocrx_word' id='word_1_481' title='bbox 2922 3007 3058 3050; x_wconf 73' lang='lat' dir='ltr'><strong>IBNSI</strong></span> <span class='ocrx_word' id='word_1_482' title='bbox 3093 3007 3317 3057; x_wconf 70' lang='grc' dir='ltr'><strong>ωυεουε</strong></span> <span class='ocrx_word' id='word_1_483' title='bbox 3353 3007 3624 3049; x_wconf 67' lang='grc' dir='ltr'><strong>εεςιεειλ.</strong></span> 
     </span>
    </p>
   </div>
   <div class='ocr_carea' id='block_1_78' title="bbox 2691 3086 3045 3159">
    <p class='ocr_par' dir='ltr' id='par_1_78' title="bbox 2691 3086 3045 3159">
     <span class='ocr_line' id='line_1_78' title="bbox 2691 3086 3045 3159; baseline 0 -18"><span class='ocrx_word' id='word_1_484' title='bbox 2691 3087 2866 3159; x_wconf 69' lang='lat' dir='ltr'><strong>(Anno</strong></span> <span class='ocrx_word' id='word_1_485' title='bbox 2893 3086 3045 3159; x_wconf 79' lang='lat' dir='ltr'><strong>ssi.)</strong></span> 
     </span>
    </p>
   </div>
   <div class='ocr_carea' id='block_1_79' title="bbox 2077 3174 3659 3253">
    <p class='ocr_par' dir='ltr' id='par_1_79' title="bbox 2077 3174 3659 3253">
     <span class='ocr_line' id='line_1_79' title="bbox 2077 3174 3659 3253; baseline -0.002 -18"><span class='ocrx_word' id='word_1_486' title='bbox 2077 3178 2254 3253; x_wconf 76' lang='lat' dir='ltr'><strong>[Apud</strong></span> <span class='ocrx_word' id='word_1_487' title='bbox 2282 3177 2624 3243; x_wconf 77' lang='lat' dir='ltr'><strong>Grandidier,</strong></span> <span class='ocrx_word' id='word_1_488' title='bbox 2661 3177 2801 3232; x_wconf 79' lang='lat' dir='ltr'><strong>Hist.</strong></span> <span class='ocrx_word' id='word_1_489' title='bbox 2831 3179 2897 3232; x_wconf 87' lang='lat' dir='ltr'><strong>de</strong></span> <span class='ocrx_word' id='word_1_490' title='bbox 2927 3176 3144 3249; x_wconf 78' lang='lat' dir='ltr'><strong>I‘Eglise</strong></span> <span class='ocrx_word' id='word_1_491' title='bbox 3167 3176 3233 3231; x_wconf 82' lang='lat' dir='ltr'><strong>de</strong></span> <span class='ocrx_word' id='word_1_492' title='bbox 3261 3174 3486 3241; x_wconf 58' lang='lat' dir='ltr'><strong>Simoin,</strong></span> <span class='ocrx_word' id='word_1_493' title='bbox 3528 3186 3659 3232; x_wconf 90' lang='lat' dir='ltr'><strong>tom.</strong></span> 
     </span>
    </p>
   </div>
   <div class='ocr_carea' id='block_1_80' title="bbox 2143 3269 3664 3343">
    <p class='ocr_par' dir='ltr' id='par_1_80' title="bbox 2143 3269 3664 3343">
     <span class='ocr_line' id='line_1_80' title="bbox 2143 3269 3664 3343; baseline -0.001 -16"><span class='ocrx_word' id='word_1_494' title='bbox 2143 3271 2208 3338; x_wconf 87' lang='lat' dir='ltr'><strong>ll,</strong></span> <span class='ocrx_word' id='word_1_495' title='bbox 2245 3287 2299 3343; x_wconf 91' lang='lat' dir='ltr'><strong>p.</strong></span> <span class='ocrx_word' id='word_1_496' title='bbox 2333 3271 2456 3338; x_wconf 66' lang='lat'><strong>199,</strong></span> <span class='ocrx_word' id='word_1_497' title='bbox 2502 3287 2568 3327; x_wconf 78' lang='lat' dir='ltr'><strong>ex</strong></span> <span class='ocrx_word' id='word_1_498' title='bbox 2607 3271 2945 3342; x_wconf 75' lang='lat' dir='ltr'><strong>autographa</strong></span> <span class='ocrx_word' id='word_1_499' title='bbox 2985 3270 3236 3328; x_wconf 82' lang='lat' dir='ltr'><strong>tabularii</strong></span> <span class='ocrx_word' id='word_1_500' title='bbox 3275 3269 3520 3326; x_wconf 71' lang='lat' dir='ltr'><strong>ecclesia:</strong></span> <span class='ocrx_word' id='word_1_501' title='bbox 3553 3270 3664 3326; x_wconf 89' lang='lat' dir='ltr'><strong>Cu-</strong></span> 
     </span>
    </p>
   </div>
   <div class='ocr_carea' id='block_1_81' title="bbox 2147 3363 2456 3437">
    <p class='ocr_par' dir='ltr' id='par_1_81' title="bbox 2147 3363 2456 3437">
     <span class='ocr_line' id='line_1_81' title="bbox 2147 3363 2456 3437; baseline 0 -19"><span class='ocrx_word' id='word_1_502' title='bbox 2147 3365 2343 3420; x_wconf 89' lang='lat' dir='ltr'><strong>riensis</strong></span> <span class='ocrx_word' id='word_1_503' title='bbox 2381 3377 2405 3405; x_wconf 77' lang='grc' dir='ltr'><strong>ιι</strong></span> <span class='ocrx_word' id='word_1_504' title='bbox 2417 3363 2456 3437; x_wconf 94' lang='grc'><strong>.]</strong></span> 
     </span>
    </p>
   </div>
   <div class='ocr_carea' id='block_1_82' title="bbox 2142 3454 3664 3520">
    <p class='ocr_par' dir='ltr' id='par_1_82' title="bbox 2142 3454 3664 3520">
     <span class='ocr_line' id='line_1_82' title="bbox 2142 3454 3664 3520; baseline 0.001 -11"><span class='ocrx_word' id='word_1_505' title='bbox 2142 3455 2199 3510; x_wconf 81' lang='lat' dir='ltr'><strong>In</strong></span> <span class='ocrx_word' id='word_1_506' title='bbox 2221 3455 2442 3512; x_wconf 82' lang='lat' dir='ltr'><strong>nomine</strong></span> <span class='ocrx_word' id='word_1_507' title='bbox 2462 3455 2674 3511; x_wconf 88' lang='lat' dir='ltr'><strong>Domini</strong></span> <span class='ocrx_word' id='word_1_508' title='bbox 2705 3456 2797 3511; x_wconf 88' lang='lat' dir='ltr'><strong>Dei</strong></span> <span class='ocrx_word' id='word_1_509' title='bbox 2825 3454 3125 3512; x_wconf 86' lang='lat' dir='ltr'><strong>Salvatoris</strong></span> <span class='ocrx_word' id='word_1_510' title='bbox 3153 3454 3280 3511; x_wconf 65' lang='lat' dir='ltr'><strong>Iesu</strong></span> <span class='ocrx_word' id='word_1_511' title='bbox 3306 3455 3530 3520; x_wconf 81' lang='lat' dir='ltr'><strong>Christi,</strong></span> <span class='ocrx_word' id='word_1_512' title='bbox 3559 3456 3664 3511; x_wconf 85' lang='lat' dir='ltr'><strong>Lu-</strong></span> 
     </span>
    </p>
   </div>
   <div class='ocr_carea' id='block_1_83' title="bbox 2072 3546 3658 3616">
    <p class='ocr_par' dir='ltr' id='par_1_83' title="bbox 2072 3546 3658 3616">
     <span class='ocr_line' id='line_1_83' title="bbox 2072 3546 3658 3616; baseline -0.001 -14"><span class='ocrx_word' id='word_1_513' title='bbox 2072 3546 2316 3612; x_wconf 80' lang='lat' dir='ltr'><strong>dovicus,</strong></span> <span class='ocrx_word' id='word_1_514' title='bbox 2345 3546 2524 3600; x_wconf 83' lang='lat' dir='ltr'><strong>divina</strong></span> <span class='ocrx_word' id='word_1_515' title='bbox 2545 3546 2831 3602; x_wconf 83' lang='lat' dir='ltr'><strong>ordinante</strong></span> <span class='ocrx_word' id='word_1_516' title='bbox 2850 3547 3208 3616; x_wconf 84' lang='lat' dir='ltr'><strong>providentia,</strong></span> <span class='ocrx_word' id='word_1_517' title='bbox 3233 3547 3531 3616; x_wconf 87' lang='lat' dir='ltr'><strong>imperator</strong></span> <span class='ocrx_word' id='word_1_518' title='bbox 3550 3549 3658 3602; x_wconf 80' lang='lat' dir='ltr'><strong>Au-</strong></span> 
     </span>
    </p>
   </div>
   <div class='ocr_carea' id='block_1_84' title="bbox 2070 3644 2284 3706">
    <p class='ocr_par' dir='ltr' id='par_1_84' title="bbox 2070 3644 2284 3706">
     <span class='ocr_line' id='line_1_84' title="bbox 2070 3644 2284 3706; baseline 0.005 -17"><span class='ocrx_word' id='word_1_519' title='bbox 2070 3644 2284 3706; x_wconf 79' lang='lat' dir='ltr'><strong>gustus.</strong></span> 
     </span>
    </p>
   </div>
   <div class='ocr_carea' id='block_1_85' title="bbox 2139 3728 3662 3801">
    <p class='ocr_par' dir='ltr' id='par_1_85' title="bbox 2139 3728 3662 3801">
     <span class='ocr_line' id='line_1_85' title="bbox 2139 3728 3662 3801; baseline 0.002 -17"><span class='ocrx_word' id='word_1_520' title='bbox 2139 3729 2201 3784; x_wconf 85' lang='lat' dir='ltr'><strong>Si</strong></span> <span class='ocrx_word' id='word_1_521' title='bbox 2246 3744 2372 3800; x_wconf 81' lang='lat' dir='ltr'><strong>erga</strong></span> <span class='ocrx_word' id='word_1_522' title='bbox 2419 3730 2537 3784; x_wconf 87' lang='lat' dir='ltr'><strong>loca</strong></span> <span class='ocrx_word' id='word_1_523' title='bbox 2579 3728 2775 3785; x_wconf 84' lang='lat' dir='ltr'><strong>divinis</strong></span> <span class='ocrx_word' id='word_1_524' title='bbox 2813 3729 3048 3785; x_wconf 87' lang='lat' dir='ltr'><strong>cultibus</strong></span> <span class='ocrx_word' id='word_1_525' title='bbox 3092 3729 3396 3798; x_wconf 89' lang='lat' dir='ltr'><strong>mancipata</strong></span> <span class='ocrx_word' id='word_1_526' title='bbox 3442 3739 3662 3801; x_wconf 87' lang='lat' dir='ltr'><strong>propter</strong></span> 
     </span>
    </p>
   </div>
   <div class='ocr_carea' id='block_1_86' title="bbox 2072 3817 3661 3888">
    <p class='ocr_par' dir='ltr' id='par_1_86' title="bbox 2072 3817 3661 3888">
     <span class='ocr_line' id='line_1_86' title="bbox 2072 3817 3661 3888; baseline 0.004 -16"><span class='ocrx_word' id='word_1_527' title='bbox 2072 3833 2311 3874; x_wconf 89' lang='lat' dir='ltr'><strong>amorem</strong></span> <span class='ocrx_word' id='word_1_528' title='bbox 2347 3818 2439 3872; x_wconf 92' lang='lat' dir='ltr'><strong>Dei</strong></span> <span class='ocrx_word' id='word_1_529' title='bbox 2484 3819 2708 3888; x_wconf 84' lang='lat' dir='ltr'><strong>ejusque</strong></span> <span class='ocrx_word' id='word_1_530' title='bbox 2743 3820 2796 3872; x_wconf 92' lang='lat' dir='ltr'><strong>in</strong></span> <span class='ocrx_word' id='word_1_531' title='bbox 2832 3818 3024 3874; x_wconf 89' lang='lat' dir='ltr'><strong>iisdem</strong></span> <span class='ocrx_word' id='word_1_532' title='bbox 3057 3818 3190 3874; x_wconf 90' lang='lat' dir='ltr'><strong>locis</strong></span> <span class='ocrx_word' id='word_1_533' title='bbox 3222 3817 3544 3876; x_wconf 83' lang='lat' dir='ltr'><strong>famulantes</strong></span> <span class='ocrx_word' id='word_1_534' title='bbox 3574 3822 3661 3878; x_wconf 86' lang='lat' dir='ltr'><strong>he-</strong></span> 
     </span>
    </p>
   </div>
   <div class='ocr_carea' id='block_1_87' title="bbox 2071 3911 3659 3982">
    <p class='ocr_par' dir='ltr' id='par_1_87' title="bbox 2071 3911 3659 3982">
     <span class='ocr_line' id='line_1_87' title="bbox 2071 3911 3659 3982; baseline 0.001 -16"><span class='ocrx_word' id='word_1_535' title='bbox 2071 3911 2260 3967; x_wconf 87' lang='lat' dir='ltr'><strong>neficia</strong></span> <span class='ocrx_word' id='word_1_536' title='bbox 2305 3911 2516 3981; x_wconf 87' lang='lat' dir='ltr'><strong>potiora</strong></span> <span class='ocrx_word' id='word_1_537' title='bbox 2556 3911 2835 3981; x_wconf 80' lang='lat' dir='ltr'><strong>largimur,</strong></span> <span class='ocrx_word' id='word_1_538' title='bbox 2871 3912 3152 3981; x_wconf 78' lang='lat' dir='ltr'><strong>praemium</strong></span> <span class='ocrx_word' id='word_1_539' title='bbox 3193 3911 3334 3982; x_wconf 90' lang='lat' dir='ltr'><strong>apud</strong></span> <span class='ocrx_word' id='word_1_540' title='bbox 3372 3912 3659 3969; x_wconf 89' lang='lat' dir='ltr'><strong>Dominum</strong></span> 
     </span>
    </p>
   </div>
   <div class='ocr_carea' id='block_1_88' title="bbox 2069 4002 3659 4075">
    <p class='ocr_par' dir='ltr' id='par_1_88' title="bbox 2069 4002 3659 4075">
     <span class='ocr_line' id='line_1_88' title="bbox 2069 4002 3659 4075; baseline 0.001 -18"><span class='ocrx_word' id='word_1_541' title='bbox 2069 4012 2285 4058; x_wconf 63' lang='lat' dir='ltr'><strong>aeterna:</strong></span> <span class='ocrx_word' id='word_1_542' title='bbox 2316 4003 2769 4058; x_wconf 89' lang='lat' dir='ltr'><strong>remunerationis</strong></span> <span class='ocrx_word' id='word_1_543' title='bbox 2799 4003 3035 4074; x_wconf 88' lang='lat' dir='ltr'><strong>impendi</strong></span> <span class='ocrx_word' id='word_1_544' title='bbox 3062 4018 3167 4058; x_wconf 90' lang='lat' dir='ltr'><strong>non</strong></span> <span class='ocrx_word' id='word_1_545' title='bbox 3202 4002 3508 4059; x_wconf 80' lang='lat' dir='ltr'><strong>dillidimus.</strong></span> <span class='ocrx_word' id='word_1_546' title='bbox 3556 4006 3659 4075; x_wconf 83' lang='lat' dir='ltr'><strong>lgi-</strong></span> 
     </span>
    </p>
   </div>
   <div class='ocr_carea' id='block_1_89' title="bbox 2070 4089 3655 4161">
    <p class='ocr_par' dir='ltr' id='par_1_89' title="bbox 2070 4089 3655 4161">
     <span class='ocr_line' id='line_1_89' title="bbox 2070 4089 3655 4161; baseline 0.001 -11"><span class='ocrx_word' id='word_1_547' title='bbox 2070 4089 2159 4150; x_wconf 86' lang='lat' dir='ltr'><strong>tur</strong></span> <span class='ocrx_word' id='word_1_548' title='bbox 2199 4103 2384 4149; x_wconf 90' lang='lat' dir='ltr'><strong>notum</strong></span> <span class='ocrx_word' id='word_1_549' title='bbox 2427 4109 2549 4150; x_wconf 91' lang='lat' dir='ltr'><strong>esse</strong></span> <span class='ocrx_word' id='word_1_550' title='bbox 2589 4093 2837 4150; x_wconf 88' lang='lat' dir='ltr'><strong>volumus</strong></span> <span class='ocrx_word' id='word_1_551' title='bbox 2883 4095 3095 4150; x_wconf 88' lang='lat' dir='ltr'><strong>cunctis</strong></span> <span class='ocrx_word' id='word_1_552' title='bbox 3139 4093 3386 4150; x_wconf 85' lang='lat' dir='ltr'><strong>fidelibus</strong></span> <span class='ocrx_word' id='word_1_553' title='bbox 3430 4099 3655 4161; x_wconf 87' lang='lat' dir='ltr'><strong>nostris,</strong></span> 
     </span>
    </p>
   </div>
   <div class='ocr_carea' id='block_1_90' title="bbox 2067 4184 3658 4257">
    <p class='ocr_par' dir='ltr' id='par_1_90' title="bbox 2067 4184 3658 4257">
     <span class='ocr_line' id='line_1_90' title="bbox 2067 4184 3658 4257; baseline 0.001 -15"><span class='ocrx_word' id='word_1_554' title='bbox 2067 4187 2424 4257; x_wconf 65' lang='lat' dir='ltr'><strong>praesentibus</strong></span> <span class='ocrx_word' id='word_1_555' title='bbox 2438 4186 2644 4242; x_wconf 89' lang='lat' dir='ltr'><strong>scilicet</strong></span> <span class='ocrx_word' id='word_1_556' title='bbox 2657 4194 2710 4240; x_wconf 90' lang='lat' dir='ltr'><strong>et</strong></span> <span class='ocrx_word' id='word_1_557' title='bbox 2729 4184 2942 4252; x_wconf 89' lang='lat' dir='ltr'><strong>futuris,</strong></span> <span class='ocrx_word' id='word_1_558' title='bbox 2958 4187 3084 4256; x_wconf 88' lang='lat' dir='ltr'><strong>quia</strong></span> <span class='ocrx_word' id='word_1_559' title='bbox 3110 4186 3195 4240; x_wconf 90' lang='lat' dir='ltr'><strong>vir</strong></span> <span class='ocrx_word' id='word_1_560' title='bbox 3221 4188 3542 4244; x_wconf 83' lang='lat' dir='ltr'><strong>venerabilis</strong></span> <span class='ocrx_word' id='word_1_561' title='bbox 3569 4189 3658 4244; x_wconf 77' lang='lat' dir='ltr'><strong>Vi-</strong></span> 
     </span>
    </p>
   </div>
   <div class='ocr_carea' id='block_1_91' title="bbox 2069 4277 3656 4350">
    <p class='ocr_par' dir='ltr' id='par_1_91' title="bbox 2069 4277 3656 4350">
     <span class='ocr_line' id='line_1_91' title="bbox 2069 4277 3656 4350; baseline 0.001 -17"><span class='ocrx_word' id='word_1_562' title='bbox 2069 4285 2188 4334; x_wconf 90' lang='lat' dir='ltr'><strong>ctor</strong></span> <span class='ocrx_word' id='word_1_563' title='bbox 2208 4294 2265 4334; x_wconf 90' lang='lat' dir='ltr'><strong>sa</strong></span> <span class='ocrx_word' id='word_1_564' title='bbox 2273 4287 2408 4333; x_wconf 78' lang='lat' dir='ltr'><strong>nctze</strong></span> <span class='ocrx_word' id='word_1_565' title='bbox 2419 4277 2697 4333; x_wconf 86' lang='lat' dir='ltr'><strong>Curiensis</strong></span> <span class='ocrx_word' id='word_1_566' title='bbox 2714 4277 2956 4333; x_wconf 74' lang='lat' dir='ltr'><strong>ecclesia:</strong></span> <span class='ocrx_word' id='word_1_567' title='bbox 2970 4278 3255 4349; x_wconf 87' lang='lat' dir='ltr'><strong>episcopus</strong></span> <span class='ocrx_word' id='word_1_568' title='bbox 3271 4277 3299 4318; x_wconf 71' lang='grc' dir='ltr'><strong>ιι</strong></span> <span class='ocrx_word' id='word_1_569' title='bbox 3312 4295 3432 4350; x_wconf 72' lang='lat' dir='ltr'><strong>qua:</strong></span> <span class='ocrx_word' id='word_1_570' title='bbox 3445 4289 3656 4334; x_wconf 86' lang='lat' dir='ltr'><strong>constat</strong></span> 
     </span>
    </p>
   </div>
   <div class='ocr_carea' id='block_1_92' title="bbox 383 4371 3656 4455">
    <p class='ocr_par' dir='ltr' id='par_1_92' title="bbox 383 4371 3656 4455">
     <span class='ocr_line' id='line_1_92' title="bbox 383 4371 3656 4455; baseline -0.002 -22"><span class='ocrx_word' id='word_1_571' title='bbox 383 4378 595 4434; x_wconf 88' lang='lat' dir='ltr'><strong>naticos</strong></span> <span class='ocrx_word' id='word_1_572' title='bbox 619 4378 875 4450; x_wconf 84' lang='lat' dir='ltr'><strong>accipiat,</strong></span> <span class='ocrx_word' id='word_1_573' title='bbox 904 4394 997 4435; x_wconf 89' lang='lat' dir='ltr'><strong>seu</strong></span> <span class='ocrx_word' id='word_1_574' title='bbox 1032 4379 1340 4448; x_wconf 86' lang='lat' dir='ltr'><strong>quicunque</strong></span> <span class='ocrx_word' id='word_1_575' title='bbox 1369 4378 1519 4434; x_wconf 87' lang='lat' dir='ltr'><strong>urbis</strong></span> <span class='ocrx_word' id='word_1_576' title='bbox 1558 4377 1798 4448; x_wconf 81' lang='lat' dir='ltr'><strong>ejusdem</strong></span> <span class='ocrx_word' id='word_1_577' title='bbox 1841 4393 1965 4434; x_wconf 91' lang='lat' dir='ltr'><strong>suc-</strong></span> <span class='ocrx_word' id='word_1_578' title='bbox 1995 4394 2047 4455; x_wconf 76' lang='grc' dir='ltr'><strong>ι)</strong></span> <span class='ocrx_word' id='word_1_579' title='bbox 2073 4387 2192 4428; x_wconf 90' lang='lat' dir='ltr'><strong>esse</strong></span> <span class='ocrx_word' id='word_1_580' title='bbox 2213 4379 2519 4426; x_wconf 87' lang='lat' dir='ltr'><strong>constructa</strong></span> <span class='ocrx_word' id='word_1_581' title='bbox 2542 4371 2595 4425; x_wconf 91' lang='lat' dir='ltr'><strong>in</strong></span> <span class='ocrx_word' id='word_1_582' title='bbox 2618 4372 2822 4427; x_wconf 90' lang='lat' dir='ltr'><strong>honore</strong></span> <span class='ocrx_word' id='word_1_583' title='bbox 2843 4380 3046 4428; x_wconf 62' lang='lat' dir='ltr'><strong>sancta</strong></span> <span class='ocrx_word' id='word_1_584' title='bbox 3064 4373 3245 4429; x_wconf 75' lang='lat' dir='ltr'><strong>Maria:</strong></span> <span class='ocrx_word' id='word_1_585' title='bbox 3264 4389 3479 4444; x_wconf 87' lang='lat' dir='ltr'><strong>semper</strong></span> <span class='ocrx_word' id='word_1_586' title='bbox 3491 4374 3656 4444; x_wconf 79' lang='lat' dir='ltr'><strong>virgi-</strong></span> 
     </span>
    </p>
   </div>
   <div class='ocr_carea' id='block_1_93' title="bbox 383 4468 1971 4540">
    <p class='ocr_par' dir='ltr' id='par_1_93' title="bbox 383 4468 1971 4540">
     <span class='ocr_line' id='line_1_93' title="bbox 383 4468 1971 4540; baseline -0.001 -15"><span class='ocrx_word' id='word_1_587' title='bbox 383 4485 570 4525; x_wconf 90' lang='lat' dir='ltr'><strong>eessor</strong></span> <span class='ocrx_word' id='word_1_588' title='bbox 598 4470 888 4534; x_wconf 86' lang='lat' dir='ltr'><strong>exstiterit,</strong></span> <span class='ocrx_word' id='word_1_589' title='bbox 916 4484 1077 4540; x_wconf 91' lang='lat' dir='ltr'><strong>quam</strong></span> <span class='ocrx_word' id='word_1_590' title='bbox 1126 4469 1554 4540; x_wconf 71' lang='lat' dir='ltr'><strong>prmdecessores</strong></span> <span class='ocrx_word' id='word_1_591' title='bbox 1597 4468 1680 4524; x_wconf 90' lang='lat' dir='ltr'><strong>sui</strong></span> <span class='ocrx_word' id='word_1_592' title='bbox 1730 4477 1971 4540; x_wconf 83' lang='lat' dir='ltr'><strong>tempore</strong></span> 
     </span>
    </p>
   </div>
   <div class='ocr_carea' id='block_1_94' title="bbox 381 4557 1968 4629">
    <p class='ocr_par' dir='ltr' id='par_1_94' title="bbox 381 4557 1968 4629">
     <span class='ocr_line' id='line_1_94' title="bbox 381 4557 1968 4629; baseline 0 -16"><span class='ocrx_word' id='word_1_593' title='bbox 381 4558 624 4628; x_wconf 80' lang='lat' dir='ltr'><strong>ejusdem</strong></span> <span class='ocrx_word' id='word_1_594' title='bbox 648 4560 910 4629; x_wconf 81' lang='lat' dir='ltr'><strong>genitoris</strong></span> <span class='ocrx_word' id='word_1_595' title='bbox 937 4560 1108 4614; x_wconf 91' lang='lat' dir='ltr'><strong>nostri</strong></span> <span class='ocrx_word' id='word_1_596' title='bbox 1129 4559 1312 4613; x_wconf 85' lang='lat' dir='ltr'><strong>domui</strong></span> <span class='ocrx_word' id='word_1_597' title='bbox 1341 4557 1540 4623; x_wconf 84' lang='lat' dir='ltr'><strong>Caroli,</strong></span> <span class='ocrx_word' id='word_1_598' title='bbox 1558 4559 1672 4614; x_wconf 89' lang='lat' dir='ltr'><strong>sive</strong></span> <span class='ocrx_word' id='word_1_599' title='bbox 1688 4558 1775 4612; x_wconf 83' lang='lat' dir='ltr'><strong>avi</strong></span> <span class='ocrx_word' id='word_1_600' title='bbox 1797 4559 1968 4613; x_wconf 90' lang='lat' dir='ltr'><strong>nostri</strong></span> 
     </span>
    </p>
   </div>
   <div class='ocr_carea' id='block_1_95' title="bbox 383 4647 1964 4720">
    <p class='ocr_par' dir='ltr' id='par_1_95' title="bbox 383 4647 1964 4720">
     <span class='ocr_line' id='line_1_95' title="bbox 383 4647 1964 4720; baseline 0.002 -19"><span class='ocrx_word' id='word_1_601' title='bbox 383 4648 603 4719; x_wconf 84' lang='lat' dir='ltr'><strong>gloriosi</strong></span> <span class='ocrx_word' id='word_1_602' title='bbox 630 4647 841 4719; x_wconf 83' lang='lat' dir='ltr'><strong>Pippini</strong></span> <span class='ocrx_word' id='word_1_603' title='bbox 866 4649 1009 4720; x_wconf 85' lang='lat' dir='ltr'><strong>regis</strong></span> <span class='ocrx_word' id='word_1_604' title='bbox 1038 4647 1302 4713; x_wconf 83' lang='lat' dir='ltr'><strong>fecerunt,</strong></span> <span class='ocrx_word' id='word_1_605' title='bbox 1334 4649 1430 4703; x_wconf 89' lang='lat' dir='ltr'><strong>sed</strong></span> <span class='ocrx_word' id='word_1_606' title='bbox 1466 4648 1566 4704; x_wconf 89' lang='lat' dir='ltr'><strong>sub</strong></span> <span class='ocrx_word' id='word_1_607' title='bbox 1596 4648 1713 4718; x_wconf 85' lang='lat' dir='ltr'><strong>ipso</strong></span> <span class='ocrx_word' id='word_1_608' title='bbox 1745 4649 1964 4704; x_wconf 86' lang='lat' dir='ltr'><strong>eodem-</strong></span> 
     </span>
    </p>
   </div>
   <div class='ocr_carea' id='block_1_96' title="bbox 382 4737 1964 4811">
    <p class='ocr_par' dir='ltr' id='par_1_96' title="bbox 382 4737 1964 4811">
     <span class='ocr_line' id='line_1_96' title="bbox 382 4737 1964 4811; baseline -0.003 -16"><span class='ocrx_word' id='word_1_609' title='bbox 382 4755 490 4811; x_wconf 90' lang='lat' dir='ltr'><strong>que</strong></span> <span class='ocrx_word' id='word_1_610' title='bbox 517 4741 677 4795; x_wconf 90' lang='lat' dir='ltr'><strong>modo</strong></span> <span class='ocrx_word' id='word_1_611' title='bbox 703 4739 988 4795; x_wconf 88' lang='lat' dir='ltr'><strong>charitatis</strong></span> <span class='ocrx_word' id='word_1_612' title='bbox 1019 4739 1133 4794; x_wconf 91' lang='lat' dir='ltr'><strong>sive</strong></span> <span class='ocrx_word' id='word_1_613' title='bbox 1161 4737 1469 4795; x_wconf 89' lang='lat' dir='ltr'><strong>dilectionis</strong></span> <span class='ocrx_word' id='word_1_614' title='bbox 1513 4754 1637 4794; x_wconf 87' lang='lat' dir='ltr'><strong>cum</strong></span> <span class='ocrx_word' id='word_1_615' title='bbox 1680 4737 1792 4807; x_wconf 86' lang='lat' dir='ltr'><strong>jam</strong></span> <span class='ocrx_word' id='word_1_616' title='bbox 1848 4753 1964 4792; x_wconf 90' lang='lat' dir='ltr'><strong>me-</strong></span> 
     </span>
    </p>
   </div>
   <div class='ocr_carea' id='block_1_97' title="bbox 384 4827 1967 4898">
    <p class='ocr_par' dir='ltr' id='par_1_97' title="bbox 384 4827 1967 4898">
     <span class='ocr_line' id='line_1_97' title="bbox 384 4827 1967 4898; baseline -0.003 -12"><span class='ocrx_word' id='word_1_617' title='bbox 384 4830 612 4886; x_wconf 88' lang='lat' dir='ltr'><strong>moratis</strong></span> <span class='ocrx_word' id='word_1_618' title='bbox 644 4827 906 4884; x_wconf 83' lang='lat' dir='ltr'><strong>fratribus</strong></span> <span class='ocrx_word' id='word_1_619' title='bbox 929 4829 983 4882; x_wconf 90' lang='lat' dir='ltr'><strong>in</strong></span> <span class='ocrx_word' id='word_1_620' title='bbox 1015 4828 1126 4884; x_wconf 91' lang='lat' dir='ltr'><strong>Deo</strong></span> <span class='ocrx_word' id='word_1_621' title='bbox 1149 4828 1326 4894; x_wconf 90' lang='lat' dir='ltr'><strong>vivat,</strong></span> <span class='ocrx_word' id='word_1_622' title='bbox 1356 4829 1561 4898; x_wconf 90' lang='lat' dir='ltr'><strong>absque</strong></span> <span class='ocrx_word' id='word_1_623' title='bbox 1603 4827 1845 4897; x_wconf 88' lang='lat' dir='ltr'><strong>qualibet</strong></span> <span class='ocrx_word' id='word_1_624' title='bbox 1871 4843 1967 4882; x_wconf 93' lang='lat' dir='ltr'><strong>no-</strong></span> 
     </span>
    </p>
   </div>
   <div class='ocr_carea' id='block_1_98' title="bbox 385 4917 1967 4976">
    <p class='ocr_par' dir='ltr' id='par_1_98' title="bbox 385 4917 1967 4976">
     <span class='ocr_line' id='line_1_98' title="bbox 385 4917 1967 4976; baseline -0.001 -2"><span class='ocrx_word' id='word_1_625' title='bbox 385 4921 568 4976; x_wconf 89' lang='lat' dir='ltr'><strong>vitatis</strong></span> <span class='ocrx_word' id='word_1_626' title='bbox 598 4920 861 4976; x_wconf 90' lang='lat' dir='ltr'><strong>molestia.</strong></span> <span class='ocrx_word' id='word_1_627' title='bbox 905 4918 1166 4975; x_wconf 88' lang='lat' dir='ltr'><strong>Similiter</strong></span> <span class='ocrx_word' id='word_1_628' title='bbox 1198 4918 1314 4974; x_wconf 90' lang='lat' dir='ltr'><strong>sine</strong></span> <span class='ocrx_word' id='word_1_629' title='bbox 1364 4917 1526 4973; x_wconf 88' lang='lat' dir='ltr'><strong>dubio</strong></span> <span class='ocrx_word' id='word_1_630' title='bbox 1564 4919 1852 4973; x_wconf 89' lang='lat' dir='ltr'><strong>statuimus</strong></span> <span class='ocrx_word' id='word_1_631' title='bbox 1893 4927 1967 4972; x_wconf 89' lang='lat' dir='ltr'><strong>at-</strong></span> 
     </span>
    </p>
   </div>
   <div class='ocr_carea' id='block_1_99' title="bbox 383 5017 1968 5091">
    <p class='ocr_par' dir='ltr' id='par_1_99' title="bbox 383 5017 1968 5091">
     <span class='ocr_line' id='line_1_99' title="bbox 383 5017 1968 5091; baseline -0.003 -16"><span class='ocrx_word' id='word_1_632' title='bbox 383 5036 489 5091; x_wconf 91' lang='lat' dir='ltr'><strong>que</strong></span> <span class='ocrx_word' id='word_1_633' title='bbox 517 5030 777 5091; x_wconf 87' lang='lat' dir='ltr'><strong>perpetuo</strong></span> <span class='ocrx_word' id='word_1_634' title='bbox 808 5019 1178 5076; x_wconf 87' lang='lat' dir='ltr'><strong>firmissimum</strong></span> <span class='ocrx_word' id='word_1_635' title='bbox 1208 5033 1330 5074; x_wconf 89' lang='lat' dir='ltr'><strong>esse</strong></span> <span class='ocrx_word' id='word_1_636' title='bbox 1376 5017 1642 5080; x_wconf 89' lang='lat' dir='ltr'><strong>volumus,</strong></span> <span class='ocrx_word' id='word_1_637' title='bbox 1675 5025 1732 5070; x_wconf 91' lang='lat' dir='ltr'><strong>ut</strong></span> <span class='ocrx_word' id='word_1_638' title='bbox 1768 5032 1968 5072; x_wconf 90' lang='lat' dir='ltr'><strong>memo-</strong></span> 
     </span>
    </p>
   </div>
   <div class='ocr_carea' id='block_1_100' title="bbox 385 5109 1968 5178">
    <p class='ocr_par' dir='ltr' id='par_1_100' title="bbox 385 5109 1968 5178">
     <span class='ocr_line' id='line_1_100' title="bbox 385 5109 1968 5178; baseline -0.003 -11"><span class='ocrx_word' id='word_1_639' title='bbox 385 5113 490 5169; x_wconf 90' lang='lat' dir='ltr'><strong>rati</strong></span> <span class='ocrx_word' id='word_1_640' title='bbox 519 5112 829 5167; x_wconf 86' lang='lat' dir='ltr'><strong>monasterii</strong></span> <span class='ocrx_word' id='word_1_641' title='bbox 851 5111 1050 5167; x_wconf 89' lang='lat' dir='ltr'><strong>fratres</strong></span> <span class='ocrx_word' id='word_1_642' title='bbox 1079 5111 1352 5167; x_wconf 90' lang='lat' dir='ltr'><strong>licentiam</strong></span> <span class='ocrx_word' id='word_1_643' title='bbox 1383 5110 1623 5167; x_wconf 88' lang='lat' dir='ltr'><strong>habeant</strong></span> <span class='ocrx_word' id='word_1_644' title='bbox 1663 5109 1731 5164; x_wconf 87' lang='lat' dir='ltr'><strong>de</strong></span> <span class='ocrx_word' id='word_1_645' title='bbox 1772 5110 1968 5178; x_wconf 89' lang='lat' dir='ltr'><strong>seipsis</strong></span> 
     </span>
    </p>
   </div>
   <div class='ocr_carea' id='block_1_101' title="bbox 382 5198 1970 5274">
    <p class='ocr_par' dir='ltr' id='par_1_101' title="bbox 382 5198 1970 5274">
     <span class='ocr_line' id='line_1_101' title="bbox 382 5198 1970 5274; baseline -0.004 -16"><span class='ocrx_word' id='word_1_646' title='bbox 382 5202 616 5274; x_wconf 86' lang='lat' dir='ltr'><strong>eligendi</strong></span> <span class='ocrx_word' id='word_1_647' title='bbox 646 5200 918 5269; x_wconf 89' lang='lat' dir='ltr'><strong>abbatem,</strong></span> <span class='ocrx_word' id='word_1_648' title='bbox 953 5202 1044 5270; x_wconf 89' lang='lat' dir='ltr'><strong>qui</strong></span> <span class='ocrx_word' id='word_1_649' title='bbox 1073 5201 1151 5256; x_wconf 90' lang='lat' dir='ltr'><strong>eis</strong></span> <span class='ocrx_word' id='word_1_650' title='bbox 1179 5214 1410 5271; x_wconf 73' lang='lat' dir='ltr'><strong>praeesse</strong></span> <span class='ocrx_word' id='word_1_651' title='bbox 1434 5208 1488 5253; x_wconf 87' lang='lat' dir='ltr'><strong>et</strong></span> <span class='ocrx_word' id='word_1_652' title='bbox 1513 5199 1769 5268; x_wconf 87' lang='lat' dir='ltr'><strong>prodesse</strong></span> <span class='ocrx_word' id='word_1_653' title='bbox 1797 5198 1970 5267; x_wconf 89' lang='lat' dir='ltr'><strong>possit</strong></span> 
     </span>
    </p>
   </div>
   <div class='ocr_carea' id='block_1_102' title="bbox 387 5287 1966 5361">
    <p class='ocr_par' dir='ltr' id='par_1_102' title="bbox 387 5287 1966 5361">
     <span class='ocr_line' id='line_1_102' title="bbox 387 5287 1966 5361; baseline -0.007 -10"><span class='ocrx_word' id='word_1_654' title='bbox 387 5294 443 5351; x_wconf 90' lang='lat' dir='ltr'><strong>in</strong></span> <span class='ocrx_word' id='word_1_655' title='bbox 484 5294 632 5349; x_wconf 92' lang='lat' dir='ltr'><strong>omni</strong></span> <span class='ocrx_word' id='word_1_656' title='bbox 674 5307 886 5348; x_wconf 91' lang='lat' dir='ltr'><strong>morum</strong></span> <span class='ocrx_word' id='word_1_657' title='bbox 937 5292 1218 5346; x_wconf 89' lang='lat' dir='ltr'><strong>honestate</strong></span> <span class='ocrx_word' id='word_1_658' title='bbox 1250 5299 1305 5347; x_wconf 88' lang='lat' dir='ltr'><strong>et</strong></span> <span class='ocrx_word' id='word_1_659' title='bbox 1345 5290 1748 5361; x_wconf 89' lang='lat' dir='ltr'><strong>Scripturarum</strong></span> <span class='ocrx_word' id='word_1_660' title='bbox 1785 5287 1966 5342; x_wconf 86' lang='lat' dir='ltr'><strong>erudi-</strong></span> 
     </span>
    </p>
   </div>
   <div class='ocr_carea' id='block_1_103' title="bbox 459 5419 1963 5497">
    <p class='ocr_par' dir='ltr' id='par_1_103' title="bbox 459 5419 1963 5497">
     <span class='ocr_line' id='line_1_103' title="bbox 459 5419 1963 5497; baseline -0.007 -14"><span class='ocrx_word' id='word_1_661' title='bbox 459 5442 484 5469; x_wconf 80' lang='lat'><strong>-</strong></span> <span class='ocrx_word' id='word_1_662' title='bbox 529 5427 773 5497; x_wconf 84' lang='lat' dir='ltr'><strong>Diploma</strong></span> <span class='ocrx_word' id='word_1_663' title='bbox 813 5428 919 5483; x_wconf 90' lang='lat' dir='ltr'><strong>hoc</strong></span> <span class='ocrx_word' id='word_1_664' title='bbox 961 5424 1282 5497; x_wconf 80' lang='lat' dir='ltr'><strong>anecdotum</strong></span> <span class='ocrx_word' id='word_1_665' title='bbox 1321 5421 1737 5497; x_wconf 79' lang='lat' dir='ltr'><strong>communicavit</strong></span> <span class='ocrx_word' id='word_1_666' title='bbox 1782 5419 1963 5475; x_wconf 92' lang='lat' dir='ltr'><strong>Domi-</strong></span> 
     </span>
    </p>
   </div>
   <div class='ocr_carea' id='block_1_104' title="bbox 389 5495 1680 5566">
    <p class='ocr_par' dir='ltr' id='par_1_104' title="bbox 389 5495 1680 5566">
     <span class='ocr_line' id='line_1_104' title="bbox 389 5495 1680 5566; baseline -0.007 -12"><span class='ocrx_word' id='word_1_667' title='bbox 389 5514 491 5554; x_wconf 89' lang='lat' dir='ltr'><strong>nus</strong></span> <span class='ocrx_word' id='word_1_668' title='bbox 512 5495 578 5554; x_wconf 29' lang='lat' dir='ltr'><strong>d‘e</strong></span> <span class='ocrx_word' id='word_1_669' title='bbox 598 5495 800 5553; x_wconf 73' lang='lat' dir='ltr'><strong>Jostex</strong></span> <span class='ocrx_word' id='word_1_670' title='bbox 831 5497 947 5566; x_wconf 87' lang='lat' dir='ltr'><strong>ipso</strong></span> <span class='ocrx_word' id='word_1_671' title='bbox 972 5495 1305 5566; x_wconf 75' lang='lat' dir='ltr'><strong>autographa</strong></span> <span class='ocrx_word' id='word_1_672' title='bbox 1321 5495 1680 5566; x_wconf 45' lang='lat' dir='ltr'><strong>descriptum:</strong></span> 
     </span>
    </p>
   </div>
   <div class='ocr_carea' id='block_1_105' title="bbox 463 5557 1960 5636">
    <p class='ocr_par' dir='ltr' id='par_1_105' title="bbox 463 5557 1960 5636">
     <span class='ocr_line' id='line_1_105' title="bbox 463 5557 1960 5636; baseline -0.009 -13"><span class='ocrx_word' id='word_1_673' title='bbox 463 5570 488 5608; x_wconf 63' lang='grc' dir='ltr'>δ</span> <span class='ocrx_word' id='word_1_674' title='bbox 528 5569 655 5623; x_wconf 88' lang='lat' dir='ltr'><strong>Inde</strong></span> <span class='ocrx_word' id='word_1_675' title='bbox 692 5557 1032 5636; x_wconf 48' lang='lat' dir='ltr'><strong>patet-error</strong></span> <span class='ocrx_word' id='word_1_676' title='bbox 1077 5557 1274 5633; x_wconf 64' lang='lat' dir='ltr'><strong>Egidii</strong></span> <span class='ocrx_word' id='word_1_677' title='bbox 1319 5557 1592 5636; x_wconf 70' lang='lat' dir='ltr'><strong>&#39;l‘schudil,</strong></span> <span class='ocrx_word' id='word_1_678' title='bbox 1625 5558 1823 5636; x_wconf 43' lang='lat' dir='ltr'><strong>.Galliae</strong></span> <span class='ocrx_word' id='word_1_679' title='bbox 1861 5557 1960 5636; x_wconf 61' lang='lat' dir='ltr'><strong>go-</strong></span> 
     </span>
    </p>
   </div>
   <div class='ocr_carea' id='block_1_106' title="bbox 390 5627 1959 5707">
    <p class='ocr_par' dir='ltr' id='par_1_106' title="bbox 390 5627 1959 5707">
     <span class='ocr_line' id='line_1_106' title="bbox 390 5627 1959 5707; baseline -0.009 -11"><span class='ocrx_word' id='word_1_680' title='bbox 390 5649 547 5702; x_wconf 76' lang='lat' dir='ltr'><strong>mata:</strong></span> <span class='ocrx_word' id='word_1_681' title='bbox 578 5641 670 5695; x_wconf 88' lang='lat' dir='ltr'><strong>lib.</strong></span> <span class='ocrx_word' id='word_1_682' title='bbox 695 5627 756 5703; x_wconf 69' lang='lat' dir='ltr'><strong>it,</strong></span> <span class='ocrx_word' id='word_1_683' title='bbox 789 5648 926 5707; x_wconf 81' lang='lat' dir='ltr'><strong>part.</strong></span> <span class='ocrx_word' id='word_1_684' title='bbox 955 5654 989 5704; x_wconf 77' lang='grc' dir='ltr'><strong>ι,</strong></span> <span class='ocrx_word' id='word_1_685' title='bbox 1017 5627 1213 5706; x_wconf 56' lang='lat' dir='ltr'><strong>capi).</strong></span> <span class='ocrx_word' id='word_1_686' title='bbox 1241 5649 1359 5706; x_wconf 85' lang='lat' dir='ltr'><strong>pag.</strong></span> <span class='ocrx_word' id='word_1_687' title='bbox 1389 5633 1514 5700; x_wconf 80' lang='grc'><strong>516,</strong></span> <span class='ocrx_word' id='word_1_688' title='bbox 1544 5640 1597 5688; x_wconf 82' lang='lat' dir='ltr'><strong>et</strong></span> <span class='ocrx_word' id='word_1_689' title='bbox 1618 5627 1838 5686; x_wconf 83' lang='lat' dir='ltr'><strong>Joannis</strong></span> <span class='ocrx_word' id='word_1_690' title='bbox 1870 5627 1959 5683; x_wconf 83' lang='lat' dir='ltr'><strong>Ja-</strong></span> 
     </span>
    </p>
   </div>
   <div class='ocr_carea' id='block_1_107' title="bbox 2074 4463 3654 4534">
    <p class='ocr_par' dir='ltr' id='par_1_107' title="bbox 2074 4463 3654 4534">
     <span class='ocr_line' id='line_1_107' title="bbox 2074 4463 3654 4534; baseline 0.002 -17"><span class='ocrx_word' id='word_1_691' title='bbox 2074 4464 2180 4528; x_wconf 91' lang='lat' dir='ltr'><strong>nis,</strong></span> <span class='ocrx_word' id='word_1_692' title='bbox 2205 4463 2369 4518; x_wconf 89' lang='lat' dir='ltr'><strong>missa</strong></span> <span class='ocrx_word' id='word_1_693' title='bbox 2386 4463 2644 4533; x_wconf 86' lang='lat' dir='ltr'><strong>petitione</strong></span> <span class='ocrx_word' id='word_1_694' title='bbox 2657 4463 2980 4532; x_wconf 89' lang='lat' dir='ltr'><strong>deprecatus</strong></span> <span class='ocrx_word' id='word_1_695' title='bbox 2989 4474 3073 4518; x_wconf 90' lang='lat' dir='ltr'><strong>est</strong></span> <span class='ocrx_word' id='word_1_696' title='bbox 3087 4479 3207 4529; x_wconf 86' lang='lat' dir='ltr'><strong>nos,</strong></span> <span class='ocrx_word' id='word_1_697' title='bbox 3225 4471 3284 4518; x_wconf 90' lang='lat' dir='ltr'><strong>ut</strong></span> <span class='ocrx_word' id='word_1_698' title='bbox 3303 4466 3545 4534; x_wconf 82' lang='lat' dir='ltr'><strong>eamdem</strong></span> <span class='ocrx_word' id='word_1_699' title='bbox 3569 4481 3654 4520; x_wconf 89' lang='lat' dir='ltr'><strong>se-</strong></span> 
     </span>
    </p>
   </div>
   <div class='ocr_carea' id='block_1_108' title="bbox 2072 4550 3653 4623">
    <p class='ocr_par' dir='ltr' id='par_1_108' title="bbox 2072 4550 3653 4623">
     <span class='ocr_line' id='line_1_108' title="bbox 2072 4550 3653 4623; baseline 0.001 -16"><span class='ocrx_word' id='word_1_700' title='bbox 2072 4553 2194 4608; x_wconf 90' lang='lat' dir='ltr'><strong>dem</strong></span> <span class='ocrx_word' id='word_1_701' title='bbox 2226 4569 2376 4608; x_wconf 88' lang='lat' dir='ltr'><strong>suam</strong></span> <span class='ocrx_word' id='word_1_702' title='bbox 2406 4568 2529 4608; x_wconf 86' lang='lat' dir='ltr'><strong>cum</strong></span> <span class='ocrx_word' id='word_1_703' title='bbox 2565 4551 2819 4608; x_wconf 87' lang='lat' dir='ltr'><strong>omnibus</strong></span> <span class='ocrx_word' id='word_1_704' title='bbox 2845 4553 2912 4606; x_wconf 92' lang='lat' dir='ltr'><strong>ad</strong></span> <span class='ocrx_word' id='word_1_705' title='bbox 2937 4568 2997 4607; x_wconf 92' lang='lat' dir='ltr'><strong>se</strong></span> <span class='ocrx_word' id='word_1_706' title='bbox 3016 4550 3158 4620; x_wconf 81' lang='lat' dir='ltr'><strong>iuste</strong></span> <span class='ocrx_word' id='word_1_707' title='bbox 3184 4561 3239 4607; x_wconf 88' lang='lat' dir='ltr'><strong>et</strong></span> <span class='ocrx_word' id='word_1_708' title='bbox 3266 4552 3511 4623; x_wconf 89' lang='lat' dir='ltr'><strong>legaliter</strong></span> <span class='ocrx_word' id='word_1_709' title='bbox 3545 4570 3653 4608; x_wconf 85' lang='lat' dir='ltr'><strong>mo-</strong></span> 
     </span>
    </p>
   </div>
   <div class='ocr_carea' id='block_1_109' title="bbox 2074 4643 3651 4714">
    <p class='ocr_par' dir='ltr' id='par_1_109' title="bbox 2074 4643 3651 4714">
     <span class='ocr_line' id='line_1_109' title="bbox 2074 4643 3651 4714; baseline 0.001 -15"><span class='ocrx_word' id='word_1_710' title='bbox 2074 4645 2242 4700; x_wconf 90' lang='lat' dir='ltr'><strong>derno</strong></span> <span class='ocrx_word' id='word_1_711' title='bbox 2283 4652 2525 4714; x_wconf 89' lang='lat' dir='ltr'><strong>tempore</strong></span> <span class='ocrx_word' id='word_1_712' title='bbox 2567 4643 2964 4713; x_wconf 89' lang='lat' dir='ltr'><strong>pertinentibus</strong></span> <span class='ocrx_word' id='word_1_713' title='bbox 2999 4643 3082 4698; x_wconf 86' lang='lat' dir='ltr'><strong>vel</strong></span> <span class='ocrx_word' id='word_1_714' title='bbox 3121 4643 3506 4713; x_wconf 77' lang='lat' dir='ltr'><strong>aspicientibus</strong></span> <span class='ocrx_word' id='word_1_715' title='bbox 3551 4647 3651 4700; x_wconf 86' lang='lat' dir='ltr'><strong>sub</strong></span> 
     </span>
    </p>
   </div>
   <div class='ocr_carea' id='block_1_110' title="bbox 2073 4733 3651 4793">
    <p class='ocr_par' dir='ltr' id='par_1_110' title="bbox 2073 4733 3651 4793">
     <span class='ocr_line' id='line_1_110' title="bbox 2073 4733 3651 4793; baseline -0.002 0"><span class='ocrx_word' id='word_1_716' title='bbox 2073 4747 2257 4793; x_wconf 88' lang='lat' dir='ltr'><strong>nostra</strong></span> <span class='ocrx_word' id='word_1_717' title='bbox 2291 4738 2514 4793; x_wconf 87' lang='lat' dir='ltr'><strong>tuitione</strong></span> <span class='ocrx_word' id='word_1_718' title='bbox 2535 4745 2589 4791; x_wconf 90' lang='lat' dir='ltr'><strong>et</strong></span> <span class='ocrx_word' id='word_1_719' title='bbox 2621 4735 2976 4790; x_wconf 79' lang='lat' dir='ltr'><strong>immanitatis</strong></span> <span class='ocrx_word' id='word_1_720' title='bbox 3003 4733 3314 4789; x_wconf 82' lang='lat' dir='ltr'><strong>defensione</strong></span> <span class='ocrx_word' id='word_1_721' title='bbox 3337 4749 3459 4789; x_wconf 89' lang='lat' dir='ltr'><strong>cum</strong></span> <span class='ocrx_word' id='word_1_722' title='bbox 3489 4736 3651 4790; x_wconf 82' lang='lat' dir='ltr'><strong>rebus</strong></span> 
     </span>
    </p>
   </div>
   <div class='ocr_carea' id='block_1_111' title="bbox 2071 4824 3650 4899">
    <p class='ocr_par' dir='ltr' id='par_1_111' title="bbox 2071 4824 3650 4899">
     <span class='ocr_line' id='line_1_111' title="bbox 2071 4824 3650 4899; baseline -0.003 -15"><span class='ocrx_word' id='word_1_723' title='bbox 2071 4839 2126 4884; x_wconf 88' lang='lat' dir='ltr'><strong>et</strong></span> <span class='ocrx_word' id='word_1_724' title='bbox 2153 4829 2435 4899; x_wconf 84' lang='lat' dir='ltr'><strong>mancipiis</strong></span> <span class='ocrx_word' id='word_1_725' title='bbox 2463 4829 2945 4888; x_wconf 86' lang='lat' dir='ltr'><strong>constitueremus;</strong></span> <span class='ocrx_word' id='word_1_726' title='bbox 2977 4826 3118 4894; x_wconf 91' lang='lat' dir='ltr'><strong>quod</strong></span> <span class='ocrx_word' id='word_1_727' title='bbox 3145 4825 3216 4879; x_wconf 88' lang='lat' dir='ltr'><strong>ita</strong></span> <span class='ocrx_word' id='word_1_728' title='bbox 3239 4835 3294 4880; x_wconf 87' lang='lat' dir='ltr'><strong>et</strong></span> <span class='ocrx_word' id='word_1_729' title='bbox 3323 4824 3515 4880; x_wconf 86' lang='lat' dir='ltr'><strong>fecisse</strong></span> <span class='ocrx_word' id='word_1_730' title='bbox 3533 4840 3650 4880; x_wconf 89' lang='lat' dir='ltr'><strong>om-</strong></span> 
     </span>
    </p>
   </div>
   <div class='ocr_carea' id='block_1_112' title="bbox 2071 4914 3649 4988">
    <p class='ocr_par' dir='ltr' id='par_1_112' title="bbox 2071 4914 3649 4988">
     <span class='ocr_line' id='line_1_112' title="bbox 2071 4914 3649 4988; baseline -0.003 -15"><span class='ocrx_word' id='word_1_731' title='bbox 2071 4920 2218 4973; x_wconf 89' lang='lat' dir='ltr'><strong>nium</strong></span> <span class='ocrx_word' id='word_1_732' title='bbox 2253 4927 2560 4973; x_wconf 77' lang='lat' dir='ltr'><strong>nostrorum</strong></span> <span class='ocrx_word' id='word_1_733' title='bbox 2600 4922 2891 4988; x_wconf 84' lang='lat' dir='ltr'><strong>cognoscat</strong></span> <span class='ocrx_word' id='word_1_734' title='bbox 2924 4914 3208 4970; x_wconf 83' lang='lat' dir='ltr'><strong>industria.</strong></span> <span class='ocrx_word' id='word_1_735' title='bbox 3266 4914 3649 4983; x_wconf 72' lang='lat' dir='ltr'><strong>Prrecipientes</strong></span> 
     </span>
    </p>
   </div>
   <div class='ocr_carea' id='block_1_113' title="bbox 2067 5005 3649 5080">
    <p class='ocr_par' dir='ltr' id='par_1_113' title="bbox 2067 5005 3649 5080">
     <span class='ocr_line' id='line_1_113' title="bbox 2067 5005 3649 5080; baseline -0.003 -15"><span class='ocrx_word' id='word_1_736' title='bbox 2067 5024 2197 5080; x_wconf 90' lang='lat' dir='ltr'><strong>ergo</strong></span> <span class='ocrx_word' id='word_1_737' title='bbox 2219 5009 2470 5080; x_wconf 73' lang='lat' dir='ltr'><strong>iubemus</strong></span> <span class='ocrx_word' id='word_1_738' title='bbox 2504 5016 2564 5063; x_wconf 92' lang='lat' dir='ltr'><strong>ut</strong></span> <span class='ocrx_word' id='word_1_739' title='bbox 2590 5007 2769 5063; x_wconf 89' lang='lat' dir='ltr'><strong>nullus</strong></span> <span class='ocrx_word' id='word_1_740' title='bbox 2789 5006 2952 5076; x_wconf 73' lang='lat' dir='ltr'><strong>iudex</strong></span> <span class='ocrx_word' id='word_1_741' title='bbox 2979 5006 3241 5076; x_wconf 90' lang='lat' dir='ltr'><strong>publicus,</strong></span> <span class='ocrx_word' id='word_1_742' title='bbox 3277 5006 3360 5059; x_wconf 90' lang='lat' dir='ltr'><strong>vel</strong></span> <span class='ocrx_word' id='word_1_743' title='bbox 3396 5005 3649 5075; x_wconf 84' lang='lat' dir='ltr'><strong>quislibet</strong></span> 
     </span>
    </p>
   </div>
   <div class='ocr_carea' id='block_1_114' title="bbox 2066 5097 3647 5174">
    <p class='ocr_par' dir='ltr' id='par_1_114' title="bbox 2066 5097 3647 5174">
     <span class='ocr_line' id='line_1_114' title="bbox 2066 5097 3647 5174; baseline -0.004 -17"><span class='ocrx_word' id='word_1_744' title='bbox 2066 5119 2133 5157; x_wconf 82' lang='lat' dir='ltr'><strong>ex</strong></span> <span class='ocrx_word' id='word_1_745' title='bbox 2167 5101 2452 5174; x_wconf 87' lang='lat' dir='ltr'><strong>judiciaria</strong></span> <span class='ocrx_word' id='word_1_746' title='bbox 2497 5106 2762 5172; x_wconf 88' lang='lat' dir='ltr'><strong>potestate</strong></span> <span class='ocrx_word' id='word_1_747' title='bbox 2796 5099 2848 5153; x_wconf 92' lang='lat' dir='ltr'><strong>in</strong></span> <span class='ocrx_word' id='word_1_748' title='bbox 2891 5098 3150 5154; x_wconf 88' lang='lat' dir='ltr'><strong>ecclesias</strong></span> <span class='ocrx_word' id='word_1_749' title='bbox 3174 5138 3188 5160; x_wconf 85' lang='lat'><strong>,</strong></span> <span class='ocrx_word' id='word_1_750' title='bbox 3234 5106 3329 5151; x_wconf 90' lang='lat' dir='ltr'><strong>aut</strong></span> <span class='ocrx_word' id='word_1_751' title='bbox 3367 5097 3519 5163; x_wconf 84' lang='lat' dir='ltr'><strong>loca,</strong></span> <span class='ocrx_word' id='word_1_752' title='bbox 3563 5099 3647 5151; x_wconf 91' lang='lat' dir='ltr'><strong>vel</strong></span> 
     </span>
    </p>
   </div>
   <div class='ocr_carea' id='block_1_115' title="bbox 2068 5186 3642 5264">
    <p class='ocr_par' dir='ltr' id='par_1_115' title="bbox 2068 5186 3642 5264">
     <span class='ocr_line' id='line_1_115' title="bbox 2068 5186 3642 5264; baseline -0.003 -17"><span class='ocrx_word' id='word_1_753' title='bbox 2068 5209 2229 5264; x_wconf 87' lang='lat' dir='ltr'><strong>agros</strong></span> <span class='ocrx_word' id='word_1_754' title='bbox 2247 5235 2261 5258; x_wconf 94' lang='lat'><strong>,</strong></span> <span class='ocrx_word' id='word_1_755' title='bbox 2285 5208 2379 5247; x_wconf 89' lang='lat' dir='ltr'><strong>seu</strong></span> <span class='ocrx_word' id='word_1_756' title='bbox 2404 5191 2638 5260; x_wconf 89' lang='lat' dir='ltr'><strong>reliquas</strong></span> <span class='ocrx_word' id='word_1_757' title='bbox 2660 5189 3027 5260; x_wconf 87' lang='lat' dir='ltr'><strong>possessiones</strong></span> <span class='ocrx_word' id='word_1_758' title='bbox 3053 5195 3361 5241; x_wconf 80' lang='lat' dir='ltr'><strong>memoratae</strong></span> <span class='ocrx_word' id='word_1_759' title='bbox 3380 5186 3642 5252; x_wconf 61' lang='lat' dir='ltr'><strong>ecclesia,</strong></span> 
     </span>
    </p>
   </div>
   <div class='ocr_carea' id='block_1_116' title="bbox 2069 5279 3642 5356">
    <p class='ocr_par' dir='ltr' id='par_1_116' title="bbox 2069 5279 3642 5356">
     <span class='ocr_line' id='line_1_116' title="bbox 2069 5279 3642 5356; baseline -0.003 -17"><span class='ocrx_word' id='word_1_760' title='bbox 2069 5302 2202 5356; x_wconf 89' lang='lat' dir='ltr'><strong>quas</strong></span> <span class='ocrx_word' id='word_1_761' title='bbox 2237 5286 2498 5340; x_wconf 87' lang='lat' dir='ltr'><strong>moderno</strong></span> <span class='ocrx_word' id='word_1_762' title='bbox 2539 5293 2778 5352; x_wconf 88' lang='lat' dir='ltr'><strong>tempore</strong></span> <span class='ocrx_word' id='word_1_763' title='bbox 2819 5282 2872 5334; x_wconf 90' lang='lat' dir='ltr'><strong>in</strong></span> <span class='ocrx_word' id='word_1_764' title='bbox 2909 5295 3048 5350; x_wconf 82' lang='lat' dir='ltr'><strong>pago</strong></span> <span class='ocrx_word' id='word_1_765' title='bbox 3085 5279 3333 5334; x_wconf 81' lang='lat' dir='ltr'><strong>Curiensi</strong></span> <span class='ocrx_word' id='word_1_766' title='bbox 3374 5279 3642 5346; x_wconf 86' lang='lat' dir='ltr'><strong>videlicet,</strong></span> 
     </span>
    </p>
   </div>
   <div class='ocr_carea' id='block_1_117' title="bbox 2069 5413 3639 5514">
    <p class='ocr_par' dir='ltr' id='par_1_117' title="bbox 2069 5413 3639 5514">
     <span class='ocr_line' id='line_1_117' title="bbox 2069 5413 3639 5514; baseline 0 -41"><span class='ocrx_word' id='word_1_767' title='bbox 2069 5418 2189 5473; x_wconf 91' lang='lat' dir='ltr'><strong>cohi</strong></span> <span class='ocrx_word' id='word_1_768' title='bbox 2224 5416 2356 5479; x_wconf 89' lang='lat' dir='ltr'><strong>Leu,</strong></span> <span class='ocrx_word' id='word_1_769' title='bbox 2399 5413 3074 5514; x_wconf 37' lang='lat' dir='ltr'><strong>llclvetjschcsrljexiconh</strong></span> <span class='ocrx_word' id='word_1_770' title='bbox 3099 5423 3226 5469; x_wconf 90' lang='lat' dir='ltr'><strong>tom.</strong></span> <span class='ocrx_word' id='word_1_771' title='bbox 3259 5415 3325 5479; x_wconf 68' lang='grc' dir='ltr'><strong>ν,</strong></span> <span class='ocrx_word' id='word_1_772' title='bbox 3515 5416 3639 5483; x_wconf 69' lang='grc' dir='ltr'><strong>ἓϋὸ,</strong></span> 
     </span>
     <span class='ocr_line' id='line_1_118' title="bbox 2072 5487 3614 5514; baseline 0 0"><span class='ocrx_word' id='word_1_773' title='bbox 2072 5487 2157 5514; x_wconf 69' lang='grc' dir='ltr'><strong>,ηιξ</strong></span> <span class='ocrx_word' id='word_1_774' title='bbox 2191 5495 2417 5514; x_wconf 58' lang='grc' dir='ltr'><strong>..ΑΛ-..ιιηὶ</strong></span> <span class='ocrx_word' id='word_1_775' title='bbox 2461 5499 2570 5514; x_wconf 67' lang='grc' dir='ltr'><strong>ειη-1ο</strong></span> <span class='ocrx_word' id='word_1_776' title='bbox 2613 5499 2697 5514; x_wconf 73' lang='lat' dir='ltr'><strong>nm</strong></span> <span class='ocrx_word' id='word_1_777' title='bbox 2785 5499 2830 5514; x_wconf 69' lang='grc' dir='ltr'><strong>ιη</strong></span> <span class='ocrx_word' id='word_1_778' title='bbox 2857 5499 2964 5514; x_wconf 65' lang='grc' dir='ltr'><strong>ηοω</strong></span> <span class='ocrx_word' id='word_1_779' title='bbox 3010 5499 3035 5514; x_wconf 74' lang='grc' dir='ltr'>η</span> <span class='ocrx_word' id='word_1_780' title='bbox 3118 5499 3315 5514; x_wconf 61' lang='lat' dir='ltr'><strong>nun-nm</strong></span> <span class='ocrx_word' id='word_1_781' title='bbox 3449 5488 3462 5514; x_wconf 71' lang='grc' dir='ltr'>ζ</span> <span class='ocrx_word' id='word_1_782' title='bbox 3508 5489 3614 5514; x_wconf 54' lang='grc' dir='ltr'><strong>...ωε</strong></span> 
     </span>
    </p>
   </div>
   <div class='ocr_carea' id='block_1_118' title="bbox 2069 5483 3646 5557">
    <p class='ocr_par' dir='ltr' id='par_1_118' title="bbox 2069 5483 3646 5557">
     <span class='ocr_line' id='line_1_119' title="bbox 2069 5483 3646 5557; baseline 0.001 -16"><span class='ocrx_word' id='word_1_783' title='bbox 2069 5487 2159 5557; x_wconf 86' lang='lat' dir='ltr'><strong>qui</strong></span> <span class='ocrx_word' id='word_1_784' title='bbox 2191 5495 2418 5540; x_wconf 84' lang='lat' dir='ltr'><strong>mortem</strong></span> <span class='ocrx_word' id='word_1_785' title='bbox 2460 5483 2699 5553; x_wconf 81' lang='lat' dir='ltr'><strong>ejusdem</strong></span> <span class='ocrx_word' id='word_1_786' title='bbox 2737 5483 2968 5541; x_wconf 82' lang='lat' dir='ltr'><strong>Victoris</strong></span> <span class='ocrx_word' id='word_1_787' title='bbox 3010 5485 3076 5540; x_wconf 88' lang='lat' dir='ltr'><strong>ad</strong></span> <span class='ocrx_word' id='word_1_788' title='bbox 3118 5499 3316 5542; x_wconf 88' lang='lat' dir='ltr'><strong>annum</strong></span> <span class='ocrx_word' id='word_1_789' title='bbox 3362 5483 3466 5541; x_wconf 72' lang='lat'><strong>825</strong></span> <span class='ocrx_word' id='word_1_790' title='bbox 3508 5489 3646 5545; x_wconf 82' lang='lat' dir='ltr'><strong>assi-</strong></span> 
     </span>
    </p>
   </div>
   <div class='ocr_carea' id='block_1_119' title="bbox 2070 5567 2254 5627">
    <p class='ocr_par' dir='ltr' id='par_1_119' title="bbox 2070 5567 2254 5627">
     <span class='ocr_line' id='line_1_120' title="bbox 2070 5567 2254 5627; baseline -0.005 -16"><span class='ocrx_word' id='word_1_791' title='bbox 2070 5567 2254 5627; x_wconf 85' lang='lat' dir='ltr'><strong>gnant.</strong></span> 
     </span>
    </p>
   </div>
  </div>
