4006 6178
479 294 618 350 12ῢὸ

1608 284 1930 360 Lenovrcr
1967 282 1988 336 ι
2026 271 2497 335 consensum
2532 271 2618 328 ru

3526 273 3631 326 fit”

470 420 527 466 et
563 401 861 468 Alsaccnsi,
900 410 955 458 et
991 403 1046 456 in
1083 400 1279 456 ducatu
1312 396 1678 460 Alamannica,
1713 411 1814 448 nec
1855 395 1907 447 in
1943 393 2045 445 hoc
2072 392 2120 451 Α
2149 389 2285 444 stico
2313 395 2557 442 tenerent
2580 394 2742 455 atque
2765 381 3116 454 possiderent,
3142 381 3236 436 bos
3261 381 3523 449 imperiales
3545 386 3629 454 api-

469 499 614 571 qnod
651 512 748 568 per
784 503 984 549 nostra:
1012 491 1424 562 conscriptionis
1461 488 1835 546 auctoritatem
1873 484 2048 538 eidem

469 589 714 645 ecclesia:
748 583 1080 640 reddidimus
1113 595 1161 649 ε,
1194 581 1262 636 ad
1302 581 1432 636 illud
1468 581 1611 650 quod
1647 592 1788 631 nunc
1819 573 1965 643 juste
1997 580 2052 627 et

470 679 714 749 legaliter
742 681 1037 730 memorata
1063 672 1295 728 ecclesia
1321 680 1469 726 tenet
1495 679 1548 724 et
1573 668 1827 738 possidet,
1864 665 1948 719 vel
1987 678 2050 717 ea

471 784 592 839 qua:
616 767 868 836 deinceps
888 765 1011 835 jure
1040 763 1209 833 ipsius
1247 762 1425 817 divina
1461 760 1639 829 pietas
1669 756 1849 826 augeri
1872 755 2054 808 volne—

468 859 562 923 rit,
591 858 658 912 ad
689 871 881 912 causas
909 855 1197 926 judiciario
1225 852 1385 907 modo
1411 849 1726 913 audiendas,
1759 847 1843 901 vel
1878 845 2049 909 frerla,

361 983 395 993 -ς
468 958 562 1004 aut
592 949 790 1003 tributa
817 948 1100 1018 exigenda,
1133 945 1214 1000 vel
1246 952 1464 1016 paratas
1488 942 1783 1004 faciendas,
1810 947 1907 994 aut
1929 939 2055 993 (ide-

468 1041 708 1111 jussores
759 1038 1040 1100 tollendos,
1079 1044 1172 1090 aut
1202 1036 1450 1090 homines
1478 1033 1648 1103 ipsius
1684 1030 1924 1086 ecclesitr.
1961 1043 2054 1082 su-

473 1149 570 1204 per
590 1139 788 1186 terram
813 1128 980 1198 ipsius
999 1133 1401 1181 commanentes
1424 1122 1618 1190 injuste
1633 1119 2050 1189 distringendos,

471 1230 568 1276 aut
601 1221 737 1275 ullas
772 1218 1177 1280 redhibitiones,
1219 1223 1314 1269 aut
1348 1214 1562 1268 illicitas
1591 1211 1898 1266 occasiones
1933 1209 2056 1263 ullis

474 1311 807 1382 temporibus
850 1309 1058 1381 ingredi
1107 1308 1321 1369 audeat,
1374 1320 1508 1359 neve
1550 1303 1689 1358 bona
1736 1318 1856 1371 qua:
1892 1315 2054 1370 supra

472 1409 770 1456 memorata
801 1407 945 1463 sunt,
986 1397 1200 1467 penitus
1236 1395 1454 1465 exigere
1493 1401 1812 1464 prmsumat;
1849 1392 1942 1446 sed
1987 1391 2054 1444 li-

471 1500 609 1548 ceat.
639 1497 938 1546 memorato
983 1488 1199 1559 praesuli
1249 1487 1468 1556 suisque
1519 1485 1925 1540 successoribus
1969 1498 2057 1538 res

469 1582 741 1654 prtedicta:
767 1580 1031 1645 ecclesiar,
1065 1593 1187 1634 cum
1221 1577 1478 1633 omnibus
1505 1576 1573 1630 ad
1609 1591 1730 1630 eam
1763 1575 1908 1645 juste
1931 1588 2055 1644 per-

473 1674 772 1730 tinentibus
797 1673 879 1727 vel
906 1670 1322 1741 aspicientibus,
1350 1676 1555 1724 remota
1579 1669 1744 1722 totius
1758 1666 2057 1737 judiciariae

2151 492 2240 531 ces
2268 476 2382 530 ﬁeri
2405 475 2691 544 jussimus,
2715 487 2813 543 per
2839 486 2973 540 quos
2997 469 3316 525 decernimus
3339 479 3479 540 atque
3501 477 3630 528 sanci-

2150 582 2270 621 mus
2302 575 2359 620 ut
2400 566 2574 635 ipsum
2614 563 2792 616 vicum
2835 568 2892 615 et
2928 574 3016 614 res
3057 574 3185 628 quas
3215 559 3389 613 ibidem
3432 560 3634 619 hactenus
3676 577 3679 579 '

2150 658 2498 729 pmscriptus
2522 654 2677 709 Abbo
2697 654 2888 708 habuit
2906 659 2960 704 et
2989 651 3055 704 ad
3079 649 3310 703 eumdem
3335 650 3485 704 vicum
3512 657 3640 722 atque

2153 748 2217 803 ad
2244 748 2458 802 easdem
2484 743 2761 806 ecclesias,
2793 757 2914 811 qua:
2939 739 3010 794 ibi
3037 738 3244 792 fuerunt
3261 738 3426 792 dicatae
3447 739 3490 792 in
3508 739 3633 796 bono—

2155 855 2265 894 rem
2294 847 2348 892 et
2377 836 2780 892 venerationem
2813 832 2985 887 sancti
3019 830 3244 885 Andreae
3262 830 3459 898 apostoli
3479 841 3525 886 et
3546 847 3636 886 san-

2151 931 2224 986 cti
2249 929 2473 982 [tornani
2501 926 2774 996 Martyris,
2797 923 3090 994 pertinent,
3111 922 3186 976 ita
3206 929 3421 975 rectores
3439 936 3632 990 suprano-

2155 1019 2369 1073 minata:
2395 1017 2538 1072 sedis
2571 1023 2788 1070 teneant
2813 1022 2978 1084 atque
2997 1011 3298 1082 possideant
3320 1011 3444 1065 sicut
3471 1020 3635 1068 ceteras

2156 1127 2243 1165 res
2287 1126 2406 1180 qua:
2440 1110 2506 1164 ad
2549 1107 2917 1178 supradictum
2966 1105 3286 1176 cpiscOpium
3326 1105 3568 1174 pertinent,
3601 1116 3640 1160 et

2155 1199 2355 1254 faciant
2389 1197 2584 1253 exinde
2613 1195 2870 1265 quidquid
2896 1193 3154 1264 elegerint
3184 1191 3300 1261 jure
3329 1191 3637 1248 ecclesiastico.

2156 1291 2223 1344 Et
2252 1300 2311 1343 ut
2349 1289 2462 1342 hanc
2499 1285 2793 1340 auctoritas
2820 1282 3240 1339 confirmationis
3273 1289 3449 1335 nostra:
3480 1295 3556 1351 per
3584 1281 3640 1335 fu-

2159 1390 2276 1436 tura
2310 1388 2547 1448 tempora
2589 1374 2952 1430 inviolabilem
2993 1381 3152 1442 atque
3188 1371 3513 1427 ineonvulsam
3539 1372 3642 1426 obti-

2158 1483 2284 1531 neat
2333 1473 2666 1537 tirmitatem,
2710 1469 2894 1524 annuli
2940 1467 3112 1523 nostri
3156 1463 3472 1534 impressione
3493 1465 3642 1535 signari

2156 1566 2434 1620 iussimus.

2231 1656 2517 1710 Durandus
2552 1654 2813 1708 diaconus
2851 1649 2918 1705 ad
2954 1649 3126 1705 vicem
3154 1647 3369 1703 Fridarii
3403 1645 3646 1718 [Fridugisi]

470 1765 754 1836 potestatis
775 1763 1164 1833 inquietudine,
1188 1771 1373 1817 tenere
1393 1770 1446 1816 et
1467 1759 1763 1830 possidere,
1789 1765 2055 1828 quatenus
2083 1745 2130 1804 Β
2160 1748 2491 1818 recognovit.

473 1873 598 1914 cum
619 1857 1033 1931 congregatione
1057 1856 1158 1911 sibi
1185 1855 1473 1910 commissa
1493 1867 1592 1922 pro
1625 1851 1800 1914 nobis,
1830 1849 2056 1920 conjuge

472 1929 946 2019 prolequenostra
975 1954 1134 2016 atque
1161 1946 1326 2000 totius
1349 1944 1557 2014 imperii
1584 1942 1755 1997 nostri
1777 1956 1806 1995 a
1828 1929 2056 1994 Deond-

473 2042 559 2095 bis
599 2040 779 2094 collati
818 2037 1034 2094 Domini.
1066 2035 1496 2091 misericordiam
1536 2032 1796 2089 attentius
1829 2043 2057 2085 exorare

474 2130 725 2184 delectet.
769 2128 838 2182 Et
863 2136 924 2182 ut
947 2128 1062 2181 haec
1085 2126 1382 2180 auctoritas
1413 2123 1770 2179 inviolabilem
1795 2129 1852 2175 et
1873 2121 2058 2175 incon-

473 2219 691 2276 vulsam
723 2219 924 2272 nostris
950 2225 1006 2271 et
1031 2215 1225 2270 futuris
1249 2214 1583 2284 temporibus
1611 2213 1854 2267 obtineat
1888 2209 2058 2264 ﬁrmi-

475 2319 670 2377 tatem,
696 2325 858 2364 manu
886 2309 1107 2380 propria
1133 2306 1320 2362 subter
1347 2321 1466 2362 eam
1491 2304 1850 2370 ﬁrmavimus,
1878 2310 1935 2358 et
1963 2317 2058 2373 an-

475 2403 588 2459 nuli
617 2402 786 2458 nostri
819 2400 1171 2471 impressione
1200 2397 1402 2468 signari
1421 2395 1703 2465 jussimus.

552 2496 775 2568 Signum
808 2493 1069 2547 Ludovici
1098 2491 1428 2547 serenissimi
1459 2488 1706 2559 Augusti.

509 2639 529 2657 ,
550 2585 684 2640 Data
721 2599 754 2639 v
791 2583 913 2637 ldus
944 2581 1112 2648 Junii,
1147 2595 1308 2646 anno,
1341 2579 1557 2635 Christo
1588 2578 1842 2650 propitio,
1870 2577 1937 2632 18
1960 2577 2060 2630 im-

476 2676 615 2746 peril
661 2673 842 2730 domui
889 2672 1143 2728 Ludovici
1187 2671 1416 2742 piissimi
1465 2669 1724 2740 Augusti,
1770 2667 2062 2723 indictione

480 2780 643 2820 nona.
697 2764 894 2821 Actum
921 2762 1292 2834 ingelinbeim,
1329 2761 1388 2814 in
1429 2760 1523 2814 Dei
1559 2758 1776 2814 nomine
1808 2756 2054 2814 feliciter.

480 2857 680 2913 Amen.

1161 2920 1386 2980 CLXVI.

481 3032 547 3071 BI
586 3030 710 3074 nco
743 3031 837 3081 QUI
874 3029 1094 3072 νιοιτυιι
1135 3030 1357 3070 ΕΡΔΟΝΙΒ
1395 3029 1450 3069 IN
1488 3026 1715 3068 DKECESI
1757 3025 2060 3066 VIENNENSI.

1092 3104 1264 3179 (Anno
1311 3104 1463 3178 est.)

623 3197 800 3271 [Apud
827 3197 1040 3264 Baluz.,
1063 3196 1319 3268 Capitul..,
1341 3205 1472 3251 tom.
1501 3196 1563 3262 II,
1585 3211 1710 3267 pag.
1735 3192 1920 3266 1453.]

554 3290 614 3344 in
652 3289 870 3344 nomine
898 3288 1114 3345 Domini
1144 3288 1241 3343 Dei
1275 3295 1332 3342 et
1368 3287 1668 3342 Salvatoris
1715 3286 1885 3342 nostri
1935 3284 2062 3346 Jesu

488 3378 712 3443 Christi,
732 3376 1054 3444 Ludovicus,
1077 3378 1258 3433 diuina
1284 3377 1589 3444 ordinante,
1612 3377 1948 3446 providentia
1966 3377 2066 3430 im-

488 3476 711 3539 perator
745 3467 1040 3537 Augustus.

562 3557 620 3614 Si
646 3573 772 3630 erga
799 3557 915 3614 ioca
937 3556 1136 3614 divinis
1152 3555 1386 3613 cultibus
1409 3556 1714 3626 mancipata
1737 3557 1804 3612 ob
1826 3571 2064 3610 amorem

487 3649 583 3706 Dei
623 3649 981 3724 [sanctorum]
1026 3665 1322 3720 eorumque
1379 3647 1738 3703 reverentiam
1801 3646 2064 3702 beneficia

485 3747 792 3812 opportuna
815 3739 1098 3809 largimur,
1116 3737 1171 3794 id
1195 3737 1352 3793 nobis
1369 3735 1554 3807 procul
1574 3736 1737 3791 dubio
1760 3736 1828 3792 ad
1848 3744 2066 3792 πίει-πω

488 3832 862 3888 retributionis
891 3831 1112 3902 praemia
1143 3828 1469 3900 capessenda
1489 3826 1828 3897 profuturum
1862 3827 2065 3898 liquido

485 3925 777 3980 malimus.
818 3923 1023 3978 Idcirco
1050 3930 1235 3976 notum
1264 3934 1383 3975 esse
1411 3919 1659 3974 volumus
1691 3919 1904 3974 cunctis
1936 3918 2067 3973 fide-

483 4015 627 4071 libus
651 4021 852 4070 sanctae
868 4013 963 4068 Dei
985 4013 1240 4068 Ecclesia:
1261 4021 1315 4065 et
1334 4011 1553 4076 nostris,
1580 4011 1936 4082 praesentibus
1963 4010 2067 4065 sci-

485 4107 614 4162 licet
638 4115 696 4162 et
724 4106 936 4169 futuris,
966 4106 1092 4175 quia
1117 4113 1410 4174 spontanea
1441 4103 1718 4158 voluntate
1760 4103 1948 4159 adiens
1981 4119 2068 4159 sc-

485 4198 774 4254 renitatcm
807 4197 1055 4253 culminis
1088 4195 1264 4251 nostri
1300 4196 1385 4250 vir
1417 4193 1642 4250 illustris
1673 4194 1827 4250 Abbo
1859 4210 2063 4259 comes,

483 4289 580 4359 qui
607 4297 666 4343 et
690 4288 869 4342 vicum
897 4287 987 4356 qui
1011 4287 1208 4341 dicitur
1230 4284 1482 4354 Epaonis,
1514 4287 1605 4353 qui
1630 4293 1748 4340 erat
1767 4301 1834 4340 ex
1855 4285 2066 4340 ratione

485 4381 671 4437 Sancti
714 4379 957 4435 Mauricii
987 4394 1053 4435 ex
1085 4379 1396 4449 episcopatu
1433 4381 1748 4447 Viennensi,
1793 4380 1884 4436 ubi
1922 4395 2064 4436 nunc

2230 1839 2365 1893 Data
2393 1855 2423 1893 v
2453 1836 2635 1891 Nonas
2659 1833 2900 1898 Martias,
2931 1847 3095 1897 anno,
3133 1830 3336 1887 Christo
3363 1829 3569 1900 propitio,
3600 1827 3648 1882 18

2159 1928 2370 1998 imperii
2413 1927 2596 1982 domui
2637 1924 2894 1980 Ludovici
2945 1921 3271 1978 serenissimi
3307 1918 3518 1990 Augusti,
3549 1917 3648 1971 indi-

2159 2020 2337 2074 ctione
2364 2018 2416 2072 8.
2464 2019 2658 2071 Actum
2687 2014 3013 2086 Aquisgrani
3039 2012 3234 2085 palatio
3263 2012 3398 2083 regio
3430 2010 3473 2065 in
3500 2008 3648 2064 Christi

2159 2111 2377 2167 nomine
2399 2109 2648 2166 feliciter.
2698 2107 2893 2162 Amen.

2817 2195 3069 2253 CLXVII.

2561 2307 2664 2348 PRO
2701 2307 2960 2346 DEBVENSI
3000 2304 3346 2345 IONAS'I’EIIO.

2777 2381 2951 2454 (Anno
2983 2378 3136 2451 8'52.)

2163 2477 2343 2550 [Apud
2385 2475 2619 2550 Μειὶιίμτζ
2642 2473 2836 2550 Annal.
2863 2472 2980 2526 ard.
2997 2470 3320 2550 _S.nBened...
3340 2477 3453 2550 teut.
3484 2465 3534 2529 ll,
3561 2477 3648 2534 pag.

2517 2537 2642 2611 757,
2679 2560 2746 2599 ex
2770 2543 3049 2598 chartario
3077 2537 3378 2610 Dervensi.]

2233 2639 2291 2694 In
2326 2638 2542 2693 nomine
2585 2635 2799 2691 Domini
2832 2634 2926 2688 Dei
2956 2643 3016 2690 et
3065 2632 3348 2689 Salvatoris
3389 2629 3532 2684 nostri
3559 2625 3653 2680 Jesu

2164 2732 2391 2796 Christi,
2408 2730 2732 2791 Ludovicus,
2757 2726 2938 2782 divina
2959 2719 3564 2795 ordinante.providentia
3581 2718 3652 2772 im-

2163 2830 2382 2896 perator
2405 2821 2696 2892 Angustus.

2239 2913 2296 2978 Si
2326 2913 2504 2968 locum
2531 2925 2638 2982 quo
2667 2907 2796 2964 olim
2843 2907 3180 2963 monasticus
3207 2904 3332 2960 ordo
3353 2903 3588 2975 viguerat,
3615 2899 3653 2952 in

2165 3007 2410 3064 :edificiis
2465 3005 2733 3072 relevari,
2779 3011 2834 3060 et
2873 3004 3123 3059 eamdem
3173 3002 3329 3056 vitam
3379 2995 3654 3053 monasticam

2087 3114 2132 3176 ο
2168 3096 2453 3152 reformari
2499 3095 2762 3160 facimus,
2821 3102 2876 3151 et
2905 3092 3247 3148 liberalitatis
3278 3098 3453 3145 nostra:
3490 3098 3654 3141 munere

2169 3189 2235 3244 de
2265 3187 2548 3243 beneﬁciis
2571 3202 2601 3241 a
2630 3187 2741 3242 Deo
2787 3185 2943 3240 nobis
2989 3185 3201 3240 collatis
3224 3183 3384 3238 eidem
3408 3181 3516 3240 loco.
3553 3174 3651 3229 unde

2167 3282 2310 3338 servi
2338 3281 2434 3337 Dei
2475 3281 2609 3335 inibi
2635 3279 2995 3335 consistentes
3023 3279 3078 3333 in
3102 3279 3240 3333 hanc
3268 3273 3511 3330 mortalem
3533 3268 3653 3322 vitam

2167 3373 2383 3444 aliquod
2414 3372 2712 3428 subsidium
2755 3371 2953 3426 habere
2991 3371 3239 3434 valeant,
3281 3365 3457 3436 aliquid
3479 3357 3655 3417 conferi-

2167 3483 2290 3522 mus
2305 3505 2321 3531 ,
2347 3467 2399 3519 id
2421 3464 2576 3519 nobis
2595 3471 2648 3518 et
2666 3462 2733 3516 ad
2760 3463 2899 3518 hanc
2924 3461 3295 3517 transitoriam
3315 3459 3460 3513 vitam
3487 3450 3658 3507 feliciter

2167 3554 2562 3628 peragendam,
2593 3561 2648 3608 et
2682 3552 2749 3608 ad
2800 3561 3062 3606 aeternam
3092 3548 3453 3622 perpetualiter
3473 3540 3656 3595 obtinen-

2168 3650 2289 3703 dam
2317 3645 2655 3718 profuturum
2679 3643 2881 3714 liquido
2907 3643 3204 3698 credimus.
3246 3638 3430 3695 Idcirco
3450 3645 3571 3689 nosse
3591 3641 3656 3680 νο·

2167 3742 2346 3794 bimus
2369 3739 2611 3794 omnium
2634 3733 2872 3790 fidelium
2901 3742 3235 3798 nostrorum,
3266 3739 3368 3784 tam
3389 3719 3660 3798 praesentium

2168 3845 2328 3902 quam
2355 3837 2411 3883 et
2432 3827 2758 3890 futurorum,
2788 3823 3102 3890 industriae,
3128 3821 3350 3893 qualiter
3370 3814 3525 3871 Haudo
3545 3822 3658 3902 rene-

2170 3920 2354 3974 rabilis
2380 3921 2547 3974 abbas
2585 3916 2900 3972 monasterii
2933 3914 3090 3985 cujus
3116 3910 3420 3968 vocabulum
3456 3911 3523 3958 est
3544 3900 3659 3957 Dcrs,

2167 4012 2310 4082 quod
2339 4018 2556 4066 constat
2580 4023 2701 4064 esse
2727 4016 3100 4064 constructum
3130 4007 3184 4061 in
3209 4017 3339 4075 pago
3370 3999 3658 4082 Pertensesu-

2167 4119 2266 4173 per
2307 4101 2528 4156 ﬂuvium
2566 4100 2719 4155 Viera
2745 4139 2762 4164 ,
2791 4098 2933 4169 quod
2969 4097 3101 4152 olim
3143 4095 3421 4150 vocabatur
3451 4081 3660 4142 Puteolos.

2167 4169 2222 4248 et
2243 4193 2481 4248 dicatum
2508 4193 2562 4246 in
2591 4191 2798 4246 honore
2819 4188 2990 4245 sancti
3020 4187 3168 4242 Petri
3195 4181 3437 4256 principis
3460 4169 3658 4246 apostolo-

2169 4300 2288 4339 rum
2318 4323 2332 4348 ,
2375 4299 2440 4338 ac
2469 4282 2644 4338 sancti
2692 4280 2991 4344 Bercharii,
3024 4279 3180 4348 cujus
3207 4290 3395 4346 corpus
3421 4270 3579 4325 ibidem
3601 4273 3660 4313 re-

2169 4375 2431 4445 quiescit;
2484 4375 2686 4444 quique
2732 4372 2874 4426 idcm
2913 4372 3089 4440 ipsum
3129 4364 3488 4423 monasterium
3515 4362 3660 4445 auom

485 4483 708 4531 auctore
750 4474 860 4530 Deo
892 4473 1200 4530 Bernardus
1241 4476 1674 4547 archiepiscopus
1712 4474 1908 4545 prmsul
1945 4489 2062 4529 esse
2089 4483 2141 4542 Ι)
2168 4483 2331 4538 opere
2370 4472 2778 4529 construxerat,
2811 4470 2866 4518 et
2900 4462 3196 4516 monachos
3227 4459 3322 4514 sub
3351 4450 3508 4523 regula
3536 4438 3658 4500 sancti

483 4567 835 4636 dignoscitur,
865 4566 1208 4622 beneficiario
1237 4583 1458 4624 munere
1479 4583 1546 4622 ex
1571 4577 1756 4624 nostra
1780 4567 2064 4638 largitione

482 4657 737 4722 habebat,
759 4657 850 4732 ubi
876 4665 1033 4713 erant
1051 4658 1294 4714 ecclesia:
1316 4660 1600 4715 destructa)
1617 4667 1671 4713 et
1690 4659 2063 4728 discooperto,

483 4763 711 4816 quarum
765 4741 892 4801 su'nt
933 4747 1190 4802 vocabula
1243 4750 1414 4818 sancti
1459 4749 1690 4804 Andreae
1737 4749 1964 4817 apostoli
2011 4755 2066 4803 et

481 4837 658 4892 sancti
687 4836 917 4891 Romani
949 4837 1223 4908 martyris,
1247 4837 1501 4906 precibus
1541 4840 1736 4908 quibus
1765 4839 1934 4895 valuit
1970 4853 2067 4892 no-

481 4935 652 4982 stram
667 4925 973 4982 obsecravit
991 4927 1333 4983 clementiam
1441 4936 1933 4998 quantumcumque
1952 4930 2068 4998 ipse

406 5101 412 5107 _
483 5017 556 5072 ibi
579 5032 646 5072 ex
665 5017 929 5073 beneficio
1170 5018 1412 5074 ecclesiae
1441 5021 1612 5076 sancti
1633 5020 1876 5076 Mauricii
1906 5021 2070 5076 Vien-

482 5109 670 5164 nensis
715 5108 1082 5164 redderemus.
1145 5108 1298 5176 Quod
1343 5111 1414 5164 ita
1695 5111 1928 5166 ﬁdelium
1964 5127 2065 5166 no-

483 5208 722 5256 strorum
770 5207 1063 5273 cognoscat
1111 5201 1401 5257 industria.
1469 5203 1576 5257 Pro
1623 5203 1896 5259 firmitatis
1937 5219 2066 5261 vero

483 5292 686 5357 studio,
712 5300 775 5348 ut
801 5293 908 5348 hoc
937 5292 1079 5363 quod
1118 5293 1461 5364 supradictus
1487 5294 1642 5349 Abbo
1671 5294 1724 5348 in
1754 5296 2066 5364 supradicto

484 5381 608 5437 vico
647 5382 902 5448 habebat,
941 5393 995 5439 et
1036 5399 1137 5440 nos
1180 5385 1248 5440 ad
1286 5385 1405 5456 ejus
1453 5385 1882 5456 deprecationem
1928 5402 2067 5458 smpe

486 5475 634 5530 dicto
668 5473 942 5532 Bernardo
980 5477 1384 5548 archiepiscopo
1418 5477 1527 5532 imo
1564 5476 1682 5546 ejus
1717 5485 1918 5534 sanctae
1955 5481 2066 5534 sedi

489 5568 850 5633 reddidimus,
884 5576 1124 5624 rectores
1153 5583 1338 5623 eorum
1373 5576 1633 5638 perpetuo
1660 5566 1782 5637 jure
1813 5569 2068 5626 ecclesia-

2166 4559 2442 4616 Benedicti
2499 4558 2666 4612 vitam
2728 4555 2984 4625 degentes
3011 4552 3429 4625 _eollocavcrat;
3479 4543 3656 4594 nostram

2167 4652 2356 4707 adiens
2389 4650 2768 4708 serenitatem,
2813 4614 3048 4698 innotuit
3097 4633 3474 4696 mansuetudini
3515 4632 3660 4684 nostra:

2167 4743 2310 4814 quod
2338 4741 2529 4796 eadem
2567 4736 2868 4792 monastica
2899 4735 3009 4788 vita
3039 4733 3257 4804 penitus
3284 4730 3333 4784 in
3375 4722 3536 4781 eodem
3576 4714 3658 4766 loco

2168 4832 2369 4888 abolita
2409 4837 2576 4893 esset,
2605 4837 2661 4884 et
2686 4827 2739 4882 in
2773 4825 3092 4881 canonicum
3120 4821 3357 4877 ordinem
3388 4808 3656 4868 transierat:

2168 4924 2431 4995 petiitque
2459 4936 2524 4975 ac
2569 4917 2794 4989 supplici
2825 4915 3188 4987 postulatione
3216 4911 3506 4980 deprecatus
3528 4903 3602 4995 est
3618 4896 3658 4942 ιιι

2168 5025 2353 5072 nostra
2375 5013 2698 5069 auctoritate
2723 5011 2968 5065 eamdem
2999 5005 3345 5062 monasticam
3368 5005 3512 5051 Vitam
3536 4983 3657 5041 τετοῐο

2168 5111 2341 5176 mari,
2382 5117 2438 5164 et
2493 5106 2800 5162 habitacula
2846 5106 2912 5159 ad
2944 5105 3083 5158 hanc
3137 5101 3297 5154 vitam
3346 5100 3547 5160 congrua
3572 5074 3652 5132 τεῦ·

2167 5202 2358 5258 ciendo
2407 5199 2583 5272 aptari
2642 5196 3094 5267 permitteremus.
3160 5191 3295 5253 Cui,
3332 5186 3458 5240 sicut
3494 5176 3657 5272 diguuﬂt

2169 5304 2288 5350 erat
2304 5334 2320 5360 ,
2351 5261 2555 5365 gratias
2576 5261 2783 5360 egimus
2799 5326 2814 5352 ,
2843 5293 2896 5340 et
2921 5300 2983 5339 ea
3005 5298 3123 5354 qua:
3144 5266 3558 5365 deprecabaturei
3575 5261 3656 5313 ﬁeri

2167 5355 2532 5456 permisimus.
2560 5380 2781 5448 Insuper
2803 5387 2858 5432 et
2877 5385 2935 5430 ut
2961 5377 3064 5430 hoc
3083 5373 3223 5442 quod
3245 5370 3376 5424 idem
3403 5365 3500 5433 ipse

2168 5439 2395 5534 cabatur
2436 5473 2627 5529 melius
2649 5439 2907 5541 pcragere
2929 5509 2944 5533 ,
2982 5476 3039 5522 et
3064 5439 3208 5522 servi
3237 5461 3325 5517 Dei
3352 5456 3433 5528 qui
3459 5447 3563 5541 inibi
3585 5439 3651 5541 de

2173 5583 2298 5639 gere
2339 5562 2614 5621 constituti
2651 5529 2707 5616 et
2743 5529 3104 5614 constituendi
3132 5561 3322 5615 erunt,
3359 5537 3543 5614 aliquod
3565 5529 3656 5588 εαυ-

565 5691 588 5718 ι
637 5679 768 5733 V'ide
814 5694 974 5745 supra
1013 5680 1241 5749 diploma
1294 5681 1548 5736 Ludovici
1585 5682 1926 5754 imptrator'us
1958 5696 2058 5751 pro
2097 5685 2281 5739 eodem
2311 5682 2524 5735 Victore
2553 5675 2798 5732 Curicnsi
2833 5690 3080 5747 episcopo
3113 5673 3232 5729 anni
3271 5667 3382 5726 8°35-
