4006 6178
383 271 518 328 1203

1509 267 1902 325 DIPLOMATA
1943 265 2497 323 ECCLESIASTICA.

3497 267 3631 322 tanti
3657 327 3664 338 ι

379 391 574 446 sidium
600 403 666 443 ex
710 394 892 441 nostra
922 387 1208 458 largitione
1248 387 1513 443 habentes
1548 388 1801 443 libentius
1843 387 1954 442 Deo
1984 392 2030 448 Α
2057 401 2327 456 quamque
2359 360 2498 439 idem
2543 383 2695 438 Abho
2742 398 2926 438 eomes
2969 383 3229 438 hactenus
3276 383 3327 436 in
3372 383 3634 437 beneﬁcio

379 483 581 540 servire
615 479 954 550 potuissent,
1000 478 1324 549 complacuit
1373 479 1530 534 nobis
1557 494 1656 548 pro
1690 477 1954 532 mercedis

377 580 576 628 nostra:
633 577 926 640 augmento
976 577 1030 622 et
1077 576 1295 624 aeterna:
1345 569 1715 624 retributionis
1772 567 1955 639 fructu

377 659 636 730 quasdam
662 675 751 714 res
771 668 974 712 nostra:
1006 658 1388 728 preprietatis,
1430 659 1566 712 sitas
1614 658 1667 711 in
1696 657 1955 712 comitatu

378 753 714 816 Breoncuse,
747 752 802 804 id
843 761 926 805 est
967 750 1148 804 villam
1179 765 1243 804 ac
1272 750 1594 806 beneﬁcium
1634 749 1766 804 illud
1800 747 1957 817 cujus

375 843 696 898 vocabulum
723 850 808 896 est
837 841 1356 906 Dodiniaca-curtis,
1389 841 1680 896 habentem
1737 855 1956 895 mansos

376 935 659 991 duodecim
677 975 691 997 ,
718 949 878 1003 quam
907 934 1165 988 hactenus
1189 932 1450 988 vassallus
1473 940 1660 987 noster
1682 971 1698 996 ,
1735 931 1956 986 nomine

374 1025 767 1089 Ilisimbertus,
809 1034 994 1078 nostra
1043 1023 1328 1093 largitione
1382 1023 1437 1077 in
1479 1021 1800 1078 beneficium
1855 1021 1954 1077 ha-

377 1115 560 1170 buisse
590 1114 958 1184 dignoscitur,
1008 1129 1130 1166 cum
1173 1113 1322 1167 omni
1375 1111 1719 1183 integri-tate,
1773 1111 1827 1166 id
1873 1119 1959 1166 est

378 1220 502 1259 cum
527 1205 811 1273 mancipiis
838 1205 1119 1272 utriusque
1151 1217 1335 1269 sexus,
1375 1218 1499 1258 cum
1525 1201 1802 1266 domibus,
1829 1202 1958 1256 tedi-

377 1295 520 1350 ficiis
548 1335 564 1360 ,
603 1295 846 1350 ecclesiis
872 1335 887 1360 ,
939 1296 1101 1350 terris
1129 1296 1289 1350 cultis
1317 1303 1372 1350 et
1417 1294 1631 1349 incultis
1656 1334 1671 1358 ,
1713 1293 1917 1350 silvulis
1939 1334 1953 1356 ,

375 1385 573 1454 pratis,
608 1385 855 1454 pascuis,
910 1385 1065 1453 aquis
1094 1399 1424 1454 aquarumve
1452 1384 1799 1445 decursibus,
1850 1398 1962 1438 mo-

373 1474 594 1530 Iendino
613 1515 629 1540 ,
660 1475 745 1530 vel
769 1476 1026 1545 quidquid
1055 1478 1122 1530 ad
1165 1476 1568 1530 dcnominatam
1607 1475 1786 1528 villam
1814 1473 1960 1542 juste

373 1577 429 1623 et
455 1568 705 1638 legaliter
734 1568 1004 1638 pertinere
1030 1567 1365 1637 dignoscitur
1392 1607 1407 1630 ,
1448 1575 1504 1620 et
1534 1567 1703 1620 nostri
1727 1565 1867 1635 juris
1895 1580 1959 1620 ae

368 1658 742 1728 possessionis
779 1659 831 1712 in
860 1673 919 1713 re
945 1657 1293 1728 preprietatis
1322 1665 1423 1721 est,
1457 1665 1626 1711 totum
1651 1663 1705 1710 et
1727 1656 1795 1710 ad
1819 1657 1957 1712 inte-

2055 479 2319 544 habebat;
2345 478 2441 534 sed
2461 477 2714 547 quoniam
2752 477 2938 530 eadem
2969 476 3194 546 piscatio
3243 482 3404 544 atque
3431 473 3634 543 absque

2055 569 2295 635 familiis,
2325 584 2444 638 qua:
2467 568 2534 622 ad
2561 566 2677 636 ejus
2699 565 3060 636 pr0visionem
3090 565 3360 634 deputatae
3394 561 3630 628 fuerunt,

2057 661 2317 715 fratribus
2334 659 2577 728 priedieti
2604 656 2838 713 ccenohii
2862 671 2966 710 non
3004 655 3292 709 admodum
3336 653 3482 707 utilis
3513 668 3635 708 esse

2049 760 2284 822 poterat,
2316 751 2515 806 ideirco
2541 749 2758 820 triginta
2803 747 2936 802 duas
2982 745 3233 810 familias,
3276 753 3330 798 et
3374 742 3634 814 quidquid

2055 845 2123 898 ad
2153 859 2270 898 eam
2296 841 2648 912 piscationem
2685 838 2965 909 pertinens
2993 851 3134 906 saepe
3177 836 3352 892 dictus
3395 833 3548 890 Abbo
3580 837 3634 890 in

2054 931 2315 986 beneficio
2341 929 2544 994 habuit,
2579 937 2746 983 totum
2769 935 2823 982 et
2844 943 2909 982 ex
2933 928 3142 996 integro
3167 926 3220 980 in
3246 925 3633 996 proprietatem

2050 1020 2161 1090 jam
2191 1022 2320 1076 dicti
2360 1020 2681 1076 monasterii
2719 1018 3087 1084 concedimus,
3132 1027 3399 1088 quatenus
3438 1018 3633 1074 ibidem

2055 1113 2352 1168 servientes
2398 1111 2692 1166 monachos
2736 1111 2853 1166 sine
2889 1109 3196 1166 cessatione
3243 1108 3479 1164 divinam
3529 1109 3637 1164 cle-

2056 1204 2312 1259 mentiam
2339 1218 2437 1273 pro
2459 1203 2614 1257 nobis
2637 1217 2864 1257 exorare
2905 1201 3154 1257 delectet.
3187 1201 3254 1255 Et
3284 1210 3347 1256 ut
3371 1201 3486 1256 haec
3514 1214 3634 1256 ces-

2057 1296 2222 1351 sionis
2253 1305 2451 1351 nostra:
2489 1295 2785 1349 auctoritas
2815 1293 3024 1348 ﬁrmius
3050 1293 3334 1356 habeatur,
3362 1299 3418 1345 et
3440 1306 3536 1360 per
3555 1290 3637 1344 fu—

2057 1395 2176 1440 tura
2205 1396 2445 1456 tempora
2478 1401 2508 1439 a
2535 1385 2784 1440 fidelibus
2828 1384 3031 1439 nostris
3071 1383 3251 1437 verius
3276 1382 3530 1436 credatur
3571 1396 3636 1436 ac

2057 1478 2364 1550 diligentius
2387 1479 2721 1544 observetur,
2747 1491 2908 1532 manu
2950 1483 3135 1532 nostra
3165 1475 3350 1530 subter
3394 1488 3514 1528 eam
3551 1473 3637 1527 (ir-

2056 1571 2269 1626 mantés
2294 1571 2479 1626 annuli
2509 1571 2680 1626 nostri
2716 1569 3070 1640 impressione
3097 1566 3362 1636 jussimus
3388 1565 3631 1636 sigillari.

2129 1660 2354 1730 Signum
2379 1661 2636 1716 Ludovici
2674 1659 3005 1714 serenissimi
3035 1656 3399 1727 imperatoris.

373 1766 538 1820 grum
573 1765 670 1820 per
700 1751 803 1806 hoc
845 1758 1045 1805 nostrae
1090 1751 1432 1805 auctoritatis
1477 1750 1840 1820 conscriptum
1886 1749 1956 1803 ad
1988 1737 2032 1796 Β
2133 1751 2526 1809 liirminmarus
2553 1750 2798 1806 notarius
2825 1750 2894 1805 ad
2925 1749 3096 1803 vicem
3127 1746 3436 1818 Theogenis
3485 1761 3634 1802 reco-

372 1841 712 1898 antedictum
735 1843 1122 1896 monasterium
1139 1882 1154 1906 ,
1179 1843 1342 1910 quod,
1371 1841 1512 1895 sicut
1536 1840 1799 1904 diximus,
1828 1839 1961 1894 Ders

373 1941 754 2002 nuncupatur,
787 1932 1102 1988 solemniler
1141 1933 1419 2003 delegare,
1460 1945 1522 1986 ea
1555 1931 1804 1986 videlicet
1833 1947 1960 1986 con-

375 2025 583 2080 ditione
632 2033 694 2079 ut
736 2040 767 2080 a
797 2025 1035 2095 pmlatis
1062 2033 1116 2079 et
1155 2025 1435 2079 monachis
1489 2024 1600 2078 Deo
1643 2023 1776 2078 inibi
1825 2022 1961 2076 mili—

375 2116 620 2170 tantibus
648 2123 905 2185 perpctua
942 2114 1285 2186 possessione
1313 2121 1558 2168 teneatur
1582 2128 1647 2169 ac
1684 2111 1961 2182 possidea-

380 2215 491 2260 tur.
522 2207 590 2260 Et
617 2213 676 2258 ut
705 2205 820 2260 hzec
853 2213 1052 2260 nostrae
1081 2205 1446 2260 concessionis
1469 2213 1633 2273 atque
1660 2202 1960 2273 largitionis

381 2296 682 2349 auctoritas
712 2293 1080 2348 inconvulsam
1112 2302 1168 2349 et
1212 2291 1568 2348 inviolabilem
1595 2292 1834 2345 obtineat
1869 2291 1962 2343 lir-

383 2384 630 2439 mitatem
656 2423 671 2447 ,
703 2398 866 2437 manu
892 2385 1110 2453 propria
1139 2392 1322 2439 nostra
1357 2382 1544 2439 subter
1571 2397 1693 2436 eam
1719 2382 1956 2434 firmavi-

381 2491 506 2530 mus
527 2516 543 2542 ,
587 2484 643 2531 et
667 2475 850 2530 annuli
903 2476 1072 2532 nostri
1121 2475 1474 2544 impressione
1501 2471 1764 2543 assignari
1792 2469 1957 2539 jussi—

384 2583 530 2622 mus.
1696 2577 1699 2581 ’

455 2657 680 2730 Signum
709 2657 967 2714 Ludovici
997 2657 1327 2712 serenissimi
1357 2656 1720 2726 imperatoris.

451 2748 590 2802 Data
612 2764 703 2802 xw
727 2748 845 2802 Kal.
875 2747 1034 2812 Man,
1062 2763 1224 2812 anno,
1251 2746 1468 2802 Christo
1493 2745 1746 2816 propitio,
1772 2743 1838 2798 l9
1861 2743 1960 2797 im-

384 2839 526 2908 perii
557 2839 737 2893 domni
760 2837 1013 2892 Ludovici
1037 2836 1265 2906 piissimi
1291 2835 1534 2904 Augusti,
1567 2831 1958 2889 indictioneIO.

378 2928 574 2984 Actum
596 2927 919 2999 Aquisgrani
949 2926 1148 2997 palatio
1170 2926 1321 2996 regio
1345 2926 1396 2979 in
1425 2925 1519 2978 Dei
1552 2924 1770 2979 nomine
1793 2922 1960 2980 felici-

379 3030 489 3076 ter.
529 3021 722 3075 Amen.

1030 3106 1303 3162 CLXVIII.

706 3215 809 3257 PRO
846 3215 1184 3255 IONASTERIO
1221 3213 1425 3254 CORBIE
1464 3211 1639 3252 NO\'£.

999 3289 1173 3362 (Anno
1205 3288 1354 3359 852.)

546 3381 721 3454 [Apud
749 3379 1004 3441 Sehaten,
1035 3379 1175 3432 Ann.
1210 3375 1565 3442 Paderborn.,
1595 3391 1649 3447 p.
1679 3373 1794 3447 90.]

450 3472 507 3526 lu
537 3473 751 3526 nomine
783 3470 993 3526 Domini
1017 3470 1123 3545 ,θεῖ
1159 3476 1215 3523 et
1259 3466 1556 3522 Salvatoris
1598 3465 1770 3520 nostri
1829 3463 1961 3519 Jesu

376 3563 607 3628 Christi,
622 3561 942 3628 Ludovicus,
964 3560 1143 3615 divina
1170 3559 1456 3614 ordinante
1477 3557 1839 3627 providentia,
1863 3555 1960 3610 im—

377 3662 598 3722 perator
617 3651 913 3721 Augustus.

451 3742 510 3797 Si
541 3741 798 3796 ecclesias
840 3748 894 3792 et
934 3737 1053 3792 loca
1090 3736 1275 3790 divino
1321 3734 1488 3789 cultui
1540 3733 1719 3789 dicata
1760 3732 1964 3786 nostris

381 3830 756 3901 largitionibus
780 3829 1064 3899 providere
1095 3827 1408 3898 satagimus,
1452 3834 1613 3894 atque
1649 3824 1847 3880 ibidem
1874 3837 1961 3877 as-

382 3921 536 3975 sidue
566 3917 677 3973 Deo
715 3917 1102 3971 famulantibus
1131 3915 1324 3972 solatia
1363 3914 1664 3970 clementer
1698 3911 1963 3982 impendi-

383 4025 524 4076 mus,
556 4024 664 4064 non
716 4008 888 4063 solum
937 4005 1291 4061 honorificam
1331 4004 1530 4075 regalis
1578 4000 1962 4056 munificentia:

378 4099 822 4156 consuetudinem
847 4112 1182 4162 exercemus,
1209 4097 1303 4152 sed
1338 4105 1393 4151 et
1420 4094 1796 4164 temporalium
1839 4107 1960 4147 ero-

382 4192 599 4262 gatione
646 4190 910 4245 donorum
965 4196 1238 4257 perpetuac
1286 4203 1384 4242 nos
1425 4187 1689 4241 mercedis
1737 4183 1957 4254 prmmia

380 4280 681 4354 promereri
694 4294 852 4350 posse
875 4277 1216 4334 confidimus.
1241 4277 1584 4348 Quapropter
1601 4277 1814 4332 noverit
1841 4289 1959 4329 om-

383 4372 533 4426 nium
584 4368 820 4424 ﬁdelium
864 4375 1207 4432 nostrorum,
1257 4367 1604 4437 pnesentium
1651 4365 1856 4420 scilicet
1904 4374 1958 4418 et

380 4463 710 4526 futurorum,
734 4458 1020 4524 industria,
1045 4460 1188 4530 quod
1216 4475 1312 4530 pro
1340 4473 1524 4512 amore
1547 4457 1752 4521 divino,
1795 4466 1957 4527 atque

379 4559 576 4614 anima:
602 4565 800 4611 nostrae
825 4553 1080 4616 remedio,
1109 4554 1178 4607 ad
1208 4552 1597 4606 monasterium
1627 4551 1770 4620 quod
1797 4565 1960 4604 voea-

387 4659 474 4702 tur
501 4662 635 4701 nova
659 4643 900 4708 Corbeia,
939 4642 1080 4711 quod
1108 4641 1505 4696 eonstruximus
1531 4639 1582 4694 in
1618 4639 1850 4694 Saxonia
1901 4640 1956 4694 in

309 4809 318 4813 ν
385 4738 588 4791 honore
619 4736 674 4790 S.
695 4734 952 4804 Stephani
981 4745 1007 4774 α
1037 4733 1471 4803 protomartyris,
1518 4733 1603 4787 cui
1634 4733 1792 4786 m0do
1823 4748 1957 4802 pra:-

380 4837 467 4882 est
487 4825 656 4881 ﬁdelis
680 4827 1075 4896 etpropinquus
1103 4834 1286 4880 noster
1297 4824 1573 4888 Warinus,
1604 4824 1811 4893 primus
1832 4824 1958 4879 sub-

383 4919 602 4973 stitutus
632 4918 819 4980 abbas,
842 4915 1211 4970 concessimus
1233 4914 1578 4984 piscationem
1597 4914 1884 4983 quamdam
1902 4914 1955 4968 in

383 5007 544 5061 fluvio
575 5007 801 5069 Wisera,
831 5007 883 5060 in
915 5020 1052 5076 pago
1071 5004 1342 5060 Wimodia
1365 5013 1690 5073 nuncupato,
1722 5005 1804 5060 cui
1837 5021 1961 5061 eon-

385 5097 508 5152 Iinis
535 5105 619 5152 est
655 5099 778 5153 villa
805 5099 982 5153 Luisei
1019 5107 1231 5164 vocata,
1280 5099 1336 5153 in
1380 5099 1640 5153 comitatu
1685 5097 1956 5164 Abbonis,

380 5202 503 5255 quae
522 5190 647 5256 quia
671 5188 728 5241 in
761 5188 1162 5244 similitudinem
1193 5188 1434 5259 palorum
1471 5202 1608 5258 quos
1637 5186 1826 5242 incola:
1866 5188 1961 5244 ho-

383 5292 478 5332 cas
497 5277 1074 5342 vocant,construitur,
1089 5277 1352 5347 gentilitio
1374 5277 1590 5332 nomine
1611 5275 1678 5331 ab
1693 5274 1957 5348 indigenis

385 5366 614 5422 Iloewar
637 5377 995 5437 nuncupatur,
1023 5383 1141 5437 quae
1163 5368 1229 5423 ad
1248 5367 1338 5436 jus
1359 5378 1602 5424 nostrum
1629 5367 1954 5438 pertinebat,

457 5494 666 5569 {Lego
684 5497 738 5569 in
763 5497 868 5569 alio
894 5497 1206 5569 exemplari,
1233 5499 1288 5552 in
1320 5500 1514 5554 honore
1543 5499 1601 5553 S.
1627 5497 1876 5569 Stephani
1905 5510 1956 5553 et

397 5562 530 5626 Viti;
565 5562 671 5620 Sed
705 5568 766 5622 D.
800 5567 905 5622 Viti
933 5562 1172 5636 reliquize
1209 5578 1331 5637 post
1377 5562 1789 5636 quadriennium
1835 5571 1949 5637 pri-

387 5651 532 5691 mum
562 5637 748 5705 illatae;
794 5641 935 5693 unde
971 5638 1076 5691 Viti
1100 5653 1293 5692 nomen
1324 5637 1495 5692 aliena
1529 5655 1690 5693 manu
1722 5639 1951 5710 irrepse-

1981 4424 2036 4483 Β

2096 1858 2238 1896 ιὶογι.

2096 1859 2238 1896 novt.

2058 1859 2094 1913 ε
2129 1934 2262 1988 Data
2303 1950 2391 1989 xv:
2438 1933 2709 1988 Kalendas
2729 1931 2874 1996 Julii,
2913 1945 3078 1996 anno,
3109 1927 3326 1984 Christo
3379 1927 3632 1998 propitio,

2061 2027 2127 2082 18
2155 2025 2366 2096 imperii
2392 2024 2652 2080 Ludovici
2681 2023 3013 2080 serenissimi
3059 2020 3307 2092 Augusti,
3339 2020 3635 2075 indictione

2062 2118 2146 2172 10.
2176 2118 2367 2174 Actum
2411 2117 2819 2173 Franconovort
2866 2115 3065 2188 palatio
3108 2113 3278 2184 regio,
3327 2113 3381 2168 in
3416 2112 3636 2169 nomine

2059 2207 2271 2264 Domini
2293 2207 2541 2264 feliciter.
2564 2206 2759 2263 Amen.

2727 2293 2956 2350 CLXIX.

2247 2403 2348 2442 PRO
2386 2401 2801 2441 BEFORHATIONE
2839 2399 3160 2440 ιιοκλδτῐιιιι
3197 2396 3447 2438 υιοκγειι.

2669 2474 2843 2546 (Anno
2871 2472 3020 2545 852.)

2063 2568 2238 2640 [Apud
2266 2566 2466 2621 Mabill.
2495 2566 2632 2620 Ann.
2665 2565 2780 2619 0rd.
2813 2562 2870 2620 S.
2903 2563 3127 2629 Bened.,
3158 2572 3287 2618 tom.
3311 2562 3380 2629 II,
3405 2577 3459 2634 p.
3483 2561 3636 2635 549.]

2129 2661 2187 2714 In
2220 2659 2436 2713 nomine
2479 2657 2691 2712 Domini
2738 2657 2832 2712 Dei
2865 2665 2918 2712 et
2964 2656 3260 2712 Salvatoris
3299 2657 3470 2712 nostri
3510 2653 3639 2711 Jesu

2060 2751 2285 2816 Christi,
2304 2748 2630 2814 Ludovicus,
2648 2747 2826 2802 divina
2850 2747 3136 2803 ordinante
3150 2747 3512 2817 providentia,
3544 2746 3637 2800 im-

2059 2851 2279 2913 perator
2301 2841 2595 2910 Augustus.
3207 2836 3210 2840 ’

2133 2932 2339 2986 Divinis
2357 2927 2639 2999 praeceptis
2669 2937 2724 2982 et
2747 2927 3055 2998 apostolicis
3077 2927 3298 2982 monitis
3326 2927 3635 2990 incitamur,

2061 3025 2154 3079 sed
2187 3031 2240 3079 et
2263 3020 2597 3092 imperatorii
2623 3020 2905 3092 regiminis
2928 3017 3103 3076 ofﬁcio
3124 3033 3553 3086 commonemur,
3577 3029 3639 3074 ut

1979 3087 2032 3150 (ἶ
2063 3128 2162 3182 pro
2190 3087 2448 3166 Ecclesiae
2469 3118 2612 3165 statu
2641 3087 2803 3178 atque
2827 3116 3026 3163 sanctzn
3049 3107 3328 3178 religionis
3349 3117 3638 3178 augmento

2063 3203 2293 3273 impigro
2321 3216 2536 3271 semper
2572 3199 2858 3270 vigilemus
2886 3198 3106 3264 affectu,
3141 3214 3206 3254 ac
3227 3200 3639 3269 pernecessario

2061 3309 2154 3348 seu
2188 3291 2466 3347 fructuoso
2509 3291 2858 3361 studiosoque
2905 3291 3211 3346 laboremus
3249 3289 3472 3356 eﬂ'ectu;
3503 3297 3560 3345 et
3592 3290 3638 3345 si

2061 3384 2190 3452 quid
2224 3399 2452 3452 usquam
2483 3381 2894 3452 reprehensioni
2922 3381 3191 3436 invenitur
3212 3380 3525 3448 obnoxium,
3553 3397 3639 3436 re-

2060 3475 2162 3544 gia:
2190 3473 2531 3529 auctoritatis
2571 3471 2934 3528 sollicitudine
2959 3473 3294 3544 corrigamus
3326 3488 3340 3527 :
3373 3480 3640 3544 quatenus

2059 3566 2178 3619 avia
2207 3572 2550 3630 revocantes,
2579 3562 2847 3634 superﬂua
2867 3572 3230 3632 amputantes,
3256 3563 3491 3633 collapsa
3513 3578 3639 3632 quo-

2058 3670 2165 3722 que
2192 3667 2506 3722 reparcmus
2532 3693 2548 3718 ,
2590 3662 2751 3722 atque
2779 3660 3028 3722 reparata
3074 3661 3130 3706 et
3253 3652 3639 3709 ecclesiasticis

2060 3742 2195 3795 viris
2221 3739 2701 3810 apostolorumque
2734 3740 2946 3794 Domini
2972 3739 3396 3806 successoribus,
3430 3740 3637 3810 Spiritu

2061 3842 2249 3887 sancto
2294 3840 2556 3901 regente,
2593 3830 2731 3885 bene
2784 3837 2984 3884 statuta
3031 3829 3224 3885 edictis
3271 3830 3638 3902 imperialibus

2059 3921 2461 3978 eonﬁrmemus.
2523 3920 2660 3988 Quia
2704 3921 2922 3990 dignum
2970 3919 3210 3990 profecto
3251 3930 3363 3985 est,
3394 3930 3456 3978 ut
3490 3925 3634 3993 quod

2060 4013 2412 4070 sacerdotalis
2446 4013 2682 4084 dignitas
2720 4013 2902 4069 divino
2933 4012 3232 4068 illuminata
3267 4012 3468 4082 Spiritu
3509 4030 3633 4071 cor-

2058 4108 2180 4178 pori
2213 4107 2437 4174 Christi,
2470 4107 2614 4176 quod
2646 4117 2728 4162 est
2755 4103 3018 4171 Ecclesia,
3045 4105 3288 4174 ejusdem
3321 4108 3412 4164 Dei
3439 4123 3504 4162 ac
3529 4107 3634 4162 Do-

2060 4198 2193 4252 mini
2220 4205 2273 4252 et
2305 4196 2609 4253 Salvatoris
2635 4197 2806 4252 nostri
2854 4197 3128 4267 redempta
3168 4199 3452 4268 sanguine,
3483 4197 3635 4252 adin-

2058 4289 2209 4343 venit
2237 4289 2290 4343 in
2330 4287 2534 4353 salute,
2585 4288 2673 4343 vel
2715 4286 3010 4343 reformata
3049 4289 3240 4344 statuit
3275 4289 3329 4344 in
3359 4289 3634 4362 religionis

2061 4386 2381 4449 augmento,
2414 4378 2466 4433 id
2499 4377 2794 4448 imperialis
2827 4379 3082 4449 majestas
3111 4379 3491 4434 inviolabiliter
3516 4393 3640 4449 pcr-

2060 4484 2376 4523 mansurum
2413 4468 2465 4522 in
2495 4476 2814 4539 perpetuum
2842 4469 3130 4538 potestatis
3161 4484 3272 4523 sua:
3298 4470 3512 4524 studeat
3541 4485 3628 4524 ro-

2059 4559 2238 4614 borari
2265 4568 2557 4628 praecepto,
2588 4558 2842 4628 quoniam
2877 4557 3136 4628 quidquid
3171 4559 3226 4612 in
3261 4557 3629 4628 hujuscemodi

2060 4649 2290 4721 negotiis
2315 4650 2653 4715 laboratum,
2683 4664 2778 4704 seu
2804 4649 2892 4719 pio
2925 4648 3094 4704 cultui
3121 4663 3153 4703 a
3176 4648 3332 4705 nobis
3353 4647 3518 4704 fuerit
3541 4649 3628 4704 de-

2058 4741 2318 4806 dicatum,
2366 4739 2470 4794 hoc
2519 4737 2708 4810 procul
2745 4737 2908 4792 dubio
2957 4745 3158 4792 nostra:
3203 4737 3631 4792 mansuetudinis

2059 4844 2225 4900 regno
2253 4837 2310 4884 et
2340 4828 2538 4898 popqu
2569 4828 2803 4900 regendo
2832 4826 3104 4882 credimus
3130 4825 3416 4895 specialius
3448 4825 3630 4896 profu-

2060 4933 2262 4978 turum.
2291 4921 2495 4976 Idcirco
2524 4929 2714 4974 notum
2750 4934 2871 4974 esse
2907 4919 3154 4973 volumus
3181 4918 3433 4972 omnibus
3462 4917 3629 4972 fideli-

2027 5083 2030 5086 _
2059 5014 2183 5078 bus,
2210 5013 2569 5083 praesentibus
2597 5011 2806 5066 scilicet
2832 5019 2887 5066 et
2912 5009 3130 5077 futuris,
3170 5009 3318 5080 quia,
3344 5017 3628 5080 postquam

2061 5103 2170 5160 Deo
2193 5105 2413 5175 auspice
2445 5102 2730 5172 imperium
2762 5112 3048 5173 paternum
3077 5101 3436 5171 suscepimus,
3466 5100 3628 5155 studii

2059 5196 2215 5251 nobis
2238 5179 2472 5249 ma'xime
2500 5209 2714 5263 semper
2742 5194 2872 5259 fuit,
2900 5203 2959 5248 ut
2987 5194 3199 5250 Domini
3229 5193 3494 5260 Ecclesia,
3515 5208 3630 5247 ma-

2059 5285 2368 5356 gnificentia
2395 5280 2513 5352 ejus
2539 5284 2831 5339 humilitati
2867 5292 3064 5339 nostra:
3105 5284 3360 5339 divinitus
3395 5285 3626 5356 regenda

2059 5377 2364 5445 tuendaqne
2387 5375 2674 5430 commissa
2691 5414 2706 5439 ,
2737 5375 2986 5430 felicibus
3012 5375 3237 5447 polleret
3264 5376 3626 5443 successibus,

2058 5505 2130 5558 rit
2160 5518 2369 5576 meque
2393 5503 2706 5576 Ludovicus
2735 5505 3030 5576 imperator
3057 5506 3339 5565 Corbeiam
3368 5508 3422 5564 in
3457 5507 3622 5566 hono-

2057 5590 2169 5630 rem
2207 5572 2263 5627 S.
2304 5573 2404 5627 Viti
2435 5575 2757 5630 construxit.
