  <div class='ocr_page' id='page_1' title='image "/cluster/home/n/w/nwhite01/storage/ocr_20150623/104/hvd.32044052819794/609.png"; bbox 0 0 3996 6178; ppageno 0'>
   <div class='ocr_carea' id='block_1_1' title="bbox 336 278 519 333">
    <p class='ocr_par' dir='ltr' id='par_1_1' title="bbox 336 278 519 333">
     <span class='ocr_line' id='line_1_1' title="bbox 336 278 519 333; baseline -0.011 0"><span class='ocrx_word' id='word_1_1' title='bbox 336 289 355 310; x_wconf 82' lang='grc'><strong><em>⁸</em></strong></span> <span class='ocrx_word' id='word_1_2' title='bbox 385 278 519 333; x_wconf 74' lang='grc'>1207</span> 
     </span>
    </p>
   </div>
   <div class='ocr_carea' id='block_1_2' title="bbox 1525 263 2536 327">
    <p class='ocr_par' dir='ltr' id='par_1_2' title="bbox 1525 263 2536 327">
     <span class='ocr_line' id='line_1_2' title="bbox 1525 263 2536 327; baseline -0.004 -4"><span class='ocrx_word' id='word_1_3' title='bbox 1525 270 1842 327; x_wconf 80' lang='lat' dir='ltr'><strong>LUDOVICI</strong></span> <span class='ocrx_word' id='word_1_4' title='bbox 1882 267 1903 321; x_wconf 78' lang='grc' dir='ltr'>ι</span> <span class='ocrx_word' id='word_1_5' title='bbox 1940 266 2414 324; x_wconf 76' lang='lat' dir='ltr'><strong>COGNOMENTO</strong></span> <span class='ocrx_word' id='word_1_6' title='bbox 2455 263 2536 320; x_wconf 88' lang='lat' dir='ltr'><strong>Pii</strong></span> 
     </span>
    </p>
   </div>
   <div class='ocr_carea' id='block_1_3' title="bbox 383 374 3637 462">
    <p class='ocr_par' dir='ltr' id='par_1_3' title="bbox 383 374 3637 462">
     <span class='ocr_line' id='line_1_3' title="bbox 383 374 3637 462; baseline -0.004 -17"><span class='ocrx_word' id='word_1_7' title='bbox 383 406 609 462; x_wconf 77' lang='lat' dir='ltr'><strong>eamque</strong></span> <span class='ocrx_word' id='word_1_8' title='bbox 653 398 914 460; x_wconf 88' lang='lat' dir='ltr'><strong>quantum</strong></span> <span class='ocrx_word' id='word_1_9' title='bbox 954 398 1153 443; x_wconf 80' lang='lat' dir='ltr'><strong>nostra:</strong></span> <span class='ocrx_word' id='word_1_10' title='bbox 1198 387 1390 441; x_wconf 89' lang='lat' dir='ltr'><strong>attinet</strong></span> <span class='ocrx_word' id='word_1_11' title='bbox 1418 395 1659 457; x_wconf 68' lang='lat' dir='ltr'><strong>augusta:</strong></span> <span class='ocrx_word' id='word_1_12' title='bbox 1685 380 1953 438; x_wconf 89' lang='lat' dir='ltr'><strong>devotioni</strong></span> <span class='ocrx_word' id='word_1_13' title='bbox 1984 382 2029 439; x_wconf 80' lang='grc' dir='ltr'><strong>Α</strong></span> <span class='ocrx_word' id='word_1_14' title='bbox 2058 377 2362 434; x_wconf 81' lang='lat' dir='ltr'><strong>desertores</strong></span> <span class='ocrx_word' id='word_1_15' title='bbox 2386 378 2625 447; x_wconf 89' lang='lat' dir='ltr'><strong>ejusdem</strong></span> <span class='ocrx_word' id='word_1_16' title='bbox 2661 376 2922 446; x_wconf 81' lang='lat' dir='ltr'><strong>propositi</strong></span> <span class='ocrx_word' id='word_1_17' title='bbox 2954 374 3126 431; x_wconf 74' lang='lat' dir='ltr'><strong>eﬂecti</strong></span> <span class='ocrx_word' id='word_1_18' title='bbox 3149 417 3164 442; x_wconf 92' lang='lat'><strong>,</strong></span> <span class='ocrx_word' id='word_1_19' title='bbox 3196 378 3361 432; x_wconf 88' lang='lat' dir='ltr'><strong>rebus</strong></span> <span class='ocrx_word' id='word_1_20' title='bbox 3381 377 3637 432; x_wconf 71' lang='lat' dir='ltr'><strong>humatus</strong></span> 
     </span>
    </p>
   </div>
   <div class='ocr_carea' id='block_1_4' title="bbox 380 467 3631 549">
    <p class='ocr_par' dir='ltr' id='par_1_4' title="bbox 380 467 3631 549">
     <span class='ocr_line' id='line_1_4' title="bbox 380 467 3631 549; baseline -0.005 -9"><span class='ocrx_word' id='word_1_21' title='bbox 380 487 715 540; x_wconf 89' lang='lat' dir='ltr'><strong>incessanter</strong></span> <span class='ocrx_word' id='word_1_22' title='bbox 762 482 829 536; x_wconf 89' lang='lat' dir='ltr'><strong>ad</strong></span> <span class='ocrx_word' id='word_1_23' title='bbox 859 481 1083 536; x_wconf 77' lang='lat' dir='ltr'><strong>meliora</strong></span> <span class='ocrx_word' id='word_1_24' title='bbox 1126 480 1425 549; x_wconf 73' lang='lat' dir='ltr'><strong>provehere</strong></span> <span class='ocrx_word' id='word_1_25' title='bbox 1442 520 1456 543; x_wconf 95' lang='lat'><strong>,</strong></span> <span class='ocrx_word' id='word_1_26' title='bbox 1504 487 1558 533; x_wconf 85' lang='lat' dir='ltr'><strong>et</strong></span> <span class='ocrx_word' id='word_1_27' title='bbox 1581 477 1650 531; x_wconf 88' lang='lat' dir='ltr'><strong>ab</strong></span> <span class='ocrx_word' id='word_1_28' title='bbox 1680 475 1768 529; x_wconf 87' lang='lat' dir='ltr'><strong>illa</strong></span> <span class='ocrx_word' id='word_1_29' title='bbox 1795 474 1950 544; x_wconf 89' lang='lat' dir='ltr'><strong>quid-</strong></span> <span class='ocrx_word' id='word_1_30' title='bbox 2043 467 2156 536; x_wconf 87' lang='lat' dir='ltr'><strong>jam</strong></span> <span class='ocrx_word' id='word_1_31' title='bbox 2177 478 2334 524; x_wconf 90' lang='lat' dir='ltr'><strong>erant</strong></span> <span class='ocrx_word' id='word_1_32' title='bbox 2357 471 2592 540; x_wconf 72' lang='lat' dir='ltr'><strong>exempti</strong></span> <span class='ocrx_word' id='word_1_33' title='bbox 2617 484 2632 522; x_wconf 87' lang='lat'><strong>:</strong></span> <span class='ocrx_word' id='word_1_34' title='bbox 2654 484 2886 539; x_wconf 84' lang='lat' dir='ltr'><strong>quorum</strong></span> <span class='ocrx_word' id='word_1_35' title='bbox 2907 469 3138 539; x_wconf 82' lang='lat' dir='ltr'><strong>perditio</strong></span> <span class='ocrx_word' id='word_1_36' title='bbox 3160 485 3266 523; x_wconf 90' lang='lat' dir='ltr'><strong>non</strong></span> <span class='ocrx_word' id='word_1_37' title='bbox 3290 470 3409 524; x_wconf 84' lang='lat' dir='ltr'><strong>sine</strong></span> <span class='ocrx_word' id='word_1_38' title='bbox 3433 484 3631 539; x_wconf 78' lang='lat' dir='ltr'><strong>magno</strong></span> 
     </span>
    </p>
   </div>
   <div class='ocr_carea' id='block_1_5' title="bbox 379 565 1949 643">
    <p class='ocr_par' dir='ltr' id='par_1_5' title="bbox 379 565 1949 643">
     <span class='ocr_line' id='line_1_5' title="bbox 379 565 1949 643; baseline -0.006 -18"><span class='ocrx_word' id='word_1_39' title='bbox 379 575 509 643; x_wconf 88' lang='lat' dir='ltr'><strong>quid</strong></span> <span class='ocrx_word' id='word_1_40' title='bbox 535 573 751 627; x_wconf 85' lang='lat' dir='ltr'><strong>noxium</strong></span> <span class='ocrx_word' id='word_1_41' title='bbox 773 579 890 626; x_wconf 88' lang='lat' dir='ltr'><strong>erat</strong></span> <span class='ocrx_word' id='word_1_42' title='bbox 912 568 1212 633; x_wconf 87' lang='lat' dir='ltr'><strong>eradicarc,</strong></span> <span class='ocrx_word' id='word_1_43' title='bbox 1243 575 1405 637; x_wconf 88' lang='lat' dir='ltr'><strong>atque</strong></span> <span class='ocrx_word' id='word_1_44' title='bbox 1434 566 1487 621; x_wconf 93' lang='lat' dir='ltr'><strong>in</strong></span> <span class='ocrx_word' id='word_1_45' title='bbox 1524 581 1588 621; x_wconf 88' lang='lat' dir='ltr'><strong>ea</strong></span> <span class='ocrx_word' id='word_1_46' title='bbox 1617 565 1949 619; x_wconf 88' lang='lat' dir='ltr'><strong>incrementa</strong></span> 
     </span>
    </p>
   </div>
   <div class='ocr_carea' id='block_1_6' title="bbox 379 654 1951 733">
    <p class='ocr_par' dir='ltr' id='par_1_6' title="bbox 379 654 1951 733">
     <span class='ocr_line' id='line_1_6' title="bbox 379 654 1951 733; baseline -0.007 -15"><span class='ocrx_word' id='word_1_47' title='bbox 379 666 637 720; x_wconf 86' lang='lat' dir='ltr'><strong>virtutum</strong></span> <span class='ocrx_word' id='word_1_48' title='bbox 662 663 928 733; x_wconf 88' lang='lat' dir='ltr'><strong>plantare.</strong></span> <span class='ocrx_word' id='word_1_49' title='bbox 965 660 1306 731; x_wconf 86' lang='lat' dir='ltr'><strong>Quapropter</strong></span> <span class='ocrx_word' id='word_1_50' title='bbox 1328 657 1624 730; x_wconf 76' lang='lat' dir='ltr'><strong>saepissime</strong></span> <span class='ocrx_word' id='word_1_51' title='bbox 1643 654 1951 711; x_wconf 86' lang='lat' dir='ltr'><strong>sacerdotes</strong></span> 
     </span>
    </p>
   </div>
   <div class='ocr_carea' id='block_1_7' title="bbox 378 746 1948 826">
    <p class='ocr_par' dir='ltr' id='par_1_7' title="bbox 378 746 1948 826">
     <span class='ocr_line' id='line_1_7' title="bbox 378 746 1948 826; baseline -0.008 -17"><span class='ocrx_word' id='word_1_52' title='bbox 378 754 588 810; x_wconf 88' lang='lat' dir='ltr'><strong>Domini</strong></span> <span class='ocrx_word' id='word_1_53' title='bbox 616 795 631 820; x_wconf 90' lang='lat'><strong>,</strong></span> <span class='ocrx_word' id='word_1_54' title='bbox 682 767 915 826; x_wconf 91' lang='lat' dir='ltr'><strong>quorum</strong></span> <span class='ocrx_word' id='word_1_55' title='bbox 947 752 998 808; x_wconf 89' lang='lat' dir='ltr'><strong>id</strong></span> <span class='ocrx_word' id='word_1_56' title='bbox 1026 752 1186 809; x_wconf 82' lang='lat' dir='ltr'><strong>cilicii</strong></span> <span class='ocrx_word' id='word_1_57' title='bbox 1216 766 1338 807; x_wconf 89' lang='lat' dir='ltr'><strong>esse</strong></span> <span class='ocrx_word' id='word_1_58' title='bbox 1378 763 1728 819; x_wconf 78' lang='lat' dir='ltr'><strong>noveramus,</strong></span> <span class='ocrx_word' id='word_1_59' title='bbox 1760 746 1948 801; x_wconf 85' lang='lat' dir='ltr'><strong>admo-</strong></span> 
     </span>
    </p>
   </div>
   <div class='ocr_carea' id='block_1_8' title="bbox 378 834 1948 912">
    <p class='ocr_par' dir='ltr' id='par_1_8' title="bbox 378 834 1948 912">
     <span class='ocr_line' id='line_1_8' title="bbox 378 834 1948 912; baseline -0.006 -15"><span class='ocrx_word' id='word_1_60' title='bbox 378 860 505 898; x_wconf 86' lang='lat' dir='ltr'><strong>nere</strong></span> <span class='ocrx_word' id='word_1_61' title='bbox 526 845 833 899; x_wconf 86' lang='lat' dir='ltr'><strong>curavimus</strong></span> <span class='ocrx_word' id='word_1_62' title='bbox 852 883 867 909; x_wconf 91' lang='lat'><strong>,</strong></span> <span class='ocrx_word' id='word_1_63' title='bbox 909 858 973 898; x_wconf 89' lang='lat' dir='ltr'><strong>ac</strong></span> <span class='ocrx_word' id='word_1_64' title='bbox 1001 851 1236 897; x_wconf 88' lang='lat' dir='ltr'><strong>nostram</strong></span> <span class='ocrx_word' id='word_1_65' title='bbox 1272 838 1621 912; x_wconf 86' lang='lat' dir='ltr'><strong>principalem</strong></span> <span class='ocrx_word' id='word_1_66' title='bbox 1648 834 1948 891; x_wconf 80' lang='lat' dir='ltr'><strong>auctorita-</strong></span> 
     </span>
    </p>
   </div>
   <div class='ocr_carea' id='block_1_9' title="bbox 252 923 1947 1002">
    <p class='ocr_par' dir='ltr' id='par_1_9' title="bbox 252 923 1947 1002">
     <span class='ocr_line' id='line_1_9' title="bbox 252 923 1947 1002; baseline -0.004 -18"><span class='ocrx_word' id='word_1_67' title='bbox 252 993 285 1001; x_wconf 38' lang='grc' dir='ltr'><em>Π</em></span> <span class='ocrx_word' id='word_1_68' title='bbox 376 940 483 985; x_wconf 89' lang='lat' dir='ltr'><strong>tem</strong></span> <span class='ocrx_word' id='word_1_69' title='bbox 516 932 831 1002; x_wconf 86' lang='lat' dir='ltr'><strong>adjntricem</strong></span> <span class='ocrx_word' id='word_1_70' title='bbox 863 932 931 986; x_wconf 89' lang='lat' dir='ltr'><strong>ad</strong></span> <span class='ocrx_word' id='word_1_71' title='bbox 961 946 1148 985; x_wconf 87' lang='lat' dir='ltr'><strong>eorum</strong></span> <span class='ocrx_word' id='word_1_72' title='bbox 1190 927 1551 985; x_wconf 88' lang='lat' dir='ltr'><strong>ministerium</strong></span> <span class='ocrx_word' id='word_1_73' title='bbox 1574 924 1729 995; x_wconf 75' lang='lat' dir='ltr'><strong>juxta</strong></span> <span class='ocrx_word' id='word_1_74' title='bbox 1755 923 1947 979; x_wconf 85' lang='lat' dir='ltr'><strong>volun-</strong></span> 
     </span>
    </p>
   </div>
   <div class='ocr_carea' id='block_1_10' title="bbox 376 1015 1951 1090">
    <p class='ocr_par' dir='ltr' id='par_1_10' title="bbox 376 1015 1951 1090">
     <span class='ocr_line' id='line_1_10' title="bbox 376 1015 1951 1090; baseline -0.004 -18"><span class='ocrx_word' id='word_1_75' title='bbox 376 1030 538 1075; x_wconf 85' lang='lat' dir='ltr'><strong>tatem</strong></span> <span class='ocrx_word' id='word_1_76' title='bbox 590 1022 682 1076; x_wconf 86' lang='lat' dir='ltr'><strong>Dei</strong></span> <span class='ocrx_word' id='word_1_77' title='bbox 721 1020 1121 1090; x_wconf 82' lang='lat' dir='ltr'><strong>exsequendum</strong></span> <span class='ocrx_word' id='word_1_78' title='bbox 1165 1026 1415 1089; x_wconf 90' lang='lat' dir='ltr'><strong>prompte</strong></span> <span class='ocrx_word' id='word_1_79' title='bbox 1460 1015 1842 1079; x_wconf 82' lang='lat' dir='ltr'><strong>exhibuimus,</strong></span> <span class='ocrx_word' id='word_1_80' title='bbox 1891 1020 1951 1065; x_wconf 93' lang='lat' dir='ltr'><strong>ut</strong></span> 
     </span>
    </p>
   </div>
   <div class='ocr_carea' id='block_1_11' title="bbox 374 1105 1950 1181">
    <p class='ocr_par' dir='ltr' id='par_1_11' title="bbox 374 1105 1950 1181">
     <span class='ocr_line' id='line_1_11' title="bbox 374 1105 1950 1181; baseline -0.003 -19"><span class='ocrx_word' id='word_1_81' title='bbox 374 1110 634 1181; x_wconf 79' lang='lat' dir='ltr'><strong>quidquid</strong></span> <span class='ocrx_word' id='word_1_82' title='bbox 678 1110 733 1165; x_wconf 91' lang='lat' dir='ltr'><strong>in</strong></span> <span class='ocrx_word' id='word_1_83' title='bbox 762 1110 1042 1165; x_wconf 78' lang='lat' dir='ltr'><strong>ordinibus</strong></span> <span class='ocrx_word' id='word_1_84' title='bbox 1067 1106 1451 1165; x_wconf 84' lang='lat' dir='ltr'><strong>ecclesiasticis</strong></span> <span class='ocrx_word' id='word_1_85' title='bbox 1469 1148 1482 1171; x_wconf 89' lang='lat'><strong>,</strong></span> <span class='ocrx_word' id='word_1_86' title='bbox 1520 1105 1602 1161; x_wconf 90' lang='lat' dir='ltr'><strong>vel</strong></span> <span class='ocrx_word' id='word_1_87' title='bbox 1629 1106 1680 1159; x_wconf 93' lang='lat' dir='ltr'><strong>in</strong></span> <span class='ocrx_word' id='word_1_88' title='bbox 1708 1118 1950 1176; x_wconf 89' lang='lat' dir='ltr'><strong>quacun-</strong></span> 
     </span>
    </p>
   </div>
   <div class='ocr_carea' id='block_1_12' title="bbox 374 1198 1950 1270">
    <p class='ocr_par' dir='ltr' id='par_1_12' title="bbox 374 1198 1950 1270">
     <span class='ocr_line' id='line_1_12' title="bbox 374 1198 1950 1270; baseline -0.003 -16"><span class='ocrx_word' id='word_1_89' title='bbox 374 1217 479 1270; x_wconf 90' lang='lat' dir='ltr'><strong>que</strong></span> <span class='ocrx_word' id='word_1_90' title='bbox 511 1217 737 1270; x_wconf 85' lang='lat' dir='ltr'><strong>persona</strong></span> <span class='ocrx_word' id='word_1_91' title='bbox 764 1201 1139 1257; x_wconf 86' lang='lat' dir='ltr'><strong>emendatione</strong></span> <span class='ocrx_word' id='word_1_92' title='bbox 1163 1201 1381 1269; x_wconf 86' lang='lat' dir='ltr'><strong>dignum</strong></span> <span class='ocrx_word' id='word_1_93' title='bbox 1408 1198 1733 1263; x_wconf 74' lang='lat' dir='ltr'><strong>invenirent,</strong></span> <span class='ocrx_word' id='word_1_94' title='bbox 1770 1203 1950 1266; x_wconf 83' lang='lat' dir='ltr'><strong>pasto-</strong></span> 
     </span>
    </p>
   </div>
   <div class='ocr_carea' id='block_1_13' title="bbox 376 1287 1946 1363">
    <p class='ocr_par' dir='ltr' id='par_1_13' title="bbox 376 1287 1946 1363">
     <span class='ocr_line' id='line_1_13' title="bbox 376 1287 1946 1363; baseline -0.004 -17"><span class='ocrx_word' id='word_1_95' title='bbox 376 1293 472 1346; x_wconf 87' lang='lat' dir='ltr'><strong>rali</strong></span> <span class='ocrx_word' id='word_1_96' title='bbox 506 1293 862 1357; x_wconf 85' lang='lat' dir='ltr'><strong>auctoritate,</strong></span> <span class='ocrx_word' id='word_1_97' title='bbox 910 1291 1208 1363; x_wconf 88' lang='lat' dir='ltr'><strong>postposita</strong></span> <span class='ocrx_word' id='word_1_98' title='bbox 1253 1290 1491 1361; x_wconf 88' lang='lat' dir='ltr'><strong>qualibet</strong></span> <span class='ocrx_word' id='word_1_99' title='bbox 1517 1287 1946 1358; x_wconf 85' lang='lat' dir='ltr'><strong>torporisnegli-</strong></span> 
     </span>
    </p>
   </div>
   <div class='ocr_carea' id='block_1_14' title="bbox 374 1383 1950 1454">
    <p class='ocr_par' dir='ltr' id='par_1_14' title="bbox 374 1383 1950 1454">
     <span class='ocr_line' id='line_1_14' title="bbox 374 1383 1950 1454; baseline -0.004 -15"><span class='ocrx_word' id='word_1_100' title='bbox 374 1386 549 1453; x_wconf 75' lang='lat' dir='ltr'><strong>gentia</strong></span> <span class='ocrx_word' id='word_1_101' title='bbox 614 1384 696 1439; x_wconf 88' lang='lat' dir='ltr'><strong>vel</strong></span> <span class='ocrx_word' id='word_1_102' title='bbox 760 1400 1111 1454; x_wconf 89' lang='lat' dir='ltr'><strong>personarum</strong></span> <span class='ocrx_word' id='word_1_103' title='bbox 1173 1384 1521 1453; x_wconf 87' lang='lat' dir='ltr'><strong>acceptione,</strong></span> <span class='ocrx_word' id='word_1_104' title='bbox 1575 1383 1950 1437; x_wconf 82' lang='lat' dir='ltr'><strong>incunctanter</strong></span> 
     </span>
    </p>
   </div>
   <div class='ocr_carea' id='block_1_15' title="bbox 374 1470 1948 1543">
    <p class='ocr_par' dir='ltr' id='par_1_15' title="bbox 374 1470 1948 1543">
     <span class='ocr_line' id='line_1_15' title="bbox 374 1470 1948 1543; baseline -0.002 -16"><span class='ocrx_word' id='word_1_105' title='bbox 374 1473 731 1542; x_wconf 82' lang='lat' dir='ltr'><strong>corrigerent,</strong></span> <span class='ocrx_word' id='word_1_106' title='bbox 761 1479 816 1526; x_wconf 91' lang='lat' dir='ltr'><strong>et</strong></span> <span class='ocrx_word' id='word_1_107' title='bbox 846 1473 913 1527; x_wconf 90' lang='lat' dir='ltr'><strong>ad</strong></span> <span class='ocrx_word' id='word_1_108' title='bbox 939 1481 1142 1527; x_wconf 91' lang='lat' dir='ltr'><strong>statum</strong></span> <span class='ocrx_word' id='word_1_109' title='bbox 1166 1473 1507 1528; x_wconf 87' lang='lat' dir='ltr'><strong>rectitudinis</strong></span> <span class='ocrx_word' id='word_1_110' title='bbox 1534 1474 1829 1543; x_wconf 88' lang='lat' dir='ltr'><strong>perducere</strong></span> <span class='ocrx_word' id='word_1_111' title='bbox 1857 1470 1948 1524; x_wconf 84' lang='lat' dir='ltr'><strong>de-</strong></span> 
     </span>
    </p>
   </div>
   <div class='ocr_carea' id='block_1_16' title="bbox 374 1563 1945 1634">
    <p class='ocr_par' dir='ltr' id='par_1_16' title="bbox 374 1563 1945 1634">
     <span class='ocr_line' id='line_1_16' title="bbox 374 1563 1945 1634; baseline -0.001 -17"><span class='ocrx_word' id='word_1_112' title='bbox 374 1571 660 1618; x_wconf 86' lang='lat' dir='ltr'><strong>certarent.</strong></span> <span class='ocrx_word' id='word_1_113' title='bbox 706 1564 906 1620; x_wconf 84' lang='lat' dir='ltr'><strong>Verum</strong></span> <span class='ocrx_word' id='word_1_114' title='bbox 929 1580 1061 1623; x_wconf 79' lang='lat' dir='ltr'><strong>cum</strong></span> <span class='ocrx_word' id='word_1_115' title='bbox 1078 1565 1211 1634; x_wconf 90' lang='lat' dir='ltr'><strong>ipsi,</strong></span> <span class='ocrx_word' id='word_1_116' title='bbox 1245 1576 1431 1620; x_wconf 90' lang='lat' dir='ltr'><strong>nostra</strong></span> <span class='ocrx_word' id='word_1_117' title='bbox 1461 1564 1646 1620; x_wconf 88' lang='lat' dir='ltr'><strong>sedula</strong></span> <span class='ocrx_word' id='word_1_118' title='bbox 1687 1563 1945 1619; x_wconf 78' lang='lat' dir='ltr'><strong>exhorta-</strong></span> 
     </span>
    </p>
   </div>
   <div class='ocr_carea' id='block_1_17' title="bbox 374 1658 1945 1730">
    <p class='ocr_par' dir='ltr' id='par_1_17' title="bbox 374 1658 1945 1730">
     <span class='ocr_line' id='line_1_17' title="bbox 374 1658 1945 1730; baseline 0.001 -20"><span class='ocrx_word' id='word_1_119' title='bbox 374 1658 517 1711; x_wconf 81' lang='lat' dir='ltr'><strong>tione</strong></span> <span class='ocrx_word' id='word_1_120' title='bbox 538 1658 821 1725; x_wconf 88' lang='lat' dir='ltr'><strong>admoniti,</strong></span> <span class='ocrx_word' id='word_1_121' title='bbox 848 1673 1057 1729; x_wconf 89' lang='lat' dir='ltr'><strong>suaque</strong></span> <span class='ocrx_word' id='word_1_122' title='bbox 1096 1659 1282 1714; x_wconf 88' lang='lat' dir='ltr'><strong>solerti</strong></span> <span class='ocrx_word' id='word_1_123' title='bbox 1322 1659 1599 1730; x_wconf 80' lang='lat' dir='ltr'><strong>vigilantia</strong></span> <span class='ocrx_word' id='word_1_124' title='bbox 1626 1658 1695 1713; x_wconf 89' lang='lat' dir='ltr'><strong>de</strong></span> <span class='ocrx_word' id='word_1_125' title='bbox 1724 1664 1865 1713; x_wconf 88' lang='lat' dir='ltr'><strong>statu</strong></span> <span class='ocrx_word' id='word_1_126' title='bbox 1891 1665 1945 1712; x_wconf 89' lang='lat' dir='ltr'><strong>et</strong></span> 
     </span>
    </p>
   </div>
   <div class='ocr_carea' id='block_1_18' title="bbox 2050 556 3631 629">
    <p class='ocr_par' dir='ltr' id='par_1_18' title="bbox 2050 556 3631 629">
     <span class='ocr_line' id='line_1_18' title="bbox 2050 556 3631 629; baseline 0 -17"><span class='ocrx_word' id='word_1_127' title='bbox 2050 558 2216 613; x_wconf 83' lang='lat' dir='ltr'><strong>animi</strong></span> <span class='ocrx_word' id='word_1_128' title='bbox 2244 558 2373 613; x_wconf 87' lang='lat' dir='ltr'><strong>ferri</strong></span> <span class='ocrx_word' id='word_1_129' title='bbox 2403 566 2580 629; x_wconf 87' lang='lat' dir='ltr'><strong>potest</strong></span> <span class='ocrx_word' id='word_1_130' title='bbox 2604 573 2857 614; x_wconf 68' lang='lat' dir='ltr'><strong>mouere.</strong></span> <span class='ocrx_word' id='word_1_131' title='bbox 2895 556 3123 624; x_wconf 76' lang='lat' dir='ltr'><strong>Quidam</strong></span> <span class='ocrx_word' id='word_1_132' title='bbox 3149 559 3313 613; x_wconf 83' lang='lat' dir='ltr'><strong>etiam</strong></span> <span class='ocrx_word' id='word_1_133' title='bbox 3343 575 3453 612; x_wconf 88' lang='lat' dir='ltr'><strong>non</strong></span> <span class='ocrx_word' id='word_1_134' title='bbox 3483 574 3631 613; x_wconf 57' lang='lat' dir='ltr'><strong>eam-</strong></span> 
     </span>
    </p>
   </div>
   <div class='ocr_carea' id='block_1_19' title="bbox 2049 647 3631 718">
    <p class='ocr_par' dir='ltr' id='par_1_19' title="bbox 2049 647 3631 718">
     <span class='ocr_line' id='line_1_19' title="bbox 2049 647 3631 718; baseline -0.001 -13"><span class='ocrx_word' id='word_1_135' title='bbox 2049 650 2172 705; x_wconf 86' lang='lat' dir='ltr'><strong>dem</strong></span> <span class='ocrx_word' id='word_1_136' title='bbox 2201 647 2595 718; x_wconf 73' lang='lat' dir='ltr'><strong>professionem</strong></span> <span class='ocrx_word' id='word_1_137' title='bbox 2620 664 2680 705; x_wconf 88' lang='lat' dir='ltr'><strong>se</strong></span> <span class='ocrx_word' id='word_1_138' title='bbox 2708 648 2901 704; x_wconf 84' lang='lat' dir='ltr'><strong>fecisse</strong></span> <span class='ocrx_word' id='word_1_139' title='bbox 2929 648 3142 704; x_wconf 89' lang='lat' dir='ltr'><strong>mentiti</strong></span> <span class='ocrx_word' id='word_1_140' title='bbox 3163 657 3289 704; x_wconf 84' lang='lat' dir='ltr'><strong>sunt</strong></span> <span class='ocrx_word' id='word_1_141' title='bbox 3316 667 3337 702; x_wconf 83' lang='lat'><strong>:</strong></span> <span class='ocrx_word' id='word_1_142' title='bbox 3357 649 3451 703; x_wconf 89' lang='lat' dir='ltr'><strong>sed</strong></span> <span class='ocrx_word' id='word_1_143' title='bbox 3479 649 3631 704; x_wconf 86' lang='lat' dir='ltr'><strong>testi-</strong></span> 
     </span>
    </p>
   </div>
   <div class='ocr_carea' id='block_1_20' title="bbox 2049 740 3631 811">
    <p class='ocr_par' dir='ltr' id='par_1_20' title="bbox 2049 740 3631 811">
     <span class='ocr_line' id='line_1_20' title="bbox 2049 740 3631 811; baseline 0 -15"><span class='ocrx_word' id='word_1_144' title='bbox 2049 742 2151 796; x_wconf 85' lang='lat' dir='ltr'><strong>bus</strong></span> <span class='ocrx_word' id='word_1_145' title='bbox 2178 747 2426 811; x_wconf 86' lang='lat' dir='ltr'><strong>patenter</strong></span> <span class='ocrx_word' id='word_1_146' title='bbox 2450 740 2706 807; x_wconf 83' lang='lat' dir='ltr'><strong>convicti,</strong></span> <span class='ocrx_word' id='word_1_147' title='bbox 2734 755 2835 810; x_wconf 85' lang='lat' dir='ltr'><strong>pro</strong></span> <span class='ocrx_word' id='word_1_148' title='bbox 2855 755 2953 795; x_wconf 86' lang='lat' dir='ltr'><strong>sua</strong></span> <span class='ocrx_word' id='word_1_149' title='bbox 2987 741 3329 795; x_wconf 81' lang='lat' dir='ltr'><strong>contumacia</strong></span> <span class='ocrx_word' id='word_1_150' title='bbox 3355 742 3631 797; x_wconf 71' lang='lat' dir='ltr'><strong>canonica</strong></span> 
     </span>
    </p>
   </div>
   <div class='ocr_carea' id='block_1_21' title="bbox 2049 831 3629 903">
    <p class='ocr_par' dir='ltr' id='par_1_21' title="bbox 2049 831 3629 903">
     <span class='ocr_line' id='line_1_21' title="bbox 2049 831 3629 903; baseline -0.001 -15"><span class='ocrx_word' id='word_1_151' title='bbox 2049 833 2381 903; x_wconf 65' lang='lat' dir='ltr'><strong>paenitentiae</strong></span> <span class='ocrx_word' id='word_1_152' title='bbox 2405 840 2533 889; x_wconf 83' lang='lat' dir='ltr'><strong>sunt</strong></span> <span class='ocrx_word' id='word_1_153' title='bbox 2562 832 2794 889; x_wconf 84' lang='lat' dir='ltr'><strong>subacti.</strong></span> <span class='ocrx_word' id='word_1_154' title='bbox 2819 831 3049 900; x_wconf 83' lang='lat' dir='ltr'><strong>Quidam</strong></span> <span class='ocrx_word' id='word_1_155' title='bbox 3075 847 3227 896; x_wconf 87' lang='lat' dir='ltr'><strong>vero,</strong></span> <span class='ocrx_word' id='word_1_156' title='bbox 3258 833 3368 887; x_wconf 86' lang='lat' dir='ltr'><strong>imo</strong></span> <span class='ocrx_word' id='word_1_157' title='bbox 3391 834 3629 899; x_wconf 73' lang='lat' dir='ltr'><strong>maxima</strong></span> 
     </span>
    </p>
   </div>
   <div class='ocr_carea' id='block_1_22' title="bbox 2050 921 3627 997">
    <p class='ocr_par' dir='ltr' id='par_1_22' title="bbox 2050 921 3627 997">
     <span class='ocr_line' id='line_1_22' title="bbox 2050 921 3627 997; baseline -0.003 -17"><span class='ocrx_word' id='word_1_158' title='bbox 2050 939 2206 994; x_wconf 79' lang='lat' dir='ltr'><strong>pars,</strong></span> <span class='ocrx_word' id='word_1_159' title='bbox 2244 925 2339 996; x_wconf 83' lang='lat' dir='ltr'><strong>qui</strong></span> <span class='ocrx_word' id='word_1_160' title='bbox 2377 924 2638 980; x_wconf 84' lang='lat' dir='ltr'><strong>hactenus</strong></span> <span class='ocrx_word' id='word_1_161' title='bbox 2671 924 2725 977; x_wconf 93' lang='lat' dir='ltr'><strong>in</strong></span> <span class='ocrx_word' id='word_1_162' title='bbox 2761 924 3090 993; x_wconf 87' lang='lat' dir='ltr'><strong>apostasiam</strong></span> <span class='ocrx_word' id='word_1_163' title='bbox 3119 922 3362 997; x_wconf 79' lang='lat' dir='ltr'><strong>prolapsi</strong></span> <span class='ocrx_word' id='word_1_164' title='bbox 3392 921 3627 986; x_wconf 80' lang='lat' dir='ltr'><strong>fuerant,</strong></span> 
     </span>
    </p>
   </div>
   <div class='ocr_carea' id='block_1_23' title="bbox 2049 1016 3627 1087">
    <p class='ocr_par' dir='ltr' id='par_1_23' title="bbox 2049 1016 3627 1087">
     <span class='ocr_line' id='line_1_23' title="bbox 2049 1016 3627 1087; baseline 0 -15"><span class='ocrx_word' id='word_1_165' title='bbox 2049 1032 2229 1072; x_wconf 86' lang='lat' dir='ltr'><strong>coram</strong></span> <span class='ocrx_word' id='word_1_166' title='bbox 2278 1017 2584 1080; x_wconf 86' lang='lat' dir='ltr'><strong>venientes,</strong></span> <span class='ocrx_word' id='word_1_167' title='bbox 2637 1016 2860 1085; x_wconf 90' lang='lat' dir='ltr'><strong>soloque</strong></span> <span class='ocrx_word' id='word_1_168' title='bbox 2908 1032 2967 1071; x_wconf 90' lang='lat' dir='ltr'><strong>se</strong></span> <span class='ocrx_word' id='word_1_169' title='bbox 3000 1024 3362 1087; x_wconf 84' lang='lat' dir='ltr'><strong>prostrantcs,</strong></span> <span class='ocrx_word' id='word_1_170' title='bbox 3394 1016 3627 1072; x_wconf 80' lang='lat' dir='ltr'><strong>confessi</strong></span> 
     </span>
    </p>
   </div>
   <div class='ocr_carea' id='block_1_24' title="bbox 2048 1106 3631 1178">
    <p class='ocr_par' dir='ltr' id='par_1_24' title="bbox 2048 1106 3631 1178">
     <span class='ocr_line' id='line_1_24' title="bbox 2048 1106 3631 1178; baseline 0.001 -16"><span class='ocrx_word' id='word_1_171' title='bbox 2048 1116 2173 1162; x_wconf 91' lang='lat' dir='ltr'><strong>sunt</strong></span> <span class='ocrx_word' id='word_1_172' title='bbox 2208 1107 2454 1163; x_wconf 84' lang='lat' dir='ltr'><strong>eamdem</strong></span> <span class='ocrx_word' id='word_1_173' title='bbox 2485 1106 2876 1177; x_wconf 81' lang='lat' dir='ltr'><strong>professionem</strong></span> <span class='ocrx_word' id='word_1_174' title='bbox 2910 1106 2963 1161; x_wconf 91' lang='lat' dir='ltr'><strong>in</strong></span> <span class='ocrx_word' id='word_1_175' title='bbox 3001 1107 3191 1162; x_wconf 86' lang='lat' dir='ltr'><strong>eodem</strong></span> <span class='ocrx_word' id='word_1_176' title='bbox 3226 1107 3345 1162; x_wconf 85' lang='lat' dir='ltr'><strong>loco</strong></span> <span class='ocrx_word' id='word_1_177' title='bbox 3372 1107 3631 1178; x_wconf 78' lang='lat' dir='ltr'><strong>regulari-</strong></span> 
     </span>
    </p>
   </div>
   <div class='ocr_carea' id='block_1_25' title="bbox 2050 1199 3632 1269">
    <p class='ocr_par' dir='ltr' id='par_1_25' title="bbox 2050 1199 3632 1269">
     <span class='ocr_line' id='line_1_25' title="bbox 2050 1199 3632 1269; baseline 0.001 -18"><span class='ocrx_word' id='word_1_178' title='bbox 2050 1205 2134 1252; x_wconf 90' lang='lat' dir='ltr'><strong>ter</strong></span> <span class='ocrx_word' id='word_1_179' title='bbox 2159 1214 2217 1253; x_wconf 90' lang='lat' dir='ltr'><strong>se</strong></span> <span class='ocrx_word' id='word_1_180' title='bbox 2237 1199 2572 1269; x_wconf 89' lang='lat' dir='ltr'><strong>promisisse,</strong></span> <span class='ocrx_word' id='word_1_181' title='bbox 2606 1199 2798 1268; x_wconf 86' lang='lat' dir='ltr'><strong>suique</strong></span> <span class='ocrx_word' id='word_1_182' title='bbox 2834 1199 3078 1253; x_wconf 87' lang='lat' dir='ltr'><strong>misereri</strong></span> <span class='ocrx_word' id='word_1_183' title='bbox 3101 1240 3115 1264; x_wconf 95' lang='lat'><strong>,</strong></span> <span class='ocrx_word' id='word_1_184' title='bbox 3146 1206 3203 1253; x_wconf 93' lang='lat' dir='ltr'><strong>et</strong></span> <span class='ocrx_word' id='word_1_185' title='bbox 3227 1214 3257 1252; x_wconf 89' lang='lat' dir='ltr'><strong>a</strong></span> <span class='ocrx_word' id='word_1_186' title='bbox 3286 1199 3513 1253; x_wconf 74' lang='lat' dir='ltr'><strong>Doniino</strong></span> <span class='ocrx_word' id='word_1_187' title='bbox 3541 1206 3632 1253; x_wconf 56' lang='lat' dir='ltr'><strong>vc:</strong></span> 
     </span>
    </p>
   </div>
   <div class='ocr_carea' id='block_1_26' title="bbox 2048 1286 3627 1357">
    <p class='ocr_par' dir='ltr' id='par_1_26' title="bbox 2048 1286 3627 1357">
     <span class='ocr_line' id='line_1_26' title="bbox 2048 1286 3627 1357; baseline 0.001 -16"><span class='ocrx_word' id='word_1_188' title='bbox 2048 1286 2193 1341; x_wconf 83' lang='lat' dir='ltr'><strong>niam</strong></span> <span class='ocrx_word' id='word_1_189' title='bbox 2221 1302 2319 1356; x_wconf 91' lang='lat' dir='ltr'><strong>pro</strong></span> <span class='ocrx_word' id='word_1_190' title='bbox 2348 1297 2496 1343; x_wconf 90' lang='lat' dir='ltr'><strong>tanto</strong></span> <span class='ocrx_word' id='word_1_191' title='bbox 2531 1287 2771 1343; x_wconf 86' lang='lat' dir='ltr'><strong>admisso</strong></span> <span class='ocrx_word' id='word_1_192' title='bbox 2810 1287 2924 1343; x_wconf 88' lang='lat' dir='ltr'><strong>dari</strong></span> <span class='ocrx_word' id='word_1_193' title='bbox 2963 1287 3243 1343; x_wconf 88' lang='lat' dir='ltr'><strong>lmmiliter</strong></span> <span class='ocrx_word' id='word_1_194' title='bbox 3283 1286 3627 1357; x_wconf 76' lang='lat' dir='ltr'><strong>flagitavere;</strong></span> 
     </span>
    </p>
   </div>
   <div class='ocr_carea' id='block_1_27' title="bbox 2048 1374 3632 1446">
    <p class='ocr_par' dir='ltr' id='par_1_27' title="bbox 2048 1374 3632 1446">
     <span class='ocr_line' id='line_1_27' title="bbox 2048 1374 3632 1446; baseline 0.001 -17"><span class='ocrx_word' id='word_1_195' title='bbox 2048 1390 2155 1446; x_wconf 88' lang='lat' dir='ltr'><strong>qua</strong></span> <span class='ocrx_word' id='word_1_196' title='bbox 2201 1374 2540 1432; x_wconf 85' lang='lat' dir='ltr'><strong>confessione</strong></span> <span class='ocrx_word' id='word_1_197' title='bbox 2566 1375 2739 1442; x_wconf 87' lang='lat' dir='ltr'><strong>facta,</strong></span> <span class='ocrx_word' id='word_1_198' title='bbox 2786 1375 3013 1431; x_wconf 69' lang='lat' dir='ltr'><strong>cucullis</strong></span> <span class='ocrx_word' id='word_1_199' title='bbox 3040 1376 3123 1430; x_wconf 89' lang='lat' dir='ltr'><strong>sui</strong></span> <span class='ocrx_word' id='word_1_200' title='bbox 3154 1376 3413 1446; x_wconf 83' lang='lat' dir='ltr'><strong>propositi</strong></span> <span class='ocrx_word' id='word_1_201' title='bbox 3442 1391 3632 1431; x_wconf 81' lang='lat' dir='ltr'><strong>coram</strong></span> 
     </span>
    </p>
   </div>
   <div class='ocr_carea' id='block_1_28' title="bbox 2048 1465 3632 1536">
    <p class='ocr_par' dir='ltr' id='par_1_28' title="bbox 2048 1465 3632 1536">
     <span class='ocr_line' id='line_1_28' title="bbox 2048 1465 3632 1536; baseline 0 -15"><span class='ocrx_word' id='word_1_202' title='bbox 2048 1474 2194 1521; x_wconf 79' lang='lat' dir='ltr'><strong>coetu</strong></span> <span class='ocrx_word' id='word_1_203' title='bbox 2238 1465 2613 1536; x_wconf 90' lang='lat' dir='ltr'><strong>episcoporum</strong></span> <span class='ocrx_word' id='word_1_204' title='bbox 2654 1475 2711 1520; x_wconf 92' lang='lat' dir='ltr'><strong>et</strong></span> <span class='ocrx_word' id='word_1_205' title='bbox 2751 1474 3073 1522; x_wconf 74' lang='lat' dir='ltr'><strong>cteterorum</strong></span> <span class='ocrx_word' id='word_1_206' title='bbox 3097 1465 3460 1532; x_wconf 87' lang='lat' dir='ltr'><strong>sacerdotum,</strong></span> <span class='ocrx_word' id='word_1_207' title='bbox 3494 1482 3632 1521; x_wconf 86' lang='lat' dir='ltr'><strong>cun-</strong></span> 
     </span>
    </p>
   </div>
   <div class='ocr_carea' id='block_1_29' title="bbox 2047 1558 3630 1629">
    <p class='ocr_par' dir='ltr' id='par_1_29' title="bbox 2047 1558 3630 1629">
     <span class='ocr_line' id='line_1_29' title="bbox 2047 1558 3630 1629; baseline 0.001 -18"><span class='ocrx_word' id='word_1_208' title='bbox 2047 1558 2227 1627; x_wconf 88' lang='lat' dir='ltr'><strong>ctique</strong></span> <span class='ocrx_word' id='word_1_209' title='bbox 2256 1560 2531 1629; x_wconf 89' lang='lat' dir='ltr'><strong>sequentis</strong></span> <span class='ocrx_word' id='word_1_210' title='bbox 2565 1559 2773 1615; x_wconf 89' lang='lat' dir='ltr'><strong>ordinis</strong></span> <span class='ocrx_word' id='word_1_211' title='bbox 2796 1559 2956 1624; x_wconf 91' lang='lat' dir='ltr'><strong>cleri,</strong></span> <span class='ocrx_word' id='word_1_212' title='bbox 2983 1559 3355 1628; x_wconf 83' lang='lat' dir='ltr'><strong>nobiliumque</strong></span> <span class='ocrx_word' id='word_1_213' title='bbox 3383 1558 3630 1613; x_wconf 85' lang='lat' dir='ltr'><strong>virorum</strong></span> 
     </span>
    </p>
   </div>
   <div class='ocr_carea' id='block_1_30' title="bbox 2048 1648 3630 1725">
    <p class='ocr_par' dir='ltr' id='par_1_30' title="bbox 2048 1648 3630 1725">
     <span class='ocr_line' id='line_1_30' title="bbox 2048 1648 3630 1725; baseline 0.001 -24"><span class='ocrx_word' id='word_1_214' title='bbox 2048 1663 2154 1701; x_wconf 91' lang='lat' dir='ltr'><strong>non</strong></span> <span class='ocrx_word' id='word_1_215' title='bbox 2200 1650 2408 1725; x_wconf 88' lang='lat' dir='ltr'><strong>modica</strong></span> <span class='ocrx_word' id='word_1_216' title='bbox 2455 1650 2660 1705; x_wconf 90' lang='lat' dir='ltr'><strong>circum</strong></span> <span class='ocrx_word' id='word_1_217' title='bbox 2708 1650 2997 1704; x_wconf 89' lang='lat' dir='ltr'><strong>assistente</strong></span> <span class='ocrx_word' id='word_1_218' title='bbox 3024 1649 3199 1711; x_wconf 83' lang='lat' dir='ltr'><strong>turba,</strong></span> <span class='ocrx_word' id='word_1_219' title='bbox 3230 1663 3290 1703; x_wconf 89' lang='lat' dir='ltr'><strong>se</strong></span> <span class='ocrx_word' id='word_1_220' title='bbox 3318 1648 3630 1713; x_wconf 88' lang='lat' dir='ltr'><strong>induerunt,</strong></span> 
     </span>
    </p>
   </div>
   <div class='ocr_carea' id='block_1_31' title="bbox 373 1728 3632 1817">
    <p class='ocr_par' dir='ltr' id='par_1_31' title="bbox 373 1728 3632 1817">
     <span class='ocr_line' id='line_1_31' title="bbox 373 1728 3632 1817; baseline 0 -24"><span class='ocrx_word' id='word_1_221' title='bbox 373 1748 612 1817; x_wconf 61' lang='lat' dir='ltr'><strong>profectu</strong></span> <span class='ocrx_word' id='word_1_222' title='bbox 644 1758 842 1806; x_wconf 57' lang='lat' dir='ltr'><strong>sancta,</strong></span> <span class='ocrx_word' id='word_1_223' title='bbox 865 1728 1141 1815; x_wconf 58' lang='grc' dir='ltr'><strong>Εορίθείω,</strong></span> <span class='ocrx_word' id='word_1_224' title='bbox 1170 1761 1226 1806; x_wconf 73' lang='grc' dir='ltr'><strong>ει</strong></span> <span class='ocrx_word' id='word_1_225' title='bbox 1248 1728 1419 1807; x_wconf 34' lang='lat' dir='ltr'><strong>sacri-3</strong></span> <span class='ocrx_word' id='word_1_226' title='bbox 1439 1750 1750 1816; x_wconf 60' lang='lat' dir='ltr'><strong>ordinibus,</strong></span> <span class='ocrx_word' id='word_1_227' title='bbox 1778 1758 1833 1804; x_wconf 78' lang='grc' dir='ltr'><strong>ρι</strong></span> <span class='ocrx_word' id='word_1_228' title='bbox 1850 1750 1945 1804; x_wconf 59' lang='lat' dir='ltr'><strong>«his</strong></span> <span class='ocrx_word' id='word_1_229' title='bbox 1976 1728 2018 1786; x_wconf 77' lang='grc' dir='ltr'><strong>Β</strong></span> <span class='ocrx_word' id='word_1_230' title='bbox 2047 1748 2209 1809; x_wconf 90' lang='lat' dir='ltr'><strong>atque</strong></span> <span class='ocrx_word' id='word_1_231' title='bbox 2233 1740 2287 1794; x_wconf 87' lang='lat' dir='ltr'><strong>in</strong></span> <span class='ocrx_word' id='word_1_232' title='bbox 2311 1756 2598 1796; x_wconf 89' lang='lat' dir='ltr'><strong>commune</strong></span> <span class='ocrx_word' id='word_1_233' title='bbox 2615 1782 2630 1806; x_wconf 91' lang='lat'><strong>,</strong></span> <span class='ocrx_word' id='word_1_234' title='bbox 2653 1756 2720 1795; x_wconf 91' lang='lat' dir='ltr'><strong>ne</strong></span> <span class='ocrx_word' id='word_1_235' title='bbox 2741 1740 3031 1810; x_wconf 83' lang='lat' dir='ltr'><strong>aliquando</strong></span> <span class='ocrx_word' id='word_1_236' title='bbox 3060 1740 3218 1794; x_wconf 87' lang='lat' dir='ltr'><strong>sicuti</strong></span> <span class='ocrx_word' id='word_1_237' title='bbox 3254 1739 3355 1794; x_wconf 83' lang='lat' dir='ltr'><strong>sibi</strong></span> <span class='ocrx_word' id='word_1_238' title='bbox 3400 1738 3632 1808; x_wconf 74' lang='lat' dir='ltr'><strong>aliisque</strong></span> 
     </span>
    </p>
   </div>
   <div class='ocr_carea' id='block_1_32' title="bbox 373 1827 3633 1911">
    <p class='ocr_par' dir='ltr' id='par_1_32' title="bbox 373 1827 3633 1911">
     <span class='ocr_line' id='line_1_32' title="bbox 373 1827 3633 1911; baseline 0.002 -20"><span class='ocrx_word' id='word_1_239' title='bbox 373 1854 490 1906; x_wconf 71' lang='lat' dir='ltr'><strong>qum</strong></span> <span class='ocrx_word' id='word_1_240' title='bbox 521 1840 897 1895; x_wconf 91' lang='lat' dir='ltr'><strong>emendatione</strong></span> <span class='ocrx_word' id='word_1_241' title='bbox 932 1840 1090 1911; x_wconf 87' lang='lat' dir='ltr'><strong>digna</strong></span> <span class='ocrx_word' id='word_1_242' title='bbox 1132 1840 1484 1906; x_wconf 89' lang='lat' dir='ltr'><strong>videbantur,</strong></span> <span class='ocrx_word' id='word_1_243' title='bbox 1515 1846 1780 1894; x_wconf 87' lang='lat' dir='ltr'><strong>conventu</strong></span> <span class='ocrx_word' id='word_1_244' title='bbox 1807 1839 1947 1908; x_wconf 87' lang='lat' dir='ltr'><strong>apud</strong></span> <span class='ocrx_word' id='word_1_245' title='bbox 2041 1827 2154 1897; x_wconf 71' lang='lat' dir='ltr'><strong>iam</strong></span> <span class='ocrx_word' id='word_1_246' title='bbox 2178 1829 2231 1883; x_wconf 71' lang='grc' dir='ltr'><strong>ίη</strong></span> <span class='ocrx_word' id='word_1_247' title='bbox 2251 1831 2440 1885; x_wconf 51' lang='lat' dir='ltr'><strong>“idem</strong></span> <span class='ocrx_word' id='word_1_248' title='bbox 2470 1829 2588 1885; x_wconf 66' lang='grc' dir='ltr'><strong>Ῑοοο</strong></span> <span class='ocrx_word' id='word_1_249' title='bbox 2611 1830 2929 1899; x_wconf 53' lang='lat' dir='ltr'><strong>contigerat:</strong></span> <span class='ocrx_word' id='word_1_250' title='bbox 2960 1832 3028 1884; x_wconf 65' lang='grc' dir='ltr'><strong>πὶ)</strong></span> <span class='ocrx_word' id='word_1_251' title='bbox 3055 1839 3255 1884; x_wconf 62' lang='grc' dir='ltr'><strong>διωθιίὲ</strong></span> <span class='ocrx_word' id='word_1_252' title='bbox 3279 1829 3633 1898; x_wconf 72' lang='lat' dir='ltr'><strong>professionis</strong></span> 
     </span>
    </p>
   </div>
   <div class='ocr_carea' id='block_1_33' title="bbox 373 1928 1945 1997">
    <p class='ocr_par' dir='ltr' id='par_1_33' title="bbox 373 1928 1945 1997">
     <span class='ocr_line' id='line_1_33' title="bbox 373 1928 1945 1997; baseline -0.001 -15"><span class='ocrx_word' id='word_1_253' title='bbox 373 1928 611 1983; x_wconf 85' lang='lat' dir='ltr'><strong>Parisios</strong></span> <span class='ocrx_word' id='word_1_254' title='bbox 644 1928 887 1997; x_wconf 89' lang='lat' dir='ltr'><strong>jussione</strong></span> <span class='ocrx_word' id='word_1_255' title='bbox 933 1939 1116 1985; x_wconf 88' lang='lat' dir='ltr'><strong>nostra</strong></span> <span class='ocrx_word' id='word_1_256' title='bbox 1162 1930 1345 1984; x_wconf 91' lang='lat' dir='ltr'><strong>habito</strong></span> <span class='ocrx_word' id='word_1_257' title='bbox 1385 1939 1604 1984; x_wconf 80' lang='lat' dir='ltr'><strong>strenua</strong></span> <span class='ocrx_word' id='word_1_258' title='bbox 1651 1935 1706 1983; x_wconf 90' lang='lat' dir='ltr'><strong>et</strong></span> <span class='ocrx_word' id='word_1_259' title='bbox 1756 1928 1945 1982; x_wconf 88' lang='lat' dir='ltr'><strong>devota</strong></span> 
     </span>
    </p>
   </div>
   <div class='ocr_carea' id='block_1_34' title="bbox 372 2009 1950 2086">
    <p class='ocr_par' dir='ltr' id='par_1_34' title="bbox 372 2009 1950 2086">
     <span class='ocr_line' id='line_1_34' title="bbox 372 2009 1950 2086; baseline 0 -15"><span class='ocrx_word' id='word_1_260' title='bbox 372 2018 784 2086; x_wconf 85' lang='lat' dir='ltr'><strong>perspicacitate</strong></span> <span class='ocrx_word' id='word_1_261' title='bbox 832 2012 1166 2083; x_wconf 86' lang='lat' dir='ltr'><strong>tractarent,</strong></span> <span class='ocrx_word' id='word_1_262' title='bbox 1220 2018 1362 2072; x_wconf 89' lang='lat' dir='ltr'><strong>inter</strong></span> <span class='ocrx_word' id='word_1_263' title='bbox 1409 2009 1604 2073; x_wconf 71' lang='lat' dir='ltr'><strong>caetera</strong></span> <span class='ocrx_word' id='word_1_264' title='bbox 1650 2017 1824 2071; x_wconf 91' lang='lat' dir='ltr'><strong>visum</strong></span> <span class='ocrx_word' id='word_1_265' title='bbox 1866 2026 1950 2071; x_wconf 87' lang='lat' dir='ltr'><strong>est</strong></span> 
     </span>
    </p>
   </div>
   <div class='ocr_carea' id='block_1_35' title="bbox 370 2107 1947 2178">
    <p class='ocr_par' dir='ltr' id='par_1_35' title="bbox 370 2107 1947 2178">
     <span class='ocr_line' id='line_1_35' title="bbox 370 2107 1947 2178; baseline 0 -17"><span class='ocrx_word' id='word_1_266' title='bbox 370 2107 495 2171; x_wconf 87' lang='lat' dir='ltr'><strong>illis,</strong></span> <span class='ocrx_word' id='word_1_267' title='bbox 524 2117 580 2160; x_wconf 90' lang='lat' dir='ltr'><strong>ut</strong></span> <span class='ocrx_word' id='word_1_268' title='bbox 606 2109 993 2163; x_wconf 87' lang='lat' dir='ltr'><strong>monasterium</strong></span> <span class='ocrx_word' id='word_1_269' title='bbox 1023 2108 1420 2178; x_wconf 80' lang='lat' dir='ltr'><strong>praeclarissimi</strong></span> <span class='ocrx_word' id='word_1_270' title='bbox 1452 2119 1507 2164; x_wconf 92' lang='lat' dir='ltr'><strong>et</strong></span> <span class='ocrx_word' id='word_1_271' title='bbox 1539 2108 1721 2163; x_wconf 79' lang='lat' dir='ltr'><strong>eximii</strong></span> <span class='ocrx_word' id='word_1_272' title='bbox 1745 2107 1947 2162; x_wconf 88' lang='lat' dir='ltr'><strong>Christi</strong></span> 
     </span>
    </p>
   </div>
   <div class='ocr_carea' id='block_1_36' title="bbox 373 2196 1947 2269">
    <p class='ocr_par' dir='ltr' id='par_1_36' title="bbox 373 2196 1947 2269">
     <span class='ocr_line' id='line_1_36' title="bbox 373 2196 1947 2269; baseline 0 -18"><span class='ocrx_word' id='word_1_273' title='bbox 373 2197 629 2269; x_wconf 87' lang='lat' dir='ltr'><strong>martyris</strong></span> <span class='ocrx_word' id='word_1_274' title='bbox 655 2199 801 2253; x_wconf 86' lang='lat' dir='ltr'><strong>beati</strong></span> <span class='ocrx_word' id='word_1_275' title='bbox 829 2199 1065 2269; x_wconf 88' lang='lat' dir='ltr'><strong>Dionysii</strong></span> <span class='ocrx_word' id='word_1_276' title='bbox 1090 2199 1466 2268; x_wconf 86' lang='lat' dir='ltr'><strong>sociorumque</strong></span> <span class='ocrx_word' id='word_1_277' title='bbox 1487 2199 1621 2268; x_wconf 86' lang='lat' dir='ltr'><strong>ejus,</strong></span> <span class='ocrx_word' id='word_1_278' title='bbox 1647 2196 1789 2265; x_wconf 92' lang='lat' dir='ltr'><strong>quod</strong></span> <span class='ocrx_word' id='word_1_279' title='bbox 1815 2211 1947 2251; x_wconf 86' lang='lat' dir='ltr'><strong>con-</strong></span> 
     </span>
    </p>
   </div>
   <div class='ocr_carea' id='block_1_37' title="bbox 374 2288 1947 2363">
    <p class='ocr_par' dir='ltr' id='par_1_37' title="bbox 374 2288 1947 2363">
     <span class='ocr_line' id='line_1_37' title="bbox 374 2288 1947 2363; baseline -0.001 -20"><span class='ocrx_word' id='word_1_280' title='bbox 374 2297 481 2343; x_wconf 88' lang='lat' dir='ltr'><strong>stat</strong></span> <span class='ocrx_word' id='word_1_281' title='bbox 506 2298 777 2343; x_wconf 87' lang='lat' dir='ltr'><strong>tantorum</strong></span> <span class='ocrx_word' id='word_1_282' title='bbox 810 2301 1105 2363; x_wconf 90' lang='lat' dir='ltr'><strong>martyrum</strong></span> <span class='ocrx_word' id='word_1_283' title='bbox 1138 2290 1354 2345; x_wconf 88' lang='lat' dir='ltr'><strong>nomine</strong></span> <span class='ocrx_word' id='word_1_284' title='bbox 1389 2290 1500 2346; x_wconf 91' lang='lat' dir='ltr'><strong>Deo</strong></span> <span class='ocrx_word' id='word_1_285' title='bbox 1526 2288 1863 2354; x_wconf 88' lang='lat' dir='ltr'><strong>dedicatum,</strong></span> <span class='ocrx_word' id='word_1_286' title='bbox 1894 2297 1947 2343; x_wconf 89' lang='lat' dir='ltr'><strong>et</strong></span> 
     </span>
    </p>
   </div>
   <div class='ocr_carea' id='block_1_38' title="bbox 374 2377 1944 2450">
    <p class='ocr_par' dir='ltr' id='par_1_38' title="bbox 374 2377 1944 2450">
     <span class='ocr_line' id='line_1_38' title="bbox 374 2377 1944 2450; baseline 0.001 -19"><span class='ocrx_word' id='word_1_287' title='bbox 374 2393 405 2431; x_wconf 90' lang='lat' dir='ltr'><strong>a</strong></span> <span class='ocrx_word' id='word_1_288' title='bbox 434 2378 648 2448; x_wconf 78' lang='lat' dir='ltr'><strong>regibus</strong></span> <span class='ocrx_word' id='word_1_289' title='bbox 690 2377 1020 2434; x_wconf 85' lang='lat' dir='ltr'><strong>Francorum</strong></span> <span class='ocrx_word' id='word_1_290' title='bbox 1070 2379 1614 2450; x_wconf 88' lang='lat' dir='ltr'><strong>progenitoribusque</strong></span> <span class='ocrx_word' id='word_1_291' title='bbox 1642 2378 1828 2449; x_wconf 78' lang='lat' dir='ltr'><strong>gloriae</strong></span> <span class='ocrx_word' id='word_1_292' title='bbox 1845 2393 1944 2432; x_wconf 89' lang='lat' dir='ltr'><strong>no-</strong></span> 
     </span>
    </p>
   </div>
   <div class='ocr_carea' id='block_1_39' title="bbox 371 2470 1944 2542">
    <p class='ocr_par' dir='ltr' id='par_1_39' title="bbox 371 2470 1944 2542">
     <span class='ocr_line' id='line_1_39' title="bbox 371 2470 1944 2542; baseline 0.001 -18"><span class='ocrx_word' id='word_1_293' title='bbox 371 2479 499 2525; x_wconf 66' lang='lat' dir='ltr'><strong>stra:</strong></span> <span class='ocrx_word' id='word_1_294' title='bbox 521 2470 869 2540; x_wconf 88' lang='lat' dir='ltr'><strong>amplissimis</strong></span> <span class='ocrx_word' id='word_1_295' title='bbox 896 2471 1057 2526; x_wconf 92' lang='lat' dir='ltr'><strong>rebus</strong></span> <span class='ocrx_word' id='word_1_296' title='bbox 1088 2472 1339 2537; x_wconf 88' lang='lat' dir='ltr'><strong>ditatum,</strong></span> <span class='ocrx_word' id='word_1_297' title='bbox 1366 2487 1474 2542; x_wconf 90' lang='lat' dir='ltr'><strong>quo</strong></span> <span class='ocrx_word' id='word_1_298' title='bbox 1504 2471 1556 2526; x_wconf 89' lang='lat' dir='ltr'><strong>in</strong></span> <span class='ocrx_word' id='word_1_299' title='bbox 1589 2486 1655 2526; x_wconf 88' lang='lat' dir='ltr'><strong>eo</strong></span> <span class='ocrx_word' id='word_1_300' title='bbox 1682 2470 1944 2526; x_wconf 87' lang='lat' dir='ltr'><strong>monasti-</strong></span> 
     </span>
    </p>
   </div>
   <div class='ocr_carea' id='block_1_40' title="bbox 373 2561 1947 2633">
    <p class='ocr_par' dir='ltr' id='par_1_40' title="bbox 373 2561 1947 2633">
     <span class='ocr_line' id='line_1_40' title="bbox 373 2561 1947 2633; baseline 0.001 -18"><span class='ocrx_word' id='word_1_301' title='bbox 373 2577 470 2616; x_wconf 89' lang='lat' dir='ltr'><strong>cus</strong></span> <span class='ocrx_word' id='word_1_302' title='bbox 516 2561 650 2615; x_wconf 89' lang='lat' dir='ltr'><strong>ordo</strong></span> <span class='ocrx_word' id='word_1_303' title='bbox 691 2561 942 2631; x_wconf 83' lang='lat' dir='ltr'><strong>religiose</strong></span> <span class='ocrx_word' id='word_1_304' title='bbox 987 2562 1099 2618; x_wconf 92' lang='lat' dir='ltr'><strong>Deo</strong></span> <span class='ocrx_word' id='word_1_305' title='bbox 1151 2563 1486 2627; x_wconf 89' lang='lat' dir='ltr'><strong>deserviret,</strong></span> <span class='ocrx_word' id='word_1_306' title='bbox 1529 2577 1724 2633; x_wconf 84' lang='lat' dir='ltr'><strong>magna</strong></span> <span class='ocrx_word' id='word_1_307' title='bbox 1764 2577 1947 2617; x_wconf 88' lang='lat' dir='ltr'><strong>emen-</strong></span> 
     </span>
    </p>
   </div>
   <div class='ocr_carea' id='block_1_41' title="bbox 372 2652 1947 2725">
    <p class='ocr_par' dir='ltr' id='par_1_41' title="bbox 372 2652 1947 2725">
     <span class='ocr_line' id='line_1_41' title="bbox 372 2652 1947 2725; baseline 0.003 -20"><span class='ocrx_word' id='word_1_308' title='bbox 372 2652 588 2707; x_wconf 86' lang='lat' dir='ltr'><strong>datione</strong></span> <span class='ocrx_word' id='word_1_309' title='bbox 611 2660 668 2708; x_wconf 92' lang='lat' dir='ltr'><strong>et</strong></span> <span class='ocrx_word' id='word_1_310' title='bbox 696 2654 1031 2709; x_wconf 89' lang='lat' dir='ltr'><strong>correctione</strong></span> <span class='ocrx_word' id='word_1_311' title='bbox 1059 2669 1194 2725; x_wconf 91' lang='lat' dir='ltr'><strong>opus</strong></span> <span class='ocrx_word' id='word_1_312' title='bbox 1218 2654 1460 2721; x_wconf 89' lang='lat' dir='ltr'><strong>haberet,</strong></span> <span class='ocrx_word' id='word_1_313' title='bbox 1493 2655 1744 2724; x_wconf 89' lang='lat' dir='ltr'><strong>quoniam</strong></span> <span class='ocrx_word' id='word_1_314' title='bbox 1782 2655 1850 2709; x_wconf 90' lang='lat' dir='ltr'><strong>ab</strong></span> <span class='ocrx_word' id='word_1_315' title='bbox 1881 2668 1947 2709; x_wconf 91' lang='lat' dir='ltr'><strong>co</strong></span> 
     </span>
    </p>
   </div>
   <div class='ocr_carea' id='block_1_42' title="bbox 369 2743 1947 2813">
    <p class='ocr_par' dir='ltr' id='par_1_42' title="bbox 369 2743 1947 2813">
     <span class='ocr_line' id='line_1_42' title="bbox 369 2743 1947 2813; baseline 0.002 -17"><span class='ocrx_word' id='word_1_316' title='bbox 369 2743 511 2797; x_wconf 89' lang='lat' dir='ltr'><strong>idem</strong></span> <span class='ocrx_word' id='word_1_317' title='bbox 533 2744 668 2803; x_wconf 81' lang='lat' dir='ltr'><strong>ordo</strong></span> <span class='ocrx_word' id='word_1_318' title='bbox 693 2744 760 2799; x_wconf 90' lang='lat' dir='ltr'><strong>ad</strong></span> <span class='ocrx_word' id='word_1_319' title='bbox 783 2744 1074 2801; x_wconf 85' lang='lat' dir='ltr'><strong>multorum</strong></span> <span class='ocrx_word' id='word_1_320' title='bbox 1098 2746 1413 2813; x_wconf 88' lang='lat' dir='ltr'><strong>discrimen,</strong></span> <span class='ocrx_word' id='word_1_321' title='bbox 1441 2747 1585 2801; x_wconf 90' lang='lat' dir='ltr'><strong>nulla</strong></span> <span class='ocrx_word' id='word_1_322' title='bbox 1624 2747 1947 2803; x_wconf 88' lang='lat' dir='ltr'><strong>necessitate</strong></span> 
     </span>
    </p>
   </div>
   <div class='ocr_carea' id='block_1_43' title="bbox 370 2834 1947 2909">
    <p class='ocr_par' dir='ltr' id='par_1_43' title="bbox 370 2834 1947 2909">
     <span class='ocr_line' id='line_1_43' title="bbox 370 2834 1947 2909; baseline 0.003 -21"><span class='ocrx_word' id='word_1_323' title='bbox 370 2834 759 2904; x_wconf 78' lang='lat' dir='ltr'><strong>pra-pediente,</strong></span> <span class='ocrx_word' id='word_1_324' title='bbox 809 2837 1006 2894; x_wconf 89' lang='lat' dir='ltr'><strong>nullius</strong></span> <span class='ocrx_word' id='word_1_325' title='bbox 1037 2839 1115 2894; x_wconf 90' lang='lat' dir='ltr'><strong>rei</strong></span> <span class='ocrx_word' id='word_1_326' title='bbox 1155 2838 1332 2908; x_wconf 88' lang='lat' dir='ltr'><strong>inopia</strong></span> <span class='ocrx_word' id='word_1_327' title='bbox 1361 2839 1690 2903; x_wconf 88' lang='lat' dir='ltr'><strong>obsistente,</strong></span> <span class='ocrx_word' id='word_1_328' title='bbox 1731 2836 1947 2909; x_wconf 82' lang='lat' dir='ltr'><strong>penitus</strong></span> 
     </span>
    </p>
   </div>
   <div class='ocr_carea' id='block_1_44' title="bbox 367 2926 1948 3001">
    <p class='ocr_par' dir='ltr' id='par_1_44' title="bbox 367 2926 1948 3001">
     <span class='ocr_line' id='line_1_44' title="bbox 367 2926 1948 3001; baseline 0.002 -22"><span class='ocrx_word' id='word_1_329' title='bbox 367 2933 486 2980; x_wconf 85' lang='lat' dir='ltr'><strong>erat</strong></span> <span class='ocrx_word' id='word_1_330' title='bbox 509 2926 747 2981; x_wconf 88' lang='lat' dir='ltr'><strong>avulsus.</strong></span> <span class='ocrx_word' id='word_1_331' title='bbox 801 2928 973 2995; x_wconf 89' lang='lat' dir='ltr'><strong>Quam</strong></span> <span class='ocrx_word' id='word_1_332' title='bbox 1001 2943 1221 2984; x_wconf 85' lang='lat' dir='ltr'><strong>causam</strong></span> <span class='ocrx_word' id='word_1_333' title='bbox 1243 2970 1256 2995; x_wconf 97' lang='lat'><strong>,</strong></span> <span class='ocrx_word' id='word_1_334' title='bbox 1309 2937 1417 2985; x_wconf 90' lang='lat' dir='ltr'><strong>tam</strong></span> <span class='ocrx_word' id='word_1_335' title='bbox 1454 2945 1550 3000; x_wconf 89' lang='lat' dir='ltr'><strong>per</strong></span> <span class='ocrx_word' id='word_1_336' title='bbox 1587 2944 1647 2985; x_wconf 92' lang='lat' dir='ltr'><strong>se</strong></span> <span class='ocrx_word' id='word_1_337' title='bbox 1676 2944 1948 3001; x_wconf 83' lang='lat' dir='ltr'><strong>quamque</strong></span> 
     </span>
    </p>
   </div>
   <div class='ocr_carea' id='block_1_45' title="bbox 371 3017 1944 3090">
    <p class='ocr_par' dir='ltr' id='par_1_45' title="bbox 371 3017 1944 3090">
     <span class='ocr_line' id='line_1_45' title="bbox 371 3017 1944 3090; baseline 0.001 -19"><span class='ocrx_word' id='word_1_338' title='bbox 371 3025 426 3071; x_wconf 91' lang='lat' dir='ltr'><strong>et</strong></span> <span class='ocrx_word' id='word_1_339' title='bbox 452 3033 549 3087; x_wconf 91' lang='lat' dir='ltr'><strong>per</strong></span> <span class='ocrx_word' id='word_1_340' title='bbox 573 3017 931 3073; x_wconf 86' lang='lat' dir='ltr'><strong>venerabilem</strong></span> <span class='ocrx_word' id='word_1_341' title='bbox 953 3019 1378 3090; x_wconf 88' lang='lat' dir='ltr'><strong>prudentemque</strong></span> <span class='ocrx_word' id='word_1_342' title='bbox 1398 3020 1569 3073; x_wconf 89' lang='lat' dir='ltr'><strong>virum</strong></span> <span class='ocrx_word' id='word_1_343' title='bbox 1615 3019 1944 3083; x_wconf 85' lang='lat' dir='ltr'><strong>Hilduinum,</strong></span> 
     </span>
    </p>
   </div>
   <div class='ocr_carea' id='block_1_46' title="bbox 369 3110 1947 3181">
    <p class='ocr_par' dir='ltr' id='par_1_46' title="bbox 369 3110 1947 3181">
     <span class='ocr_line' id='line_1_46' title="bbox 369 3110 1947 3181; baseline 0.001 -18"><span class='ocrx_word' id='word_1_344' title='bbox 369 3110 652 3164; x_wconf 87' lang='lat' dir='ltr'><strong>memorati</strong></span> <span class='ocrx_word' id='word_1_345' title='bbox 698 3110 1013 3165; x_wconf 89' lang='lat' dir='ltr'><strong>monasterii</strong></span> <span class='ocrx_word' id='word_1_346' title='bbox 1061 3110 1372 3181; x_wconf 88' lang='lat' dir='ltr'><strong>religiosum</strong></span> <span class='ocrx_word' id='word_1_347' title='bbox 1414 3111 1694 3175; x_wconf 70' lang='lat' dir='ltr'><strong>abbatem,</strong></span> <span class='ocrx_word' id='word_1_348' title='bbox 1749 3118 1947 3165; x_wconf 62' lang='lat' dir='ltr'><strong>nostra;</strong></span> 
     </span>
    </p>
   </div>
   <div class='ocr_carea' id='block_1_47' title="bbox 369 3199 1947 3271">
    <p class='ocr_par' dir='ltr' id='par_1_47' title="bbox 369 3199 1947 3271">
     <span class='ocr_line' id='line_1_47' title="bbox 369 3199 1947 3271; baseline 0.001 -18"><span class='ocrx_word' id='word_1_349' title='bbox 369 3199 682 3255; x_wconf 87' lang='lat' dir='ltr'><strong>serenitatis</strong></span> <span class='ocrx_word' id='word_1_350' title='bbox 706 3201 929 3256; x_wconf 84' lang='lat' dir='ltr'><strong>auribus</strong></span> <span class='ocrx_word' id='word_1_351' title='bbox 955 3201 1362 3268; x_wconf 89' lang='lat' dir='ltr'><strong>intimaveruut,</strong></span> <span class='ocrx_word' id='word_1_352' title='bbox 1392 3202 1467 3257; x_wconf 90' lang='lat' dir='ltr'><strong>uti</strong></span> <span class='ocrx_word' id='word_1_353' title='bbox 1499 3210 1681 3258; x_wconf 91' lang='lat' dir='ltr'><strong>nostra</strong></span> <span class='ocrx_word' id='word_1_354' title='bbox 1703 3200 1947 3271; x_wconf 87' lang='lat' dir='ltr'><strong>piissima</strong></span> 
     </span>
    </p>
   </div>
   <div class='ocr_carea' id='block_1_48' title="bbox 369 3289 1945 3362">
    <p class='ocr_par' dir='ltr' id='par_1_48' title="bbox 369 3289 1945 3362">
     <span class='ocr_line' id='line_1_48' title="bbox 369 3289 1945 3362; baseline 0.003 -20"><span class='ocrx_word' id='word_1_355' title='bbox 369 3289 638 3360; x_wconf 87' lang='lat' dir='ltr'><strong>imperiali</strong></span> <span class='ocrx_word' id='word_1_356' title='bbox 663 3298 929 3361; x_wconf 88' lang='lat' dir='ltr'><strong>potestate</strong></span> <span class='ocrx_word' id='word_1_357' title='bbox 959 3307 1057 3362; x_wconf 88' lang='lat' dir='ltr'><strong>per</strong></span> <span class='ocrx_word' id='word_1_358' title='bbox 1080 3308 1268 3349; x_wconf 92' lang='lat' dir='ltr'><strong>eorum</strong></span> <span class='ocrx_word' id='word_1_359' title='bbox 1301 3294 1677 3348; x_wconf 77' lang='lat' dir='ltr'><strong>aucwritatem</strong></span> <span class='ocrx_word' id='word_1_360' title='bbox 1705 3292 1945 3362; x_wconf 81' lang='lat' dir='ltr'><strong>corrige-</strong></span> 
     </span>
    </p>
   </div>
   <div class='ocr_carea' id='block_1_49' title="bbox 372 3375 1948 3452">
    <p class='ocr_par' dir='ltr' id='par_1_49' title="bbox 372 3375 1948 3452">
     <span class='ocr_line' id='line_1_49' title="bbox 372 3375 1948 3452; baseline 0.003 -19"><span class='ocrx_word' id='word_1_361' title='bbox 372 3386 541 3433; x_wconf 91' lang='lat' dir='ltr'><strong>rctur.</strong></span> <span class='ocrx_word' id='word_1_362' title='bbox 587 3375 742 3436; x_wconf 86' lang='lat' dir='ltr'><strong>Unde</strong></span> <span class='ocrx_word' id='word_1_363' title='bbox 783 3381 1017 3451; x_wconf 79' lang='lat' dir='ltr'><strong>dignitas</strong></span> <span class='ocrx_word' id='word_1_364' title='bbox 1056 3382 1268 3452; x_wconf 91' lang='lat' dir='ltr'><strong>imperii</strong></span> <span class='ocrx_word' id='word_1_365' title='bbox 1299 3382 1469 3438; x_wconf 88' lang='lat' dir='ltr'><strong>nostri</strong></span> <span class='ocrx_word' id='word_1_366' title='bbox 1500 3390 1777 3438; x_wconf 88' lang='lat' dir='ltr'><strong>tantorum</strong></span> <span class='ocrx_word' id='word_1_367' title='bbox 1805 3383 1948 3437; x_wconf 86' lang='lat' dir='ltr'><strong>viro-</strong></span> 
     </span>
    </p>
   </div>
   <div class='ocr_carea' id='block_1_50' title="bbox 370 3470 1948 3541">
    <p class='ocr_par' dir='ltr' id='par_1_50' title="bbox 370 3470 1948 3541">
     <span class='ocr_line' id='line_1_50' title="bbox 370 3470 1948 3541; baseline 0.002 -17"><span class='ocrx_word' id='word_1_368' title='bbox 370 3486 489 3524; x_wconf 90' lang='lat' dir='ltr'><strong>rum</strong></span> <span class='ocrx_word' id='word_1_369' title='bbox 520 3470 934 3527; x_wconf 88' lang='lat' dir='ltr'><strong>saluberrimam</strong></span> <span class='ocrx_word' id='word_1_370' title='bbox 972 3473 1413 3538; x_wconf 86' lang='lat' dir='ltr'><strong>admonitionem,</strong></span> <span class='ocrx_word' id='word_1_371' title='bbox 1451 3481 1505 3528; x_wconf 90' lang='lat' dir='ltr'><strong>et</strong></span> <span class='ocrx_word' id='word_1_372' title='bbox 1528 3472 1765 3541; x_wconf 88' lang='lat' dir='ltr'><strong>ejusdem</strong></span> <span class='ocrx_word' id='word_1_373' title='bbox 1789 3489 1948 3528; x_wconf 90' lang='lat' dir='ltr'><strong>vene-</strong></span> 
     </span>
    </p>
   </div>
   <div class='ocr_carea' id='block_1_51' title="bbox 371 3563 1947 3636">
    <p class='ocr_par' dir='ltr' id='par_1_51' title="bbox 371 3563 1947 3636">
     <span class='ocr_line' id='line_1_51' title="bbox 371 3563 1947 3636; baseline 0.001 -17"><span class='ocrx_word' id='word_1_374' title='bbox 371 3564 557 3620; x_wconf 87' lang='lat' dir='ltr'><strong>rabilis</strong></span> <span class='ocrx_word' id='word_1_375' title='bbox 617 3564 831 3620; x_wconf 89' lang='lat' dir='ltr'><strong>abbatis</strong></span> <span class='ocrx_word' id='word_1_376' title='bbox 881 3563 1116 3619; x_wconf 85' lang='lat' dir='ltr'><strong>llilduini</strong></span> <span class='ocrx_word' id='word_1_377' title='bbox 1168 3580 1357 3636; x_wconf 88' lang='lat' dir='ltr'><strong>preces</strong></span> <span class='ocrx_word' id='word_1_378' title='bbox 1414 3565 1743 3621; x_wconf 88' lang='lat' dir='ltr'><strong>humillimas</strong></span> <span class='ocrx_word' id='word_1_379' title='bbox 1798 3581 1947 3621; x_wconf 91' lang='lat' dir='ltr'><strong>more</strong></span> 
     </span>
    </p>
   </div>
   <div class='ocr_carea' id='block_1_52' title="bbox 369 3652 1948 3727">
    <p class='ocr_par' dir='ltr' id='par_1_52' title="bbox 369 3652 1948 3727">
     <span class='ocr_line' id='line_1_52' title="bbox 369 3652 1948 3727; baseline 0.003 -20"><span class='ocrx_word' id='word_1_380' title='bbox 369 3652 780 3725; x_wconf 85' lang='lat' dir='ltr'><strong>tranquillitatis</strong></span> <span class='ocrx_word' id='word_1_381' title='bbox 839 3663 1037 3709; x_wconf 72' lang='lat' dir='ltr'><strong>nostrae</strong></span> <span class='ocrx_word' id='word_1_382' title='bbox 1084 3656 1241 3712; x_wconf 91' lang='lat' dir='ltr'><strong>solito</strong></span> <span class='ocrx_word' id='word_1_383' title='bbox 1295 3664 1573 3727; x_wconf 80' lang='lat' dir='ltr'><strong>gratanter</strong></span> <span class='ocrx_word' id='word_1_384' title='bbox 1613 3655 1948 3727; x_wconf 83' lang='lat' dir='ltr'><strong>benigneque</strong></span> 
     </span>
    </p>
   </div>
   <div class='ocr_carea' id='block_1_53' title="bbox 368 3744 1944 3816">
    <p class='ocr_par' dir='ltr' id='par_1_53' title="bbox 368 3744 1944 3816">
     <span class='ocr_line' id='line_1_53' title="bbox 368 3744 1944 3816; baseline 0.001 -16"><span class='ocrx_word' id='word_1_385' title='bbox 368 3744 691 3813; x_wconf 85' lang='lat' dir='ltr'><strong>suscipiens,</strong></span> <span class='ocrx_word' id='word_1_386' title='bbox 741 3752 904 3814; x_wconf 88' lang='lat' dir='ltr'><strong>atque</strong></span> <span class='ocrx_word' id='word_1_387' title='bbox 941 3744 994 3799; x_wconf 94' lang='lat' dir='ltr'><strong>in</strong></span> <span class='ocrx_word' id='word_1_388' title='bbox 1032 3746 1282 3801; x_wconf 90' lang='lat' dir='ltr'><strong>omnibus</strong></span> <span class='ocrx_word' id='word_1_389' title='bbox 1315 3744 1654 3801; x_wconf 88' lang='lat' dir='ltr'><strong>emendabile</strong></span> <span class='ocrx_word' id='word_1_390' title='bbox 1674 3745 1944 3816; x_wconf 82' lang='lat' dir='ltr'><strong>judicans,</strong></span> 
     </span>
    </p>
   </div>
   <div class='ocr_carea' id='block_1_54' title="bbox 366 3833 1947 3904">
    <p class='ocr_par' dir='ltr' id='par_1_54' title="bbox 366 3833 1947 3904">
     <span class='ocr_line' id='line_1_54' title="bbox 366 3833 1947 3904; baseline 0.001 -14"><span class='ocrx_word' id='word_1_391' title='bbox 366 3850 436 3890; x_wconf 89' lang='lat' dir='ltr'><strong>ne</strong></span> <span class='ocrx_word' id='word_1_392' title='bbox 455 3833 591 3888; x_wconf 89' lang='lat' dir='ltr'><strong>tanti</strong></span> <span class='ocrx_word' id='word_1_393' title='bbox 618 3833 825 3889; x_wconf 85' lang='lat' dir='ltr'><strong>ordinis</strong></span> <span class='ocrx_word' id='word_1_394' title='bbox 857 3833 1114 3904; x_wconf 87' lang='lat' dir='ltr'><strong>collapsio</strong></span> <span class='ocrx_word' id='word_1_395' title='bbox 1143 3834 1334 3890; x_wconf 83' lang='lat' dir='ltr'><strong>salutis</strong></span> <span class='ocrx_word' id='word_1_396' title='bbox 1365 3842 1564 3889; x_wconf 71' lang='lat' dir='ltr'><strong>nostra:</strong></span> <span class='ocrx_word' id='word_1_397' title='bbox 1593 3850 1808 3904; x_wconf 91' lang='lat' dir='ltr'><strong>quoquo</strong></span> <span class='ocrx_word' id='word_1_398' title='bbox 1834 3852 1947 3892; x_wconf 91' lang='lat' dir='ltr'><strong>mo-</strong></span> 
     </span>
    </p>
   </div>
   <div class='ocr_carea' id='block_1_55' title="bbox 368 3924 1946 3996">
    <p class='ocr_par' dir='ltr' id='par_1_55' title="bbox 368 3924 1946 3996">
     <span class='ocr_line' id='line_1_55' title="bbox 368 3924 1946 3996; baseline 0 -15"><span class='ocrx_word' id='word_1_399' title='bbox 368 3927 436 3981; x_wconf 90' lang='lat' dir='ltr'><strong>do</strong></span> <span class='ocrx_word' id='word_1_400' title='bbox 468 3924 621 3981; x_wconf 88' lang='lat' dir='ltr'><strong>fieret</strong></span> <span class='ocrx_word' id='word_1_401' title='bbox 643 3925 937 3987; x_wconf 86' lang='lat' dir='ltr'><strong>damnatio.</strong></span> <span class='ocrx_word' id='word_1_402' title='bbox 960 3925 1033 3979; x_wconf 67' lang='lat' dir='ltr'><strong>ad</strong></span> <span class='ocrx_word' id='word_1_403' title='bbox 1058 3927 1275 3982; x_wconf 91' lang='lat' dir='ltr'><strong>eosdem</strong></span> <span class='ocrx_word' id='word_1_404' title='bbox 1300 3926 1558 3996; x_wconf 76' lang='lat' dir='ltr'><strong>praesules</strong></span> <span class='ocrx_word' id='word_1_405' title='bbox 1584 3925 1946 3981; x_wconf 87' lang='lat' dir='ltr'><strong>Ecclesiarum</strong></span> 
     </span>
    </p>
   </div>
   <div class='ocr_carea' id='block_1_56' title="bbox 368 4014 1947 4088">
    <p class='ocr_par' dir='ltr' id='par_1_56' title="bbox 368 4014 1947 4088">
     <span class='ocr_line' id='line_1_56' title="bbox 368 4014 1947 4088; baseline 0.002 -20"><span class='ocrx_word' id='word_1_406' title='bbox 368 4014 509 4071; x_wconf 90' lang='lat' dir='ltr'><strong>idem</strong></span> <span class='ocrx_word' id='word_1_407' title='bbox 542 4017 849 4072; x_wconf 87' lang='lat' dir='ltr'><strong>censuimus</strong></span> <span class='ocrx_word' id='word_1_408' title='bbox 888 4016 1080 4072; x_wconf 87' lang='lat' dir='ltr'><strong>referri</strong></span> <span class='ocrx_word' id='word_1_409' title='bbox 1122 4017 1418 4088; x_wconf 79' lang='lat' dir='ltr'><strong>negotium,</strong></span> <span class='ocrx_word' id='word_1_410' title='bbox 1463 4024 1521 4070; x_wconf 94' lang='lat' dir='ltr'><strong>ut</strong></span> <span class='ocrx_word' id='word_1_411' title='bbox 1551 4016 1717 4071; x_wconf 81' lang='lat' dir='ltr'><strong>nostri</strong></span> <span class='ocrx_word' id='word_1_412' title='bbox 1747 4016 1947 4086; x_wconf 88' lang='lat' dir='ltr'><strong>princi-</strong></span> 
     </span>
    </p>
   </div>
   <div class='ocr_carea' id='block_1_57' title="bbox 368 4104 1942 4175">
    <p class='ocr_par' dir='ltr' id='par_1_57' title="bbox 368 4104 1942 4175">
     <span class='ocr_line' id='line_1_57' title="bbox 368 4104 1942 4175; baseline 0.001 -17"><span class='ocrx_word' id='word_1_413' title='bbox 368 4114 526 4175; x_wconf 87' lang='lat' dir='ltr'><strong>patus</strong></span> <span class='ocrx_word' id='word_1_414' title='bbox 574 4106 901 4160; x_wconf 88' lang='lat' dir='ltr'><strong>auctoritate</strong></span> <span class='ocrx_word' id='word_1_415' title='bbox 947 4121 1245 4175; x_wconf 90' lang='lat' dir='ltr'><strong>eorumque</strong></span> <span class='ocrx_word' id='word_1_416' title='bbox 1274 4104 1507 4175; x_wconf 88' lang='lat' dir='ltr'><strong>judicio,</strong></span> <span class='ocrx_word' id='word_1_417' title='bbox 1557 4104 1755 4175; x_wconf 85' lang='lat' dir='ltr'><strong>quibus</strong></span> <span class='ocrx_word' id='word_1_418' title='bbox 1798 4112 1942 4160; x_wconf 89' lang='lat' dir='ltr'><strong>tanta</strong></span> 
     </span>
    </p>
   </div>
   <div class='ocr_carea' id='block_1_58' title="bbox 366 4196 1945 4269">
    <p class='ocr_par' dir='ltr' id='par_1_58' title="bbox 366 4196 1945 4269">
     <span class='ocr_line' id='line_1_58' title="bbox 366 4196 1945 4269; baseline -0.001 -17"><span class='ocrx_word' id='word_1_419' title='bbox 366 4208 449 4254; x_wconf 85' lang='lat' dir='ltr'><strong>est</strong></span> <span class='ocrx_word' id='word_1_420' title='bbox 477 4198 672 4255; x_wconf 90' lang='lat' dir='ltr'><strong>collata</strong></span> <span class='ocrx_word' id='word_1_421' title='bbox 705 4207 942 4269; x_wconf 67' lang='lat' dir='ltr'><strong>potestas</strong></span> <span class='ocrx_word' id='word_1_422' title='bbox 969 4213 999 4252; x_wconf 91' lang='lat' dir='ltr'><strong>a</strong></span> <span class='ocrx_word' id='word_1_423' title='bbox 1030 4197 1289 4263; x_wconf 90' lang='lat' dir='ltr'><strong>Domino,</strong></span> <span class='ocrx_word' id='word_1_424' title='bbox 1337 4198 1479 4252; x_wconf 89' lang='lat' dir='ltr'><strong>idem</strong></span> <span class='ocrx_word' id='word_1_425' title='bbox 1518 4197 1653 4253; x_wconf 90' lang='lat' dir='ltr'><strong>ordo</strong></span> <span class='ocrx_word' id='word_1_426' title='bbox 1679 4196 1732 4252; x_wconf 93' lang='lat' dir='ltr'><strong>in</strong></span> <span class='ocrx_word' id='word_1_427' title='bbox 1757 4196 1945 4251; x_wconf 88' lang='lat' dir='ltr'><strong>eodem</strong></span> 
     </span>
    </p>
   </div>
   <div class='ocr_carea' id='block_1_59' title="bbox 372 4289 1948 4359">
    <p class='ocr_par' dir='ltr' id='par_1_59' title="bbox 372 4289 1948 4359">
     <span class='ocr_line' id='line_1_59' title="bbox 372 4289 1948 4359; baseline 0 -16"><span class='ocrx_word' id='word_1_428' title='bbox 372 4291 490 4345; x_wconf 90' lang='lat' dir='ltr'><strong>loco</strong></span> <span class='ocrx_word' id='word_1_429' title='bbox 533 4292 735 4359; x_wconf 85' lang='lat' dir='ltr'><strong>absque</strong></span> <span class='ocrx_word' id='word_1_430' title='bbox 783 4290 1167 4344; x_wconf 87' lang='lat' dir='ltr'><strong>retractatione</strong></span> <span class='ocrx_word' id='word_1_431' title='bbox 1220 4291 1614 4345; x_wconf 88' lang='lat' dir='ltr'><strong>restitueretur.</strong></span> <span class='ocrx_word' id='word_1_432' title='bbox 1659 4289 1948 4344; x_wconf 84' lang='lat' dir='ltr'><strong>Venientes</strong></span> 
     </span>
    </p>
   </div>
   <div class='ocr_carea' id='block_1_60' title="bbox 371 4378 1945 4450">
    <p class='ocr_par' dir='ltr' id='par_1_60' title="bbox 371 4378 1945 4450">
     <span class='ocr_line' id='line_1_60' title="bbox 371 4378 1945 4450; baseline -0.001 -16"><span class='ocrx_word' id='word_1_433' title='bbox 371 4395 502 4449; x_wconf 87' lang='lat' dir='ltr'><strong>ergo</strong></span> <span class='ocrx_word' id='word_1_434' title='bbox 542 4379 793 4435; x_wconf 82' lang='lat' dir='ltr'><strong>Aldricus</strong></span> <span class='ocrx_word' id='word_1_435' title='bbox 832 4379 1169 4449; x_wconf 88' lang='lat' dir='ltr'><strong>metropolita</strong></span> <span class='ocrx_word' id='word_1_436' title='bbox 1201 4379 1501 4436; x_wconf 83' lang='lat' dir='ltr'><strong>Senonicus</strong></span> <span class='ocrx_word' id='word_1_437' title='bbox 1531 4395 1651 4436; x_wconf 89' lang='lat' dir='ltr'><strong>cum</strong></span> <span class='ocrx_word' id='word_1_438' title='bbox 1685 4378 1945 4450; x_wconf 73' lang='lat' dir='ltr'><strong>suifraga—</strong></span> 
     </span>
    </p>
   </div>
   <div class='ocr_carea' id='block_1_61' title="bbox 2047 1919 3627 1991">
    <p class='ocr_par' dir='ltr' id='par_1_61' title="bbox 2047 1919 3627 1991">
     <span class='ocr_line' id='line_1_61' title="bbox 2047 1919 3627 1991; baseline 0.004 -20"><span class='ocrx_word' id='word_1_439' title='bbox 2047 1919 2325 1991; x_wconf 84' lang='lat' dir='ltr'><strong>proposito</strong></span> <span class='ocrx_word' id='word_1_440' title='bbox 2354 1920 2622 1975; x_wconf 85' lang='lat' dir='ltr'><strong>diabolico</strong></span> <span class='ocrx_word' id='word_1_441' title='bbox 2654 1920 3103 1991; x_wconf 88' lang='lat' dir='ltr'><strong>propulsarentur</strong></span> <span class='ocrx_word' id='word_1_442' title='bbox 3141 1921 3432 1986; x_wconf 88' lang='lat' dir='ltr'><strong>instinctu,</strong></span> <span class='ocrx_word' id='word_1_443' title='bbox 3465 1938 3627 1991; x_wconf 82' lang='lat' dir='ltr'><strong>regu-</strong></span> 
     </span>
    </p>
   </div>
   <div class='ocr_carea' id='block_1_62' title="bbox 2049 2009 3629 2080">
    <p class='ocr_par' dir='ltr' id='par_1_62' title="bbox 2049 2009 3629 2080">
     <span class='ocr_line' id='line_1_62' title="bbox 2049 2009 3629 2080; baseline 0.001 -17"><span class='ocrx_word' id='word_1_444' title='bbox 2049 2010 2217 2065; x_wconf 89' lang='lat' dir='ltr'><strong>larem</strong></span> <span class='ocrx_word' id='word_1_445' title='bbox 2238 2009 2652 2079; x_wconf 81' lang='lat' dir='ltr'><strong>promissionem</strong></span> <span class='ocrx_word' id='word_1_446' title='bbox 2681 2010 3029 2064; x_wconf 80' lang='lat' dir='ltr'><strong>iteraverunt.</strong></span> <span class='ocrx_word' id='word_1_447' title='bbox 3069 2009 3203 2064; x_wconf 86' lang='lat' dir='ltr'><strong>Pars</strong></span> <span class='ocrx_word' id='word_1_448' title='bbox 3228 2010 3455 2079; x_wconf 86' lang='lat' dir='ltr'><strong>denique</strong></span> <span class='ocrx_word' id='word_1_449' title='bbox 3479 2026 3629 2080; x_wconf 72' lang='lat' dir='ltr'><strong>qua:-</strong></span> 
     </span>
    </p>
   </div>
   <div class='ocr_carea' id='block_1_63' title="bbox 2048 2099 3629 2169">
    <p class='ocr_par' dir='ltr' id='par_1_63' title="bbox 2048 2099 3629 2169">
     <span class='ocr_line' id='line_1_63' title="bbox 2048 2099 3629 2169; baseline 0 -15"><span class='ocrx_word' id='word_1_450' title='bbox 2048 2100 2171 2154; x_wconf 89' lang='lat' dir='ltr'><strong>dam</strong></span> <span class='ocrx_word' id='word_1_451' title='bbox 2197 2114 2408 2165; x_wconf 88' lang='lat' dir='ltr'><strong>eorum,</strong></span> <span class='ocrx_word' id='word_1_452' title='bbox 2437 2100 2511 2154; x_wconf 68' lang='lat' dir='ltr'><strong>illi</strong></span> <span class='ocrx_word' id='word_1_453' title='bbox 2545 2100 2753 2154; x_wconf 86' lang='lat' dir='ltr'><strong>scilicet</strong></span> <span class='ocrx_word' id='word_1_454' title='bbox 2776 2100 2869 2169; x_wconf 86' lang='lat' dir='ltr'><strong>qui</strong></span> <span class='ocrx_word' id='word_1_455' title='bbox 2893 2099 3089 2154; x_wconf 64' lang='lat' dir='ltr'><strong>divinae</strong></span> <span class='ocrx_word' id='word_1_456' title='bbox 3120 2099 3485 2169; x_wconf 83' lang='lat' dir='ltr'><strong>inspirationis</strong></span> <span class='ocrx_word' id='word_1_457' title='bbox 3506 2117 3629 2154; x_wconf 63' lang='lat' dir='ltr'><strong>mtr-</strong></span> 
     </span>
    </p>
   </div>
   <div class='ocr_carea' id='block_1_64' title="bbox 2048 2188 3629 2260">
    <p class='ocr_par' dir='ltr' id='par_1_64' title="bbox 2048 2188 3629 2260">
     <span class='ocr_line' id='line_1_64' title="bbox 2048 2188 3629 2260; baseline 0.001 -18"><span class='ocrx_word' id='word_1_458' title='bbox 2048 2202 2179 2242; x_wconf 87' lang='lat' dir='ltr'><strong>nere</strong></span> <span class='ocrx_word' id='word_1_459' title='bbox 2226 2189 2353 2254; x_wconf 88' lang='lat' dir='ltr'><strong>acti,</strong></span> <span class='ocrx_word' id='word_1_460' title='bbox 2399 2196 2456 2243; x_wconf 89' lang='lat' dir='ltr'><strong>et</strong></span> <span class='ocrx_word' id='word_1_461' title='bbox 2505 2204 2690 2244; x_wconf 89' lang='lat' dir='ltr'><strong>amore</strong></span> <span class='ocrx_word' id='word_1_462' title='bbox 2735 2188 2971 2244; x_wconf 81' lang='lat' dir='ltr'><strong>devincti</strong></span> <span class='ocrx_word' id='word_1_463' title='bbox 3010 2188 3064 2242; x_wconf 91' lang='lat' dir='ltr'><strong>in</strong></span> <span class='ocrx_word' id='word_1_464' title='bbox 3100 2194 3310 2243; x_wconf 68' lang='lat' dir='ltr'><strong>Sancta:</strong></span> <span class='ocrx_word' id='word_1_465' title='bbox 3352 2189 3629 2260; x_wconf 79' lang='lat' dir='ltr'><strong>religionis</strong></span> 
     </span>
    </p>
   </div>
   <div class='ocr_carea' id='block_1_65' title="bbox 2048 2280 3626 2353">
    <p class='ocr_par' dir='ltr' id='par_1_65' title="bbox 2048 2280 3626 2353">
     <span class='ocr_line' id='line_1_65' title="bbox 2048 2280 3626 2353; baseline -0.002 -18"><span class='ocrx_word' id='word_1_466' title='bbox 2048 2280 2326 2353; x_wconf 86' lang='lat' dir='ltr'><strong>proposito</strong></span> <span class='ocrx_word' id='word_1_467' title='bbox 2367 2290 2421 2337; x_wconf 92' lang='lat' dir='ltr'><strong>et</strong></span> <span class='ocrx_word' id='word_1_468' title='bbox 2454 2282 2669 2345; x_wconf 87' lang='lat' dir='ltr'><strong>habitu,</strong></span> <span class='ocrx_word' id='word_1_469' title='bbox 2721 2282 2965 2351; x_wconf 89' lang='lat' dir='ltr'><strong>apprime</strong></span> <span class='ocrx_word' id='word_1_470' title='bbox 3013 2281 3218 2349; x_wconf 88' lang='lat' dir='ltr'><strong>absque</strong></span> <span class='ocrx_word' id='word_1_471' title='bbox 3256 2280 3360 2333; x_wconf 89' lang='lat' dir='ltr'><strong>ulla</strong></span> <span class='ocrx_word' id='word_1_472' title='bbox 3391 2280 3626 2350; x_wconf 75' lang='lat' dir='ltr'><strong>refraga-</strong></span> 
     </span>
    </p>
   </div>
   <div class='ocr_carea' id='block_1_66' title="bbox 2048 2367 3631 2441">
    <p class='ocr_par' dir='ltr' id='par_1_66' title="bbox 2048 2367 3631 2441">
     <span class='ocr_line' id='line_1_66' title="bbox 2048 2367 3631 2441; baseline -0.004 -13"><span class='ocrx_word' id='word_1_473' title='bbox 2048 2373 2194 2428; x_wconf 90' lang='lat' dir='ltr'><strong>tione</strong></span> <span class='ocrx_word' id='word_1_474' title='bbox 2224 2380 2318 2426; x_wconf 89' lang='lat' dir='ltr'><strong>aut</strong></span> <span class='ocrx_word' id='word_1_475' title='bbox 2360 2371 2776 2441; x_wconf 86' lang='lat' dir='ltr'><strong>interpolatione</strong></span> <span class='ocrx_word' id='word_1_476' title='bbox 2818 2371 3098 2439; x_wconf 88' lang='lat' dir='ltr'><strong>elegerunt</strong></span> <span class='ocrx_word' id='word_1_477' title='bbox 3144 2367 3376 2424; x_wconf 82' lang='lat' dir='ltr'><strong>viriliter</strong></span> <span class='ocrx_word' id='word_1_478' title='bbox 3415 2386 3631 2440; x_wconf 79' lang='lat' dir='ltr'><strong>penua-</strong></span> 
     </span>
    </p>
   </div>
   <div class='ocr_carea' id='block_1_67' title="bbox 2048 2465 3630 2536">
    <p class='ocr_par' dir='ltr' id='par_1_67' title="bbox 2048 2465 3630 2536">
     <span class='ocr_line' id='line_1_67' title="bbox 2048 2465 3630 2536; baseline -0.004 -11"><span class='ocrx_word' id='word_1_479' title='bbox 2048 2485 2198 2536; x_wconf 90' lang='lat' dir='ltr'><strong>nere,</strong></span> <span class='ocrx_word' id='word_1_480' title='bbox 2232 2478 2287 2525; x_wconf 90' lang='lat' dir='ltr'><strong>et</strong></span> <span class='ocrx_word' id='word_1_481' title='bbox 2320 2470 2374 2524; x_wconf 92' lang='lat' dir='ltr'><strong>in</strong></span> <span class='ocrx_word' id='word_1_482' title='bbox 2405 2468 2540 2524; x_wconf 89' lang='lat' dir='ltr'><strong>cella</strong></span> <span class='ocrx_word' id='word_1_483' title='bbox 2570 2465 2811 2535; x_wconf 88' lang='lat' dir='ltr'><strong>ejusdem</strong></span> <span class='ocrx_word' id='word_1_484' title='bbox 2848 2465 3069 2535; x_wconf 87' lang='lat' dir='ltr'><strong>majoris</strong></span> <span class='ocrx_word' id='word_1_485' title='bbox 3103 2467 3448 2531; x_wconf 85' lang='lat' dir='ltr'><strong>monasterii,</strong></span> <span class='ocrx_word' id='word_1_486' title='bbox 3480 2478 3630 2536; x_wconf 78' lang='lat' dir='ltr'><strong>post—</strong></span> 
     </span>
    </p>
   </div>
   <div class='ocr_carea' id='block_1_68' title="bbox 2047 2558 3631 2631">
    <p class='ocr_par' dir='ltr' id='par_1_68' title="bbox 2047 2558 3631 2631">
     <span class='ocr_line' id='line_1_68' title="bbox 2047 2558 3631 2631; baseline -0.004 -14"><span class='ocrx_word' id='word_1_487' title='bbox 2047 2577 2207 2631; x_wconf 91' lang='lat' dir='ltr'><strong>quam</strong></span> <span class='ocrx_word' id='word_1_488' title='bbox 2239 2561 2421 2618; x_wconf 72' lang='lat' dir='ltr'><strong>cmteri</strong></span> <span class='ocrx_word' id='word_1_489' title='bbox 2452 2559 2803 2615; x_wconf 90' lang='lat' dir='ltr'><strong>monasticam</strong></span> <span class='ocrx_word' id='word_1_490' title='bbox 2838 2559 3003 2614; x_wconf 88' lang='lat' dir='ltr'><strong>vitam</strong></span> <span class='ocrx_word' id='word_1_491' title='bbox 3027 2567 3081 2613; x_wconf 88' lang='lat' dir='ltr'><strong>et</strong></span> <span class='ocrx_word' id='word_1_492' title='bbox 3104 2558 3345 2613; x_wconf 87' lang='lat' dir='ltr'><strong>habitqu</strong></span> <span class='ocrx_word' id='word_1_493' title='bbox 3371 2559 3631 2612; x_wconf 44' lang='lat' dir='ltr'><strong>deserue</strong></span> 
     </span>
    </p>
   </div>
   <div class='ocr_carea' id='block_1_69' title="bbox 2048 2650 3627 2723">
    <p class='ocr_par' dir='ltr' id='par_1_69' title="bbox 2048 2650 3627 2723">
     <span class='ocr_line' id='line_1_69' title="bbox 2048 2650 3627 2723; baseline -0.002 -16"><span class='ocrx_word' id='word_1_494' title='bbox 2048 2663 2193 2718; x_wconf 91' lang='lat' dir='ltr'><strong>runt,</strong></span> <span class='ocrx_word' id='word_1_495' title='bbox 2223 2669 2394 2723; x_wconf 88' lang='lat' dir='ltr'><strong>usque</strong></span> <span class='ocrx_word' id='word_1_496' title='bbox 2425 2652 2492 2707; x_wconf 90' lang='lat' dir='ltr'><strong>ad</strong></span> <span class='ocrx_word' id='word_1_497' title='bbox 2520 2652 2659 2707; x_wconf 83' lang='lat' dir='ltr'><strong>hanc</strong></span> <span class='ocrx_word' id='word_1_498' title='bbox 2685 2659 2884 2707; x_wconf 64' lang='lat' dir='ltr'><strong>nostra:</strong></span> <span class='ocrx_word' id='word_1_499' title='bbox 2903 2651 3331 2707; x_wconf 85' lang='lat' dir='ltr'><strong>demandationis</strong></span> <span class='ocrx_word' id='word_1_500' title='bbox 3360 2650 3627 2722; x_wconf 78' lang='lat' dir='ltr'><strong>synodum</strong></span> 
     </span>
    </p>
   </div>
   <div class='ocr_carea' id='block_1_70' title="bbox 2048 2740 3630 2812">
    <p class='ocr_par' dir='ltr' id='par_1_70' title="bbox 2048 2740 3630 2812">
     <span class='ocr_line' id='line_1_70' title="bbox 2048 2740 3630 2812; baseline -0.001 -15"><span class='ocrx_word' id='word_1_501' title='bbox 2048 2742 2287 2799; x_wconf 89' lang='lat' dir='ltr'><strong>habitam</strong></span> <span class='ocrx_word' id='word_1_502' title='bbox 2332 2742 2529 2812; x_wconf 80' lang='lat' dir='ltr'><strong>degere</strong></span> <span class='ocrx_word' id='word_1_503' title='bbox 2553 2782 2568 2807; x_wconf 94' lang='lat'><strong>,</strong></span> <span class='ocrx_word' id='word_1_504' title='bbox 2607 2750 2736 2796; x_wconf 87' lang='lat' dir='ltr'><strong>ante</strong></span> <span class='ocrx_word' id='word_1_505' title='bbox 2769 2740 2882 2810; x_wconf 87' lang='lat' dir='ltr'><strong>jam</strong></span> <span class='ocrx_word' id='word_1_506' title='bbox 2924 2748 3257 2797; x_wconf 85' lang='lat' dir='ltr'><strong>memoratos</strong></span> <span class='ocrx_word' id='word_1_507' title='bbox 3291 2740 3630 2795; x_wconf 82' lang='lat' dir='ltr'><strong>venerabiles</strong></span> 
     </span>
    </p>
   </div>
   <div class='ocr_carea' id='block_1_71' title="bbox 2048 2824 3625 2909">
    <p class='ocr_par' dir='ltr' id='par_1_71' title="bbox 2048 2824 3625 2909">
     <span class='ocr_line' id='line_1_71' title="bbox 2048 2824 3625 2909; baseline 0.001 -23"><span class='ocrx_word' id='word_1_508' title='bbox 2048 2842 2231 2909; x_wconf 82' lang='lat' dir='ltr'><strong>patres</strong></span> <span class='ocrx_word' id='word_1_509' title='bbox 2271 2841 2538 2888; x_wconf 90' lang='lat' dir='ltr'><strong>venerunt</strong></span> <span class='ocrx_word' id='word_1_510' title='bbox 2561 2872 2575 2896; x_wconf 90' lang='lat'><strong>,</strong></span> <span class='ocrx_word' id='word_1_511' title='bbox 2611 2832 2896 2902; x_wconf 86' lang='lat' dir='ltr'><strong>locumque</strong></span> <span class='ocrx_word' id='word_1_512' title='bbox 2923 2831 3209 2901; x_wconf 90' lang='lat' dir='ltr'><strong>pristinum</strong></span> <span class='ocrx_word' id='word_1_513' title='bbox 3237 2873 3252 2897; x_wconf 92' lang='lat'><strong>,</strong></span> <span class='ocrx_word' id='word_1_514' title='bbox 3285 2833 3339 2886; x_wconf 92' lang='lat' dir='ltr'><strong>in</strong></span> <span class='ocrx_word' id='word_1_515' title='bbox 3370 2824 3481 2901; x_wconf 76' lang='lat' dir='ltr'><strong>quo</strong></span> <span class='ocrx_word' id='word_1_516' title='bbox 3498 2846 3625 2901; x_wconf 87' lang='lat' dir='ltr'><strong>pro-</strong></span> 
     </span>
    </p>
   </div>
   <div class='ocr_carea' id='block_1_72' title="bbox 2050 2924 3624 2994">
    <p class='ocr_par' dir='ltr' id='par_1_72' title="bbox 2050 2924 3624 2994">
     <span class='ocr_line' id='line_1_72' title="bbox 2050 2924 3624 2994; baseline -0.003 -11"><span class='ocrx_word' id='word_1_517' title='bbox 2050 2926 2363 2983; x_wconf 87' lang='lat' dir='ltr'><strong>missionem</strong></span> <span class='ocrx_word' id='word_1_518' title='bbox 2393 2926 2655 2989; x_wconf 81' lang='lat' dir='ltr'><strong>fecerant,</strong></span> <span class='ocrx_word' id='word_1_519' title='bbox 2684 2932 2741 2980; x_wconf 88' lang='lat' dir='ltr'><strong>et</strong></span> <span class='ocrx_word' id='word_1_520' title='bbox 2769 2924 3110 2992; x_wconf 81' lang='lat' dir='ltr'><strong>regulariter,</strong></span> <span class='ocrx_word' id='word_1_521' title='bbox 3141 2924 3267 2981; x_wconf 86' lang='lat' dir='ltr'><strong>licet</strong></span> <span class='ocrx_word' id='word_1_522' title='bbox 3290 2924 3471 2980; x_wconf 81' lang='lat' dir='ltr'><strong>minus</strong></span> <span class='ocrx_word' id='word_1_523' title='bbox 3494 2939 3624 2994; x_wconf 85' lang='lat' dir='ltr'><strong>per-</strong></span> 
     </span>
    </p>
   </div>
   <div class='ocr_carea' id='block_1_73' title="bbox 2052 3014 3626 3085">
    <p class='ocr_par' dir='ltr' id='par_1_73' title="bbox 2052 3014 3626 3085">
     <span class='ocr_line' id='line_1_73' title="bbox 2052 3014 3626 3085; baseline -0.001 -15"><span class='ocrx_word' id='word_1_524' title='bbox 2052 3016 2217 3080; x_wconf 79' lang='lat' dir='ltr'><strong>recte,</strong></span> <span class='ocrx_word' id='word_1_525' title='bbox 2246 3016 2526 3081; x_wconf 81' lang='lat' dir='ltr'><strong>vixerant,</strong></span> <span class='ocrx_word' id='word_1_526' title='bbox 2569 3014 2673 3071; x_wconf 90' lang='lat' dir='ltr'><strong>sibi</strong></span> <span class='ocrx_word' id='word_1_527' title='bbox 2719 3024 2775 3071; x_wconf 92' lang='lat' dir='ltr'><strong>et</strong></span> <span class='ocrx_word' id='word_1_528' title='bbox 2825 3029 2884 3071; x_wconf 89' lang='lat' dir='ltr'><strong>se</strong></span> <span class='ocrx_word' id='word_1_529' title='bbox 2918 3014 3190 3085; x_wconf 88' lang='lat' dir='ltr'><strong>petierunt</strong></span> <span class='ocrx_word' id='word_1_530' title='bbox 3227 3018 3347 3071; x_wconf 84' lang='lat' dir='ltr'><strong>loco</strong></span> <span class='ocrx_word' id='word_1_531' title='bbox 3387 3016 3626 3079; x_wconf 73' lang='lat' dir='ltr'><strong>restitui,</strong></span> 
     </span>
    </p>
   </div>
   <div class='ocr_carea' id='block_1_74' title="bbox 2051 3106 3628 3178">
    <p class='ocr_par' dir='ltr' id='par_1_74' title="bbox 2051 3106 3628 3178">
     <span class='ocr_line' id='line_1_74' title="bbox 2051 3106 3628 3178; baseline -0.001 -17"><span class='ocrx_word' id='word_1_532' title='bbox 2051 3124 2281 3178; x_wconf 88' lang='lat' dir='ltr'><strong>quorum</strong></span> <span class='ocrx_word' id='word_1_533' title='bbox 2308 3108 2536 3163; x_wconf 88' lang='lat' dir='ltr'><strong>semotio</strong></span> <span class='ocrx_word' id='word_1_534' title='bbox 2556 3107 2627 3162; x_wconf 92' lang='lat' dir='ltr'><strong>ob</strong></span> <span class='ocrx_word' id='word_1_535' title='bbox 2652 3106 2703 3162; x_wconf 89' lang='lat' dir='ltr'><strong>id</strong></span> <span class='ocrx_word' id='word_1_536' title='bbox 2727 3106 3023 3173; x_wconf 86' lang='lat' dir='ltr'><strong>acciderat,</strong></span> <span class='ocrx_word' id='word_1_537' title='bbox 3056 3106 3337 3177; x_wconf 85' lang='lat' dir='ltr'><strong>quoniam,</strong></span> <span class='ocrx_word' id='word_1_538' title='bbox 3363 3114 3422 3161; x_wconf 91' lang='lat' dir='ltr'><strong>ut</strong></span> <span class='ocrx_word' id='word_1_539' title='bbox 3439 3107 3628 3176; x_wconf 62' lang='lat' dir='ltr'><strong>praedi-</strong></span> 
     </span>
    </p>
   </div>
   <div class='ocr_carea' id='block_1_75' title="bbox 2051 3197 3627 3269">
    <p class='ocr_par' dir='ltr' id='par_1_75' title="bbox 2051 3197 3627 3269">
     <span class='ocr_line' id='line_1_75' title="bbox 2051 3197 3627 3269; baseline 0.001 -15"><span class='ocrx_word' id='word_1_540' title='bbox 2051 3199 2249 3265; x_wconf 78' lang='lat' dir='ltr'><strong>ximus,</strong></span> <span class='ocrx_word' id='word_1_541' title='bbox 2277 3213 2400 3254; x_wconf 82' lang='lat' dir='ltr'><strong>mox</strong></span> <span class='ocrx_word' id='word_1_542' title='bbox 2429 3207 2489 3253; x_wconf 93' lang='lat' dir='ltr'><strong>ut</strong></span> <span class='ocrx_word' id='word_1_543' title='bbox 2511 3197 2691 3253; x_wconf 90' lang='lat' dir='ltr'><strong>divina</strong></span> <span class='ocrx_word' id='word_1_544' title='bbox 2720 3198 2962 3269; x_wconf 72' lang='lat' dir='ltr'><strong>dignatio</strong></span> <span class='ocrx_word' id='word_1_545' title='bbox 3000 3214 3099 3254; x_wconf 89' lang='lat' dir='ltr'><strong>nos</strong></span> <span class='ocrx_word' id='word_1_546' title='bbox 3134 3206 3358 3268; x_wconf 83' lang='lat' dir='ltr'><strong>paterna</strong></span> <span class='ocrx_word' id='word_1_547' title='bbox 3385 3198 3510 3255; x_wconf 89' lang='lat' dir='ltr'><strong>sede</strong></span> <span class='ocrx_word' id='word_1_548' title='bbox 3531 3212 3627 3254; x_wconf 88' lang='lat' dir='ltr'><strong>su-</strong></span> 
     </span>
    </p>
   </div>
   <div class='ocr_carea' id='block_1_76' title="bbox 2049 3287 3625 3361">
    <p class='ocr_par' dir='ltr' id='par_1_76' title="bbox 2049 3287 3625 3361">
     <span class='ocr_line' id='line_1_76' title="bbox 2049 3287 3625 3361; baseline -0.002 -16"><span class='ocrx_word' id='word_1_549' title='bbox 2049 3298 2232 3361; x_wconf 80' lang='lat' dir='ltr'><strong>scepta</strong></span> <span class='ocrx_word' id='word_1_550' title='bbox 2278 3288 2651 3360; x_wconf 88' lang='lat' dir='ltr'><strong>imperialibus</strong></span> <span class='ocrx_word' id='word_1_551' title='bbox 2693 3289 2923 3359; x_wconf 88' lang='lat' dir='ltr'><strong>sceptris</strong></span> <span class='ocrx_word' id='word_1_552' title='bbox 2974 3287 3131 3343; x_wconf 91' lang='lat' dir='ltr'><strong>inniti</strong></span> <span class='ocrx_word' id='word_1_553' title='bbox 3176 3288 3381 3353; x_wconf 77' lang='lat' dir='ltr'><strong>voluit,</strong></span> <span class='ocrx_word' id='word_1_554' title='bbox 3410 3289 3510 3359; x_wconf 57' lang='lat' dir='ltr'><strong>pix</strong></span> <span class='ocrx_word' id='word_1_555' title='bbox 3540 3289 3625 3344; x_wconf 86' lang='lat' dir='ltr'><strong>in-</strong></span> 
     </span>
    </p>
   </div>
   <div class='ocr_carea' id='block_1_77' title="bbox 2051 3382 3630 3455">
    <p class='ocr_par' dir='ltr' id='par_1_77' title="bbox 2051 3382 3630 3455">
     <span class='ocr_line' id='line_1_77' title="bbox 2051 3382 3630 3455; baseline -0.001 -15"><span class='ocrx_word' id='word_1_556' title='bbox 2051 3384 2308 3441; x_wconf 89' lang='lat' dir='ltr'><strong>tentionis</strong></span> <span class='ocrx_word' id='word_1_557' title='bbox 2336 3391 2535 3439; x_wconf 76' lang='lat' dir='ltr'><strong>nostra:</strong></span> <span class='ocrx_word' id='word_1_558' title='bbox 2570 3382 2876 3439; x_wconf 87' lang='lat' dir='ltr'><strong>sollicitudo</strong></span> <span class='ocrx_word' id='word_1_559' title='bbox 2910 3384 3132 3454; x_wconf 78' lang='lat' dir='ltr'><strong>exsequi</strong></span> <span class='ocrx_word' id='word_1_560' title='bbox 3176 3384 3488 3455; x_wconf 81' lang='lat' dir='ltr'><strong>procnravit</strong></span> <span class='ocrx_word' id='word_1_561' title='bbox 3511 3423 3525 3447; x_wconf 91' lang='lat'><strong>,</strong></span> <span class='ocrx_word' id='word_1_562' title='bbox 3568 3392 3630 3438; x_wconf 91' lang='lat' dir='ltr'><strong>ut</strong></span> 
     </span>
    </p>
   </div>
   <div class='ocr_carea' id='block_1_78' title="bbox 2049 3473 3621 3546">
    <p class='ocr_par' dir='ltr' id='par_1_78' title="bbox 2049 3473 3621 3546">
     <span class='ocr_line' id='line_1_78' title="bbox 2049 3473 3621 3546; baseline -0.002 -16"><span class='ocrx_word' id='word_1_563' title='bbox 2049 3474 2259 3546; x_wconf 85' lang='lat' dir='ltr'><strong>religio,</strong></span> <span class='ocrx_word' id='word_1_564' title='bbox 2298 3474 2463 3529; x_wconf 88' lang='lat' dir='ltr'><strong>decor</strong></span> <span class='ocrx_word' id='word_1_565' title='bbox 2496 3481 2553 3529; x_wconf 90' lang='lat' dir='ltr'><strong>et</strong></span> <span class='ocrx_word' id='word_1_566' title='bbox 2584 3474 2761 3529; x_wconf 90' lang='lat' dir='ltr'><strong>omnis</strong></span> <span class='ocrx_word' id='word_1_567' title='bbox 2796 3474 3053 3529; x_wconf 83' lang='lat' dir='ltr'><strong>honestas</strong></span> <span class='ocrx_word' id='word_1_568' title='bbox 3094 3488 3126 3528; x_wconf 87' lang='lat' dir='ltr'><strong>a</strong></span> <span class='ocrx_word' id='word_1_569' title='bbox 3162 3473 3360 3528; x_wconf 88' lang='lat' dir='ltr'><strong>domno</strong></span> <span class='ocrx_word' id='word_1_570' title='bbox 3392 3481 3447 3527; x_wconf 86' lang='lat' dir='ltr'><strong>et</strong></span> <span class='ocrx_word' id='word_1_571' title='bbox 3472 3474 3621 3543; x_wconf 57' lang='lat' dir='ltr'><strong>geni-</strong></span> 
     </span>
    </p>
   </div>
   <div class='ocr_carea' id='block_1_79' title="bbox 2051 3564 3622 3634">
    <p class='ocr_par' dir='ltr' id='par_1_79' title="bbox 2051 3564 3622 3634">
     <span class='ocr_line' id='line_1_79' title="bbox 2051 3564 3622 3634; baseline -0.003 -13"><span class='ocrx_word' id='word_1_572' title='bbox 2051 3575 2171 3621; x_wconf 88' lang='lat' dir='ltr'><strong>tore</strong></span> <span class='ocrx_word' id='word_1_573' title='bbox 2196 3572 2383 3620; x_wconf 81' lang='lat' dir='ltr'><strong>nostro</strong></span> <span class='ocrx_word' id='word_1_574' title='bbox 2409 3564 2548 3621; x_wconf 61' lang='lat' dir='ltr'><strong>diva:</strong></span> <span class='ocrx_word' id='word_1_575' title='bbox 2570 3565 2845 3620; x_wconf 72' lang='lat' dir='ltr'><strong>memoria:</strong></span> <span class='ocrx_word' id='word_1_576' title='bbox 2862 3564 3059 3621; x_wconf 89' lang='lat' dir='ltr'><strong>Carolo</strong></span> <span class='ocrx_word' id='word_1_577' title='bbox 3077 3573 3253 3634; x_wconf 76' lang='lat' dir='ltr'><strong>empta</strong></span> <span class='ocrx_word' id='word_1_578' title='bbox 3277 3572 3332 3618; x_wconf 90' lang='lat' dir='ltr'><strong>et</strong></span> <span class='ocrx_word' id='word_1_579' title='bbox 3354 3564 3622 3627; x_wconf 82' lang='lat' dir='ltr'><strong>instituta,</strong></span> 
     </span>
    </p>
   </div>
   <div class='ocr_carea' id='block_1_80' title="bbox 2051 3654 3624 3726">
    <p class='ocr_par' dir='ltr' id='par_1_80' title="bbox 2051 3654 3624 3726">
     <span class='ocr_line' id='line_1_80' title="bbox 2051 3654 3624 3726; baseline -0.001 -16"><span class='ocrx_word' id='word_1_580' title='bbox 2051 3655 2254 3726; x_wconf 91' lang='lat' dir='ltr'><strong>liquido</strong></span> <span class='ocrx_word' id='word_1_581' title='bbox 2296 3663 2353 3712; x_wconf 90' lang='lat' dir='ltr'><strong>et</strong></span> <span class='ocrx_word' id='word_1_582' title='bbox 2397 3656 2693 3720; x_wconf 88' lang='lat' dir='ltr'><strong>veraciter,</strong></span> <span class='ocrx_word' id='word_1_583' title='bbox 2745 3662 2948 3711; x_wconf 88' lang='lat' dir='ltr'><strong>remota</strong></span> <span class='ocrx_word' id='word_1_584' title='bbox 2977 3655 3126 3711; x_wconf 91' lang='lat' dir='ltr'><strong>omni</strong></span> <span class='ocrx_word' id='word_1_585' title='bbox 3160 3654 3533 3719; x_wconf 84' lang='lat' dir='ltr'><strong>simulatione,</strong></span> <span class='ocrx_word' id='word_1_586' title='bbox 3569 3655 3624 3708; x_wconf 91' lang='lat' dir='ltr'><strong>in</strong></span> 
     </span>
    </p>
   </div>
   <div class='ocr_carea' id='block_1_81' title="bbox 2048 3746 3622 3819">
    <p class='ocr_par' dir='ltr' id='par_1_81' title="bbox 2048 3746 3622 3819">
     <span class='ocr_line' id='line_1_81' title="bbox 2048 3746 3622 3819; baseline -0.004 -15"><span class='ocrx_word' id='word_1_587' title='bbox 2048 3749 2282 3819; x_wconf 88' lang='lat' dir='ltr'><strong>propriis</strong></span> <span class='ocrx_word' id='word_1_588' title='bbox 2324 3748 2630 3819; x_wconf 88' lang='lat' dir='ltr'><strong>quibusque</strong></span> <span class='ocrx_word' id='word_1_589' title='bbox 2677 3756 2923 3803; x_wconf 88' lang='lat' dir='ltr'><strong>maneret</strong></span> <span class='ocrx_word' id='word_1_590' title='bbox 2969 3755 3026 3803; x_wconf 90' lang='lat' dir='ltr'><strong>et</strong></span> <span class='ocrx_word' id='word_1_591' title='bbox 3072 3746 3278 3817; x_wconf 81' lang='lat' dir='ltr'><strong>vigeret</strong></span> <span class='ocrx_word' id='word_1_592' title='bbox 3322 3746 3622 3802; x_wconf 85' lang='lat' dir='ltr'><strong>ordinibus.</strong></span> 
     </span>
    </p>
   </div>
   <div class='ocr_carea' id='block_1_82' title="bbox 2050 3837 3627 3907">
    <p class='ocr_par' dir='ltr' id='par_1_82' title="bbox 2050 3837 3627 3907">
     <span class='ocr_line' id='line_1_82' title="bbox 2050 3837 3627 3907; baseline -0.003 -12"><span class='ocrx_word' id='word_1_593' title='bbox 2050 3838 2205 3895; x_wconf 85' lang='lat' dir='ltr'><strong>Unde</strong></span> <span class='ocrx_word' id='word_1_594' title='bbox 2244 3839 2311 3894; x_wconf 89' lang='lat' dir='ltr'><strong>ad</strong></span> <span class='ocrx_word' id='word_1_595' title='bbox 2358 3840 2671 3895; x_wconf 60' lang='lat' dir='ltr'><strong>monasticae</strong></span> <span class='ocrx_word' id='word_1_596' title='bbox 2707 3837 3060 3894; x_wconf 88' lang='lat' dir='ltr'><strong>institutionis</strong></span> <span class='ocrx_word' id='word_1_597' title='bbox 3082 3853 3325 3893; x_wconf 81' lang='lat' dir='ltr'><strong>normam</strong></span> <span class='ocrx_word' id='word_1_598' title='bbox 3352 3838 3627 3907; x_wconf 81' lang='lat' dir='ltr'><strong>corrigen-</strong></span> 
     </span>
    </p>
   </div>
   <div class='ocr_carea' id='block_1_83' title="bbox 2049 3926 3626 3999">
    <p class='ocr_par' dir='ltr' id='par_1_83' title="bbox 2049 3926 3626 3999">
     <span class='ocr_line' id='line_1_83' title="bbox 2049 3926 3626 3999; baseline -0.003 -14"><span class='ocrx_word' id='word_1_599' title='bbox 2049 3929 2193 3993; x_wconf 89' lang='lat' dir='ltr'><strong>dam,</strong></span> <span class='ocrx_word' id='word_1_600' title='bbox 2226 3930 2360 3984; x_wconf 86' lang='lat' dir='ltr'><strong>duos</strong></span> <span class='ocrx_word' id='word_1_601' title='bbox 2383 3929 2663 3999; x_wconf 89' lang='lat' dir='ltr'><strong>religiosos</strong></span> <span class='ocrx_word' id='word_1_602' title='bbox 2690 3935 2746 3982; x_wconf 89' lang='lat' dir='ltr'><strong>et</strong></span> <span class='ocrx_word' id='word_1_603' title='bbox 2767 3927 3091 3984; x_wconf 84' lang='lat' dir='ltr'><strong>venerabilis</strong></span> <span class='ocrx_word' id='word_1_604' title='bbox 3116 3927 3243 3981; x_wconf 76' lang='lat' dir='ltr'><strong>vitae</strong></span> <span class='ocrx_word' id='word_1_605' title='bbox 3265 3927 3433 3993; x_wconf 83' lang='lat' dir='ltr'><strong>viros,</strong></span> <span class='ocrx_word' id='word_1_606' title='bbox 3459 3926 3626 3982; x_wconf 58' lang='lat' dir='ltr'><strong>Bethe—</strong></span> 
     </span>
    </p>
   </div>
   <div class='ocr_carea' id='block_1_84' title="bbox 2051 4017 3626 4087">
    <p class='ocr_par' dir='ltr' id='par_1_84' title="bbox 2051 4017 3626 4087">
     <span class='ocr_line' id='line_1_84' title="bbox 2051 4017 3626 4087; baseline -0.003 -13"><span class='ocrx_word' id='word_1_607' title='bbox 2051 4020 2253 4074; x_wconf 89' lang='lat' dir='ltr'><strong>dictum</strong></span> <span class='ocrx_word' id='word_1_608' title='bbox 2278 4027 2331 4073; x_wconf 92' lang='lat' dir='ltr'><strong>et</strong></span> <span class='ocrx_word' id='word_1_609' title='bbox 2360 4018 2643 4073; x_wconf 84' lang='lat' dir='ltr'><strong>Arnulfum</strong></span> <span class='ocrx_word' id='word_1_610' title='bbox 2674 4018 2896 4073; x_wconf 87' lang='lat' dir='ltr'><strong>abbatcs</strong></span> <span class='ocrx_word' id='word_1_611' title='bbox 2915 4058 2930 4083; x_wconf 91' lang='lat'><strong>,</strong></span> <span class='ocrx_word' id='word_1_612' title='bbox 2972 4017 3373 4080; x_wconf 86' lang='lat' dir='ltr'><strong>constituimus,</strong></span> <span class='ocrx_word' id='word_1_613' title='bbox 3398 4017 3491 4087; x_wconf 91' lang='lat' dir='ltr'><strong>qui</strong></span> <span class='ocrx_word' id='word_1_614' title='bbox 3526 4031 3626 4086; x_wconf 86' lang='lat' dir='ltr'><strong>per</strong></span> 
     </span>
    </p>
   </div>
   <div class='ocr_carea' id='block_1_85' title="bbox 2055 4108 3627 4180">
    <p class='ocr_par' dir='ltr' id='par_1_85' title="bbox 2055 4108 3627 4180">
     <span class='ocr_line' id='line_1_85' title="bbox 2055 4108 3627 4180; baseline -0.001 -16"><span class='ocrx_word' id='word_1_615' title='bbox 2055 4118 2299 4165; x_wconf 90' lang='lat' dir='ltr'><strong>nostrum</strong></span> <span class='ocrx_word' id='word_1_616' title='bbox 2342 4126 2373 4164; x_wconf 86' lang='lat' dir='ltr'><strong>a</strong></span> <span class='ocrx_word' id='word_1_617' title='bbox 2410 4110 2518 4166; x_wconf 89' lang='lat' dir='ltr'><strong>Deo</strong></span> <span class='ocrx_word' id='word_1_618' title='bbox 2552 4108 2963 4180; x_wconf 88' lang='lat' dir='ltr'><strong>gubernandum</strong></span> <span class='ocrx_word' id='word_1_619' title='bbox 2988 4119 3043 4164; x_wconf 90' lang='lat' dir='ltr'><strong>et</strong></span> <span class='ocrx_word' id='word_1_620' title='bbox 3072 4108 3500 4164; x_wconf 89' lang='lat' dir='ltr'><strong>conservandum</strong></span> <span class='ocrx_word' id='word_1_621' title='bbox 3524 4109 3627 4162; x_wconf 88' lang='lat' dir='ltr'><strong>im-</strong></span> 
     </span>
    </p>
   </div>
   <div class='ocr_carea' id='block_1_86' title="bbox 2049 4199 3627 4270">
    <p class='ocr_par' dir='ltr' id='par_1_86' title="bbox 2049 4199 3627 4270">
     <span class='ocr_line' id='line_1_86' title="bbox 2049 4199 3627 4270; baseline 0.001 -18"><span class='ocrx_word' id='word_1_622' title='bbox 2049 4199 2259 4269; x_wconf 92' lang='lat' dir='ltr'><strong>perium</strong></span> <span class='ocrx_word' id='word_1_623' title='bbox 2305 4200 2476 4255; x_wconf 91' lang='lat' dir='ltr'><strong>seduli</strong></span> <span class='ocrx_word' id='word_1_624' title='bbox 2504 4199 2630 4254; x_wconf 89' lang='lat' dir='ltr'><strong>huic</strong></span> <span class='ocrx_word' id='word_1_625' title='bbox 2657 4199 2873 4270; x_wconf 85' lang='lat' dir='ltr'><strong>negotio</strong></span> <span class='ocrx_word' id='word_1_626' title='bbox 2909 4199 3149 4255; x_wconf 88' lang='lat' dir='ltr'><strong>studiose</strong></span> <span class='ocrx_word' id='word_1_627' title='bbox 3176 4200 3509 4255; x_wconf 85' lang='lat' dir='ltr'><strong>insisterent.</strong></span> <span class='ocrx_word' id='word_1_628' title='bbox 3559 4200 3627 4253; x_wconf 86' lang='lat' dir='ltr'><strong>li-</strong></span> 
     </span>
    </p>
   </div>
   <div class='ocr_carea' id='block_1_87' title="bbox 2051 4288 3625 4359">
    <p class='ocr_par' dir='ltr' id='par_1_87' title="bbox 2051 4288 3625 4359">
     <span class='ocr_line' id='line_1_87' title="bbox 2051 4288 3625 4359; baseline -0.001 -13"><span class='ocrx_word' id='word_1_629' title='bbox 2051 4291 2175 4346; x_wconf 89' lang='lat' dir='ltr'><strong>dem</strong></span> <span class='ocrx_word' id='word_1_630' title='bbox 2210 4305 2339 4345; x_wconf 89' lang='lat' dir='ltr'><strong>vero</strong></span> <span class='ocrx_word' id='word_1_631' title='bbox 2364 4290 2491 4346; x_wconf 85' lang='lat' dir='ltr'><strong>boni</strong></span> <span class='ocrx_word' id='word_1_632' title='bbox 2533 4297 2588 4345; x_wconf 89' lang='lat' dir='ltr'><strong>et</strong></span> <span class='ocrx_word' id='word_1_633' title='bbox 2619 4290 2829 4354; x_wconf 88' lang='lat' dir='ltr'><strong>devoti,</strong></span> <span class='ocrx_word' id='word_1_634' title='bbox 2879 4289 2974 4344; x_wconf 89' lang='lat' dir='ltr'><strong>sed</strong></span> <span class='ocrx_word' id='word_1_635' title='bbox 3008 4288 3395 4359; x_wconf 86' lang='lat' dir='ltr'><strong>simplicissimi</strong></span> <span class='ocrx_word' id='word_1_636' title='bbox 3420 4296 3625 4358; x_wconf 71' lang='lat' dir='ltr'><strong>patres,</strong></span> 
     </span>
    </p>
   </div>
   <div class='ocr_carea' id='block_1_88' title="bbox 2052 4378 3625 4451">
    <p class='ocr_par' dir='ltr' id='par_1_88' title="bbox 2052 4378 3625 4451">
     <span class='ocr_line' id='line_1_88' title="bbox 2052 4378 3625 4451; baseline -0.004 -14"><span class='ocrx_word' id='word_1_637' title='bbox 2052 4398 2214 4451; x_wconf 89' lang='lat' dir='ltr'><strong>supra</strong></span> <span class='ocrx_word' id='word_1_638' title='bbox 2262 4389 2679 4437; x_wconf 88' lang='lat' dir='ltr'><strong>memoratorum</strong></span> <span class='ocrx_word' id='word_1_639' title='bbox 2719 4379 2946 4435; x_wconf 91' lang='lat' dir='ltr'><strong>fratrum</strong></span> <span class='ocrx_word' id='word_1_640' title='bbox 2996 4379 3291 4434; x_wconf 78' lang='lat' dir='ltr'><strong>calliditate</strong></span> <span class='ocrx_word' id='word_1_641' title='bbox 3329 4387 3387 4434; x_wconf 86' lang='lat' dir='ltr'><strong>et</strong></span> <span class='ocrx_word' id='word_1_642' title='bbox 3427 4378 3625 4433; x_wconf 88' lang='lat' dir='ltr'><strong>duritia</strong></span> 
     </span>
    </p>
   </div>
   <div class='ocr_carea' id='block_1_89' title="bbox 369 4446 3627 4542">
    <p class='ocr_par' dir='ltr' id='par_1_89' title="bbox 369 4446 3627 4542">
     <span class='ocr_line' id='line_1_89' title="bbox 369 4446 3627 4542; baseline -0.001 -17"><span class='ocrx_word' id='word_1_643' title='bbox 369 4446 485 4527; x_wconf 78' lang='lat' dir='ltr'><strong>neis</strong></span> <span class='ocrx_word' id='word_1_644' title='bbox 520 4471 652 4536; x_wconf 90' lang='lat' dir='ltr'><strong>suis,</strong></span> <span class='ocrx_word' id='word_1_645' title='bbox 681 4486 779 4526; x_wconf 91' lang='lat' dir='ltr'><strong>nec</strong></span> <span class='ocrx_word' id='word_1_646' title='bbox 810 4487 913 4525; x_wconf 90' lang='lat' dir='ltr'><strong>non</strong></span> <span class='ocrx_word' id='word_1_647' title='bbox 931 4480 987 4525; x_wconf 92' lang='lat' dir='ltr'><strong>et</strong></span> <span class='ocrx_word' id='word_1_648' title='bbox 1009 4446 1128 4526; x_wconf 63' lang='lat' dir='ltr'><strong>libo</strong></span> <span class='ocrx_word' id='word_1_649' title='bbox 1154 4471 1495 4542; x_wconf 89' lang='lat' dir='ltr'><strong>metropolita</strong></span> <span class='ocrx_word' id='word_1_650' title='bbox 1525 4446 1943 4527; x_wconf 78' lang='lat' dir='ltr'><strong>Durocortorum</strong></span> <span class='ocrx_word' id='word_1_651' title='bbox 1971 4446 2025 4506; x_wconf 80' lang='lat' dir='ltr'><strong>D</strong></span> <span class='ocrx_word' id='word_1_652' title='bbox 2054 4446 2258 4542; x_wconf 74' lang='lat' dir='ltr'><strong>suaque</strong></span> <span class='ocrx_word' id='word_1_653' title='bbox 2287 4471 2633 4542; x_wconf 90' lang='lat' dir='ltr'><strong>simplicitate</strong></span> <span class='ocrx_word' id='word_1_654' title='bbox 2660 4470 2914 4535; x_wconf 88' lang='lat' dir='ltr'><strong>abducti,</strong></span> <span class='ocrx_word' id='word_1_655' title='bbox 2955 4484 3065 4524; x_wconf 88' lang='lat' dir='ltr'><strong>non</strong></span> <span class='ocrx_word' id='word_1_656' title='bbox 3094 4469 3294 4535; x_wconf 88' lang='lat' dir='ltr'><strong>studio,</strong></span> <span class='ocrx_word' id='word_1_657' title='bbox 3324 4469 3420 4523; x_wconf 87' lang='lat' dir='ltr'><strong>sed</strong></span> <span class='ocrx_word' id='word_1_658' title='bbox 3450 4468 3627 4523; x_wconf 90' lang='lat' dir='ltr'><strong>minus</strong></span> 
     </span>
    </p>
   </div>
   <div class='ocr_carea' id='block_1_90' title="bbox 367 4562 1942 4634">
    <p class='ocr_par' dir='ltr' id='par_1_90' title="bbox 367 4562 1942 4634">
     <span class='ocr_line' id='line_1_90' title="bbox 367 4562 1942 4634; baseline -0.001 -16"><span class='ocrx_word' id='word_1_659' title='bbox 367 4579 489 4619; x_wconf 92' lang='lat' dir='ltr'><strong>cum</strong></span> <span class='ocrx_word' id='word_1_660' title='bbox 513 4562 865 4634; x_wconf 84' lang='lat' dir='ltr'><strong>suflraganeis</strong></span> <span class='ocrx_word' id='word_1_661' title='bbox 896 4563 1009 4619; x_wconf 89' lang='lat' dir='ltr'><strong>suis</strong></span> <span class='ocrx_word' id='word_1_662' title='bbox 1037 4564 1103 4618; x_wconf 89' lang='lat' dir='ltr'><strong>ad</strong></span> <span class='ocrx_word' id='word_1_663' title='bbox 1138 4571 1494 4619; x_wconf 85' lang='lat' dir='ltr'><strong>memoratum</strong></span> <span class='ocrx_word' id='word_1_664' title='bbox 1531 4563 1942 4626; x_wconf 87' lang='lat' dir='ltr'><strong>monasterium,</strong></span> 
     </span>
    </p>
   </div>
   <div class='ocr_carea' id='block_1_91' title="bbox 368 4653 1943 4724">
    <p class='ocr_par' dir='ltr' id='par_1_91' title="bbox 368 4653 1943 4724">
     <span class='ocr_line' id='line_1_91' title="bbox 368 4653 1943 4724; baseline -0.001 -16"><span class='ocrx_word' id='word_1_665' title='bbox 368 4654 554 4708; x_wconf 89' lang='lat' dir='ltr'><strong>habito</strong></span> <span class='ocrx_word' id='word_1_666' title='bbox 583 4663 849 4709; x_wconf 88' lang='lat' dir='ltr'><strong>conventu</strong></span> <span class='ocrx_word' id='word_1_667' title='bbox 876 4694 891 4719; x_wconf 95' lang='lat'><strong>,</strong></span> <span class='ocrx_word' id='word_1_668' title='bbox 929 4654 1163 4724; x_wconf 86' lang='lat' dir='ltr'><strong>primum</strong></span> <span class='ocrx_word' id='word_1_669' title='bbox 1193 4655 1337 4724; x_wconf 91' lang='lat' dir='ltr'><strong>quod</strong></span> <span class='ocrx_word' id='word_1_670' title='bbox 1371 4654 1512 4710; x_wconf 92' lang='lat' dir='ltr'><strong>idem</strong></span> <span class='ocrx_word' id='word_1_671' title='bbox 1552 4653 1943 4710; x_wconf 87' lang='lat' dir='ltr'><strong>monasterium</strong></span> 
     </span>
    </p>
   </div>
   <div class='ocr_carea' id='block_1_92' title="bbox 366 4746 1945 4811">
    <p class='ocr_par' dir='ltr' id='par_1_92' title="bbox 366 4746 1945 4811">
     <span class='ocr_line' id='line_1_92' title="bbox 366 4746 1945 4811; baseline -0.001 -10"><span class='ocrx_word' id='word_1_672' title='bbox 366 4746 543 4801; x_wconf 83' lang='lat' dir='ltr'><strong>ordini</strong></span> <span class='ocrx_word' id='word_1_673' title='bbox 573 4747 874 4801; x_wconf 87' lang='lat' dir='ltr'><strong>monastico</strong></span> <span class='ocrx_word' id='word_1_674' title='bbox 905 4755 1296 4811; x_wconf 90' lang='lat' dir='ltr'><strong>constructum,</strong></span> <span class='ocrx_word' id='word_1_675' title='bbox 1330 4746 1637 4801; x_wconf 87' lang='lat' dir='ltr'><strong>dedicatum</strong></span> <span class='ocrx_word' id='word_1_676' title='bbox 1659 4786 1674 4810; x_wconf 93' lang='lat'><strong>,</strong></span> <span class='ocrx_word' id='word_1_677' title='bbox 1703 4755 1759 4800; x_wconf 90' lang='lat' dir='ltr'><strong>et</strong></span> <span class='ocrx_word' id='word_1_678' title='bbox 1784 4747 1945 4800; x_wconf 87' lang='lat' dir='ltr'><strong>rebus</strong></span> 
     </span>
    </p>
   </div>
   <div class='ocr_carea' id='block_1_93' title="bbox 366 4834 1942 4905">
    <p class='ocr_par' dir='ltr' id='par_1_93' title="bbox 366 4834 1942 4905">
     <span class='ocr_line' id='line_1_93' title="bbox 366 4834 1942 4905; baseline -0.001 -14"><span class='ocrx_word' id='word_1_679' title='bbox 366 4835 593 4891; x_wconf 87' lang='lat' dir='ltr'><strong>ditatum</strong></span> <span class='ocrx_word' id='word_1_680' title='bbox 620 4834 810 4901; x_wconf 89' lang='lat' dir='ltr'><strong>fuerit,</strong></span> <span class='ocrx_word' id='word_1_681' title='bbox 858 4844 914 4890; x_wconf 93' lang='lat' dir='ltr'><strong>et</strong></span> <span class='ocrx_word' id='word_1_682' title='bbox 961 4836 1014 4890; x_wconf 90' lang='lat' dir='ltr'><strong>in</strong></span> <span class='ocrx_word' id='word_1_683' title='bbox 1040 4850 1105 4891; x_wconf 88' lang='lat' dir='ltr'><strong>eo</strong></span> <span class='ocrx_word' id='word_1_684' title='bbox 1136 4836 1250 4905; x_wconf 88' lang='lat' dir='ltr'><strong>ipse</strong></span> <span class='ocrx_word' id='word_1_685' title='bbox 1276 4835 1410 4890; x_wconf 89' lang='lat' dir='ltr'><strong>ordo</strong></span> <span class='ocrx_word' id='word_1_686' title='bbox 1439 4851 1610 4903; x_wconf 90' lang='lat' dir='ltr'><strong>usque</strong></span> <span class='ocrx_word' id='word_1_687' title='bbox 1634 4835 1700 4889; x_wconf 91' lang='lat' dir='ltr'><strong>ad</strong></span> <span class='ocrx_word' id='word_1_688' title='bbox 1730 4842 1942 4905; x_wconf 88' lang='lat' dir='ltr'><strong>tempus</strong></span> 
     </span>
    </p>
   </div>
   <div class='ocr_carea' id='block_1_94' title="bbox 364 4922 1940 4996">
    <p class='ocr_par' dir='ltr' id='par_1_94' title="bbox 364 4922 1940 4996">
     <span class='ocr_line' id='line_1_94' title="bbox 364 4922 1940 4996; baseline 0 -19"><span class='ocrx_word' id='word_1_689' title='bbox 364 4939 473 4996; x_wconf 89' lang='lat' dir='ltr'><strong>quo</strong></span> <span class='ocrx_word' id='word_1_690' title='bbox 519 4931 728 4993; x_wconf 82' lang='lat' dir='ltr'><strong>sceptra</strong></span> <span class='ocrx_word' id='word_1_691' title='bbox 773 4924 1073 4994; x_wconf 89' lang='lat' dir='ltr'><strong>imperialia</strong></span> <span class='ocrx_word' id='word_1_692' title='bbox 1099 4966 1112 4990; x_wconf 91' lang='lat'><strong>,</strong></span> <span class='ocrx_word' id='word_1_693' title='bbox 1158 4939 1393 4993; x_wconf 90' lang='lat' dir='ltr'><strong>superna</strong></span> <span class='ocrx_word' id='word_1_694' title='bbox 1437 4922 1700 4994; x_wconf 79' lang='lat' dir='ltr'><strong>largiente</strong></span> <span class='ocrx_word' id='word_1_695' title='bbox 1741 4926 1940 4995; x_wconf 84' lang='lat' dir='ltr'><strong>gratia,</strong></span> 
     </span>
    </p>
   </div>
   <div class='ocr_carea' id='block_1_95' title="bbox 366 5013 1958 5085">
    <p class='ocr_par' dir='ltr' id='par_1_95' title="bbox 366 5013 1958 5085">
     <span class='ocr_line' id='line_1_95' title="bbox 366 5013 1958 5085; baseline 0.003 -16"><span class='ocrx_word' id='word_1_696' title='bbox 366 5014 650 5069; x_wconf 85' lang='lat' dir='ltr'><strong>clementia</strong></span> <span class='ocrx_word' id='word_1_697' title='bbox 698 5023 884 5069; x_wconf 88' lang='lat' dir='ltr'><strong>nostra</strong></span> <span class='ocrx_word' id='word_1_698' title='bbox 933 5013 1205 5082; x_wconf 88' lang='lat' dir='ltr'><strong>suscepit,</strong></span> <span class='ocrx_word' id='word_1_699' title='bbox 1248 5024 1303 5068; x_wconf 92' lang='lat' dir='ltr'><strong>et</strong></span> <span class='ocrx_word' id='word_1_700' title='bbox 1334 5030 1497 5085; x_wconf 86' lang='lat' dir='ltr'><strong>supra</strong></span> <span class='ocrx_word' id='word_1_701' title='bbox 1527 5016 1809 5070; x_wconf 88' lang='lat' dir='ltr'><strong>memorati</strong></span> <span class='ocrx_word' id='word_1_702' title='bbox 1840 5015 1958 5073; x_wconf 85' lang='lat' dir='ltr'><strong>Hil-.</strong></span> 
     </span>
    </p>
   </div>
   <div class='ocr_carea' id='block_1_96' title="bbox 369 5104 1938 5183">
    <p class='ocr_par' dir='ltr' id='par_1_96' title="bbox 369 5104 1938 5183">
     <span class='ocr_line' id='line_1_96' title="bbox 369 5104 1938 5183; baseline 0 -23"><span class='ocrx_word' id='word_1_703' title='bbox 369 5105 516 5160; x_wconf 89' lang='lat' dir='ltr'><strong>duini</strong></span> <span class='ocrx_word' id='word_1_704' title='bbox 547 5104 757 5160; x_wconf 88' lang='lat' dir='ltr'><strong>abbatis</strong></span> <span class='ocrx_word' id='word_1_705' title='bbox 782 5104 1150 5174; x_wconf 69' lang='lat' dir='ltr'><strong>praelationem</strong></span> <span class='ocrx_word' id='word_1_706' title='bbox 1176 5104 1371 5160; x_wconf 89' lang='lat' dir='ltr'><strong>ibidem</strong></span> <span class='ocrx_word' id='word_1_707' title='bbox 1392 5114 1666 5183; x_wconf 66' lang='lat' dir='ltr'><strong>utcunque</strong></span> <span class='ocrx_word' id='word_1_708' title='bbox 1689 5106 1938 5176; x_wconf 78' lang='lat' dir='ltr'><strong>viguerit,</strong></span> 
     </span>
    </p>
   </div>
   <div class='ocr_carea' id='block_1_97' title="bbox 366 5195 1943 5267">
    <p class='ocr_par' dir='ltr' id='par_1_97' title="bbox 366 5195 1943 5267">
     <span class='ocr_line' id='line_1_97' title="bbox 366 5195 1943 5267; baseline 0.002 -18"><span class='ocrx_word' id='word_1_709' title='bbox 366 5195 669 5250; x_wconf 84' lang='lat' dir='ltr'><strong>manifestis</strong></span> <span class='ocrx_word' id='word_1_710' title='bbox 700 5196 933 5261; x_wconf 90' lang='lat' dir='ltr'><strong>indiciis,</strong></span> <span class='ocrx_word' id='word_1_711' title='bbox 965 5211 1261 5267; x_wconf 90' lang='lat' dir='ltr'><strong>regumque</strong></span> <span class='ocrx_word' id='word_1_712' title='bbox 1295 5198 1532 5267; x_wconf 90' lang='lat' dir='ltr'><strong>antiquis</strong></span> <span class='ocrx_word' id='word_1_713' title='bbox 1573 5207 1628 5252; x_wconf 90' lang='lat' dir='ltr'><strong>et</strong></span> <span class='ocrx_word' id='word_1_714' title='bbox 1671 5197 1943 5252; x_wconf 89' lang='lat' dir='ltr'><strong>modernis</strong></span> 
     </span>
    </p>
   </div>
   <div class='ocr_carea' id='block_1_98' title="bbox 364 5288 1941 5361">
    <p class='ocr_par' dir='ltr' id='par_1_98' title="bbox 364 5288 1941 5361">
     <span class='ocr_line' id='line_1_98' title="bbox 364 5288 1941 5361; baseline 0 -19"><span class='ocrx_word' id='word_1_715' title='bbox 364 5289 683 5361; x_wconf 64' lang='lat' dir='ltr'><strong>praeceptis,</strong></span> <span class='ocrx_word' id='word_1_716' title='bbox 730 5296 783 5344; x_wconf 89' lang='lat' dir='ltr'><strong>et</strong></span> <span class='ocrx_word' id='word_1_717' title='bbox 818 5289 1193 5359; x_wconf 88' lang='lat' dir='ltr'><strong>episcoporum</strong></span> <span class='ocrx_word' id='word_1_718' title='bbox 1227 5288 1523 5359; x_wconf 77' lang='lat' dir='ltr'><strong>privilegiis</strong></span> <span class='ocrx_word' id='word_1_719' title='bbox 1547 5329 1561 5352; x_wconf 93' lang='lat'><strong>,</strong></span> <span class='ocrx_word' id='word_1_720' title='bbox 1602 5303 1664 5342; x_wconf 89' lang='lat' dir='ltr'><strong>ac</strong></span> <span class='ocrx_word' id='word_1_721' title='bbox 1705 5288 1941 5343; x_wconf 88' lang='lat' dir='ltr'><strong>fidelium</strong></span> 
     </span>
    </p>
   </div>
   <div class='ocr_carea' id='block_1_99' title="bbox 366 5379 1945 5450">
    <p class='ocr_par' dir='ltr' id='par_1_99' title="bbox 366 5379 1945 5450">
     <span class='ocr_line' id='line_1_99' title="bbox 366 5379 1945 5450; baseline 0.001 -16"><span class='ocrx_word' id='word_1_722' title='bbox 366 5379 765 5446; x_wconf 87' lang='lat' dir='ltr'><strong>donationibus,</strong></span> <span class='ocrx_word' id='word_1_723' title='bbox 808 5380 985 5450; x_wconf 86' lang='lat' dir='ltr'><strong>palam</strong></span> <span class='ocrx_word' id='word_1_724' title='bbox 1018 5381 1227 5436; x_wconf 89' lang='lat' dir='ltr'><strong>cunctis</strong></span> <span class='ocrx_word' id='word_1_725' title='bbox 1261 5391 1341 5436; x_wconf 84' lang='lat' dir='ltr'><strong>est</strong></span> <span class='ocrx_word' id='word_1_726' title='bbox 1373 5380 1594 5435; x_wconf 88' lang='lat' dir='ltr'><strong>factum.</strong></span> <span class='ocrx_word' id='word_1_727' title='bbox 1639 5379 1840 5434; x_wconf 88' lang='lat' dir='ltr'><strong>Deinde</strong></span> <span class='ocrx_word' id='word_1_728' title='bbox 1866 5379 1945 5435; x_wconf 85' lang='lat' dir='ltr'><strong>tli-</strong></span> 
     </span>
    </p>
   </div>
   <div class='ocr_carea' id='block_1_100' title="bbox 364 5466 1945 5541">
    <p class='ocr_par' dir='ltr' id='par_1_100' title="bbox 364 5466 1945 5541">
     <span class='ocr_line' id='line_1_100' title="bbox 364 5466 1945 5541; baseline 0.001 -18"><span class='ocrx_word' id='word_1_729' title='bbox 364 5466 622 5537; x_wconf 80' lang='lat' dir='ltr'><strong>ligentem</strong></span> <span class='ocrx_word' id='word_1_730' title='bbox 645 5469 1048 5539; x_wconf 82' lang='lat' dir='ltr'><strong>inquisitionem</strong></span> <span class='ocrx_word' id='word_1_731' title='bbox 1080 5469 1328 5529; x_wconf 89' lang='lat' dir='ltr'><strong>fecerunt</strong></span> <span class='ocrx_word' id='word_1_732' title='bbox 1361 5485 1526 5540; x_wconf 88' lang='lat' dir='ltr'><strong>super</strong></span> <span class='ocrx_word' id='word_1_733' title='bbox 1551 5469 1637 5525; x_wconf 87' lang='lat' dir='ltr'><strong>his</strong></span> <span class='ocrx_word' id='word_1_734' title='bbox 1659 5469 1752 5541; x_wconf 89' lang='lat' dir='ltr'><strong>qui</strong></span> <span class='ocrx_word' id='word_1_735' title='bbox 1778 5470 1831 5525; x_wconf 91' lang='lat' dir='ltr'><strong>in</strong></span> <span class='ocrx_word' id='word_1_736' title='bbox 1855 5486 1945 5525; x_wconf 82' lang='lat' dir='ltr'><strong>eo-</strong></span> 
     </span>
    </p>
   </div>
   <div class='ocr_carea' id='block_1_101' title="bbox 367 5555 1947 5633">
    <p class='ocr_par' dir='ltr' id='par_1_101' title="bbox 367 5555 1947 5633">
     <span class='ocr_line' id='line_1_101' title="bbox 367 5555 1947 5633; baseline 0.003 -22"><span class='ocrx_word' id='word_1_737' title='bbox 367 5555 487 5611; x_wconf 89' lang='lat' dir='ltr'><strong>dem</strong></span> <span class='ocrx_word' id='word_1_738' title='bbox 511 5558 628 5614; x_wconf 91' lang='lat' dir='ltr'><strong>loco</strong></span> <span class='ocrx_word' id='word_1_739' title='bbox 652 5561 951 5631; x_wconf 76' lang='lat' dir='ltr'><strong>regularem</strong></span> <span class='ocrx_word' id='word_1_740' title='bbox 979 5562 1394 5632; x_wconf 89' lang='lat' dir='ltr'><strong>promissionem</strong></span> <span class='ocrx_word' id='word_1_741' title='bbox 1415 5562 1695 5633; x_wconf 55' lang='lat' dir='ltr'><strong>fecerunt.</strong></span> <span class='ocrx_word' id='word_1_742' title='bbox 1726 5561 1803 5616; x_wconf 75' lang='lat' dir='ltr'><strong>Ex</strong></span> <span class='ocrx_word' id='word_1_743' title='bbox 1827 5562 1947 5632; x_wconf 87' lang='lat' dir='ltr'><strong>qui-</strong></span> 
     </span>
    </p>
   </div>
   <div class='ocr_carea' id='block_1_102' title="bbox 369 5643 1941 5723">
    <p class='ocr_par' dir='ltr' id='par_1_102' title="bbox 369 5643 1941 5723">
     <span class='ocr_line' id='line_1_102' title="bbox 369 5643 1941 5723; baseline 0.005 -24"><span class='ocrx_word' id='word_1_744' title='bbox 369 5643 471 5700; x_wconf 85' lang='lat' dir='ltr'><strong>bus</strong></span> <span class='ocrx_word' id='word_1_745' title='bbox 510 5649 764 5717; x_wconf 87' lang='lat' dir='ltr'><strong>quidam,</strong></span> <span class='ocrx_word' id='word_1_746' title='bbox 815 5652 905 5720; x_wconf 91' lang='lat' dir='ltr'><strong>qui</strong></span> <span class='ocrx_word' id='word_1_747' title='bbox 952 5653 1196 5709; x_wconf 87' lang='lat' dir='ltr'><strong>eamdem</strong></span> <span class='ocrx_word' id='word_1_748' title='bbox 1250 5652 1637 5723; x_wconf 70' lang='lat' dir='ltr'><strong>professionem</strong></span> <span class='ocrx_word' id='word_1_749' title='bbox 1681 5651 1941 5719; x_wconf 83' lang='lat' dir='ltr'><strong>fecerant,</strong></span> 
     </span>
    </p>
   </div>
   <div class='ocr_carea' id='block_1_103' title="bbox 2053 4560 3624 4632">
    <p class='ocr_par' dir='ltr' id='par_1_103' title="bbox 2053 4560 3624 4632">
     <span class='ocr_line' id='line_1_103' title="bbox 2053 4560 3624 4632; baseline -0.004 -12"><span class='ocrx_word' id='word_1_750' title='bbox 2053 4563 2235 4621; x_wconf 87' lang='lat' dir='ltr'><strong>subtili</strong></span> <span class='ocrx_word' id='word_1_751' title='bbox 2269 4570 2325 4618; x_wconf 90' lang='lat' dir='ltr'><strong>et</strong></span> <span class='ocrx_word' id='word_1_752' title='bbox 2366 4561 2671 4618; x_wconf 88' lang='lat' dir='ltr'><strong>necessaria</strong></span> <span class='ocrx_word' id='word_1_753' title='bbox 2714 4560 3132 4632; x_wconf 82' lang='lat' dir='ltr'><strong>investigatione</strong></span> <span class='ocrx_word' id='word_1_754' title='bbox 3173 4568 3231 4615; x_wconf 86' lang='lat' dir='ltr'><strong>et</strong></span> <span class='ocrx_word' id='word_1_755' title='bbox 3265 4560 3624 4631; x_wconf 79' lang='lat' dir='ltr'><strong>providentia,</strong></span> 
     </span>
    </p>
   </div>
   <div class='ocr_carea' id='block_1_104' title="bbox 2052 4651 3625 4723">
    <p class='ocr_par' dir='ltr' id='par_1_104' title="bbox 2052 4651 3625 4723">
     <span class='ocr_line' id='line_1_104' title="bbox 2052 4651 3625 4723; baseline -0.002 -15"><span class='ocrx_word' id='word_1_756' title='bbox 2052 4653 2302 4709; x_wconf 79' lang='lat' dir='ltr'><strong>fallentes</strong></span> <span class='ocrx_word' id='word_1_757' title='bbox 2326 4668 2421 4709; x_wconf 91' lang='lat' dir='ltr'><strong>eos</strong></span> <span class='ocrx_word' id='word_1_758' title='bbox 2446 4653 2538 4723; x_wconf 91' lang='lat' dir='ltr'><strong>qui</strong></span> <span class='ocrx_word' id='word_1_759' title='bbox 2567 4653 2621 4707; x_wconf 92' lang='lat' dir='ltr'><strong>in</strong></span> <span class='ocrx_word' id='word_1_760' title='bbox 2647 4652 2918 4708; x_wconf 87' lang='lat' dir='ltr'><strong>soliditate</strong></span> <span class='ocrx_word' id='word_1_761' title='bbox 2949 4668 3060 4707; x_wconf 66' lang='lat' dir='ltr'><strong>sua:</strong></span> <span class='ocrx_word' id='word_1_762' title='bbox 3088 4651 3347 4722; x_wconf 76' lang='lat' dir='ltr'><strong>professa:</strong></span> <span class='ocrx_word' id='word_1_763' title='bbox 3371 4651 3625 4707; x_wconf 80' lang='lat' dir='ltr'><strong>salvatio-</strong></span> 
     </span>
    </p>
   </div>
   <div class='ocr_carea' id='block_1_105' title="bbox 2051 4743 3623 4815">
    <p class='ocr_par' dir='ltr' id='par_1_105' title="bbox 2051 4743 3623 4815">
     <span class='ocr_line' id='line_1_105' title="bbox 2051 4743 3623 4815; baseline -0.003 -15"><span class='ocrx_word' id='word_1_764' title='bbox 2051 4744 2135 4800; x_wconf 87' lang='lat' dir='ltr'><strong>nis</strong></span> <span class='ocrx_word' id='word_1_765' title='bbox 2155 4746 2601 4815; x_wconf 84' lang='lat' dir='ltr'><strong>perduraverunt,</strong></span> <span class='ocrx_word' id='word_1_766' title='bbox 2629 4759 2659 4797; x_wconf 90' lang='lat' dir='ltr'><strong>a</strong></span> <span class='ocrx_word' id='word_1_767' title='bbox 2686 4743 3014 4798; x_wconf 87' lang='lat' dir='ltr'><strong>monasterio</strong></span> <span class='ocrx_word' id='word_1_768' title='bbox 3048 4751 3426 4808; x_wconf 85' lang='lat' dir='ltr'><strong>removerunt,</strong></span> <span class='ocrx_word' id='word_1_769' title='bbox 3460 4750 3623 4814; x_wconf 86' lang='lat' dir='ltr'><strong>atque</strong></span> 
     </span>
    </p>
   </div>
   <div class='ocr_carea' id='block_1_106' title="bbox 2051 4833 3622 4905">
    <p class='ocr_par' dir='ltr' id='par_1_106' title="bbox 2051 4833 3622 4905">
     <span class='ocr_line' id='line_1_106' title="bbox 2051 4833 3622 4905; baseline -0.001 -14"><span class='ocrx_word' id='word_1_770' title='bbox 2051 4836 2105 4891; x_wconf 92' lang='lat' dir='ltr'><strong>in</strong></span> <span class='ocrx_word' id='word_1_771' title='bbox 2152 4843 2449 4891; x_wconf 90' lang='lat' dir='ltr'><strong>memorata</strong></span> <span class='ocrx_word' id='word_1_772' title='bbox 2495 4834 2630 4890; x_wconf 88' lang='lat' dir='ltr'><strong>cella</strong></span> <span class='ocrx_word' id='word_1_773' title='bbox 2672 4833 3103 4899; x_wconf 87' lang='lat' dir='ltr'><strong>collocaverunt;</strong></span> <span class='ocrx_word' id='word_1_774' title='bbox 3140 4843 3197 4889; x_wconf 90' lang='lat' dir='ltr'><strong>et</strong></span> <span class='ocrx_word' id='word_1_775' title='bbox 3230 4833 3354 4890; x_wconf 89' lang='lat' dir='ltr'><strong>illos</strong></span> <span class='ocrx_word' id='word_1_776' title='bbox 3377 4835 3472 4905; x_wconf 92' lang='lat' dir='ltr'><strong>qui</strong></span> <span class='ocrx_word' id='word_1_777' title='bbox 3502 4849 3622 4905; x_wconf 92' lang='lat' dir='ltr'><strong>pro-</strong></span> 
     </span>
    </p>
   </div>
   <div class='ocr_carea' id='block_1_107' title="bbox 2046 4924 3623 4996">
    <p class='ocr_par' dir='ltr' id='par_1_107' title="bbox 2046 4924 3623 4996">
     <span class='ocr_line' id='line_1_107' title="bbox 2046 4924 3623 4996; baseline 0 -16"><span class='ocrx_word' id='word_1_778' title='bbox 2046 4926 2179 4996; x_wconf 64' lang='lat' dir='ltr'><strong>pria:</strong></span> <span class='ocrx_word' id='word_1_779' title='bbox 2203 4924 2497 4980; x_wconf 84' lang='lat' dir='ltr'><strong>voluntatis</strong></span> <span class='ocrx_word' id='word_1_780' title='bbox 2529 4924 2710 4979; x_wconf 87' lang='lat' dir='ltr'><strong>libitus</strong></span> <span class='ocrx_word' id='word_1_781' title='bbox 2739 4941 2847 4980; x_wconf 90' lang='lat' dir='ltr'><strong>non</strong></span> <span class='ocrx_word' id='word_1_782' title='bbox 2875 4924 3074 4980; x_wconf 84' lang='lat' dir='ltr'><strong>virtute</strong></span> <span class='ocrx_word' id='word_1_783' title='bbox 3103 4925 3197 4980; x_wconf 87' lang='lat' dir='ltr'><strong>sed</strong></span> <span class='ocrx_word' id='word_1_784' title='bbox 3223 4925 3458 4980; x_wconf 86' lang='lat' dir='ltr'><strong>versutia</strong></span> <span class='ocrx_word' id='word_1_785' title='bbox 3480 4941 3623 4995; x_wconf 71' lang='lat' dir='ltr'><strong>qua!-</strong></span> 
     </span>
    </p>
   </div>
   <div class='ocr_carea' id='block_1_108' title="bbox 2046 5011 3626 5085">
    <p class='ocr_par' dir='ltr' id='par_1_108' title="bbox 2046 5011 3626 5085">
     <span class='ocr_line' id='line_1_108' title="bbox 2046 5011 3626 5085; baseline -0.002 -14"><span class='ocrx_word' id='word_1_786' title='bbox 2046 5016 2274 5079; x_wconf 89' lang='lat' dir='ltr'><strong>sierunt,</strong></span> <span class='ocrx_word' id='word_1_787' title='bbox 2320 5029 2383 5068; x_wconf 84' lang='lat' dir='ltr'><strong>ac</strong></span> <span class='ocrx_word' id='word_1_788' title='bbox 2422 5014 2560 5068; x_wconf 90' lang='lat' dir='ltr'><strong>collo</strong></span> <span class='ocrx_word' id='word_1_789' title='bbox 2609 5014 2677 5068; x_wconf 91' lang='lat' dir='ltr'><strong>de</strong></span> <span class='ocrx_word' id='word_1_790' title='bbox 2706 5013 2807 5069; x_wconf 90' lang='lat' dir='ltr'><strong>sub</strong></span> <span class='ocrx_word' id='word_1_791' title='bbox 2841 5011 2974 5083; x_wconf 89' lang='lat' dir='ltr'><strong>jugo</strong></span> <span class='ocrx_word' id='word_1_792' title='bbox 3015 5012 3217 5085; x_wconf 81' lang='lat' dir='ltr'><strong>regula:</strong></span> <span class='ocrx_word' id='word_1_793' title='bbox 3249 5028 3482 5068; x_wconf 77' lang='lat' dir='ltr'><strong>excusso</strong></span> <span class='ocrx_word' id='word_1_794' title='bbox 3507 5013 3626 5068; x_wconf 84' lang='lat' dir='ltr'><strong>loro</strong></span> 
     </span>
    </p>
   </div>
   <div class='ocr_carea' id='block_1_109' title="bbox 2047 5102 3623 5174">
    <p class='ocr_par' dir='ltr' id='par_1_109' title="bbox 2047 5102 3623 5174">
     <span class='ocr_line' id='line_1_109' title="bbox 2047 5102 3623 5174; baseline -0.003 -12"><span class='ocrx_word' id='word_1_795' title='bbox 2047 5104 2402 5174; x_wconf 87' lang='lat' dir='ltr'><strong>distigatioris</strong></span> <span class='ocrx_word' id='word_1_796' title='bbox 2451 5105 2574 5158; x_wconf 74' lang='lat' dir='ltr'><strong>vita:</strong></span> <span class='ocrx_word' id='word_1_797' title='bbox 2618 5103 2797 5169; x_wconf 88' lang='lat' dir='ltr'><strong>soluti,</strong></span> <span class='ocrx_word' id='word_1_798' title='bbox 2839 5102 3085 5172; x_wconf 88' lang='lat' dir='ltr'><strong>ampliori</strong></span> <span class='ocrx_word' id='word_1_799' title='bbox 3128 5103 3324 5159; x_wconf 88' lang='lat' dir='ltr'><strong>itinere</strong></span> <span class='ocrx_word' id='word_1_800' title='bbox 3348 5104 3623 5161; x_wconf 65' lang='lat' dir='ltr'><strong>celesten</strong></span> 
     </span>
    </p>
   </div>
   <div class='ocr_carea' id='block_1_110' title="bbox 2046 5192 3623 5266">
    <p class='ocr_par' dir='ltr' id='par_1_110' title="bbox 2046 5192 3623 5266">
     <span class='ocr_line' id='line_1_110' title="bbox 2046 5192 3623 5266; baseline -0.001 -17"><span class='ocrx_word' id='word_1_801' title='bbox 2046 5194 2275 5266; x_wconf 90' lang='lat' dir='ltr'><strong>patriam</strong></span> <span class='ocrx_word' id='word_1_802' title='bbox 2304 5200 2488 5262; x_wconf 88' lang='lat' dir='ltr'><strong>petere</strong></span> <span class='ocrx_word' id='word_1_803' title='bbox 2522 5202 2648 5247; x_wconf 90' lang='lat' dir='ltr'><strong>sunt</strong></span> <span class='ocrx_word' id='word_1_804' title='bbox 2672 5192 2882 5257; x_wconf 90' lang='lat' dir='ltr'><strong>conati,</strong></span> <span class='ocrx_word' id='word_1_805' title='bbox 2933 5192 2988 5247; x_wconf 92' lang='lat' dir='ltr'><strong>in</strong></span> <span class='ocrx_word' id='word_1_806' title='bbox 3015 5192 3305 5249; x_wconf 87' lang='lat' dir='ltr'><strong>domiciliis</strong></span> <span class='ocrx_word' id='word_1_807' title='bbox 3343 5193 3623 5248; x_wconf 84' lang='lat' dir='ltr'><strong>reverendi</strong></span> 
     </span>
    </p>
   </div>
   <div class='ocr_carea' id='block_1_111' title="bbox 2047 5282 3618 5353">
    <p class='ocr_par' dir='ltr' id='par_1_111' title="bbox 2047 5282 3618 5353">
     <span class='ocr_line' id='line_1_111' title="bbox 2047 5282 3618 5353; baseline 0 -14"><span class='ocrx_word' id='word_1_808' title='bbox 2047 5286 2263 5342; x_wconf 87' lang='lat' dir='ltr'><strong>habitus</strong></span> <span class='ocrx_word' id='word_1_809' title='bbox 2290 5292 2344 5338; x_wconf 93' lang='lat' dir='ltr'><strong>et</strong></span> <span class='ocrx_word' id='word_1_810' title='bbox 2373 5284 2497 5339; x_wconf 68' lang='lat' dir='ltr'><strong>vita:</strong></span> <span class='ocrx_word' id='word_1_811' title='bbox 2520 5284 2829 5339; x_wconf 65' lang='lat' dir='ltr'><strong>monasticae</strong></span> <span class='ocrx_word' id='word_1_812' title='bbox 2855 5283 3209 5353; x_wconf 86' lang='lat' dir='ltr'><strong>reliquerunt.</strong></span> <span class='ocrx_word' id='word_1_813' title='bbox 3245 5282 3353 5340; x_wconf 84' lang='lat' dir='ltr'><strong>Sed</strong></span> <span class='ocrx_word' id='word_1_814' title='bbox 3383 5284 3618 5339; x_wconf 45' lang='lat' dir='ltr'><strong>laudabi-</strong></span> 
     </span>
    </p>
   </div>
   <div class='ocr_carea' id='block_1_112' title="bbox 2042 5373 3626 5447">
    <p class='ocr_par' dir='ltr' id='par_1_112' title="bbox 2042 5373 3626 5447">
     <span class='ocr_line' id='line_1_112' title="bbox 2042 5373 3626 5447; baseline 0 -18"><span class='ocrx_word' id='word_1_815' title='bbox 2042 5375 2149 5431; x_wconf 88' lang='lat' dir='ltr'><strong>lius</strong></span> <span class='ocrx_word' id='word_1_816' title='bbox 2176 5376 2231 5430; x_wconf 92' lang='lat' dir='ltr'><strong>hi</strong></span> <span class='ocrx_word' id='word_1_817' title='bbox 2270 5382 2451 5445; x_wconf 87' lang='lat' dir='ltr'><strong>patres</strong></span> <span class='ocrx_word' id='word_1_818' title='bbox 2491 5373 2745 5429; x_wconf 80' lang='lat' dir='ltr'><strong>Ecclesize</strong></span> <span class='ocrx_word' id='word_1_819' title='bbox 2788 5375 3114 5429; x_wconf 85' lang='lat' dir='ltr'><strong>auctoritate</strong></span> <span class='ocrx_word' id='word_1_820' title='bbox 3157 5391 3256 5432; x_wconf 86' lang='lat' dir='ltr'><strong>sua</strong></span> <span class='ocrx_word' id='word_1_821' title='bbox 3284 5376 3462 5447; x_wconf 76' lang='lat' dir='ltr'><strong>dignae</strong></span> <span class='ocrx_word' id='word_1_822' title='bbox 3484 5375 3626 5446; x_wconf 85' lang='lat' dir='ltr'><strong>peti-</strong></span> 
     </span>
    </p>
   </div>
   <div class='ocr_carea' id='block_1_113' title="bbox 2043 5465 3622 5538">
    <p class='ocr_par' dir='ltr' id='par_1_113' title="bbox 2043 5465 3622 5538">
     <span class='ocr_line' id='line_1_113' title="bbox 2043 5465 3622 5538; baseline -0.001 -15"><span class='ocrx_word' id='word_1_823' title='bbox 2043 5469 2176 5524; x_wconf 89' lang='lat' dir='ltr'><strong>tioni</strong></span> <span class='ocrx_word' id='word_1_824' title='bbox 2198 5467 2445 5533; x_wconf 78' lang='lat' dir='ltr'><strong>fratrum,</strong></span> <span class='ocrx_word' id='word_1_825' title='bbox 2480 5482 2619 5536; x_wconf 88' lang='lat' dir='ltr'><strong>quos</strong></span> <span class='ocrx_word' id='word_1_826' title='bbox 2640 5467 2694 5520; x_wconf 90' lang='lat' dir='ltr'><strong>in</strong></span> <span class='ocrx_word' id='word_1_827' title='bbox 2722 5481 2832 5521; x_wconf 81' lang='lat' dir='ltr'><strong>sua:</strong></span> <span class='ocrx_word' id='word_1_828' title='bbox 2859 5465 3138 5538; x_wconf 86' lang='lat' dir='ltr'><strong>religionis</strong></span> <span class='ocrx_word' id='word_1_829' title='bbox 3163 5467 3363 5521; x_wconf 85' lang='lat' dir='ltr'><strong>virtute</strong></span> <span class='ocrx_word' id='word_1_830' title='bbox 3383 5466 3622 5521; x_wconf 73' lang='lat' dir='ltr'><strong>diximus</strong></span> 
     </span>
    </p>
   </div>
   <div class='ocr_carea' id='block_1_114' title="bbox 2043 5555 3623 5631">
    <p class='ocr_par' dir='ltr' id='par_1_114' title="bbox 2043 5555 3623 5631">
     <span class='ocr_line' id='line_1_114' title="bbox 2043 5555 3623 5631; baseline -0.003 -16"><span class='ocrx_word' id='word_1_831' title='bbox 2043 5558 2405 5631; x_wconf 88' lang='lat' dir='ltr'><strong>permansisse</strong></span> <span class='ocrx_word' id='word_1_832' title='bbox 2425 5598 2438 5624; x_wconf 92' lang='lat'><strong>,</strong></span> <span class='ocrx_word' id='word_1_833' title='bbox 2474 5557 2602 5627; x_wconf 88' lang='lat' dir='ltr'><strong>quia</strong></span> <span class='ocrx_word' id='word_1_834' title='bbox 2627 5558 2707 5613; x_wconf 93' lang='lat' dir='ltr'><strong>sic</strong></span> <span class='ocrx_word' id='word_1_835' title='bbox 2733 5557 2903 5613; x_wconf 85' lang='lat' dir='ltr'><strong>nostri</strong></span> <span class='ocrx_word' id='word_1_836' title='bbox 2933 5572 3189 5612; x_wconf 87' lang='lat' dir='ltr'><strong>assensus</strong></span> <span class='ocrx_word' id='word_1_837' title='bbox 3213 5555 3387 5626; x_wconf 87' lang='lat' dir='ltr'><strong>jussio</strong></span> <span class='ocrx_word' id='word_1_838' title='bbox 3426 5557 3623 5619; x_wconf 84' lang='lat' dir='ltr'><strong>fuerat,</strong></span> 
     </span>
    </p>
   </div>
   <div class='ocr_carea' id='block_1_115' title="bbox 2045 5645 3620 5715">
    <p class='ocr_par' dir='ltr' id='par_1_115' title="bbox 2045 5645 3620 5715">
     <span class='ocr_line' id='line_1_115' title="bbox 2045 5645 3620 5715; baseline -0.001 -9"><span class='ocrx_word' id='word_1_839' title='bbox 2045 5657 2341 5706; x_wconf 87' lang='lat' dir='ltr'><strong>annuentes</strong></span> <span class='ocrx_word' id='word_1_840' title='bbox 2370 5689 2383 5715; x_wconf 92' lang='lat'><strong>,</strong></span> <span class='ocrx_word' id='word_1_841' title='bbox 2430 5646 2823 5705; x_wconf 79' lang='lat' dir='ltr'><strong>rationabiliter</strong></span> <span class='ocrx_word' id='word_1_842' title='bbox 2852 5654 2905 5701; x_wconf 89' lang='lat' dir='ltr'><strong>et</strong></span> <span class='ocrx_word' id='word_1_843' title='bbox 2926 5647 3186 5704; x_wconf 87' lang='lat' dir='ltr'><strong>canonice</strong></span> <span class='ocrx_word' id='word_1_844' title='bbox 3217 5645 3620 5705; x_wconf 80' lang='lat' dir='ltr'><strong>satisfecerunt.</strong></span> 
     </span>
    </p>
   </div>
   <div class='ocr_carea' id='block_1_116' title="bbox 3497 246 3711 314">
    <p class='ocr_par' dir='ltr' id='par_1_116' title="bbox 3497 246 3711 314">
     <span class='ocr_line' id='line_1_116' title="bbox 3497 246 3711 314; baseline 0.005 -1"><span class='ocrx_word' id='word_1_845' title='bbox 3497 246 3711 314; x_wconf 71' lang='lat' dir='ltr'><strong>laus</strong></span> 
     </span>
    </p>
   </div>
  </div>
