4006 6178
328 300 460 358 i209
538 267 542 272 ’

1434 287 1834 345 DlPLOMATA
1874 286 2426 345 ECCLESIASTIC‘A.

3440 291 3585 348 12m

322 427 375 473 et
403 415 470 470 ob
510 407 865 483 suggestionis
905 408 1153 463 notitiatn
1183 448 1197 472 ,
1251 414 1310 460 ut
1339 413 1537 461 nostra:
1562 404 1892 476 panderetur
1918 403 1970 463 A
1995 401 2098 474 Ipsi
2147 402 2214 459 de
2259 410 2457 459 uetere
2506 401 2710 458 fratres
2735 443 2749 468 ,
2798 411 3051 474 respectu
3096 404 3278 461 divino
3321 422 3585 477 processu

320 501 619 563 celsitudini
647 541 662 566 ,
708 499 941 569 qualiter
987 495 1071 552 vel
1111 512 1218 566 quo
1254 496 1444 551 ordine
1472 504 1584 550 tam
1610 494 1885 549 devotissi-

319 610 463 651 mum
487 592 692 646 factum
715 590 783 644 ab
805 588 1011 645 eisdem
1039 585 1464 657 religiosissimis
1494 583 1631 639 viris
1656 583 1727 638 sit
1756 581 1895 637 cele-

316 685 528 739 bratutn
554 721 570 746 ,
592 681 727 736 duas
753 694 915 750 super
942 679 1046 733 hoc
1065 677 1212 747 jure,
1237 676 1354 748 pari
1390 683 1599 740 tenore,
1626 673 1897 744 conscrip-

316 775 489 829 tiones
534 770 813 833 fecerunt,
859 783 1060 839 easque
1092 768 1341 822 manibus
1378 764 1736 821 ﬁrmaverunt
1763 778 1895 833 pro-

314 864 466 934 priis,
496 870 556 918 ut
585 861 754 916 altera
796 875 984 914 earum
1032 859 1086 913 in
1129 858 1351 913 archivo
1384 855 1556 926 ipsius
1578 855 1895 910 monasterii

312 954 381 1007 ob
411 952 728 1008 memoriam
756 960 810 1008 et
840 952 1187 1007 stabilitatem
1215 952 1344 1007 inibi
1377 950 1538 1021 hujus
1558 950 1767 1006 ordinis
1796 965 1895 1021 per

314 1043 495 1098 futura
537 1052 780 1114 tempora
826 1050 1159 1108 servaretur,
1200 1042 1429 1098 alteram
1457 1051 1655 1097 nostra:
1690 1041 1895 1111 magni-

314 1133 487 1195 tudini
524 1133 855 1199 direxerunt,
884 1142 942 1188 ut
979 1133 1127 1188 illam
1163 1133 1416 1203 palatinis
1440 1132 1658 1188 scriniis
1675 1131 1895 1201 jubere-

313 1237 434 1278 mus
477 1222 768 1279 recondere
814 1224 883 1279 ob
931 1233 1340 1279 monumentum
1381 1232 1436 1279 et
1457 1223 1616 1279 istius
1637 1224 1739 1279 rite
1766 1224 1893 1277 facti

314 1321 627 1382 perpetuam
656 1314 988 1369 firmitatem.
1018 1313 1125 1370 Sed
1151 1331 1272 1370 cum
1305 1314 1447 1371 idem
1478 1314 1632 1380 ordo,
1666 1314 1777 1369 Deo
1796 1328 1894 1368 an-

310 1409 533 1465 nuente,
565 1410 823 1471 quantum
847 1402 1103 1458 divinitus
1131 1403 1300 1459 videri
1342 1404 1593 1469 dabatur,
1627 1402 1679 1457 in
1702 1403 1892 1458 eodem

310 1492 429 1547 loco
461 1492 690 1549 feliciter
735 1495 1044 1561 incederet,
1094 1495 1350 1565 antiquus
1400 1494 1595 1551 salutis
1642 1495 1893 1549 humanae

312 1580 565 1637 inimicus
585 1583 847 1652 quosdam
876 1598 941 1638 ex
973 1584 1107 1654 ipsis
1135 1583 1395 1640 fratribus
1438 1599 1534 1639 sua
1558 1599 1762 1654 organa
1780 1581 1893 1638 effi-

310 1668 481 1736 ciens,
514 1672 649 1726 adeo
681 1671 999 1727 insidiarum
1035 1689 1256 1729 suarum
1287 1673 1444 1729 furiis
1466 1672 1777 1745 exagitavit,
1807 1681 1889 1737 ut,

1997 495 2256 566 temporis
2282 494 2446 549 corda
2493 491 2707 549 illorum
2742 502 3015 564 tangente,
3042 496 3303 565 propositi
3331 497 3413 553 sui
3439 505 3578 553 stre-

1993 586 2086 641 nui
2125 593 2181 640 et
2206 584 2602 655 prteteritarum
2641 584 3089 656 negligentiarum
3118 588 3458 656 pmnitentia:
3490 589 3559 643 de

1995 674 2105 730 voti
2137 681 2487 730 exsecutores
2508 672 2704 740 ell‘ecti,
2734 690 2999 731 consensu
3022 677 3226 734 salubri
3249 686 3306 733 et
3325 680 3581 748 prudenti

1996 775 2107 822 tres
2134 765 2410 821 cbarlulas
2434 766 2895 835 conscripserunt,
2925 776 2988 822 ut
3031 783 3135 823 una
3164 784 3353 825 earum
3392 768 3460 824 ad
3486 786 3548 825 ea

1992 866 2088 927 put
2114 855 2630 928 gloriosissimorum
2645 855 2847 912 Christi
2873 865 3179 929 martyrum
3200 858 3373 925 ﬁeret,
3401 859 3575 915 altera

1993 950 2155 1021 regia:
2181 947 2567 1004 dominationis
2595 956 2794 1002 nostrae
2829 948 3073 1003 custodia
3115 950 3319 1004 servari
3350 950 3575 1005 deman-

1992 1041 2238 1105 daretur,
2271 1039 2487 1095 tertiam
2521 1053 2652 1095 vero
2676 1038 2845 1110 ipsius
2871 1041 3182 1095 monasterii
3216 1039 3383 1095 abbas
3412 1041 3578 1113 liabe-

1992 1137 2076 1185 ret
2107 1147 2121 1183 :
2155 1129 2210 1184 in
2243 1128 2441 1198 quibus
2477 1143 2537 1183 se
2567 1143 2598 1182 a
2625 1129 2787 1183 beato
2817 1135 2971 1198 patre
2994 1127 3286 1184 Benedicto
3305 1170 3319 1194 ,
3347 1130 3578 1185 docente

1991 1227 2180 1291 sancto
2227 1217 2468 1288 Spiritu,
2513 1218 2837 1288 descriptam
2883 1218 3124 1291 regulam
3179 1228 3308 1274 sunt
3356 1236 3578 1278 servare

1992 1287 2131 1364 velle
2161 1287 2434 1379 professi,
2485 1315 2547 1362 ut
2591 1287 2969 1379 unusquisque
2990 1323 3177 1364 eorum
3221 1324 3418 1366 nomen
3445 1328 3575 1382 pro-

1991 1398 2168 1468 prium
2206 1412 2329 1453 cum
2374 1397 2544 1468 gradu
2584 1404 2640 1451 et
2673 1398 2923 1453 monachi
2968 1399 3327 1468 appellatione
3370 1401 3576 1457 eisdem

1992 1486 2197 1542 chartis
2233 1487 2420 1543 subter
2456 1486 2731 1541 ﬁrmavit:
2761 1502 2993 1557 quarum
3035 1505 3198 1545 unam
3226 1492 3579 1565 benignitatis

1992 1585 2192 1633 nostrae
2230 1577 2533 1647 praesentia:
2568 1578 2962 1644 exhibuerunt,
2995 1579 3275 1636 humiliter
3298 1585 3565 1652 postulari.

1994 1674 2097 1731 tes,
2146 1666 2288 1723 sicut
2327 1674 2385 1722 et
2431 1682 2575 1737 saepe
2625 1670 2912 1725 memorati
2955 1671 3291 1727 venerabiles
3333 1680 3514 1743 patres
3544 1690 3579 1730 a

308 1760 713 1831 conspiratione
759 1771 813 1816 et
855 1763 1233 1832 conjuratione
1263 1764 1405 1820 facta
1423 1806 1439 1831 ,
1475 1773 1530 1821 et
1555 1740 1888 1836 propositum
1920 1740 1966 1800 Β
1993 1758 2190 1827 quibus
2217 1758 2503 1828 synodales
2536 1758 2884 1814 diﬁlnitiones
2908 1759 3194 1816 celebraue
3221 1768 3366 1827 sunt,
3390 1772 3577 1819 aucto-

309 1851 671 1906 monasticum
694 1854 1057 1923 abnegarent,
1093 1864 1149 1909 et
1182 1856 1299 1912 sine
1320 1856 1537 1913 licentia
1567 1858 1650 1914 sui
1677 1858 1890 1915 abbatis

309 1942 625 2012 propriique
671 1943 910 2015 episcopi
952 1960 1017 2000 ac
1047 1946 1444 2015 metropolitani
1468 1988 1483 2013 ,
1511 1963 1701 2004 eorum
1729 1948 1889 2019 legati

309 2032 589 2104 dignitatis
637 2043 837 2091 nostra:
876 2036 1299 2094 dominationem
1347 2040 1583 2107 adirent,
1628 2048 1683 2094 et
1718 2040 1888 2096 mole-

309 2124 469 2179 stiam
499 2140 663 2196 super
690 2126 793 2181 hac
818 2128 1028 2183 ratione
1053 2137 1242 2184 contra
1263 2131 1580 2186 canonicam
1609 2140 1663 2187 et
1693 2147 1888 2202 propo-

310 2212 400 2267 siti
467 2215 551 2269 sui
613 2215 1009 2272 institutionem
1061 2219 1370 2276 serenitatis
1420 2229 1619 2277 nostrae
1665 2222 1886 2278 auribus

310 2300 511 2357 inferre
541 2313 951 2374 praesumerent,
975 2306 1267 2364 offerentes
1294 2310 1449 2364 nobis
1480 2318 1681 2365 tomum
1708 2310 1762 2365 in
1790 2326 1884 2366 ae-

309 2394 645 2451 eusationem
671 2407 726 2453 et
749 2397 1139 2468 blasphemiam
1176 2402 1583 2472 episcoporum,
1612 2404 1704 2474 qui
1732 2417 1791 2458 se
1818 2403 1887 2459 de

310 2487 602 2555 apostasia,
632 2489 687 2543 in
721 2506 826 2560 qua
856 2492 1232 2557 versabantur,
1261 2502 1488 2565 paterna
1523 2484 1885 2551 sollicitudine

308 2584 497 2632 nostra
551 2581 1301 2661 auctoritateaurrexerant,
1347 2596 1404 2642 et
1444 2587 1511 2642 ad
1552 2585 1885 2657 propositum

305 2667 453 2734 quod
501 2670 923 2739 abdicaverant,
994 2675 1175 2732 redire
1225 2688 1511 2733 suaserant
1549 2695 1564 2743 ;
1624 2678 1884 2733 addentes

304 2754 473 2810 etiam
517 2758 569 2813 in
608 2761 798 2817 eadem
842 2765 1097 2820 schedula
1143 2766 1249 2821 alia
1290 2782 1411 2837 quae
1435 2769 1595 2839 digna
1630 2783 1737 2823 non
1759 2776 1885 2823 sunt

307 2842 676 2914 imperialibus
706 2853 907 2907 nostris
946 2855 1162 2924 scriptis
1190 2855 1461 2912 interseri.
1501 2857 1671 2912 Porro
1698 2865 1881 2912 nostra

305 2932 548 3000 solertia,
576 2938 776 2994 auditis
801 2955 987 2995 eorum
1012 2942 1387 3011 querimoniis,
1417 2953 1883 3015 supramemorato

305 3025 602 3081 venerabili
641 3027 760 3083 viro
797 3028 1051 3088 Hilduino
1079 3040 1264 3088 nostra
1294 3032 1457 3105 jussit
1480 3035 1790 3103 clementia,
1822 3045 1884 3093 ut

304 3115 521 3171 eosdem
549 3117 834 3190 episcopos
858 3128 1044 3177 contra
1078 3138 1214 3193 quos
1240 3126 1624 3194 querebantur,
1649 3142 1749 3183 nec
1773 3143 1880 3183 non

304 3212 359 3257 et
400 3205 535 3261 alios
572 3206 641 3261 ab
685 3210 1028 3266 accusatione
1077 3211 1367 3279 immunes,
1412 3211 1658 3283 jussione
1694 3225 1879 3273 nostra

306 3295 375 3350 ad
421 3296 594 3366 ipsum
637 3299 823 3354 venire
868 3301 1147 3356 mandaret
1188 3304 1600 3360 monasterium.
1652 3304 1721 3362 Et
1752 3308 1878 3378 quia

226 3402 232 3409 ·
304 3383 373 3438 ad
403 3386 649 3441 notitiam
672 3396 913 3444 nostram
941 3390 1044 3461 ipsi
1076 3390 1273 3450 fratres
1300 3409 1426 3450 suos
1452 3397 1650 3452 misere
1679 3398 1880 3455 clamo-

303 3486 393 3527 res
415 3513 430 3538 ,
482 3475 624 3529 unde
660 3476 738 3530 nil
780 3479 1089 3548 ambiguum
1130 3490 1185 3537 et
1218 3483 1334 3539 sine
1356 3483 1516 3553 justat
1545 3486 1879 3545 dillinitionis

303 3560 524 3618 decreto
550 3562 631 3620 fas
656 3575 737 3622 est
769 3566 1087 3633 abscedere,
1118 3573 1477 3641 complurium
1503 3576 1878 3647 episcoporum

299 3648 547 3722 diligenti
584 3657 837 3712 examine
870 3674 983 3712 rem
1012 3662 1322 3716 reventilari
1359 3670 1416 3717 et
1449 3667 1712 3722 canonice
1739 3667 1876 3723 diﬁl-

302 3744 429 3810 niri,
454 3753 512 3799 et
547 3747 818 3817 consopiri
856 3750 1211 3819 praecepimus
1244 3769 1258 3806 :
1288 3767 1396 3807 non
1443 3756 1598 3825 quasi
1639 3758 1707 3812 de
1740 3773 1879 3829 prte-

303 3834 413 3890 fata
440 3847 860 3895 memoratarum
885 3848 1099 3911 patrum
1131 3845 1431 3911 sententia,
1461 3863 1583 3918 qua:
1612 3849 1879 3906 excellen-

304 3923 394 3980 tia:
424 3935 623 3984 nostra:
648 3929 784 3985 bene
809 3932 1059 3996 manebat
1098 3947 1197 4005 per
1226 3935 1407 3991 omnia
1446 3939 1683 4007 cognita,
1709 3939 1793 3995 vel
1821 3939 1877 3996 in

302 4012 487 4084 aliquo
513 4016 846 4085 dubitantes,
872 4022 965 4076 sed
994 4030 1054 4076 ut
1084 4022 1257 4093 major
1284 4024 1501 4083 Christo
1516 4025 1744 4085 Domino
1768 4028 1878 4086 Deo

305 4112 493 4160 nostro
522 4106 588 4161 de
613 4108 918 4177 percalcato
960 4111 1138 4178 hoste,
1183 4113 1277 4182 qui
1315 4113 1431 4183 jam
1473 4115 1647 4172 dictos
1674 4120 1878 4175 excita-

301 4204 456 4251 verat
478 4196 699 4264 fratres,
752 4200 1058 4272 triumphus
1104 4202 1279 4271 ﬁeret,
1328 4214 1383 4261 et
1429 4207 1484 4262 in
1529 4208 1718 4264 eodem
1757 4209 1877 4267 loco

302 4287 553 4358 ﬁrmiori,
581 4291 710 4361 quia
740 4291 962 4360 iterata,
993 4296 1336 4365 stipulatione
1359 4298 1499 4353 idem
1522 4301 1658 4355 ordo
1682 4302 1878 4357 conﬁr-

300 4385 560 4432 maretur.
600 4378 667 4433 Et
688 4382 945 4451 quoniam
973 4398 1138 4452 super
1160 4394 1406 4454 pastores
1428 4387 1681 4445 Ecclesia:
1705 4389 1877 4462 digni-

298 4468 398 4522 tati
424 4479 623 4527 nostrze
652 4472 914 4543 imperiali
960 4492 1294 4547 quaecunque
1335 4479 1683 4551 ingerebatur
1714 4498 1876 4539 accu-

299 4560 478 4625 satio,
531 4578 637 4617 non
682 4564 800 4619 sine
842 4576 994 4622 certo
1038 4577 1091 4623 et
1143 4570 1447 4628 rationabili
1488 4574 1874 4633 obliteraretur

290 4647 519 4718 judicio,
547 4652 637 4721 qui
661 4651 728 4706 ad
754 4654 1060 4711 condictum
1092 4665 1302 4730 tempus
1327 4669 1383 4715 et
1416 4661 1559 4717 diem
1590 4663 1658 4719 ad
1683 4679 1873 4735 supra-

297 4738 559 4807 scriptum
599 4755 795 4797 venere
838 4745 1227 4801 monasterium
1254 4787 1270 4814 ,
1295 4759 1352 4803 et
1380 4749 1513 4820 ipsis
1540 4755 1871 4810 accusatori-

295 4826 402 4881 bus
445 4842 567 4884 cum
610 4832 815 4902 scripto
867 4835 1012 4905 quod
1040 4836 1338 4894 clementia;
1383 4847 1584 4897 nostra:
1635 4843 1871 4900 tulerant

296 4934 480 4974 coram
509 4920 767 4977 exhibitis
791 4964 806 4989 ,
850 4931 1047 4981 cuncta
1069 4942 1191 4996 qua:
1224 4927 1277 4982 in
1317 4943 1507 4985 eorum
1533 4933 1875 4989 accusatione

297 5006 551 5063 dixerant
574 5010 658 5065 vel
681 5012 1038 5083 scripserant,
1070 5013 1204 5071 falsa
1233 5031 1352 5072 esse
1380 5018 1526 5073 veris
1560 5022 1873 5077 assertioni-

296 5096 401 5151 bus
424 5098 738 5170 idoneisque
783 5104 1007 5173 prolatis
1042 5106 1267 5163 vcstibus
1296 5108 1695 5179 probaverunt,
1734 5114 1876 5170 sicut

297 5203 365 5244 ex
386 5190 578 5246 ordine
597 5192 858 5263 inscripto
881 5197 1259 5254 manifestatur
1284 5218 1297 5255 :
1324 5202 1468 5271 quod
1490 5220 1555 5260 ex
1578 5207 1681 5264 hac
1708 5224 1872 5265 causa

296 5295 326 5333 a
360 5284 592 5339 secunda
620 5287 1021 5344 constitutionis
1054 5300 1251 5348 nostra:
1281 5298 1488 5365 synodo
1521 5300 1744 5356 archivo
1776 5316 1869 5357 no-

297 5372 399 5427 stri
429 5373 612 5440 palatii
640 5391 763 5431 cum
791 5378 1074 5441 chartulis.
1107 5397 1228 5451 quae
1248 5386 1466 5442 nomina
1493 5392 1709 5445 testium
1739 5407 1867 5447 con-

298 5461 475 5517 tinent
503 5465 593 5534 qui
619 5467 866 5538 utrisque
902 5472 1255 5528 conventibus
1299 5475 1679 5547 interfuerunt,
1725 5481 1869 5537 dire-

299 5555 441 5619 ctis,
485 5556 556 5611 ob
599 5567 874 5627 gestorum
921 5563 1236 5617 memoriam
1284 5580 1681 5625 conservatur:
1722 5574 1865 5633 unde

301 5644 445 5702 aliud
484 5647 645 5707 etiam
687 5649 752 5705 ab
791 5651 958 5723 ipsius
995 5637 1308 5712 monasterii
1336 5661 1549 5719 scriniis
1580 5666 1862 5723 retinetur.

1994 1846 2207 1902 ritatem
2224 1856 2464 1903 nostram
2485 1848 2673 1904 sedulo
2694 1849 2989 1918 petierunt,
3014 1858 3282 1919 quatenus
3303 1852 3406 1908 hoc
3428 1856 3577 1924 quod

1992 1944 2101 1992 tam
2130 1938 2315 1993 subtili
2341 1946 2397 1993 et
2435 1938 2683 2009 diligenti
2728 1940 3145 2011 investigatione
3175 1944 3471 2013 inventum,
3520 1956 3577 2002 et

1981 2023 2129 2093 justa
2156 2026 2367 2083 ratione
2395 2026 2709 2095 diﬂinitum,
2750 2045 2846 2086 seu
2875 2030 3078 2087 salubri
3120 2035 3461 2091 restitutione
3490 2053 3574 2093 re-

1987 2124 2236 2184 paratum
2258 2156 2274 2182 ,
2324 2126 2486 2187 atque
2522 2119 2780 2174 canonica
2811 2121 3136 2178 auctoritate
3169 2124 3431 2180 statutum
3454 2141 3576 2183 esse

1988 2207 2347 2279 dignoscitur,
2392 2209 2761 2279 amplitudinis
2802 2220 3003 2268 nostra:
3042 2214 3324 2287 privilegio
3356 2219 3580 2288 scriptis

1988 2298 2363 2368 imperialibus
2388 2298 2836 2357 conﬁrmaremus
2859 2342 2875 2368 ,
2917 2313 2978 2358 ut
3018 2306 3161 2374 quod
3187 2309 3449 2363 canonica
3480 2311 3574 2365 do-

1987 2396 2076 2443 cet
2117 2389 2452 2455 auctoritas,
2498 2399 2554 2446 et
2600 2400 2726 2446 vota
2764 2407 2952 2464 regum
2992 2404 3419 2469 cunctorumque
3447 2400 3577 2457 ﬁde-

1987 2476 2140 2540 lium,
2169 2477 2260 2547 qui
2283 2476 2458 2546 ipsum
2484 2477 2660 2534 locum
2685 2489 2910 2550 propter
2933 2485 3293 2540 monasticam
3320 2488 3568 2545 ordinem
3640 2514 3649 2523 -

1988 2567 2064 2622 ibi
2090 2567 2416 2622 servandum
2461 2570 2622 2625 rebus
2661 2572 2774 2626 suis
2799 2572 3139 2640 ditaverunt,
3172 2577 3572 2647 demonstrant,

1985 2671 2107 2712 cum
2136 2670 2475 2727 nequaquam
2509 2660 2577 2716 ab
2598 2673 2665 2717 eo
2692 2661 2810 2717 sine
2824 2663 3067 2732 periculo
3094 2672 3149 2721 et
3171 2669 3315 2740 regis
3339 2677 3396 2725 et
3421 2673 3571 2743 regni

1986 2749 2160 2818 possit
2172 2749 2353 2814 avelli,
2375 2760 2560 2807 nostra
2588 2754 2887 2824 imperialis
2899 2764 3140 2825 potestas
3156 2759 3573 2820 conﬁrmatione

1983 2839 2299 2910 provideat,
2349 2855 2417 2896 ne
2461 2856 2529 2897 ex
2569 2845 2758 2900 eodem
2797 2845 2918 2902 loco
2953 2848 3230 2908 modernis
3261 2850 3570 2925 futurisque

1985 2930 2320 3001 temporibus
2350 2931 2490 2987 idem
2517 2935 2653 2991 ordo
2678 2936 3027 3006 destituatur,
3058 2941 3151 2996 sed
3178 2943 3376 3013 potius,
3409 2944 3538 3002 Cbri
3555 2978 3571 2990 -

1984 3025 2073 3072 sto
2096 3018 2326 3076 Domine
2350 3020 2636 3092 largiente,
2662 3026 2730 3079 ad
2754 3027 3026 3083 cumulum
3055 3033 3321 3089 mercedis
3347 3044 3570 3104 nostrae,

1908 3097 1954 3159 C
1984 3109 2227 3182 conjugis
2261 3126 2477 3183 quoque
2517 3122 2573 3169 et
2596 3116 2796 3187 prolis,
2839 3133 3137 3191 eorumque
3173 3123 3403 3180 salutem
3442 3097 3571 3197 quo:

1980 3215 2105 3257 rum
2151 3210 2273 3271 post
2309 3209 2516 3259 tantum
2562 3204 2774 3275 lapsum
2826 3212 3097 3279 reparatio
3135 3211 3279 3268 facta
3318 3221 3423 3281 est,
3467 3232 3570 3274 nec

1980 3307 2088 3348 non
2115 3300 2174 3349 et
2193 3308 2381 3349 eorum
2402 3309 2501 3365 per
2521 3310 2676 3365 quos,
2705 3297 2818 3353 Deo
2845 3307 3141 3367 annuente,
3158 3312 3344 3358 nostra
3370 3314 3560 3362 aucto—

1979 3385 2144 3441 ritate
2166 3386 2357 3441 eadem
2392 3388 2664 3457 reparatio
2699 3390 2972 3447 celebrata
3015 3401 3120 3461 est,
3164 3395 3325 3452 simul
3362 3405 3419 3454 et
3453 3399 3567 3456 illo-

1982 3489 2103 3530 rum
2143 3475 2581 3534 informationem
2629 3481 2722 3550 qui
2764 3490 2888 3552 post
2922 3483 2992 3538 ad
3029 3488 3393 3543 monasticum
3419 3492 3567 3547 ordi—

1977 3581 2106 3621 nem
2150 3567 2382 3623 Denino
2426 3568 2728 3639 inspirante
2784 3571 2854 3626 ad
2912 3574 3164 3627 eumdem
3206 3575 3568 3635 conﬁuxerint

1978 3653 2156 3708 locum
2182 3693 2198 3720 ,
2228 3663 2437 3711 remota
2471 3657 2621 3712 omni
2661 3657 3004 3715 simulatione
3043 3675 3258 3731 semper
3294 3665 3348 3719 in
3373 3667 3563 3725 eodem

1979 3746 2312 3801 monasterio
2349 3746 2616 3816 regularis
2671 3747 2809 3803 ordo
2847 3761 3202 3820 permaneat,
3250 3753 3442 3811 ﬂoreat
3508 3769 3564 3814 et

1979 3834 2227 3891 felicibus
2266 3836 2606 3893 successibus
2642 3837 2756 3894 Deo
2786 3852 2945 3911 opem
2981 3841 3188 3900 ferente
3214 3846 3435 3916 polleat.
3496 3850 3565 3906 Et

1977 3935 2039 3981 ut
2067 3927 2182 3983 haec
2208 3928 2506 3985 auctoritas
2526 3969 2543 3996 ,
2591 3944 2753 4000 quam
2784 3933 2855 3988 ob
2880 3932 2976 3988 Dei
3010 3949 3249 3992 amorem
3288 3947 3343 3994 et
3367 3940 3562 3998 anima:

1976 4028 2178 4075 neatra:
2221 4019 2465 4091 conjugis
2510 4031 2565 4078 et
2605 4023 2810 4093 prolis,
2852 4033 2913 4081 ut
2934 4028 3303 4097 praediximus,
3332 4032 3561 4091 salutem

1976 4117 2142 4181 atque
2164 4110 2377 4181 imperii
2402 4112 2576 4168 nostri
2605 4122 2805 4169 statum
2833 4118 3235 4186 constituimus,
3264 4121 3560 4182 ﬁrmiorem

1975 4202 2221 4257 obtineat
2264 4202 2505 4273 vigorem
2530 4244 2545 4269 ,
2605 4213 2662 4260 et
2708 4206 2964 4278 deinceps
3016 4209 3334 4269 ineonvulsa
3382 4214 3561 4271 valeat

1977 4290 2293 4361 perdurare,
2333 4290 2471 4348 duas
2497 4293 2621 4349 inde
2643 4296 2760 4365 pari
2789 4304 2977 4355 tenore
3008 4301 3345 4373 conscriptas
3370 4303 3555 4362 ﬁrma-

1977 4382 2152 4436 tiones
2173 4380 2292 4437 ﬁeri
2316 4380 2602 4451 iussimus,
2639 4394 2699 4440 ut
2727 4401 2835 4441 una
2869 4388 3168 4457 imperialis
3190 4394 3329 4449 aula:
3360 4410 3556 4452 recon-

1981 4471 2181 4525 ditorio
2222 4471 2478 4539 palatinis
2507 4473 2745 4530 salvetur
2768 4478 3043 4541 excubiis,
3090 4479 3260 4535 altera
3295 4482 3363 4537 ab
3388 4485 3558 4557 ipsius

1979 4565 2291 4621 monasterii
2319 4568 2634 4624 custodibus
2674 4569 2729 4624 in
2778 4579 3097 4641 perpetuum
3143 4559 3385 4644 diligenti
3421 4593 3554 4636 cura

1977 4656 2171 4712 debeat
2188 4658 2484 4727 provideri,
2500 4673 2702 4729 easque
2727 4676 2919 4718 manus
2940 4674 3139 4720 nosine
3158 4667 3554 4739 subscriptione

1976 4747 2164 4801 subter
2187 4745 2542 4815 ﬁrmavimus,
2569 4748 2713 4806 etde
2739 4751 2938 4808 annulo
2959 4765 3147 4810 nostro
3180 4755 3418 4828 sigillare
3433 4756 3553 4829 jus-
3626 4749 3633 4759 ’

1973 4837 2166 4893 simus.

2044 4928 2287 5003 S'gnuin-
2300 4932 2557 4990 Ludovici
2585 4935 2922 4993 serenissimi
2950 4939 3313 5010 imperatoris.

2043 5022 2423 5080 Hirminmaris
2464 5025 2711 5081 notarius
2752 5025 2819 5081 ad
2861 5028 3038 5085 vicem
3075 5029 3368 5089 Theotonis
3399 5048 3553 5092 reco-

1971 5113 2131 5184 gnovi
2160 5119 2216 5168 et
2245 5114 2563 5185 subscripsi.

2040 5201 2176 5258 Data
2196 5206 2275 5257 vii
2310 5202 2578 5260 Kalendas
2605 5205 2966 5276 Septembris,
2997 5225 3159 5277 anno,
3186 5210 3405 5270 Christo
3423 5231 3551 5286 pro-

1969 5292 2127 5363 pitio,
2154 5293 2221 5349 19
2247 5294 2457 5364 imperii
2482 5296 2933 5355 domniLudovici
2958 5301 3287 5359 serenissimi
3312 5304 3546 5377 impera-

1972 5383 2127 5448 toris,
2163 5382 2455 5440 indictione
2483 5385 2571 5440 10.
2626 5386 2819 5442 Actum
2856 5393 3184 5451 monasterio
3223 5399 3393 5454 sancti
3425 5398 3550 5456 Dio-

1974 5473 2113 5545 nysii
2142 5475 2196 5530 in
2220 5474 2314 5530 Dei
2338 5476 2554 5532 nomine
2578 5475 2825 5535 feliciter.
2857 5480 3047 5547 Amen.
