4006 6178
486 285 617 342 12H

1169 398 1376 453 CLXX.

537 508 639 552 PRO
678 505 999 549 PARTITIONE
1035 505 1280 563 BONORUI
1315 505 1631 544 NONASTEBH
1670 505 1715 544 S.
1757 505 2001 544 DIONYSII.

1104 578 1278 650 (Anno
1308 580 1458 650 852.)

662 668 841 743 [Apud
866 668 1091 734 Mabill.,
1120 670 1186 724 de
1217 668 1290 724 Re
1312 669 1554 739 diplom.,
1577 686 1701 743 pag.
1731 671 1881 744 408.]

552 759 613 815 In
654 760 872 815 nomine
914 759 1125 813 Domini
1166 759 1261 813 Dei
1297 767 1352 813 et
1388 758 1687 815 Salvatoris
1728 762 1897 816 nostri
1932 761 2059 817 Iesu

484 852 709 917 Christi,
737 852 1060 918 Ludovicus,
1084 853 1266 908 divina
1283 854 1567 908 ordinante
1590 855 1951 923 providentia,
1966 857 2062 910 im-

484 951 705 1014 perator
728 942 1020 1014 Augustus.

557 1031 613 1087 Si
639 1048 702 1088 ea
726 1047 845 1102 quae
866 1032 1051 1088 ﬁdeles
1080 1033 1290 1104 imperii
1316 1035 1511 1099 nostri,
1536 1049 1634 1104 pro
1658 1044 1801 1091 statu
1826 1044 1883 1092 et
1909 1039 2054 1095 utili-

486 1132 597 1179 tate
621 1123 985 1178 Ecclesiarum
1006 1139 1071 1179 ac
1088 1139 1367 1179 servorum
1390 1125 1503 1187 Dei,
1535 1125 1764 1181 fideliter
1785 1142 1848 1182 ac
1868 1128 2059 1183 devote

484 1213 556 1267 ob
587 1214 680 1268 Dei
720 1228 958 1269 amorem
991 1216 1045 1269 in
1090 1215 1224 1270 locis
1251 1216 1351 1270 sibi
1393 1216 1697 1271 commissis
1729 1226 2056 1286 statuerunt,

484 1304 688 1360 nostris
709 1304 1091 1362 conﬁrmamus
1115 1306 1324 1374 edictis,
1370 1308 1471 1362 hoc
1503 1309 1659 1362 nobis
1683 1310 1869 1377 procul
1896 1310 2059 1366 dubio

484 1395 553 1450 ad
577 1404 835 1451 aeternam
857 1396 1265 1463 beatitudinem,
1292 1406 1349 1453 ct
1370 1399 1532 1453 totius
1548 1400 1697 1469 regni
1723 1415 1750 1453 a
1773 1400 1882 1456 Deo
1902 1401 2059 1455 nobis

483 1485 759 1541 commissi
802 1486 1023 1542 tutelam
1062 1502 1374 1543 mansurum
1416 1503 1536 1543 esse
1562 1488 1864 1555 credimus,
1889 1500 1944 1545 et
1972 1507 2059 1547 re-

484 1575 805 1630 tributorem
833 1575 1117 1631 Dominum
1147 1577 1344 1633 exinde
1370 1578 1427 1632 in
1455 1577 1637 1634 futuro
1663 1580 1864 1636 habere
1890 1581 2060 1637 conﬁ-

481 1664 679 1719 dimus.
723 1665 891 1736 Igitur
929 1676 1117 1723 notum
1155 1668 1227 1724 sit
1270 1670 1521 1725 omnibus
1559 1670 1809 1727 ﬁdelibus
1856 1682 2059 1729 sanctae

1608 287 1928 344 LUDOVICI
1960 286 1982 342 ι
2020 284 2493 369 coouounnro
2531 286 2617 340 Pll

3614 292 3745 346 iiii

2085 398 2133 455 A
2161 395 2228 450 de
2255 397 2420 466 sigale
2461 397 2637 451 modia
2679 401 2982 465 nongenta,
3026 395 3091 450 de
3119 394 3244 451 vino
3280 412 3420 467 puro
3452 399 3525 454 ad
3559 416 3745 457 eorum

2158 496 2216 542 et
2242 487 2510 557 hospitum
2536 487 3050 557 suprascriptorum,
3081 502 3173 542 seu
3202 489 3271 543 ad
3291 504 3486 545 omnes
3508 497 3746 549 necessi-

2159 586 2301 634 tates
2341 579 2582 648 ipsorum
2615 579 2794 633 modia
2839 578 2946 633 duo
2988 579 3154 633 millia
3200 581 3536 652 quingenta,
3577 584 3746 642 bracii

2158 683 2256 743 per
2281 668 2458 724 modia
2491 669 2774 724 duodecim
2801 669 3056 738 triginta,
3098 677 3156 724 et
3188 673 3432 741 exceptis
3457 674 3549 728 his
3574 674 3745 732 bracii

2161 767 2274 815 tres
2313 759 2377 814 de
2420 759 2589 828 spelta
2615 760 2908 814 secundum
2947 760 3393 817 consuetudinem
3432 777 3533 832 per
3567 766 3745 820 modia

2160 849 2398 917 triginta.
2440 848 2585 903 Inter
2618 841 2858 915 Pascha,
2914 847 3108 904 Natale
3156 848 3404 917 Domini,
3460 862 3519 908 et
3571 857 3745 909 sancti

2158 938 2397 1009 Dionysii
2462 938 2677 992 Missam
2747 938 3078 1008 leguminum
3126 941 3304 996 modia
3350 950 3629 1010 trecenta;
3678 945 3745 1000 de

2160 1028 2447 1085 formatico
2484 1046 2665 1101 pensa:
2691 1039 2948 1086 trecentae
2979 1032 3236 1102 triginta;
3275 1034 3341 1089 de
3384 1036 3545 1107 adipe
3568 1038 3744 1093 modia

2158 1118 2381 1188 triginta
2428 1119 2699 1188 quinque;
2764 1121 2833 1175 de
2882 1121 2999 1176 sale
3051 1124 3229 1179 modia
3277 1124 3513 1182 ducenta
3544 1168 3561 1194 ,
3622 1146 3745 1185 cum

2159 1208 2277 1279 ipso
2314 1210 2497 1264 modio
2517 1211 2659 1280 quod
2696 1211 2920 1266 solvitur
2954 1212 3007 1267 in
3046 1214 3254 1270 salinis.
3294 1215 3376 1271 Ad
3416 1219 3746 1277 eordevesos

2157 1307 2212 1355 et
2247 1300 2388 1355 solas
2422 1315 2610 1356 eorum
2640 1302 3037 1371 componendas
3059 1303 3207 1357 uncti
3250 1304 3506 1372 ducenti;
3546 1309 3616 1363 de
3650 1311 3743 1365 bu-

2158 1402 2278 1467 tyro
2300 1396 2529 1451 sestaria
2567 1397 2828 1468 triginta;
2860 1397 3100 1453 volatilia
3134 1408 3313 1456 autem
3353 1402 3501 1457 inter
3531 1402 3743 1459 Pascha

2157 1493 2213 1539 et
2239 1485 2483 1540 Natalem
2518 1486 2730 1541 Domini
2764 1487 2832 1542 de
2871 1487 3010 1542 villis
3040 1488 3201 1559 (sicut
3242 1490 3295 1544 in
3338 1494 3745 1549 constitutionis

2157 1574 2345 1630 charta
2392 1574 2604 1645 praefati
2655 1576 2984 1632 venerabilis
3032 1578 3130 1632 viri
3175 1580 3438 1648 scriptum
3484 1582 3744 1656 habetur)

2159 1679 2282 1721 cum
2311 1665 2654 1736 integritate,
2685 1682 2807 1736 quae
2835 1682 2998 1737 super
3031 1683 3230 1723 annum
3260 1686 3328 1725 ex
3363 1672 3445 1725 eis
3486 1674 3743 1729 omnibus

483 1753 579 1807 Dei
615 1753 868 1809 Ecclesiae
891 1769 956 1810 ac
985 1756 1215 1821 nostris,
1259 1758 1615 1827 pra-sentibus
1643 1760 1851 1816 scilicet
1882 1770 1938 1815 et
1974 1760 2058 1815 fu-
2083 1737 2132 1797 Β
2158 1770 2223 1810 eo
2258 1764 2465 1822 tenore,
2513 1770 2620 1827 quo
2656 1758 2728 1812 ibi
2768 1759 3027 1828 scriptum
3068 1770 3125 1814 et
3166 1763 3476 1818 ordinatum
3502 1774 3611 1830 est,
3639 1782 3741 1821 una

481 1842 642 1909 turis,
683 1842 810 1913 quia
850 1844 935 1898 vir
968 1846 1294 1902 venerabilis
1330 1846 1633 1915 ililduinus,
1676 1850 1846 1906 abbas
1872 1866 2057 1906 mona-

479 1933 631 1987 sterii
682 1934 1048 2003 apostolorum
1101 1934 1367 2005 Principis
1395 1978 1411 2003 ,
1451 1938 2059 1996 exeellentissimorum-

479 2038 586 2093 que
630 2022 831 2080 Christi
884 2034 1183 2097 martyrum
1231 2028 1511 2098 Dionysii,
1550 2028 1759 2086 Rustici
1802 2040 1857 2086 et
1894 2032 2056 2088 Eleu-

479 2113 662 2178 tberii,
690 2114 782 2183 qui
808 2115 1108 2185 peculiares
1131 2117 1347 2186 patroni
1377 2118 1548 2173 nostri
1575 2119 1766 2175 adesse
1785 2120 2052 2187 videntur,

479 2210 677 2259 nostrae
714 2205 979 2275 suggessit
1006 2207 1317 2272 serenitati,
1353 2208 1497 2276 quod
1532 2223 1630 2280 pro
1672 2208 1769 2266 Dei
1812 2213 2057 2284 omnipo-

478 2295 643 2351 tentis
683 2312 869 2353 amore
911 2306 968 2353 et
1003 2296 1185 2354 futuro
1210 2298 1452 2369 ejusdem
1496 2303 1931 2373 congregationis
1964 2321 2057 2361 ca-

476 2385 652 2443 vendo
678 2388 940 2457 periculo,
980 2405 1049 2444 ne
1076 2389 1255 2459 aliqua
1300 2407 1674 2448 successorum
1705 2412 1925 2450 suorum
1962 2415 2058 2454 ne-

474 2478 733 2551 gligentia
779 2489 872 2536 aut
903 2484 1169 2552 parcitate
1211 2485 1347 2540 ordo
1385 2485 1441 2540 in
1485 2502 1550 2542 ea
1597 2491 1929 2547 monasticus
1974 2491 2057 2547 fu-

477 2576 617 2632 turis
668 2578 1004 2648 temporibus
1053 2581 1465 2650 perturbaretur
1488 2622 1504 2647 ,
1558 2582 1702 2639 sicut
1767 2583 2056 2652 praeteritis

475 2667 813 2736 temporibus
855 2668 1200 2726 manifestum
1239 2680 1326 2728 est
1368 2674 1679 2744 contigisse,
1707 2676 1872 2731 veluti
1902 2690 2057 2747 syno-

471 2755 627 2830 dziles
650 2759 1075 2828 conscriptiones
1116 2776 1280 2833 super
1318 2764 1660 2820 restitutione
1695 2766 1851 2822 istius
1881 2767 2054 2822 sancti

473 2847 684 2902 ordinis
713 2847 770 2902 in
808 2849 997 2904 eodem
1044 2853 1376 2908 monasterio
1423 2861 1477 2909 et
1520 2863 1718 2910 nostrae
1760 2856 2055 2926 imperialis

474 2938 764 3006 potestatis
785 2938 1141 3007 conﬁrmatio,
1167 2956 1269 2998 nec
1287 2958 1392 3000 non
1422 2952 1477 2999 et
1499 2945 1710 3015 prmfati
1729 2947 2054 3004 venerabilis

475 3027 691 3085 abbatis
715 3028 948 3091 Hilduini
974 3033 1390 3104 conscriptionis
1411 3036 1849 3108 chartapleniter
1864 3049 2052 3098 narrat
2078 3076 2121 3138 ί.
2152 3029 2486 3085 omcinamm
2511 3071 2526 3095 .
2581 3029 2876 3085 secundum
2939 3029 3083 3099 quod
3145 3030 3202 3084 in
3256 3031 3548 3100 smpediaa
3603 3046 3743 3086 oon-

475 3137 543 3176 ex
577 3122 769 3179 ordine
804 3124 969 3193 (quod
1005 3124 1126 3181 ideo
1175 3129 1657 3193 praetermisimus,
1701 3132 1957 3193 quoniam
1994 3133 2050 3188 in
2107 3117 2121 3137 ‘
2153 3122 2444 3191 scriptione
2480 3120 2933 3193 supramemorati
2971 3120 3305 3177 honorabilis
3337 3121 3440 3176 viri
3489 3121 3746 3177 contine-

475 3137 543 3176 ex
577 3122 769 3179 ordine
804 3124 969 3194 (quod
1005 3124 1126 3181 ideo
1175 3129 1657 3196 prietermisimus,
1701 3132 1957 3203 quoniam
1994 3133 2050 3188 in

474 3210 681 3266 eisdem
719 3213 855 3269 locis
877 3214 1080 3284 liquide
1112 3224 1169 3271 et
1206 3226 1400 3275 exacte
1433 3228 1646 3277 constat
1668 3237 1797 3279 esse
1818 3224 2054 3294 descrip-

475 3311 617 3366 tum,
648 3302 726 3356 uti
759 3311 1075 3360 cunctorum
1117 3320 1258 3374 pene
1285 3307 1524 3363 declarat
1544 3311 1757 3383 notitia)
1786 3314 2053 3383 stipendia

477 3406 666 3447 eorum
707 3407 826 3462 quae
868 3395 1148 3450 annuatim
1205 3397 1258 3451 in
1318 3397 1440 3452 cibo
1493 3401 1742 3470 accipere
1799 3403 2051 3471 debeant,

476 3499 580 3540 nec
613 3499 721 3539 non
747 3496 802 3541 et
832 3487 1095 3555 quasdam
1119 3487 1274 3544 villas
1304 3490 1613 3559 specialiter
1641 3495 2054 3553 necessitatibus

470 3589 664 3631 eorum
715 3575 1098 3655 deserviendas
1158 3581 1529 3639 constituisset
1582 3598 1650 3639 ac
1695 3585 2050 3655 deputasset;

470 3673 639 3736 atque
666 3652 1088 3736 per'litterarum
1122 3671 1321 3727 seriem
1361 3680 1418 3728 et
1448 3673 1751 3745 largitionis
1763 3652 1889 3733 sua
1915 3652 2057 3733 scri-

470 3764 627 3826 ptum
671 3769 769 3813 sua
811 3757 1149 3830 aliorumque
1186 3761 1450 3839 bonorum
1479 3764 1761 3821 hominum
1807 3768 2056 3824 manibus

366 3888 383 3905 ς
473 3846 790 3903 roboratam
818 3849 899 3904 eis
925 3851 1281 3907 concessisset
1324 3868 1392 3908 ac
1416 3853 1717 3926 delegasset
1737 3896 1754 3922 ,
1791 3865 2056 3925 quatenus

470 3937 624 3993 nulla
647 3939 933 3996 occasione
959 3955 1061 3996 nec
1086 3941 1396 4011 reipublicae
1416 3946 1639 4002 servitio
1662 3947 1947 4016 quicquam
1985 3963 2051 4004 ex

469 4030 880 4087 successoribus
918 4032 1031 4087 suis
1073 4031 1514 4103 impedimentum
1543 4036 1649 4099 illis
1678 4036 1737 4091 in
1758 4036 1943 4099 futuro
1977 4038 2055 4094 in-

470 4118 620 4175 ferre
644 4119 928 4190 potuisset,
950 4136 1048 4190 pro
1082 4137 1191 4193 quo
1229 4138 1263 4178 a
1291 4124 1376 4179 via
1419 4126 1758 4181 rectitudinis
1787 4135 1840 4182 et
1870 4128 2056 4185 obser-

471 4210 692 4266 vatione
740 4210 972 4280 regulari
1012 4226 1108 4267 eos
1160 4213 1416 4269 aberrare
1463 4231 1685 4273 necesse
1731 4216 1908 4283 foret,
1959 4220 2053 4274 sed

473 4299 747 4368 deputatis
775 4300 878 4354 sibi
923 4300 1085 4355 rebus
1116 4310 1171 4357 et
1214 4303 1500 4372 stipendiis
1532 4307 1772 4363 contenti
1793 4347 1809 4372 ,
1847 4308 2053 4378 absque

474 4391 800 4446 necessitate
846 4398 907 4447 et
948 4391 1129 4462 inopia
1191 4396 1495 4465 regularem
1544 4414 1791 4455 normam
1842 4409 2046 4468 tenere,
2078 4426 2131 4484 D

467 4490 531 4538 et
564 4483 683 4538 sine
708 4484 1169 4554 prtevaricatione,
1204 4497 1465 4558 quantum
1504 4491 1740 4546 humana
1775 4493 1905 4548 sinit
1929 4494 2054 4550 “fra-

470 4576 673 4644 gilitas,
716 4578 1009 4633 observare
1037 4578 1355 4647 quivissent.
1394 4580 1547 4637 Unde
1589 4582 1865 4639 humiliter
1897 4586 2053 4653 petiit

469 4667 846 4722 celsitudinem
898 4676 1172 4735 nostram,
1222 4678 1283 4725 ut
1330 4685 1430 4741 pro
1469 4672 1548 4727 rei
1597 4672 1855 4730 ﬁrmitate
1888 4691 2053 4746 super

473 4759 662 4813 eadem
692 4758 1076 4815 constitutione
1117 4761 1456 4817 auctoritatis
1488 4771 1690 4819 nostrae
1723 4774 2049 4834 praeceptum

472 4861 577 4917 pro
620 4847 801 4901 divino
854 4847 1086 4913 intuitu,
1133 4856 1191 4903 et
1242 4850 1483 4919 ipsorum
1536 4861 1845 4908 sanctorum
1899 4869 2052 4911 reve-

477 4937 651 4992 rentia
689 4935 809 4993 ﬁeri
843 4935 1189 5006 juberemus,
1242 4956 1342 5011 per
1383 4943 1527 5011 quod
1572 4943 1789 4999 inantea
1841 4945 2052 5001 stabilis

472 5037 537 5086 et
578 5029 834 5086 inviolata
874 5041 1233 5102 permaneret.
1282 5034 1391 5090 Nos
1433 5049 1563 5090 vero
1597 5036 1843 5107 petitioni
1887 5037 2051 5103 illius,

475 5122 604 5189 quia
642 5119 946 5175 necessaria
976 5128 1030 5174 et
1064 5120 1401 5178 rationabilis
1425 5131 1566 5188 erat,
1613 5140 1800 5180 aurem
1839 5140 2049 5182 accom-

474 5210 793 5276 modantes,
842 5209 1006 5267 veluti
1048 5212 1414 5282 postulaverat
1443 5214 1560 5270 ﬁeri
1598 5215 2045 5286 adjudicavimus.

471 5298 815 5371 Quapropter
864 5303 1153 5359 statuimus
1202 5313 1367 5375 atque
1405 5304 1701 5375 iubemus,
1753 5308 2049 5365 secundum

474 5393 620 5465 quod
660 5394 715 5449 in
744 5394 887 5450 illius
925 5395 1266 5451 ordinatione
1292 5396 1620 5462 continetur,
1659 5403 1721 5451 ut
1749 5396 1946 5452 dentur
1972 5397 2053 5454 eis

474 5485 633 5540 annis
655 5484 878 5556 singulis
907 5484 974 5540 de
1002 5486 1182 5541 tritico
1214 5500 1370 5557 puro,
1403 5486 1471 5542 ad
1494 5501 1681 5541 eorum
1703 5494 1760 5542 et
1778 5484 2051 5557 hospitum

476 5578 534 5633 in
584 5576 924 5632 refectorium
954 5578 1279 5633 venientium
1314 5594 1450 5646 onus
1474 5618 1488 5642 ,
1542 5578 1721 5633 modia
1752 5579 1858 5633 duo
1889 5577 2055 5632 millia

483 5675 719 5722 centum.
757 5669 836 5724 Ad
872 5671 1214 5740 pricbcndam
1245 5669 1561 5725 fanniloriun
1596 5669 1697 5724 illis
1726 5669 2053 5725 scrvenlium

2156 1863 2278 1903 cum
2304 1862 2469 1903 censu
2497 1849 2589 1917 qui
2618 1849 2668 1902 in
2692 1847 2958 1904 volatibus
2994 1850 3059 1905 de
3087 1850 3407 1907 molendinis
3442 1861 3502 1907 et
3537 1856 3742 1910 cambis

2155 1937 2315 1992 debet
2352 1938 2532 2002 exire,
2573 1939 2715 1993 sicut
2748 1954 2778 1992 a
2817 1938 2975 2010 longo
3024 1948 3266 2010 tempore
3301 1957 3420 1997 mos
3446 1942 3590 2008 fuit,
3629 1945 3741 2000 sive

2154 2027 2591 2095 indominicatse,
2643 2030 2757 2085 sive
2804 2029 2857 2083 in
2910 2031 3170 2085 beneﬁcio
3224 2032 3436 2087 donata:
3499 2033 3739 2097 fuerint,

2156 2118 2272 2173 dari
2329 2120 2713 2175 constituimus
2753 2128 2809 2176 et
2852 2121 3257 2177 conﬁrmamus.
3300 2122 3574 2193 Saponcm
3612 2141 3741 2180 vero

2154 2208 2223 2264 de
2269 2209 2401 2280 ipsis
2445 2210 2585 2266 villis
2622 2211 2785 2283 (sicut
2820 2212 2873 2266 in
2909 2211 3137 2281 praefata
3172 2213 3588 2270 conﬁrmatione
3620 2232 3739 2271 me-

2155 2300 2350 2355 morati
2405 2301 2511 2355 viri
2563 2302 2918 2357 constitutum
2963 2303 3214 2375 habetur)
3266 2303 3497 2360 fratrum
3554 2307 3741 2362 usibus

2152 2391 2387 2462 persolvi
2444 2392 2711 2461 imperiali
2761 2393 3133 2467 roboratione.
3161 2394 3523 2451 decrevimus.
3564 2398 3647 2453 De
3683 2398 3743 2451 li-

2154 2483 2275 2554 gnis
2318 2483 2515 2538 dentur
2552 2484 2634 2539 eis
2673 2499 2944 2539 mensurae
2969 2525 2984 2551 ,
3035 2499 3155 2555 quae
3198 2486 3329 2540 midi
3376 2487 3743 2557 appellantur,

2154 2573 2300 2627 mille
2363 2582 2620 2641 centum;
2692 2576 2759 2630 de
2817 2575 2973 2631 melle
3031 2578 3329 2641 smundum
3382 2580 3743 2635 consuetudi-

2154 2592 2300 2627 mme
2363 2592 2620 2641 centum;
2692 2592 2759 2630 oe
2817 2592 2973 2631 mene
3031 2592 3058 2632 s
3159 2592 3329 2633 neum
3382 2592 3738 2635 consuetudi-

2152 2682 2308 2732 nem;
2350 2667 2416 2722 de
2466 2667 2667 2723 tribillo
2697 2683 2855 2724 carra
2901 2668 3006 2723 duo
3037 2592 3171 2733 ;$e
3219 2671 3416 2725 modiis
3467 2671 3738 2735 sedecim;

2150 2756 2298 2812 olera
2354 2772 2567 2828 quoque
2594 2797 2610 2823 ,
2651 2755 2837 2829 fruges
2872 2759 3159 2827 arborum,
3196 2761 3289 2829 pix
3311 2801 3327 2821 .
3371 2762 3740 2831 earpentarii,

2150 2848 2337 2905 circuli
2398 2848 2467 2903 ad
2530 2864 2661 2904 vasa
2724 2849 2934 2904 vinaria
2991 2851 3386 2929 prmparanda,
3444 2859 3505 2906 et
3557 2852 3743 2921 operi-

2152 2947 2336 2994 menta
2378 2947 2682 3006 tectorum;
2738 2939 2833 2994 sed
2871 2947 2927 2994 et
2980 2938 3267 2995 aediﬁcatio
3314 2948 3372 2994 et
3412 2941 3745 2995 restauratio

2152 3029 2526 3095 ofﬁcinarum,
2581 3029 2876 3085 secundum
2939 3029 3083 3099 quod
3145 3030 3202 3084 in
3256 3031 3548 3100 smpedicta
3603 3046 3743 3086 oon-

2152 3220 2262 3278 tur,
2295 3212 2533 3268 dictante
2567 3212 2911 3276 necessitate,
2933 3211 3275 3289 ministretur
3308 3220 3363 3266 et
3392 3211 3505 3265 ﬁat.
3537 3211 3624 3266 Ad
3648 3228 3745 3269 ve-

2152 3302 2406 3357 stimenta
2435 3302 2599 3357 etiam
2620 3300 2706 3371 vel
2733 3315 2921 3357 omnes
2945 3315 3132 3357 eorum
3161 3301 3517 3359 necessitates
3543 3315 3747 3357 secun-

2151 3394 2281 3450 dum
2303 3393 2610 3466 regularem
2639 3382 3034 3450 institutionem
3054 3394 3426 3464 procurandas
3451 3393 3749 3450 conﬁrma-

2154 3501 2274 3540 mus
2302 3484 2410 3540 illis
2437 3486 2655 3540 easdem
2680 3484 2860 3551 villas,
2901 3500 3036 3555 quas
3063 3485 3178 3554 ipse
3203 3499 3303 3555 per
3328 3500 3486 3542 suam
3514 3501 3745 3542 conces-

2154 3578 2364 3634 sionem
2389 3578 2470 3634 eis
2498 3579 2647 3635 visus
2675 3586 2759 3634 est
2786 3579 3142 3645 condonasse,
3170 3580 3227 3636 id
3256 3588 3341 3634 est
3370 3579 3633 3636 Murcum
3660 3582 3745 3652 (ut

2154 3668 2459 3738 antiquitus
2486 3669 2801 3734 vocabatur,
2833 3685 2979 3724 nunc
3004 3677 3187 3725 autem
3211 3668 3359 3725 Cella
3397 3672 3583 3725 sancti
3615 3670 3746 3726 Dio-

2153 3755 2339 3828 nysii),
2372 3756 2795 3814 Tosonisvallem
2823 3773 2947 3818 cum
2974 3757 3227 3814 Flaviaco
3266 3766 3323 3815 et
3353 3760 3614 3816 omnibus
3647 3775 3744 3831 ap-

2153 3850 2416 3921 pendiciis
2443 3850 2575 3916 suis,
2598 3857 2826 3921 excepto
2846 3850 3364 3918 Temeriaco—curte;
3390 3850 3542 3908 Cella
3564 3852 3747 3909 sancti

2157 3941 2369 3996 Martini
2403 3941 2458 3996 in
2494 3949 2678 3998 monte
2706 3941 3035 3999 Jocundiaco
3062 3959 3184 3999 cum
3212 3945 3361 3999 omni
3390 3945 3745 4017 integritate;

2154 4032 2340 4086 villam
2380 4031 2686 4088 Pralariam
2728 4048 2853 4088 cum
2893 4034 3006 4089 suis
3047 4034 3331 4100 omnibus,
3378 4034 3749 4092 Pratariolam

2155 4136 2280 4177 cum
2316 4119 2710 4189 Sicltaldicurte
2750 4130 2806 4176 et
2843 4123 3094 4178 omnibus
3122 4123 3192 4178 ad
3216 4139 3277 4180 se
3301 4125 3747 4193 pertinentibus;

2156 4213 2406 4269 Nucitum
2436 4214 2805 4282 superiorem,
2851 4230 2973 4270 cum
3010 4216 3342 4287 appendiciis
3373 4217 3523 4283 suis;
3569 4216 3753 4272 Fran-

2155 4302 2586 4367 corum-villam,
2617 4301 2865 4371 Maﬁare,
2904 4305 3248 4360 medietatem
3275 4304 3340 4359 de
3370 4304 3599 4371 Baliolo,
3632 4305 3755 4363 llu-

2155 4391 2367 4457 cellam,
2397 4392 2716 4458 Bedolitmn,
2746 4392 3023 4459 Villarem,
3051 4392 3593 4453 Wasconem—villam
3619 4411 3751 4452 mm

2157 4482 2465 4555 integritate
2514 4498 2611 4538 sua
2656 4489 2711 4537 et
2754 4482 3005 4550 omnibus
3050 4483 3416 4553 appendiciis;
3472 4493 3533 4539 et
3574 4500 3752 4541 omne

2158 4573 2426 4628 tcloneum
2454 4583 2617 4642 atque
2650 4588 2899 4641 censum,
2929 4573 3074 4643 quod
3108 4576 3174 4630 de
3208 4584 3454 4630 mercato
3484 4577 3753 4633 anniver-

2154 4664 2253 4719 sali
2287 4678 2384 4733 per
2408 4661 2754 4719 festivitatem
2782 4666 2951 4719 sancti
2977 4664 3217 4736 Dionysii
3244 4666 3397 4720 exire
3423 4668 3747 4734 consuevit,

2155 4755 2296 4810 sicut
2332 4754 2486 4809 bona:
2516 4754 2796 4824 beataeque
2829 4756 3108 4812 memoria:
3129 4756 3361 4812 domnus
3387 4771 3527 4813 avus
3550 4768 3750 4814 noster

2154 4844 2410 4915 Pippinus
2434 4860 2533 4915 per
2560 4860 2717 4900 suum
2753 4854 3082 4917 praeeptum
3125 4846 3206 4901 eis
3241 4846 3424 4909 dedit,
3472 4847 3749 4918 quidquid

2152 4935 2347 4992 exinde
2378 4952 2506 5007 pars
2534 4936 2648 4993 ﬁsci
2676 4944 2888 5006 poterat
2911 4946 3185 5003 exactare,
3214 4953 3314 4993 nec
3340 4940 3448 4994 no’n
3478 4948 3540 4994 et
3562 4940 3751 4994 Trim-

2150 5025 2320 5080 lidum
2368 5039 2434 5079 ac
2471 5024 2895 5095 Villam-pictam
2947 5042 3073 5081 cum
3117 5028 3265 5082 omni
3310 5028 3635 5099 integritate
3686 5043 3751 5082 ac

2151 5118 2405 5172 omnibus
2430 5116 2759 5188 appendiciis
2783 5117 2852 5173 ad
2878 5131 2972 5173 eas
2997 5119 3422 5189 pertinentibus;
3453 5119 3755 5189 Maiorem-

2151 5210 2335 5264 villam
2376 5225 2501 5265 cum
2530 5209 2839 5281 integritate
2865 5226 2881 5264 :
2925 5210 2980 5264 in
3024 5211 3140 5280 ipso
3168 5210 3289 5267 vico
3321 5227 3549 5268 mansos
3579 5208 3752 5278 duos,

2156 5309 2213 5356 et
2241 5299 2559 5355 mansionile
2587 5300 2641 5355 in
2668 5308 2849 5355 monte
2879 5299 3066 5359 Sautia
3093 5317 3215 5357 cum
3242 5303 3568 5374 adjacentiis
3593 5304 3755 5365 Suis;

2158 5408 2321 5463 super
2356 5390 2663 5462 Sequanam
2690 5406 2822 5448 vero
2848 5391 3125 5463 Capellam
3165 5395 3340 5451 sancti
3378 5394 3637 5462 Andoeni
3684 5395 3757 5449 ad

2158 5486 2297 5542 retia
2347 5485 2639 5556 piscatoria
2690 5485 3024 5541 emendanda
3075 5485 3161 5541 vel
3210 5486 3557 5567 ordinanda,
3622 5501 3756 5544 cun

2159 5592 2350 5636 manso
2375 5593 2480 5632 uno
2514 5578 2566 5633 in
2601 5576 2860 5647 Bonogilo
2888 5592 3012 5632 cum
3046 5578 3359 5649 integritate
3389 5594 3520 5642 sua;
3560 5579 3623 5634 in
3654 5579 3753 5634 ΑΙ-

2154 5650 2343 5745 ’γρνηίε
2373 5683 2588 5724 mansos
2618 5668 2773 5733 duos,
2802 5675 2857 5722 et
2886 5667 2940 5722 in
2970 5666 3319 5742 Campiniago
3353 5685 3579 5726 mansos
3609 5670 3757 5723 dum
