3996 6178
302 242 450 298 {illi

1409 244 1802 327 DlPLOMATA
1845 247 2406 307 ECCLESIASTICK.

3418 262 3560 321 {2M

294 364 364 420 ad
395 361 782 432 piscationem;
817 361 1008 416 Villam
1038 362 1278 418 Exouam
1305 380 1429 420 cum
1457 379 1623 420 censu
1655 372 1710 419 et
1737 365 1873 420 inte-
1901 366 1949 425 Α
1980 371 2089 417 tam
2139 364 2391 419 studeant
2439 365 2748 430 custodire;
2803 375 2861 421 et
2905 367 3125 438 speciali
3173 369 3567 429 sollicitudinis-

290 454 490 524 gritate
514 467 639 516 sua;
677 466 769 506 seu
796 462 852 507 et
880 468 1094 508 mansos
1123 463 1179 508 et
1204 455 1390 511 vineas
1420 457 1472 510 in
1503 456 1667 510 Belua
1686 496 1700 522 ,
1739 472 1874 526 quas

290 543 488 598 Franci
517 543 763 598 homines
792 543 960 613 ipsius
984 547 1414 615 congregationis
1442 545 1702 601 fratribus
1728 546 1872 600 delc-

291 640 586 705 gaverunt;
623 649 722 690 nec
749 651 854 690 non
892 635 947 689 in
979 636 1281 701 Vanicolas,
1311 638 1450 692 sicut
1478 637 1788 692 continetur
1816 638 1871 692 in

290 732 594 780 memorato
619 726 852 796 scripto;
892 741 1110 781 censum
1138 728 1302 781 etiam
1333 727 1549 782 solitum
1579 728 1645 783 de
1674 743 1867 796 venna,

199 877 222 884 ο
286 832 410 887 quae
459 825 544 872 est
588 833 752 889 super
776 816 995 871 fluvium
1026 819 1208 884 Lech,
1257 826 1312 873 et
1358 819 1424 874 dc
1470 835 1608 889 pago
1638 819 1865 884 Pontiu,

285 918 451 978 atque
483 923 708 964 censum
737 909 804 963 de
836 907 1132 974 Flandriis,
1175 909 1316 963 sicut
1355 910 1686 964 consuetudo
1725 909 1862 974 fuit;

282 1000 468 1054 villam
498 1000 764 1068 siquidem
793 1014 911 1068 qum
939 999 1138 1053 dicitur
1165 999 1504 1064 Brinevallis,
1536 1015 1637 1054 nec
1671 1015 1776 1054 non
1812 1009 1868 1055 ct

283 1107 465 1145 mares
493 1097 548 1144 et
572 1090 902 1160 piscaturam
947 1088 999 1142 in
1031 1089 1195 1143 Tcllis
1229 1104 1350 1144 cum
1377 1089 1524 1143 omni
1555 1089 1866 1159 integritate

281 1191 394 1237 tam
423 1184 476 1237 in
503 1197 670 1238 censu
695 1197 855 1251 quam
888 1182 940 1236 in
967 1182 1298 1251 appendiciis
1319 1197 1538 1247 eorum;
1567 1190 1623 1236 et
1647 1197 1865 1236 mansos

282 1274 336 1329 in
369 1274 597 1340 Bracio,
642 1282 699 1328 et
741 1273 1102 1344 Gabarcgium
1149 1275 1202 1329 in
1245 1275 1509 1345 Bagasino
1552 1290 1676 1330 cum
1715 1275 1861 1328 omni

280 1367 592 1437 integritate
621 1373 678 1421 et
705 1365 1040 1436 appendiciis
1078 1366 1221 1430 suis,
1268 1365 1335 1420 de
1378 1366 1572 1434 quibus
1616 1365 1860 1434 quaedam

277 1459 564 1528 conjacent
607 1457 661 1511 in
703 1472 844 1528 pago
869 1457 1225 1512 Constantino
1263 1456 1330 1511 ad
1360 1457 1679 1526 capiendum
1707 1471 1859 1509 cras-

275 1565 396 1605 sum
439 1549 663 1619 piscem.
716 1548 823 1602 llas
869 1547 1032 1618 igitur
1070 1547 1224 1602 villas
1265 1563 1388 1602 cum
1431 1546 1762 1616 appendieiis
1805 1555 1860 1600 et

277 1640 576 1696 redditibus
599 1639 683 1694 vel
713 1638 1016 1708 mancipiis,
1049 1639 1162 1692 sive
1186 1653 1309 1694 cum
1338 1637 1590 1692 omnibus
1615 1653 1734 1706 quae
1762 1652 1859 1706 per

1976 467 2104 505 cura
2134 453 2483 522 provideant,
2525 469 2593 507 ne
2623 454 2802 523 aliqua
2834 457 3043 524 antiqui
3074 458 3246 512 hostis
3275 469 3556 532 satagente

1973 541 2268 598 calliditate
2309 545 2432 598 inde
2471 560 2624 599 sacer
2664 547 2798 599 ordo
2840 557 3186 612 amoveatur,
3238 559 3334 604 aut
3373 553 3558 608 minus

1971 635 2212 703 perfecte
2238 651 2398 706 quam
2427 636 2661 691 humana
2689 625 2817 692 sinit
2842 636 3108 708 fragilitas
3135 640 3190 694 in
3221 643 3408 698 eodem
3433 643 3555 700 loco

1970 726 2297 796 praevalente
2325 727 2650 797 negligentia
2683 730 2988 800 gradiatur;
3025 731 3117 786 sed
3146 733 3286 787 sicut
3315 749 3413 790 nos
3440 737 3551 791 sin-

1970 817 2212 886 gularem
2242 832 2428 872 curam
2447 859 2462 883 ,
2501 821 2626 889 quia
2658 821 2733 875 ita
2763 822 3192 890 praedecessores
3219 833 3274 878 et
3300 830 3552 899 progeni-

1969 915 2117 962 tores
2144 908 2478 964 excellentia:
2523 920 2721 965 nostra:
2765 911 3022 966 habuisse
3059 924 3390 983 compertum
3430 928 3548 982 est,

1967 1013 2130 1067 quam
2176 999 2308 1053 inibi
2352 999 2441 1070 pia
2487 1001 2820 1070 sepultorum
2866 1017 3156 1071 corporum
3202 1005 3556 1082 amplgitur

1965 1104 2152 1142 eorum
2182 1090 2476 1154 memoria,
2531 1105 2628 1144 nos
2676 1090 2841 1144 etiam
2881 1092 3005 1147 inde
3040 1095 3241 1150 habere
3278 1097 3544 1163 videmur,

1965 1179 2194 1235 sollicite
2218 1181 2473 1236 studeant
2498 1181 2681 1235 divino
2714 1183 2930 1247 intuitu,
2960 1199 3026 1238 ne
3056 1184 3242 1238 talium
3271 1195 3544 1242 rectorum

1964 1270 2214 1326 manibus
2248 1269 2364 1339 jam
2396 1272 2596 1328 dictum
2628 1273 3056 1328 sacratissimum
3085 1273 3262 1328 locum
3297 1278 3546 1332 commit-

1963 1367 2110 1425 tant,
2138 1375 2367 1430 quorum
2398 1362 2638 1416 versutia
2676 1368 2769 1415 aut
2805 1362 3134 1433 negligentia
3167 1365 3235 1418 ab
3263 1379 3328 1420 eo
3357 1365 3546 1436 religio

1961 1452 2175 1506 decidat
2197 1492 2211 1517 ,
2259 1461 2315 1506 et
2359 1453 2538 1522 inopia
2568 1453 2653 1508 vel
2682 1454 2916 1523 torporis
2948 1455 3272 1525 negligentia
3311 1465 3542 1520 crescat,

1959 1541 2052 1595 sed
2078 1543 2257 1610 potius
2282 1543 2354 1596 ita
2377 1543 2622 1596 eumdem
2654 1543 3082 1598 sacratissimum
3111 1545 3286 1599 locum
3313 1545 3543 1600 sollicite

1957 1629 2151 1700 pieque
2184 1638 2434 1696 tractent,
2464 1640 2734 1700 quatenus
2764 1633 2918 1688 nobis
2947 1643 3000 1688 et
3028 1633 3133 1688 illis
3165 1642 3382 1690 aeternae
3413 1636 3541 1690 bea-

273 1730 550 1802 precarias
574 1739 666 1784 aut
689 1745 788 1800 per
805 1728 1069 1784 beneﬁcia
1097 1728 1292 1783 exinde
1318 1719 1566 1782 homines
1601 1715 1856 1793 retinent,
1888 1712 1934 1771 Β
1964 1721 2205 1777 titudinis
2233 1723 2401 1792 gloria
2435 1723 2559 1777 inde
2579 1722 2797 1778 Christo
2827 1739 2982 1793 Opem
3010 1723 3216 1780 ferente
3244 1734 3461 1780 maneat
3486 1735 3545 1781 et

274 1831 334 1878 ut
354 1831 475 1894 post
500 1838 686 1877 eorum
711 1823 992 1878 decessum
1017 1821 1086 1875 ad
1109 1836 1240 1875 usus
1261 1819 1490 1874 fratrum
1512 1828 1568 1874 et
1591 1819 1857 1890 stipendia

273 1922 572 1968 memorata
602 1920 963 1978 revertantur,
993 1910 1256 1967 fratribus
1283 1911 1454 1981 ipsius
1482 1910 1858 1981 congregatio-

271 2006 358 2060 nis
384 2005 452 2059 ad
481 2005 742 2074 speciales
766 2019 953 2060 eorum
979 2003 1352 2066 necessitates,
1379 2001 1642 2071 imperiali
1673 2009 1858 2055 aucto-

274 2095 437 2148 ritate
476 2102 530 2150 et
573 2093 906 2165 indulgentia
946 2109 1043 2164 per
1069 2094 1173 2148 hoc
1200 2101 1530 2164 przeceptum
1561 2091 1856 2148 conﬁrma-

275 2183 438 2238 tionis
465 2190 694 2248 nostraa,
741 2183 881 2237 sicut
922 2182 1210 2251 przedictus
1236 2181 1560 2237 venerabilis
1591 2181 1759 2236 abbas
1799 2181 1852 2236 in

273 2289 370 2330 sua
396 2274 738 2329 conﬁrmavit
763 2273 1168 2336 constitutione,
1196 2272 1378 2326 stabili
1407 2272 1528 2341 jure
1557 2272 1638 2327 eis
1662 2287 1856 2329 conce-

272 2367 448 2420 dimus
475 2375 530 2419 et
555 2364 938 2420 conﬁrmamus
965 2383 976 2416 :
1007 2363 1383 2434 praecipientes
1408 2371 1468 2416 ut
1492 2363 1669 2417 nullus
1689 2363 1854 2419 abba-

267 2463 380 2508 tum
411 2469 508 2523 per
536 2453 906 2508 successiones
947 2453 1091 2521 quod
1133 2452 1334 2507 salubri
1375 2454 1485 2523 egit
1527 2454 1753 2508 consilio
1795 2465 1852 2509 et

265 2556 454 2602 nostro
479 2556 562 2602 est
591 2547 904 2604 roboratam
929 2546 1126 2610 edicto,
1151 2545 1471 2599 subtrahere
1496 2545 1578 2599 vel
1607 2545 1851 2602 minuere

266 2635 478 2699 audeat,
510 2634 592 2688 vel
624 2635 690 2688 ad
719 2649 853 2688 usus
881 2649 1008 2688 suos
1037 2641 1373 2702 retorqueat,
1401 2631 1484 2687 vel
1509 2632 1668 2687 alicui
1695 2633 1851 2702 quid-

266 2726 390 2780 dam
424 2725 548 2779 inde
578 2725 632 2778 in
660 2725 982 2780 beneficium
1013 2725 1252 2790 tribuat;
1297 2724 1389 2779 sed
1423 2739 1597 2793 neque
1627 2725 1847 2780 servitia

265 2831 331 2871 ex
357 2817 436 2871 eis
461 2815 601 2870 villis
625 2823 858 2880 exactet,
880 2829 1056 2885 neque
1081 2813 1441 2884 paraveredos
1463 2823 1558 2868 aut
1581 2828 1849 2882 expensas

265 2909 332 2963 ad
356 2908 627 2977 hospitum
650 2906 1022 2976 susceptiones
1044 2905 1290 2974 recipiat,
1313 2914 1406 2959 aut
1429 2905 1566 2960 ullas
1591 2905 1643 2958 in
1666 2904 1847 2972 aliqua

262 3015 323 3054 re
353 2999 662 3053 exactiones
693 3006 786 3054 aut
814 2997 1240 3053 mansionaticos
1280 2997 1402 3052 inde
1433 2997 1612 3068 exigat
1639 2997 1844 3066 absque

263 3087 555 3142 inevitabili
587 3088 932 3151 necessitate,
963 3097 1160 3157 praeter
1185 3067 1688 3143 consuetudinarias
1715 3101 1844 3156 ope-
1871 3067 1915 3130 (ἶ

262 3179 500 3234 rationes
540 3194 661 3248 quae
707 3178 762 3232 in
807 3179 1091 3248 saepedicta
1124 3180 1408 3236 memorati
1439 3181 1539 3235 viri
1574 3180 1840 3236 constitu-

259 3271 421 3326 tionis
440 3272 633 3341 pagina
655 3272 938 3340 descriptaa
959 3272 1245 3338 habentur,
1271 3274 1467 3342 quibus
1483 3275 1623 3329 nihil
1643 3276 1844 3330 addere

258 3362 545 3432 quisquam
584 3378 819 3433 unquam
859 3371 1171 3431 praesumat.
1231 3363 1613 3433 Suprascripta
1656 3373 1837 3419 autem

259 3454 327 3507 ad
348 3462 564 3508 centum
587 3454 972 3525 quinquaginta
995 3454 1386 3509 monachorum
1410 3469 1694 3509 numerum
1715 3463 1843 3509 sunt

257 3545 548 3600 ordinata:
597 3559 661 3600 ex
706 3546 904 3616 quibus
947 3545 1021 3599 nil
1065 3545 1316 3614 cuiquam
1358 3545 1612 3600 abbatum
1656 3545 1840 3600 licebit

257 3651 490 3706 unquam
517 3636 871 3698 subtrahere;
907 3649 1105 3704 augere
1136 3650 1266 3688 vero
1297 3634 1388 3702 qui
1419 3634 1558 3688 forte
1585 3634 1835 3699 voluerit,

233 3729 626 3798 multiplicatis
653 3729 721 3782 ad
758 3742 914 3781 usum
945 3741 1133 3780 eorum
1164 3725 1356 3795 opibus
1376 3765 1392 3789 ,
1439 3725 1746 3780 accumulet
1783 3734 1839 3779 et

253 3819 460 3876 servitii
502 3811 686 3872 divini'
712 3817 988 3872 cultores:
1022 3817 1113 3886 qui
1142 3831 1272 3871 vero
1303 3815 1482 3872 facere
1513 3817 1671 3872 aliter
1698 3833 1837 3887 pra:-

251 3907 566 3977 sumpserit,
594 3915 648 3962 et
672 3915 794 3976 post
822 3907 1120 3962 discessum
1148 3915 1395 3961 nostrum
1425 3908 1566 3960 hanc
1590 3916 1832 3960 nostram

251 3997 720 4052 conﬁrmationem
745 4012 908 4067 quam
934 4010 1098 4066 super
1122 3996 1364 4066 prsidii-ti
1385 3995 1710 4052 venerabilis
1733 3997 1834 4051 viri

252 4087 488 4142 llilJuiui
520 4088 906 4143 constitutione
935 4086 1180 4152 fecimus,
1207 4087 1406 4142 violare
1429 4087 1680 4151 voluerit,
1704 4100 1836 4157 que-

251 4177 361 4232 rela
392 4178 460 4232 ad
485 4192 827 4234 successores
855 4183 1094 4242 nostros,
1117 4176 1209 4246 qui
1237 4184 1365 4230 tunc
1393 4176 1655 4246 temporis
1678 4175 1835 4231 nobis

249 4271 570 4340 superstites
598 4270 819 4336 fuerint,
849 4270 1114 4331 deveniat,
1146 4269 1355 4338 ipsique
1385 4267 1568 4338 agnita
1597 4268 1834 4323 auctori-

250 4372 360 4419 tate
391 4373 576 4420 nostra
610 4373 810 4419 nostra:
838 4362 1241 4418 constitutionis
1270 4369 1471 4416 statuta
1502 4359 1829 4426 defendant,

247 4461 304 4508 et
327 4469 439 4508 sua:
464 4454 803 4508 auctoritatis
829 4462 1100 4523 praecepto
1126 4452 1480 4519 conﬁrment,
1527 4452 1668 4507 sicut
1703 4467 1733 4506 a
1772 4467 1830 4508 se

245 4544 384 4598 bene
409 4552 559 4614 gesta
585 4543 798 4599 defendi
824 4551 879 4598 et
901 4543 1210 4598 conﬁrmari
1236 4557 1266 4595 a
1291 4543 1404 4596 suis
1425 4541 1829 4597 successoribus

245 4630 359 4686 Deo
387 4639 658 4685 annuente
685 4631 984 4696 voluerint,
1016 4629 1249 4700 qualiter
1272 4631 1469 4686 futuris
1498 4630 1828 4700 temporibus

243 4719 444 4776 fratres
480 4721 534 4774 in
575 4720 824 4775 coenobio
857 4720 1168 4791 supradicto
1198 4719 1440 4792 regulam
1477 4720 1619 4774 beati
1649 4719 1822 4775 Bene-

243 4811 372 4867 dicti
402 4820 700 4878 servantes,
730 4812 932 4881 absque
963 4811 1370 4882 perturbatione
1397 4812 1506 4866 Deo
1535 4811 1702 4867 libere
1733 4813 1824 4868 de-

243 4903 449 4956 servire
495 4911 738 4972 queant,
785 4903 1048 4971 nobisque
1095 4915 1194 4970 pro
1241 4909 1358 4955 rata
1409 4901 1818 4956 conﬁrmatione

242 4981 450 5046 merces
493 4993 546 5045 in
586 5001 844 5061 perpetua
875 4999 1318 5061 recompensetur
1344 4992 1669 5046 teternitate.
1713 4990 1820 5047 Ob-

239 5083 366 5138 nixe
387 5083 551 5138 etiam
575 5098 640 5138 ac
662 5083 1007 5138 devotissime
1027 5096 1216 5136 omnes
1241 5095 1586 5136 successores
1603 5090 1820 5136 nostros

240 5189 337 5244 per
353 5174 777 5244 omnipotentem
803 5172 1088 5227 Dominum
1119 5184 1175 5227 et
1201 5181 1420 5228 aaternaa
1445 5173 1819 5230 retributionis

237 5279 478 5321 amorem
527 5271 584 5318 et
628 5263 775 5334 piam
818 5263 1183 5316 reverentiam
1231 5264 1457 5318 istorum
1501 5265 1814 5334 specialium

185 5377 189 5381 -
235 5364 603 5427 protectorum
633 5363 946 5410 nostrorum
990 5353 1045 5407 in
1088 5353 1191 5407 hoc
1229 5364 1417 5410 sancto
1450 5357 1818 5425 reputavimus

233 5447 375 5512 loco,
401 5460 505 5501 nec
529 5461 636 5501 non
661 5454 718 5500 et
739 5447 881 5500 hanc
903 5443 1306 5499 constitutionis
1329 5444 1814 5508 conﬁrmationem,

235 5554 399 5607 quam
427 5537 494 5591 ad
530 5537 922 5592 monachorum
944 5534 1306 5605 providendas
1331 5535 1609 5604 regulares
1637 5548 1820 5588 neces-

237 5629 427 5684 sitates
467 5627 729 5698 imperiali
761 5625 1096 5681 ﬁrmavimus
1127 5624 1478 5689 auctoritate,
1525 5623 1813 5678 intemera-

1961 1823 2258 1870 accrescat.
2297 1815 2362 1868 Et
2389 1823 2450 1868 ut
2480 1814 2595 1869 lucc
2624 1815 2951 1879 auctoritas,
2983 1829 3146 1883 quam
3173 1815 3242 1869 ob
3268 1813 3362 1869 Dei
3394 1829 3543 1869 amo-

1958 1919 2073 1958 rem
2103 1913 2158 1959 et
2184 1905 2379 1958 anima:
2413 1915 2614 1958 nostra:
2647 1905 2946 1959 remedium
2985 1905 3299 1970 statuimus,
3341 1905 3544 1960 ﬁrmio-

1958 2010 2071 2050 rem
2101 1995 2345 2051 obtiueat
2368 1996 2633 2066 vigorem,
2663 2004 2719 2051 ct
2745 1997 3001 2067 deinceps
3030 1997 3343 2052 inconvulsa
3368 1997 3543 2052 valeat

1955 2088 2282 2157 perdurare,
2324 2104 2520 2143 manus
2547 2097 2748 2143 nostra:
2778 2090 3175 2158 subscriptione
3210 2104 3330 2143 eam
3357 2089 3544 2145 subter

1956 2181 2313 2246 ﬁrmavimus,
2340 2191 2396 2236 et
2423 2180 2625 2236 annulo
2651 2188 2838 2235 nostro
2863 2181 3086 2251 sigillari
3107 2178 3390 2248 iussimus.

2028 2271 2252 2343 Signum
2282 2273 2535 2327 Ludovici
2566 2273 2901 2327 serenissimi
2933 2273 3297 2342 imperatoris.

2025 2362 2410 2416 Hirminmaris
2454 2363 2702 2418 notarius
2745 2364 2813 2417 ad
2853 2363 3027 2417 vicem
3055 2363 3348 2419 Theotonis
3389 2379 3543 2419 reco-

1952 2451 2137 2521 gnovit
2167 2459 2221 2506 et
2246 2451 2590 2521 subscripsit.

2023 2540 2156 2594 Data
2183 2557 2257 2595 vn
2296 2541 2415 2595 Kal.
2447 2541 2724 2610 Septemb.
2753 2557 2917 2611 anno,
2950 2541 3170 2598 Christo
3191 2545 3444 2615 propitio,
3470 2547 3534 2603 l9

1952 2632 2165 2701 imperii
2193 2633 2374 2686 domui
2404 2633 2663 2688 Ludovici
2695 2634 3030 2689 serenissimi
3067 2635 3430 2705 imperatoris,
3456 2638 3538 2692 in-

1951 2722 2188 2776 dictione
2211 2721 2294 2775 lO.
2326 2721 2524 2776 Actum
2547 2724 2878 2780 monasterio
2900 2725 3073 2779 sancti
3095 2725 3335 2796 Dionysii
3362 2727 3417 2781 in
3439 2727 3535 2782 Dei

1951 2816 2170 2872 nomine
2196 2815 2451 2872 feliciter.
2480 2817 2675 2872 Amen.

2625 2905 2835 2962 CLXXI
2842 2947 2856 2961 .

2073 3012 2175 3053 Ριιο
2214 3012 2552 3054 κοΝΑετειιιο
2589 3013 2776 3054 δλκετι
2817 3014 3043 3057 ΜΛΙΠΊΝΙ
3084 3015 3425 3058 τῦκοκειςδιε.

2565 3088 2740 3159 (Amm
2769 3089 2918 3161 832.)
2951 3081 2956 3088 “

1949 3179 2052 3253 [Ex
2075 3182 2362 3238 Chartario
2384 3182 2442 3238 S.
2461 3183 2696 3253 Martini,
2721 3184 2860 3253 apud
2883 3183 3062 3250 Mart.,
3080 3183 3333 3238 Tltesaur.
3348 3183 3534 3238 πικρά.

2484 3262 2616 3307 tom.
2647 3252 2698 3319 l,
2738 3252 2859 3324 pag.
2888 3253 3004 3325 29.]

2015 3365 2073 3420 In
2113 3365 2335 3420 nomine
2372 3364 2588 3419 Domini
2630 3363 2725 3418 Dei
2764 3371 2821 3417 et
2851 3362 3161 3432 _Salvatoris
3199 3362 3368 3418 nostri
3405 3359 3536 3417 Jesu

1941 3455 2166 3521 Christi,
2184 3454 2510 3521 Ludovicus,
2533 3453 2715 3508 divina
2735 3453 3024 3508 ordinante
3049 3453 3410 3522 providentia,
3436 3453 3537 3507 im-

1941 3555 2163 3616 perator
2192 3545 2488 3616 Augustus.

2013 3637 2070 3690 Si
2100 3636 2235 3690 locis
2265 3636 2376 3689 Deo
2409 3635 2605 3689 dicatis
2634 3633 2890 3702 quiddam
2927 3631 3150 3686 honoris
3177 3629 3539 3693 conferimus,

1939 3734 1994 3781 et
2017 3727 2127 3780 Deo
2153 3725 2209 3778 in
2232 3725 2313 3779 eis
2337 3723 2719 3779 famulantium
2749 3723 2899 3792 pacis
2928 3730 2984 3776 et
3007 3719 3414 3790 tranquillitatis
3437 3734 3536 3772 cu-

1938 3837 2055 3876 ram
2088 3821 2348 3893 gerimus,
2385 3829 2440 3876 et
2479 3820 2547 3875 ad
2587 3803 2952 3874 ministerium
2985 3833 3143 3872 suum
3181 3816 3406 3872 liberius
3435 3832 3541 3872 ex-

1937 3913 2272 3984 sequendum
2301 3929 2459 3984 opem
2484 3913 2729 3975 ferimus,
2754 3911 2856 3965 hoc
2884 3909 3041 3964 nobis
3064 3908 3252 3978 procul
3276 3908 3440 3964 dubio
3460 3909 3530 3964 ad

1937 4012 2140 4059 statum
2179 3987 2333 4074 regni
2372 4003 2544 4058 nostri
2581 4000 3070 4065 eorroborandum,
3116 4006 3172 4054 et
3208 3999 3274 4053 ad
3313 4007 3534 4054 aeterna:

1937 4095 2063 4149 vita:
2109 4093 2504 4149 beatitudinem
2550 4089 2974 4161 capessendam,
3024 4087 3362 4159 profuturum
3407 4103 3538 4144 esse

1937 4185 2227 4240 credimus.
2258 4183 2467 4239 Idcirco
2495 4190 2685 4238 notum
2711 4181 2830 4236 ﬁeri
2857 4179 3106 4236 volumus
3130 4179 3382 4235 omnibus
3404 4178 3533 4234 ﬁde-

1936 4276 2077 4332 libus
2121 4282 2324 4332 sanctte
2369 4274 2462 4330 Dei
2506 4271 2764 4328 Ecclesiae
2803 4279 2862 4326 et
2900 4271 3120 4335 nostris,
3168 4269 3532 4339 timentibus

1937 4367 2144 4420 scilicet
2168 4375 2223 4420 et
2252 4365 2466 4427 futuris,
2491 4363 2634 4432 quod
2661 4361 2991 4418 venerabilis
3019 4361 3188 4415 abbas
3217 4359 3530 4431 Fridegisus

1938 4455 2254 4510 monasterii
2301 4455 2358 4510 S.
2403 4454 2616 4508 Martini
2660 4453 2876 4523 patroni
2923 4453 3114 4516 nostri,
3157 4451 3213 4505 in
3261 4466 3370 4521 quo
3409 4453 3531 4522 ipse

1934 4562 2162 4616 corpore
2186 4546 2496 4615 requiescit,
2526 4543 2762 4598 innotuit
2787 4541 3094 4598 celsitudini
3125 4550 3327 4595 nostra:
3354 4542 3526 4611 quali-

1934 4644 2018 4691 ter
2052 4635 2193 4689 idem
2233 4636 2347 4704 ipse
2382 4634 2581 4704 partim
2611 4648 2708 4701 per
2744 4632 3134 4701 ignorantiam,
3166 4631 3367 4701 partim
3397 4648 3532 4687 vero

1931 4743 2031 4796 per
2068 4727 2464 4797 suggestionem
2505 4725 2859 4794 quorumdam
2905 4723 3215 4787 hominum,
3239 4721 3526 4792 quasdam

1929 4818 2085 4873 villas
2114 4818 2354 4888 ejusdem
2389 4817 2703 4872 monasterii
2732 4816 2834 4871 sibi
2863 4813 3227 4869 servientibus
3269 4813 3325 4892 in
3358 4813 3522 4866 benc-

1926 4909 2108 4964 ﬁcium
2135 4909 2396 4972 dedisset,
2427 4924 2548 4977 qua:
2569 4907 2636 4963 ad
2665 4923 2824 4962 usum
2851 4905 3077 4961 fratrqu
3108 4904 3163 4957 in
3186 4903 3378 4959 eodem
3409 4917 3516 4956 mo-

1925 5001 2165 5054 nasterio
2185 4999 2494 5070 degentium
2517 4997 2648 5052 olim
2678 4999 2948 5066 deputatae
2969 4994 3215 5057 fuerant;
3238 5001 3295 5047 et
3322 4993 3393 5046 ob
3418 4992 3524 5046 hoc

1921 5093 2249 5146 vestimenta
2289 5098 2345 5144 et
2381 5096 2630 5158 sumptus
2666 5087 3006 5143 necessarios
3038 5086 3120 5140 eis
3157 5083 3391 5153 pleniter
3419 5083 3519 5136 mi-

1924 5185 2160 5239 nistrare
2194 5198 2300 5237 non
2330 5189 2531 5252 posset.
2559 5181 2920 5248 Quamobrem
2949 5179 3092 5232 idem
3119 5177 3237 5244 ipse
3263 5182 3318 5228 et
3340 5173 3521 5229 omnis

1925 5276 2272 5346 congregatio
2301 5273 2485 5329 Sancti
2513 5273 2726 5328 Martini
2757 5272 2915 5342 petiit
2938 5277 3136 5324 nostra:
3161 5263 3522 5334 conscriptio-

1928 5369 2014 5421 nis
2055 5367 2435 5420 auctoritatem
2475 5365 2579 5418 sibi
2605 5363 2744 5428 dari,
2781 5377 2880 5432 per
2903 5374 3066 5431 quam
3095 5357 3309 5428 repulsa
3340 5355 3520 5411 omnis

1926 5457 2146 5513 occasio
2181 5465 2368 5509 nostra
2405 5455 2756 5508 concessione
2791 5461 2955 5521 atque
2990 5449 3258 5520 permissu
3297 5447 3518 5504 easdem

1927 5550 2082 5604 villas
2119 5548 2174 5602 in
2210 5563 2366 5602 suum
2404 5545 2703 5600 dominium
2738 5544 2880 5598 idem
2919 5543 3087 5598 abbas
3120 5546 3429 5603 revocaret,
3461 5547 3518 5593 et

1931 5651 2038 5696 tam
2086 5640 2200 5709 ipse
2238 5652 2398 5708 quam
2442 5645 2494 5689 et
2523 5649 2867 5690 successores
2903 5632 3019 5702 ejus
3043 5649 3108 5687 eo
3134 5631 3292 5687 modo
3319 5630 3400 5686 eis
3422 5628 3516 5687 de-
