4006 6178
499 308 639 363 1215

1594 289 1913 349 LUDOVlCl
1952 288 1974 344 Ι
2011 282 2480 344 COGNOMENTO
2518 281 2604 337 Pl!

3632 279 3770 335 1216

491 425 604 482 bita
634 417 898 490 stipendia
936 423 990 470 et
1018 413 1340 469 vestimenta
1379 408 1792 465 subministrare
1829 410 2070 475 possent,
2102 405 2155 465 Α
2175 406 2289 454 tum
2315 398 2534 453 uberius
2566 395 2969 490 exsequendum
2998 394 3347 490 sustollimus,
3377 395 3573 490 digna:-
3595 410 3771 490 remn-

494 507 945 585 quemadmodum
977 501 1310 572 temporibus
1341 499 1801 569 praedecessorum
1829 492 1946 585 ejus
1974 493 2081 548 fra-

497 584 668 658 tribus
699 598 789 668 qui
819 605 947 650 tunc
973 591 1231 662 temporis
1258 589 1390 646 inibi
1414 587 1788 644 consistebant
1806 584 2084 639 ministra-

498 694 716 747 bantur.
748 687 987 755 Quorum
1016 680 1265 754 petitioni
1302 677 1658 735 libentissime
1690 676 1997 740 annuimus,
2028 681 2086 729 et

499 782 641 836 hanc
662 785 863 833 nostra
882 770 1301 842 conscriptionis
1319 769 1695 825 auctoritatem
1717 764 1833 821 fieri
1853 762 2085 819 eisdem-

499 883 607 939 que
627 865 890 921 fratribus
911 863 1039 919 dare
1059 860 1419 924 decrevimus,
1440 872 1538 927 per
1558 868 1723 925 quam
1743 852 2084 909 decernimus

499 967 664 1028 atque
683 956 937 1027 iubemus
954 960 1015 1006 ut
1034 957 1369 1039 memoratus
1394 948 1562 1027 abbas
1592 945 1783 1016 suique
1810 958 2087 1000 successo-

502 1040 686 1102 res“
715 1045 820 1100 hoc
845 1034 1064 1098 easdem
1095 1040 1251 1095 villas
1284 1039 1339 1093 in
1367 1052 1526 1093 usum
1544 1077 1558 1103 ,
1595 1034 2003 1105 dispositionem
2032 1039 2090 1088 et

499 1134 898 1191 ordinationem
923 1132 1180 1196 habeant,
1208 1139 1271 1185 ut
1298 1129 1424 1185 inde
1454 1128 1711 1182 fratribus
1738 1125 1830 1194 qui
1863 1133 1920 1179 et
1951 1138 2089 1194 prae-

504 1225 643 1280 senti
669 1232 726 1279 et
750 1223 948 1278 futuris
969 1219 1303 1291 temporibus
1331 1219 1463 1274 inibi
1488 1217 1599 1272 Deo
1621 1214 1986 1279 militaverint,
2010 1213 2090 1268 sic

503 1313 737 1383 pleniter
776 1311 1029 1367 victualia
1069 1318 1127 1365 et
1161 1308 1482 1364 vestimenta
1525 1303 1819 1360 ministrari
1868 1302 2087 1366 faciant,

503 1403 956 1474 quemadmodum
980 1400 1316 1471 temporibus
1335 1399 1597 1470 genitoris
1620 1396 1793 1451 nostri
1812 1393 1989 1450 Caroli
2011 1394 2091 1449 eis

506 1511 538 1550 a
569 1493 825 1549 Wulfado
852 1502 909 1549 et
934 1493 1137 1547 ltherio
1162 1492 1322 1562 hujus
1346 1489 1658 1546 monasterii
1686 1487 1972 1543 abbatibus
1996 1500 2093 1540 ex—

502 1591 675 1645 hibita
699 1598 863 1660 atque
890 1588 1197 1643 ministrata
1225 1587 1463 1642 fuerunt.
1493 1586 1569 1640 De
1593 1583 1808 1640 caeteris
1833 1596 1965 1639 vero
1994 1580 2093 1635 vil-

506 1680 573 1735 lis
597 1693 718 1749 qute
753 1679 805 1732 in
834 1677 1160 1733 beneficium
1188 1677 1329 1732 data:
1364 1683 1523 1741 sunt,
1551 1674 1805 1744 iubemus
1835 1680 1896 1727 ut
1928 1670 2090 1726 tertia

2182 490 2478 547 nerationis
2498 488 2720 559 praemio
2740 503 2841 543 nos
2862 504 2893 542 a
2919 487 3146 542 Domino
3170 488 3511 543 remunerari
3543 487 3775 544 ﬁdeliter

2181 582 2471 638 credimus.
2509 581 2676 651 Igitur
2712 579 2953 635 omnium
2993 578 3231 633 fidelium
3260 589 3623 641 nostrorum,
3666 588 3775 636 tam

2181 673 2529 746 praesentium
2573 686 2737 741 quam
2778 678 2835 725 et
2875 670 3211 736 futurorum,
3252 670 3544 726 industria:
3587 681 3775 729 notum

2182 780 2304 822 esse
2330 764 2596 828 volumus,
2622 761 2857 834 qualiter
2885 761 3081 817 dilecta
3118 761 3313 830 coniux
3359 769 3556 817 nostra
3591 762 3777 818 Iudith

2182 855 2423 926 Augusta
2449 852 2719 924 suggessit
2742 852 2900 908 nobis
2923 860 2983 906 ut
3009 851 3301 921 quamdam
3320 851 3532 911 villam.
3556 853 3781 908 nomine

2185 943 2544 1008 Cambonem,
2577 958 2698 1013 qua:
2726 950 2809 998 est
2844 942 2897 997 in
2934 956 3072 1012 pago
3104 940 3348 997 Blisense
3381 941 3469 996 vel
3497 942 3776 1005 Dunense,

2185 1035 2516 1090 monasterio
2544 1034 2601 1089 S.
2629 1032 2866 1098 Martini,
2892 1034 3036 1104 quod
3054 1041 3139 1088 est
3158 1041 3538 1089 constructum
3564 1036 3619 1088 in
3639 1052 3779 1105 pago

2188 1122 2455 1179 Turonieo
2477 1137 2639 1194 super
2665 1122 2839 1194 ripam
2870 1122 3096 1193 Ligeris,
3129 1130 3186 1177 et
3211 1131 3437 1178 vocatur
3466 1124 3645 1193 Major
3674 1125 3781 1179 Io-

2188 1217 2486 1271 nasterium
2503 1255 2519 1281 ,
2552 1215 2607 1269 in
2637 1229 2744 1284 quo
2773 1214 2915 1271 idem
2944 1215 3061 1285 ipse
3092 1215 3545 1285 pnnciarissimus
3574 1217 3783 1271 confes-

2189 1319 2282 1360 sor
2306 1305 2505 1361 Christi
2541 1304 2861 1376 regulariter
2882 1319 3008 1359 cum
3036 1313 3214 1359 turma
3248 1305 3652 1361 monachorum
3683 1307 3783 1361 Do-

2191 1396 2339 1452 mino
2372 1396 2659 1463 militavit,
2687 1412 2787 1467 per
2809 1404 3011 1452 nostra:
3043 1397 3455 1466 conscriptionis
3482 1399 3783 1453 auctorita-

2192 1492 2299 1539 tem
2338 1484 2738 1540 concedimusb
2769 1486 2838 1540 ad
2879 1487 3106 1541 emenda
3150 1484 3379 1540 fratrum
3423 1486 3637 1541 ibidem
3678 1489 3783 1545 Deo

2193 1575 2959 1634 famulantiumvestimenta.
3019 1578 3172 1633 Unde
3219 1579 3531 1649 przesentim
3584 1590 3784 1635 nostra

2194 1671 2556 1720 strumentum
2583 1666 2944 1736 protulerunt,
2971 1667 3205 1737 qualiter
3220 1668 3549 1738 jamdudum
3580 1671 3653 1725 ad
3678 1686 3787 1726 me-

506 1783 636 1839 pars
663 1769 729 1822 de
752 1767 1061 1823 volatilibus
1089 1782 1214 1823 cum
1242 1766 1360 1822 ovis
1385 1766 1589 1822 eisdem
1617 1764 1876 1819 fratribus
1904 1762 2091 1818 minis-
2118 1751 2166 1811 B
2192 1764 2463 1812 moratum
2501 1757 2892 1812 monasterium
2928 1757 3176 1828 quaedam
3223 1758 3335 1814 Deo
3364 1768 3630 1839 sam-ala,
3675 1760 3784 1817 Oda

506 1866 699 1913 tretur.
723 1857 982 1914 Volumus
1006 1859 1171 1914 etiam
1197 1867 1360 1928 atque
1383 1857 1589 1913 eisdem
1619 1855 1879 1911 fratribus
1896 1867 2093 1909 conce-

507 1949 710 2016 dimus,
738 1950 831 2021 qui
862 1957 918 2005 et
953 1951 1205 2020 praesenti
1235 1958 1477 2019 tempore
1504 1948 1636 2004 inibi
1664 1947 1885 2017 degere,
1921 1954 1978 2002 et
2012 1942 2094 1999 fu-

512 2041 649 2096 turis
670 2040 1003 2111 temporibus
1021 2040 1088 2094 ad
1109 2039 1522 2095 inhaliitandum
1542 2046 1597 2092 et
1617 2037 1727 2092 Deo
1748 2035 2091 2092 serviendum

511 2130 793 2201 aggregari
821 2129 1091 2184 voluerint
1121 2146 1134 2182 :
1167 2135 1227 2183 ut
1262 2128 1330 2184 de
1363 2127 1616 2183 omnibus
1649 2139 1769 2196 qua:
1810 2124 1877 2179 ad
1917 2123 2095 2195 sepul-

509 2238 664 2278 crum
692 2221 991 2276 beatissimi
1020 2220 1236 2291 patroni
1262 2219 1432 2274 nostri
1459 2217 1517 2274 S.
1543 2216 1759 2299 Martini
1781 2231 1811 2271 a
1834 2215 2001 2271 Deum
2027 2214 2096 2269 ti-

510 2307 1194 2373 mentibus-conferuntur,
1224 2308 1440 2362 tertiam
1473 2312 1686 2377 partem
1723 2304 1992 2374 accipiant
2027 2302 2096 2360 ad

511 2398 867 2456 necessitates
907 2398 1009 2454 sibi
1039 2397 1419 2463 consulendus,
1446 2397 1689 2467 exceptis
1726 2397 1792 2453 de
1829 2395 1915 2451 his
1940 2395 2098 2451 vesti-

510 2489 712 2544 mentis
735 2497 793 2545 et
816 2488 1099 2558 speciebus
1125 2502 1246 2559 quae
1270 2489 1339 2544 ad
1359 2487 1664 2558 sepulcrum
1692 2486 1855 2553 illius,
1886 2485 2097 2542 decoris

500 2591 570 2639 et
594 2582 894 2639 honestatis
926 2597 1113 2648 causa,
1136 2588 1400 2653 perpetuo
1432 2579 1717 2636 retinenda
1749 2587 1928 2635 erunt.
1960 2576 2096 2633 Cera

515 2680 779 2728 autemet
807 2672 986 2729 oleum
1011 2672 1080 2728 ad
1106 2671 1395 2726 luminaria
1430 2670 1482 2726 in
1507 2669 1697 2725 eadem
1721 2668 1949 2725 ecclesia
1972 2682 2097 2723 con-

513 2763 785 2819 cinuanda
809 2762 1151 2818 decernimus
1176 2769 1236 2815 ut
1260 2761 1618 2817 retineantur.
1641 2757 1952 2814 Statuentes
1971 2772 2099 2828 ergo

515 2867 613 2922 per
642 2852 787 2907 hanc
818 2858 1061 2921 nostram
1094 2850 1474 2917 auctoritatem
1500 2847 1861 2920 pnecipimus,
1889 2856 1949 2902 ut
1980 2846 2102 2902 nul-

514 2940 602 2996 lus
630 2940 974 3011 praelatorum
1009 2947 1104 2995 aut
1140 2946 1424 2995 auctorum
1459 2936 1620 3008 hujus
1654 2936 1971 2992 monasterii
2006 2951 2102 3007 pa—

2192 1846 2432 1912 nomine,
2469 1860 2607 1901 uxor
2636 1846 2873 1903 Eodonis
2899 1848 3052 1903 ducis
3084 1863 3183 1918 per
3207 1837 3545 1905 venditionis
3576 1851 3785 1906 titulum

2192 1937 2438 1992 eamdem
2464 1936 2648 1992 villam
2683 1952 2808 1992 cum
2846 1938 2960 1994 suis
2986 1939 3319 2009 appendieiis
3352 1941 3786 1996 condonarent.

2192 2025 2358 2096 Cujus
2380 2027 2624 2098 petitioni
2653 2036 2874 2100 propter
2900 2044 3142 2085 amorem
3158 2038 3214 2086 et
3242 2030 3515 2087 honorem
3525 2048 3597 2088 ae
3627 2048 3787 2089 vene-

2196 2121 2460 2176 rationem
2490 2120 2775 2177 memorati
2798 2123 3011 2191 patroni
3036 2124 3209 2179 nostri
3232 2124 3541 2180 beatissimi
3571 2125 3787 2183 Martini

2193 2211 2426 2269 libenter
2450 2212 2841 2282 acquievimus,
2870 2221 2925 2269 et
2952 2224 3306 2270 memoratam
3333 2216 3525 2271 villam
3554 2217 3789 2273 Cambu—

2194 2322 2341 2372 nem,
2368 2320 2531 2378 quam
2564 2305 2620 2362 in
2645 2306 2962 2378 praescripto
2984 2323 3124 2378 pago
3148 2307 3393 2364 Blisense
3416 2309 3508 2364 vel
3537 2309 3791 2365 Dunense

2195 2398 2355 2455 sitam
2377 2413 2497 2453 esse
2516 2397 2770 2462 diximus,
2790 2413 2916 2454 cum
2942 2398 3029 2455 bis
3053 2399 3256 2455 locellis
3280 2416 3403 2471 qua:
3427 2400 3501 2456 ad
3523 2416 3654 2457 eam
3675 2417 3793 2473 per-

2196 2485 2370 2542 tinere
2405 2494 2726 2552 noscuntur,
2767 2486 2819 2541 id
2847 2497 2933 2544 est
2967 2487 3210 2554 Galiaco,
3246 2489 3553 2556 Bitarilias,
3589 2489 3794 2546 Varen-

2195 2589 2316 2640 nas,
2344 2573 2620 2643 Culturas,
2638 2576 2820 2631 villam
2846 2576 3178 2645 Aitardi,vel
3202 2578 3365 2633 etiam
3386 2594 3519 2635 eum
3544 2582 3796 2636 terminis

2197 2671 2253 2718 et
2277 2663 2530 2720 omnibus
2554 2665 2717 2721 rebus
2738 2666 2805 2721 ad
2827 2682 2888 2722 se
2909 2667 3327 2737 pertinentibus,
3355 2668 3623 2725 videlicet
3645 2671 3793 2727 basi-

2197 2752 2338 2817 licis,
2363 2754 2611 2811 domibus
2635 2757 2956 2828 ueterisque
2974 2758 3237 2824 aedificiis,
3258 2760 3456 2826 vineis,
3478 2760 3662 2827 silvis,
3690 2771 3797 2818 tero

2201 2845 2300 2911 ris,
2325 2846 2516 2916 pratis,
2541 2848 2768 2919 campis,
2791 2849 3026 2918 pascuis,
3046 2850 3204 2921 aquis
3232 2865 3575 2920 aquarumve
3601 2852 3797 2908 decur-

2199 2934 2370 3000 sibus,
2407 2934 2749 2998 moiendinis.
2779 2938 2941 2995 cultis
2969 2938 3103 2995 locis
3136 2947 3193 2996 et
3229 2940 3471 3006 incultis,
3501 2942 3802 2999 mobilibus

413 3108 418 3113 '
516 3031 661 3086 troni
687 3032 857 3088 nostri
882 3031 1182 3088 beatissimi
1208 3029 1425 3087 Martini
1453 3029 1595 3085 hanc
1619 3036 1860 3084 nostram
1881 3043 2103 3087 conces-
2135 3101 2172 3113 Α
2201 3026 2366 3082 rebus
2403 3033 2458 3080 et
2495 3026 2880 3096 immobilibus,
2921 3045 2986 3086 ac
3024 3031 3229 3102 seipsas
3261 3033 3629 3099 moventibus,
3671 3050 3798 3090 cum

511 3122 724 3177 sionem
761 3128 925 3192 atque
956 3128 1161 3177 statuta
1199 3120 1522 3186 convellere,
1553 3128 1644 3175 aut
1672 3119 1876 3196 nullum
1905 3118 1962 3174 in
1986 3133 2103 3174 mo-
2126 3101 2174 3166 C
2204 3115 2489 3186 mancipiis
2513 3125 2572 3173 ει
2607 3117 2894 3175 accolabus
2931 3101 3131 3175 diversi
3177 3136 3340 3178 sexus
3383 3131 3441 3178 ει
3477 3124 3690 3189 mulis.
3734 3126 3798 3180 ιδ

515 3214 647 3268 dum
675 3213 961 3269 immutare
986 3220 1306 3283 presumat,
1338 3212 1433 3268 sed
1468 3212 1742 3283 perpetuis
1770 3211 2105 3282 temporibus

517 3296 903 3352 inviolabiliter
948 3313 1015 3354 ea
1056 3305 1380 3353 conservent
1421 3306 1476 3354 et
1515 3298 1619 3352 sibi
1667 3297 1977 3353 conservari
2024 3296 2105 3352 fa-

514 3387 684 3442 ciant.
722 3386 792 3440 Et
815 3387 1021 3441 uLhaac
1047 3394 1248 3453 nostra:
1276 3386 1644 3443 concessionis
1679 3396 1736 3443 et
1762 3388 2106 3445 constitutio-

519 3478 606 3534 nis
628 3477 923 3533 auctoritas
948 3476 1162 3531 firmum
1201 3487 1257 3532 et
1299 3475 1660 3532 inviolabilem
1687 3478 1932 3532 obtineat
1955 3478 2105 3548 vigo-

519 3581 654 3632 rem,
687 3581 850 3622 manu
879 3566 1098 3637 propria
1125 3567 1311 3622 subter
1335 3580 1455 3622 eam
1485 3565 1840 3635 firmavimus,
1870 3575 1927 3624 et
1952 3582 2106 3626 more

519 3663 709 3713 nostro
737 3657 1015 3728 signaculo
1035 3657 1195 3713 bulla:
1217 3657 1463 3727 insigniri
1482 3655 1765 3726 iussimus.

589 3748 816 3820 Signum
847 3748 1106 3804 Ludovici
1132 3750 1466 3806 serenissimi
1492 3752 1855 3823 imperatoris.

589 3840 989 3897 Hirminmarus
1027 3843 1274 3899 notarius
1306 3842 1376 3898 ad
1408 3845 1584 3902 vicem
1615 3846 1909 3905 Theotonis
1950 3862 2106 3906 reco-

521 3946 706 4004 gae".

591 4020 725 4075 Data
751 4035 880 4077 xvm
911 4019 1182 4078 Kalendas
1208 4021 1542 4088 Decembris,
1564 4038 1730 4090 anno,
1752 4023 1971 4081 Christo
1988 4039 2110 4096 pro-

519 4111 674 4181 pitio,
703 4111 772 4167 19
799 4112 1011 4182 imperii
1049 4112 1235 4168 domui
1279 4111 1535 4169 Ludovici
1578 4115 1809 4185 piissimi
1846 4116 2105 4187 Augusti,

521 4201 814 4258 indictione
840 4203 926 4257 il.
950 4203 1147 4258 Actum
1175 4202 1409 4262 Turonis
1433 4206 1768 4263 monasterio
1796 4206 1855 4264 S.
1887 4207 2106 4264 Martini

523 4291 580 4345 in
608 4290 705 4347 Dei
728 4293 944 4348 nomine
968 4292 1218 4350 feliciter.

1190 4384 1444 4443 CLXX“.

924 4489 951 4518 ⁸
989 4492 1092 4533 PRO
1128 4491 1317 4534 ιυοιιι
1355 4494 1707 4537 κουλετειυο.

1144 4568 1319 4640 (Anno
1346 4571 1497 4642 sse.)

525 4654 631 4727 [Ex
658 4653 998 4713 Chartulario
1024 4657 1268 4781 gusdem
1302 4662 1649 4727 monasterii,
1685 4662 1828 4733 apud
1866 4662 1928 4716 D.
1961 4662 2104 4719 Bou-

652 4733 824 4781 auet..
854 4726 1044 4781 Restm
1092 4728 1184 4781 des
1212 4730 1362 4781 Iust..
1395 4741 1525 4781 tom.
1553 4732 1642 4781 IV.
1672 4747 1795 4781 nan.
1824 4731 1975 4781 583.]

652 4733 824 4796 quet.,
854 4726 1065 4782 Recueil
1092 4728 1184 4783 des
1212 4730 1362 4798 Iu'st.,
1395 4741 1525 4787 tom.
1553 4726 1642 4799 lV,
1671 4726 1795 4804 pag.
1824 4731 1975 4806 583.]

598 4836 656 4891 In
694 4838 912 4895 nomine
950 4839 1162 4897 Domini
1203 4841 1298 4897 Dei
1335 4849 1395 4896 et
1431 4840 1729 4898 Salvatoris
1765 4842 1938 4898 nostri
1977 4841 2105 4899 Jesu

530 4927 751 4995 vihristi,
775 4928 1098 4999 Ludovicus,
1119 4932 1299 4988 divina
1314 4932 1602 4990 ordinante
1622 4934 1980 5005 providentia,
1999 4935 2105 4992 im-

525 5023 748 5088 perator
774 5018 1067 5090 Augustus.

600 5107 658 5163 Si
697 5108 842 5166 illius
873 5124 1079 5180 amore,
1110 5113 1265 5184 cujus
1289 5128 1515 5171 munere
1545 5115 1760 5172 caeteris
1790 5117 2109 5173 mortalibus

525 5199 738 5267 ιιι-ξιιιὶ
780 5215 997 5266 sumus,
1044 5200 1161 5258 loca
1199 5203 1380 5259 divino
1417 5204 1585 5260 culmi
1623 5213 1939 5261 consecrata
1981 5222 2110 5263 con-

525 5289 678 5359 gruis
699 5291 1082 5349 munificentiae
1106 5301 1317 5350 nostra:~
1332 5293 1610 5351 beneficiis
1633 5295 1704 5352 ad
1729 5296 1969 5353 divinum
1994 5297 2110 5353 cul-

601 5462 628 5494 ι
666 5448 847 5524 Hujus
862 5452 1116 5524 praecepti
1153 5452 1426 5524 meminit,
1464 5452 1705 5524 illudque
1740 5451 1879 5510 male
1918 5453 2106 5512 tribuit

530 5536 671 5596 abnuo
696 5522 800 5596 8:53
827 5521 1072 5596 Labbeus
1098 5522 1153 5577 in
1179 5521 1677 5596 Miscellaicurios'”
1719 5540 1839 5596 pag.
1870 5524 2004 5590 557;
2044 5525 2106 5578 il-

667 5590 832 5675 refert
866 5590 1129 5675 Cointiys,
1171 5600 1304 5675 tom.
1341 5593 1451 5647 Vlll
1489 5592 1681 5675 Annal.
1719 5589 1937 5675 cccles.’
1966 5589 2100 5675 'pag.

534 5658 660 5721 £85,
687 5660 750 5713 ad
777 5675 976 5715 annum
1003 5662 1121 5725 85l,
1158 5677 1188 5715 a
1222 5663 1374 5733 cujus
1402 5679 1585 5720 mense
1625 5665 1925 5735 Septembri
1962 5658 2098 5721 inci»-

2203 3218 2561 3264 memoratum
2582 3212 2970 3267 monasterium
2986 3214 3277 3269 venerandi
3291 3215 3632 3273 confessoris
3644 3217 3799 3274 Clui-

2203 3299 2274 3356 sti
2310 3301 2484 3357 sancti
2508 3300 2743 3370 Martini,
2772 3304 2915 3374 quod
2939 3313 3312 3362 constructum
3335 3319 3459 3364 esse
3497 3307 3559 3364 in
3592 3325 3794 3366 memo-

2203 3397 2325 3445 rato
2365 3405 2507 3462 pago
2546 3391 2816 3449 Turonico
2849 3409 3013 3465 super
3053 3395 3227 3466 ripam
3270 3394 3483 3468 Ligeris
3523 3398 3794 3467 diximus;

2203 3484 2295 3539 ubi
2325 3486 2575 3554 prmsenti
2608 3493 2850 3557 tempore
2885 3487 3215 3544 venerabilis
3245 3486 3455 3544 Theoto
3482 3490 3665 3547 abbas
3692 3492 3795 3548 Deo

2205 3573 2563 3629 deservientis
2585 3575 3019 3647 congregationis
3043 3585 3234 3646 pastor
3265 3585 3323 3634 et
3344 3587 3529 3633 rector
3557 3593 3688 3637 esse
3716 3597 3797 3638 eo-

2204 3661 2504 3731 gnoscitur,
2541 3678 2639 3733 per
2670 3664 2811 3720 banc
2838 3674 3040 3721 nostra:
3071 3666 3374 3738 largitionis
3408 3672 3795 3727 auctoritatem

2189 3751 2470 3808 -donamus
2494 3762 2657 3824 atque
2682 3755 2965 3821 tradimus,
2990 3771 3053 3811 ea
3081 3757 3335 3815 videlicet
3356 3760 3577 3818 ratione
3599 3774 3666 3819 ut
3686 3780 3799 3836 per»

2206 3851 2368 3914 petno
2383 3841 2506 3913 jure
2534 3845 2702 3917 ipsius
2728 3847 3043 3902 monasterii
3069 3848 3331 3903 consistat
3353 3850 3426 3905 ad
3454 3853 3717 3918 emenda,
3744 3864 3798 3909 ut

2204 3935 2579 4006 pratdiximus,
2607 3937 2927 3992 vestimenta
2966 3937 3196 3993 fratrum
3232 3939 3435 3997 ibidem
3475 3941 3595 3997 Deo
3622 3942 3796 3999 famu-

2206 4023 2432 4081 lantium
2463 4044 2476 4083 :
2510 4034 2567 4082 et
2604 4026 2782 4083 nullus
2825 4027 3061 4083 fidelium
3105 4037 3439 4097 nostrorum,
3474 4032 3569 4088 vel
3604 4034 3793 4097 etiam.

2207 4113 2319 4170 Deo
2347 4115 2687 4186 disponente,
2729 4132 3105 4173 successorum
3135 4128 3445 4177 nostrorum
3486 4123 3661 4179 ullam
3703 4126 3799 4180 ha-

2207 4205 2336 4262 beat
2358 4214 2681 4277 potestatem
2709 4207 2955 4263 eamdem
2976 4207 3179 4276 villam,
3202 4210 3286 4265 vel
3314 4211 3404 4266 illa
3432 4227 3561 4282 qua:
3581 4213 3655 4269 ad
3682 4231 3800 4270 eam

2206 4295 2482 4366 pertinere
2527 4303 2848 4363 noscuntur,
2901 4296 2970 4352 de
3015 4296 3140 4366 jure
3187 4297 3429 4368 ejusdem
3474 4307 3800 4359 monasterﬁ

2209 4383 2557 4441 abstrahendi
2580 4384 2671 4440 vel
2690 4385 3051 4443 diminorandi
3078 4404 3092 4442 :
3123 4387 3239 4454 sed,
3266 4389 3409 4445 sicut
3436 4406 3606 4461 stupra
3633 4393 3803 4449 inser-

2130 4450 2185 4511 Ῑ)
2211 4486 2325 4535 tum
2351 4488 2462 4544 est,
2502 4489 2800 4536 memorata
2837 4480 3183 4553 congregatio
3220 4450 3683 4555 successoresque
3715 4500 3800 4541 es-

2209 4590 2329 4630 rum
2358 4574 2427 4630 ad
2454 4573 2508 4629 id
2537 4574 2681 4645 quod
2710 4573 2920 4646 praefati
2951 4589 3162 4643 sumus,
3201 4576 3269 4631 de
3295 4576 3488 4632 eadem
3517 4578 3648 4633 villa
3676 4594 3795 4634 cum

2208 4667 2324 4723 suis
2353 4666 2708 4737 appendiciis,
2747 4666 3010 4738 quidquid
3044 4668 3168 4724 inde
3196 4668 3438 4740 quolibet
3460 4672 3631 4727 modo
3656 4672 3795 4741 ειξεί

2209 4764 2406 4827 potest,
2434 4758 2671 4815 habeant
2691 4766 3012 4829 potestatem
3039 4758 3269 4815 faciendi
3286 4800 3302 4826 ,
3330 4762 3648 4827 ordinandi,
3680 4764 3794 4818 exi-

2211 4848 2371 4919 gendi
2417 4856 2528 4903 tam
2574 4849 2929 4919 przesentibus
2972 4865 3136 4920 quam
3181 4850 3378 4907 futuris
3426 4854 3796 4924 temporibus.

2206 4939 2522 5010 disponendi
2549 4938 2995 5010 atque‘facieudi.
3021 4939 3131 4995 Sed
3157 4948 3213 4996 et
3237 4941 3284 4995 si
3307 4942 3433 5011 quis
3452 4956 3523 4997 ex
3552 4942 3800 5001 ﬁdelibus

2209 5027 2419 5098 imperii
2457 5029 2630 5084 nostri
2664 5028 2746 5084 eis
2780 5027 2848 5083 ad
2885 5028 3047 5100 hujus
3072 5027 3152 5083 rei
3180 5030 3559 5086 necessitatem
3591 5031 3799 5104 aliquid

2208 5131 2408 5188 augere
2431 5118 2514 5174 vel
2541 5118 2762 5174 titulare
2794 5117 3081 5189 placuerit,
3106 5118 3354 5175 volumus
3389 5105 3451 5175 ut
3480 5135 3516 5176 a
3544 5122 3704 5178 nullo
3725 5124 3801 5179 eis

2210 5206 2412 5263 auferri
2446 5208 2637 5276 liceat;
2674 5216 2944 5279 quatenus
2966 5209 3046 5265 eis
3069 5208 3293 5265 liberius
3320 5224 3420 5281 pro
3445 5220 3641 5267 nostra
3684 5229 3800 5269 sue-

2210 5291 2595 5371 eessol'nmque
2643 5309 2956 5356 nostrorum
3000 5299 3178 5356 salute
3220 5299 3433 5356 Domini
3482 5302 3799 5360 misericor-

2213 5454 2396 5525 piebat
2423 5454 2647 5525 indictio
2674 5455 2914 5521 decima;
2954 5456 3109 5513 initiu

2213 5524 2299 5606 hic
2327 5524 2523 5606 repetit
2549 5526 2789 5606 abeant-io
2817 5527 2941 5606 Sid.

2212 5665 2247 5719 ά
2284 5595 2311 5634 ι’
2352 5593 2443 5665 Sic
2491 5593 2684 5668 legitur
2730 5597 2783 5652 in
2833 5595 3194 5664 cbartulario;
3247 5596 3567 5670 legendum,
3619 5619 3803 5657 concr-

2250 5680 2468 5719 rremus.

2250 5680 2468 5720 rremua.

3112 5470 3273 5526 mque
3301 5458 3514 5529 imperii
3536 5459 3798 5519 Ludovici
