3996 6178
284 274 423 334 1217

1382 275 1774 334 DIPLOMATA
1813 278 2367 334 ECCLESIASTICA.

3399 290 3536 338 1218

279 389 424 448 diam
451 393 734 464 implorare
763 391 1006 446 delectet.
1048 390 1115 444 Et
1144 396 1202 444 ut
1237 391 1351 446 inec
1380 401 1578 446 nostra:
1606 392 1850 446 donatio—
1879 396 1928 453 Α
2023 391 2156 443 Data
2198 405 2250 442 ιν
2281 387 2398 441 Kal.
2441 385 2688 452 Januar.,
2715 401 2878 452 anno,
2910 385 3125 441 Christo
3158 388 3414 458 propitio,
3470 391 3536 442 18

283 487 366 539 nis
393 493 552 555 atque
581 484 882 539 traditionis
916 483 1211 538 auctoritas
1248 490 1566 552 perpetuum
1597 491 1653 537 et
1688 482 1856 536 invio-

285 574 494 629 labilem
523 575 768 629 obtineat
788 574 1052 643 vigorem.
1083 587 1246 627 manu
1276 573 1494 642 propria
1523 572 1711 627 subter
1735 586 1857 627 eam

280 665 644 732 ﬁrmavimus,
693 674 751 721 et
800 664 985 720 annuli
1033 665 1207 719 nostri
1253 664 1606 734 impressione
1657 665 1856 736 signari

271 754 552 824 iussimus.

348 845 573 917 Signum
599 845 857 903 Ludovici
884 843 1216 903 serenissimi
1246 843 1612 913 imperatoris.

348 936 730 994 Hirminmaris
779 938 1024 994 notarius
1080 937 1164 1012 ad
1197 936 1372 992 vicem
1423 936 1718 992 Theotonis
1767 951 1856 993 re-

274 1028 546 1096 cognovit.

345 1117 477 1172 Data
501 1133 596 1171 xm
620 1117 736 1172 Kal.
775 1116 1049 1182 Decemb.,
1076 1130 1239 1182 anno,
1261 1115 1480 1173 Christo
1503 1116 1758 1187 prepitio,
1789 1117 1855 1174 l9

273 1205 484 1276 imperii
511 1207 692 1288 domni
717 1207 973 1262 Ludovici
1002 1207 1230 1276 piissimi
1266 1207 1524 1278 Augusti,
1562 1208 1855 1264 indictione

273 1298 362 1350 10.
408 1298 600 1352 Actum
643 1295 894 1368 Cadnppa
937 1296 1061 1351 villa
1107 1296 1164 1352 in
1212 1297 1307 1352 Dei
1344 1297 1560 1352 nomine
1599 1296 1850 1353 feliciter.

270 1388 460 1443 Arnen.

923 1479 1198 1536 CLXXI“.

444 1587 544 1629 pne
579 1587 810 1629 aesar“.
846 1577 1119 1627 VINCENTII
1160 1587 1295 1627 tpnn
1333 1585 1668 1629 cnnonanos.

877 1663 1052 1733 (Anno
1090 1662 1241 1736 832.)

410 1752 589 1824 [Apud
631 1753 842 1819 Baluz.,
886 1753 1130 1818 Miscell.,
1163 1762 1294 1809 tom.
1337 1755 1386 1820 Ι,
1435 1770 1557 1826 pag.
1587 1754 1700 1826 84.]

341 1842 396 1896 in
425 1844 643 1899 nomine
667 1843 880 1898 Domini
929 1844 1026 1899 Dei
1055 1852 1112 1898 et
1160 1843 1461 1901 Salvatoris
1504 1849 1674 1901 nostri
1716 1846 1844 1902 Jesn

267 1930 489 1997 Christi,
508 1932 834 2000 Ludovicus,
853 1933 1034 1989 divina
1055 1934 1340 1990 ordinante
1363 1936 1722 2005 providentia,
1747 1936 1844 1991 imo

267 2032 484 2090 perator
503 2024 796 2094 Augustus.
1805 2042 1810 2047 '

336 2112 599 2169 Omnibus
619 2113 866 2169 ﬁdelibus
903 2123 1107 2170 sanctze
1139 2113 1232 2171 Dei
1258 2114 1514 2170 Ecclesiae
1538 2123 1592 2170 et
1621 2115 1840 2180 nostris,

265 2202 620 2272 praesentibus
658 2202 868 2258 scilicet
903 2211 960 2256 et
987 2203 1205 2268 futuris,
1232 2211 1418 2258 notum
1450 2217 1571 2258 esse
1593 2203 1842 2259 volumus

263 2290 498 2360 qualiter
524 2291 591 2344 ad
613 2292 860 2346 notitiam
887 2299 1126 2346 matram
1151 2292 1217 2346 de
1244 2292 1416 2346 tribus
1438 2291 1588 2346 ceilis
1613 2306 1841 2360 perven-

265 2391 378 2438 tum
399 2390 503 2448 est,
526 2397 648 2452 quae
671 2398 775 2438 una
803 2397 990 2436 earum
1015 2383 1159 2436 intra
1198 2397 1384 2437 muros
1408 2381 1733 2437 Cenomanis
1765 2382 1842 2436 ei-

264 2475 447 2529 vitatis
467 2475 571 2530 sita
593 2482 677 2529 est
705 2482 762 2530 et
781 2474 959 2528 dicata
983 2476 1036 2528 in
1061 2475 1268 2528 honore
1289 2475 1462 2528 sancti
1489 2473 1690 2538 Albini,
1718 2474 1842 2528 reli-

259 2581 383 2636 quae
408 2581 539 2621 vero
565 2568 683 2621 dua:
709 2565 763 2619 in
792 2564 1050 2618 suburbio
1097 2571 1408 2619 memoratre
1437 2562 1675 2618 civitatis
1712 2577 1841 2617 con-

263 2665 506 2723 structa,
536 2665 593 2712 et
625 2657 796 2710 altera
819 2670 1006 2710 earum
1041 2655 1097 2710 in
1123 2656 1329 2710 honore
1351 2655 1523 2710 sancti
1549 2653 1839 2720 Vincentii,

263 2750 431 2806 altera
458 2767 588 2806 vero
610 2751 664 2805 in
689 2752 894 2805 honore
915 2749 1086 2805 sancti
1111 2749 1354 2804 Audoeni
1385 2751 1563 2804 dicata
1589 2749 1834 2813 habetur,

261 2857 398 2911 quas
424 2842 673 2911 praesenti
701 2849 942 2909 tempore
984 2839 1234 2894 Aldricus
1260 2839 1542 2909 episcopus
1582 2839 1683 2894 sub
1717 2837 1841 2907 jure

260 2933 586 3002 praescripta:
610 2933 759 2986 urbis
783 2931 1114 3000 possidebat,
1135 2929 1278 3000 quod
1304 2945 1409 2984 non
1429 2928 1575 2997 juste
1603 2930 1670 2984 ad
1691 2943 1843 2983 eam-

261 3023 384 3078 dem
413 3024 626 3088 urbem,
655 3023 750 3077 sed
775 3021 843 3076 ad
873 3021 1145 3092 publicum
1178 3028 1418 3074 nostrum
1439 3021 1712 3090 pertinere
1741 3021 1839 3075 de-

261 3111 469 3169 berent.
509 3113 588 3168 Ad
611 3128 774 3183 quam
801 3127 1020 3168 causam
1052 3113 1340 3183 diligenter
1375 3127 1474 3181 per
1509 3111 1762 3166 meliores
1783 3119 1840 3166 et

262 3205 570 3260 veraciores
595 3203 842 3259 homines
875 3202 1296 3272 circumquaque
1339 3190 1650 3256 memoratae
1688 3200 1842 3256 urbis

261 3299 619 3353 consistentes
669 3295 1046 3365 inquirendam
1097 3293 1362 3363 nobisque
1425 3293 1840 3348 renuntiandam

261 3388 652 3444 destinavimus
697 3387 908 3443 ﬁdelem
961 3395 1209 3442 nostrum
1247 3384 1534 3440 Widonem
1579 3386 1837 3452 nomine;

261 3480 352 3548 qui
397 3493 520 3533 cum
547 3479 614 3533 ad
652 3493 752 3532 nos
784 3493 1034 3532 reversus
1070 3485 1237 3540 esset,
1279 3475 1465 3531 retulit
1493 3476 1672 3542 nobis,
1699 3476 1842 3531 sicut

266 3568 526 3622 relatione
549 3568 814 3622 bonorum
848 3567 1124 3621 hominum
1168 3565 1314 3620 circa
1354 3563 1487 3618 ﬁnes
1528 3571 1841 3618 memoratae

257 3660 491 3715 civitatis
537 3659 946 3714 consistentium
992 3671 1115 3711 eum
1161 3656 1488 3710 sacramenti
1537 3656 1840 3710 assertione

259 3751 558 3811 invenerat,
584 3746 729 3815 quod
771 3745 1103 3815 praescripta:
1130 3742 1279 3798 cella:
1306 3758 1414 3797 non
1457 3744 1524 3798 ad
1562 3743 1838 3813 publicum

258 3846 504 3893 nostrum
533 3833 896 3905 pertinebant,
919 3834 1012 3890 sed
1035 3832 1135 3888 sub
1152 3832 1277 3903 jure
1318 3841 1633 3888 memoratae
1660 3833 1836 3888 Ceno-

258 3928 434 3982 manis
455 3925 696 3982 ecclesiae
709 3925 857 3995 juste
876 3932 931 3979 et
955 3923 1194 3994 legitime
1220 3937 1343 3978 esse
1370 3923 1650 3978 deberent.
1680 3922 1839 3979 Cum-

256 4031 364 4088 que
389 4031 458 4072 ex
496 4014 778 4070 memorati
831 4013 1002 4068 ﬁdelis
1052 4013 1225 4068 nostri
1280 4012 1530 4068 Widonis
1575 4013 1841 4069 relatione

255 4122 356 4178 per
387 4105 569 4162 omnia
618 4104 694 4159 ita
744 4118 933 4159 verum
977 4118 1097 4160 esse
1126 4103 1586 4174 cognovissemus,
1618 4114 1841 4174 propter

257 4197 467 4253 futuras
491 4196 808 4252 occasiones
845 4204 901 4250 et
922 4195 1306 4252 resultationes
1325 4195 1540 4265 penitus
1579 4195 1840 4266 repellen-

255 4291 355 4345 das
380 4299 436 4345 et
464 4287 814 4356 abjiciendas,
853 4287 1180 4357 complacuit
1205 4289 1361 4343 nobis
1385 4288 1486 4343 hoc
1513 4296 1712 4342 nostrae
1738 4302 1837 4342 au-

254 4381 526 4435 ctoritatis
563 4389 724 4448 atque
751 4378 1028 4436 memorias
1061 4379 1427 4448 conscriptum
1455 4393 1620 4448 super
1644 4377 1832 4446 hujus-
1861 4400 1914 4460 Β

255 4468 464 4524 cemodi
502 4467 704 4522 factum
733 4467 1096 4530 conscribere,
1143 4479 1241 4535 per
1280 4480 1443 4535 quam
1488 4466 1835 4536 praecipimus

255 4566 416 4627 atque
437 4559 686 4629 jubemus
711 4568 771 4612 ut
798 4559 1010 4627 repulsa
1033 4558 1254 4612 omnino
1279 4557 1492 4627 publica
1529 4556 1834 4626 etjudicia-

257 4650 336 4704 ria
373 4657 640 4717 potestate
674 4648 911 4717 przefatae
960 4648 1108 4703 celle
1141 4657 1402 4716 perpetuo
1441 4648 1497 4702 in
1539 4647 1664 4717 jure
1714 4665 1832 4705 me-

258 4745 479 4793 moratae
501 4736 822 4792 Cenomanis
845 4736 1090 4792 ecclesia:
1113 4737 1437 4803 consistant,
1479 4751 1680 4807 easque
1718 4753 1830 4792 me-

255 4838 498 4884 moratus
539 4828 786 4883 Aldricns
835 4827 1032 4899 praesul
1073 4827 1264 4896 suique
1318 4842 1668 4883 successores
1707 4829 1830 4900 jure

255 4917 626 4973 ecclesiastico
653 4917 906 4983 habeant,
951 4925 1170 4972 teneant
1207 4925 1370 4986 atque
1397 4917 1732 4986 possideant,
1778 4928 1833 4974 et

255 5007 381 5062 inde
434 5008 634 5063 faciant
679 5007 940 5078 quidquid
990 5023 1088 5077 pro
1136 5006 1418 5063 commodo
1467 5007 1553 5063 vel
1603 5007 1835 5064 utilitate

255 5107 564 5152 memorata
589 5097 915 5153 Cenomanis
958 5097 1201 5154 ecclesiae
1243 5097 1550 5153 faciendum
1593 5113 1714 5154 esse
1741 5098 1834 5154 de-

250 5188 541 5242 creverint.
573 5187 641 5240 Et
675 5195 734 5240 ut
768 5189 885 5241 haec
906 5196 1106 5243 nostrae
1134 5189 1475 5245 auctoritatis
1502 5191 1833 5261 conscriptio

250 5274 458 5329 ﬁrmior
485 5275 746 5330 habeatur
767 5285 823 5330 et
848 5292 878 5330 a
903 5275 1149 5332 ﬁdelibus
1175 5279 1378 5334 nostris
1416 5280 1834 5337 melius-ereda-

251 5371 340 5416 tur
363 5374 420 5417 et
477 5364 790 5432 diligentius
854 5376 1222 5433 conservetur,
1275 5369 1341 5423 de
1399 5370 1602 5425 annulo
1649 5380 1834 5427 nostro

249 5452 441 5506 subtus
467 5466 595 5506 eam.
618 5451 880 5520 iussimus
906 5445 1152 5526 sigillari:

318 5542 719 5602 H-irminmarus
765 5549 1009 5604 notarius
1058 5549 1124 5604 ad
1169 5551 1340 5609 vicem
1392 5552 1654 5614 Thetonis
1682 5570 1830 5611 reco-

247 5635 408 5707 gnovi
433 5645 486 5690 et
510 5638 826 5709 subscripsi.

1959 481 2171 550 imperii
2197 479 2452 535 Ludovici
2467 480 2692 549 piissimi
2714 479 2962 550 Augusti,
2988 479 3279 534 indictione
3295 481 3528 536 decima.

1957 569 2150 626 Actum
2191 571 2518 628 Cenomanis
2546 571 2766 626 civitate
2795 570 2848 624 in
2889 569 2986 625 Dei
3031 569 3250 625 nomine
3277 569 3531 626 feliciter.

1955 665 2149 722 Amen.

2605 754 2880 811 CLXXIV.

2251 863 2353 904 PRO
2389 862 2566 904 EADEII
2605 861 2838 902 ABBATIA
2874 859 2921 902 S.
2959 861 3256 903 VINCENTII.

2545 937 2720 1009 (Anno
2775 936 2924 1007 852.)

2418 1030 2596 1102 [Apud
2633 1029 2841 1094 Baluz.,
2880 1027 3036 1082 ibid.1

1951 1136 1958 1144 ·
2022 1118 2081 1173 In
2122 1119 2342 1175 nomine
2369 1120 2583 1174 Domini
2635 1119 2730 1174 Dei
2760 1127 2816 1173 et
2844 1117 3142 1174 Salvatoris
3186 1119 3358 1174 nostri
3403 1118 3531 1174 Jesu

1953 1207 2179 1274 Christi,
2197 1209 2522 1275 Ludovicus,
2545 1209 2730 1263 divina
2744 1208 3028 1263 ordinante
3047 1210 3405 1278 providentia,
3434 1211 3532 1264 im-

1955 1307 2178 1368 perator
2215 1299 2512 1370 Augustus.

2022 1389 2081 1446 Si
2105 1391 2586 1460 supplicationibus
2625 1390 2994 1456 sacerdotum,
3041 1390 3258 1459 quando
3285 1405 3386 1460 pro
3419 1391 3534 1444 suis

1952 1481 2037 1537 vel
2082 1482 2429 1537 ecclesiarum
2491 1483 2590 1538 sibi
2648 1482 3054 1536 commissarum
3109 1481 3531 1536 necessitatibus

1952 1572 2154 1643 aliquid
2180 1572 2338 1629 nobis
2375 1572 2632 1628 intimare
2668 1571 2960 1639 voluerint,
2997 1587 3184 1628 aurem
3222 1571 3527 1641 benigniter

1956 1669 2123 1732 atque
2158 1661 2388 1718 libenter
2415 1664 2912 1726 accommodamus,
2962 1676 3255 1732 eorumque
3275 1660 3449 1728 justas
3473 1669 3533 1714 et

1873 1735 1921 1794 Β
1949 1752 2299 1808 rationabiles
2337 1753 2627 1822 petitiones
2670 1754 2739 1808 ad
2770 1761 3014 1823 optatum
3053 1750 3301 1806 effectum
3321 1765 3531 1818 .perve-

1943 1839 2062 1894 nire
2091 1839 2340 1906 facimus,
2370 1857 2477 1897 non
2522 1841 2695 1897 solum
2744 1842 2950 1912 regiam
2995 1847 3155 1910 atque
3183 1837 3522 1908 imperialem

1943 1931 2387 1986 consuetudinem
2436 1931 2492 1986 in
2532 1933 2636 1987 hoc
2669 1945 3006 1996 exercemus,
3058 1931 3152 1986 sed
3193 1931 3358 1984 etiam
3403 1942 3526 1984 eos-

1941 2018 2064 2074 dem
2087 2020 2398 2074 sacerdotes
2427 2020 2495 2075 ad
2536 2019 2749 2075 Domini
2790 2019 3216 2074 misericordiam
3247 2033 3346 2088 pro
3371 2018 3527 2072 nobis

1942 2109 2272 2163 exorandam
2299 2109 2666 2178 promptiores
2706 2116 2868 2178 atque
2919 2109 3226 2164 devotiores
3268 2109 3522 2163 facimus.

1939 2194 2145 2252 Idcirco
2171 2208 2360 2253 notum
2408 2198 2526 2254 ﬁeri
2555 2200 2804 2256 volumus
2845 2200 3088 2256 ninnium
3137 2199 3377 2256 ﬁdelium
3428 2213 3525 2253 no-

1939 2291 2198 2350 strorum,
2229 2294 2340 2341 tam
2377 2291 2727 2356 praesentium
2771 2304 2934 2358 quam
2987 2289 3316 2356 futurorum,
3364 2289 3525 2344 indu-

1939 2375 2087 2430 striae
2106 2377 2342 2444 qualiter
2362 2391 2488 2432 eum
2527 2393 2628 2434 nos
2650 2379 2717 2432 de
2741 2378 3030 2448 Aquitania
3055 2388 3450 2434 reverteremur
3465 2386 3522 2432 et

1939 2465 1994 2518 in
2024 2466 2216 2521 urbem
2245 2466 2570 2523 Cenomanis
2592 2469 3046 2538 pet-venissemus,
3088 2468 3338 2523 Aldricus
3370 2470 3519 2539 ejus.-

1939 2555 2060 2609 dem
2088 2555 2239 2611 urbis
2265 2557 2588 2612 venerabilis
2625 2557 2915 2628 episcopus
2960 2558 3227 2613 accedens
3257 2558 3325 2613 ad
3355 2572 3519 2612 aures

1939 2652 2154 2698 nostras
2187 2643 2373 2698 retulit
2404 2646 2558 2702 nobis
2603 2647 2671 2702 de
2699 2647 2934 2716 quadam
2971 2647 3099 2703 villa
3125 2663 3246 2718 qua:
3274 2648 3522 2718 Brogilus

1938 2746 2164 2791 vocatur
2182 2745 2238 2791 et
2259 2736 2536 2794 Novavilla
2560 2741 2896 2807 nominatur,
2927 2757 3048 2812 qua:
3090 2750 3215 2796 ante
3242 2742 3343 2796 hos
3371 2757 3520 2798 corn-

1939 2827 2121 2897 plures
2145 2844 2315 2884 annos
2353 2831 2421 2886 de
2441 2829 2565 2898 jure
2591 2832 2833 2901 ejusdem
2874 2834 3122 2889 ecclesiae
3162 2848 3287 2888 cum
3321 2848 3518 2903 appen-

1939 2919 2096 2974 diciis
2113 2928 2169 2974 et
2187 2921 2438 2976 omnibus
2459 2923 2528 2976 ad
2551 2938 2609 2978 se
2631 2924 3026 2992 pertinentibus
3052 2925 3327 2980 subtracta
3354 2933 3519 2992 atque

1941 3009 2010 3062 ad
2038 3008 2312 3077 publicum
2365 3020 2612 3066 nostrum
2669 3013 2918 3078 redacta,
2971 3015 3230 3069 moderno
3278 3023 3519 3084 tempore

1941 3097 2010 3151 ab
2040 3096 2396 3154 ﬂeremberto
2423 3101 2654 3157 vassallo
2699 3110 2886 3158 nostro
2932 3103 2990 3157 in
3031 3103 3352 3159 beneﬁcium
3394 3103 3517 3158 data

1941 3188 2325 3257 possideretur,
2361 3199 2416 3246 et
2443 3191 2523 3246 sic
2557 3193 2880 3262 praecedenti
2914 3202 3155 3264 tempore
3175 3195 3241 3250 de
3264 3188 3516 3250 manilius

1941 3289 2215 3334 rectorum
2259 3283 2530 3350 praedictae
2558 3283 2708 3338 urbis
2745 3285 2991 3338 eamdem
3020 3285 3204 3338 villam
3250 3301 3374 3340 cum
3421 3301 3517 3356 ap-

1938 3370 2202 3438 pendiciis
2231 3379 2287 3426 et
2313 3373 2564 3428 omnibus
2610 3372 2679 3427 ad
2728 3388 2787 3430 se
2831 3375 3230 3444 pertinentibus
3275 3376 3518 3446 elapsam

1940 3475 2079 3516 esse.
2113 3460 2220 3517 Sed
2257 3477 2380 3518 cum
2427 3479 2527 3520 nos
2565 3465 2634 3520 ad
2659 3465 2738 3520 rei
2768 3468 3056 3523 veritatem
3096 3467 3405 3537 diligentius
3434 3483 3522 3522 ve-

1940 3553 2244 3622 stigandam
2274 3553 2460 3610 ﬁdeles
2503 3564 2719 3610 nostros
2748 3556 3022 3611 Simonem
3059 3559 3437 3628 presbyterum
3464 3567 3521 3612 et

1939 3642 2303 3697 venerabilem
2353 3645 2600 3699 abbatem
2653 3654 2709 3699 et
2757 3645 3170 3700 llildemannum
3229 3647 3518 3700 vassallum

1940 3741 2183 3786 nostrum
2215 3733 2575 3800 mitteremus,
2602 3727 3050 3791 renuntiaverunt
3081 3739 3238 3793 nobis
3282 3753 3380 3808 per
3408 3753 3520 3794 om-

1940 3824 2030 3878 nia
2061 3824 2132 3878 ita
2157 3840 2342 3878 verum
2362 3839 2504 3880 esse.
2535 3823 2778 3894 Cumque
2798 3840 2986 3881 eorum
3019 3827 3280 3884 relatione
3314 3843 3518 3882 memo-

1941 3921 2116 3966 ratum
2146 3913 2466 3968 beneﬁcium
2505 3913 2842 3968 Herembcrti
2883 3931 2989 3970 non
3030 3917 3096 3971 ad
3126 3916 3397 3986 publicum
3423 3933 3518 3974 no—

1939 4009 2109 4059 strum
2138 4005 2232 4061 sed
2258 4005 2326 4059 ad
2353 4004 2445 4072 jus
2465 4006 2735 4076 praedicta:
2756 4007 3000 4064 ecclesiae
3031 4007 3357 4064 Cenomanis
3371 4008 3520 4079 juste

1937 4097 2208 4165 pertinere
2235 4098 2696 4167 cognovissemus,
2730 4099 3055 4169 complacuit
3091 4099 3391 4156 clementiae
3417 4117 3516 4156 no-

1939 4193 2064 4242 strae
2090 4185 2374 4257 praefatum
2412 4187 2731 4244 beneﬁcium
2764 4188 3124 4257 lleremberti,
3155 4190 3206 4245 id
3237 4199 3343 4257 est,
3374 4190 3516 4246 fore-

1939 4286 2076 4334 stem
2103 4277 2250 4332 illam
2298 4293 2418 4348 qum
2465 4278 2836 4337 Gauciacinsis
2879 4281 3094 4346 dicitur,
3141 4296 3265 4336 cum
3311 4283 3520 4338 duabus

1941 4368 2213 4425 forestulis
2246 4385 2367 4440 quae
2407 4370 2614 4426 Dovera
2646 4380 2704 4426 et
2733 4371 3020 4442 Tulpiacus
3064 4385 3348 4440 vocantur,
3393 4390 3516 4430 cum

1939 4461 2182 4517 aediﬁciis
2215 4464 2270 4516 in
2296 4462 2482 4518 eadem
2511 4464 2855 4527 constructis,
2884 4480 3002 4532 quae
3031 4464 3244 4520 Brolius
3272 4467 3517 4520 nomina-

1941 4559 2048 4618 tnr,
2096 4567 2307 4608 necnon
2343 4562 2398 4608 et
2448 4553 2834 4608 Novamvillam
2878 4568 3002 4608 cum
3049 4555 3300 4610 omnibus
3341 4556 3408 4610 ad
3437 4559 3519 4611 'se

1936 4639 2353 4709 pertinentibus,
2401 4641 2453 4696 id
2495 4651 2602 4706 est,
2649 4640 2971 4708 Salvariam,
3009 4643 3337 4709 Colonicam,
3371 4644 3514 4699 Cau-

1936 4729 2212 4798 queriolas
2273 4739 2483 4786 curtem
2539 4730 2848 4787 Herilavan.
2908 4732 3201 4799 Fetrarias,
3268 4733 3514 4788 villarem

1937 4817 2304 4885 Saviniacum,
2336 4822 2615 4888 Buxarias,
2642 4822 2695 4877 in
2726 4822 3043 4878 Monticcllis
3063 4823 3320 4894 capellam
3352 4840 3511 4878 unam

1935 4926 2060 4966 cum
2100 4913 2355 4968 omnibus
2375 4914 2442 4968 ad
2491 4927 2551 4968 se
2595 4914 3014 4984 pertinentibus,
3039 4922 3095 4969 et
3142 4915 3196 4968 in
3241 4913 3515 4968 Caliniaco

1935 5002 2216 5058 dimidium
2247 5018 2517 5069 mansum,
2546 5012 2601 5057 et
2629 5005 2686 5059 in
2732 5005 3001 5061 Vincariis
3046 5020 3292 5061 mansum
3321 5021 3512 5071 unum,

1934 5105 1991 5151 et
2017 5097 2072 5152 in
2112 5095 2304 5167 Cipido
2333 5107 2494 5167 atque
2527 5097 2714 5155 Belino
2754 5113 2848 5155 eos
2878 5113 3020 5168 quos
3051 5097 3411 5170 jumentarios
3436 5098 3513 5153 di-

1933 5195 2086 5250 cunt,
2117 5201 2242 5242 cum
2290 5187 2591 5242 redditione
2635 5202 2830 5243 census
2882 5202 3042 5257 quem
3085 5187 3312 5256 singulis
3355 5188 3512 5240 annis

1936 5276 2150 5333 solvere
2176 5285 2494 5342 noscuntur,
2517 5277 2572 5331 id
2610 5285 2714 5343 est,
2753 5277 2858 5332 mel
2879 5286 2930 5332 et
2953 5292 3158 5342 ceram,
3180 5277 3313 5332 etin
3341 5275 3513 5332 Caba-

1934 5365 2064 5420 nido
2091 5380 2189 5419 eos
2214 5381 2354 5434 quos
2376 5367 2653 5433 porcarios
2687 5375 2904 5429 vocant.
2951 5376 3007 5422 et
3043 5381 3138 5422 eos
3181 5367 3275 5434 qui
3319 5367 3375 5422 in
3420 5367 3508 5421 illa

1932 5458 2064 5514 ruba
2095 5473 2214 5525 quae
2254 5469 2340 5512 est
2383 5465 2571 5512 contra
2611 5458 2874 5513 orientem
2919 5473 3142 5514 manere
3188 5467 3507 5523 noscuntur,

1929 5563 2140 5604 necnon
2168 5556 2222 5602 et
2249 5549 2370 5604 illos
2395 5549 2487 5622 qui
2528 5563 2688 5618 super
2712 5548 2932 5605 ﬁuvium
2961 5550 3052 5621 qui
3078 5550 3275 5606 dicitur
3311 5549 3509 5605 Sartba

1928 5641 2227 5697 consistere
2255 5649 2572 5707 noscuntur,
2603 5640 2852 5697 similiter
2884 5650 2938 5697 ct
2985 5643 3328 5700 medietatem
3372 5640 3509 5697 telo-
