3996 6178
499 296 639 354 1219

1593 288 1923 348 ιυυονιει
1962 289 1981 344 ι
2022 286 2492 346 COGNOMENTO
2528 285 2615 342 PII

3621 284 3764 340 {220

487 414 578 468 nei
612 409 754 482 quod
782 409 844 464 de
874 409 963 462 illo
996 416 1152 476 porto
1182 404 1338 460 annis
1369 403 1598 475 singulis
1637 403 1980 473 persolvitur,
2019 410 2073 457 et
2102 408 2157 463 Α·
2180 401 2338 455 rebus
2364 399 2588 454 decima:
2618 406 2674 452 et
2700 411 2853 452 noua:
2875 397 3122 467 partibus
3154 400 3486 467 praescripta
3508 400 3766 455 ecclesia:

487 499 945 571 quemadmodum
993 497 1312 566 saepedictus
1366 495 1754 550 llerembertus
1807 507 2073 546 memora-

487 603 602 647 tum
631 588 950 644 beneﬁcium
976 603 1101 641 cum
1128 588 1274 641 omni
1311 587 1643 655 integritate,
1685 587 1824 639 sicut
1848 584 1947 638 illa
1985 583 2074 638 die

489 683 591 737 sub
613 680 736 749 jure
773 689 972 733 nostrae
996 677 1382 732 dominationis
1419 685 1539 729 erat
1582 676 1798 744 quatth
1844 691 1875 728 a
1913 673 2076 743 largi-

483 772 634 825 tione
662 777 842 823 nostra
871 769 1045 837 ipsum
1071 767 1392 822 beneﬁcium
1418 766 1690 835 accepisse
1713 772 1945 826 constat,
1977 778 2075 832 pro

481 861 857 916 emolumento
916 860 1110 914 anima:
1177 867 1378 912 nostra:
1429 866 1730 931 memorato
1779 854 2075 910 venerabili

482 952 707 1006 Aldrico
734 951 987 1020 episcopo
1013 949 1079 1003 ad
1104 957 1313 1018 partem
1334 947 1668 1016 prtescriptte
1697 961 1807 1001 suae
1833 944 2077 999 ecclesia:

486 1042 738 1104 reddere,
769 1049 826 1094 ut
853 1042 905 1094 in
941 1050 1263 1108 perpetuum
1307 1039 1364 1091 in
1404 1038 1668 1090 utilitates
1693 1044 1748 1090 et
1775 1051 1908 1089 usus
1935 1033 2078 1101 ejus-

489 1137 613 1190 dem
643 1136 887 1190 ecclesim
941 1135 1156 1202 Deoque
1205 1134 1259 1186 in
1312 1148 1375 1188 ea
1409 1161 1414 1166 -
1443 1130 1858 1185 deservientium
1913 1126 2080 1197 perti-

485 1236 636 1281 neat.
688 1227 892 1280 Idcirco
941 1231 1265 1293 suggerente
1325 1231 1488 1290 atque
1541 1230 1766 1288 rogante
1821 1217 2080 1288 praedicto

490 1314 784 1369 venerabili
831 1315 1084 1383 episc0po
1130 1313 1272 1364 hanc
1318 1319 1517 1365 nostra:
1546 1306 1978 1364 confirmationis
2005 1313 2082 1358 at-

484 1421 595 1476 que
624 1406 943 1460 redditionis
979 1405 1391 1474 preceptionem
1421 1402 1471 1456 ei
1512 1401 1597 1455 vel
1629 1399 1695 1452 ad
1729 1406 1935 1468 partem
1966 1397 2081 1466 jam

490 1496 648 1549 dictae
676 1495 828 1549 urbis
858 1493 1278 1561 ﬁerijussimus,
1306 1506 1403 1560 per
1430 1505 1592 1560 quam
1622 1486 1966 1542 decernimus
1995 1493 2077 1537 at-

486 1600 598 1653 que
621 1585 875 1654 jnbemus
901 1593 962 1638 ut
1007 1583 1188 1638 nullus
1219 1581 1459 1636 ﬁdelium
1496 1587 1807 1633 nostrorum
1833 1576 1900 1630 de
1943 1589 2082 1644 prte-

496 1674 639 1728 dicta
668 1672 796 1726 villa
825 1673 908 1727 vel
932 1674 997 1726 de
1037 1673 1122 1726 his
1163 1671 1414 1724 omnibus
1447 1683 1566 1738 qua:
1585 1668 1661 1721 ad
1705 1663 1930 1736 prtefata
1965 1664 2082 1717 loca

2174 491 2360 546 Sancti
2389 489 2632 545 Gervasii
2657 499 2714 545 et
2743 489 2970 543 fratrum
3013 489 3149 544 inibi
3193 491 3617 546 eonsistentium
3645 491 3767 562 ple-

2173 581 2316 634 niter
2337 590 2393 634 et
2420 581 2624 648 absque
2648 579 2752 633 ulla
2777 579 3035 633 dilatione
3066 579 3520 648 persolverentur,
3548 590 3608 634 et
3633 582 3760 636 :cdi-

2175 671 2296 726 ﬁcia
2344 671 2586 739 ejusdem
2634 671 2882 726 ecclesia:
2935 673 3048 726 sive
3091 672 3283 727 domus
3323 673 3649 743 episcopalis
3703 690 3770 731 ac

2176 762 2404 817 fratrum
2452 763 2581 816 inibi
2623 763 2929 834 degentium
2970 763 3188 818 refectae
3225 773 3280 818 et
3321 774 3644 820 restaurata:
3671 766 3770 822 ﬁe-

2177 867 2299 911 rent
2321 869 2368 909 α.
2409 857 2636 926 Insuper
2664 857 2941 912 humiliter
2983 856 3292 928 ﬂagitantes
3315 860 3663 927 postularunt
3705 871 3766 915 ut

2177 946 2428 1001 villarum
2467 947 2686 1000 nomina
2713 962 2779 1001 ex
2810 947 3007 1014 quibus
3050 964 3208 1002 [10113
3233 957 3288 1003 et
3314 949 3539 1004 decimae
3584 950 3651 1004 ad
3681 965 3771 1004 ως

2174 1037 2477 1106 pradictam
2519 1037 2804 1091 ecclesiam
2837 1038 3070 1105 persolvi
3103 1038 3300 1092 debent
3330 1040 3382 1093 in
3423 1047 3629 1094 nostra
3669 1056 3772 1094 au-

2177 1127 2446 1182 ctoritatis
2487 1138 2757 1196 przecepto
2822 1129 3142 1183 norninatim
3185 1131 3385 1184 ascribi
3439 1131 3768 1200 ιιι-αἱρείτ-

2177 1234 2319 1281 mus,
2349 1233 2416 1272 ne
2441 1218 2621 1286 aliquo
2647 1219 2789 1272 malo
2815 1219 3030 1287 ingenio
3076 1228 3171 1272 aut
3194 1219 3432 1288 qualibet
3461 1221 3769 1274 calliditate

2179 1319 2270 1363 aut
2300 1309 2542 1379 potentia
2585 1309 2813 1378 alicujus
2862 1309 3047 1363 divitis
3092 1309 3178 1363 vel
3221 1310 3460 1379 potentis
3499 1309 3588 1363 ba:
3633 1309 3776 1365 villa

2183 1400 2264 1454 vel
2300 1401 2382 1454 hac
2423 1415 2513 1454 res
2562 1415 2592 1452 a
2640 1400 2764 1469 jure
2811 1399 3050 1468 ejusdem
3106 1401 3349 1455 ecclesia:
3387 1399 3640 1454 alienata:
3693 1399 3777 1453 fu-

2180 1491 2322 1545 turis
2350 1492 2540 1544 ﬁerent
2567 1489 2902 1559 temporibus
2940 1498 3033 1544 aut
3081 1506 3236 1546 nona:
3279 1492 3360 1546 vel
3402 1492 3632 1546 decimae
3657 1493 3777 1546 sive

2179 1596 2376 1636 census
2400 1580 2482 1634 vel
2508 1581 2930 1634 restaurationes
2952 1581 3069 1649 jam
3095 1581 3255 1636 dicta:
3280 1582 3524 1637 ecclesia:
3577 1584 3776 1638 ablatae

2181 1669 2295 1723 ﬁeri
2324 1680 2562 1739 possent.
2585 1671 2824 1736 Quorum
2846 1672 3258 1740 deprecationes
3279 1683 3502 1742 propter
3523 1689 3776 1727 amorem

492 1764 771 1833 pertinere
825 1771 1122 1816 noscuntur
1166 1768 1472 1815 memorato
1510 1754 1810 1810 venerabili
1863 1753 2083 1808 Aldricu
2113 1748 2158 1806 Β
2184 1760 2280 1814 Dei
2314 1761 2545 1816 libenter
2567 1761 2890 1828 audivimus,
2920 1773 2976 1816 et
3000 1763 3143 1817 sicut
3170 1763 3446 1832 deprecati
3475 1772 3629 1828 sunt,
3658 1779 3776 1817 mo-

499 1857 753 1926 episcopo
791 1856 905 1909 sive
932 1854 1339 1909 successoribus
1383 1852 1501 1921 ejus
1541 1849 1652 1903 ullo
1680 1861 1916 1916 unquam
1947 1852 2080 1899 tem-

488 1962 624 2017 pore
653 1945 1076 2014 inquietudinem
1108 1944 1287 1997 facere
1309 1952 1401 1995 aut
1424 1939 1725 2009 quamlibet
1751 1935 2081 1991 calumniam

493 2039 744 2108 ingerere
773 2042 1095 2104 przcsumat;
1147 2033 1242 2086 sed
1287 2031 1448 2084 liceat
1494 2029 1545 2084 ei
1573 2037 1630 2082 et
1675 2024 2082 2082 successoribus

495 2128 613 2198 ejus
643 2126 828 2195 quieto
872 2123 1061 2178 ordine
1106 2129 1404 2175 memorata
1434 2119 1551 2173 loca
1579 2134 1704 2173 cum
1744 2116 1993 2171 omnibus
2015 2115 2083 2170 ad

488 2235 555 2275 se
591 2215 1130 2289 pertineatibusjnre
1169 2206 1541 2268 ecclesiastico
1586 2221 1772 2266 tenere
1817 2218 1872 2264 et
1909 2209 2085 2280 possi-

497 2311 654 2374 dere,
696 2318 751 2363 et
783 2307 1040 2377 quidquid
1071 2321 1168 2376 pro
1197 2305 1598 2375 opportunitate
1623 2312 1681 2358 et
1701 2303 2086 2358 commoditate

496 2400 739 2472 przefata:
763 2399 1008 2454 ecclesia:
1035 2398 1230 2452 exinde
1268 2395 1452 2451 facere
1475 2396 1830 2456 decreverint,
1852 2395 2084 2450 liberam

492 2494 550 2548 in
575 2493 827 2547 omnibus
855 2491 1094 2545 habeant
1134 2497 1461 2559 potestatem
1489 2486 1740 2540 faciendi.
1784 2486 1855 2540 Ut
1903 2495 2083 2539 autem

495 2586 617 2638 haec
657 2590 839 2637 nostra
891 2581 1185 2636 auctoritas
1226 2587 1540 2648 perpetuam
1589 2577 1833 2630 obtineat
1869 2575 2090 2630 ﬁrmita-

507 2681 640 2736 tem,
672 2671 739 2725 de
767 2670 966 2724 annulo
1001 2679 1185 2724 nostro
1205 2667 1464 2735 jussimus
1489 2665 1729 2735 sigillari.

567 2763 968 2818 Hirntinmarus
998 2763 1242 2816 notarius
1263 2763 1330 2815 ad
1364 2761 1533 2814 vicem
1564 2757 1859 2813 Theotonis
1893 2771 2088 2828 recog-

503 2855 631 2908 novi
660 2861 714 2908 et
743 2851 1061 2922 subscripsi.

571 2945 709 2998 Data
751 2959 802 2997 vt
849 2943 970 2996 ldus
1008 2939 1255 3003 Januar.,
1294 2954 1455 3003 anno,
1483 2937 1700 2992 Christo
1725 2935 1984 3007 propitio,
2022 2935 2085 2987 l7

503 3036 716 3106 imperii
771 3034 972 3088 domini
1039 3031 1292 3086 Ludovici
1346 3029 1578 3099 piissimi
1639 3027 1900 3098 Augusti,
1949 3025 2092 3079 ind-i-

497 3095 681 3179 ctione
715 3124 800 3177 10.
828 3123 1024 3178 Actum
1055 3121 1155 3176 Bes
1199 3119 1326 3173 villa
1348 3095 1417 3172 in
1448 3117 1542 3172 Dei
1587 3095 1803 3171 nomine
1831 3115 2082 3171 feliciter.
2117 3095 2160 3154 (λ

499 3215 696 3268 Amen.

1167 3279 1424 3336 CLXXV.

812 3366 913 3406 PRO
946 3367 1119 3406 EADE!
1158 3365 1384 3404 ADBA'I‘M
1413 3363 1458 3401 ὃ.
1488 3363 1780 3402 VINCENTH.

1124 3419 1296 3490 (ᾼηῃο
1319 3416 1479 3490 855.)

944 3485 1634 3562 [Apud'BnluziutmibidJ

573 3587 633 3641 In
676 3583 894 3640 nomine
929 3581 1147 3636 Domini
1182 3579 1280 3634 Dei
1321 3586 1378 3632 et
1406 3576 1707 3632 Salvatoris
1751 3576 1921 3631 nostri
1961 3575 2090 3631 Iesu

497 3675 728 3738 Christi,
744 3671 1068 3736 Ludovicus,
1086 3669 1265 3724 divina
1290 3667 1577 3722 ordinante
1601 3664 1962 3734 providentia,
1992 3663 2092 3717 im-

505 3780 726 3842 perator
753 3767 1050 3838 Augustus.

581 3860 639 3915 Si
670 3858 756 3913 his
783 3858 874 3926 qui
905 3857 1014 3911 Deo
1035 3855 1276 3910 debitunt
1299 3852 1560 3906 exhibent
1587 3848 1904 3903 famulatum
1939 3847 2095 3918 quid-

501 3953 627 4006 dam
674 3948 899 4005 honoris
941 3945 1292 4007 conferimus,
1329 3951 1384 3998 et
1428 3942 1496 3995 ad
1529 3955 1684 3995 suum
1730 3939 2094 3993 ministerium

499 4041 731 4096 liberius
755 4037 1158 4109 exsequendum
1189 4050 1346 4106 opem
1382 4033 1630 4095 ferimus,
1657 4031 1759 4084 boc
1792 4029 1948 4083 nobis
1970 4043 2096 4097 pro-

502 4132 598 4186 cul
625 4131 788 4186 dubio
815 4128 882 4182 ad
913 4135 1111 4183 statum
1138 4123 1342 4180 terreni
1369 4121 1518 4192 regni
1548 4118 2011 4175 corroborandum
2035 4125 2098 4171 et

509 4221 577 4275 ad
608 4228 827 4274 aeternae
856 4217 980 4270 vitae
1017 4213 1413 4269 beatitudinem
1445 4209 1827 4281 capessendam
1856 4206 2098 4277 profutu-

504 4324 628 4364 rum
664 4323 785 4362 esse
829 4305 1172 4361 conﬁdimus.
1223 4303 1422 4358 Notum
1469 4303 1638 4372 igitur
1683 4314 1803 4355 esse
1849 4299 2096 4352 volumus

2183 1851 2420 1905 uasteria
2445 1851 2532 1905 vel
2554 1851 2774 1907 cellulas
2802 1869 2898 1908 seu
2927 1856 3074 1909 vicos
3102 1853 3187 1908 vel
3220 1854 3377 1910 villas
3400 1869 3541 1924 quas
3582 1867 3774 1910 nostra

2182 1942 2466 2013 largitione
2508 1959 2574 1998 ex
2615 1942 2740 2011 jure
2791 1944 3024 2014 praefixa:
3071 1945 3315 2000 ecclesia:
3359 1946 3533 2000 nostri
3584 1946 3776 2000 ﬁdeles

2185 2032 2384 2087 habere
2411 2034 2799 2103 dignoscantur
2826 2035 3144 2090 nominatim
3174 2036 3226 2089 in
3257 2036 3358 2090 hoc
3383 2046 3658 2106 prteeepto
3695 2037 3779 2089 in-

2184 2137 2368 2178 serere
2409 2121 2702 2192 jussimus,
2745 2131 2804 2178 ut
2845 2122 3040 2179 futuris
3089 2126 3421 2194 temporibus
3461 2126 3513 2184 in
3547 2127 3678 2196 jure
3724 2135 3776 2180 et

2185 2211 2684 2281 dominationejam
2709 2213 2870 2268 dictae
2909 2215 3151 2270 ecclesia:
3183 2231 3311 2270 cum
3354 2217 3503 2270 οιηηὶ
3549 2217 3779 2285 integri-

2186 2312 2298 2359 tate
2323 2314 2680 2374 permaneant
2704 2324 2717 2358 :
2746 2306 2801 2360 id
2827 2315 2939 2369 est,
2984 2308 3377 2362 monasterium
3403 2306 3596 2361 Sancti
3627 2308 3777 2363 Petri

2185 2396 2330 2465 quod
2359 2395 2652 2452 Bertranus
2677 2381 2969 2469 episcopus
3002 2400 3305 2462 :ediﬁeavit,
3339 2415 3465 2454 cum
3501 2412 3784 2455 monaste-

2187 2486 2324 2542 riolo
2353 2487 2540 2542 Sancti
2584 2488 2799 2542 Martini
2833 2490 2890 2542 in
2932 2489 3280 2556 Ponteleuve,
3311 2500 3367 2545 et
3410 2490 3783 2546 monasterio-

2186 2577 2298 2631 lum
2347 2577 2532 2632 Sancti
2559 2576 2823 2644 Victurii,
2861 2579 2913 2633 in
2943 2596 3054 2649 quo
3085 2581 3198 2650 ipse
3226 2581 3458 2635 domnus
3499 2580 3782 2636 Victorius

2187 2682 2412 2737 corpore
2441 2670 2748 2739 requiescit,
2775 2679 2830 2726 et
2858 2687 2985 2726 mon
3004 2671 3302 2726 isteriolum
3341 2671 3559 2726 Sancta:
3589 2671 3780 2727 Maria

2189 2759 2332 2828 quod
2361 2768 2445 2814 est
2487 2769 2856 2815 constructum
2884 2763 3025 2816 intra
3053 2778 3267 2817 murum
3311 2763 3550 2818 civitatis
3577 2773 3634 2817 et
3673 2762 3777 2817 ﬁu-

2187 2850 2335 2903 vium
2379 2849 2626 2914 Sartbaz,
2663 2866 2789 2906 cum
2832 2851 3216 2908 momsteriolo
3265 2851 3454 2907 Sancti
3501 2852 3780 2909 Rieomeri

2191 2938 2333 2992 ultra
2375 2939 2596 2994 ﬂuvium
2639 2942 2850 2995 Sarthze
2890 2943 2960 2996 ad
2985 2957 3111 2996 eum
3153 2943 3478 3012 pertinente,
3504 2952 3558 2997 et
3595 2959 3783 2997 mona-

2193 3031 2417 3085 sterium
2446 3032 2660 3086 Sanctae
2689 3031 3058 3099 Scholasticaz,
3085 3041 3138 3088 et
3167 3035 3611 3089 monasteriolum
3641 3033 3780 3088 San-

2194 3122 2265 3176 cti
2299 3121 2556 3177 Germani
2605 3122 2744 3177 ultra
2791 3122 3010 3178 fluvium
3062 3125 3296 3190 Sartbaa,
3329 3134 3386 3180 et
3417 3127 3783 3180 monasterio-

2195 3213 2303 3268 lum
2330 3214 2414 3269 vel
2443 3215 2829 3284 synodochium
2861 3215 3074 3271 Sancta“:
3102 3216 3301 3280 Mariae,
3328 3217 3384 3270 in
3410 3232 3519 3286 quo
3545 3216 3783 3272 domnus

2195 3303 2468 3360 Paduinus
2512 3305 2801 3374 requiescit
2823 3307 2879 3360 in
2922 3322 3173 3377 corpore,
3198 3315 3255 3360 et
3294 3306 3544 3361 cellulam
3589 3305 3781 3363 Sancti

2196 3392 2423 3449 \‘icturii
2446 3394 2586 3451 infra
2610 3395 2906 3462 civitatem,
2934 3405 2990 3451 et
3013 3397 3399 3452 monasterium
3422 3396 3612 3452 Sancti
3633 3398 3783 3452 Carl-

2195 3486 2314 3554 lell,
2354 3489 2408 3542 in
2452 3503 2561 3557 quo
2607 3489 2725 3559 ipse
2755 3489 2984 3544 domnus
3033 3489 3326 3560 requiescit
3357 3489 3408 3543 in
3443 3503 3697 3557 corpore,
3725 3497 3784 3544 et

2193 3581 2639 3635 monasteriolum
2665 3579 2850 3636 Sancti
2871 3580 3092 3646 Juliani,
3122 3582 3174 3636 in
3203 3596 3311 3651 quo
3341 3581 3454 3650 ipse
3476 3581 3782 3652 requiescit

2196 3669 2251 3724 in
2275 3685 2522 3740 corpore,
2549 3681 2603 3725 et
2625 3672 3013 3726 monasterium
3043 3670 3229 3726 Sancti
3250 3669 3484 3740 Georgii,
3504 3678 3779 3725 monaste-

2195 3760 2337 3814 rium
2366 3759 2534 3824 lllidi,
2568 3769 2623 3815 et
2660 3761 3049 3815 monasterium
3091 3761 3370 3824 Tussiaco,
3409 3768 3467 3814 et
3503 3769 3782 3814 monaste-

2197 3849 2337 3903 rium
2367 3849 2552 3905 Sancti
2578 3849 2800 3906 Joannis
2826 3858 2882 3906 et
2931 3850 3118 3905 Sancti
3159 3849 3374 3905 Trechii
3420 3850 3476 3904 in
3510 3849 3739 3904 Buxiole
3760 3867 3778 3903 :

2195 3947 2250 3994 et
2279 3940 2717 3996 monasteriolum
2757 3940 2942 3996 Sancti
2978 3940 3193 3994 Martini
3241 3941 3296 3994 in
3335 3939 3695 4003 Diablentieo,
3728 3948 3784 3995 et

2198 4031 2586 4086 monasterium
2616 4030 2833 4086 Sanctae
2860 4031 3042 4086 Maria:
3080 4031 3135 4086 in
3179 4030 3480 4096 Auriouno,
3506 4040 3564 4086 et
3595 4046 3786 4086 umna-

2196 4123 2422 4177 steriutn
2450 4125 2676 4187 Buxido,
2702 4135 2757 4178 et
2788 4124 3037 4178 cellulam
3075 4123 3382 4187 Semiliaco,
3426 4131 3483 4177 et
3511 4131 3788 4178 monaste-

2198 4213 2340 4267 rium
2382 4213 2640 4270 Celadon;
2671 4215 2796 4270 llzec
2824 4217 3028 4280 omnia,
3073 4216 3214 4271 sicut
3241 4216 3528 4284 diligenter
3557 4216 3787 4284 inquisi-

2201 4311 2314 4357 tum
2355 4305 2636 4371 habemus,
2667 4321 2787 4360 cum
2815 4306 3068 4361 omnibus
3104 4307 3172 4360 ad
3209 4322 3268 4361 se
3305 4306 3708 4374 pertinentibus
3734 4314 3789 4361 et

505 4400 761 4455 omnibus
791 4397 1041 4453 ﬁdelibus
1067 4396 1290 4460 nostris,
1319 4395 1673 4466 pnesentihus
1702 4393 1909 4448 scilicet
1932 4399 1988 4445 et
2015 4389 2093 4443 fu-
2118 4438 2171 4496 D
2201 4395 2254 4448 in
2284 4397 2500 4467 scriptis
2522 4397 2850 4452 authenticis
2876 4396 3060 4452 Sancti
3087 4396 3329 4452 Gervasii
3355 4398 3689 4463 invenimus,
3715 4397 3787 4451 ad

507 4495 680 4559 turis,
717 4493 843 4564 quia
895 4509 994 4548 nos
1043 4493 1109 4547 de
1156 4490 1445 4560 Aquitania
1490 4491 1846 4553 revertentes,
1877 4503 2000 4542 cum
2036 4485 2090 4539 in

506 4587 696 4640 urbem
746 4583 1070 4638 Cenomanis
1119 4581 1584 4651 pervenissemus,
1627 4592 1788 4648 quam
1842 4576 2092 4631 Aldricus

507 4674 838 4730 venerabilis
884 4674 1170 4744 episcopus
1200 4686 1386 4741 regere
1430 4670 1662 4732 videtur,
1691 4667 1873 4723 clerici
1915 4675 1971 4721 et
1995 4666 2093 4720 Dei

510 4767 655 4823 servi
695 4767 826 4820 inibi
867 4764 1222 4820 consistentes
1249 4762 1302 4815 in
1333 4768 1573 4815 nostram
1601 4757 1933 4813 advenerunt
1958 4771 2093 4828 pm;

509 4856 762 4919 sentiam,
789 4862 842 4909 et
871 4853 1152 4923 conquesti
1199 4861 1325 4906 sunt
1365 4851 1510 4920 quod
1543 4863 1714 4904 nonas
1738 4857 1794 4903 et
1832 4849 2091 4912 decimas,

511 4948 655 5003 unde
701 4945 1040 5001 necessarios
1080 4952 1326 5012 sumplus
1355 4941 1555 4996 habere
1598 4940 1883 5003 debebant,
1913 4939 2097 4993 ﬁdeles

512 5039 684 5094 nostri
721 5037 813 5108 qui
843 5051 931 5090 res
980 5034 1168 5090 Sancti
1208 5033 1452 5088 Gervasii
1497 5047 1724 5086 munere
1753 5029 2096 5086 beneﬁciario

508 5128 891 5199 possidebant,
925 5131 1019 5178 aut
1067 5122 1398 5192 negligenter
1429 5121 1834 5191 persolverent,
1866 5128 1958 5172 aut
2000 5135 2095 5188 pe-

510 5219 658 5273 nitus
690 5216 912 5272 reddere
937 5211 1247 5277 differrent;
1275 5212 1656 5282 petieruntque
1692 5218 1747 5264 et
1785 5208 2098 5278 suppliciter

509 5307 787 5378 deprecati
815 5313 944 5361 sunt
967 5320 1066 5360 nos
1094 5312 1153 5358 ut
1197 5311 1383 5358 nostra
1428 5300 1724 5371 imperialls
1753 5308 1994 5370 potestas
2019 5298 2100 5354 ef-

511 5399 698 5454 ﬁceret
726 5400 958 5469 qualiter
988 5395 1284 5452 secundum
1327 5395 1606 5464 antiquam
1651 5391 2094 5448 consuetudinem

509 5498 566 5543 et
593 5489 890 5557 jussionem
919 5488 1121 5544 domini
1152 5498 1208 5542 et
1251 5486 1512 5557 genitoris
1542 5484 1713 5539 nostri
1739 5482 1918 5537 Caroli
1956 5493 2095 5552 prat-

509 5579 831 5632 stantissimi
871 5579 1098 5649 Augusti
1132 5593 1194 5633 ac
1231 5587 1471 5632 nostram
1513 5576 1741 5645 pleniter
1787 5574 1852 5627 de
1885 5573 2091 5627 eisdem

585 5697 609 5723 ³
653 5687 782 5742 Vide
815 5688 906 5741 lib.
937 5703 951 5741 t
981 5686 1233 5757 Capitul.,
1262 5702 1308 5742 c.
1342 5687 1461 5750 157,
1491 5697 1543 5741 et
1581 5686 1672 5740 lib.
1708 5701 1766 5751 ll,
1799 5700 1848 5738 c.
1879 5682 1968 5748 21,
1995 5682 2083 5736 22.

2195 4488 2504 4557 przedictam
2530 4488 2816 4543 ecclesiam
2842 4490 3012 4542 sancti
3031 4488 3275 4543 Gervasii
3295 4488 3440 4557 iuste
3459 4496 3516 4541 et
3537 4487 3787 4558 legaliter

2194 4577 2486 4647 pertinent.
2529 4577 2609 4631 Ex
2636 4579 2833 4646 quibus
2853 4577 3108 4645 iubentes
3143 4579 3488 4646 praecipimus
3529 4587 3594 4631 ut
3636 4577 3788 4636 festi-

2195 4667 2455 4722 vitatibus
2499 4667 2715 4722 illorum
2761 4677 3075 4723 sanctorum
3123 4668 3177 4721 in
3228 4683 3460 4736 quorum
3502 4673 3788 4728 memoriis

2197 4757 2310 4826 ipsa
2357 4758 2604 4811 cmnobia
2656 4759 2832 4813 dicata
2879 4773 3000 4812 esse
3046 4766 3366 4821 noscuntur,
3395 4773 3494 4826 per
3542 4763 3788 4833 singulos

2198 4863 2371 4902 annos
2415 4848 2484 4901 ad
2528 4848 2803 4916 pmﬁxam
2849 4856 3078 4902 matrem
3118 4857 3174 4902 et
3211 4847 3454 4906 civitatis
3497 4851 3788 4907 ecclesia

2200 4953 2395 4993 census
2428 4939 2498 4994 ab
2523 4939 2655 5008 ipsis
2678 4940 2769 5008 qui
2805 4939 2993 4994 eadem
3027 4940 3271 4994 emnobia
3299 4953 3495 4998 nostro
3523 4942 3790 4998 beneﬁcio

2201 5036 2388 5084 tenent
2415 5030 2645 5084 libenter
2670 5029 2734 5084 ad
2777 5044 2913 5098 opus
2940 5029 3180 5098 episcopi
3208 5035 3294 5086 vel
3325 5033 3562 5087 fratrum
3589 5032 3664 5086 ibi
3697 5031 3790 5086 de-

2200 5121 2440 5189 gentium
2460 5128 2516 5174 et
2534 5119 2600 5174 ad
2629 5120 2800 5188 ipsam
2823 5120 3105 5175 ecclesiam
3131 5125 3548 5179 mstmnndam
3570 5132 3628 5178 et
3649 5137 3792 5177 nunc

2199 5220 2257 5264 et
2298 5209 2494 5266 futuris
2530 5211 2862 5280 temporibus
2903 5211 3304 5281 persolvuntur,
3340 5225 3395 5270 et
3431 5213 3662 5269 refectio
3698 5229 3790 5267 ca-

2199 5305 2408 5359 nonicis
2436 5304 2617 5360 Sancti
2648 5303 2894 5360 Gervasii
2920 5305 3123 5375 optima
3160 5311 3227 5363 ab
3253 5309 3444 5363 eodem
3473 5307 3676 5362 abbate
3698 5304 3789 5374 qui

2198 5394 2372 5464 ipsum
2403 5396 2712 5450 coenobium
2755 5409 2883 5451 tunc
2927 5399 3190 5466 temporis
3218 5398 3417 5452 habere
3465 5395 3704 5458 videtur,
3737 5395 3789 5447 in

2194 5485 2450 5552 praedicta
2482 5484 2774 5540 festivitate
2805 5484 2990 5541 lilmtl
3019 5492 3205 5542 animo
3230 5489 3344 5552 flat,
3372 5486 3518 5541 sicut
3546 5495 3786 5541 nostram

2194 5579 2424 5650 gratiam
2449 5589 2504 5634 et
2535 5579 2648 5650 ipsa
2676 5577 2942 5635 beneﬁcia
2971 5580 3168 5637 habere
3213 5579 3515 5645 voluerint;
3545 5587 3612 5633 ut
3635 5575 3786 5631 nobis
