3996 6178
276 318 408 376 θΞΞΙ

1414 315 1808 371 ΒΙΡΙιΟΜΑΤΑ
1855 310 2411 370 καυιιιδιλδΐιελ.

3399 320 3542 373 Im

270 455 366 494 seu
426 435 798 493 decessoribus
841 434 923 487 vel
979 432 1310 502 genitoribus
1375 433 1579 503 nostris
1628 438 1847 500 propter
1874 432 1925 491 Α
1950 427 2167 493 Corma,
2217 437 2272 483 et
2310 429 2621 490 Noviomor.
2669 438 2723 485 et
2767 433 3057 488 Bostiliaco
3102 434 3236 492 vicis
3279 437 3531 506 publicis.

269 529 593 584 ablationem
642 527 727 581 vel
778 526 1189 579 minorationcm
1247 524 1440 578 harum
1509 536 1688 577 rerum
1735 521 1850 590 jam

269 620 429 675 dicta
469 618 710 674 ecclesia
750 617 966 686 aliquod
1008 616 1387 671 detrimentum
1429 624 1522 669 aut
1551 614 1851 683 periculum

266 708 419 779 regni
467 722 575 764 non
606 714 901 771 accrescat,
941 705 1035 760 sed
1081 705 1335 775 perennis
1366 704 1701 774 temporibus
1749 704 1851 759 sub

264 800 385 869 iure
429 800 669 870 ejusdem
714 798 959 853 ecclesiae
1003 806 1376 866 permaneant.
1420 797 1611 852 Divitis
1638 809 1664 837 ει
1703 796 1848 851 enim

264 890 540 945 canonicis
563 889 811 943 omnibus
836 895 890 941 et
917 888 1163 942 ecclesiis
1181 887 1599 957 'baptismalibus
1632 887 1686 941 in
1712 902 1850 957 pra-

265 981 422 1035 dicta
469 981 620 1035 urbis
665 979 920 1048 parocbia
976 979 1433 1043 consistentibus,
1480 976 1849 1049 cujuscunque

264 1069 398 1139 juris
431 1069 561 1134 sint,
593 1083 786 1122 census
815 1076 1040 1131 cunctos
1070 1076 1180 1121 tam
1211 1068 1262 1122 in
1293 1067 1413 1122 oleo
1440 1082 1604 1137 quam
1632 1067 1687 1122 in
1721 1082 1848 1123 cera

265 1161 380 1215 sive
427 1160 664 1215 denariis
714 1160 945 1229 pleniter
1002 1161 1247 1230 partibus
1295 1158 1533 1229 praefata
1581 1159 1845 1225 ecclesia,

264 1252 406 1307 sicut
448 1252 502 1305 in
544 1250 801 1320 plenariis
836 1258 890 1305 et
926 1251 1213 1305 breviariis
1252 1250 1491 1319 ejusdem
1533 1250 1725 1306 matris
1752 1266 1844 1305 ec-

266 1342 444 1399 clesia
474 1343 834 1407 continentur,
864 1358 962 1412 per
1008 1342 1246 1414 singulos
1287 1358 1458 1398 annos
1494 1344 1698 1413 alisque
1738 1343 1843 1397 ulla

267 1433 693 1504 contradictione
743 1442 836 1487 aut
884 1449 1037 1489 mora
1085 1434 1319 1504 persolvi
1356 1433 1714 1504 pracipimus.
1770 1433 1849 1488 De

267 1521 401 1575 vicis
441 1537 570 1577 vero
599 1520 828 1591 publicis
856 1537 920 1578 ac
945 1523 1180 1595 propriis
1213 1522 1298 1577 vel
1324 1522 1521 1577 villulis
1543 1521 1655 1590 jam
1690 1522 1846 1578 dicta

268 1609 528 1675 ecclesia,
570 1625 706 1680 quas
749 1610 934 1667 ﬁdeles
980 1612 1152 1666 nostri
1188 1622 1376 1666 nostra
1422 1611 1704 1683 largitione
1748 1613 1845 1666 ba-

267 1700 425 1766 bent,
454 1700 674 1756 omnino
718 1700 1064 1771 pracipimus
1105 1710 1166 1755 ut
1194 1718 1349 1757 nona
1376 1712 1433 1756 ct
1467 1702 1686 1757 decima
1716 1716 1845 1770 par-

1954 518 2079 574 llac
2121 529 2301 574 autem
2348 522 2533 575 omnia
2578 536 2698 590 qua
2745 525 3064 579 nominatim
3115 542 3277 598 supra
3323 529 3532 588 inserta

1952 616 2098 673 sunt,
2140 619 2202 664 ut
2234 609 2347 678 jam
2377 610 2583 665 dictum
2621 620 2733 677 est,
2777 615 3079 669 evidentius
3123 625 3176 671 et
3222 617 3542 687 diligentius

1951 696 2333 768 investigatum
2383 700 2677 764 habemus,
2725 709 2776 756 et
2828 702 2880 757 in
2929 705 3258 761 authenticis
3295 707 3539 777 ejusdem

1952 786 2199 842 ecclesiae
2240 788 2455 858 scriptis
2494 790 2626 859 ipsis
2656 791 2867 847 clericis
2895 795 3345 851 nonobstantibus
3383 812 3539 866 repe-

1949 878 2142 944 rimus,
2176 879 2288 934 sive
2314 880 2450 935 alias
2478 880 2631 937 villas
2675 897 2794 951 qua
2816 895 3039 954 propter
3061 886 3423 955 prolixitatem
3450 889 3538 945 vel

1945 976 2171 1039 propter
2214 969 2573 1041 ignorantiam
2601 973 2875 1027 nominum
2908 974 3153 1029 villarum
3185 979 3235 1031 in
3266 978 3366 1035 hoc
3393 994 3534 1049 pra—

1948 1067 2107 1129 ccpto
2137 1075 2244 1114 non
2292 1069 2417 1133 sunt
2464 1061 2703 1126 inserta,
2747 1063 2817 1115 ad
2858 1063 2971 1133 jam
3017 1065 3213 1120 dictum
3245 1068 3530 1124 ecclesiam

1941 1144 2089 1214 juste
2114 1156 2170 1202 et
2198 1148 2443 1218 legaliter
2469 1150 2769 1218 pertinere;
2795 1165 2957 1220 super
2979 1154 3174 1223 quibus
3195 1156 3294 1211 bas
3330 1169 3531 1214 nostra:

1947 1238 2290 1293 auctoritatis
2331 1238 2543 1294 litteras
2570 1238 2687 1294 ﬁeri
2720 1240 3077 1308 decrevimus,
3127 1258 3224 1314 per
3249 1261 3385 1315 quas
3423 1257 3534 1303 sta-

1949 1335 2165 1382 tuentes
2182 1329 2433 1384 omnibus
2461 1329 2553 1398 qui
2580 1329 2632 1383 in
2666 1332 2918 1400 prasenti
2951 1339 3189 1402 tempore
3217 1344 3310 1390 aut
3339 1336 3536 1393 futuris

1948 1419 2283 1487 temporibus
2304 1434 2371 1473 ex
2405 1427 2719 1475 memorata
2756 1421 2945 1476 matris
2987 1424 3230 1479 ecclesia
3271 1426 3531 1484 beneﬁcia

1946 1511 2181 1565 assecuti
2208 1518 2335 1564 sunt
2378 1519 2471 1564 aut
2503 1511 2717 1580 assequi
2759 1519 3071 1580 potuerunt,
3098 1515 3439 1585 praecipimus
3467 1528 3529 1573 ut

1947 1595 2015 1651 de
2047 1597 2302 1653 omnibus
2324 1598 2854 1654 conlaborationibus
2880 1609 3061 1666 terra,
3094 1610 3204 1657 tam
3234 1602 3342 1659 feni
3368 1621 3531 1676 quam

1947 1702 2175 1743 annona
2211 1690 2455 1744 omnium
2493 1704 2774 1759 generum,
2803 1698 2913 1745 tam
2940 1691 3007 1746 de
3041 1708 3137 1747 sua
3165 1695 3532 1754 dominatione

270 1790 418 1845 tibus
443 1768 770 1861 praescripta
793 1768 982 1847 matris
1013 1792 1255 1847 ecclesia
1278 1792 1345 1846 ab
1369 1793 1571 1848 eisdem
1602 1768 1849 1849 ﬁdelibus

1950 1792 2111 1845 quam
2145 1786 2202 1832 et
2240 1778 2306 1833 de
2336 1778 2686 1834 vassallorum
2714 1795 2960 1847 suorum,
2995 1781 3062 1837 de
3089 1783 3359 1841 vivericiis
3396 1803 3533 1858 quo-

268 1879 472 1934 nostris
512 1879 746 1934 libenter
770 1888 824 1934 et
858 1881 1090 1950 pleniter
1116 1881 1511 1953 persolvuntur,
1539 1889 1594 1936 et
1620 1880 1847 1936 adiﬁcia

269 1967 507 2037 ejusdem
537 1968 781 2023 ecclesia
818 1969 931 2024 sive
961 1971 1240 2025 domorum
1273 1971 1339 2024 ad
1375 1986 1494 2025 eam
1542 1971 1682 2026 infra
1723 1971 1852 2027 civi—

270 2065 432 2111 tatem
485 2058 869 2127 pettinentium
917 2060 1248 2115 readiﬁcare
1283 2061 1369 2116 vel
1414 2069 1720 2118 restaurare
1764 2061 1847 2118 fa—

270 2147 435 2214 ciant,
469 2149 519 2204 id
547 2158 650 2215 est,
688 2151 755 2205 de
794 2153 923 2207 villa
965 2153 1188 2217 Tavida,
1221 2155 1288 2208 de
1316 2153 1443 2208 villa
1473 2154 1753 2225 Lugdune,
1781 2155 1850 2211 de

269 2236 392 2293 villa
421 2239 678 2306 Baladon,
707 2241 774 2297 de
802 2241 928 2296 villa
960 2236 1080 2312 qua
1113 2242 1361 2314 Brogilus
1410 2244 1525 2299 sive
1572 2233 1848 2300 Novavilla

270 2340 631 2400 nuncupatur,
661 2333 726 2387 de
749 2333 876 2387 villa
906 2327 1189 2399 Pradellis,
1216 2335 1281 2389 de
1308 2334 1603 2399 Murn’iaco,
1627 2336 1694 2389 de
1722 2335 1848 2389 villa

270 2420 471 2483 Guilis,
513 2422 579 2476 de
626 2423 784 2477 tertia
818 2433 972 2493 parte
1008 2424 1074 2479 de
1117 2423 1253 2478 cella
1300 2423 1488 2479 Sancti
1516 2424 1741 2489 Almiri,
1783 2425 1850 2479 de

272 2510 430 2563 tertia
458 2519 610 2579 parte
636 2511 700 2565 de
725 2510 860 2566 cella
885 2510 1071 2566 Sancti
1103 2511 1316 2577 Ull’acii,
1340 2519 1395 2567 et
1422 2513 1487 2567 de
1514 2513 1670 2567 tertia
1696 2521 1850 2583 parte

270 2600 335 2654 de
372 2599 505 2654 cella
553 2599 737 2654 Sancti
780 2600 1040 2671 Rigmiri,
1077 2602 1145 2657 de
1182 2600 1307 2656 villa
1349 2600 1593 2664 Boulido,
1627 2602 1693 2657 de
1738 2601 1849 2656 Au-

269 2703 427 2758 gono,
465 2689 531 2743 de
567 2687 836 2745 Solemnis
878 2690 1027 2755 villa,
1057 2699 1111 2745 et
1141 2691 1262 2745 vico
1291 2698 1346 2745 et
1388 2690 1523 2746 cella
1564 2691 1844 2757 Virmero;

269 2786 325 2832 et
370 2779 437 2832 de
469 2778 591 2833 villa
621 2778 883 2849 Apiliaco,
910 2788 964 2834 et
993 2780 1059 2835 de
1099 2779 1346 2845 Aldritlo,
1389 2787 1445 2834 et
1471 2778 1751 2846 Clausido,
1784 2782 1849 2835 de

270 2866 565 2933 Noviliaco,
617 2878 671 2924 et
718 2870 1061 2935 Fanisnonia,
1108 2877 1164 2924 et
1204 2883 1395 2939 campo
1439 2867 1691 2940 Sigirico,
1737 2869 1845 2924 Ln-

270 2959 443 3023 ciaeo,
473 2968 527 3014 et
564 2970 768 3026 monte,
791 2968 846 3015 et
875 2961 942 3015 de
969 2960 1207 3015 Commis
1232 2961 1366 3016 cella
1413 2959 1598 3017 Sancti
1643 2961 1845 3017 Leodc-

270 3050 428 3120 gat-ii,
454 3049 661 3117 Angor,
688 3059 743 3105 et
767 3044 970 3115 Boulir,
996 3051 1063 3106 de
1088 3049 1435 3121 Vinogabron
1462 3066 1582 3105 cum
1613 3053 1727 3107 suis
1753 3067 1849 3122 ap~

270 3137 551 3207 pendiciis,
578 3145 633 3192 et
676 3138 855 3194 Ailino
894 3139 1014 3194 vico
1048 3139 1281 3209 publico,
1319 3147 1376 3194 et
1407 3139 1627 3195 Bruslor
1655 3149 1710 3194 et
1751 3141 1849 3195 So-

271 3243 445 3298 gonna
478 3229 612 3283 vicis
647 3229 895 3298 publicis,
942 3236 997 3284 et
1027 3227 1278 3293 Silviaco,
1312 3237 1367 3285 et
1398 3230 1462 3285 de
1487 3230 1612 3285 villa
1643 3231 1849 3286 Viliaco

269 3326 326 3373 et
366 3319 636 3386 Triciono,
680 3329 737 3376 et
779 3321 1038 3392 Silgiaco,
1082 3330 1137 3377 et
1181 3321 1475 3388 Sabololio,
1514 3331 1569 3377 et
1622 3322 1852 3378 Vinonio

271 3410 391 3464 vico
411 3411 645 3480 publico,
672 3421 727 3467 et
759 3413 825 3468 de
852 3413 976 3467 villa
1013 3414 1231 3484 longua,
1269 3421 1327 3468 et
1367 3415 1435 3469 de
1463 3414 1592 3468 villa
1623 3414 1852 3485 Campao

272 3500 447 3566 niaco,
476 3508 531 3555 et
560 3502 625 3556 de
662 3502 1002 3567 Tonedralio,
1046 3504 1117 3558 de
1159 3502 1377 3559 Geueda
1422 3504 1559 3559 vicis
1591 3503 1847 3573 publicis,

271 3598 327 3647 et
355 3592 421 3647 de
445 3592 567 3647 villa
594 3594 775 3658 Didas,
802 3603 858 3650 et
889 3595 956 3649 de
990 3595 1278 3657 Tredento,
1306 3604 1362 3649 et
1396 3596 1633 3661 Vitlena,
1664 3595 1852 3651 Tauris

272 3683 467 3750 miaco,
491 3684 738 3749 Calsano,
768 3692 823 3739 et
845 3685 1033 3739 villare
1063 3686 1130 3739 de
1170 3686 1350 3740 Verno
1372 3693 1427 3738 et
1456 3685 1760 3740 Adilianita
1795 3695 1852 3741 ct

273 3772 457 3842 Vigra,
504 3782 560 3827 et
600 3773 895 3839 Fontanas,
922 3782 979 3828 et
1026 3772 1321 3839 Sanmuro,
1359 3782 1414 3828 et
1446 3774 1694 3838 Braﬁalo,
1726 3775 1852 3830 Fol-

274 3862 440 3926 caria,
467 3862 835 3927 Domnoiorio,
865 3870 922 3916 et
962 3869 1176 3932 partem
1223 3865 1289 3918 de
1335 3863 1649 3929 Fraxinido,
1694 3864 1846 3919 Man-

273 3951 448 4017 daria,
490 3950 747 4021 Dirigcto,
784 3952 971 4007 villare
1005 3953 1072 4008 de
1116 3954 1312 4019 Verno,
1344 3953 1633 4022 Clermicio
1670 3963 1726 4009 et
1750 3954 1853 4010 Ca-

275 4041 514 4108 miliaco,
545 4041 612 4096 de
656 4041 1046 4109 Traximarias,
1074 4052 1131 4099 et
1168 4044 1407 4101 Cosiaco
1448 4046 1572 4102 vico
1613 4046 1848 4115 publico,

274 4137 330 4184 et
362 4130 488 4185 villa
528 4130 846 4195 Antoniaco,
883 4133 949 4188 de
983 4133 1108 4188 villa
1138 4134 1377 4197 Bonalfa,
1409 4144 1465 4190 et
1499 4134 1566 4192 de
1603 4138 1852 4193 omnibus

274 4221 419 4277 villis
441 4237 560 4292 qua
583 4222 651 4277 ad
687 4222 878 4279 cellam
904 4223 1090 4279 Sancti
1121 4224 1338 4281 Martini
1363 4225 1504 4281 infra
1533 4241 1749 4282 murum
1780 4228 1854 4283 ci-

276 4313 459 4367 vitatis
500 4314 790 4383 pertinent,
819 4327 874 4372 et
899 4315 965 4370 de
994 4315 1263 4387 Cangiaco
1288 4316 1411 4372 vico
1434 4317 1671 4387 publico,
1702 4319 1852 4377 cule

276 4399 402 4454 villa
433 4399 757 4469 Limbriaco,
788 4411 842 4457 et
867 4403 1190 4469 Verincella,
1222 4413 1277 4459 et
1318 4405 1604 4472 Verniaco,
1641 4416 1697 4463 et
1725 4408 1849 4463 villa

279 4490 347 4546 de
388 4491 663 4559 Ferciaco,
693 4495 840 4549 etde
871 4494 1156 4560 Peuciaco,
1187 4495 1254 4550 de
1281 4494 1567 4561 Cariliaco,
1598 4497 1846 4565 Priliaco,

279 4582 346 4636 de
373 4581 556 4653 Vigra,
598 4592 654 4638 et
699 4584 765 4639 de
796 4583 1059 4639 beneﬁcio
1088 4585 1340 4656 Hadingi,
1369 4594 1425 4641 et
1460 4587 1529 4642 de
1569 4588 1755 4644 villare
1796 4598 1852 4645 et

279 4669 345 4723 de
368 4669 509 4724 valle
537 4670 786 4735 Bovonis,
813 4680 868 4726 et
903 4674 968 4727 de
1000 4672 1281 4737 Breviaco.
1305 4683 1361 4729 et
1387 4676 1454 4730 de
1481 4675 1850 4744 Carbonariis,

277 4770 332 4814 et
358 4760 423 4815 de
464 4760 725 4827 ltuiliaco,
758 4770 813 4817 et
854 4763 921 4817 de
965 4764 1212 4834 Sidrego,
1233 4773 1290 4818 et
1316 4765 1384 4820 de
1427 4765 1652 4822 Paciaco
1695 4777 1852 4838 portu

278 4867 440 4923 super
481 4852 802 4920 Garronam,
835 4863 890 4910 et
928 4856 996 4911 de
1047 4854 1311 4919 Gaureco,
1353 4864 1409 4912 et
1447 4857 1516 4912 de
1563 4858 1700 4913 cella
1734 4874 1853 4928 qua

277 4941 536 5015 Longolin
568 4953 811 5011 vocatur,
845 4954 900 5002 et
934 4946 1001 5003 de
1037 4946 1318 5016 Gajureco,
1352 4954 1408 5002 et
1433 4948 1760 5014 deFloreco,
1800 4959 1856 5007 et

279 5034 347 5089 de
372 5036 494 5089 vico
522 5035 876 5103 Diableutico,
904 5045 961 5093 et
987 5038 1054 5093 de
1077 5038 1211 5093 cella
1236 5037 1516 5105 Arciacas,
1547 5046 1604 5095 et
1634 5041 1701 5095 de
1727 5041 1855 5095 villa

280 5121 613 5189 Camariaco,
655 5134 712 5181 ct
744 5126 1010 5191 Eviriaco,
1045 5138 1103 5183 et
1148 5128 1316 5197 Galla,
1357 5138 1414 5185 et
1457 5129 1850 5196 Commoriaco,

279 5220 334 5266 et
357 5213 424 5268 de
446 5213 571 5267 villa
610 5213 921 5279 Andoliaco,
946 5226 1002 5271 et
1030 5218 1098 5273 de
1125 5220 1250 5275 villa
1268 5220 1548 5284 ‘Griniaco,
1574 5228 1631 5276 et
1666 5221 1853 5276 Marti-

278 5301 456 5366 niaco,
499 5311 555 5356 et
592 5300 884 5367 Liverolas,
928 5313 984 5360 ct
1024 5305 1286 5374 Sisciaeo,
1331 5318 1388 5364 et
1415 5310 1485 5365 de
1511 5310 1648 5365 cella
1684 5311 1853 5367 Domo

278 5392 423 5461 regis
450 5399 506 5446 et
531 5391 598 5446 de
635 5407 772 5463 pago
797 5384 1134 5461 Ardunense,
1162 5398 1215 5451 in
1252 5414 1359 5467 quo
1398 5408 1525 5455 sunt
1570 5409 1854 5471 manentes

208 5519 219 5524 -
278 5480 417 5535 villa
442 5478 624 5536 Sancti
665 5480 933 5550 Gervasii,
957 5493 1013 5539 et
1040 5486 1107 5540 de
1132 5497 1283 5543 curte
1310 5488 1543 5558 Busane,
1572 5501 1627 5546 et
1652 5492 1721 5548 de
1750 5491 1854 5548 No-

279 5570 478 5633 viomo,
524 5578 579 5623 et
608 5568 943 5641 Scomoiaco,
978 5581 1033 5628 et
1074 5572 1385 5642 Camiliaco,
1418 5587 1475 5632 et
1500 5579 1752 5646 Comaco,
1799 5590 1855 5635 et

351 5692 377 5720 ι
413 5680 524 5736 Vox
553 5691 825 5751 corrupta.

1947 1879 2053 1934 que
2094 1874 2147 1921 et
2196 1868 2517 1935 perdonato,
2558 1868 2623 1923 de
2652 1870 2990 1938 pastionibus
3026 1879 3081 1926 et
3115 1876 3435 1943 pascuariis,
3465 1877 3533 1932 de

1949 1957 2248 2014 berbaticis
2286 1968 2341 2013 et
2378 1959 2560 2028 pullis,
2589 1961 2656 2016 de
2700 1962 3091 2031 piscationibus
3120 1972 3175 2018 ct
3208 1966 3529 2034 pastionati-

1947 2045 2050 2111 cis,
2081 2045 2135 2101 id
2159 2055 2266 2112 est,
2295 2047 2363 2103 de
2396 2047 2735 2118 glandeticis,
2763 2051 2831 2104 de
2861 2051 3040 2112 melle.
3065 2059 3121 2106 et
3149 2052 3532 2109 collaboratio—

1947 2136 2109 2192 nibus
2142 2152 2264 2206 qua
2299 2138 2354 2192 in
2396 2138 2569 2193 hortis
2597 2147 2757 2205 sunt,
2795 2140 2862 2196 de
2906 2143 3291 2201 nutriminibus
3318 2147 3531 2201 anima-

1947 2225 2079 2282 lium
2111 2236 2164 2282 et
2200 2229 2375 2285 caseis
2404 2230 2495 2299 qui
2539 2229 2694 2296 ﬁunt,
2735 2230 2802 2286 de
2829 2233 3134 2289 vaccaritiis
3158 2234 3538 2303 dominicatjs;

1948 2331 2014 2372 ac
2036 2317 2103 2372 de
2132 2317 2379 2372 omnibus
2408 2320 2799 2374 redditioaibus
2831 2336 2951 2389 qua
2983 2323 3050 2377 ab
3080 2323 3391 2380 hominibus
3419 2341 3535 2379 me-

1948 2415 2170 2462 morata
2196 2409 2384 2462 matris
2426 2409 2671 2464 ecclesia
2714 2410 3071 2480 recipiuntur,
3099 2424 3328 2484 excepto
3360 2417 3535 2472 hosti-

1948 2493 2120 2558 lense,
2156 2495 2209 2548 id
2247 2504 2350 2561 est,
2381 2498 2449 2551 de
2477 2498 2653 2553 bubus
2692 2506 2748 2553 et
2776 2499 3023 2569 conjecto
3061 2502 3128 2556 ad
3171 2516 3359 2558 carros
3404 2520 3536 2559 con-

1947 2586 2249 2641 struendos.
2276 2586 2350 2640 De
2373 2588 2459 2644 his
2486 2596 2666 2643 autem
2696 2589 2950 2645 omnibus
2977 2592 3317 2662 pracipimus
3340 2602 3395 2650 et
3414 2610 3539 2650 cen-

1947 2689 2066 2729 sum
2101 2675 2398 2746 legitinum
2444 2687 2500 2732 et
2540 2692 2713 2734 nonas
2757 2686 2813 2735 et
2852 2680 3089 2737 decimas
3118 2684 3275 2739 annis
3307 2685 3536 2758 singulis

1946 2766 2192 2836 partibus
2236 2768 2565 2838 prascripta
2615 2770 2811 2825 matris
2875 2771 3119 2828 ecclesia
3179 2776 3382 2846 absque
3426 2778 3537 2834 ulla

1946 2856 2263 2912 marritione
2296 2858 2383 2913 vel
2416 2858 2675 2915 dilatione
2716 2860 2964 2928 reddere,
3008 2863 3229 2934 insuper
3264 2874 3541 2922 restaura-

1948 2947 2125 3002 tiones
2147 2956 2255 3003 tam
2281 2949 2334 3002 in
2357 2949 2577 3018 praﬁxa
2599 2950 2827 3006 ecclesia
2848 2968 3012 3022 quam
3036 2954 3093 3009 in
3117 2955 3363 3012 domibus
3379 2958 3539 3029 juxta

1947 3052 2069 3092 eam
2096 3036 2465 3106 adiacentibus
2494 3040 2546 3094 in
2592 3043 2919 3112 tegumentis
2947 3054 3004 3100 et
3039 3038 3529 3106 restauratioaibus

1952 3141 2052 3196 pro
2097 3129 2455 3198 possibilitate
2498 3145 2680 3186 rerum
2721 3147 2859 3202 quas
2889 3135 2944 3189 in
2994 3136 3313 3194 beneﬁcium
3340 3142 3536 3197 exinde

1951 3220 2191 3287 possidet
2221 3219 2400 3276 facere
2446 3238 2553 3276 non
2589 3224 2897 3297 negligatis,
2938 3228 2984 3283 si
3022 3230 3248 3299 gratiam
3295 3242 3537 3289 nostram

1950 3317 2006 3364 et
2051 3312 2243 3367 eadem
2293 3314 2555 3372 beneﬁcia
2599 3319 2971 3390 unusquisque
3032 3325 3287 3378 vestrum‘
3341 3325 3538 3382 habere

1952 3400 2205 3455 voluerit.
2257 3402 2577 3475 Prascripta
2606 3423 2741 3464 vero
2773 3410 3035 3467 beneﬁcia
3083 3413 3207 3469 volo
3247 3424 3307 3470 ut
3356 3415 3546 3474 ﬁdeles

1952 3490 2125 3545 nostri
2164 3493 2475 3562 supradicto
2503 3511 2668 3552 censu
2699 3513 2822 3554 cum
2846 3515 3111 3558 consensu
3137 3512 3194 3559 et
3220 3505 3539 3563 benevolen-

1953 3580 2028 3635 tia
2055 3581 2296 3652 ejusdem
2323 3586 2570 3642 ecclesia
2590 3589 2825 3658 episcopi
2857 3600 3074 3646 teneant
3100 3609 3269 3663 usque
3291 3596 3417 3649 dum
3447 3597 3536 3653 illa

1953 3686 2077 3725 cum
2102 3672 2184 3727 eis
2210 3688 2333 3742 qua
2360 3690 2429 3728 ex
2466 3684 2655 3731 nostra
2681 3679 2897 3734 datione
2925 3681 3125 3736 habere
3156 3683 3402 3738 videntur
3423 3701 3535 3741 mu-

1952 3767 2070 3814 tare
2114 3762 2384 3829 possimus
2411 3773 2469 3818 et
2506 3766 2809 3834 sapedlcta
2853 3770 3097 3825 ecclesia
3136 3787 3256 3842 qua
3293 3774 3439 3843 juste
3481 3785 3541 3831 ct

1952 3846 2213 3918 legitime,
2236 3858 2295 3903 ut
2309 3851 2622 3921 inquisitum
2641 3855 2923 3923 habemus,
2942 3858 3222 3927 debentur,
3238 3864 3541 3922 auxiliante

1952 3940 2200 4007 Domino,
2234 3943 2443 3998 restitui
2494 3952 2656 4014 atque
2695 3948 2923 4005 reddere
2961 3965 3285 4009 mercamur.
3331 3955 3400 4011 Et
3426 3957 3539 4016 hoe-

1951 4030 2202 4087 omnibus
2230 4033 2384 4090 vobis
2426 4044 2611 4091 notum
2658 4038 2766 4103 sit,
2808 4039 2950 4108 quod
2986 4042 3029 4096 si
3065 4041 3262 4113 aliquis
3292 4055 3539 4105 vestrum

1951 4123 2222 4179 exstiterit
2256 4125 2350 4195 qui
2392 4127 2535 4183 hanc
2557 4127 2855 4197 jussionem
2881 4140 3121 4187 nostram
3168 4145 3261 4190 aut
3294 4147 3539 4195 contem-

1953 4214 2130 4270 uendo
2168 4224 2263 4271 aut
2287 4217 2607 4289 negligendo
2634 4220 2927 4290 adimplere
2966 4222 3256 4291 distulerit,
3289 4229 3416 4297 quia
3440 4245 3551 4289 vo—.

1951 4306 2130 4362 lamus
2175 4318 2339 4379 atque
2381 4310 2724 4380 pracipimus
2761 4320 2821 4367 ut
2865 4318 3193 4386 praescripta
3236 4320 3389 4377 urbis
3416 4323 3534 4393 epi-

1953 4415 2149 4470 scopus
2190 4401 2246 4456 in
2269 4400 2394 4469 jure
2439 4402 2680 4472 ejusdem
2721 4405 2966 4462 ecclesia
3010 4409 3204 4464 suain
3251 4426 3405 4467 suam
3446 4415 3537 4470 vel

1952 4491 2335 4547 canonicorum
2377 4507 2597 4547 suorum
2632 4502 2952 4562 potestatem
2985 4497 3071 4552 vel
3113 4499 3536 4559 dominationem

1954 4582 2173 4639 easdem
2214 4598 2304 4639 res
2334 4599 2592 4640 revocare
2621 4583 2777 4641 faciat
2809 4601 2980 4656 usque
3015 4588 3142 4643 dum
3187 4591 3264 4647 illi
3305 4595 3397 4664 qui
3418 4594 3535 4664 jam

1957 4671 2115 4727 dicta
2156 4671 2398 4728 ecclesia
2436 4687 2527 4727 res
2567 4672 2653 4728 vel
2703 4674 2963 4731 beneﬁcia
3018 4688 3200 4733 nostra
3247 4680 3540 4753 largitione

1957 4764 2229 4819 habebant
2252 4766 2308 4819 in
2332 4773 2574 4821 nostram
2600 4766 2817 4824 veniant
2840 4770 3183 4837 praesentiam
3210 4787 3309 4842 pro
3341 4775 3536 4831 eadem

1957 4854 2282 4924 negligentia
2322 4863 2485 4925 atque
2533 4865 2845 4927 contempiu
2894 4859 3128 4915 rationes
3175 4863 3419 4920 reddere.
3466 4867 3536 4922 Et

1955 4943 2250 5012 pravideat
2284 4944 2655 5015 unusquisque
2692 4960 2761 5000 ne
2787 4945 2931 5001 illam
2977 4947 3048 5003 ibi
3094 4950 3279 5007 audiat
3320 4964 3535 5009 senten~

1960 5035 2110 5099 ﬁam,
2135 5033 2238 5100 Qui
2267 5035 2480 5106 negligit
2499 5051 2732 5102 censum,
2754 5039 2937 5109 perdat
2963 5057 3171 5111 agrum,
3198 5050 3254 5098 et
3273 5058 3371 5114 per
3389 5045 3533 5102 hanc

1956 5129 2365 5193 auctoritatem,
2397 5127 2513 5183 sive
2556 5143 2655 5198 pro
2687 5145 2874 5184 eorum
2912 5132 3234 5203 negligentia
3271 5135 3355 5190 vel
3402 5151 3536 5192 con-

1955 5206 2156 5289 temptu
2182 5220 2295 5290 ipsa
2324 5220 2557 5289 perdant
2576 5220 2835 5278 beneﬁcia
2848 5222 2899 5276 ηδ.
2926 5222 2995 5277 Et
3021 5232 3079 5277 ut
3108 5225 3223 5281 hac
3239 5224 3417 5294 iussio
3434 5244 3538 5285 no-

1958 5319 2075 5365 stra
2097 5310 2278 5365 verius
2304 5312 2560 5365 credatur
2579 5321 2634 5365 et
2652 5310 2959 5382 diligentius
2977 5323 3350 5383 conservetur,
3370 5326 3540 5388 atque

1957 5415 2059 5470 per.
2081 5400 2261 5453 omnia
2287 5416 2318 5454 a
2352 5400 2503 5455 vobis
2529 5400 2837 5471 perﬁciatur
2864 5411 2918 5458 et
2946 5400 3153 5459 ﬁrmius
3177 5402 3373 5461 futuris
3402 5417 3540 5462 tem-

1957 5487 2177 5557 poribus
2201 5495 2465 5552 teneatur,
2487 5488 2553 5543 de
2573 5488 2770 5543 annulo
2794 5498 2978 5545 nostro
3000 5493 3184 5548 subter
3205 5494 3303 5552 bas
3325 5495 3535 5553 litteras

1959 5587 2176 5633 nostras
2198 5577 2461 5646 jussimus
2484 5578 2732 5648 sigillari.

2029 5689 2060 5728 δ
2093 5688 2224 5743 Vide
2253 5687 2578 5760 Capitularia
2605 5688 2801 5756 Caroli,
2833 5691 2915 5744 tit.
2942 5692 2995 5756 7,
3022 5706 3072 5747 c.
3101 5691 3187 5747 69.
