4048 6182
496 286 637 347 1223

1642 280 1968 342 LUDOVICI
2006 281 2027 336 I
2064 273 2537 335 COGNOMENTO
2574 272 2658 328 PII

3625 266 3767 321 ιω

565 402 964 458 Hirmiumarus
1003 399 1247 456 notarius
1275 399 1342 455 ad
1367 399 1539 455 vicem
1588 399 1879 455 Theotonis
1925 410 2073 453 reco-
2104 396 2151 455 Α
2182 390 2439 447 Vulvinus
2473 390 2712 453 nomine,
2754 400 2876 441 cum
2912 383 3164 454 episcopo
3204 377 3475 434 Brixiame
3515 377 3774 434 Ecclesiae

490 492 656 563 gnovi
681 500 737 546 et
761 488 1077 559 subscripsi.

568 579 700 632 Data
721 577 765 633 ll
789 575 905 631 Kal.
922 574 1170 640 Januar.,
1192 588 1354 639 anno,
1373 573 1592 631 Christo
1608 575 1863 645 propitio,
1891 572 1957 628 19
1980 573 2079 627 im-

486 670 632 741 perii
654 667 837 724 domui
858 665 1114 724 Ludovici
1138 664 1366 736 piissimi
1389 665 1639 737 Augusti,
1664 664 1966 720 indictione
1988 662 2077 717 10.

494 760 689 814 Actum
717 757 1045 816 Cenomanis
1091 755 1313 812 civitate
1349 755 1406 811 in
1436 755 1532 812 Dei
1573 755 1793 813 nomine
1826 753 2076 810 feliciter.

488 850 690 905 Amen.

1143 934 1427 994 CLXXVI.

601 1046 833 1089 DII’LOIA
858 1044 1113 1086 ιοτιιλῐιιι
1154 1043 1257 1084 PRO
1290 1041 1627 1083 IONASTBRIO
1659 1038 1972 1083 VERONENSI.

1102 1115 1277 1187 (Anno
1310 1115 1463 1186 835.)

661 1206 922 1280 [Ugbelli,
950 1205 1113 1260 Italia
1147 1221 1326 1271 sacra,
1358 1212 1489 1260 tom.
1514 1206 1584 1272 V,
1613 1220 1739 1276 pag.
1766 1203 1915 1275 7I7.]

563 1296 623 1352 In
660 1296 878 1351 nomine
918 1293 1131 1350 Domini
1172 1294 1343 1348 nostri
1377 1291 1506 1349 Iesu
1546 1293 1767 1359 Christi,
1793 1292 2087 1348 Lolharius

492 1389 765 1461 Angustus
786 1386 1123 1444 invictissimi
1146 1385 1347 1441 domini
1368 1386 1713 1457 imperatoris
1732 1384 1989 1440 Ludovici
2022 1383 2085 1437 li-

492 1480 618 1535 lius.

566 1570 839 1641 Quidquid
864 1569 1009 1625 enim
1039 1570 1094 1624 in
1124 1576 1310 1624 nostra
1338 1554 1423 1625 vel
1456 1583 1740 1641 procerum
1773 1576 2085 1625 nostrorum

492 1661 783 1733 prteseutia
820 1669 969 1716 recto
1007 1659 1226 1714 tramite
1258 1660 1555 1715 secundum
1592 1659 1765 1731 legem
1803 1657 2084 1715 deﬁnitum

2180 482 2517 538 Chuniberto
2545 479 2764 535 nomine
2798 481 3248 539 commutaverat,
3283 480 3341 526 et
3378 487 3410 527 e
3445 479 3638 526 contra
3672 468 3772 524 sibi

2179 572 2436 643 placitam
2466 576 2754 642 acceperat
2783 564 3295 624 commutationem:
3319 578 3440 633 qua:
3468 562 3599 617 dum
3621 560 3775 615 utilia

2180 669 2302 733 post
2348 660 2554 731 aliquot
2596 659 2713 714 dies
2756 658 2898 713 idem
2952 654 3213 711 llataldns
3255 668 3440 708 vener.
3486 651 3777 723 episcopus

2179 751 2418 821 praafata:
2452 749 2511 806 S.
2551 747 2786 805 Zenonis
2820 745 3073 802 Ecclesiae
3109 757 3233 800 esse
3268 742 3631 815 cognovisset,
3679 742 3777 797 da-

2180 844 2254 899 tis
2282 843 2337 898 in
2369 839 2870 911 recompensatioue
2897 838 3041 910 pacti
3073 836 3346 908 praedicta:
3388 834 3659 890 Brixianze
3686 848 3777 890 ec-

2181 932 2359 989 clesiae
2401 931 2823 1004 congruentibus
2870 931 3054 992 rebus,
3102 943 3167 983 ac
3210 926 3493 997 mancipiis
3537 941 3568 980 a
3611 925 3777 980 Petro

2181 1025 2453 1096 quondam
2500 1023 2744 1094 ejusdem
2796 1019 3038 1078 ecclesia:
3080 1017 3336 1091 episeopo
3390 1017 3735 1075 commutatis
3755 1058 3797 1087 ,,

2180 1114 2323 1185 pacti
2365 1114 2769 1185 praenominataa
2813 1111 2871 1168 S.
2898 1111 3132 1168 Zenonis
3170 1110 3415 1166 ecclesia:
3446 1107 3776 1178 conquisivit

2181 1204 2249 1260 ad
2272 1204 2576 1260 habendum
2600 1218 2616 1258 :
2638 1204 2733 1259 sed
2756 1203 2884 1274 quia
2908 1201 3071 1274 regiae
3091 1200 3378 1273 potestatis
3407 1200 3610 1255 missus
3636 1198 3777 1252 inter

2181 1297 2281 1352 has
2309 1296 2553 1352 defuerat
2583 1295 3033 1352 commutationes
3063 1308 3164 1363 pro
3201 1290 3509 1364 hujnsmodi
3540 1289 3778 1345 occasio-

2182 1387 2342 1442 nibus
2364 1384 2684 1451 adimendis,
2716 1399 2786 1441 ne
2815 1385 2936 1441 ideo
2961 1385 3028 1439 ab
3054 1383 3244 1439 eadem
3271 1381 3498 1439 ecclesia
3523 1380 3780 1436 auferan-

2183 1486 2294 1544 tur,
2321 1476 2577 1548 quoniam
2605 1476 2849 1548 legaliter
2876 1477 3081 1546 absque
3115 1473 3265 1544 regio
3294 1473 3462 1529 misso
3491 1487 3601 1528 non
3630 1479 3781 1542 pote-

2184 1578 2308 1624 rant
2349 1568 2706 1633 commutari,
2746 1568 2890 1622 hanc
2922 1572 3163 1623 nostram
3201 1563 3582 1619 auctoritatem
3618 1575 3783 1633 super

2181 1659 2438 1731 prmfatas
2466 1658 2922 1716 commutationes
2960 1658 3158 1713 addere
3196 1654 3384 1720 libuit,
3411 1669 3512 1725 per
3534 1669 3676 1725 quas
3693 1653 3783 1723 ju-

494 1755 680 1820 fuerit,
721 1761 938 1828 oportet
974 1753 1175 1807 nostris
1207 1752 1535 1809 conﬁrmare
1570 1751 1826 1815 oraculis,
1865 1759 1928 1805 ut
1958 1750 2083 1821 jure
2116 1771 2157 1829 Β
2186 1751 2377 1807 bemus
2418 1763 2609 1805 sanum
2649 1762 2967 1803 mansurum
2991 1764 3005 1801 :
3028 1746 3303 1802 sancimus
3337 1754 3400 1800 ut
3431 1744 3616 1799 nullus
3650 1743 3781 1800 lide-

494 1847 806 1901 lirlnissimo
852 1852 1070 1899 maneat
1114 1845 1511 1900 inconvulsom.
1561 1845 1727 1917 Igitur
1770 1853 1959 1898 notum
2006 1842 2080 1897 sit

491 1934 735 1988 omnium
770 1932 1008 1989 lldelium
1047 1940 1379 1999 nostrorum,
1406 1936 1754 2005 praesentium
1785 1933 1993 1990 scilicet
2023 1940 2083 1989 et

491 2023 818 2088 futurorum,
855 2022 1163 2093 sagacitati,
1194 2016 1316 2094 quia
1343 2038 1467 2078 eum
1509 2022 1663 2079 missi
1695 2022 1868 2078 nostri
1909 2022 1964 2078 in
1995 2021 2084 2077 Pi-

492 2113 667 2168 scaria
711 2113 779 2167 ad
823 2112 1202 2168 universorum
1241 2127 1439 2168 causas
1473 2112 1799 2178 audiendas,
1835 2119 1892 2167 et
1932 2119 2080 2167 recte

491 2199 693 2275 judicia
724 2200 1064 2255 terminanda
1104 2200 1464 2275 resedissent,
1498 2200 1677 2269 ibique
1709 2200 1934 2259 veniens
1969 2199 2080 2258 Leo

497 2273 689 2356 abbas,
721 2299 777 2345 et
805 2291 1096 2347 advocatus
1120 2290 1305 2347 Sancti
1332 2273 1565 2347 Zenonis
1584 2289 1963 2347 Garimbaldns
1991 2306 2081 2345 no-

491 2382 657 2446 mine,
685 2384 828 2437 uude
861 2382 1001 2436 idem
1036 2381 1148 2437 Leo
1176 2397 1272 2453 per
1299 2383 1696 2438 ordinationem
1737 2380 1954 2436 Rataldi
1992 2397 2082 2435 ve-

492 2472 698 2529 nerabil
709 2473 753 2529 is
778 2473 1015 2545 episcopi
1040 2489 1163 2531 esse
1188 2475 1494 2540 videbatur,
1520 2473 1946 2545 iuterpellavisse
1981 2472 2085 2528 Ra-

494 2564 783 2636 gileusum,
812 2572 867 2620 et
902 2563 1249 2636 Ragipertum
1282 2566 1575 2621 advocatos
1608 2563 1808 2621 Goradi
1844 2564 2079 2626 comitis,

493 2654 762 2720 dicentes,
789 2655 932 2724 quod
956 2669 1083 2725 pars
1116 2655 1325 2726 praefati
1353 2653 1553 2711 Goradi
1582 2654 1775 2710 silvam
1807 2668 1930 2723 quae
1954 2652 2084 2709 dici-

495 2752 586 2799 tur
613 2744 861 2811 Hostilia,
893 2754 950 2801 et
974 2760 1173 2817 pascua
1202 2746 1589 2818 pertinentem,
1612 2753 1667 2801 et
1679 2746 1803 2817 jure
1825 2744 1883 2800 S.
1904 2744 2079 2803 Zeno-

493 2836 580 2891 nis
626 2851 726 2891 suo
759 2834 885 2904 jure
938 2851 1236 2907 occupasse
1284 2837 1471 2892 illicite
1514 2845 1571 2891 et
1620 2844 1812 2892 contra
1871 2836 2077 2907 legem;

493 2942 657 2996 quam
688 2941 803 2981 rem
839 2926 967 2982 dum
998 2926 1208 2998 praelati
1239 2927 1390 2983 missi
1419 2927 1589 2983 nostri
1630 2941 1727 2998 per
1763 2942 1823 2983 se
1856 2925 2081 2982 minime

492 3018 719 3073 delinire
748 3019 1070 3087 potuissent,
1097 3019 1152 3074 in
1177 3029 1419 3076 nostram
1451 3020 1590 3075 hanc
1616 3019 1848 3091 pleuiter
1870 3020 2078 3076 delibe-

2183 1841 2315 1896 lium
2350 1849 2552 1896 sach
2581 1839 2677 1894 Dei
2704 1838 2959 1894 Ecclesiae
2986 1845 3425 1907 nostrorumque.
3455 1836 3527 1891 ab
3562 1836 3695 1891 hinc
3724 1836 3779 1889 in

2185 1940 2347 1986 antea
2389 1930 2516 1986 inde
2553 1929 2789 2000 aliquam
2826 1928 2969 1999 pacti
3012 1942 3159 1999 saepe
3194 1925 3324 1983 dicti
3363 1924 3683 1983 monasterii
3719 1925 3777 1980 S.

2181 2021 2419 2078 Zenonis
2452 2018 2653 2075 inferre
2684 2024 2973 2089 przesumat
3000 2017 3467 2081 contrarietatem,
3496 2014 3593 2071 sed
3624 2016 3782 2071 liceat

2182 2115 2268 2179 ei,
2312 2121 2372 2168 ut
2410 2111 2558 2183 justo
2602 2111 2820 2167 tramite
2876 2109 3197 2180 acquisivit,
3236 2108 3418 2179 quiete
3476 2108 3782 2163 rectoribus

2180 2205 2423 2261 ecclesia:
2469 2204 2725 2260 ordinare
2767 2212 2930 2275 atque
2965 2202 3253 2272 disponere
3272 2200 3545 2283 quidquid
3574 2199 3785 2255 utilitas

2181 2295 2453 2364 praedictae
2502 2292 2790 2348 dictaverit
2832 2291 3097 2349 ecclesiae.
3143 2291 3203 2348 Si
3245 2305 3408 2357 vero,
3452 2291 3599 2360 quod
3643 2289 3785 2345 futu-

2184 2398 2303 2437 rum
2324 2398 2429 2437 non
2445 2383 2740 2447 credimus,
2768 2380 2965 2452 aliquis
2984 2381 3118 2447 dux,
3135 2395 3340 2448 eomes,
3367 2388 3461 2435 aut
3489 2379 3784 2450 cusjulibct

2183 2474 2694 2541 administrationis,
2726 2482 2820 2530 aut
2854 2474 3066 2545 privata
3101 2489 3333 2544 persona
3374 2483 3564 2530 contra
3597 2477 3782 2530 omnia

2183 2563 2492 2636 supradicta
2535 2565 2713 2622 moliri
2756 2563 2956 2636 aliquid
2988 2564 3414 2636 praesumpserit,
3449 2579 3548 2620 seu
3584 2564 3783 2620 infrin-

2182 2671 2331 2728 gere,
2360 2657 2444 2713 vel
2470 2671 2821 2728 corrumpere
2849 2671 2918 2712 ex
2943 2665 3121 2728 parte,
3156 2665 3252 2711 aut
3285 2671 3353 2713 ex
3391 2664 3505 2713 toto
3536 2666 3784 2713 tentare-

2184 2748 2287 2815 rit,
2349 2747 2491 2804 sciat
2533 2764 2595 2804 se
2645 2748 3072 2821 compositurum
3124 2747 3272 2803 mille
3317 2761 3611 2804 mancusos
3659 2745 3785 2803 auri

2182 2839 2393 2910 obryzi,
2432 2838 2781 2896 medietatem
2813 2853 3044 2894 carnem
3083 2845 3301 2902 nostrae,
3341 2844 3400 2893 et
3424 2837 3780 2896 medietatem

2174 2930 2290 3001 jam
2316 2932 2461 2987 (ﬁcto
2493 2930 2825 2986 monasterio
2866 2930 2926 2986 S.
2969 2930 3220 2994 Zenonis,
3264 2930 3311 2985 si
3350 2929 3530 3001 aliqua
3565 2940 3783 2985 contra-

2183 3024 2394 3081 rietatis
2423 3022 2678 3079 violentia
2717 3022 2864 3078 illata
2893 3021 3079 3078 fuerit.
3124 3021 3197 3076 Et
3235 3030 3295 3077 ut
3332 3022 3436 3078 hoc
3471 3022 3780 3077 certissime

498 3110 669 3165 randa
694 3108 958 3177 iussimus
994 3111 1178 3166 venire
1208 3111 1576 3182 prasentiam.
1625 3110 1741 3178 Qua
1764 3109 1831 3165 de
1860 3126 1919 3167 re
1950 3112 2076 3168 dum
2105 3144 2152 3207 Ο
2184 3115 2466 3180 credatur,
2504 3123 2561 3169 et
2602 3113 2915 3184 diligentius
2960 3112 3300 3181 observetur,
3346 3128 3511 3167 manu
3552 3113 3781 3183 propria

493 3199 733 3271 diligenti
762 3199 1001 3256 adhibita
1035 3201 1450 3272 investigatione
1474 3200 1553 3256 rei
1575 3201 1860 3256 veritatem
1900 3200 2079 3271 inqui-

494 3303 759 3353 reremus,
789 3282 980 3344 detulit
1005 3290 1294 3360 praedictus
1324 3291 1492 3347 abbas
1523 3290 1723 3360 optatis
1756 3289 2079 3364 [obtutibus]

495 3378 700 3434 nostris
725 3387 992 3449 prmcepta
1019 3380 1364 3449 antiquorum
1388 3395 1597 3451 regum,
1632 3398 1733 3437 nec
1766 3398 1873 3437 non
1900 3392 1955 3438 et
1985 3382 2082 3439 bo-

496 3486 580 3526 na:
603 3471 878 3526 memoria:
903 3472 987 3526 avi
1013 3472 1184 3527 nostri
1212 3471 1415 3527 domini
1436 3471 1615 3529 Caroli
1643 3476 2080 3544 praestantissimi

496 3561 866 3631 imperatoris,
890 3576 1075 3617 verum
1110 3562 1273 3617 etiam
1307 3571 1366 3618 et
1395 3564 1646 3619 avunculi
1668 3565 1841 3633 nostri
1868 3564 2081 3637 Pipp‘ni

493 3650 765 3720 quondam
804 3651 1024 3723 gloriosi
1058 3652 1223 3725 regis,
1255 3653 1566 3723 dominique
1605 3663 1662 3709 et
1692 3655 1953 3726 genitoris
1986 3672 2083 3712 no-

493 3741 592 3796 stri
634 3739 888 3797 Ludovici
929 3742 1260 3798 serenissimi
1298 3742 1551 3815 Augusti,
1590 3758 1712 3813 qua:
1750 3744 1879 3799 dum
1916 3745 2080 3818 relegi

494 3829 829 3897 fecissemus,
863 3832 1228 3902 comperimus
1250 3830 1398 3901 juste
1424 3840 1481 3888 et
1508 3833 1904 3891 rationabiliter
1921 3846 2081 3905 pacta

492 3922 810 3979 monasterii
841 3920 899 3977 S.
926 3922 1159 3979 Zenonis
1186 3923 1238 3979 in
1268 3924 1518 3981 omnibus
1542 3940 1865 3996 pascuorum
1881 3968 1897 3995 ,
1919 3935 1976 3983 et
1995 3943 2083 3984 ca-

492 4014 626 4085 puli,
670 4028 765 4069 seu
798 4013 1043 4082 ducimur,
1081 4024 1136 4070 et
1175 4031 1390 4073 omnem
1426 4019 1766 4074 exactionem
1809 4020 2082 4090 pertinere

493 4111 698 4181 absque
725 4110 965 4179 qualibet
991 4110 1043 4166 in
1070 4124 1222 4181 parte
1261 4112 1479 4182 aliquod
1518 4111 1898 4170 redhibitionis
1932 4115 2082 4172 debi-

497 4215 631 4270 tum,
670 4206 823 4263 salvo
861 4221 960 4262 suo
993 4206 1119 4276 jure
1155 4208 1209 4262 in
1243 4208 1510 4279 integrum
1537 4208 1830 4273 territorio,
1860 4210 1951 4265 ubi
1980 4209 2083 4265 Ilo-

494 4297 637 4355 stilia
662 4307 1024 4369 nuncupatur,
1055 4299 1210 4370 cujus
1240 4299 1374 4356 lines
1400 4308 1555 4366 sunt,
1593 4315 1625 4356 a
1654 4300 1805 4357 Pado
1832 4316 2006 4372 usque
2027 4302 2080 4358 in

493 4403 743 4460 campum
774 4387 1088 4456 Turmioni,
1117 4399 1173 4445 et
1197 4405 1227 4445 a
1255 4388 1399 4447 fossa
1436 4391 1609 4448 Lubia
1650 4406 1825 4463 usque
1865 4394 1934 4450 ad
1971 4393 2081 4450 los-

494 4496 613 4537 sam
654 4481 903 4554 Regiam,
945 4490 1001 4539 et
1043 4483 1350 4554 pollicinem
1382 4483 1538 4555 juxta
1583 4492 1821 4541 castrum
1862 4485 2076 4542 Reveri.
2106 4479 2159 4539 D

493 4573 725 4644 Ideoque
751 4573 819 4628 ad
850 4573 1133 4644 pnefatum
1168 4582 1418 4630 sanctum
1464 4588 1529 4630 ac
1566 4574 1931 4650 venerabilem
1976 4575 2077 4631 hos

493 4670 695 4717 nostra:
724 4661 1066 4717 auctoritatis
1109 4662 1290 4731 apices
1326 4661 1442 4718 lleri
1478 4661 1761 4731 jussimus.
1801 4678 1899 4734 per
1938 4679 2076 4734 quos

495 4752 698 4821 absque
727 4751 968 4821 qualibet
999 4751 1367 4822 inquietudine
1402 4753 1600 4809 abhinc
1625 4752 1680 4808 in
1706 4752 1944 4809 futurum
1972 4770 2072 4811 no-

494 4849 611 4901 stra
638 4840 962 4896 auctoritate
999 4848 1209 4906 teneat,
1241 4839 1494 4911 justeque
1524 4840 1750 4900 fruendo
1777 4845 2072 4913 possideat.

494 4928 715 4999 Insuper
747 4928 932 4985 retulit
961 4930 1118 4985 nobis
1145 4930 1405 4986 Rataldus
1433 4931 1734 5003 episcopus,
1768 4933 1854 4988 cui
1882 4934 2077 5004 prmia-

494 5031 608 5076 tum
646 5022 1032 5078 monasterium
1072 5030 1261 5079 nostra
1303 5024 1628 5081 auctoritate
1674 5024 1742 5080 ad
1783 5025 2072 5096 regendum

493 5112 845 5168 commissum
876 5120 1016 5177 erat,
1042 5124 1108 5167 eo
1137 5112 1281 5182 quod
1307 5111 1556 5168 Goradus
1577 5128 1761 5170 comes
1785 5114 1995 5183 aliquas
2022 5116 2074 5171 ei

494 5201 692 5259 inferat
731 5211 921 5259 contra
957 5201 1301 5259 causationes
1338 5202 1406 5257 de
1440 5202 1760 5271 quibusdam
1802 5204 1986 5271 rebus,
2019 5214 2077 5261 et

493 5295 797 5366 mancipiis,
840 5310 961 5367 qua:
1007 5292 1138 5351 olim
1182 5292 1546 5365 praedecessor
1590 5293 1802 5365 prtefati
1848 5294 2070 5363 Goradi,

565 5461 592 5492 ι
629 5448 756 5504 Ilaec
788 5450 1012 5506 donatio
1036 5448 1179 5505 facta
1207 5456 1292 5519 est
1335 5464 1367 5504 a
1411 5446 1977 5519 LudoviconAugusto
2016 5449 2070 5505 in

494 5518 722 5589 gratiam
748 5520 972 5575 oratorii
1003 5520 1177 5575 beata:
1206 5518 1414 5585 Mariae,
1445 5519 1590 5589 quod
1639 5517 1922 5574 Hilduinus
1950 5531 2074 5574 ante

495 5586 649 5655 pedes
688 5586 970 5660 beatorum
997 5597 1304 5660 martyrum,
1321 5586 1707 5654 aedificaverat,
1734 5589 1990 5660 nimirum
2014 5590 2070 5660 in

496 5664 684 5725 crypta
707 5658 1081 5726 subterranea,
1116 5658 1208 5713 ubi
1237 5659 1402 5715 etiam
1429 5674 1572 5715 nunc
1592 5659 1893 5714 oratorium
1923 5658 2070 5714 istud

2182 3206 2578 3270 roboravimus,
2607 3213 2675 3281 et;
2697 3204 2881 3261 amiuli
2925 3205 3097 3260 nostri
3140 3204 3495 3275 impressione
3529 3204 3785 3274 insigniri

2176 3292 2461 3364 jussimus.

2253 3386 2647 3443 Dructemirius
2689 3386 3054 3443 subdiaconus
3100 3396 3265 3458 atque
3310 3395 3425 3441 not.
3480 3388 3548 3443 ad
3602 3388 3782 3443 vicem

2186 3477 2561 3534 Ilermenfredi
2602 3478 2816 3549 scripsi.

2253 3570 2390 3624 Data
2420 3584 2552 3625 xvm
2582 3568 2701 3623 Kal.
2735 3568 2924 3636 Febr.,
2948 3584 3115 3637 anno,
3136 3570 3361 3627 Cirristo
3396 3570 3657 3641 propitio,
3681 3572 3786 3624 im.

2182 3659 2319 3731 perii
2345 3660 2490 3715 dom.
2522 3658 2777 3715 Ludovici
2821 3660 3156 3715 serenissimi
3194 3661 3438 3730 imperat.
3466 3659 3557 3715 20.
3586 3669 3647 3714 et
3677 3660 3785 3714 Lo-

2185 3749 2351 3804 tharii
2384 3750 2472 3809 11.
2512 3750 2700 3806 indict.
2726 3750 2785 3804 11
2826 3749 2962 3823 [12].
3011 3750 3205 3806 Actum
3242 3750 3471 3806 Mantum
3493 3751 3545 3805 in
3570 3751 3783 3821 palatio

2182 3841 2328 3913 regis
2359 3842 2412 3897 in
2442 3842 2537 3898 Dei
2569 3843 2789 3901 nomine
2811 3843 3060 3900 feliciter.
3083 3842 3277 3898 Amen.

2822 3957 3126 4014 CLXXVII.

2498 4062 2599 4104 Ριιο
2633 4062 2973 4104 κοκλετειιιο
3010 4061 3444 4104 ελκυιοκγεηδο.

2791 4139 2968 4211 (Anno
3000 4137 3154 4207 855.)

2566 4244 2817 4286 LUDOVICI
2863 4244 2974 4284 111³.
3014 4243 3368 4286 PRECEP‘I’UI.

2182 4316 2500 4374 Mintriacus
2535 4319 2593 4374 in
2620 4336 2756 4391 pago
2786 4319 3095 4391 Parisiensi
3124 4319 3384 4375 Hilduino
3419 4319 3602 4375 abbati
3637 4318 3776 4375 Dio-

2655 4391 2878 4460 nysiano
2901 4390 3211 4445 conceditur
3238 4405 3288 4444 ι.

2354 4477 2532 4551 [Apud
2561 4478 2789 4545 Mabill.,
2813 4479 2880 4534 de
2904 4478 2979 4532 Re
3003 4479 3247 4550 diplom,
3282 4495 3406 4550 pag.
3435 4478 3530 4535 5H
3547 4480 3591 4551 .]

2254 4570 2311 4624 lu
2341 4570 2559 4625 nomine
2600 4569 2812 4625 Domini
2844 4568 2939 4623 Dei
2969 4577 3025 4624 et
3072 4569 3372 4626 Salvatoris
3413 4570 3591 4625 nostri
3640 4567 3789 4625 Iesu-

2182 4661 2382 4718 Christi
2411 4660 2737 4727 Ludovicus,
2756 4661 2939 4716 divina
2968 4661 3256 4719 ordinante
3280 4661 3644 4733 providentia,
3668 4661 3776 4716 im-

2182 4761 2403 4822 perator
2425 4752 2723 4823 Augustus.

2253 4831 2631 4900 Sollicitu'dine
2651 4844 2917 4915 imperiali
2946 4854 3004 4901 et
3028 4843 3355 4902 Christianae
3378 4844 3659 4917 religionis
3682 4861 3773 4900 ar—

2182 4934 2315 4991 dore
2343 4950 2409 4992 ac
2433 4935 2617 4992 cultus
2643 4936 2811 4992 divini
2839 4936 3022 4993 studio
3066 4952 3452 5007 permonemur
3473 4951 3576 5007 pro
3604 4951 3781 4992 vene-

2183 5024 2433 5080 rabilium
2461 5024 2701 5082 locorum
2727 5026 2968 5096 cogitare
2990 5024 3285 5097 augmento
3302 5035 3360 5082 et
3380 5042 3645 5082 mansuro
3662 5036 3775 5080 sta-

2181 5115 2498 5183 bilimento,
2555 5116 2811 5186 quoniam
2862 5116 3226 5188 spiritualium
3281 5118 3634 5189 praernion
3680 5129 3774 5172 est

2180 5211 2569 5277 muniﬁcentia,
2601 5226 2725 5267 cum
2747 5211 2843 5267 Dei
2869 5212 2923 5266 in
2953 5210 3196 5267 Ecclesia
3220 5211 3341 5281 ‘piis
3366 5218 3424 5265 et
3449 5209 3586 5265 locis
3614 5225 3789 5264 rere»

2180 5301 2520 5358 rendissimis
2552 5316 2583 5358 a
2618 5303 2776 5359 nobis
2822 5301 3043 5359 Christo
3069 5302 3292 5372 auspice
3315 5307 3587 5372 potestate
3614 5314 3775 5355 eom—

2177 5457 2387 5513 visitur.
2413 5454 2491 5511 De
2514 5453 2822 5519 Mintriaco,
2847 5453 3033 5525 Mitry,
3063 5454 3268 5525 mentio
3295 5460 3381 5509 est
3406 5453 3464 5525 in
3481 5451 3664 5525 libello
3687 5450 3771 5505 De

2178 5525 2535 5607 translatione
2564 5525 2735 5581 sancti
2933 5521 3081 5579 num.
3112 5524 3177 5579 16
3206 5525 3262 5578 in
3285 5522 3470 5579 saeculi
3506 5537 3562 5577 tv
3585 5521 3765 5577 Bene-

2178 5596 2368 5653 dictini
2389 5603 2544 5666 parte
2574 5610 2625 5662 ι,
2654 5609 2757 5666 pag
2787 5594 2910 5650 555.
