4006 6178
344 388 359 441 l
369 388 467 444 255

1452 377 1843 436 DH’LOMATA
1886 375 2441 434 ECCLESIASTlCA.

3442 372 3577 427 ΗΜ

397 503 624 571 Signum
644 497 894 552 Lotbarii
915 482 1256 565 imperatoris
1281 494 1616 550 invictissimi
1644 491 1889 563 Augusti.
1923 494 1971 552 Α
1996 491 2164 562 gilius
2181 492 2350 547 abbas
2369 506 2477 545 una
2500 506 2622 544 cum
2651 489 2846 552 Furvo,
2877 498 2933 543 et
2954 486 3092 544 Urse
3118 488 3394 541 advocatis
3419 502 3579 542 suos:

395 592 679 646 Protomus
701 586 1064 652 subdiaconus
1089 593 1253 655 atque
1276 585 1522 640 notarius
1545 583 1759 653 scripsi.

396 683 527 736 Data
552 694 597 745 tt
617 674 1080 739 NonasOctobris,
1107 689 1270 738 anno,
1294 673 1494 728 Christi
1510 673 1760 743 propitio,
1773 671 1898 738 835,

337 772 535 844 imperii
556 770 620 826 D.
644 767 884 826 Lotharii
906 766 1248 837 imperatoris
1269 765 1353 831 i3,
1380 764 1564 820 indict.
1588 764 1642 828 ι,
1667 765 1899 836 δραι...

338 865 385 921 lu
410 864 505 919 Dei
534 862 750 918 nomine
774 858 1026 917 feliciter.

950 944 1272 1004 CLXXXIII.

775 1056 878 1097 ΡΜ)
910 1056 1159 1097 εριεεοιιο
1195 1056 1448 1095 ΔΒΕἸῚΝΟ.

944 1130 1117 1203 (Anno
1147 1130 1296 1201 853.)

341 1226 462 1282 Acta
493 1224 868 1305 conquerente.
887 1225 1023 1305 inter
1058 1221 1272 1305 Petrum
1304 1221 1675 1305 episgoptintdd
1686 1223 1906 1304 retinent

399 1305 445 1350 et
493 1294 742 1365 Vigilium
782 1294 1018 1375 abbatem
1062 1291 1362 1349 monasterii
1404 1292 1464 1346 S.
1507 1291 1767 1373 Anthemii
1781 1307 1906 1412 ,ΕΡνο

399 1366 712 1412 innnasterin
742 1360 799 1412 S.
832 1359 975 1412 Petri
1004 1362 1069 1412 de
1095 1362 1230 1412 Am.
1257 1378 1433 1412 coram
1456 1360 1755 1412 Aamrando
1828 1359 1906 1412 lo—

399 1359 723 1441 monoiterio
742 1360 799 1418 S.
832 1359 977 1441 Petri
1004 1362 1069 1415 de
1090 1362 1230 1441 fixo,
1257 1360 1764 1441 σε)πίνη-Αειξρνᾳῃίέο⁸
1781 1359 1879 1413 Flo

400 1436 600 1488 rentin
628 1433 851 1504 aliisque
876 1433 1128 1504 episcopis
1152 1440 1201 1485 et
1226 1431 1398 1504 missis
1428 1429 1662 1504 Loih'arii
1690 1429 1718 1483 Ι
1746 1430 1904 1501 impe-

397 1504 606 1568 ratoris,
638 1500 1158 1572 cunt'sententia’pro
1192 1503 1431 1572 episeopo
1459 1500 1694 1555 Aretino.

333 1593 505 1666 [Apud
532 1591 825 1656 Iuratori,
880 1591 1137 1661 Antiquit.
1170 1589 1348 1645 Italic.
1391 1599 1520 1646 tom.
1556 1590 1622 1656 ν,
1665 1605 1719 1659 p.
1751 1588 1903 1660 θη]

394 1684 450 1739 In
479 1683 576 1738 Dei
612 1682 832 1737 nomine
867 1697 967 1752 per
986 1681 1443 1737 excellentissimo
1477 1683 1656 1738 denuo
1689 1691 1742 1737 et
1781 1681 1908 1751 piis-

332 1772 446 1828 simi
472 1778 531 1827 et
555 1787 588 1826 a
616 1770 730 1827 Deo
760 1778 1023 1827 coronato
1044 1770 1288 1826 Hlotario
1312 1771 1555 1842 Augusto
1581 1784 1778 1843 magno
1806 1772 1907 1826 im-

2008 600 2029 632 ιε
2073 582 2287 637 Veritas
2325 589 2445 645 est,
2486 581 2611 651 quia
2657 580 2918 636 habemus
2957 588 3011 635 et
3052 588 3297 634 tenemus
3344 583 3583 648 predicto

2003 673 2332 729 monasterio
2381 672 2553 728 sancti
2594 671 2739 726 Petri
2786 671 2852 727 de
2901 672 3046 726 Axso
3091 687 3213 726 cum
3260 672 3582 741 pertinentia

2002 779 2123 829 sua,
2153 764 2247 819 sed
2278 779 2385 819 non
2415 772 2601 820 contra
2644 763 2780 835 lege,
2812 779 2911 819 nec
2951 763 3091 819 malo
3118 762 3363 829 hordine,
3391 780 3489 834 pro
3519 780 3586 820 eo

2002 854 2144 924 quod
2191 871 2318 911 ecce
2366 862 2674 926 preceptum
2728 863 2916 909 sancte
2961 853 3355 909 recordationis
3400 854 3582 908 (iouini

2004 945 2184 1002 Caroli
2226 947 2336 1017 regi
2382 961 2477 1016 pre
2512 946 2760 1000 manibus
2784 946 3067 1009 habemus,
3109 945 3342 1016 qualiter
3362 959 3461 1014 pro
3489 959 3585 1001 sua

2006 1039 2203 1094 mercis
2224 1053 2322 1108 per
2344 1039 2492 1094 locas
2516 1039 2827 1109 designatas
2860 1038 3130 1094 concessit
3149 1037 3319 1109 Cugiu
3343 1037 3457 1101 illo,
3493 1026 3598 1132 φη(

2004 1136 2228 1184 vocatur
2254 1129 2532 1195 Ciciliano,
2577 1130 2643 1184 ad
2670 1138 2824 1199 parte
2854 1130 3025 1186 sancti
3067 1129 3311 1194 Antemi,
3356 1138 3411 1184 et
3444 1129 3599 1185 infra"

2005 1220 2150 1288 ipsas
2186 1219 2333 1274 locus
2372 1219 2681 1289 designatas
2714 1220 2832 1289 ipso
2873 1220 3202 1276 monasterio
3229 1229 3313 1275 est
3341 1229 3585 1275 constru—

2004 1320 2171 1366 ctum.
2209 1330 2229 1363 ι
2265 1310 2333 1364 Ει
2358 1312 2485 1365 dum
2530 1310 2686 1365 nobis
2729 1311 3077 1380 suprascripti
3114 1311 3262 1366 missi
3308 1312 3424 1380 ipso
3459 1325 3585 1379 pre-

2005 1410 2161 1470 cepto
2191 1401 2355 1471 relegi
2400 1402 2825 1457 iecissernus.....
2856 1403 2911 1457 in
2933 1398 3337 1472 cum,'qualiter
3359 1403 3588 1458 domnus

2007 1491 2233 1547 Carolus
2255 1507 2348 1547 rex
2379 1501 2723 1548 concesserat
2750 1492 3120 1563 suprascripto
3141 1491 3313 1562 Cugio
3343 1492 3407 1546 ad
3437 1500 3588 1562 parte

2007 1589 2181 1644 sancti
2206 1588 2443 1653 Antemi,
2470 1604 2566 1659 per
2592 1589 2737 1645 locas
2761 1588 3158 1644 denominative
3182 1589 3507 1659 designatas,
3535 1595 3589 1641 et

2007 1681 2144 1735 inira
2174 1680 2322 1736 locas
2365 1681 2675 1753 designatas
2705 1681 2992 1752 quodquod
3033 1688 3375 1737 concesserat
3418 1682 3586 1736 deno-

2008 1772 2254 1827 minatim
2279 1780 2641 1827 concesserat.
2670 1771 2777 1827 Sed
2807 1773 3028 1827 minime
3058 1773 3253 1827 ibidem
3281 1773 3589 1827 continebat

330 1870 595 1930 per-atere,
622 1861 817 1917 directi
840 1861 1130 1917 fuissemus
1155 1877 1256 1917 nos
1283 1851 1619 1933 Agiprandus
1644 1876 1669 1904 ι
1705 1869 1906 1917 sanctis
1939 1852 1979 1911 Β
2007 1864 2075 1921 de
2092 1865 2404 1934 snpradicto
2432 1865 2760 1921 monasterio
2783 1866 2952 1920 sancti
2979 1864 3124 1920 Petri
3155 1866 3220 1918 ad
3250 1864 3416 1930 Axso,
3445 1867 3586 1933 quod

331 1954 632 2010 Florentiae
654 1954 897 2011 Ecclesie
918 1955 1220 2027 episcopus,
1252 1971 1347 2011 sco
1369 1955 1562 2011 Petrus
1588 1965 1773 2011 sancte
1798 1956 1904 2011 γο-

329 2046 637 2103 loterrensis
668 2047 909 2105 Ecclesia
950 2048 1254 2119 episcopus,
1294 2064 1395 2121 pro
1430 2064 1595 2105 causa
1632 2049 1776 2105 beati
1808 2048 1905 2103 Do-

330 2138 437 2193 nati
472 2137 692 2196 Aretine
729 2138 1000 2204 Ecclcsie,
1041 2148 1099 2195 et
1137 2139 1354 2205 Pctroni
1395 2142 1629 2212 episcopi
1653 2139 1902 2209 ejusdem

328 2227 571 2291 ecclesie,
603 2230 984 2299 inquirendum
1014 2229 1157 2283 inter
1184 2230 1358 2301 ipsum
1385 2230 1673 2286 Petronem
1699 2230 1904 2301 episeo-

327 2335 473 2389 pum,
503 2337 606 2377 nec
631 2337 736 2377 non
760 2331 813 2377 et
837 2321 1065 2393 Vigilius
1089 2324 1255 2377 abbas
1279 2338 1344 2378 ex
1376 2323 1706 2378 monasterio
1732 2324 1901 2377 sancti

328 2411 536 2469 Antemi
577 2415 855 2470 territorio
889 2414 1131 2471 Clusino.
1178 2413 1248 2470 Et
1285 2417 1409 2470 dum
1440 2417 1904 2487 coniunxissemus

330 2498 467 2556 Sena
506 2503 744 2567 civitate,
775 2512 832 2560 et
861 2506 1237 2562 resederemus
1262 2522 1360 2562 nos
1397 2508 1449 2561 in
1482 2506 1685 2575 judicio
1714 2509 1903 2564 Domni

328 2593 469 2651 Sena
509 2605 565 2651 et
592 2596 863 2664 Ecclesia,
913 2613 1019 2653 una
1065 2614 1189 2654 cum
1226 2599 1547 2656 venerabilis
1587 2601 1904 2658 Anastasius

324 2686 610 2758 episcopus
639 2687 888 2756 ejusdem
906 2690 1134 2755 civitati,
1166 2704 1258 2744 sco
1283 2690 1562 2746 Adelricus
1582 2706 1898 2749 eomes......

330 2774 601 2831 Walchari
868 2779 1120 2835 seavinus
1162 2781 1401 2850 prcdicte
1440 2782 1693 2847 civitatis,
1743 2790 1904 2853 atque

329 2865 485 2929 Dato,
515 2865 802 2933 Cristiano,
838 2867 1166 2935 Alexandro,
1205 2869 1476 2928 Odeli‘rido
1507 2874 1740 2930 scavinis
1763 2874 1901 2931 Are-

328 2953 443 3008 tiae
463 2954 719 3021 civitatis,
747 2956 1015 3027 simulque
1045 2959 1236 3029 Ringo,
1268 2960 1494 3017 Rodolfo
1522 2963 1754 3019 scavinis
1779 2966 1904 3021 Vul-

326 3047 661 3103 terrunensis
692 3066 705 3102 :
739 3049 868 3105 bubi
896 3057 952 3105 et
988 3052 1268 3107 nobiscum
1302 3054 1527 3110 aderant
1565 3054 1816 3121 Wilerus,
1849 3064 1903 3112 et

322 3136 590 3194 Anserum
639 3140 709 3196 de
762 3140 939 3209 Sena,
992 3143 1341 3215 Anseprand,
1391 3146 1709 3215 Camarino',
1759 3150 1899 3204 vassi

318 3226 500 3291 damni
530 3230 895 3301 imperatoris,
914 3231 1220 3304 Ansiprand
1244 3244 1299 3292 et
1322 3236 1581 3294 Theudici
1608 3242 1895 3311 germanis,

323 3316 621 3385 Perisindo,
645 3329 702 3376 et
720 3321 1032 3379 Lundil'redi
1053 3328 1345 3396 germanis,
1364 3328 1589 3400 Angela,
1613 3331 1900 3389 Francico-

322 3421 445 3472 nus,
695 3411 840 3467 cives
880 3412 1097 3480 Aritini,
1135 3416 1497 3487 Guiprandus,
1538 3422 1620 3477 vel
1665 3423 1903 3494 reliquos

322 3495 505 3563 plures
526 3498 772 3557 homines
798 3503 1010 3559 habiles
1027 3513 1136 3560 tam
1162 3507 1477 3566 Franciscos
1498 3528 1659 3582 quam
1684 3523 1739 3570 et
1764 3515 1901 3571 Lan-

318 3586 642 3655 gobardicos
677 3592 756 3647 de.
792 3594 1019 3664 singulis
1064 3600 1306 3666 prediete
1344 3602 1670 3660 civitatibus.
1715 3606 1900 3675 Ibique

318 3687 447 3729 ante
484 3693 583 3734 nos
618 3695 806 3737 omnes
835 3684 1057 3737 veniens
1097 3684 1381 3741 Patronem
1420 3693 1729 3761 episcopum
1766 3693 1900 3750 Arc-

318 3764 432 3820 tine
454 3766 692 3823 Eeclesie
704 3784 807 3823 una
821 3772 1242 3842 eunt-Wileriud,
1257 3784 1312 3830 et
1323 3778 1515 3848 Agimu
1523 3782 1627 3836 udo
1640 3779 1749 3838 lilio
1763 3784 1907 3841 bone

320 3855 584 3910 memorie
613 3856 973 3929 Taebiprandi
999 3863 1066 3917 de
1109 3862 1273 3930 Sena,
1321 3883 1413 3923 sco
1444 3868 1748 3941 Agimundo
1790 3872 1900 3930 filio

318 3941 462 3996 bone
501 3944 762 4000 memorie
807 3946 1095 4019 Aripraudi
1135 3952 1204 4009 de
1243 3953 1419 4011 Aritio
1442 3998 1457 4021 ,
1506 3952 1750 4015 advocati
1793 3963 1897 4030 sui,

315 4031 691 4088 causationem
719 4035 981 4093 habentes
1008 4050 1196 4097 contra
1224 4046 1526 4114 predictum
1556 4047 1782 4121 Vigiiius
1806 4053 1900 4110 ab-

318 4121 420 4176 bas
458 4137 532 4209 ex
570 4128 899 4185 monasterio
925 4133 1098 4188 sancti
1125 4135 1338 4191 Antemi
1358 4177 1374 4204 ,
1420 4138 1526 4195 site
1547 4141 1696 4198 Valle
1718 4143 1895 4201 St.....

315 4213 612 4300 terretorio
649 4214 902 4284 Clusino;
943 4235 1038 4277 seo
1062 4222 1357 4281 Furvo.....
1387 4227 1647 4300 Seneuse,
1676 4242 1733 4290 et
1765 4234 1901 4293 Urse

314 4298 387 4355 de
417 4295 625 4368 Clusio,
663 4305 909 4364 advocati
952 4311 1177 4379 predicti
1224 4320 1539 4375 monasterii
1569 4295 1642 4376 etv
1669 4324 1849 4381 abbati
1880 4319 1895 4382 Ξ

311 4403 583 4462 ceperunt
600 4396 685 4453 bis
702 4398 805 4469 ipsi
823 4400 1101 4461 Willeriud
1117 4414 1172 4462 et
1185 4407 1489 4478 Agimundo
1509 4396 1688 4471 dicere
1710 4426 1897 4475 contra

311 4484 546 4551 predicti
570 4487 815 4545 advocati
848 4494 1020 4549 sancti
1054 4494 1308 4553 Antemi:
1340 4518 1363 4551 1
1400 4500 1558 4559 Parte
1587 4511 1899 4566 monasterii

308 4574 494 4628 sancti
519 4574 851 4635 Antemi.....
879 4582 1089 4650 abbati,
1116 4593 1308 4644 contra
1345 4588 1475 4660 lege
1507 4600 1566 4648 et
1602 4596 1745 4651 malo
1777 4599 1903 4654 hor-

309 4660 449 4716 dine
494 4664 839 4735 invaserunt,
868 4678 927 4727 et
960 4673 1320 4734 detinuerunt
1360 4686 1690 4741 monasterio
1731 4692 1903 4747 sancti

309 4749 467 4849 Petri
499 4754 564 4808 de
594 4754 742 4814 Axso
765 4775 887 4849 cum
917 4765 1240 4832 pertinentia
1261 4785 1359 4825 sua
1392 4813 1406 4827 .
1438 4776 1578 4832 unde
1602 4781 1900 4849 querimus,

309 4846 377 4891 ut
412 4839 556 4897 inter
581 4858 680 4902 nos
705 4847 901 4905 exinde
927 4851 1190 4921 judicium
1217 4856 1376 4923 detis,
1407 4868 1462 4915 et
1479 4839 1750 4930 justiiiam
1785 4839 1901 4924 ﬁeri

311 4930 536 5025 faciatis
562 4935 629 4990 ad
656 4946 811 5007 parte
847 4944 1019 4999 sancti
1048 4946 1264 5016 Donati,
1306 4952 1431 5020 quia
1476 4953 1683 5025 legibus
1726 4962 1899 5016 sancti

308 5021 515 5080 Donati
542 5030 821 5097 pertinuit.
855 5053 875 5087 ι
909 5034 991 5092 Ad
1019 5047 1211 5095 contra
1250 5021 1642 5113 responderunt
1668 5048 1781 5118 ipse
1814 5051 1902 5106 V'i—

336 5195 740 5287 ,__'_I.J§‘!‘?'."“§
768 5204 856 5287 id
903 5207 1020 5287 ιιωρ
1049 5218 1294 5287 “’me
1319 5215 1631 5287 episcopum
1671 5220 1898 5279 Floren-

336 5265 350 5277 .
392 5229 419 5236 -
466 5229 740 5269 usucutua
788 5229 856 5260 au
903 5229 1020 5263 ιιωο
1049 5229 1294 5281 tempora
1409 5232 1631 5287 scopum
1671 5229 1896 5279 Floren-

302 5274 496 5321 tinum
516 5267 726 5339 profert
754 5271 1129 5348 Aliprandum,
1177 5283 1289 5338 sive
1319 5229 1712 5346 eigzimbaldum.
1763 5291 1896 5348 Cer-

306 5290 496 5321 uuum
518 5290 726 5339 proteri
754 5290 1129 5396 nilinranoum,
1177 5290 1289 5338 sive
1337 5290 1712 5346 Rambaldum.
1763 5291 1894 5348 Cer-

300 5350 542 5425 g‘anum
569 5355 810 5425 nomen}
852 5360 1028 5425 tusﬁex
1054 5348 1154 5403 ista
1183 5353 1370 5425 charta
1400 5357 1712 5425 ediscimus,
1748 5363 1894 5417 vide-

304 5404 465 5493 licet
490 5406 905 5493 iAgiprandum;
942 5404 1244 5493 Praeterea"
1264 5404 1894 5485 ﬁnesid-si

300 5481 628 5566 Episcopus,
661 5481 1107 5566 eiiicm_Ugbellio
1145 5489 1381 5566 ignotus,
1402 5481 1897 5566 adjungendus—erit

302 5505 628 5555 Ῡνιδυυμιιδ,
661 5505 836 5537 cinctu
864 5505 1107 5555 uguetuo
1145 5505 1381 5611 Ἰςιιοιυε,
1402 5505 1773 5566 adjungendus
1792 5505 1896 5556 erit

302 5555 685 5631 inﬂppsterum
713 5551 961 5624 catalogo
987 5571 1158 5631 praesa
1184 5576 1271 5631 um
1290 5562 1455 5631 illius"
1478 5567 1648 5631 urbis,
1682 5578 1738 5625 et
1788 5571 1896 5625 for-

298 5618 488 5700 ﬁssis
526 5618 649 5699 inde
690 5618 1221 5700 expungeuduscrit
1266 5630 1521 5700 Thomas,
1546 5618 1648 5692 “ad
1686 5618 1895 5696 annum

830 5682 1039 5750 CW"
1067 5697 1242 5774 δηιηβο
1278 5682 1521 5774 M187
1547 5682 1892 5772 ιιῖῑιίξξξιῖςίςξῑ

298 5762 698 5827 controversia
726 5762 836 5833 illa,
860 5780 1167 5839 quanquam
1187 5770 1333 5827 inter
1356 5762 1491 5830 duas
1504 5762 1895 5838 ecclesiasticas

2009 1972 2130 2011 eum
2163 1957 2522 2014 concessisset
2543 1998 2556 2022 ,
2594 1958 2735 2012 sicut
2762 1965 2817 2011 et
2851 1957 3109 2027 reliquas,
3144 1956 3283 2026 quod
3319 1959 3369 2012 in
3399 1958 3587 2012 eodem

2007 2045 2286 2118 legebatur
2308 2057 2582 2119 precepto.
2628 2048 2692 2103 Et
2735 2048 2861 2102 dum
2902 2057 3215 2119 preceptum
3246 2049 3417 2117 ipsum
3448 2049 3587 2103 rele-

2005 2144 2153 2192 ctum
2182 2136 2397 2201 i‘uisset,
2420 2148 2547 2194 tunc
2576 2139 2689 2208 ipse
2720 2138 2978 2193 Wilcriud
3007 2146 3062 2194 et
3102 2138 3403 2210 Agimundo
3424 2138 3589 2194 advo-

2007 2229 2115 2283 cati
2142 2228 2415 2285 dixerunt.
2449 2249 2467 2279 ε
2505 2229 2666 2286 Certe
2694 2240 2950 2301 precepto
2989 2231 3093 2286 isto
3115 2246 3215 2286 nec
3245 2231 3417 2296 nobis,
3462 2247 3589 2287 nec—

2005 2330 2112 2384 que
2136 2317 2203 2370 ad
2228 2327 2383 2386 parte
2411 2319 2583 2372 sancti
2617 2304 2832 2373 Donati
2853 2319 2999 2373 nulla
3028 2320 3269 2389 impedit,
3297 2322 3422 2389 quia
3449 2322 3589 2390 quod

2007 2405 2304 2469 concessit,
2338 2405 2669 2460 nominative
2695 2408 2984 2462 concessit.
3012 2406 3079 2461 Et
3104 2408 3149 2463 si
3177 2415 3305 2463 tunc
3336 2408 3450 2478 ipso
3478 2425 3587 2464 mo-

2007 2496 2251 2552 nasterio
2293 2496 2522 2551 domnus
2564 2497 2792 2554 Carolus
2836 2513 2931 2553 rex
2976 2499 3273 2555 concedere
3310 2499 3587 2565 voluisset,

2007 2588 2342 2644 nominative
2380 2602 2503 2643 eum
2535 2588 2912 2656 concessisset,
2959 2589 3118 2645 sicuti
3145 2596 3202 2646 et
3242 2590 3476 2660 reliquas
3504 2606 3590 2646 res

2005 2687 2064 2735 et
2089 2694 2279 2735 causas
2305 2680 2595 2736 concessit.
2630 2701 2647 2733 ο
2679 2680 2889 2737 Dictum
2912 2688 2995 2738 est
3022 2682 3142 2739 hoc.
3169 2681 3318 2739 Tunc
3360 2697 3458 2738 nos
3503 2697 3588 2739 su-

2005 2771 2293 2841 prascripti
2323 2771 2472 2827 missi
2497 2780 2553 2827 et
2568 2770 2782 2840 judices
2823 2772 3274 2844 interrogavimus
3301 2774 3416 2843 ipso
3445 2773 3586 2845 Vigi-

2008 2864 2080 2919 lio
2108 2865 2298 2930 abbas,
2345 2872 2402 2920 et
2447 2864 2814 2935 suprascripto
2856 2862 3132 2921 Advocato
3159 2865 3292 2935 ejus,
3345 2873 3400 2922 et
3443 2867 3587 2923 dixe—

2006 2963 2132 3011 runt
2161 2974 2173 3010 :
2208 2973 2229 3006 ι
2434 2970 2620 3012 eorum
2650 2971 2777 3013 ecce
2800 2965 3083 3028 postquam
3108 2970 3361 3030 precepto
3390 2960 3495 3015 isto
3522 2961 3588 3016 ad

2006 3046 2110 3101 ista
2148 3044 2288 3100 ratio
2319 3045 2462 3101 nulla
2493 3047 2853 3116 inpedit.......
2884 3048 3051 3115 tione,
3077 3064 3176 3120 pro
3200 3065 3304 3120 qua
3329 3050 3469 3106 ratio
3495 3060 3589 3107 aut

2006 3137 2073 3192 ad
2110 3145 2264 3207 parte
2298 3138 2472 3192 sancti
2511 3136 2725 3193 Antemi
2767 3146 2964 3207 teneat,
3006 3147 3100 3195 aut
3132 3140 3289 3197 istius
3324 3141 3525 3198 abbati.
3565 3164 3584 3195 ι

1960 3234 1972 3254 ⁸
2006 3228 2158 3284 Tunc
2188 3228 2305 3300 ipse
2332 3229 2502 3285 abbas
2536 3230 2899 3302 interrogatus
2923 3233 3095 3289 dixit:
3128 3251 3147 3285 σ
3174 3232 3332 3289 Certe
3360 3235 3588 3291 domnus

2003 3320 2228 3378 Carolus
2272 3336 2369 3376 rex
2407 3336 2529 3377 eum
2574 3324 2844 3380 concessit
2888 3326 2942 3381 in
2983 3325 3246 3383 beneﬁcio
3289 3343 3387 3398 per
3429 3343 3587 3384 suum

2002 3422 2315 3484 preceptum
2346 3415 2671 3471 'l‘animundi
2702 3418 2973 3486 quondam
3012 3420 3511 3493 abbatiysimulquc
3536 3428 3587 3476 et

2002 3509 2141 3564 bone
2168 3511 2426 3565 memorie
2453 3511 2795 3581 Apoilcnaris
2821 3513 3023 3567 abbati.
3054 3513 3256 3568 Deinde
3281 3530 3404 3569 eum
3440 3512 3585 3584 posti

2002 3602 2219 3655 modum
2243 3602 2375 3655 mihi
2420 3603 2691 3658 concessit
2730 3604 2783 3657 in
2830 3603 3107 3658 beneficio-
3122 3605 3352 3659 domnus
3385 3604 3585 3661 Hludo—

2002 3688 2230 3753 wicbus,
2264 3698 2322 3743 et
2356 3690 2632 3746 illotarius
2660 3692 3017 3761 imperatores
3046 3709 3146 3749 nec
3174 3710 3278 3749 non
3307 3712 3405 3766 pro
3430 3705 3584 3766 parte

2003 3779 2175 3833 sancti
2201 3778 2437 3835 Antemi.
2471 3800 2489 3834 ι
2519 3780 2585 3835 Et
2612 3781 2739 3836 dum
2766 3781 2948 3839 taliter
2968 3783 3212 3848 dixisset,
3237 3786 3597 3857 interrogavi-

2005 3884 2125 3924 mus
2146 3884 2290 3936 eum,
2328 3886 2388 3926 se
2417 3884 2673 3943 precepta
2705 3874 2943 3944 ipsorum
2980 3876 3361 3947 imperatorum
3396 3875 3584 3933 fuisset

2003 3966 2095 4013 aut
2115 3960 2169 4013 in
2191 3976 2538 4018 successores
2559 3980 2743 4020 eorum
2768 3972 2861 4019 aut
2886 3966 2940 4020 in
2964 3974 3118 4036 parte
3143 3968 3314 4023 sancti
3335 3968 3583 4034 Antemi;

2001 4057 2055 4105 et
2088 4066 2109 4100 ε
2142 4059 2290 4107 certe
2303 4053 2534 4110 minime
2558 4056 2611 4109 in
2642 4071 2983 4112 successores
3011 4072 3195 4112 eorum
3228 4057 3582 4114 fuerunt......

2001 4140 2104 4197 nisi
2132 4142 2278 4198 solus
2306 4144 2360 4199 hi
2390 4145 2653 4202 ambobus
2680 4163 2868 4203 eorum
2893 4149 3160 4219 personis,
3191 4156 3245 4204 et
3276 4150 3407 4205 mihi
3441 4150 3582 4206 solus

1999 4248 2096 4306 per
2116 4233 2382 4291 beneﬁcio
2408 4242 2492 4291 est
2513 4250 2848 4302 concessum,
2879 4238 3165 4301 curulium
3190 4239 3295 4296 alio
3332 4249 3581 4312 precepto

1999 4326 2195 4383 exinde
2219 4341 2326 4382 non
2353 4327 2642 4383 habeo.....
2674 4330 2741 4386 de
2770 4330 2884 4401 ipso
2908 4330 3097 4403 Cugio.
3132 4351 3154 4383 ι

2069 4416 2182 4473 Hoc
2209 4414 2356 4474 dicto
2377 4424 2435 4473 et
2458 4418 2690 4475 refutato
2708 4460 2722 4485 ,
2755 4429 2883 4476 tunc
2912 4420 3027 4491 ipse
3060 4420 3253 4477 Petrus
3298 4422 3581 4493 episcopus

1926 4539 1980 4598 Β
2004 4522 2129 4576 sepe
2150 4508 2295 4562 dicte
2319 4506 2577 4564 Ecclesiae
2602 4510 3139 4567 ostenditindiculum
3158 4511 3387 4582 piissimi
3422 4514 3577 4568 dom-

2004 4600 2729 4672 niiilothariiimpcratoris.
2770 4603 2872 4670 Qui
2927 4603 3052 4660 dum
3109 4604 3264 4660 nobis
3320 4604 3579 4663 relectum

2007 4691 2217 4756 fuisset,
2243 4691 2558 4747 continebat
2581 4693 2634 4747 in
2664 4708 2748 4757 ea,
2790 4694 3023 4763 qualiter
3043 4695 3160 4765 ipse
3192 4696 3423 4752 domnus
3466 4696 3579 4752 Au-

2003 4782 2342 4853 gusto‘nobis
2364 4782 2656 4854 Agiprandi
2691 4792 2745 4837 et
2773 4783 2993 4840 Petroni
3023 4785 3257 4856 episcopi
3277 4786 3580 4857 iniunxerat

2004 4875 2179 4945 adque
2206 4873 2534 4937 innouierat,
2562 4875 2705 4944 quod
2751 4875 2943 4932 Petrus
2974 4877 3258 4947 episcopus
3304 4879 3369 4936 de
3405 4879 3580 4935 Aritio

2003 4965 2175 5019 eidem
2215 4965 2538 5028 innotuerat,
2593 4964 2828 5035 qualiter
2867 4967 3096 5040 Vigilius
3149 4970 3340 5035 abbas,
3363 4972 3579 5041 quando

2002 5057 2266 5123 cellulam,
2297 5072 2419 5128 qua:
2452 5066 2535 5114 est
2561 5065 2874 5115 constructa
2904 5059 2957 5116 in
3005 5076 3174 5118 onore
3207 5063 3381 5119 sancti
3427 5062 3575 5119 Petri

2128 5232 2537 5318 onas'agitata,”
2552 5233 2766 5318 iudices
2788 5236 2977 5318 habuit
3005 5238 3202 5293 missos
3238 5239 3348 5293 sive
3359 5238 3575 5318 legatos

2041 5303 2236 5377 otharii
2266 5303 2781 5377 [AugustiLNeque
2806 5307 2949 5360 enim
2983 5321 3230 5377 reponas,
3266 5303 3455 5363 ambos
3479 5324 3575 5365 eos

1990 5370 2200 5447 judiccs
2222 5370 2511 5447 episcopali
2535 5370 2797 5447 dignitate
2818 5370 3069 5447 ornatos}
3114 5377 3380 5447 judicium
3426 5380 3572 5436 enim

1996 5440 2126 5494 illud
2162 5457 2267 5517 non
2299 5440 2537 5517 propria,
2562 5440 2925 5517 aenidelcgata
2964 5440 3133 5517 ipsius
3180 5447 3422 5504 Lotharii
3469 5451 3573 5506 im-

1994 5511 2260 5582 peratoris
2282 5510 2611 5582 auctoritate
2639 5512 2674 5567 ii
2734 5510 3104 5582 instituerunt,
3155 5528 3209 5574 et
3246 5520 3569 5575 sententiam

1995 5580 2337 5664 tulerunt..l‘t.l
2357 5581 2781 5664 quippe‘aperte
2797 5594 3015 5641 constat
3032 5580 3099 5664 es
3148 5604 3290 5664 stupe
3343 5590 3570 5664 repetita

1992 5648 2222 5729 formula
2266 5648 2406 5733 illa}
2441 5648 2932 5724 juxta'jussionem
2976 5666 3023 5712 et
3072 5648 3359 5714 indicit/um
3389 5648 3569 5714 donaui

1992 5730 2340 5791 imperatoris.
