4048 6182
451 368 589 425 Ηὸθ

1569 355 1889 416 LUDOVICI
1929 357 1949 412 ι
1987 355 2464 415 ΟΟΟΝΟΜΕΝἹῸ
2502 355 2589 413 PII

3575 354 3721 410 ιω

446 477 649 534 dicitur
671 474 917 537 Hostilia,
947 482 1004 528 et
1029 487 1247 543 pascua,
1279 470 1606 541 pertinentia
1633 486 1700 526 ex
1717 469 1842 541 jure
1884 468 2023 524 San-
2049 472 2100 532 Α
2197 469 2568 526 Dractemirua
2595 455 2957 526 subdiaconus
2979 477 3142 541 atque
3167 470 3417 525 notarius
3446 469 3517 524 ad
3541 469 3723 526 vicem

401 556 403 559 ’
447 569 520 623 cti
549 566 780 620 Zenonis
809 579 908 618 suo
939 562 1062 631 jure
1089 568 1409 631 occupasset
1437 559 1621 614 illicita
1641 569 1696 614 et
1732 567 1920 614 contra
1949 558 2026 614 lei-
2127 558 2501 616 llermenfredi
2537 560 2754 630 scripsit

448 672 590 727 gem.
622 653 795 722 Quam
824 667 940 708 rem
981 651 1108 706 dum
1152 649 1349 722 prefati
1405 649 1557 704 missi
1602 649 1773 704 nostri
1825 664 1923 720 per
1970 665 2030 704 se

2199 649 2332 703 Data
2357 664 2490 704 xvtn
2516 648 2785 704 Kalendas
2805 649 3114 716 Februarii,
3146 665 3312 716 anno,
3342 650 3563 708 Christo
3592 665 3727 722 pro-

450 746 670 800 minime
698 741 931 800 dillinire
963 742 1282 813 potuissent,
1324 743 1378 796 in
1403 751 1645 798 nostram
1666 743 1770 799 huc
1802 742 2033 812 plenitﬂ
2129 740 2284 810 pitio,
2311 739 2523 809 imperii
2547 740 2727 794 domui
2769 739 3031 795 Ludovici
3060 741 3395 797 serenissimi
3427 743 3727 812 imperato-

448 832 794 889 dclilzeranda
825 830 1085 900 jussimus
1113 831 1298 886 venire
1323 831 1685 902 praesentiam.
1713 830 1829 897 Qua
1859 831 1926 885 de
1974 844 2032 884 re

2132 829 2208 883 ris
2231 829 2300 883 20
2324 836 2380 884 et
2404 828 2648 884 Lotharii
2699 829 2787 895 ll,
2812 830 3107 885 indictione
3142 832 3230 885 ll.
3277 833 3477 887 Actum
3500 833 3722 888 Mantua

450 927 577 980 dum
617 913 858 996 diligenti
891 915 1131 978 adhibita
1165 921 1577 992 investigatione
1620 922 1697 976 rei
1746 922 2031 976 veritatem
2130 921 2332 992 palatio
2355 922 2503 992 regio
2531 922 2587 976 iu
2615 921 2711 976 Dei
2736 923 2955 977 nomine
2977 921 3230 979 feliciter.
3263 924 3460 979 Amen.

449 1015 906 1086 perquireremus.
938 1053 953 1068 .
981 1053 994 1066 .
1031 1053 1046 1068 .
1079 1051 1093 1066 .
1125 1052 1140 1067 .
1170 1051 1185 1067 .
1210 1013 1500 1083 praedictus
1541 1011 1710 1068 abbas
1757 1012 2034 1067 obtutibus

450 1106 651 1162 nostris
692 1112 964 1176 praecepta
1013 1103 1358 1174 antiquorum
1414 1117 1624 1172 regum,
1681 1117 1780 1156 nec
1826 1117 1931 1156 non
1980 1110 2037 1157 et

451 1199 604 1251 bona
634 1195 912 1251 memoria:
936 1193 1022 1248 avi
1047 1193 1220 1249 nostri
1247 1193 1429 1248 domui
1458 1192 1635 1247 Caroli
1689 1191 2034 1261 praestantis-

450 1289 573 1342 simi
612 1285 973 1356 imperatoris,
1013 1299 1202 1340 verum
1247 1284 1413 1339 etiam
1455 1292 1512 1337 et
1559 1282 1809 1336 avunculi
1863 1281 2036 1336 nostri

450 1379 660 1452 Pippini
688 1378 960 1449 quondam
987 1376 1206 1450 gloriosi
1233 1376 1396 1447 regis,
1423 1374 1719 1444 domuique
1747 1381 1802 1428 ct
1825 1372 2038 1445 genito-

451 1475 529 1530 ris
564 1471 739 1529 nostri
777 1469 1034 1526 Ludovici
1073 1466 1409 1525 serenissimi
1436 1464 1689 1536 Augusti.
1726 1463 1858 1531 Qua:
1909 1463 2036 1519 dum

451 1566 616 1637 relegi
643 1563 982 1628 fecissemus,
1014 1560 1377 1632 comperimus
1393 1558 1540 1628 juste
1564 1566 1618 1610 et
1645 1554 2041 1610 rationabiliter

450 1657 591 1727 parti
620 1653 932 1710 monasterii
951 1651 1124 1707 sancti
1160 1649 1394 1706 Zenonis
1441 1648 1496 1702 in
1537 1646 1787 1701 omnibus
1810 1659 2040 1716 pascua-

2771 1013 3080 1070 CLXXXV.

2134 1120 2235 1160 ιιιιο
2266 1119 2604 1161 ιιοῖυιετειιιο
2623 1118 3111 1162 ιικετιιωειλιιιωι
3136 1123 3477 1164 τιεικειιειυι
3507 1125 3718 1166 βοωςι.

2745 1197 2920 1268 (Anno
2958 1198 3112 1271 sas.)

2369 1285 2546 1357 [Apud
2574 1285 2852 1352 Maratori,
2885 1287 3041 1353 ibid:,
3079 1298 3118 1344 t.
3148 1290 3212 1356 ν,
3237 1305 3294 1361 p.
3325 1291 3478 1363 55L]

2206 1375 2264 1430 In
2292 1377 2512 1432 nomine
2532 1377 2745 1432 Domini
2788 1379 2963 1433 nostri
2991 1377 3119 1434 Jesu
3153 1379 3355 1436 Christi
3383 1383 3475 1438 Dei
3503 1385 3726 1451 :eterni,

2136 1465 2425 1522 Lotbarius
2451 1467 2726 1538 Augustus
2776 1468 3117 1524 invictissimi
3153 1470 3337 1526 domui
3371 1472 3728 1543 imperatoris

2139 1555 2395 1611 Ludovici
2418 1555 2580 1612 ﬁlius.
3309 1604 3314 1608 .

2209 1646 2343 1701 Cum
2369 1645 2722 1717 petitionibus
2743 1658 3097 1706 servorumet
3112 1650 3429 1706 ancilla-um
3453 1653 3548 1709 Dei
3562 1653 3731 1722 iustis

455 1761 570 1801 rum
615 1753 671 1800 et
695 1742 872 1814 capuli
919 1758 1016 1798 seu
1065 1742 1310 1807 decimae,
1340 1751 1397 1795 et
1434 1754 1650 1794 omnem
1697 1736 2036 1791 exactionem
2139 1745 2204 1792 et-
2233 1737 2589 1793 rationalibus
2617 1738 2785 1794 divini
2822 1740 3004 1796 cultus
3029 1757 3217 1798 amore
3245 1742 3507 1811 favemus,
3539 1763 3733 1817 super-

453 1835 729 1906 pertinere
756 1835 960 1903 absque
996 1832 1300 1902 qualibetiu
1323 1840 1476 1902 parte
1499 1829 1701 1900 aliquid
1723 1828 2039 1884 redhibitio:
2066 1820 2112 1879 Β
2140 1828 2193 1882 ni
2222 1829 2463 1883 muneris
2505 1828 2705 1883 donum
2753 1830 2909 1886 nobis
2934 1848 2964 1886 a
3004 1831 3232 1888 Domino
3257 1834 3521 1904 impertiri
3551 1837 3736 1892 credi-

453 1929 538 1984 nis
575 1929 816 1984 debitum
853 1927 1000 1982 salvo
1039 1941 1139 1981 suo
1163 1924 1287 1994 jure
1329 1925 1382 1978 in
1431 1924 1700 1994 integrum
1743 1920 2038 1986 territorio,

454 2021 545 2076 ubi
573 2019 801 2076 Hostilia
848 2027 1211 2088 nuncupatur,
1262 2016 1417 2087 cujus
1460 2015 1596 2070 ﬁnes
1640 2024 1768 2070 sunt
1819 2028 1850 2068 a
1893 2013 2041 2069 Pado

455 2127 626 2184 usque
646 2113 700 2168 in
727 2113 902 2182 Caput
935 2110 1224 2175 'I‘urnioni,
1249 2117 1305 2164 et
1343 2124 1374 2163 a
1418 2107 1586 2163 Fossa
1657 2106 1826 2162 Lubia
1870 2120 2041 2175 usque

456 2207 524 2261 ad
553 2206 777 2262 Fossam
803 2204 1027 2277 Regiam
1053 2211 1110 2258 et
1137 2201 1446 2258 Pollicinem
1462 2199 1616 2270 juxta
1651 2198 1899 2254 Castrum
1929 2197 2039 2253 Re-

455 2296 591 2351 veriz
615 2295 845 2366 Ideoque
871 2295 940 2349 ad
960 2292 1245 2365 prtefatum
1275 2300 1524 2348 sanctum
1562 2305 1627 2347 ac
1671 2286 2040 2344 venerabilem

458 2389 557 2442 bos
594 2394 794 2442 nostra:
831 2387 1170 2441 auctoritatis
1217 2385 1397 2456 apices
1454 2383 1570 2439 ﬁeri
1607 2380 1890 2452 iussimus,
1947 2395 2043 2448 per

455 2493 592 2548 quos
619 2477 823 2548 absque
850 2476 1091 2547 qualibet
1120 2474 1494 2546 inquietudine
1529 2474 1596 2528 ab
1631 2473 1761 2528 hinc
1801 2471 1855 2525 in
1899 2469 2043 2525 futu-

460 2585 581 2626 rum
608 2577 798 2625 nostra
827 2567 1154 2624 auctoritate
1175 2575 1377 2631 teneat,
1393 2566 1647 2637 justeque
1672 2561 1898 2619 fruendo
1916 2575 2044 2632 pos-

459 2661 657 2716 sideat.
683 2661 910 2732 Insuper
934 2660 1119 2716 retulit
1144 2659 1298 2714 nobis
1331 2658 1593 2713 Rataldus
1624 2655 1929 2725 episcOpus,
1954 2653 2043 2709 cui

459 2751 743 2823 praefatum
763 2751 1153 2809 monasterium
1180 2758 1366 2805 nostra
1393 2747 1716 2804 auctoritate
1757 2745 1822 2799 ad
1862 2759 2046 2815 regen-

462 2847 590 2903 dum
618 2845 971 2902 commissum
998 2852 1140 2910 erat,
1167 2857 1232 2898 eo
1255 2841 1400 2914 quod
1444 2840 1690 2896 Goradus
1728 2852 1912 2894 comes
1946 2835 2044 2890 ali-

468 2956 606 3012 quas
641 2939 691 2995 ei
731 2937 926 2995 inferat
977 2945 1169 2993 contra
1219 2935 1560 2992 causationes
1608 2933 1677 2988 de
1719 2929 2044 3002 quibusdam

463 3033 626 3088 rebus
655 3039 711 3087 ct
737 3029 1040 3100 mancipiis,
1079 3043 1200 3098 quae
1248 3026 1374 3082 olim
1418 3025 1786 3096 praedecessor
1830 3017 2044 3092 przefati

463 3122 660 3178 Boradi
713 3121 976 3177 Vulvinus
1020 3119 1240 3174 nomine
1291 3132 1414 3172 cum
1474 3115 1726 3186 episeopo
1774 3109 2044 3166 Brixiana:

465 3215 718 3271 Ecclesiae
738 3212 1068 3270 Clmuiberto
1095 3212 1310 3268 nomine
1336 3215 1780 3272 commutaverat,
1806 3214 1861 3261 et
1877 3219 2051 3260 econd

468 3317 550 3361 tra
590 3305 692 3360 sibi
739 3304 994 3373 placitam
1049 3309 1332 3371 acceperat
1372 3298 1870 3355 commutationem.
1918 3295 2051 3361 Qum

467 3399 593 3452 dum
622 3395 774 3449 utilia
808 3402 934 3463 post
953 3393 1160 3463 aliquot
1183 3393 1302 3446 dies
1337 3392 1476 3445 idem
1521 3389 1780 3445 Rataldus
1824 3401 2052 3443 venera-

467 3486 593 3544 bilis
627 3485 915 3557 episcopns
935 3483 1173 3554 praefata:
1210 3483 1379 3538 sancti
1407 3482 1640 3536 Zenonis
1659 3479 1914 3536 Ecclesia
1931 3493 2051 3535 esse

469 3577 831 3651 cognovisset,
856 3576 999 3631 datis
1025 3576 1078 3630 in
1110 3572 1608 3644 recompensatione
1630 3572 1770 3643 parti
1798 3571 2051 3642 predictae

469 3671 730 3726 Brexanae
757 3667 1014 3726 Ecclesia:
1036 3664 1458 3738 congruentibus
1482 3665 1643 3720 rebus
1674 3670 1729 3719 et
1769 3664 2053 3734 mancipiis

471 3778 502 3817 a
526 3749 690 3820 Petro
726 3761 1000 3833 quondam
1035 3757 1276 3828 ejusdem
1315 3757 1572 3814 Ecclesiae
1620 3755 1871 3829 episeopo
1907 3770 2054 3812 com-

473 3858 788 3914 mutatitinls
823 3858 1012 3914 ordine
1036 3857 1176 3929 parti
1219 3855 1621 3927 prtenominatre
1669 3855 1841 3909 sancti
1887 3853 2054 3909 Zeno-

473 3951 557 4006 nls
584 3939 838 4006 Ecclesia:
864 3947 1190 4030 Conquisivit
1211 3947 1278 4002 ad
1308 3944 1636 4001 habendum.
1662 3941 1767 3998 Sed
1803 3942 1929 4014 quia
1971 3958 2052 3997 re-

473 4040 574 4110 gia:
602 4038 887 4111 potestatis
922 4037 1120 4094 missus
1141 4036 1280 4092 inter
1302 4037 1402 4090 has
1449 4033 1697 4090 defuerat
1750 4041 2052 4089 commuta-

473 4131 672 4195 tiones,
723 4143 824 4202 pro
868 4128 1174 4199 hujusmodi
1215 4125 1591 4182 occasionibus
1630 4124 1948 4188 adimendis,
1989 4139 2056 4179 ne

473 4221 594 4277 ideo
617 4221 686 4275 ab
711 4219 899 4275 eadem
924 4214 1162 4273 Ecclesia
1185 4209 1521 4282 auferantur,
1544 4213 2058 4287 quoniamlegallter

475 4316 680 4384 absque
713 4312 864 4383 regio
889 4311 1056 4367 misso
1091 4325 1198 4365 non
1237 4311 1486 4382 poterant
1531 4303 1874 4372 commutari,
1918 4307 2058 4362 banc

475 4413 715 4462 nostram
739 4402 1111 4459 auctoritatem
1142 4415 1304 4470 super
1324 4398 1573 4471 prazfatas
1609 4398 2058 4462 commutationes

476 4497 674 4552 addere
705 4493 884 4559 libuit,
911 4508 1007 4564 per
1036 4485 1172 4564 quas
1191 4490 1462 4560 jubcmus,
1484 4499 1536 4545 et
1565 4505 1877 4546 mansurum
1933 4505 2054 4545 san~

475 4589 672 4652 cimus,
699 4593 758 4641 ut
786 4585 964 4641 nullus
993 4583 1228 4640 ﬁdelium
1255 4591 1453 4638 sanctae
1501 4582 1592 4637 Dei
1642 4580 1915 4647 Ecclesiae,
1961 4597 2058 4636 no~

476 4686 819 4744 strorutnquc
841 4675 910 4728 ab
947 4669 1075 4727 hinc
1119 4672 1172 4726 in
1227 4678 1386 4724 antea
1436 4669 1560 4724 inde
1619 4669 1854 4739 aliquam
1921 4673 2060 4739 parti

478 4783 620 4840 smpe
641 4765 772 4822 dicti
795 4763 979 4820 Sancti
999 4761 1233 4818 Zenonis
1278 4759 1477 4815 inferre
1504 4768 1796 4832 praesumat
1846 4771 2061 4815 contra-

477 4861 725 4918 rietatem
775 4857 871 4915 sed
920 4855 1084 4912 liccat
1107 4855 1178 4919 ei,
1209 4863 1269 4909 ut
1297 4852 1444 4922 justo
1492 4852 1707 4908 tramite
1753 4853 2059 4924 acquisivit,

476 4953 660 5023 quieta
705 4947 1013 5006 rectoribus
1053 4945 1222 5016 ipsius
1280 4943 1537 5000 Ecclesia:
1592 4944 1847 5000 ordinare
1900 4953 2064 5012 atque

477 5045 764 5115 disponere
789 5039 1050 5112 quidquid
1080 5037 1283 5092 utilitas
1325 5037 1594 5106 prndium:
1631 5036 1918 5090 dictaverit
1964 5035 2065 5090 Ec-

477 5133 677 5191 clesiae.
705 5130 764 5188 Si
801 5143 954 5193 vero,
983 5125 1126 5197 quod
1169 5120 1409 5179 futurum
1458 5137 1565 5180 non
1618 5125 1910 5189 Credimus,
1941 5125 2066 5178 “ali-

478 5225 600 5297 quis
624 5223 755 5289 dux,
777 5235 983 5286 comes,
1009 5226 1103 5274 aut
1131 5211 1422 5287 cujuslibet
1448 5209 1952 5280 administrationis,
1971 5224 2068 5270 aut

480 5316 688 5387 privata
719 5328 950 5385 persona
999 5318 1189 5367 contra
1232 5307 1413 5363 omnia
1473 5306 1843 5382 suprascripta
1889 5305 2067 5362 moliri

481 5407 688 5481 aliquid
723 5403 1149 5477 przesumpse‘rit,
1200 5415 1294 5456 seu
1331 5398 1638 5471 infrangere
1685 5397 1770 5453 vel
1821 5412 2066 5452 corrum-

481 5513 612 5569 pere
659 5511 728 5554 οι
771 5505 945 5568 parte,
1003 5500 1098 5550 aut
1150 5507 1216 5547 ex
1275 5497 1388 5546 toto
1444 5489 1756 5556 tentaverit,
1810 5487 1947 5544 sciat
2008 5502 2068 5544 se

484 5587 911 5659 compositurum
940 5577 1088 5642 mille
1117 5597 1402 5640 maneosos
1447 5581 1566 5636 auri
1617 5579 1826 5650 obryzi,
1871 5577 2067 5634 medie-

486 5685 658 5733 tatem
693 5677 938 5734 icamerie
995 5687 1219 5741 nostris,
1269 5685 1324 5731 et
1381 5673 1724 5730 medietatem
1768 5669 1882 5740 jam
1922 5669 2067 5725 dicto

489 5768 846 5837 monasterio,
873 5775 978 5826 etc.

2141 1933 2281 1973 ntus.
2309 1918 2519 1975 Idcirco
2545 1929 2730 1976 notum
2758 1923 2832 1977 sit
2849 1924 3092 1978 omnium
3113 1934 3318 1980 sanctae
3349 1927 3446 1980 Dei
3467 1927 3734 1984 Ecclesia

2139 2011 2487 2080 praesentium
2529 2019 2584 2067 et
2627 2011 2934 2069 futurorum
2986 2015 3242 2083 solertiae,
3305 2017 3542 2087 qualiter
3596 2021 3732 2075 Asia

2141 2103 2470 2159 venerabilis
2505 2105 2779 2161 abbatissa
2826 2122 2895 2162 ex
2930 2111 3245 2164 monasterii
3302 2110 3520 2176 Dodosi,
3580 2114 3737 2182 quod

2141 2203 2226 2250 est
2245 2195 2409 2250 situm
2437 2195 2581 2254 intra
2603 2213 2788 2254 muros
2810 2199 3047 2254 civitatis
3066 2199 3268 2272 Papiae,
3297 2210 3540 2257 nostram
3567 2204 3737 2272 petiit

2141 2285 2486 2342 clementiam
2520 2287 2742 2352 obnixe;
2778 2297 2842 2344 ut
2879 2291 3128 2347 eumdem
3179 2295 3566 2348 monasterium
3621 2310 3738 2350 una

2142 2392 2267 2432 cum
2304 2376 2486 2432 omnia
2516 2378 2619 2432 sibi
2669 2380 2998 2450 pertinentia
3028 2382 3131 2437 sub
3165 2392 3365 2446 nostra
3417 2383 3743 2444 emacitatis

2143 2470 2371 2527 tuitioue
2413 2486 2478 2526 ac
2514 2469 2830 2528 defensione
2867 2475 2939 2529 ob
2992 2480 3232 2531 amorem
3269 2477 3364 2533 Dei
3391 2486 3448 2532 et
3476 2493 3742 2535 reverend

2145 2561 2278 2616 tia
2300 2563 2470 2616 sancti
2487 2561 2589 2618 loci
2605 2562 2751 2618 illius
2767 2566 3207 2636 prmciperemus.
3223 2568 3389 2639 Cujus
3406 2571 3742 2640 petitionem

2144 2651 2376 2708 libenter
2416 2655 2811 2724 acquievimus,
2841 2665 2894 2711 et
2935 2657 3010 2712 ita
3041 2667 3101 2713 ut
3143 2660 3302 2730 petiit
3334 2663 3742 2729 concessimus,

2145 2752 2310 2814 atque
2331 2759 2431 2814 per
2456 2745 2560 2800 hoc
2589 2753 2833 2800 nostrum
2875 2747 3154 2818 imperiale
3179 2761 3507 2822 praecepta
3533 2753 3743 2809 conﬁr-

2146 2837 2435 2893 mavimus.
2471 2837 2813 2910 Quapropter
2847 2841 3210 2912 praecipimus,
3261 2851 3320 2898 ut
3368 2845 3572 2911 nullus,
3621 2855 3740 2902 etc.

2147 2928 2255 2985 Sed
2321 2930 2481 2987 liceat
2520 2940 2835 2987 memoratae
2881 2933 3196 3000 abbatissa,
3256 2938 3742 2995 successoribusve

2148 3023 2262 3080 suis
2289 3039 2377 3080 res
2403 3025 2643 3096 pradicti
2675 3027 2991 3083 monasterii
3019 3026 3123 3083 sub
3147 3009 3521 3086 immanitatis.
3545 3031 3742 3088 defen-

2150 3115 2318 3172 sionis
2340 3125 2539 3172 nostra:
2557 3117 2740 3187 quiete
2765 3127 2819 3174 et
2844 3119 3038 3174 ordine
3062 3121 3362 3192 possidere,
3389 3132 3448 3178 et
3472 3124 3740 3194 quidquid

2150 3209 2345 3263 exinde
2377 3207 2536 3264 ﬁscus
2567 3218 2755 3266 noster
2794 3226 3014 3280 sperare
3061 3222 3293 3285 poterat,
3320 3223 3607 3271 totumnos
3629 3233 3744 3287 pro

2148 3301 2352 3356 acterna
2401 3297 2836 3358 remuneratione
2863 3298 3089 3376 przefato
3119 3307 3450 3362 monasterio
3484 3309 3746 3364 concedi-

2149 3407 2289 3455 mus,
2338 3401 2397 3446 ut
2437 3391 2490 3446 in
2519 3392 2770 3450 alimonia
2810 3391 3127 3451 ancillarum
3173 3396 3268 3452 Dei
3295 3397 3497 3453 ibidem
3523 3399 3623 3454 sub
3653 3414 3746 3454 re

2149 3481 2272 3552 gula
2304 3485 2475 3538 sancti
2502 3483 2778 3541 Benedicti
2802 3485 2913 3540 Deu
2936 3482 3334 3554 famulantium,
3363 3497 3470 3545 etc.
3503 3489 3745 3548 Merum-

2152 3593 2283 3632 num
2333 3593 2546 3650 quoque
2582 3579 2951 3635 venerabilem
2997 3580 3248 3636 abbatem
3293 3574 3348 3636 in
3377 3582 3565 3637 eodem
3617 3584 3744 3639 loco

2152 3668 2534 3725 constituimus
2598 3669 2985 3741 inspectorem,
3037 3678 3306 3740 quatenus
3364 3670 3548 3726 diebus
3612 3671 3745 3728 vita:

2153 3774 2264 3814 sua:
2292 3757 2472 3814 studio
2499 3758 2553 3813 in
2572 3758 2826 3815 omnibus
2870 3758 3158 3831 regulaibi
3187 3767 3514 3831 exsequatur
3553 3763 3743 3818 sancti

2154 3857 2452 3923 Benedicti,
2479 3864 2586 3914 etc.

2224 3947 2448 4018 Signum
2471 3941 2712 4003 Lotharii
2736 3944 3110 4017 gloriosissimi
3135 3945 3380 4019 Augusti.

2223 4039 2548 4096 Luitbcasus
2574 4040 2644 4095 ad
2669 4031 2842 4095 vicem
2871 4038 3213 4096 Ermenfredi
3247 4040 3558 4112 recognovi.

2228 4135 2360 4189 Data
2403 4148 2472 4187 xv
2502 4131 2771 4188 Kalendas
2801 4131 2990 4196 Maias,
3022 4147 3189 4199 anno,
3219 4131 3436 4188 Christo
3476 4133 3743 4204 propitio,

2154 4225 2216 4280 ‘2l
2249 4225 2458 4296 imperii
2506 4225 2691 4281 domni
2718 4225 2970 4282 Ludovici
3012 4226 3344 4282 serenissimi
3375 4227 3747 4296 imperatoris,

2157 4317 2414 4388 regnique
2442 4317 2685 4373 Lotharii
2715 4318 3090 4390 gloriosissimi
3135 4317 3363 4390 Augusti
3391 4320 3446 4375 iu
3469 4319 3627 4375 Italia
3651 4321 3748 4387 ll,

2160 4407 2457 4462 indictione
2487 4407 2573 4461 ll.

2226 4499 2421 4557 Actum
2445 4498 2609 4575 Papia
2642 4501 2882 4566 civitate,
2922 4501 3120 4572 palatio
3148 4501 3379 4572 publico.

2786 4592 3117 4648 CLXXXVI.

2379 4699 2479 4740 PRO
2507 4700 2784 4741 IAXBN'I'IO
2812 4702 3150 4743 PATRIARCIA
3179 4701 3528 4754 Αρυιιιιειιει.

2777 4773 2949 4847 (Anno
2979 4769 3128 4848 833.)

2417 4859 2594 4937 [Apud
2621 4864 2898 4928 Muratori,
2925 4865 3078 4930 ibid,
3114 4875 3154 4920 t.
3183 4867 3246 4930 ν,
3277 4883 3328 4937 p.
3368 4865 3517 4939 917.]

2238 4953 2292 5013 lu
2319 4957 2538 5013 nomine
2566 4956 2778 5011 Domini
2816 4957 2984 5019 nostri
3011 4953 3138 5011 Iesu
3173 4956 3376 5012 Christi
3407 4957 3501 5012 Dei
3531 4959 3751 5020 merui.

2167 5047 2458 5104 Lotliarius
2479 5048 2754 5120 Augustus
2788 5047 3128 5104 ittvictiSsimi
3165 5049 3367 5104 domini
3405 5049 3760 5119 imperatoris

2169 5137 2427 5194 Ludovici
2471 5130 2633 5192 ﬁlius.
2665 5131 2724 5192 Si
2749 5151 2876 5208 erga
2904 5131 3018 5191 loca
3042 5129 3244 5193 divinis
3284 5137 3518 5193 cultibus
3544 5141 3746 5194 manci-

2165 5236 2291 5300 pata
2324 5236 2546 5298 propter
2587 5242 2828 5282 amorem
2857 5226 2974 5291 Dei,
3013 5225 3241 5298 ejusque
3274 5228 3328 5283 in
3356 5228 3566 5284 eisdem
3619 5229 3758 5286 locis

2168 5318 2557 5374 famulantibus
2602 5319 2867 5374 beneﬁcia
2937 5327 3241 5389 opportuna
3289 5319 3572 5390 largimur,
3620 5333 3760 5390 prae-

2171 5413 2338 5467 mium
2365 5411 2521 5466 nobis
2561 5411 2700 5481 apud
2729 5409 3016 5466 Dominum
3045 5417 3263 5466 anetum
3296 5412 3761 5468 remunerationis

2172 5502 2392 5574 rependi
2442 5517 2549 5557 non
2583 5501 3114 5572 diliidimus..lgitur
3142 5509 3329 5557 notum
3379 5504 3453 5557 sit
3499 5504 3760 5558 omnibus

2174 5594 2420 5649 ﬁdelibus
2439 5600 2640 5647 sanctae
2658 5593 2752 5649 Dei
2777 5592 3029 5647 Ecclesiae
3053 5600 3109 5646 et
3136 5593 3363 5656 nostris,
3393 5595 3760 5661 pnesentibua

2173 5685 2453 5742 scilicetet
2486 5682 2704 5751 futuris,
2733 5684 2860 5755 quia
2901 5682 3093 5740 adiens
3119 5683 3472 5740 serenitatem
3513 5694 3758 5741 nostram

2173 5776 2260 5834 vir
2289 5775 2615 5836 venerabilis
2652 5774 2954 5834 Maxentius
2975 5774 3340 5848 Aquileiensis
3371 5775 3639 5833 Ecclesia
3657 5775 3762 5832 Ρι-
