4048 6182
374 240 527 337 teat

1515 280 1914 339 DIPLOMATA’
1951 282 2511 345 ΕυοιιεειΑετιεΑ.

3529 309 3691 364 1242

369 399 648 453 trial-cita
671 409 719 461 ις
749 409 870 464 quae
899 404 985 452 est
1007 404 1214 452 sancta:
1259 395 1354 452 Dei
1380 397 1668 468 genitricis
1707 398 1911 466 Mai-ite,
1943 407 1999 455 et
2026 404 2079 461 Α
2105 409 2222 460 tam
2248 405 2514 476 ingenuos
2551 425 2714 478 quam
2753 425 2940 468 servos
2985 428 3149 483 super
3195 427 3395 473 terram
3447 421 3690 491 ejusdem

369 488 571 542 sancti
629 487 776 546 Petri
834 487 1096 559 principis
1150 488 1539 557 apostolorum,
1593 503 1691 544 seu
1737 498 1793 545 et
1819 491 1996 546 sancti

368 574 562 632 Marci
593 584 930 643 constructa,
947 578 1140 633 detulit
1149 578 1306 634 nobis
1320 579 1582 649 quasdam
1603 582 1996 651 praeceptiones

367 668 791 723 auctoritatem
845 668 1032 723 damni
1079 676 1134 724 et
1189 669 1452 740 genitoris
1504 671 1680 726 nostri
1729 670 1992 728 Ludovici

364 757 836 824 praestantissimi
865 757 1230 828 imperatoris,
1277 759 1333 812 in
1373 759 1574 829 quibus
1609 761 1995 816 continebatur
2047 773 2050 777 ‘

365 859 443 900 eo
473 847 636 917 quod
659 847 814 903 bans:
834 848 1113 902 memoriae
1134 847 1365 904 Carolus
1391 850 1672 919 piissimus
1692 850 1990 922 Augustus.

369 935 652 1006 idemque
674 938 906 998 domnus
925 944 981 992 et
1021 939 1236 1008 genitor
1261 948 1468 1004 noster,
1490 942 1774 1012 praefatam
1801 942 1992 999 Eccle-

367 1027 527 1082 sium
567 1040 690 1085 eum
739 1029 966 1092 cellulis,
1011 1037 1067 1084 et
1111 1029 1274 1085 rebus
1309 1030 1412 1086 sibi
1461 1031 1740 1101 subjectis,
1779 1035 1879 1088 sub
1907 1034 1991 1089 in-

366 1119 681 1175 manitatis
726 1135 838 1175 sua:
887 1119 1210 1177 defensione
1256 1123 1560 1178 consistere
1611 1123 1894 1190 fecissent,
1934 1133 1991 1181 et

367 1210 537 1280 quod
568 1211 840 1266 licentiam
888 1212 1166 1267 dedissent
1205 1211 1446 1284 ejusdem
1484 1214 1723 1270 civitatis
1747 1215 1896 1272 clero
1933 1226 1989 1272 et

366 1301 593 1373 populo
621 1305 919 1358 secundum
946 1304 1272 1359 canonicam
1299 1303 1700 1360 institutionem
1722 1304 1790 1360 de
1811 1307 1988 1376 ponti-

369 1392 491 1448 ﬁce
532 1393 638 1449 sibi
680 1394 932 1465 eligendo
955 1403 1012 1449 et
1041 1395 1096 1448 in
1138 1395 1364 1465 praefata
1404 1396 1532 1451 sede
1575 1397 1981 1454 substituendo.

368 1484 788 1541 Continebatur
833 1487 999 1542 etiam
1045 1487 1102 1542 in
1141 1488 1346 1544 eisdem
1390 1489 1458 1545 ab
1492 1489 1574 1544 eis
1601 1492 1891 1555 sancitum,
1924 1500 1987 1548 ut

295 1597 298 1600 ·
368 1591 488 1633 nec
517 1577 768 1634 homines
789 1575 1033 1645 ejusdem
1068 1578 1328 1634 Ecclesiae
1363 1580 1431 1634 de
1453 1595 1668 1636 annona
1689 1588 1747 1636 et
1766 1582 1983 1652 peculio

367 1684 486 1726 suo
527 1669 795 1726 decimam
836 1668 892 1724 in
914 1678 1123 1740 partem
1149 1669 1266 1726 ﬁsci
1301 1670 1516 1735 darent,
1544 1687 1648 1727 nec
1670 1673 1740 1728 de
1763 1673 1977 1744 peculio

2097 506 2505 554 commanentes
2542 496 2978 572 distringendos,
2993 519 3094 561 nec
3117 505 3252 562 ullas
3275 508 3689 580 redhibitiones,

2096 592 2192 637 aut
2241 584 2461 644 illicitas
2503 591 2822 647 occasiones
2873 595 3252 664 requirendas,
3293 592 3404 655 ullo
3449 617 3690 673 unquam

2095 682 2338 746 tempore
2359 677 2565 749 ingredi
2597 681 2817 748 audeat,
2841 684 2926 738 vel
2949 700 3013 740 ea
3043 702 3166 756 qua;
3194 703 3356 758 supra
3386 706 3687 751 memorata

2093 775 2240 831 sunt,
2271 769 2489 837 penitus
2519 770 2738 842 exigere
2781 785 3096 842 praesumat.
3138 777 3246 835 Sed
3278 779 3442 835 liceat
3459 785 3689 853 praefato

2091 857 2356 927 pontiﬁci,
2383 861 2606 930 suisque
2644 866 3056 922 successoribus
3087 881 3175 924 res
3201 870 3475 938 praedictae
3501 871 3689 932 Eccle-

2091 949 2187 1004 siae
2229 950 2331 1006 sub
2374 951 2734 1010 immunitatis
2772 965 2974 1012 nostra:
3021 959 3255 1016 tuitione
3281 963 3467 1032 quieto
3495 967 3686 1024 ordine

2089 1042 2390 1110 possidere,
2423 1053 2479 1099 et
2504 1053 2692 1101 nostro
2736 1046 2970 1103 ﬁdeliter
3008 1065 3206 1118 parere
3241 1051 3493 1123 imperio,
3522 1064 3686 1127 atque

2087 1145 2187 1200 pro
2215 1131 2589 1188 incolumitate
2617 1143 2828 1202 nostra,
2857 1135 3124 1209 conjugis,
3147 1154 3212 1194 ac
3250 1132 3442 1209 prolis,
3482 1143 3565 1198 vel
3605 1153 3684 1200 to-

2090 1221 2197 1278 tius
2232 1223 2445 1292 imperii
2489 1241 2519 1279 a
2562 1226 2673 1281 Deo
2708 1227 2868 1282 nobis
2894 1227 3096 1295 collati,
3127 1239 3292 1302 atque
3322 1247 3420 1302 per
3455 1234 3683 1291 immen-

2086 1326 2206 1367 sum
2227 1317 2584 1372 conservandi
2612 1318 2908 1374 stabilitate
2937 1336 3045 1374 una
3068 1337 3190 1376 cum
3222 1322 3370 1379 clero
3399 1333 3455 1379 et
3478 1328 3678 1397 populo

2085 1401 2187 1457 sibi
2222 1404 2486 1475 subjecto,
2517 1408 2613 1463 Dei
2648 1409 3082 1466 miscricordiam
3115 1409 3320 1481 jugiter
3345 1430 3593 1484 exorare,
3625 1429 3682 1476 et

2084 1493 2347 1564 quidquid
2372 1496 2440 1551 de
2486 1498 2650 1553 rebus
2674 1499 2922 1581 _pra:l'at:e
2965 1500 3222 1558 Ecclesiae
3250 1503 3416 1562 ﬁscus
3459 1509 3678 1581 exigere

2081 1592 2318 1652 poterat,
2362 1585 2416 1640 in
2461 1575 2731 1659 integrum
2757 1591 3033 1660 praedicta:
3083 1596 3453 1652 concessimus
3490 1575 3677 1656 Eccle-

2083 1674 2217 1740 site;
2266 1686 2324 1730 ut
2356 1679 2558 1734 nostris
2591 1679 2900 1750 futurisque
2934 1685 3268 1754 temporibus
3294 1687 3348 1740 in
3380 1689 3572 1743 eodem
3598 1691 3675 1744 lo-

368 1761 559 1831 ipsius
584 1760 862 1826 Ecclesiae,
893 1762 1038 1832 quod
1063 1763 1132 1817 ad
1170 1771 1358 1833 partes
1379 1763 1664 1820 Isti-ienses
1684 1764 1738 1819 in
1759 1767 1975 1836 pascuis
2003 1744 2051 1803 Β
2079 1779 2144 1819 co
2167 1767 2368 1822 ibidem
2401 1767 2513 1824 Deo
2555 1744 2970 1835 fanuulautibus,
3011 1744 3080 1827 ad
3106 1772 3204 1827 Dei
3232 1775 3513 1830 servitium
3545 1793 3674 1845 per-

367 1853 766 1919 mittebantur,
794 1852 962 1908 ullum
996 1853 1270 1911 solverent
1296 1855 1665 1924 berbaticnm;
1697 1867 1754 1914 et
1777 1859 1922 1928 quod
1942 1878 1974 1915 a

366 1944 622 2015 praefata:
650 1944 910 2001 Ecclesiae
951 1947 1265 2026 hominibus
1316 1951 1744 2007 mansionaticus
1772 1954 1858 2008 vel
1886 1953 1972 2009 fo-

367 2038 550 2094 dorns
600 2038 909 2096 nullatenus
954 2042 1296 2112 acciperetur
1345 2043 1432 2099 vel
1473 2045 1807 2116 exigeretur,
1867 2047 1971 2103 nisi

366 2127 601 2198 quando
652 2143 866 2198 eorum,
909 2138 1004 2186 aut
1028 2131 1124 2188 lilii
1167 2133 1275 2200 sui,
1323 2136 1588 2191 adventus
1625 2137 1695 2190 ad
1725 2139 1970 2192 eamdem

371 2217 542 2274 ﬁeret
563 2219 862 2288 civitatem,
888 2222 975 2279 vel
1003 2224 1221 2293 quando
1248 2227 1560 2296 praesidium
1607 2226 1718 2282 illic
1749 2239 1972 2299 propter

371 2308 728 2364 inimicorum
748 2311 973 2366 insidias
987 2315 1250 2369 arcendas
1271 2322 1585 2384 poneretur.
1609 2316 1716 2371 Pro
1737 2317 1968 2373 ﬁrmitas

372 2401 454 2457 tis
492 2416 728 2470 namque
755 2404 936 2460 studio
963 2405 1256 2474 postulavit
1279 2407 1437 2462 nobis
1466 2409 1609 2462 idem
1641 2411 1971 2466 venerabilis

371 2493 718 2564 patriarcha,
765 2503 825 2550 ut
872 2512 1078 2551 morem
1122 2497 1585 2567 praedecessorum
1652 2510 1966 2570 sequentes,

372 2593 624 2641 uestram
673 2587 840 2642 etiam
885 2588 1266 2644 auctoritatem
1313 2589 1458 2645 circa
1490 2591 1668 2661 ipsum
1719 2601 1966 2646 sanctum

371 2676 557 2732 locum
580 2677 696 2733 ﬁeri
719 2677 1156 2735 decerneremus.
1181 2679 1350 2749 Cujus
1371 2681 1613 2751 petitioni
1635 2682 1705 2737 ob
1723 2698 1966 2739 amorem

373 2769 477 2824 Dei
497 2778 553 2824 et
583 2772 780 2825 animae
814 2779 1016 2826 nostra:
1050 2772 1279 2828 salutem
1323 2773 1558 2829 libenter
1578 2775 1888 2840 annuimus,
1911 2786 1968 2831 et

372 2859 482 2914 hoc
523 2868 724 2916 nostra),
770 2861 1114 2917 auctoritatis
1173 2871 1499 2934 prmeeptum
1562 2866 1708 2920 circa
1785 2866 1964 2936 ipsum

371 2959 626 3007 sanctum
653 2951 835 3008 locum
873 2952 993 3008 ﬁeri
1017 2955 1350 3011 censuimus.
1384 2955 1488 3010 Per
1513 2957 1657 3027 quod
1683 2959 1965 3015 constitui-

2077 1860 2368 1930 ageudum,
2412 1873 2762 1933 augmentum
2801 1870 2854 1916 ct
2898 1863 3333 1934 supplementum
3378 1868 3491 1922 liat.
3521 1867 3672 1926 Ilanc

2076 1965 2206 2005 vero
2233 1952 2636 2018 auctoritatem,
2665 1962 2718 2007 ut
2749 1955 3050 2024 pleniorem
3075 1954 3128 2008 in
3161 1953 3254 2010 Dei
3287 1957 3503 2013 nomine
3532 1959 3672 2014 obti-

2074 2051 2202 2098 neat
2224 2043 2487 2116 vigorem,
2518 2053 2574 2098 et
2602 2060 2634 2100 a
2673 2045 2924 2102 ﬁdelibus
2967 2057 3171 2102 sancta:
3201 2047 3296 2102 Dei
3327 2047 3586 2104 Ecclesia:
3614 2061 3670 2104 et

2075 2134 2277 2190 nostris
2321 2135 2510 2191 verius
2560 2135 2871 2208 certiusque
2903 2137 3191 2204 credatur,
3241 2154 3404 2194 manu
3448 2140 3667 2210 propria

2073 2225 2260 2279 subter
2317 2225 2674 2292 ﬁrmavimus,
2731 2234 2790 2282 et
2835 2228 3020 2282 annuli
3071 2229 3244 2284 nostri
3310 2230 3680 2301 impressione.

2071 2314 2276 2385 signari
2306 2315 2593 2384 jussimus.

2144 2405 2370 2475 Signum
2399 2396 2640 2460 Lotbarii
2681 2406 3056 2478 gloriosissimi
3091 2407 3343 2478 Augusti.

2139 2495 2468 2551 Liutbardus
2497 2497 2565 2550 ad
2595 2496 2770 2551 vicem
2799 2497 3141 2552 Ermenfrcdi
3167 2501 3476 2568 recognovi.

2139 2587 2274 2640 Data
2302 2601 2340 2640 ιι
2374 2585 2642 2640 Kalendas
2667 2585 3004 2649 Decembris,
3035 2602 3197 2651 almo,
3235 2586 3452 2642 Christo
3479 2591 3662 2660 propi-

2069 2677 2166 2742 tio,
2201 2676 2412 2746 imperii
2441 2677 2624 2731 domui
2659 2675 2916 2731 Ludovici
2951 2678 3288 2732 serenissimi
3313 2679 3660 2750 imperatoris

2066 2765 2159 2831 20,
2190 2766 2451 2836 regnique
2482 2765 2723 2820 Lotliarii
2753 2765 3134 2836 gloriosissimi
3164 2767 3394 2839 Augusti
3418 2770 3473 2824 in
3501 2770 3655 2826 Italia

2068 2859 2156 2924 l3,
2179 2859 2476 2915 indictione
2510 2859 2591 2913 ιι.

2133 2949 2329 3005 Actum
2361 2949 2526 3019 Papia
2555 2949 2800 3016 civitate,
2837 2949 3038 3020 palatio
3081 2941 3322 3022 publico,
3354 2951 3407 3006 iu
3439 2951 3535 3008 Dei
3561 2969 3658 3009 no—

371 3053 498 3097 inus
525 3049 689 3113 atque
716 3045 1032 3112 perenniter
1055 3044 1271 3100 ﬁrmum
1315 3046 1431 3102 fore
1460 3047 1727 3114 volumus,
1765 3057 1826 3104 ut
1852 3066 1961 3109 me-
1987 3088 2032 3114 η
2065 3042 2212 3098 mille
2235 3041 2487 3098 feliCiler-
2526 3041 2722 3098 Amen-

1987 3088 2032 3151 C

373 3136 600 3191 moratae
620 3135 859 3191 civitatis
886 3135 1063 3192 clerus
1085 3145 1140 3192 et
1161 3137 1390 3209 populus
1420 3138 1693 3194 licentiam
1722 3141 1962 3198 habeant

371 3225 669 3281 secundum
696 3227 1091 3284 institutionem
1111 3229 1429 3284 canonicam
1449 3231 1686 3301 eligendi
1710 3231 1812 3287 sibi
1832 3246 1961 3300 pon-

357 3299 594 3372 ‘tillcem.
623 3317 974 3389 Praecipimus
1003 3319 1168 3376 etiam
1211 3327 1375 3392 atque
1404 3299 1679 3392 jubeinus,
1704 3331 1765 3378 ut
1800 3299 1960 3378 nemo

371 3408 611 3465 ﬁdelium
637 3419 971 3478 nostrorum,
993 3412 1081 3468 vel
1101 3412 1358 3484 quislibet
1377 3424 1624 3481 exactor,
1649 3425 1743 3471 aut
1763 3417 1960 3488 aliq'is

369 3515 434 3556 ex
467 3493 755 3571 iudiciaria
779 3512 1070 3574 potestate,
1101 3517 1202 3560 nec
1229 3506 1296 3561 de
1331 3507 1545 3575 peculio
1579 3507 1822 3576 pra‘fatze
1856 3509 1958 3564 Ec-

369 3589 549 3647 clesia:
579 3591 939 3657 herbaticum,
967 3608 1069 3647 nec
1097 3593 1165 3648 de
1195 3609 1413 3648 annona
1460 3603 1516 3649 et
1541 3597 1754 3663 peculio
1781 3591 1956 3651 homi-

369 3696 498 3735 num
527 3679 700 3750 ipsius
719 3678 974 3734 Ecclesia:
1001 3681 1289 3746 decimam,
1322 3696 1424 3736 nec
1445 3682 1513 3736 ab
1533 3683 1615 3738 eis
1645 3684 1955 3739 mansionu-

371 3775 512 3829 ticus
561 3781 656 3828 aut
709 3771 930 3830 foderas
986 3777 1203 3846 penitus
1254 3777 1525 3847 accipere,
1589 3780 1674 3834 vel
1737 3781 1955 3852 exigere

368 3871 716 3935 praesumant,
773 3865 878 3920 nisi
907 3863 1048 3921 forte
1088 3868 1305 3936 quando
1346 3876 1553 3933 noster,
1595 3878 1689 3921 aut
1723 3869 1954 3940 alicujus

369 3957 462 4012 ﬁlii
514 3957 708 4022 nostri,
761 3957 870 4013 illic
918 3952 1083 4013 fuerit
1129 3959 1417 4024 adventus,
1470 3959 1553 4014 vel
1583 3960 1802 4029 quando
1841 3961 1953 4018 illic

365 4047 674 4118 praesidium
711 4048 946 4120 positum
975 4049 1144 4105 fuerit
1177 4051 1243 4106 ad
1270 4050 1614 4106 inimicorum
1648 4051 1953 4108 infestatio-

2685 3135 3037 3193 CLXXXVII.

2063 3243 2394 3285 ριδῦεινιωι
2423 3244 2668 3286 ιυυογιει
2699 3243 2988 3285 αειικηιω
3015 3243 3118 3285 P30
3145 3242 3423 3286 ϐοωειιτο
3448 3242 3655 3285 ΑΙΒΔΪΕ

2725 3335 2771 3374 ει
2810 3334 2990 3374 (ΞΑιιιδ

2499 3411 2675 3483 (Anno
2701 3409 2805 3466 855
2825 3445 2840 3475 ,
2872 3409 2941 3466 19
2976 3408 3214 3480 Octobr.)
3291 3458 3294 3459 ,

2131 3497 2310 3571 [Apud
2333 3501 2614 3572 Neugart.,
2643 3500 2823 3554 Codex
2847 3498 3243 3564 Alemannicus,
3271 3516 3396 3572 pag.
3429 3501 3580 3574 2l2.]

2125 3589 2185 3642 In
2219 3591 2440 3646 nomine
2471 3598 2674 3644 sanctte
2704 3598 2760 3643 et
2788 3588 3080 3642 individua:
3115 3588 3399 3642 Trinitatis
3418 3629 3434 3653 ,
3471 3589 3649 3645 Ludo-

2055 3675 2231 3742 vicus,
2253 3677 2434 3732 divina
2457 3679 2672 3733 favente
2691 3677 2886 3748 gratia,
2919 3691 3034 3730 rex.

2135 3766 2192 3821 Si
2232 3783 2361 3842 erga
2407 3769 2525 3822 loca
2569 3767 2765 3822 divinis
2811 3766 3050 3822 cultibus
3088 3767 3395 3836 mancipata
3428 3777 3648 3838 propter

2054 3881 2295 3923 amorem
2333 3863 2430 3919 Dei
2467 3875 2762 3930 eorumque
2809 3859 2864 3914 in
2910 3860 3113 3915 eisdem
3163 3859 3299 3915 locis
3337 3861 3439 3916 sibi
3472 3861 3642 3918 famu-

2053 3958 2288 4012 lantibus
2332 3953 2599 4010 beneﬁcia
2653 3957 2958 4022 opportuna
3009 3951 3271 4021 largimur
3296 3992 3311 4017 ,
3362 3953 3645 4022 praemium

2052 4046 2209 4102 nobis
2243 4045 2384 4116 apud
2409 4043 2696 4098 Dominum
2725 4042 2781 4097 in
2803 4049 3006 4097 aeterna
3035 4041 3370 4098 beatitudine
3400 4044 3644 4113 recipere

365 4155 490 4196 nem
515 4141 937 4212 prapellendam.
973 4141 1079 4197 Sed
1109 4150 1166 4198 et
1207 4143 1387 4198 nullus
1416 4143 1643 4213 quilibet
1670 4159 1736 4198 ex
1781 4144 1954 4200 ﬁdeli.

2072 4137 2395 4192 :onﬁdimus.
2454 4135 2794 4204 Quapropter
2857 4133 3156 4204 comperiat
3214 4133 3418 4190 utilitas
3479 4147 3642 4204 atque

363 4239 466 4286 bus
507 4231 727 4297 nostris,
761 4231 847 4288 vel
879 4231 1046 4301 judex
1072 4233 1322 4303 publicus
1353 4233 1407 4288 in
1451 4234 1783 4289 monasteria
1813 4247 1952 4304 prae-
2051 4229 2314 4284 industria
2357 4227 2602 4282 omnium
2643 4225 2881 4281 ﬁdelium
2916 4234 3245 4290 nostrorum,
3289 4227 3639 4296 praesentium

364 4323 489 4378 fata
519 4321 772 4378 Ecclesia:
810 4323 1072 4394 subjecta,
1121 4338 1177 4382 et,
1222 4327 1556 4384 xenodocbia
1596 4336 1651 4383 et
1691 4328 1950 4383 ecclesias
2050 4320 2261 4377 scilicet
2281 4328 2340 4377 et
2360 4319 2685 4383 futurorum,
2716 4318 2843 4388 quia
2882 4318 2966 4373 vir
2987 4319 3311 4375 venerabilis
3337 4318 3640 4377 Gosbcrtus

362 4414 723 4484 parochiales,
755 4431 820 4472 ac
865 4417 1047 4472 titulos
1091 4433 1300 4483 earum,
1353 4419 1437 4474 vel
1467 4427 1788 4476 czeterorum
1817 4429 1945 4490 pos-
1971 4427 2024 4487 Β
2051 4415 2220 4470 abbas
2242 4429 2309 4469 ex
2339 4411 2672 4467 monasterio
2697 4410 2884 4467 Sancti
2911 4410 3072 4476 Galli,
3099 4413 3242 4479 quod
3267 4421 3352 4468 est
3377 4413 3542 4468 situm
3580 4415 3634 4470 in

362 4506 652 4572 sessiones,
693 4522 828 4578 quas
859 4506 1121 4562 moderno
1155 4507 1302 4577 juste
1344 4517 1401 4563 et
1447 4507 1845 4566 rationabiliter
1887 4509 1941 4564 in

361 4598 690 4668 quibuslibet
722 4599 874 4668 pagis
913 4607 968 4654 et
1011 4599 1300 4654 territoriis
1341 4599 1480 4654 infra
1535 4600 1795 4654 ditionem
1837 4599 1942 4655 Im-

361 4693 497 4762 perii
533 4693 705 4747 nostri
750 4701 1046 4746 memorata
1096 4698 1244 4746 tenet
1275 4691 1356 4745 vel
1400 4691 1642 4762 possidet
1671 4691 1938 4756 Ecclesia,

358 4793 468 4840 tam
500 4798 567 4839 ex
595 4797 819 4838 munere
843 4797 1027 4851 regum
1058 4781 1138 4837 vel
1159 4781 1356 4836 ducum
1381 4798 1656 4853 quamque
1683 4799 1749 4837 ex
1776 4783 1942 4838 colla-

358 4874 504 4936 tione
535 4885 853 4934 cmterornm
900 4874 1159 4939 ﬁde!ium,
1194 4890 1425 4930 necnon
1465 4885 1521 4931 et
1558 4889 1622 4930 ex
1653 4873 1941 4932 oblationi-

357 4976 476 5036 bus,
523 4971 910 5041 emptionibus.
944 4978 1000 5024 et
1041 4969 1575 5034 commutationibus,
1612 4970 1695 5024 vel
1742 4971 1794 5025 in
1844 4987 1939 5027 cas

357 5079 444 5118 res
466 5079 602 5134 quas
640 5063 893 5131 deinceps
922 5077 953 5116 a
993 5061 1280 5118 catholicis
1311 5062 1443 5117 viris
1471 5062 1680 5117 collata:
1734 5063 1937 5120 fuerint

354 5154 630 5216 Ecclesiae,
660 5151 725 5204 ad
761 5166 955 5206 causas
981 5153 1296 5217 audiendas,
1325 5153 1407 5208 vel
1438 5152 1587 5210 frcda
1616 5162 1712 5209 aut
1734 5155 1934 5209 tributa

351 5247 639 5318 exigenda,
688 5251 783 5297 aut
815 5244 1124 5298 mansiones
1153 5245 1236 5300 vel
1265 5255 1484 5314 paratas
1514 5244 1807 5311 faciendas,
1841 5253 1936 5302 aut

351 5339 696 5410 ﬁdeiussores
725 5335 1008 5400 tollendos,
1037 5351 1141 5390 nec
1184 5337 1432 5393 homines
1470 5338 1640 5409 ipsius
1674 5339 1933 5394 Ecclesia:

421 5515 446 5544 ι
479 5501 752 5558 Habemus
776 5499 866 5554 hic
883 5497 1211 5553 illumilium
1237 5497 1600 5566 pat't‘iarcham
1623 5498 1930 5567 Aquileien-

349 5590 466 5635 sem
495 5586 638 5628 anno
665 5570 771 5626 853
798 5568 1083 5639 privilegio
1106 5567 1360 5639 donatum
1389 5588 1397 5620 :
1421 5582 1592 5636 quare
1622 5569 1737 5639 usui
1765 5569 1925 5624 alicui

347 5648 455 5703 erit
478 5637 884 5698 monumentum
930 5637 1033 5694 hoc
1077 5638 1144 5693 ad
1167 5638 1552 5692 restituendam
1585 5647 1678 5692 aut
1707 5637 1926 5693 ﬁrman-

351 5720 476 5776 dam
510 5711 916 5787 chronologiam
937 5709 1230 5783 praescium
1277 5707 1718 5780 Aquileiensium.
1769 5708 1920 5765 Sole-

2041 4521 2182 4576 pago
2210 4504 2514 4575 Turgange,
2555 4516 2719 4572 super
2747 4500 2965 4555 ﬂuvium
2997 4500 3141 4570 quod
3167 4500 3364 4556 dicitur
3385 4501 3635 4566 Petrosa,

2040 4597 2232 4652 detulit
2256 4595 2589 4652 excellentiae
2618 4601 2818 4650 nostra:
2845 4593 3090 4662 quaedam
3113 4602 3381 4664 praecepta
3416 4595 3501 4650 avi
3531 4612 3631 4652 no-

2042 4688 2142 4742 stri
2167 4686 2346 4742 Caroli
2387 4685 2760 4757 imperatoris,
2790 4698 2890 4738 nec
2916 4698 3023 4738 non
3058 4682 3262 4738 domini
3291 4691 3346 4739 ct
3373 4686 3636 4755 genitoris

2043 4779 2214 4835 nostri
2238 4767 2496 4834 Ludovici
2522 4767 2784 4848 Augusti;
2825 4775 2878 4831 in
2909 4774 3106 4846 quibus
3139 4775 3521 4832 continebatur
3551 4777 3634 4832 in-

2042 4880 2272 4936 scrtum,
2306 4870 2539 4940 qualiter
2580 4868 2836 4926 Sidonius
2874 4867 3205 4925 Constantiae
3242 4869 3394 4924 urbis
3423 4869 3630 4939 episco-

2043 4978 2173 5032 pus,
2203 4979 2303 5017 nec
2337 4977 2442 5016 non
2470 4970 2525 5016 et
2547 4961 2784 5017 Joannes
2813 4960 3055 5032 prasdicti
3091 4959 3403 5015 monasterii
3437 4959 3627 5023 abbas,

2042 5061 2264 5124 propter
2290 5052 2525 5107 futuram
2555 5052 2945 5108 dissensionem
2969 5049 3051 5105 vel
3077 5050 3313 5121 quietem
3342 5049 3626 5102 monacho-

2044 5159 2162 5198 rum
2213 5143 2353 5197 inter
2394 5159 2453 5198 se
2493 5143 2812 5198 statuissent
2846 5150 2905 5197 ut
2937 5142 3095 5196 annis
3128 5139 3352 5210 singulis
3381 5139 3626 5208 partibus

2039 5233 2280 5302 ejusdem
2309 5234 2454 5289 sedis
2485 5233 2708 5288 abbates
2737 5235 2902 5302 ipsius
2926 5230 3240 5286 monasterii
3272 5228 3455 5284 Sancti
3481 5228 3620 5283 Galli

2041 5322 2253 5375 unciam
2299 5323 2436 5386 auri,
2481 5330 2538 5376 ct
2582 5321 2849 5377 caballum
2885 5336 3073 5386 unum,
3121 5318 3387 5374 valentem
3425 5318 3619 5376 libram

2039 5502 2188 5565 bant,
2231 5505 2466 5573 inquam,
2522 5513 2579 5556 ct
2637 5504 2749 5557 loca
2801 5518 2955 5558 sacra
3007 5502 3220 5573 {odrunt
3260 5508 3316 5573 et
3369 5507 3614 5573 paratam

2036 5571 2756 5644 prmstare‘imperatoribus
2799 5587 3100 5644 eorumque
3145 5571 3326 5630 missis
3372 5571 3613 5643 quoties-
3703 5600 3720 5612 -

2035 5659 2247 5713 cunque
2264 5645 2390 5700 illuc
2407 5644 2912 5715 proﬁciscebantur.
