4006 6178
388 284 533 340 ms

1514 265 1906 339 hircosus
1945 238 2498 341 amnium.

3499 284 3636 346 1246

376 401 619 458 Col-licia
662 389 847 452 nostra
873 389 1227 451 concessione
1252 395 1308 448 in
1337 394 1599 466 regimine
1632 393 1837 448 habere
1872 394 1957 453 di—
1986 398 2034 456 Α
2056 396 2259 454 dicitur
2279 397 2428 453 Nova
2448 396 2697 463 Corbela,
2721 397 2815 455 ubi
2838 402 3090 469 praesenti
3118 404 3357 472 tempore
3381 387 3639 463 unum

385 490 712 561 gnoscitur,
746 481 1073 557 complacuit
1448 490 1651 541 ηοω-ω
1675 484 1963 555 quamdam

382 582 579 637 cellam
601 574 744 650 juris
774 579 949 634 nostri
972 576 1222 634 Vocatam
1249 578 1513 649 Mep‘piam
1537 598 1554 643 ,
1581 593 1703 647 quae
1722 586 1811 633 est
1833 592 1965 633 eon—

382 679 593 727 structa
636 670 689 724 in
735 683 874 739 pago
914 668 1242 738 Adegrindo;
1296 676 1595 723 memorato
1635 656 1964 722 monasterio

375 775 484 826 per
512 756 653 814 ban’c
683 755 924 814 nostram
949 748 1328 813 auctoritatem
1351 757 1584 824 tradere,
1612 764 1672 813 ut
1702 758 1962 827 perpetuo

379 848 485 902 sub
524 846 643 918 ejus
687 847 891 902 ditione
929 854 1052 902 cum
1089 847 1342 903 omnibus
1369 846 1435 900 ad
1475 860 1535 901 se
1570 845 1963 914 pertinentibus

381 939 697 994 consistat:
736 936 909 1001 lianc;
935 944 996 992 ut
1023 936 1281 1001 diximus,
1323 936 1573 992 cellulam
1606 935 1710 991 sub
1738 933 1965 1004 integri-

385 1040 499 1086 tate
529 1028 657 1086 cum
696 1029 949 1086 ouilibus
1175 1020 1243 1083 ad
1269 1044 1329 1085 se
1363 1027 1759 1099 pertinentibus
1787 1033 1844 1082 et
1873 1032 1962 1081 as-

379 1120 731 1190 picientibus;
778 1119 835 1174 id
883 1127 987 1182 est,
1035 1112 1307 1184 basilicis,
1351 1115 1602 1171 donibus
1641 1113 1962 1182 ceterisque

379 1204 649 1277 aediliciis,
677 1209 859 1275 terris,
879 1205 1071 1279 pratis,
1095 1207 1267 1273 silvis,
1295 1206 1454 1262 cultis
1478 1204 1611 1261 locis
1639 1211 1694 1260 et
1721 1197 1955 1267 incultis,

379 1300 673 1356 mobilibus
713 1300 876 1356 rebus
912 1307 968 1354 et
1011 1298 1398 1362 immobilibus,
1440 1294 1723 1367 mancipiis
1761 1296 1960 1352 diversi

377 1402 547 1442 sexus
567 1386 625 1443 ct
642 1390 839 1453 aetatis,
863 1396 1163 1443 memorato
1187 1385 1517 1441 monasterio
1536 1384 1811 1440 subditam
1836 1397 1960 1438 esse

379 1463 616 1535 iacimus
638 1519 653 1544 ,
699 1489 862 1549 atque
892 1490 989 1551 per
1030 1478 1171 1534 hanc
1198 1485 1439 1533 nostram
1479 1476 1857 1531 auctoritatem
1884 1474 1956 1541 ita

376 1570 748 1625 condonamus
773 1576 829 1625 et
855 1566 1136 1633 tradimus,
1162 1576 1223 1624 ut
1247 1569 1303 1622 iu
1334 1568 1456 1638 jure
1486 1565 1726 1637 ejusdem
1757 1568 1821 1621 ac
1851 1568 1961 1619 mo-

376 1661 683 1715 nachOrnm
728 1658 930 1717 ibidem
960 1671 1061 1731 per
1101 1656 1345 1730 tempora
1379 1656 1491 1712 Deo
1522 1656 1874 1713 servientium
1903 1656 1957 1708 in

2062 487 2388 543 venerabilis
2409 487 2578 543 abbas
2610 492 2800 557 pastor
2822 488 2879 545 et
2910 495 3087 547 rector
3123 504 3245 547 esse
3275 488 3635 559 dignescitur,

2061 577 2162 632 sub
2188 577 2498 648 integritate
2538 594 2636 647 per
2668 579 2807 634 hanc
2838 580 3085 634 ὤθει-θυι
3125 580 3502 649 auctoritatem
3547 583 3640 639 dc-

2061 663 2259 735 legare,
2286 673 2349 721 ut
2379 665 2583 723 nostris
2606 675 2664 722 et
2692 672 3067 724 successorum
3097 675 3410 729 nostrorum
3432 673 3639 740 tempo-

2063 755 2219 816 ribus
2258 757 2315 813 in
2362 757 2569 814 ditione
2609 756 2848 826 ejusdem
2892 759 3204 815 monasterii
3255 760 3641 831 perpetualiter

2060 847 2378 912 Consistant,
2400 847 2470 903 ad
2502 848 2767 918 stipendia
2796 850 3183 907 monachorum
3207 851 3340 907 inibi
3379 854 3638 915 constitu-

2060 943 2259 1003 torum,
2279 944 2336 993 et
2363 939 2713 996 necessitates
2732 940 2973 1010 ejusdem
2997 943 3312 1001 monasterii
3330 950 3625 1012 prccuran-

2060 1026 2158 1081 das
2184 1035 2347 1097 atque
2373 1027 2750 1087 sublevandas.
2792 1030 2923 1095 llas,
2959 1039 3020 1087 ut
3041 1032 3296 1099 diximus,
3333 1033 3486 1090 villas
3514 1050 3639 1091 cum

2058 1115 2308 1172 Omnibus
2340 1118 2524 1182 rebus,
2550 1119 2883 1187 appendiciis
2910 1126 2966 1175 et
2990 1122 3239 1178 terminis
3261 1124 3395 1189 suis,
3428 1131 3631 1183 etcum

2058 1206 2309 1264 omnibus
2331 1207 2401 1263 ad
2422 1223 2482 1263 sc
2503 1208 2914 1277 pertinentibus,
2939 1212 3112 1278 idest,
3138 1214 3387 1271 domibus
3407 1217 3639 1271 asteris-

2057 1302 2164 1367 que
2182 1292 2455 1366 aediliciis,
2484 1303 2665 1369 terris,
2696 1303 2892 1373 pratis,
2925 1305 3099 1371 silvis,
3134 1307 3365 1376 campis,
3398 1309 3635 1377 pascuis.

2056 1388 2236 1458 aquis,
2275 1389 2608 1459 aquarmnve
2652 1391 2966 1449 decursibus
2986 1433 3004 1460 ι
3035 1394 3197 1451 cultis
3221 1395 3355 1451 locis
3380 1404 3435 1451 et
3460 1396 3636 1453 incul-

2058 1477 2149 1544 tis,
2174 1478 2466 1537 mobilibus
2488 1479 2652 1537 rebus
2678 1481 2744 1536 a'c
2771 1494 2831 1539 se
2859 1481 3002 1551 ipsas
3027 1485 3387 1552 moventibus,
3424 1487 3633 1541 manci—

2056 1565 2162 1636 piis
2203 1566 2404 1623 diversi
2449 1582 2613 1625 sexus
2660 1584 2727 1625 ac
2771 1570 2978 1637 aetatis,
3013 1572 3272 1641 praedicto
3314 1575 3640 1629 monasterio

2057 1656 2408 1713 concedimus
2438 1665 2599 1727 atque
2625 1659 3035 1727 conﬁrmamus,
3062 1670 3122 1716 ut
3143 1663 3211 1718 ab
3241 1664 3344 1718 hac
3363 1663 3449 1720 dic
3470 1664 3521 1718 in
3550 1663 3638 1718 fu-

377 1748 610 1809 diversis
651 1752 1071 1808 necessitatibus
1110 1751 1181 1806 ad
1220 1750 1465 1806 divinum
1497 1748 1701 1805 cultum
1730 1752 1960 1820 propen-
1988 1733 2037 1793 Β
2064 1754 2267 1813 turum,
2290 1747 2446 1802 sicuti
2471 1747 2676 1803 dictum
2704 1755 2811 1815 est,
2847 1749 2902 1804 in
2936 1749 3061 1819 jure
3102 1759 3157 1807 et
3176 1759 3446 1821 potestate
3473 1753 3641 1824 ipsius

376 1843 493 1899 sius
537 1844 940 1912 exsequendum
962 1845 1167 1911 absque
1195 1842 1483 1912 cujuslibet
1506 1839 1864 1897 diminutione
1894 1853 1959 1894 ac

378 1932 763 1989 retractatione
790 1941 1139 2004 permaneat,
1185 1930 1243 1988 et
1274 1930 1455 1989 nullus
1480 1930 1719 1986 ﬁdelium
1745 1937 1960 2008 nostro-

379 2028 499 2077 rum
527 2022 599 2078 ab
635 2026 825 2079 eorum
858 2016 1225 2081 dominatione
1269 2030 1326 2079 et
1360 2020 1630 2094 potestate
1667 2037 1791 2095 eam
1816 2026 1957 2091 quo-

377 2128 486 2182 quo
525 2114 684 2173 modo
723 2112 958 2180 auferre,
997 2123 1091 2170 aut
1131 2114 1189 2169 in
1226 2108 1386 2169 aliam
1425 2113 1721 2183 quamlibet
1746 2109 1958 2184 partem

376 2212 697 2277 “quacunque
720 2208 1005 2263 occasione
1023 2202 1322 2262 transferre
1341 2196 1656 2277 praesumat,
1681 2206 1775 2262 sed
1797 2206 1958 2259 liceat

378 2296 679 2352 memorato
705 2297 910 2362 abbati,
956 2292 1180 2366 ejuSque
1212 2296 1637 2360 succeasoribus,
1676 2299 1741 2348 ac
1778 2308 1958 2348 mona-

378 2386 497 2442 chis
526 2387 579 2441 in
603 2394 900 2442 memdrato
940 2385 1269 2442 munasterio
1298 2398 1397 2456 per
1425 2395 1668 2453 tempora
1716 2382 1957 2452 degenti-

378 2476 480 2530 bus
495 2473 609 2543 jam
631 2475 773 2530 dicta
808 2473 940 2531 cella
967 2476 1091 2531 cum
1115 2475 1367 2531 omnibus
1393 2472 1462 2528 ad
1486 2487 1604 2527 eam
1635 2470 1956 2551 pertinenti-

378 2558 481 2618 bus
498 2564 568 2619 ad
590 2561 687 2619 Dei
718 2572 783 2620 ac
807 2564 1019 2620 Domini
1047 2564 1218 2620 nostri
1247 2561 1377 2619 Jesu
1407 2561 1610 2619 Christi
1636 2561 1955 2616 famulatum

377 2644 689 2727 diligentius
734 2656 1096 2726 peragendum
1129 2655 1209 2710 uti
1240 2654 1455 2724 absque
1477 2652 1795 2722 cujusquam
1822 2658 1954 2706 ‘con-

382 2744 683 2816 trarietate;
714 2753 773 2802 et
804 2761 1137 2816 quascunque
1160 2745 1232 2802 ad
1269 2760 1399 2802 suos
1428 2744 1483 2798 in
1526 2742 1741 2798 Domini
1781 2740 1953 2799 nostri

379 2814 507 2893 ἔθου
544 2837 746 2894 Christi
786 2814 978 2892 militia
1018 2814 1147 2893 usus
1189 2845 1245 2893 et
1290 2835 1642 2915 necessitates
1683 2833 1957 2905 pertinent

381 2927 647 2982 adornare
667 2966 681 2992 ,
716 2927 999 2999 disponere
1019 2927 1271 2998 justeque
1292 2924 1536 2993 efﬁcere,
1564 2926 1834 2996 quatenus
1853 2939 1956 2994 pro

382 3018 557 3084 nobis,
597 3018 826 3090 cotijnge
848 3019 1109 3089 proleque
1136 3026 1345 3084 nostra,
1383 3027 1440 3074 et
1469 3033 1605 3088 pace
1642 3033 1709 3073 ac
1746 3016 1955 3095 stabili-

381 3117 493 3163 tate
512 3074 678 3165 totius
694 3074 911 3179 imperii
934 3125 965 3164 a
1127 3074 1284 3165 nobis
1308 3074 1587 3166 commissi
1607 3108 1839 3164 alacrius
1982 3074 2028 3137 Ο

385 3197 746 3254 indesinenter
767 3198 980 3253 Domini
1000 3199 1430 3255 misericordiam
1448 3212 1681 3254 exorare
1702 3198 1958 3253 delectet.

385 3287 453 3342 Et
474 3296 537 3343 ut
554 3289 669 3344 haec
690 3297 876 3343 nostra
896 3289 1191 3345 auctoritas
1212 3288 1577 3344 inviolabilem
1596 3297 1653 3342 et
1676 3287 1957 3343 inconvul-

386 3393 501 3433 sam
527 3378 769 3435 obtineat
796 3378 1132 3445 ﬁrmitatem,
1158 3394 1320 3434 manu
1347 3378 1564 3449 propria
1588 3378 1958 3448 ascripsimus,

385 3477 443 3524 et
472 3468 653 3524 annuli
680 3470 854 3525 nostri
877 3469 1237 3539 impressione
1252 3470 1518 3541 assignari
1532 3470 1814 3541 jussimus.
1860 3522 1867 3527 .

455 3559 683 3631 Signum
714 3560 972 3617 Ludovici
994 3561 1327 3616 serenissimi
1359 3560 1723 3629 imperatoris.

455 3650 854 3706 Hirminmarus
893 3651 1137 3706 notarius
1181 3651 1252 3705 ad
1300 3650 1478 3706 vicem
1519 3650 1761 3722 Hugonis
1809 3665 1963 3706 reco-

385 3741 548 3811 gnovi
573 3749 632 3795 et
652 3740 971 3810 subscripsi.

459 3832 597 3886 Data
618 3847 693 3889 vlt
713 3829 838 3887 ldus
862 3831 1169 3897 Decembr.,
1188 3841 1351 3896 anno,
1372 3830 1590 3885 Christo
1612 3830 1868 3900 propitio,
1892 3829 1958 3882 21

386 3924 602 3993 imperii
628 3923 812 3979 domui
843 3924 1102 3980 Ludovici
1135 3924 1363 3995 piissimi
1390 3922 1638 3994 Augusti,
1671 3922 1966 3977 indictione

392 4013 487 4067 l2.
520 4013 718 4069 Actum
771 4012 1152 4072 Blanciaooia
1192 4014 1410 4071 nomine
1448 4012 1662 4069 Domini
1712 4011 1960 4067 feliciter.

390 4102 584 4161 Amen.

1019 4195 1352 4254 CLXXXIX.

706 4346 709 4353 η
808 4300 912 4342 rno
949 4301 1126 4342 BODEI
1164 4298 1519 4345 ιοΜετεκιο.

985 4375 1163 4449 (Am
1200 4376 1350 4448 est.)

745 4470 923 4543 [Apud
950 4469 1208 4538 Schaten,
1230 4472 1381 4539 ibid.,
1409 4486 1465 4543 p.
1491 4472 1605 4546 97.]

460 4563 521 4617 in
554 4564 771 4619 nomine
806 4564 1018 4619 Domini
1060 4565 1156 4620 Dei
1189 4572 1246 4621 et
1290 4563 1588 4622 Salvatoris
1626 4566 1797 4621 nostri
1836 4565 1966 4621 Jesu

392 4654 614 4720 Christi,
662 4654 968 4711 Ludovicus
1013 4656 1196 4712 divina
1250 4658 1641 4727 repropitiante
1676 4658 1965 4715 clementia

391 4748 688 4817 imperator
704 4746 997 4818 Augustus.

461 4839 520 4895 Si
568 4838 908 4895 liberalitatis
956 4847 1155 4895 nostrae
1207 4854 1432 4896 munere
1481 4841 1547 4896 de
1605 4840 1880 4897 beneﬁciis
1931 4856 1964 4898 a

389 4930 499 4984 Deo
534 4930 690 4984 nobis
731 4930 962 4995 collatis,
1010 4929 1145 4986 locis
1189 4930 1300 4986 Deo
1328 4929 1523 4986 dicatis
1543 4931 1796 5000 quiddam
1839 4946 1970 4986 con-

2059 1835 2319 1905 perpetlio
2350 1839 2724 1904 permaneant,
2748 1837 2950 1906 absque
2975 1827 3263 1909 cujuslibet
3284 1840 3521 1905 comitis,
3556 1839 3639 1895 vel

2057 1921 2255 1990 publici
2269 1920 2488 1991 iudicis,
2521 1931 2615 1979 aut
2640 1924 2928 1993 cujuslibet
2949 1940 3195 1996 persona:
3214 1928 3642 1983 contradictione

2055 2012 2141 2066 vel
2168 2010 2549 2083 refragationc.
2580 2013 2649 2068 Et
2674 2022 2734 2068 ut
2759 2014 2873 2079 haec
2912 2018 3113 2073 nustrae
3134 2017 3442 2075 donationis
3478 2028 3640 2091 atque

2054 2103 2422 2160 concessionis
2446 2105 2746 2160 auctoritas
2778 2105 3144 2162 inviolabilem
3182 2116 3238 2165 et
3262 2109 3636 2165 inconvulsam

2053 2192 2297 2250 obtineat
2338 2194 2674 2261 ﬁrmitatem,
2713 2211 2875 2251 manu
2914 2199 3135 2268 propria
3171 2198 3357 2254 subter
3391 2214 3511 2254 eam
3548 2201 3637 2254 tir-

2056 2283 2342 2349 mavimus,
2370 2292 2427 2341 et
2450 2285 2639 2339 annuli
2662 2285 2834 2340 nostri
2858 2287 3214 2358 impressione
3236 2290 3506 2362 assignari
3522 2291 3637 2362 jus-

2054 2372 2244 2429 simus.

2127 2460 2354 2534 Signum
2379 2462 2636 2520 budovici
2664 2466 2998 2521 serenissimi
3029 2467 3395 2539 imperatoris.

2125 2555 2521 2611 ilirminmarus
2552 2557 2794 2614 notarius
2838 2558 2906 2614 ad
2936 2560 3108 2616 vicem
3140 2561 3447 2635 Theogonis
3479 2578 3633 2621 reco-

2053 2646 2211 2718 gnovi
2241 2655 2296 2702 et
2320 2646 2635 2719 subscripsi.

2127 2737 2260 2793 Data
2299 2737 2424 2794 ldus
2453 2738 2781 2808 lllaii,anno,
2802 2740 3017 2799 Christo
3049 2744 3303 2815 propitio,
3325 2746 3389 2800 21
3423 2747 3636 2818 imperii

2054 2829 2236 2885 domui
2262 2828 2548 2896 Ludovici,
2582 2830 2814 2900 piissimi
2876 2818 3102 2906 Augusti
3133 2875 3150 2902 ,
3200 2835 3497 2893 indictione
3540 2837 3628 2892 12.

2051 2918 2245 2975 Actum
2269 2914 2599 2992 Aquisgrani
2615 2920 2818 2992 palatio
2849 2923 2999 2994 regio
3034 2924 3088 2979 in
3129 2924 3227 2982 Dei
3270 2927 3489 2984 nomine
3528 2926 3651 2983 feli-

2057 3011 2214 3069 citer.
2241 3011 2436 3069 Amen.

2774 3090 2932 3164 CXC.

2463 3210 2565 3252 rso
2599 3210 2849 3253 secessu
2888 3200 3241 3253 GERUA’DENSI.

2671 3285 2848 3358 (Anno
2883 3287 3033 3360 854.)

2063 3374 2297 3447 [Florez,
2328 3376 2551 3449 Espar'ta
2587 3378 2840 3449 sagrada,
2869 3386 3001 3435 tom.
3032 3379 3215 3446 XLII],
3241 3396 3361 3452 pag.
3398 3380 3523 3449 375,
3574 3398 3641 3439 ex

2375 3471 2584 3525 archiv.
2621 3470 2878 3541 epis'copii
2907 3470 3323 3546 Gerunclensis.]

2130 3556 2191 3610 In
2219 3559 2436 3615 nomine
2482 3560 2694 3614 Domini
2725 3560 2821 3614 Dei
2865 3568 2924 3614 et
2964 3562 3265 3618 salvatoris
3310 3565 3483 3620 nostri
3513 3564 3642 3621 Jesu

2060 3644 2283 3709 Christi:
2302 3647 2626 3708 Ludovicus.
2652 3648 2835 3703 divina
2851 3651 3179 3719 prepitiante
3201 3652 3512 3721 clementia,
3543 3656 3642 3710 im.

2061 3744 2281 3802 perator
2306 3734 2598 3807 Augustus.

2135 3823 2193 3878 Si
2222 3838 2352 3896 erga
2394 3824 2513 3880 loca
2541 3826 2740 3884 divinis
2785 3813 3022 3886 cultibus
3070 3831 3377 3903 mancipata
3423 3843 3644 3906 propter

2063 3929 2304 3970 amorem
2332 3917 2428 3973 Dei
2458 3917 2681 3990 ejusque
2722 3921 2774 3975 in
2816 3923 3017 3978 eisdem
3064 3925 3198 3981 locis
3237 3927 3369 3982 inibi
3410 3928 3519 3985 Deo
3564 3927 3644 3984 fa-

2063 4001 2683 4065 mulantibusbeneﬂcia
2713 4020 3015 4081 opportuna
3042 4014 3328 4086 largimur,
3358 4018 3638 4088 praemium

2066 4096 2205 4166 apud
2219 4097 2504 4155 Dominum
2522 4108 2742 4157 aeterna:
2766 4106 3217 4161 remunerationis
3243 4108 3395 4163 nobis
3423 4109 3640 4179 rependi

2066 4204 2173 4243 non
2213 4189 2521 4246 diﬂldimus.
2561 4192 2728 4264 Igitur
2754 4202 2940 4250 nutum
2970 4210 3091 4253 esse
3124 4198 3372 4254 volumus
3400 4199 3640 4260 omnium

2066 4275 2303 4337 ﬁdelium
2339 4291 2670 4351 nostrorum,
2702 4291 2811 4340 tam
2845 4289 3195 4358 prazsentium
3218 4306 3379 4360 quam
3411 4298 3466 4345 et
3494 4289 3641 4345 futu-

1990 4396 2044 4469 -D
2324 4372 2623 4440 industriae,
2672 4376 2797 4445 quia
2843 4379 3169 4436 venerabilis
3195 4379 3403 4436 Wimer
3441 4388 3642 4439 sancta:

2070 4461 2436 4520 Gemndensis
2478 4465 2734 4521 Ecclesia:
2796 4471 3083 4541 episcopus
3148 4481 3388 4527 nostram
3455 4474 3647 4528 adiens

2067 4551 2445 4637 celsitudinem
2487 4555 2643 4625 petiit
2674 4563 2734 4610 ut
2759 4568 3111 4616 memoratam
3140 4563 3321 4617 sedem
3353 4576 3477 4617 cum
3502 4563 3643 4618 villis

2069 4652 2127 4697 et
2170 4644 2477 4699 hominibus
2522 4662 2553 4700 a
2597 4646 2798 4704 domno
2843 4659 2898 4705 et
2941 4652 3188 4721 genitore
3222 4662 3410 4709 nostro
3448 4654 3643 4711 Carolo

2067 4736 2296 4805 aliisque
2324 4736 2531 4792 devotis
2560 4739 2870 4794 hominibus
2896 4740 3071 4794 eidem
3098 4742 3213 4797 sedi
3242 4743 3471 4810 collatis,
3509 4760 3644 4812 quas
3688 4790 3697 4803 .

2069 4827 2215 4881 nunc
2256 4828 2537 4897 possidere
2584 4828 2940 4901 dignoscitur,
2977 4829 3031 4884 id
3063 4840 3167 4897 est,
3196 4832 3249 4887 in
3278 4847 3417 4904 pago
3444 4834 3643 4904 Empu-

2069 4915 2247 4973 ritano
2282 4916 2464 4972 villam
2503 4925 2868 4987 nuncupatam
2896 4918 3122 4975 Olianus
3149 4937 3270 4976 cum
3315 4921 3428 4977 suis
3460 4921 3644 4976 termi-

390 5018 648 5083 ferimus,
702 5021 754 5074 id
786 5021 941 5075 nobis
977 5028 1035 5074 ει
1071 5022 1139 5075 ad
1183 5021 1475 5076 male".
1519 5021 1689 5076 vim
1740 5022 1970 5078 [θηρίων
2065 5007 2175 5074 nis,
2203 5015 2258 5061 et
2286 5007 2465 5063 villam
2496 5016 2776 5064 vocantem
2802 5009 3159 5077 Cacavianns,
3185 5028 3249 5068 ac
3274 5012 3516 5068 villarem
3548 5027 3645 5065 an-

390 5110 820 5181 transigendam,
875 5120 934 5165 et
979 5112 1048 5166 ad
1094 5122 1353 5169 aeternam
1401 5113 1785 5184 perpetualiter
1820 5113 1964 5168 obti-

389 5201 621 5257 nendam
668 5200 1008 5270 profuturum
1053 5203 1256 5273 liquido
1297 5204 1586 5259 credimus.
1625 5204 1830 5260 Idcirco
1870 5221 1965 5259 no-

388 5301 502 5347 tum
563 5292 678 5346 ﬁeri
735 5291 979 5347 volumus
1028 5295 1270 5349 omnium
1331 5294 1567 5350 fidelium
1616 5303 1959 5357 nostrorum,

387 5391 497 5436 tam
524 5383 866 5452 praasentium
895 5397 1056 5452 quam
1078 5390 1134 5436 et
1161 5382 1494 5450 futurorum,
1531 5384 1765 5439 solertiae
1785 5425 1799 5450 ,
1835 5385 1961 5455 quia

387 5472 712 5541 complacuit
758 5472 1035 5528 scrrnitati
1070 5482 1293 5539 nostra},
1343 5476 1602 5543 quasdam
1641 5475 1792 5527 villas
1824 5476 1964 5546 juris

384 5562 593 5629 nostri,
638 5566 772 5618 sitas
828 5567 883 5619 in
934 5563 1217 5635 Anguriis,
1262 5565 1316 5618 in
1354 5564 1550 5635 Logni,
1596 5580 1825 5633 quarum
1870 5579 1965 5620 vo—

386 5655 578 5714 cabula
616 5668 738 5715 sunt
778 5659 1023 5716 Sulbichi
1053 5666 1109 5712 et
1148 5658 1423 5721 llemllon,
1464 5659 1794 5715 nmnastcrin
1817 5660 1965 5732 quod

2066 5098 2276 5167 tiquum
2300 5096 2630 5165 Celsianum,
2665 5114 2790 5154 cum
2834 5100 3018 5155 villula
3049 5117 3208 5167 nova,
3259 5117 3420 5171 quam
3450 5110 3644 5156 vocant

2069 5185 2330 5252 Vellosos,
2368 5201 2491 5242 cum
2531 5188 2755 5243 castello
2795 5205 2999 5261 suoque
3040 5191 3290 5256 termino,
3331 5198 3385 5245 ct
3424 5191 3476 5245 in
3506 5203 3645 5260 pago

2066 5275 2419 5334 Gerumlcnse
2457 5278 2803 5333 medietatem
2836 5279 2903 5334 de
2939 5278 3059 5333 villa
3095 5277 3336 5347 Mollcro,
3371 5289 3427 5335 ct
3455 5280 3642 5337 Millia-

2069 5384 2187 5424 sam
2216 5368 2416 5431 villam,
2463 5376 2797 5438 craterasque
2843 5385 2927 5422 res
2972 5385 3109 5437 quas
3150 5386 3182 5425 a
3212 5372 3369 5442 longo
3403 5379 3644 5443 tempore

2070 5462 2204 5517 inibi
2229 5461 2507 5531 possidere
2549 5462 2904 5532 dignoscitur,
2948 5462 3106 5517 simul
3147 5480 3266 5518 cum
3301 5465 3458 5518 tertia
3489 5471 3642 5535 parte

2070 5552 2137 5605 dc
2184 5550 2491 5621 pascuario,
2543 5559 2602 5605 et
2645 5551 2853 5606 teloneo
2900 5552 2967 5607 tle
3021 5551 3139 5622 ipso
3191 5568 3348 5625 pago,
3399 5553 3640 5622 aliasque

2071 5642 2246 5708 villas,
2290 5653 2525 5710 quarum
2571 5639 2830 5696 vocabula
2871 5650 3001 5698 sunt
3041 5642 3330 5699 Castellum
3385 5642 3637 5707 fractum,
