  <div class='ocr_page' id='page_1' title='image "/cluster/home/n/w/nwhite01/storage/ocr_20150623/104/hvd.32044052819794/634.png"; bbox 0 0 4006 6178; ppageno 0'>
   <div class='ocr_carea' id='block_1_1' title="bbox 313 364 444 419">
    <p class='ocr_par' dir='ltr' id='par_1_1' title="bbox 313 364 444 419">
     <span class='ocr_line' id='line_1_1' title="bbox 313 364 444 419; baseline -0.008 0"><span class='ocrx_word' id='word_1_1' title='bbox 313 364 444 419; x_wconf 61' lang='lat' dir='ltr'><strong>fill-&#39;1</strong></span> 
     </span>
    </p>
   </div>
   <div class='ocr_carea' id='block_1_2' title="bbox 1434 344 2424 405">
    <p class='ocr_par' dir='ltr' id='par_1_2' title="bbox 1434 344 2424 405">
     <span class='ocr_line' id='line_1_2' title="bbox 1434 344 2424 405; baseline -0.003 0"><span class='ocrx_word' id='word_1_2' title='bbox 1434 349 1822 405; x_wconf 73' lang='lat' dir='ltr'><strong>DlPLOItlATA</strong></span> <span class='ocrx_word' id='word_1_3' title='bbox 1870 344 2424 404; x_wconf 77' lang='lat' dir='ltr'><strong>ECCLESIASTICA.</strong></span> 
     </span>
    </p>
   </div>
   <div class='ocr_carea' id='block_1_3' title="bbox 3417 343 3554 399">
    <p class='ocr_par' dir='ltr' id='par_1_3' title="bbox 3417 343 3554 399">
     <span class='ocr_line' id='line_1_3' title="bbox 3417 343 3554 399; baseline 0.022 -3"><span class='ocrx_word' id='word_1_4' title='bbox 3417 343 3439 396; x_wconf 71' lang='grc'><strong>1</strong></span> <span class='ocrx_word' id='word_1_5' title='bbox 3452 344 3554 399; x_wconf 71' lang='lat'><strong>238</strong></span> 
     </span>
    </p>
   </div>
   <div class='ocr_carea' id='block_1_4' title="bbox 308 450 3559 538">
    <p class='ocr_par' dir='ltr' id='par_1_4' title="bbox 308 450 3559 538">
     <span class='ocr_line' id='line_1_4' title="bbox 308 450 3559 538; baseline -0.006 -9"><span class='ocrx_word' id='word_1_6' title='bbox 308 474 478 530; x_wconf 99' lang='lat' dir='ltr'><strong>sancti</strong></span> <span class='ocrx_word' id='word_1_7' title='bbox 513 470 678 535; x_wconf 79' lang='lat' dir='ltr'><strong>Petri,</strong></span> <span class='ocrx_word' id='word_1_8' title='bbox 705 467 847 538; x_wconf 87' lang='lat' dir='ltr'><strong>quod</strong></span> <span class='ocrx_word' id='word_1_9' title='bbox 876 462 1183 534; x_wconf 83' lang='lat' dir='ltr'><strong>aliquandiu</strong></span> <span class='ocrx_word' id='word_1_10' title='bbox 1221 460 1288 515; x_wconf 87' lang='lat' dir='ltr'><strong>ab</strong></span> <span class='ocrx_word' id='word_1_11' title='bbox 1326 474 1511 514; x_wconf 90' lang='lat' dir='ltr'><strong>eorum</strong></span> <span class='ocrx_word' id='word_1_12' title='bbox 1545 457 1668 527; x_wconf 93' lang='lat' dir='ltr'><strong>jure</strong></span> <span class='ocrx_word' id='word_1_13' title='bbox 1712 466 1763 511; x_wconf 87' lang='lat' dir='ltr'><strong>et</strong></span> <span class='ocrx_word' id='word_1_14' title='bbox 1808 457 1887 511; x_wconf 87' lang='lat' dir='ltr'><strong>di-</strong></span> <span class='ocrx_word' id='word_1_15' title='bbox 1914 473 1963 531; x_wconf 69' lang='grc' dir='ltr'><strong>Α</strong></span> <span class='ocrx_word' id='word_1_16' title='bbox 1990 452 2596 516; x_wconf 71' lang='lat' dir='ltr'><strong>reddidimusecclesim,</strong></span> <span class='ocrx_word' id='word_1_17' title='bbox 2618 464 2835 506; x_wconf 87' lang='lat' dir='ltr'><strong>necnon</strong></span> <span class='ocrx_word' id='word_1_18' title='bbox 2853 459 2907 506; x_wconf 93' lang='lat' dir='ltr'><strong>et</strong></span> <span class='ocrx_word' id='word_1_19' title='bbox 2928 450 3221 523; x_wconf 88' lang='lat' dir='ltr'><strong>deiisquas</strong></span> <span class='ocrx_word' id='word_1_20' title='bbox 3241 463 3367 510; x_wconf 83' lang='lat' dir='ltr'><strong>ante</strong></span> <span class='ocrx_word' id='word_1_21' title='bbox 3388 455 3559 526; x_wconf 82' lang='lat' dir='ltr'><strong>ipsam</strong></span> 
     </span>
    </p>
   </div>
   <div class='ocr_carea' id='block_1_5' title="bbox 308 549 1885 622">
    <p class='ocr_par' dir='ltr' id='par_1_5' title="bbox 308 549 1885 622">
     <span class='ocr_line' id='line_1_5' title="bbox 308 549 1885 622; baseline -0.013 0"><span class='ocrx_word' id='word_1_22' title='bbox 308 567 453 622; x_wconf 88' lang='lat' dir='ltr'><strong>tione</strong></span> <span class='ocrx_word' id='word_1_23' title='bbox 488 562 825 619; x_wconf 87' lang='lat' dir='ltr'><strong>subtractum</strong></span> <span class='ocrx_word' id='word_1_24' title='bbox 873 556 1073 621; x_wconf 90' lang='lat' dir='ltr'><strong>fuerat,</strong></span> <span class='ocrx_word' id='word_1_25' title='bbox 1124 553 1321 609; x_wconf 84' lang='lat' dir='ltr'><strong>abhinc</strong></span> <span class='ocrx_word' id='word_1_26' title='bbox 1366 553 1419 607; x_wconf 89' lang='lat' dir='ltr'><strong>in</strong></span> <span class='ocrx_word' id='word_1_27' title='bbox 1474 559 1750 621; x_wconf 89' lang='lat' dir='ltr'><strong>posterum</strong></span> <span class='ocrx_word' id='word_1_28' title='bbox 1789 549 1885 603; x_wconf 89' lang='lat' dir='ltr'><strong>ha-</strong></span> 
     </span>
    </p>
   </div>
   <div class='ocr_carea' id='block_1_6' title="bbox 307 640 1886 724">
    <p class='ocr_par' dir='ltr' id='par_1_6' title="bbox 307 640 1886 724">
     <span class='ocr_line' id='line_1_6' title="bbox 307 640 1886 724; baseline -0.011 -13"><span class='ocrx_word' id='word_1_29' title='bbox 307 658 466 712; x_wconf 91' lang='lat' dir='ltr'><strong>beant</strong></span> <span class='ocrx_word' id='word_1_30' title='bbox 505 662 668 724; x_wconf 84' lang='lat' dir='ltr'><strong>atque</strong></span> <span class='ocrx_word' id='word_1_31' title='bbox 694 648 1025 720; x_wconf 80' lang='lat' dir='ltr'><strong>possideant,</strong></span> <span class='ocrx_word' id='word_1_32' title='bbox 1062 654 1117 701; x_wconf 89' lang='lat' dir='ltr'><strong>et</strong></span> <span class='ocrx_word' id='word_1_33' title='bbox 1145 644 1403 715; x_wconf 87' lang='lat' dir='ltr'><strong>quidquid</strong></span> <span class='ocrx_word' id='word_1_34' title='bbox 1444 652 1595 698; x_wconf 86' lang='lat' dir='ltr'><strong>more</strong></span> <span class='ocrx_word' id='word_1_35' title='bbox 1633 640 1886 698; x_wconf 87' lang='lat' dir='ltr'><strong>ecclesia-</strong></span> 
     </span>
    </p>
   </div>
   <div class='ocr_carea' id='block_1_7' title="bbox 307 734 1886 811">
    <p class='ocr_par' dir='ltr' id='par_1_7' title="bbox 307 734 1886 811">
     <span class='ocr_line' id='line_1_7' title="bbox 307 734 1886 811; baseline -0.01 -9"><span class='ocrx_word' id='word_1_36' title='bbox 307 748 443 803; x_wconf 88' lang='lat' dir='ltr'><strong>stico</strong></span> <span class='ocrx_word' id='word_1_37' title='bbox 478 746 545 801; x_wconf 91' lang='lat' dir='ltr'><strong>de</strong></span> <span class='ocrx_word' id='word_1_38' title='bbox 590 758 657 799; x_wconf 92' lang='lat' dir='ltr'><strong>eo</strong></span> <span class='ocrx_word' id='word_1_39' title='bbox 701 742 987 811; x_wconf 84' lang='lat' dir='ltr'><strong>disponere</strong></span> <span class='ocrx_word' id='word_1_40' title='bbox 1038 736 1327 801; x_wconf 85' lang='lat' dir='ltr'><strong>voluerint,</strong></span> <span class='ocrx_word' id='word_1_41' title='bbox 1380 735 1607 791; x_wconf 81' lang='lat' dir='ltr'><strong>liberam</strong></span> <span class='ocrx_word' id='word_1_42' title='bbox 1654 734 1886 788; x_wconf 84' lang='lat' dir='ltr'><strong>habeant</strong></span> 
     </span>
    </p>
   </div>
   <div class='ocr_carea' id='block_1_8' title="bbox 306 824 1881 906">
    <p class='ocr_par' dir='ltr' id='par_1_8' title="bbox 306 824 1881 906">
     <span class='ocr_line' id='line_1_8' title="bbox 306 824 1881 906; baseline -0.008 -14"><span class='ocrx_word' id='word_1_43' title='bbox 306 844 643 906; x_wconf 80' lang='lat' dir='ltr'><strong>poteStatem,</strong></span> <span class='ocrx_word' id='word_1_44' title='bbox 669 846 845 903; x_wconf 89' lang='lat' dir='ltr'><strong>neque</strong></span> <span class='ocrx_word' id='word_1_45' title='bbox 870 830 981 885; x_wconf 92' lang='lat' dir='ltr'><strong>ullo</strong></span> <span class='ocrx_word' id='word_1_46' title='bbox 1008 829 1260 899; x_wconf 81' lang='lat' dir='ltr'><strong>deinceps</strong></span> <span class='ocrx_word' id='word_1_47' title='bbox 1284 836 1524 897; x_wconf 89' lang='lat' dir='ltr'><strong>tempore</strong></span> <span class='ocrx_word' id='word_1_48' title='bbox 1550 842 1580 881; x_wconf 90' lang='lat' dir='ltr'><strong>a</strong></span> <span class='ocrx_word' id='word_1_49' title='bbox 1599 824 1725 894; x_wconf 86' lang='lat' dir='ltr'><strong>jure</strong></span> <span class='ocrx_word' id='word_1_50' title='bbox 1748 841 1881 896; x_wconf 65' lang='lat' dir='ltr'><strong>prte-</strong></span> 
     </span>
    </p>
   </div>
   <div class='ocr_carea' id='block_1_9' title="bbox 307 915 1887 996">
    <p class='ocr_par' dir='ltr' id='par_1_9' title="bbox 307 915 1887 996">
     <span class='ocr_line' id='line_1_9' title="bbox 307 915 1887 996; baseline -0.009 -14"><span class='ocrx_word' id='word_1_51' title='bbox 307 921 522 996; x_wconf 62' lang='lat' dir='ltr'><strong>sci‘iptaa</strong></span> <span class='ocrx_word' id='word_1_52' title='bbox 544 924 691 980; x_wconf 87' lang='lat' dir='ltr'><strong>sedis</strong></span> <span class='ocrx_word' id='word_1_53' title='bbox 727 937 822 977; x_wconf 90' lang='lat' dir='ltr'><strong>seu</strong></span> <span class='ocrx_word' id='word_1_54' title='bbox 856 919 974 989; x_wconf 91' lang='lat' dir='ltr'><strong>ejus</strong></span> <span class='ocrx_word' id='word_1_55' title='bbox 1018 926 1291 974; x_wconf 80' lang='lat' dir='ltr'><strong>rectorum</strong></span> <span class='ocrx_word' id='word_1_56' title='bbox 1330 917 1567 987; x_wconf 91' lang='lat' dir='ltr'><strong>qualibet</strong></span> <span class='ocrx_word' id='word_1_57' title='bbox 1604 915 1887 972; x_wconf 84' lang='lat' dir='ltr'><strong>occasione</strong></span> 
     </span>
    </p>
   </div>
   <div class='ocr_carea' id='block_1_10' title="bbox 309 1011 1891 1086">
    <p class='ocr_par' dir='ltr' id='par_1_10' title="bbox 309 1011 1891 1086">
     <span class='ocr_line' id='line_1_10' title="bbox 309 1011 1891 1086; baseline -0.005 -13"><span class='ocrx_word' id='word_1_58' title='bbox 309 1028 402 1074; x_wconf 91' lang='lat' dir='ltr'><strong>aut</strong></span> <span class='ocrx_word' id='word_1_59' title='bbox 425 1017 678 1074; x_wconf 81' lang='lat' dir='ltr'><strong>violentia</strong></span> <span class='ocrx_word' id='word_1_60' title='bbox 705 1022 1036 1086; x_wconf 83' lang='lat' dir='ltr'><strong>segregetur,</strong></span> <span class='ocrx_word' id='word_1_61' title='bbox 1076 1012 1171 1066; x_wconf 83' lang='lat' dir='ltr'><strong>sed</strong></span> <span class='ocrx_word' id='word_1_62' title='bbox 1201 1026 1414 1081; x_wconf 86' lang='lat' dir='ltr'><strong>semper</strong></span> <span class='ocrx_word' id='word_1_63' title='bbox 1445 1011 1498 1066; x_wconf 94' lang='lat' dir='ltr'><strong>in</strong></span> <span class='ocrx_word' id='word_1_64' title='bbox 1534 1011 1677 1066; x_wconf 91' lang='lat' dir='ltr'><strong>illius</strong></span> <span class='ocrx_word' id='word_1_65' title='bbox 1711 1018 1891 1067; x_wconf 87' lang='lat' dir='ltr'><strong>recto-</strong></span> 
     </span>
    </p>
   </div>
   <div class='ocr_carea' id='block_1_11' title="bbox 310 1102 1890 1182">
    <p class='ocr_par' dir='ltr' id='par_1_11' title="bbox 310 1102 1890 1182">
     <span class='ocr_line' id='line_1_11' title="bbox 310 1102 1890 1182; baseline -0.004 -15"><span class='ocrx_word' id='word_1_66' title='bbox 310 1126 537 1182; x_wconf 90' lang='lat' dir='ltr'><strong>rumque</strong></span> <span class='ocrx_word' id='word_1_67' title='bbox 560 1108 675 1178; x_wconf 83' lang='lat' dir='ltr'><strong>ejus</strong></span> <span class='ocrx_word' id='word_1_68' title='bbox 701 1115 962 1178; x_wconf 81' lang='lat' dir='ltr'><strong>potestate</strong></span> <span class='ocrx_word' id='word_1_69' title='bbox 986 1114 1041 1162; x_wconf 91' lang='lat' dir='ltr'><strong>et</strong></span> <span class='ocrx_word' id='word_1_70' title='bbox 1060 1105 1409 1177; x_wconf 87' lang='lat' dir='ltr'><strong>dispositione</strong></span> <span class='ocrx_word' id='word_1_71' title='bbox 1429 1121 1494 1160; x_wconf 92' lang='lat' dir='ltr'><strong>ac</strong></span> <span class='ocrx_word' id='word_1_72' title='bbox 1516 1105 1790 1161; x_wconf 83' lang='lat' dir='ltr'><strong>voluntate</strong></span> <span class='ocrx_word' id='word_1_73' title='bbox 1820 1102 1890 1160; x_wconf 91' lang='lat' dir='ltr'><strong>ad</strong></span> 
     </span>
    </p>
   </div>
   <div class='ocr_carea' id='block_1_12' title="bbox 310 1194 1891 1268">
    <p class='ocr_par' dir='ltr' id='par_1_12' title="bbox 310 1194 1891 1268">
     <span class='ocr_line' id='line_1_12' title="bbox 310 1194 1891 1268; baseline -0.007 -9"><span class='ocrx_word' id='word_1_74' title='bbox 310 1203 546 1259; x_wconf 87' lang='lat' dir='ltr'><strong>divinum</strong></span> <span class='ocrx_word' id='word_1_75' title='bbox 576 1198 780 1255; x_wconf 90' lang='lat' dir='ltr'><strong>cultum</strong></span> <span class='ocrx_word' id='word_1_76' title='bbox 804 1194 1123 1268; x_wconf 88' lang='lat' dir='ltr'><strong>prepensius</strong></span> <span class='ocrx_word' id='word_1_77' title='bbox 1146 1194 1547 1264; x_wconf 77' lang='lat' dir='ltr'><strong>exsequendum</strong></span> <span class='ocrx_word' id='word_1_78' title='bbox 1570 1209 1691 1249; x_wconf 89' lang='lat' dir='ltr'><strong>cum</strong></span> <span class='ocrx_word' id='word_1_79' title='bbox 1722 1194 1891 1249; x_wconf 90' lang='lat' dir='ltr'><strong>omni-</strong></span> 
     </span>
    </p>
   </div>
   <div class='ocr_carea' id='block_1_13' title="bbox 309 1282 1890 1358">
    <p class='ocr_par' dir='ltr' id='par_1_13' title="bbox 309 1282 1890 1358">
     <span class='ocr_line' id='line_1_13' title="bbox 309 1282 1890 1358; baseline -0.008 -10"><span class='ocrx_word' id='word_1_80' title='bbox 309 1294 411 1348; x_wconf 86' lang='lat' dir='ltr'><strong>bus</strong></span> <span class='ocrx_word' id='word_1_81' title='bbox 439 1290 507 1346; x_wconf 88' lang='lat' dir='ltr'><strong>ad</strong></span> <span class='ocrx_word' id='word_1_82' title='bbox 550 1303 608 1344; x_wconf 91' lang='lat' dir='ltr'><strong>se</strong></span> <span class='ocrx_word' id='word_1_83' title='bbox 646 1285 1045 1358; x_wconf 90' lang='lat' dir='ltr'><strong>pertinentibus</strong></span> <span class='ocrx_word' id='word_1_84' title='bbox 1082 1282 1426 1353; x_wconf 77' lang='lat' dir='ltr'><strong>integerrime</strong></span> <span class='ocrx_word' id='word_1_85' title='bbox 1467 1282 1890 1352; x_wconf 89' lang='lat' dir='ltr'><strong>sincerrimeque</strong></span> 
     </span>
    </p>
   </div>
   <div class='ocr_carea' id='block_1_14' title="bbox 308 1372 1891 1453">
    <p class='ocr_par' dir='ltr' id='par_1_14' title="bbox 308 1372 1891 1453">
     <span class='ocr_line' id='line_1_14' title="bbox 308 1372 1891 1453; baseline -0.007 -16"><span class='ocrx_word' id='word_1_86' title='bbox 308 1388 568 1453; x_wconf 89' lang='lat' dir='ltr'><strong>perpetuo</strong></span> <span class='ocrx_word' id='word_1_87' title='bbox 621 1377 903 1435; x_wconf 85' lang='lat' dir='ltr'><strong>consistat.</strong></span> <span class='ocrx_word' id='word_1_88' title='bbox 950 1374 1019 1429; x_wconf 86' lang='lat' dir='ltr'><strong>Et</strong></span> <span class='ocrx_word' id='word_1_89' title='bbox 1062 1381 1124 1428; x_wconf 88' lang='lat' dir='ltr'><strong>ut</strong></span> <span class='ocrx_word' id='word_1_90' title='bbox 1155 1373 1270 1429; x_wconf 57' lang='lat' dir='ltr'><strong>haec</strong></span> <span class='ocrx_word' id='word_1_91' title='bbox 1319 1381 1518 1428; x_wconf 61' lang='lat' dir='ltr'><strong>nostrae</strong></span> <span class='ocrx_word' id='word_1_92' title='bbox 1571 1372 1891 1427; x_wconf 89' lang='lat' dir='ltr'><strong>redditionis</strong></span> 
     </span>
    </p>
   </div>
   <div class='ocr_carea' id='block_1_15' title="bbox 310 1461 1889 1538">
    <p class='ocr_par' dir='ltr' id='par_1_15' title="bbox 310 1461 1889 1538">
     <span class='ocr_line' id='line_1_15' title="bbox 310 1461 1889 1538; baseline -0.008 -11"><span class='ocrx_word' id='word_1_93' title='bbox 310 1470 604 1527; x_wconf 84' lang='lat' dir='ltr'><strong>auctoritas</strong></span> <span class='ocrx_word' id='word_1_94' title='bbox 639 1474 957 1538; x_wconf 86' lang='lat' dir='ltr'><strong>perpetuam</strong></span> <span class='ocrx_word' id='word_1_95' title='bbox 1014 1463 1258 1519; x_wconf 86' lang='lat' dir='ltr'><strong>obtineat</strong></span> <span class='ocrx_word' id='word_1_96' title='bbox 1318 1461 1666 1526; x_wconf 84' lang='lat' dir='ltr'><strong>ﬁrmitatem,</strong></span> <span class='ocrx_word' id='word_1_97' title='bbox 1727 1477 1889 1517; x_wconf 88' lang='lat' dir='ltr'><strong>manu</strong></span> 
     </span>
    </p>
   </div>
   <div class='ocr_carea' id='block_1_16' title="bbox 310 1555 1892 1637">
    <p class='ocr_par' dir='ltr' id='par_1_16' title="bbox 310 1555 1892 1637">
     <span class='ocr_line' id='line_1_16' title="bbox 310 1555 1892 1637; baseline -0.004 -21"><span class='ocrx_word' id='word_1_98' title='bbox 310 1563 528 1637; x_wconf 84' lang='lat' dir='ltr'><strong>propria</strong></span> <span class='ocrx_word' id='word_1_99' title='bbox 557 1562 742 1618; x_wconf 86' lang='lat' dir='ltr'><strong>subter</strong></span> <span class='ocrx_word' id='word_1_100' title='bbox 774 1573 893 1613; x_wconf 87' lang='lat' dir='ltr'><strong>eam</strong></span> <span class='ocrx_word' id='word_1_101' title='bbox 924 1556 1280 1623; x_wconf 90' lang='lat' dir='ltr'><strong>ﬁrmavimus,</strong></span> <span class='ocrx_word' id='word_1_102' title='bbox 1306 1563 1358 1611; x_wconf 90' lang='lat' dir='ltr'><strong>et</strong></span> <span class='ocrx_word' id='word_1_103' title='bbox 1390 1555 1457 1613; x_wconf 92' lang='lat' dir='ltr'><strong>de</strong></span> <span class='ocrx_word' id='word_1_104' title='bbox 1481 1555 1680 1612; x_wconf 89' lang='lat' dir='ltr'><strong>annulo</strong></span> <span class='ocrx_word' id='word_1_105' title='bbox 1706 1562 1892 1610; x_wconf 89' lang='lat' dir='ltr'><strong>nostro</strong></span> 
     </span>
    </p>
   </div>
   <div class='ocr_carea' id='block_1_17' title="bbox 306 1648 1190 1725">
    <p class='ocr_par' dir='ltr' id='par_1_17' title="bbox 306 1648 1190 1725">
     <span class='ocr_line' id='line_1_17' title="bbox 306 1648 1190 1725; baseline -0.009 -15"><span class='ocrx_word' id='word_1_106' title='bbox 306 1655 567 1725; x_wconf 83' lang='lat' dir='ltr'><strong>jussimus</strong></span> <span class='ocrx_word' id='word_1_107' title='bbox 593 1651 834 1724; x_wconf 87' lang='lat' dir='ltr'><strong>sigillari.</strong></span> <span class='ocrx_word' id='word_1_108' title='bbox 861 1648 1190 1704; x_wconf 82' lang='lat' dir='ltr'><strong>Ludovicus.</strong></span> 
     </span>
    </p>
   </div>
   <div class='ocr_carea' id='block_1_18' title="bbox 381 1736 1889 1814">
    <p class='ocr_par' dir='ltr' id='par_1_18' title="bbox 381 1736 1889 1814">
     <span class='ocr_line' id='line_1_18' title="bbox 381 1736 1889 1814; baseline -0.005 -14"><span class='ocrx_word' id='word_1_109' title='bbox 381 1745 780 1801; x_wconf 79' lang='lat' dir='ltr'><strong>Hirminmarus</strong></span> <span class='ocrx_word' id='word_1_110' title='bbox 797 1740 1040 1798; x_wconf 88' lang='lat' dir='ltr'><strong>notarius</strong></span> <span class='ocrx_word' id='word_1_111' title='bbox 1057 1740 1126 1794; x_wconf 86' lang='lat' dir='ltr'><strong>ad</strong></span> <span class='ocrx_word' id='word_1_112' title='bbox 1145 1739 1317 1795; x_wconf 84' lang='lat' dir='ltr'><strong>vicem</strong></span> <span class='ocrx_word' id='word_1_113' title='bbox 1342 1737 1582 1814; x_wconf 80' lang='lat' dir='ltr'><strong>Hugonis</strong></span> <span class='ocrx_word' id='word_1_114' title='bbox 1602 1736 1889 1810; x_wconf 75' lang='lat' dir='ltr'><strong>recognovi</strong></span> 
     </span>
    </p>
   </div>
   <div class='ocr_carea' id='block_1_19' title="bbox 310 1833 712 1905">
    <p class='ocr_par' dir='ltr' id='par_1_19' title="bbox 310 1833 712 1905">
     <span class='ocr_line' id='line_1_19' title="bbox 310 1833 712 1905; baseline -0.007 -14"><span class='ocrx_word' id='word_1_115' title='bbox 310 1846 364 1891; x_wconf 75' lang='lat' dir='ltr'><strong>et</strong></span> <span class='ocrx_word' id='word_1_116' title='bbox 393 1833 712 1905; x_wconf 89' lang='lat' dir='ltr'><strong>subscripsi.</strong></span> 
     </span>
    </p>
   </div>
   <div class='ocr_carea' id='block_1_20' title="bbox 382 1921 1892 1996">
    <p class='ocr_par' dir='ltr' id='par_1_20' title="bbox 382 1921 1892 1996">
     <span class='ocr_line' id='line_1_20' title="bbox 382 1921 1892 1996; baseline -0.004 -13"><span class='ocrx_word' id='word_1_117' title='bbox 382 1928 517 1983; x_wconf 87' lang='lat' dir='ltr'><strong>Data</strong></span> <span class='ocrx_word' id='word_1_118' title='bbox 545 1943 599 1981; x_wconf 72' lang='grc' dir='ltr'><strong>ιι</strong></span> <span class='ocrx_word' id='word_1_119' title='bbox 620 1925 844 1981; x_wconf 83' lang='lat' dir='ltr'><strong>Kalend.</strong></span> <span class='ocrx_word' id='word_1_120' title='bbox 870 1924 1066 1996; x_wconf 79' lang='lat' dir='ltr'><strong>April.,</strong></span> <span class='ocrx_word' id='word_1_121' title='bbox 1097 1938 1261 1988; x_wconf 88' lang='lat' dir='ltr'><strong>anno,</strong></span> <span class='ocrx_word' id='word_1_122' title='bbox 1287 1921 1506 1977; x_wconf 90' lang='lat' dir='ltr'><strong>Christo</strong></span> <span class='ocrx_word' id='word_1_123' title='bbox 1541 1923 1793 1993; x_wconf 89' lang='lat' dir='ltr'><strong>propitio,</strong></span> <span class='ocrx_word' id='word_1_124' title='bbox 1821 1922 1892 1978; x_wconf 74' lang='lat'><strong>23</strong></span> 
     </span>
    </p>
   </div>
   <div class='ocr_carea' id='block_1_21' title="bbox 312 2013 1887 2090">
    <p class='ocr_par' dir='ltr' id='par_1_21' title="bbox 312 2013 1887 2090">
     <span class='ocr_line' id='line_1_21' title="bbox 312 2013 1887 2090; baseline -0.006 -15"><span class='ocrx_word' id='word_1_125' title='bbox 312 2018 520 2090; x_wconf 90' lang='lat' dir='ltr'><strong>imperii</strong></span> <span class='ocrx_word' id='word_1_126' title='bbox 569 2016 822 2072; x_wconf 81' lang='lat' dir='ltr'><strong>Ludovici</strong></span> <span class='ocrx_word' id='word_1_127' title='bbox 872 2014 1099 2087; x_wconf 89' lang='lat' dir='ltr'><strong>piissimi</strong></span> <span class='ocrx_word' id='word_1_128' title='bbox 1150 2013 1408 2085; x_wconf 80' lang='lat' dir='ltr'><strong>Augusti,</strong></span> <span class='ocrx_word' id='word_1_129' title='bbox 1461 2013 1754 2070; x_wconf 87' lang='lat' dir='ltr'><strong>indictione</strong></span> <span class='ocrx_word' id='word_1_130' title='bbox 1805 2013 1887 2067; x_wconf 75' lang='grc'><strong>14.</strong></span> 
     </span>
    </p>
   </div>
   <div class='ocr_carea' id='block_1_22' title="bbox 312 2102 1890 2180">
    <p class='ocr_par' dir='ltr' id='par_1_22' title="bbox 312 2102 1890 2180">
     <span class='ocr_line' id='line_1_22' title="bbox 312 2102 1890 2180; baseline -0.006 -14"><span class='ocrx_word' id='word_1_131' title='bbox 312 2113 504 2166; x_wconf 82' lang='lat' dir='ltr'><strong>Actum</strong></span> <span class='ocrx_word' id='word_1_132' title='bbox 542 2107 864 2180; x_wconf 82' lang='lat' dir='ltr'><strong>Aquisgrani</strong></span> <span class='ocrx_word' id='word_1_133' title='bbox 891 2106 1089 2180; x_wconf 85' lang='lat' dir='ltr'><strong>palatio</strong></span> <span class='ocrx_word' id='word_1_134' title='bbox 1118 2106 1268 2177; x_wconf 79' lang='lat' dir='ltr'><strong>regio</strong></span> <span class='ocrx_word' id='word_1_135' title='bbox 1297 2103 1349 2158; x_wconf 90' lang='lat' dir='ltr'><strong>in</strong></span> <span class='ocrx_word' id='word_1_136' title='bbox 1392 2103 1489 2159; x_wconf 86' lang='lat' dir='ltr'><strong>Dei</strong></span> <span class='ocrx_word' id='word_1_137' title='bbox 1518 2104 1735 2161; x_wconf 90' lang='lat' dir='ltr'><strong>nomine</strong></span> <span class='ocrx_word' id='word_1_138' title='bbox 1771 2102 1890 2159; x_wconf 80' lang='lat' dir='ltr'><strong>feli-</strong></span> 
     </span>
    </p>
   </div>
   <div class='ocr_carea' id='block_1_23' title="bbox 315 2196 690 2252">
    <p class='ocr_par' dir='ltr' id='par_1_23' title="bbox 315 2196 690 2252">
     <span class='ocr_line' id='line_1_23' title="bbox 315 2196 690 2252; baseline -0.008 0"><span class='ocrx_word' id='word_1_139' title='bbox 315 2199 468 2252; x_wconf 86' lang='lat' dir='ltr'><strong>citer.</strong></span> <span class='ocrx_word' id='word_1_140' title='bbox 496 2196 690 2250; x_wconf 72' lang='lat' dir='ltr'><strong>Amen.</strong></span> 
     </span>
    </p>
   </div>
   <div class='ocr_carea' id='block_1_24' title="bbox 674 2282 1214 2340">
    <p class='ocr_par' dir='ltr' id='par_1_24' title="bbox 674 2282 1214 2340">
     <span class='ocr_line' id='line_1_24' title="bbox 674 2282 1214 2340; baseline -0.009 -1"><span class='ocrx_word' id='word_1_141' title='bbox 674 2285 679 2289; x_wconf 40' lang='grc'>⁴</span> <span class='ocrx_word' id='word_1_142' title='bbox 985 2282 1192 2340; x_wconf 75' lang='lat' dir='ltr'><strong>CXCIX</strong></span> <span class='ocrx_word' id='word_1_143' title='bbox 1205 2322 1214 2334; x_wconf 88' lang='lat'><strong>.</strong></span> 
     </span>
    </p>
   </div>
   <div class='ocr_carea' id='block_1_25' title="bbox 793 2387 1418 2433">
    <p class='ocr_par' dir='ltr' id='par_1_25' title="bbox 793 2387 1418 2433">
     <span class='ocr_line' id='line_1_25' title="bbox 793 2387 1418 2433; baseline -0.008 -4"><span class='ocrx_word' id='word_1_144' title='bbox 793 2390 894 2431; x_wconf 69' lang='lat' dir='ltr'><strong>PRO</strong></span> <span class='ocrx_word' id='word_1_145' title='bbox 931 2388 1108 2429; x_wconf 68' lang='grc' dir='ltr'><strong>ΕΔΜ-ΣΙ</strong></span> <span class='ocrx_word' id='word_1_146' title='bbox 1147 2387 1418 2433; x_wconf 69' lang='grc' dir='ltr'><strong>εεοιεειλ.</strong></span> 
     </span>
    </p>
   </div>
   <div class='ocr_carea' id='block_1_26' title="bbox 825 2461 1288 2535">
    <p class='ocr_par' dir='ltr' id='par_1_26' title="bbox 825 2461 1288 2535">
     <span class='ocr_line' id='line_1_26' title="bbox 825 2461 1288 2535; baseline -0.002 -19"><span class='ocrx_word' id='word_1_147' title='bbox 825 2523 831 2529; x_wconf 49' lang='grc'>,</span> <span class='ocrx_word' id='word_1_148' title='bbox 925 2464 1099 2535; x_wconf 75' lang='lat' dir='ltr'><strong>(Anno</strong></span> <span class='ocrx_word' id='word_1_149' title='bbox 1137 2461 1288 2532; x_wconf 73' lang='lat'><strong>834.)</strong></span> 
     </span>
    </p>
   </div>
   <div class='ocr_carea' id='block_1_27' title="bbox 670 2549 1538 2628">
    <p class='ocr_par' dir='ltr' id='par_1_27' title="bbox 670 2549 1538 2628">
     <span class='ocr_line' id='line_1_27' title="bbox 670 2549 1538 2628; baseline -0.012 -17"><span class='ocrx_word' id='word_1_150' title='bbox 670 2555 847 2628; x_wconf 83' lang='lat' dir='ltr'><strong>[Apud</strong></span> <span class='ocrx_word' id='word_1_151' title='bbox 866 2553 1073 2617; x_wconf 84' lang='lat' dir='ltr'><strong>Baluz.,</strong></span> <span class='ocrx_word' id='word_1_152' title='bbox 1098 2551 1251 2617; x_wconf 84' lang='lat' dir='ltr'><strong>ibid.,</strong></span> <span class='ocrx_word' id='word_1_153' title='bbox 1274 2567 1397 2622; x_wconf 84' lang='lat' dir='ltr'><strong>pag.</strong></span> <span class='ocrx_word' id='word_1_154' title='bbox 1424 2549 1538 2623; x_wconf 84' lang='lat'><strong>87.]</strong></span> 
     </span>
    </p>
   </div>
   <div class='ocr_carea' id='block_1_28' title="bbox 386 2636 1896 2701">
    <p class='ocr_par' dir='ltr' id='par_1_28' title="bbox 386 2636 1896 2701">
     <span class='ocr_line' id='line_1_28' title="bbox 386 2636 1896 2701; baseline -0.007 1"><span class='ocrx_word' id='word_1_155' title='bbox 386 2648 442 2701; x_wconf 79' lang='lat' dir='ltr'><strong>In</strong></span> <span class='ocrx_word' id='word_1_156' title='bbox 470 2647 685 2701; x_wconf 92' lang='lat' dir='ltr'><strong>nomine</strong></span> <span class='ocrx_word' id='word_1_157' title='bbox 720 2643 932 2700; x_wconf 87' lang='lat' dir='ltr'><strong>Domini</strong></span> <span class='ocrx_word' id='word_1_158' title='bbox 972 2642 1067 2698; x_wconf 91' lang='lat' dir='ltr'><strong>Dei</strong></span> <span class='ocrx_word' id='word_1_159' title='bbox 1115 2650 1169 2698; x_wconf 89' lang='lat' dir='ltr'><strong>et</strong></span> <span class='ocrx_word' id='word_1_160' title='bbox 1214 2640 1514 2696; x_wconf 86' lang='lat' dir='ltr'><strong>Salvatoris</strong></span> <span class='ocrx_word' id='word_1_161' title='bbox 1562 2639 1734 2695; x_wconf 88' lang='lat' dir='ltr'><strong>nostri</strong></span> <span class='ocrx_word' id='word_1_162' title='bbox 1766 2636 1896 2693; x_wconf 83' lang='lat' dir='ltr'><strong>Jesu</strong></span> 
     </span>
    </p>
   </div>
   <div class='ocr_carea' id='block_1_29' title="bbox 317 2727 1891 2803">
    <p class='ocr_par' dir='ltr' id='par_1_29' title="bbox 317 2727 1891 2803">
     <span class='ocr_line' id='line_1_29' title="bbox 317 2727 1891 2803; baseline -0.008 -11"><span class='ocrx_word' id='word_1_163' title='bbox 317 2736 543 2803; x_wconf 88' lang='lat' dir='ltr'><strong>Christi,</strong></span> <span class='ocrx_word' id='word_1_164' title='bbox 591 2734 915 2799; x_wconf 83' lang='lat' dir='ltr'><strong>Ludovicus,</strong></span> <span class='ocrx_word' id='word_1_165' title='bbox 945 2731 1125 2787; x_wconf 90' lang='lat' dir='ltr'><strong>divina</strong></span> <span class='ocrx_word' id='word_1_166' title='bbox 1168 2729 1559 2802; x_wconf 89' lang='lat' dir='ltr'><strong>repropitiante</strong></span> <span class='ocrx_word' id='word_1_167' title='bbox 1585 2727 1891 2791; x_wconf 90' lang='lat' dir='ltr'><strong>clementia,</strong></span> 
     </span>
    </p>
   </div>
   <div class='ocr_carea' id='block_1_30' title="bbox 320 2822 933 2896">
    <p class='ocr_par' dir='ltr' id='par_1_30' title="bbox 320 2822 933 2896">
     <span class='ocr_line' id='line_1_30' title="bbox 320 2822 933 2896; baseline -0.008 -16"><span class='ocrx_word' id='word_1_168' title='bbox 320 2826 615 2896; x_wconf 87' lang='lat' dir='ltr'><strong>imperator</strong></span> <span class='ocrx_word' id='word_1_169' title='bbox 638 2822 933 2894; x_wconf 82' lang='lat' dir='ltr'><strong>Augustus.</strong></span> 
     </span>
    </p>
   </div>
   <div class='ocr_carea' id='block_1_31' title="bbox 1985 540 3562 614">
    <p class='ocr_par' dir='ltr' id='par_1_31' title="bbox 1985 540 3562 614">
     <span class='ocr_line' id='line_1_31' title="bbox 1985 540 3562 614; baseline 0.003 -17"><span class='ocrx_word' id='word_1_170' title='bbox 1985 544 2335 599; x_wconf 87' lang='lat' dir='ltr'><strong>redditionem</strong></span> <span class='ocrx_word' id='word_1_171' title='bbox 2370 543 2493 614; x_wconf 87' lang='lat' dir='ltr'><strong>jure</strong></span> <span class='ocrx_word' id='word_1_172' title='bbox 2530 550 2584 596; x_wconf 91' lang='lat' dir='ltr'><strong>et</strong></span> <span class='ocrx_word' id='word_1_173' title='bbox 2627 540 2870 612; x_wconf 82' lang='lat' dir='ltr'><strong>legaliter</strong></span> <span class='ocrx_word' id='word_1_174' title='bbox 2899 549 3193 597; x_wconf 88' lang='lat' dir='ltr'><strong>memorata</strong></span> <span class='ocrx_word' id='word_1_175' title='bbox 3223 546 3441 601; x_wconf 79' lang='lat' dir='ltr'><strong>tenebat</strong></span> <span class='ocrx_word' id='word_1_176' title='bbox 3469 562 3562 601; x_wconf 86' lang='lat' dir='ltr'><strong>cc-</strong></span> 
     </span>
    </p>
   </div>
   <div class='ocr_carea' id='block_1_32' title="bbox 1984 634 3565 708">
    <p class='ocr_par' dir='ltr' id='par_1_32' title="bbox 1984 634 3565 708">
     <span class='ocr_line' id='line_1_32' title="bbox 1984 634 3565 708; baseline 0 -16"><span class='ocrx_word' id='word_1_177' title='bbox 1984 637 2166 700; x_wconf 83' lang='lat' dir='ltr'><strong>clesia,</strong></span> <span class='ocrx_word' id='word_1_178' title='bbox 2223 644 2420 689; x_wconf 77' lang='lat' dir='ltr'><strong>nostrae</strong></span> <span class='ocrx_word' id='word_1_179' title='bbox 2470 634 2806 688; x_wconf 88' lang='lat' dir='ltr'><strong>auctoritatis</strong></span> <span class='ocrx_word' id='word_1_180' title='bbox 2856 642 3018 708; x_wconf 88' lang='lat' dir='ltr'><strong>atque</strong></span> <span class='ocrx_word' id='word_1_181' title='bbox 3066 635 3381 694; x_wconf 85' lang='lat' dir='ltr'><strong>emunitatis</strong></span> <span class='ocrx_word' id='word_1_182' title='bbox 3426 652 3565 706; x_wconf 73' lang='lat' dir='ltr'><strong>pra:-</strong></span> 
     </span>
    </p>
   </div>
   <div class='ocr_carea' id='block_1_33' title="bbox 1985 727 3561 803">
    <p class='ocr_par' dir='ltr' id='par_1_33' title="bbox 1985 727 3561 803">
     <span class='ocr_line' id='line_1_33' title="bbox 1985 727 3561 803; baseline -0.001 -18"><span class='ocrx_word' id='word_1_183' title='bbox 1985 741 2196 803; x_wconf 89' lang='lat' dir='ltr'><strong>ceptum</strong></span> <span class='ocrx_word' id='word_1_184' title='bbox 2223 730 2368 784; x_wconf 86' lang='lat' dir='ltr'><strong>circa</strong></span> <span class='ocrx_word' id='word_1_185' title='bbox 2400 729 2575 801; x_wconf 88' lang='lat' dir='ltr'><strong>ipsum</strong></span> <span class='ocrx_word' id='word_1_186' title='bbox 2601 738 2848 782; x_wconf 88' lang='lat' dir='ltr'><strong>sanctum</strong></span> <span class='ocrx_word' id='word_1_187' title='bbox 2887 727 3061 782; x_wconf 91' lang='lat' dir='ltr'><strong>locum</strong></span> <span class='ocrx_word' id='word_1_188' title='bbox 3089 727 3361 783; x_wconf 84' lang='lat' dir='ltr'><strong>ﬁrmitatis</strong></span> <span class='ocrx_word' id='word_1_189' title='bbox 3391 731 3561 801; x_wconf 82' lang='lat' dir='ltr'><strong>gratia</strong></span> 
     </span>
    </p>
   </div>
   <div class='ocr_carea' id='block_1_34' title="bbox 1985 816 3564 889">
    <p class='ocr_par' dir='ltr' id='par_1_34' title="bbox 1985 816 3564 889">
     <span class='ocr_line' id='line_1_34' title="bbox 1985 816 3564 889; baseline -0.002 -14"><span class='ocrx_word' id='word_1_190' title='bbox 1985 820 2102 875; x_wconf 88' lang='lat' dir='ltr'><strong>ﬁeri</strong></span> <span class='ocrx_word' id='word_1_191' title='bbox 2150 819 2596 883; x_wconf 88' lang='lat' dir='ltr'><strong>decrevissemus,</strong></span> <span class='ocrx_word' id='word_1_192' title='bbox 2633 832 2731 889; x_wconf 92' lang='lat' dir='ltr'><strong>per</strong></span> <span class='ocrx_word' id='word_1_193' title='bbox 2772 816 2914 889; x_wconf 90' lang='lat' dir='ltr'><strong>quod</strong></span> <span class='ocrx_word' id='word_1_194' title='bbox 2962 817 3174 875; x_wconf 90' lang='lat' dir='ltr'><strong>ﬁrmius</strong></span> <span class='ocrx_word' id='word_1_195' title='bbox 3222 828 3273 873; x_wconf 83' lang='lat' dir='ltr'><strong>et</strong></span> <span class='ocrx_word' id='word_1_196' title='bbox 3321 819 3564 874; x_wconf 82' lang='lat' dir='ltr'><strong>securius</strong></span> 
     </span>
    </p>
   </div>
   <div class='ocr_carea' id='block_1_35' title="bbox 1986 905 3567 978">
    <p class='ocr_par' dir='ltr' id='par_1_35' title="bbox 1986 905 3567 978">
     <span class='ocr_line' id='line_1_35' title="bbox 1986 905 3567 978; baseline -0.001 -14"><span class='ocrx_word' id='word_1_197' title='bbox 1986 918 2311 964; x_wconf 87' lang='lat' dir='ltr'><strong>memoratas</strong></span> <span class='ocrx_word' id='word_1_198' title='bbox 2336 923 2423 961; x_wconf 90' lang='lat' dir='ltr'><strong>res</strong></span> <span class='ocrx_word' id='word_1_199' title='bbox 2455 906 2730 964; x_wconf 88' lang='lat' dir='ltr'><strong>modernis</strong></span> <span class='ocrx_word' id='word_1_200' title='bbox 2760 905 3061 976; x_wconf 79' lang='lat' dir='ltr'><strong>futurisque</strong></span> <span class='ocrx_word' id='word_1_201' title='bbox 3092 908 3421 978; x_wconf 83' lang='lat' dir='ltr'><strong>temporibus</strong></span> <span class='ocrx_word' id='word_1_202' title='bbox 3450 909 3567 978; x_wconf 64' lang='lat' dir='ltr'><strong>ipsa</strong></span> 
     </span>
    </p>
   </div>
   <div class='ocr_carea' id='block_1_36' title="bbox 1986 997 3568 1072">
    <p class='ocr_par' dir='ltr' id='par_1_36' title="bbox 1986 997 3568 1072">
     <span class='ocr_line' id='line_1_36' title="bbox 1986 997 3568 1072; baseline 0.001 -17"><span class='ocrx_word' id='word_1_203' title='bbox 1986 1008 2167 1056; x_wconf 88' lang='lat' dir='ltr'><strong>teneat</strong></span> <span class='ocrx_word' id='word_1_204' title='bbox 2200 1009 2256 1055; x_wconf 91' lang='lat' dir='ltr'><strong>et</strong></span> <span class='ocrx_word' id='word_1_205' title='bbox 2280 1000 2554 1072; x_wconf 83' lang='lat' dir='ltr'><strong>possideat</strong></span> <span class='ocrx_word' id='word_1_206' title='bbox 2575 1008 2737 1072; x_wconf 86' lang='lat' dir='ltr'><strong>atque</strong></span> <span class='ocrx_word' id='word_1_207' title='bbox 2764 997 3017 1054; x_wconf 82' lang='lat' dir='ltr'><strong>defendat</strong></span> <span class='ocrx_word' id='word_1_208' title='bbox 3040 999 3286 1055; x_wconf 86' lang='lat' dir='ltr'><strong>ecclesia.</strong></span> <span class='ocrx_word' id='word_1_209' title='bbox 3319 1000 3568 1057; x_wconf 75' lang='lat' dir='ltr'><strong>Ostendit</strong></span> 
     </span>
    </p>
   </div>
   <div class='ocr_carea' id='block_1_37' title="bbox 1987 1091 3568 1163">
    <p class='ocr_par' dir='ltr' id='par_1_37' title="bbox 1987 1091 3568 1163">
     <span class='ocr_line' id='line_1_37' title="bbox 1987 1091 3568 1163; baseline 0.001 -16"><span class='ocrx_word' id='word_1_210' title='bbox 1987 1092 2151 1148; x_wconf 86' lang='lat' dir='ltr'><strong>etiam</strong></span> <span class='ocrx_word' id='word_1_211' title='bbox 2200 1091 2355 1147; x_wconf 91' lang='lat' dir='ltr'><strong>nobis</strong></span> <span class='ocrx_word' id='word_1_212' title='bbox 2401 1098 2730 1163; x_wconf 74' lang='lat' dir='ltr'><strong>przeceptum</strong></span> <span class='ocrx_word' id='word_1_213' title='bbox 2780 1091 2935 1146; x_wconf 79' lang='lat' dir='ltr'><strong>bonae</strong></span> <span class='ocrx_word' id='word_1_214' title='bbox 2982 1092 3375 1151; x_wconf 80' lang='lat' dir='ltr'><strong>recordationis</strong></span> <span class='ocrx_word' id='word_1_215' title='bbox 3420 1095 3568 1150; x_wconf 83' lang='lat' dir='ltr'><strong>beati</strong></span> 
     </span>
    </p>
   </div>
   <div class='ocr_carea' id='block_1_38' title="bbox 1988 1182 3572 1254">
    <p class='ocr_par' dir='ltr' id='par_1_38' title="bbox 1988 1182 3572 1254">
     <span class='ocr_line' id='line_1_38' title="bbox 1988 1182 3572 1254; baseline 0.003 -18"><span class='ocrx_word' id='word_1_216' title='bbox 1988 1182 2249 1254; x_wconf 77' lang='lat' dir='ltr'><strong>genitoris</strong></span> <span class='ocrx_word' id='word_1_217' title='bbox 2288 1182 2454 1238; x_wconf 87' lang='lat' dir='ltr'><strong>nostri</strong></span> <span class='ocrx_word' id='word_1_218' title='bbox 2482 1182 2662 1238; x_wconf 86' lang='lat' dir='ltr'><strong>domui</strong></span> <span class='ocrx_word' id='word_1_219' title='bbox 2698 1182 2901 1249; x_wconf 83' lang='lat' dir='ltr'><strong>Caroli,</strong></span> <span class='ocrx_word' id='word_1_220' title='bbox 2927 1183 2979 1236; x_wconf 89' lang='lat' dir='ltr'><strong>in</strong></span> <span class='ocrx_word' id='word_1_221' title='bbox 3009 1200 3115 1254; x_wconf 73' lang='lat' dir='ltr'><strong>quo</strong></span> <span class='ocrx_word' id='word_1_222' title='bbox 3147 1185 3414 1242; x_wconf 86' lang='lat' dir='ltr'><strong>eteadem</strong></span> <span class='ocrx_word' id='word_1_223' title='bbox 3444 1201 3572 1241; x_wconf 84' lang='lat' dir='ltr'><strong>con-</strong></span> 
     </span>
    </p>
   </div>
   <div class='ocr_carea' id='block_1_39' title="bbox 1989 1272 3569 1345">
    <p class='ocr_par' dir='ltr' id='par_1_39' title="bbox 1989 1272 3569 1345">
     <span class='ocr_line' id='line_1_39' title="bbox 1989 1272 3569 1345; baseline 0.004 -20"><span class='ocrx_word' id='word_1_224' title='bbox 1989 1272 2300 1327; x_wconf 83' lang='lat' dir='ltr'><strong>tinebantur</strong></span> <span class='ocrx_word' id='word_1_225' title='bbox 2322 1272 2632 1345; x_wconf 84' lang='lat' dir='ltr'><strong>singillatim</strong></span> <span class='ocrx_word' id='word_1_226' title='bbox 2656 1273 2928 1329; x_wconf 87' lang='lat' dir='ltr'><strong>nominata</strong></span> <span class='ocrx_word' id='word_1_227' title='bbox 2946 1290 3064 1343; x_wconf 75' lang='lat' dir='ltr'><strong>qua:</strong></span> <span class='ocrx_word' id='word_1_228' title='bbox 3082 1284 3135 1329; x_wconf 87' lang='lat' dir='ltr'><strong>et</strong></span> <span class='ocrx_word' id='word_1_229' title='bbox 3163 1275 3216 1330; x_wconf 88' lang='lat' dir='ltr'><strong>in</strong></span> <span class='ocrx_word' id='word_1_230' title='bbox 3234 1285 3443 1341; x_wconf 88' lang='lat' dir='ltr'><strong>nostro,</strong></span> <span class='ocrx_word' id='word_1_231' title='bbox 3463 1278 3569 1332; x_wconf 63' lang='lat' dir='ltr'><strong>nisi</strong></span> 
     </span>
    </p>
   </div>
   <div class='ocr_carea' id='block_1_40' title="bbox 1991 1362 3572 1435">
    <p class='ocr_par' dir='ltr' id='par_1_40' title="bbox 1991 1362 3572 1435">
     <span class='ocr_line' id='line_1_40' title="bbox 1991 1362 3572 1435; baseline 0.004 -19"><span class='ocrx_word' id='word_1_232' title='bbox 1991 1370 2201 1417; x_wconf 90' lang='lat' dir='ltr'><strong>tantum</strong></span> <span class='ocrx_word' id='word_1_233' title='bbox 2226 1376 2290 1417; x_wconf 91' lang='lat' dir='ltr'><strong>ea</strong></span> <span class='ocrx_word' id='word_1_234' title='bbox 2316 1378 2435 1432; x_wconf 73' lang='lat' dir='ltr'><strong>qua:</strong></span> <span class='ocrx_word' id='word_1_235' title='bbox 2471 1378 2571 1417; x_wconf 91' lang='lat' dir='ltr'><strong>nos</strong></span> <span class='ocrx_word' id='word_1_236' title='bbox 2597 1374 2784 1432; x_wconf 74' lang='lat' dir='ltr'><strong>postea</strong></span> <span class='ocrx_word' id='word_1_237' title='bbox 2816 1379 2879 1416; x_wconf 84' lang='lat' dir='ltr'><strong>ex</strong></span> <span class='ocrx_word' id='word_1_238' title='bbox 2918 1362 3041 1433; x_wconf 86' lang='lat' dir='ltr'><strong>jure</strong></span> <span class='ocrx_word' id='word_1_239' title='bbox 3069 1363 3304 1435; x_wconf 72' lang='lat' dir='ltr'><strong>prtefatze</strong></span> <span class='ocrx_word' id='word_1_240' title='bbox 3329 1366 3572 1422; x_wconf 63' lang='lat' dir='ltr'><strong>ecclesize</strong></span> 
     </span>
    </p>
   </div>
   <div class='ocr_carea' id='block_1_41' title="bbox 1989 1453 3569 1526">
    <p class='ocr_par' dir='ltr' id='par_1_41' title="bbox 1989 1453 3569 1526">
     <span class='ocr_line' id='line_1_41' title="bbox 1989 1453 3569 1526; baseline 0.003 -19"><span class='ocrx_word' id='word_1_241' title='bbox 1989 1459 2211 1523; x_wconf 88' lang='lat' dir='ltr'><strong>propter</strong></span> <span class='ocrx_word' id='word_1_242' title='bbox 2236 1467 2475 1507; x_wconf 88' lang='lat' dir='ltr'><strong>amorem</strong></span> <span class='ocrx_word' id='word_1_243' title='bbox 2504 1453 2593 1507; x_wconf 91' lang='lat' dir='ltr'><strong>Dei</strong></span> <span class='ocrx_word' id='word_1_244' title='bbox 2622 1462 2678 1507; x_wconf 91' lang='lat' dir='ltr'><strong>et</strong></span> <span class='ocrx_word' id='word_1_245' title='bbox 2700 1454 3057 1508; x_wconf 87' lang='lat' dir='ltr'><strong>reverentiam</strong></span> <span class='ocrx_word' id='word_1_246' title='bbox 3088 1464 3398 1511; x_wconf 85' lang='lat' dir='ltr'><strong>sanctorum</strong></span> <span class='ocrx_word' id='word_1_247' title='bbox 3426 1471 3569 1526; x_wconf 78' lang='lat' dir='ltr'><strong>pra:-</strong></span> 
     </span>
    </p>
   </div>
   <div class='ocr_carea' id='block_1_42' title="bbox 1990 1540 3572 1616">
    <p class='ocr_par' dir='ltr' id='par_1_42' title="bbox 1990 1540 3572 1616">
     <span class='ocr_line' id='line_1_42' title="bbox 1990 1540 3572 1616; baseline 0.003 -21"><span class='ocrx_word' id='word_1_248' title='bbox 1990 1540 2137 1595; x_wconf 91' lang='lat' dir='ltr'><strong>dicto</strong></span> <span class='ocrx_word' id='word_1_249' title='bbox 2183 1540 2480 1596; x_wconf 87' lang='lat' dir='ltr'><strong>venerabili</strong></span> <span class='ocrx_word' id='word_1_250' title='bbox 2528 1541 2750 1596; x_wconf 77' lang='lat' dir='ltr'><strong>Aldrico</strong></span> <span class='ocrx_word' id='word_1_251' title='bbox 2795 1542 3046 1615; x_wconf 89' lang='lat' dir='ltr'><strong>episcopo</strong></span> <span class='ocrx_word' id='word_1_252' title='bbox 3094 1551 3148 1601; x_wconf 87' lang='lat' dir='ltr'><strong>et</strong></span> <span class='ocrx_word' id='word_1_253' title='bbox 3191 1545 3572 1616; x_wconf 75' lang='lat' dir='ltr'><strong>suprascripta:</strong></span> 
     </span>
    </p>
   </div>
   <div class='ocr_carea' id='block_1_43' title="bbox 1991 1631 3571 1704">
    <p class='ocr_par' dir='ltr' id='par_1_43' title="bbox 1991 1631 3571 1704">
     <span class='ocr_line' id='line_1_43' title="bbox 1991 1631 3571 1704; baseline 0.004 -19"><span class='ocrx_word' id='word_1_254' title='bbox 1991 1631 2153 1686; x_wconf 81' lang='lat' dir='ltr'><strong>matri</strong></span> <span class='ocrx_word' id='word_1_255' title='bbox 2192 1646 2291 1703; x_wconf 91' lang='lat' dir='ltr'><strong>per</strong></span> <span class='ocrx_word' id='word_1_256' title='bbox 2330 1641 2529 1688; x_wconf 60' lang='lat' dir='ltr'><strong>nostra:</strong></span> <span class='ocrx_word' id='word_1_257' title='bbox 2571 1635 2908 1687; x_wconf 90' lang='lat' dir='ltr'><strong>auctoritatis</strong></span> <span class='ocrx_word' id='word_1_258' title='bbox 2935 1644 3202 1704; x_wconf 75' lang='lat' dir='ltr'><strong>przccepta</strong></span> <span class='ocrx_word' id='word_1_259' title='bbox 3239 1634 3571 1691; x_wconf 87' lang='lat' dir='ltr'><strong>reddidimus</strong></span> 
     </span>
    </p>
   </div>
   <div class='ocr_carea' id='block_1_44' title="bbox 1991 1712 3571 1793">
    <p class='ocr_par' dir='ltr' id='par_1_44' title="bbox 1991 1712 3571 1793">
     <span class='ocr_line' id='line_1_44' title="bbox 1991 1712 3571 1793; baseline 0.004 -19"><span class='ocrx_word' id='word_1_260' title='bbox 1991 1712 2250 1776; x_wconf 69' lang='lat' dir='ltr'><strong>ecclesiaé.</strong></span> <span class='ocrx_word' id='word_1_261' title='bbox 2275 1721 2440 1793; x_wconf 87' lang='lat' dir='ltr'><strong>Cujus</strong></span> <span class='ocrx_word' id='word_1_262' title='bbox 2462 1722 2707 1792; x_wconf 89' lang='lat' dir='ltr'><strong>petitioni</strong></span> <span class='ocrx_word' id='word_1_263' title='bbox 2740 1720 2808 1778; x_wconf 87' lang='lat' dir='ltr'><strong>ob</strong></span> <span class='ocrx_word' id='word_1_264' title='bbox 2842 1739 3084 1778; x_wconf 89' lang='lat' dir='ltr'><strong>amorem</strong></span> <span class='ocrx_word' id='word_1_265' title='bbox 3110 1724 3207 1780; x_wconf 90' lang='lat' dir='ltr'><strong>Dei</strong></span> <span class='ocrx_word' id='word_1_266' title='bbox 3232 1733 3287 1779; x_wconf 91' lang='lat' dir='ltr'><strong>et</strong></span> <span class='ocrx_word' id='word_1_267' title='bbox 3314 1739 3571 1780; x_wconf 86' lang='lat' dir='ltr'><strong>reveren-</strong></span> 
     </span>
    </p>
   </div>
   <div class='ocr_carea' id='block_1_45' title="bbox 1916 1810 3571 1889">
    <p class='ocr_par' dir='ltr' id='par_1_45' title="bbox 1916 1810 3571 1889">
     <span class='ocr_line' id='line_1_45' title="bbox 1916 1810 3571 1889; baseline 0.002 -20"><span class='ocrx_word' id='word_1_268' title='bbox 1916 1810 1963 1869; x_wconf 87' lang='lat' dir='ltr'><strong>B</strong></span> <span class='ocrx_word' id='word_1_269' title='bbox 1993 1810 2122 1866; x_wconf 86' lang='lat' dir='ltr'><strong>tiam</strong></span> <span class='ocrx_word' id='word_1_270' title='bbox 2165 1814 2334 1884; x_wconf 89' lang='lat' dir='ltr'><strong>ipsius</strong></span> <span class='ocrx_word' id='word_1_271' title='bbox 2381 1814 2554 1869; x_wconf 88' lang='lat' dir='ltr'><strong>sancti</strong></span> <span class='ocrx_word' id='word_1_272' title='bbox 2594 1813 2826 1871; x_wconf 88' lang='lat' dir='ltr'><strong>libenter</strong></span> <span class='ocrx_word' id='word_1_273' title='bbox 2870 1816 3178 1884; x_wconf 85' lang='lat' dir='ltr'><strong>annuimus,</strong></span> <span class='ocrx_word' id='word_1_274' title='bbox 3210 1818 3394 1873; x_wconf 90' lang='lat' dir='ltr'><strong>ethoc</strong></span> <span class='ocrx_word' id='word_1_275' title='bbox 3434 1833 3571 1889; x_wconf 62' lang='lat' dir='ltr'><strong>prae-</strong></span> 
     </span>
    </p>
   </div>
   <div class='ocr_carea' id='block_1_46' title="bbox 1992 1903 3572 1976">
    <p class='ocr_par' dir='ltr' id='par_1_46' title="bbox 1992 1903 3572 1976">
     <span class='ocr_line' id='line_1_46' title="bbox 1992 1903 3572 1976; baseline 0.003 -17"><span class='ocrx_word' id='word_1_276' title='bbox 1992 1915 2208 1975; x_wconf 89' lang='lat' dir='ltr'><strong>ceptum</strong></span> <span class='ocrx_word' id='word_1_277' title='bbox 2263 1903 2605 1959; x_wconf 90' lang='lat' dir='ltr'><strong>auctoritatis</strong></span> <span class='ocrx_word' id='word_1_278' title='bbox 2651 1913 2851 1959; x_wconf 81' lang='lat' dir='ltr'><strong>nostrae</strong></span> <span class='ocrx_word' id='word_1_279' title='bbox 2900 1905 3045 1961; x_wconf 86' lang='lat' dir='ltr'><strong>circa</strong></span> <span class='ocrx_word' id='word_1_280' title='bbox 3102 1907 3276 1976; x_wconf 91' lang='lat' dir='ltr'><strong>ipsum</strong></span> <span class='ocrx_word' id='word_1_281' title='bbox 3326 1918 3572 1964; x_wconf 89' lang='lat' dir='ltr'><strong>sanctum</strong></span> 
     </span>
    </p>
   </div>
   <div class='ocr_carea' id='block_1_47' title="bbox 1994 1996 3577 2074">
    <p class='ocr_par' dir='ltr' id='par_1_47' title="bbox 1994 1996 3577 2074">
     <span class='ocr_line' id='line_1_47' title="bbox 1994 1996 3577 2074; baseline 0.003 -22"><span class='ocrx_word' id='word_1_282' title='bbox 1994 1998 2170 2053; x_wconf 86' lang='lat' dir='ltr'><strong>locum</strong></span> <span class='ocrx_word' id='word_1_283' title='bbox 2198 1996 2379 2053; x_wconf 87' lang='lat' dir='ltr'><strong>facere</strong></span> <span class='ocrx_word' id='word_1_284' title='bbox 2405 1997 2713 2052; x_wconf 88' lang='lat' dir='ltr'><strong>censuimus</strong></span> <span class='ocrx_word' id='word_1_285' title='bbox 2743 2014 2755 2051; x_wconf 83' lang='lat'>;</span> <span class='ocrx_word' id='word_1_286' title='bbox 2787 2013 2887 2069; x_wconf 91' lang='lat' dir='ltr'><strong>per</strong></span> <span class='ocrx_word' id='word_1_287' title='bbox 2913 1999 3053 2068; x_wconf 87' lang='lat' dir='ltr'><strong>quod</strong></span> <span class='ocrx_word' id='word_1_288' title='bbox 3070 2000 3322 2070; x_wconf 82' lang='lat' dir='ltr'><strong>jubemus</strong></span> <span class='ocrx_word' id='word_1_289' title='bbox 3350 2009 3411 2056; x_wconf 91' lang='lat' dir='ltr'><strong>ut</strong></span> <span class='ocrx_word' id='word_1_290' title='bbox 3431 2002 3577 2074; x_wconf 85' lang='lat' dir='ltr'><strong>ipsas</strong></span> 
     </span>
    </p>
   </div>
   <div class='ocr_carea' id='block_1_48' title="bbox 1992 2088 3576 2164">
    <p class='ocr_par' dir='ltr' id='par_1_48' title="bbox 1992 2088 3576 2164">
     <span class='ocr_line' id='line_1_48' title="bbox 1992 2088 3576 2164; baseline -0.001 -18"><span class='ocrx_word' id='word_1_291' title='bbox 1992 2088 2218 2146; x_wconf 88' lang='lat' dir='ltr'><strong>cellulas</strong></span> <span class='ocrx_word' id='word_1_292' title='bbox 2245 2096 2303 2144; x_wconf 88' lang='lat' dir='ltr'><strong>et</strong></span> <span class='ocrx_word' id='word_1_293' title='bbox 2326 2103 2416 2143; x_wconf 90' lang='lat' dir='ltr'><strong>res</strong></span> <span class='ocrx_word' id='word_1_294' title='bbox 2444 2096 2500 2143; x_wconf 90' lang='lat' dir='ltr'><strong>et</strong></span> <span class='ocrx_word' id='word_1_295' title='bbox 2524 2089 2790 2160; x_wconf 91' lang='lat' dir='ltr'><strong>mancipia</strong></span> <span class='ocrx_word' id='word_1_296' title='bbox 2817 2105 2940 2145; x_wconf 91' lang='lat' dir='ltr'><strong>cum</strong></span> <span class='ocrx_word' id='word_1_297' title='bbox 2979 2091 3229 2148; x_wconf 86' lang='lat' dir='ltr'><strong>omnibus</strong></span> <span class='ocrx_word' id='word_1_298' title='bbox 3252 2091 3320 2146; x_wconf 89' lang='lat' dir='ltr'><strong>ad</strong></span> <span class='ocrx_word' id='word_1_299' title='bbox 3351 2106 3410 2147; x_wconf 90' lang='lat' dir='ltr'><strong>se</strong></span> <span class='ocrx_word' id='word_1_300' title='bbox 3452 2108 3576 2164; x_wconf 85' lang='lat' dir='ltr'><strong>per-</strong></span> 
     </span>
    </p>
   </div>
   <div class='ocr_carea' id='block_1_49' title="bbox 1994 2180 3578 2255">
    <p class='ocr_par' dir='ltr' id='par_1_49' title="bbox 1994 2180 3578 2255">
     <span class='ocr_line' id='line_1_49' title="bbox 1994 2180 3578 2255; baseline 0 -18"><span class='ocrx_word' id='word_1_301' title='bbox 1994 2182 2289 2238; x_wconf 87' lang='lat' dir='ltr'><strong>tinentibus</strong></span> <span class='ocrx_word' id='word_1_302' title='bbox 2332 2180 2417 2235; x_wconf 86' lang='lat' dir='ltr'><strong>vel</strong></span> <span class='ocrx_word' id='word_1_303' title='bbox 2461 2180 2867 2251; x_wconf 86' lang='lat' dir='ltr'><strong>aspicientibus,</strong></span> <span class='ocrx_word' id='word_1_304' title='bbox 2897 2197 3015 2252; x_wconf 68' lang='lat' dir='ltr'><strong>qum</strong></span> <span class='ocrx_word' id='word_1_305' title='bbox 3050 2181 3308 2238; x_wconf 79' lang='lat' dir='ltr'><strong>modcrno</strong></span> <span class='ocrx_word' id='word_1_306' title='bbox 3339 2192 3578 2255; x_wconf 70' lang='lat' dir='ltr'><strong>tempore</strong></span> 
     </span>
    </p>
   </div>
   <div class='ocr_carea' id='block_1_50' title="bbox 1987 2273 3578 2343">
    <p class='ocr_par' dir='ltr' id='par_1_50' title="bbox 1987 2273 3578 2343">
     <span class='ocr_line' id='line_1_50' title="bbox 1987 2273 3578 2343; baseline 0 -14"><span class='ocrx_word' id='word_1_307' title='bbox 1987 2274 2132 2343; x_wconf 86' lang='lat' dir='ltr'><strong>juste</strong></span> <span class='ocrx_word' id='word_1_308' title='bbox 2162 2282 2218 2329; x_wconf 92' lang='lat' dir='ltr'><strong>et</strong></span> <span class='ocrx_word' id='word_1_309' title='bbox 2240 2273 2484 2343; x_wconf 86' lang='lat' dir='ltr'><strong>legaliter</strong></span> <span class='ocrx_word' id='word_1_310' title='bbox 2513 2273 2629 2341; x_wconf 90' lang='lat' dir='ltr'><strong>ipsa</strong></span> <span class='ocrx_word' id='word_1_311' title='bbox 2675 2282 2820 2327; x_wconf 89' lang='lat' dir='ltr'><strong>tenet</strong></span> <span class='ocrx_word' id='word_1_312' title='bbox 2864 2273 3114 2335; x_wconf 85' lang='lat' dir='ltr'><strong>ecclesia.</strong></span> <span class='ocrx_word' id='word_1_313' title='bbox 3168 2274 3282 2328; x_wconf 83' lang='lat' dir='ltr'><strong>sive</strong></span> <span class='ocrx_word' id='word_1_314' title='bbox 3307 2288 3402 2327; x_wconf 89' lang='lat' dir='ltr'><strong>eas</strong></span> <span class='ocrx_word' id='word_1_315' title='bbox 3441 2289 3578 2342; x_wconf 84' lang='lat' dir='ltr'><strong>quas</strong></span> 
     </span>
    </p>
   </div>
   <div class='ocr_carea' id='block_1_51' title="bbox 1994 2362 3577 2432">
    <p class='ocr_par' dir='ltr' id='par_1_51' title="bbox 1994 2362 3577 2432">
     <span class='ocr_line' id='line_1_51' title="bbox 1994 2362 3577 2432; baseline 0.001 -14"><span class='ocrx_word' id='word_1_316' title='bbox 1994 2365 2204 2432; x_wconf 81' lang='lat' dir='ltr'><strong>genitor</strong></span> <span class='ocrx_word' id='word_1_317' title='bbox 2228 2370 2412 2418; x_wconf 89' lang='lat' dir='ltr'><strong>noster</strong></span> <span class='ocrx_word' id='word_1_318' title='bbox 2436 2370 2491 2417; x_wconf 92' lang='lat' dir='ltr'><strong>et</strong></span> <span class='ocrx_word' id='word_1_319' title='bbox 2512 2377 2610 2417; x_wconf 89' lang='lat' dir='ltr'><strong>nos</strong></span> <span class='ocrx_word' id='word_1_320' title='bbox 2631 2362 2801 2417; x_wconf 87' lang='lat' dir='ltr'><strong>eidem</strong></span> <span class='ocrx_word' id='word_1_321' title='bbox 2835 2363 3166 2417; x_wconf 72' lang='lat' dir='ltr'><strong>reldiJimus</strong></span> <span class='ocrx_word' id='word_1_322' title='bbox 3186 2363 3447 2429; x_wconf 70' lang='lat' dir='ltr'><strong>ccclesim,</strong></span> <span class='ocrx_word' id='word_1_323' title='bbox 3476 2381 3577 2420; x_wconf 88' lang='lat' dir='ltr'><strong>nec</strong></span> 
     </span>
    </p>
   </div>
   <div class='ocr_carea' id='block_1_52' title="bbox 1996 2450 3579 2526">
    <p class='ocr_par' dir='ltr' id='par_1_52' title="bbox 1996 2450 3579 2526">
     <span class='ocr_line' id='line_1_52' title="bbox 1996 2450 3579 2526; baseline 0.003 -18"><span class='ocrx_word' id='word_1_324' title='bbox 1996 2469 2102 2508; x_wconf 86' lang='lat' dir='ltr'><strong>non</strong></span> <span class='ocrx_word' id='word_1_325' title='bbox 2133 2461 2187 2509; x_wconf 91' lang='lat' dir='ltr'><strong>et</strong></span> <span class='ocrx_word' id='word_1_326' title='bbox 2216 2467 2309 2508; x_wconf 89' lang='lat' dir='ltr'><strong>eas</strong></span> <span class='ocrx_word' id='word_1_327' title='bbox 2354 2467 2475 2522; x_wconf 70' lang='lat' dir='ltr'><strong>qua:</strong></span> <span class='ocrx_word' id='word_1_328' title='bbox 2521 2461 2680 2508; x_wconf 90' lang='lat' dir='ltr'><strong>antea</strong></span> <span class='ocrx_word' id='word_1_329' title='bbox 2718 2452 2770 2506; x_wconf 91' lang='lat' dir='ltr'><strong>in</strong></span> <span class='ocrx_word' id='word_1_330' title='bbox 2810 2450 2933 2521; x_wconf 86' lang='lat' dir='ltr'><strong>jure</strong></span> <span class='ocrx_word' id='word_1_331' title='bbox 2965 2452 3133 2523; x_wconf 87' lang='lat' dir='ltr'><strong>ipsius</strong></span> <span class='ocrx_word' id='word_1_332' title='bbox 3163 2455 3419 2526; x_wconf 84' lang='lat' dir='ltr'><strong>episcOpii</strong></span> <span class='ocrx_word' id='word_1_333' title='bbox 3453 2472 3579 2512; x_wconf 63' lang='lat' dir='ltr'><strong>conc</strong></span> 
     </span>
    </p>
   </div>
   <div class='ocr_carea' id='block_1_53' title="bbox 1993 2541 3635 2615">
    <p class='ocr_par' dir='ltr' id='par_1_53' title="bbox 1993 2541 3635 2615">
     <span class='ocr_line' id='line_1_53' title="bbox 1993 2541 3635 2615; baseline 0.002 -16"><span class='ocrx_word' id='word_1_334' title='bbox 1993 2544 2279 2608; x_wconf 83' lang='lat' dir='ltr'><strong>sistebant,</strong></span> <span class='ocrx_word' id='word_1_335' title='bbox 2315 2541 2545 2596; x_wconf 89' lang='lat' dir='ltr'><strong>ﬁrmiter</strong></span> <span class='ocrx_word' id='word_1_336' title='bbox 2585 2550 2748 2610; x_wconf 89' lang='lat' dir='ltr'><strong>atque</strong></span> <span class='ocrx_word' id='word_1_337' title='bbox 2781 2542 3163 2598; x_wconf 85' lang='lat' dir='ltr'><strong>inviolabiliter</strong></span> <span class='ocrx_word' id='word_1_338' title='bbox 3189 2559 3287 2615; x_wconf 91' lang='lat' dir='ltr'><strong>per</strong></span> <span class='ocrx_word' id='word_1_339' title='bbox 3310 2545 3452 2601; x_wconf 88' lang='lat' dir='ltr'><strong>hanc</strong></span> <span class='ocrx_word' id='word_1_340' title='bbox 3477 2562 3575 2602; x_wconf 80' lang='lat' dir='ltr'><strong>no-</strong></span> <span class='ocrx_word' id='word_1_341' title='bbox 3630 2612 3635 2615; x_wconf 97' lang='lat'><em>_</em></span> 
     </span>
    </p>
   </div>
   <div class='ocr_carea' id='block_1_54' title="bbox 1996 2631 3579 2703">
    <p class='ocr_par' dir='ltr' id='par_1_54' title="bbox 1996 2631 3579 2703">
     <span class='ocr_line' id='line_1_54' title="bbox 1996 2631 3579 2703; baseline 0.003 -15"><span class='ocrx_word' id='word_1_342' title='bbox 1996 2641 2167 2688; x_wconf 90' lang='lat' dir='ltr'><strong>stram</strong></span> <span class='ocrx_word' id='word_1_343' title='bbox 2193 2631 2570 2687; x_wconf 86' lang='lat' dir='ltr'><strong>auctoritatem</strong></span> <span class='ocrx_word' id='word_1_344' title='bbox 2597 2631 2715 2702; x_wconf 91' lang='lat' dir='ltr'><strong>ipsa</strong></span> <span class='ocrx_word' id='word_1_345' title='bbox 2743 2639 2925 2687; x_wconf 88' lang='lat' dir='ltr'><strong>teneat</strong></span> <span class='ocrx_word' id='word_1_346' title='bbox 2944 2640 3105 2703; x_wconf 90' lang='lat' dir='ltr'><strong>atque</strong></span> <span class='ocrx_word' id='word_1_347' title='bbox 3128 2634 3379 2690; x_wconf 81' lang='lat' dir='ltr'><strong>defendat</strong></span> <span class='ocrx_word' id='word_1_348' title='bbox 3404 2636 3579 2692; x_wconf 77' lang='lat' dir='ltr'><strong>eccle-</strong></span> 
     </span>
    </p>
   </div>
   <div class='ocr_carea' id='block_1_55' title="bbox 1996 2721 3576 2789">
    <p class='ocr_par' dir='ltr' id='par_1_55' title="bbox 1996 2721 3576 2789">
     <span class='ocr_line' id='line_1_55' title="bbox 1996 2721 3576 2789; baseline 0.003 -11"><span class='ocrx_word' id='word_1_349' title='bbox 1996 2723 2108 2789; x_wconf 87' lang='lat' dir='ltr'><strong>sia;</strong></span> <span class='ocrx_word' id='word_1_350' title='bbox 2135 2722 2190 2778; x_wconf 89' lang='lat' dir='ltr'><strong>id</strong></span> <span class='ocrx_word' id='word_1_351' title='bbox 2212 2730 2315 2788; x_wconf 90' lang='lat' dir='ltr'><strong>est,</strong></span> <span class='ocrx_word' id='word_1_352' title='bbox 2332 2721 2580 2777; x_wconf 73' lang='lat' dir='ltr'><strong>cellulam</strong></span> <span class='ocrx_word' id='word_1_353' title='bbox 2606 2722 2776 2778; x_wconf 85' lang='lat' dir='ltr'><strong>sancti</strong></span> <span class='ocrx_word' id='word_1_354' title='bbox 2794 2723 3061 2779; x_wconf 86' lang='lat' dir='ltr'><strong>Vincentii</strong></span> <span class='ocrx_word' id='word_1_355' title='bbox 3086 2740 3208 2780; x_wconf 93' lang='lat' dir='ltr'><strong>cum</strong></span> <span class='ocrx_word' id='word_1_356' title='bbox 3230 2725 3480 2782; x_wconf 88' lang='lat' dir='ltr'><strong>omnibus</strong></span> <span class='ocrx_word' id='word_1_357' title='bbox 3507 2728 3576 2783; x_wconf 87' lang='lat' dir='ltr'><strong>ad</strong></span> 
     </span>
    </p>
   </div>
   <div class='ocr_carea' id='block_1_56' title="bbox 1996 2813 3577 2884">
    <p class='ocr_par' dir='ltr' id='par_1_56' title="bbox 1996 2813 3577 2884">
     <span class='ocr_line' id='line_1_56' title="bbox 1996 2813 3577 2884; baseline 0.003 -14"><span class='ocrx_word' id='word_1_358' title='bbox 1996 2830 2054 2870; x_wconf 91' lang='lat' dir='ltr'><strong>se</strong></span> <span class='ocrx_word' id='word_1_359' title='bbox 2078 2813 2491 2884; x_wconf 86' lang='lat' dir='ltr'><strong>pertinentibus,</strong></span> <span class='ocrx_word' id='word_1_360' title='bbox 2532 2822 2588 2869; x_wconf 87' lang='lat' dir='ltr'><strong>et</strong></span> <span class='ocrx_word' id='word_1_361' title='bbox 2628 2813 2876 2870; x_wconf 87' lang='lat' dir='ltr'><strong>cellulam</strong></span> <span class='ocrx_word' id='word_1_362' title='bbox 2905 2816 3080 2871; x_wconf 90' lang='lat' dir='ltr'><strong>sancti</strong></span> <span class='ocrx_word' id='word_1_363' title='bbox 3117 2815 3316 2882; x_wconf 78' lang='lat' dir='ltr'><strong>Albini,</strong></span> <span class='ocrx_word' id='word_1_364' title='bbox 3345 2832 3437 2873; x_wconf 90' lang='lat' dir='ltr'><strong>seu</strong></span> <span class='ocrx_word' id='word_1_365' title='bbox 3468 2819 3577 2875; x_wconf 87' lang='lat' dir='ltr'><strong>ecl-</strong></span> 
     </span>
    </p>
   </div>
   <div class='ocr_carea' id='block_1_57' title="bbox 390 2902 3575 2985">
    <p class='ocr_par' dir='ltr' id='par_1_57' title="bbox 390 2902 3575 2985">
     <span class='ocr_line' id='line_1_57' title="bbox 390 2902 3575 2985; baseline -0.002 -14"><span class='ocrx_word' id='word_1_366' title='bbox 390 2915 448 2971; x_wconf 83' lang='lat' dir='ltr'><strong>Si</strong></span> <span class='ocrx_word' id='word_1_367' title='bbox 485 2913 838 2985; x_wconf 89' lang='lat' dir='ltr'><strong>petitionibus</strong></span> <span class='ocrx_word' id='word_1_368' title='bbox 880 2912 1217 2968; x_wconf 86' lang='lat' dir='ltr'><strong>sacerdotum</strong></span> <span class='ocrx_word' id='word_1_369' title='bbox 1254 2925 1352 2982; x_wconf 90' lang='lat' dir='ltr'><strong>pro</strong></span> <span class='ocrx_word' id='word_1_370' title='bbox 1375 2907 1703 2980; x_wconf 88' lang='lat' dir='ltr'><strong>quibuslibet</strong></span> <span class='ocrx_word' id='word_1_371' title='bbox 1723 2906 1897 2965; x_wconf 83' lang='lat' dir='ltr'><strong>eccle—</strong></span> <span class='ocrx_word' id='word_1_372' title='bbox 1995 2904 2155 2961; x_wconf 82' lang='lat' dir='ltr'><strong>lulam</strong></span> <span class='ocrx_word' id='word_1_373' title='bbox 2214 2904 2387 2959; x_wconf 90' lang='lat' dir='ltr'><strong>sancti</strong></span> <span class='ocrx_word' id='word_1_374' title='bbox 2443 2902 2717 2971; x_wconf 81' lang='lat' dir='ltr'><strong>Audoeni,</strong></span> <span class='ocrx_word' id='word_1_375' title='bbox 2774 2915 2829 2961; x_wconf 88' lang='lat' dir='ltr'><strong>et</strong></span> <span class='ocrx_word' id='word_1_376' title='bbox 2883 2906 3129 2962; x_wconf 90' lang='lat' dir='ltr'><strong>cellulam</strong></span> <span class='ocrx_word' id='word_1_377' title='bbox 3185 2910 3360 2965; x_wconf 84' lang='lat' dir='ltr'><strong>sancti</strong></span> <span class='ocrx_word' id='word_1_378' title='bbox 3408 2910 3575 2979; x_wconf 81' lang='lat' dir='ltr'><strong>Rigo-</strong></span> 
     </span>
    </p>
   </div>
   <div class='ocr_carea' id='block_1_58' title="bbox 317 2995 3577 3064">
    <p class='ocr_par' dir='ltr' id='par_1_58' title="bbox 317 2995 3577 3064">
     <span class='ocr_line' id='line_1_58' title="bbox 317 2995 3577 3064; baseline -0.001 -3"><span class='ocrx_word' id='word_1_379' title='bbox 317 3006 553 3062; x_wconf 88' lang='lat' dir='ltr'><strong>siastieis</strong></span> <span class='ocrx_word' id='word_1_380' title='bbox 575 3004 988 3060; x_wconf 88' lang='lat' dir='ltr'><strong>necessitatibus</strong></span> <span class='ocrx_word' id='word_1_381' title='bbox 1008 3017 1165 3058; x_wconf 91' lang='lat' dir='ltr'><strong>aures</strong></span> <span class='ocrx_word' id='word_1_382' title='bbox 1184 3009 1399 3057; x_wconf 87' lang='lat' dir='ltr'><strong>nostras</strong></span> <span class='ocrx_word' id='word_1_383' title='bbox 1430 2999 1662 3055; x_wconf 85' lang='lat' dir='ltr'><strong>libenter</strong></span> <span class='ocrx_word' id='word_1_384' title='bbox 1680 3014 1896 3057; x_wconf 56' lang='lat' dir='ltr'><strong>accome</strong></span> <span class='ocrx_word' id='word_1_385' title='bbox 1996 2998 2152 3061; x_wconf 89' lang='lat' dir='ltr'><strong>meri,</strong></span> <span class='ocrx_word' id='word_1_386' title='bbox 2181 3005 2235 3050; x_wconf 91' lang='lat' dir='ltr'><strong>et</strong></span> <span class='ocrx_word' id='word_1_387' title='bbox 2265 2995 2511 3052; x_wconf 90' lang='lat' dir='ltr'><strong>cellulam</strong></span> <span class='ocrx_word' id='word_1_388' title='bbox 2545 2997 2720 3052; x_wconf 88' lang='lat' dir='ltr'><strong>sancti</strong></span> <span class='ocrx_word' id='word_1_389' title='bbox 2746 2996 2971 3064; x_wconf 86' lang='lat' dir='ltr'><strong>Almeri,</strong></span> <span class='ocrx_word' id='word_1_390' title='bbox 3019 3007 3077 3055; x_wconf 91' lang='lat' dir='ltr'><strong>et</strong></span> <span class='ocrx_word' id='word_1_391' title='bbox 3119 3000 3361 3056; x_wconf 88' lang='lat' dir='ltr'><strong>cellulam</strong></span> <span class='ocrx_word' id='word_1_392' title='bbox 3400 3004 3577 3059; x_wconf 88' lang='lat' dir='ltr'><strong>sancti</strong></span> 
     </span>
    </p>
   </div>
   <div class='ocr_carea' id='block_1_59' title="bbox 319 3087 3571 3164">
    <p class='ocr_par' dir='ltr' id='par_1_59' title="bbox 319 3087 3571 3164">
     <span class='ocr_line' id='line_1_59' title="bbox 319 3087 3571 3164; baseline -0.001 -11"><span class='ocrx_word' id='word_1_393' title='bbox 319 3100 619 3164; x_wconf 88' lang='lat' dir='ltr'><strong>modamus,</strong></span> <span class='ocrx_word' id='word_1_394' title='bbox 664 3105 720 3152; x_wconf 89' lang='lat' dir='ltr'><strong>et</strong></span> <span class='ocrx_word' id='word_1_395' title='bbox 745 3111 839 3152; x_wconf 92' lang='lat' dir='ltr'><strong>eas</strong></span> <span class='ocrx_word' id='word_1_396' title='bbox 867 3110 990 3151; x_wconf 91' lang='lat' dir='ltr'><strong>cum</strong></span> <span class='ocrx_word' id='word_1_397' title='bbox 1021 3095 1118 3150; x_wconf 90' lang='lat' dir='ltr'><strong>Dei</strong></span> <span class='ocrx_word' id='word_1_398' title='bbox 1147 3094 1349 3150; x_wconf 82' lang='lat' dir='ltr'><strong>auxilio</strong></span> <span class='ocrx_word' id='word_1_399' title='bbox 1384 3093 1453 3149; x_wconf 89' lang='lat' dir='ltr'><strong>ad</strong></span> <span class='ocrx_word' id='word_1_400' title='bbox 1480 3091 1730 3148; x_wconf 84' lang='lat' dir='ltr'><strong>eﬁ&#39;ectum</strong></span> <span class='ocrx_word' id='word_1_401' title='bbox 1770 3108 1895 3164; x_wconf 88' lang='lat' dir='ltr'><strong>per-</strong></span> <span class='ocrx_word' id='word_1_402' title='bbox 1929 3152 1964 3164; x_wconf 46' lang='grc' dir='ltr'><strong><em>Α</em></strong></span> <span class='ocrx_word' id='word_1_403' title='bbox 1998 3088 2211 3153; x_wconf 84' lang='lat' dir='ltr'><strong>Ulfacii,</strong></span> <span class='ocrx_word' id='word_1_404' title='bbox 2256 3094 2306 3143; x_wconf 86' lang='lat' dir='ltr'><strong>et</strong></span> <span class='ocrx_word' id='word_1_405' title='bbox 2362 3087 2608 3142; x_wconf 90' lang='lat' dir='ltr'><strong>cellulam</strong></span> <span class='ocrx_word' id='word_1_406' title='bbox 2659 3089 2831 3143; x_wconf 83' lang='lat' dir='ltr'><strong>sancti</strong></span> <span class='ocrx_word' id='word_1_407' title='bbox 2881 3088 3159 3146; x_wconf 89' lang='lat' dir='ltr'><strong>Baumadi.</strong></span> <span class='ocrx_word' id='word_1_408' title='bbox 3218 3091 3345 3149; x_wconf 74' lang='lat' dir='ltr'><strong>[Lee</strong></span> <span class='ocrx_word' id='word_1_409' title='bbox 3391 3094 3571 3151; x_wconf 87' lang='lat' dir='ltr'><strong>omnia</strong></span> 
     </span>
    </p>
   </div>
   <div class='ocr_carea' id='block_1_60' title="bbox 318 3152 3579 3258">
    <p class='ocr_par' dir='ltr' id='par_1_60' title="bbox 318 3152 3579 3258">
     <span class='ocr_line' id='line_1_60' title="bbox 318 3152 3579 3258; baseline -0.001 -13"><span class='ocrx_word' id='word_1_410' title='bbox 318 3191 583 3255; x_wconf 88' lang='lat' dir='ltr'><strong>ducimus,</strong></span> <span class='ocrx_word' id='word_1_411' title='bbox 611 3189 666 3244; x_wconf 88' lang='lat' dir='ltr'><strong>id</strong></span> <span class='ocrx_word' id='word_1_412' title='bbox 690 3187 847 3243; x_wconf 90' lang='lat' dir='ltr'><strong>nobis</strong></span> <span class='ocrx_word' id='word_1_413' title='bbox 872 3187 939 3241; x_wconf 90' lang='lat' dir='ltr'><strong>ad</strong></span> <span class='ocrx_word' id='word_1_414' title='bbox 961 3193 1177 3242; x_wconf 71' lang='lat' dir='ltr'><strong>teternaa</strong></span> <span class='ocrx_word' id='word_1_415' title='bbox 1200 3187 1651 3243; x_wconf 88' lang='lat' dir='ltr'><strong>remunerationis</strong></span> <span class='ocrx_word' id='word_1_416' title='bbox 1675 3188 1898 3258; x_wconf 75' lang='lat' dir='ltr'><strong>prmmia</strong></span> <span class='ocrx_word' id='word_1_417' title='bbox 1922 3152 1969 3214; x_wconf 78' lang='lat' dir='ltr'>C</span> <span class='ocrx_word' id='word_1_418' title='bbox 2000 3194 2121 3235; x_wconf 89' lang='lat' dir='ltr'><strong>cum</strong></span> <span class='ocrx_word' id='word_1_419' title='bbox 2151 3178 2401 3235; x_wconf 83' lang='lat' dir='ltr'><strong>omnibus</strong></span> <span class='ocrx_word' id='word_1_420' title='bbox 2427 3179 2494 3234; x_wconf 87' lang='lat' dir='ltr'><strong>ad</strong></span> <span class='ocrx_word' id='word_1_421' title='bbox 2532 3194 2591 3235; x_wconf 89' lang='lat' dir='ltr'><strong>se</strong></span> <span class='ocrx_word' id='word_1_422' title='bbox 2617 3179 3011 3249; x_wconf 85' lang='lat' dir='ltr'><strong>pertinentibus</strong></span> <span class='ocrx_word' id='word_1_423' title='bbox 3028 3223 3043 3245; x_wconf 96' lang='lat'><strong>,</strong></span> <span class='ocrx_word' id='word_1_424' title='bbox 3082 3200 3202 3238; x_wconf 83' lang='lat' dir='ltr'><strong>cum</strong></span> <span class='ocrx_word' id='word_1_425' title='bbox 3234 3185 3370 3241; x_wconf 77' lang='lat' dir='ltr'><strong>vicis</strong></span> <span class='ocrx_word' id='word_1_426' title='bbox 3410 3202 3579 3243; x_wconf 83' lang='lat' dir='ltr'><strong>cano-</strong></span> 
     </span>
    </p>
   </div>
   <div class='ocr_carea' id='block_1_61' title="bbox 318 3271 3580 3351">
    <p class='ocr_par' dir='ltr' id='par_1_61' title="bbox 318 3271 3580 3351">
     <span class='ocr_line' id='line_1_61' title="bbox 318 3271 3580 3351; baseline 0 -17"><span class='ocrx_word' id='word_1_427' title='bbox 318 3280 641 3350; x_wconf 85' lang='lat' dir='ltr'><strong>capessenda</strong></span> <span class='ocrx_word' id='word_1_428' title='bbox 669 3277 1011 3351; x_wconf 88' lang='lat' dir='ltr'><strong>profuturum</strong></span> <span class='ocrx_word' id='word_1_429' title='bbox 1036 3276 1238 3348; x_wconf 87' lang='lat' dir='ltr'><strong>liquido</strong></span> <span class='ocrx_word' id='word_1_430' title='bbox 1267 3278 1553 3334; x_wconf 88' lang='lat' dir='ltr'><strong>credimus.</strong></span> <span class='ocrx_word' id='word_1_431' title='bbox 1594 3278 1761 3350; x_wconf 83' lang='lat' dir='ltr'><strong>Igitur</strong></span> <span class='ocrx_word' id='word_1_432' title='bbox 1800 3294 1898 3335; x_wconf 89' lang='lat' dir='ltr'><strong>no-</strong></span> <span class='ocrx_word' id='word_1_433' title='bbox 1998 3272 2164 3339; x_wconf 69' lang='lat' dir='ltr'><strong>nius,</strong></span> <span class='ocrx_word' id='word_1_434' title='bbox 2199 3273 2255 3329; x_wconf 90' lang='lat' dir='ltr'><strong>id</strong></span> <span class='ocrx_word' id='word_1_435' title='bbox 2304 3282 2419 3340; x_wconf 87' lang='lat' dir='ltr'><strong>est,</strong></span> <span class='ocrx_word' id='word_1_436' title='bbox 2476 3271 2734 3339; x_wconf 86' lang='lat' dir='ltr'><strong>Salicam,</strong></span> <span class='ocrx_word' id='word_1_437' title='bbox 2766 3272 3175 3342; x_wconf 82' lang='lat' dir='ltr'><strong>Montiniacum,</strong></span> <span class='ocrx_word' id='word_1_438' title='bbox 3235 3276 3580 3345; x_wconf 87' lang='lat' dir='ltr'><strong>Cocciacum,</strong></span> 
     </span>
    </p>
   </div>
   <div class='ocr_carea' id='block_1_62' title="bbox 320 3361 3584 3438">
    <p class='ocr_par' dir='ltr' id='par_1_62' title="bbox 320 3361 3584 3438">
     <span class='ocr_line' id='line_1_62' title="bbox 320 3361 3584 3438; baseline 0.002 -16"><span class='ocrx_word' id='word_1_439' title='bbox 320 3376 432 3423; x_wconf 90' lang='lat' dir='ltr'><strong>tum</strong></span> <span class='ocrx_word' id='word_1_440' title='bbox 487 3374 606 3423; x_wconf 86' lang='lat' dir='ltr'><strong>esse</strong></span> <span class='ocrx_word' id='word_1_441' title='bbox 651 3366 897 3422; x_wconf 89' lang='lat' dir='ltr'><strong>volumus</strong></span> <span class='ocrx_word' id='word_1_442' title='bbox 945 3366 1225 3437; x_wconf 87' lang='lat' dir='ltr'><strong>sagacitati</strong></span> <span class='ocrx_word' id='word_1_443' title='bbox 1275 3365 1510 3421; x_wconf 82' lang='lat' dir='ltr'><strong>ﬁdelium</strong></span> <span class='ocrx_word' id='word_1_444' title='bbox 1562 3376 1894 3433; x_wconf 87' lang='lat' dir='ltr'><strong>nostrorum,</strong></span> <span class='ocrx_word' id='word_1_445' title='bbox 1998 3362 2328 3431; x_wconf 86' lang='lat' dir='ltr'><strong>Placiacum,</strong></span> <span class='ocrx_word' id='word_1_446' title='bbox 2360 3372 2417 3419; x_wconf 89' lang='lat' dir='ltr'><strong>et</strong></span> <span class='ocrx_word' id='word_1_447' title='bbox 2438 3361 2705 3431; x_wconf 84' lang='lat' dir='ltr'><strong>Oxellum,</strong></span> <span class='ocrx_word' id='word_1_448' title='bbox 2732 3362 3027 3420; x_wconf 82' lang='lat' dir='ltr'><strong>Anciacum</strong></span> <span class='ocrx_word' id='word_1_449' title='bbox 3074 3379 3388 3438; x_wconf 89' lang='lat' dir='ltr'><strong>quoque,et</strong></span> <span class='ocrx_word' id='word_1_450' title='bbox 3434 3369 3584 3427; x_wconf 81' lang='lat' dir='ltr'><strong>Arti-</strong></span> 
     </span>
    </p>
   </div>
   <div class='ocr_carea' id='block_1_63' title="bbox 319 3454 3581 3530">
    <p class='ocr_par' dir='ltr' id='par_1_63' title="bbox 319 3454 3581 3530">
     <span class='ocr_line' id='line_1_63' title="bbox 319 3454 3581 3530; baseline 0.002 -18"><span class='ocrx_word' id='word_1_451' title='bbox 319 3458 662 3527; x_wconf 74' lang='lat' dir='ltr'><strong>przesentium</strong></span> <span class='ocrx_word' id='word_1_452' title='bbox 684 3456 931 3511; x_wconf 89' lang='lat' dir='ltr'><strong>videlicet</strong></span> <span class='ocrx_word' id='word_1_453' title='bbox 950 3463 1004 3511; x_wconf 90' lang='lat' dir='ltr'><strong>et</strong></span> <span class='ocrx_word' id='word_1_454' title='bbox 1025 3455 1347 3521; x_wconf 88' lang='lat' dir='ltr'><strong>futurorum,</strong></span> <span class='ocrx_word' id='word_1_455' title='bbox 1371 3471 1469 3511; x_wconf 89' lang='lat' dir='ltr'><strong>nec</strong></span> <span class='ocrx_word' id='word_1_456' title='bbox 1491 3471 1595 3511; x_wconf 91' lang='lat' dir='ltr'><strong>non</strong></span> <span class='ocrx_word' id='word_1_457' title='bbox 1619 3472 1898 3513; x_wconf 89' lang='lat' dir='ltr'><strong>successo-</strong></span> <span class='ocrx_word' id='word_1_458' title='bbox 1999 3455 2104 3522; x_wconf 89' lang='lat' dir='ltr'><strong>nis,</strong></span> <span class='ocrx_word' id='word_1_459' title='bbox 2130 3469 2238 3511; x_wconf 91' lang='lat' dir='ltr'><strong>una</strong></span> <span class='ocrx_word' id='word_1_460' title='bbox 2268 3470 2392 3511; x_wconf 92' lang='lat' dir='ltr'><strong>cum</strong></span> <span class='ocrx_word' id='word_1_461' title='bbox 2416 3454 2539 3511; x_wconf 89' lang='lat' dir='ltr'><strong>aliis</strong></span> <span class='ocrx_word' id='word_1_462' title='bbox 2560 3455 2695 3511; x_wconf 87' lang='lat' dir='ltr'><strong>vicis</strong></span> <span class='ocrx_word' id='word_1_463' title='bbox 2725 3471 2956 3526; x_wconf 90' lang='lat' dir='ltr'><strong>quorum</strong></span> <span class='ocrx_word' id='word_1_464' title='bbox 2985 3458 3205 3514; x_wconf 89' lang='lat' dir='ltr'><strong>nomina</strong></span> <span class='ocrx_word' id='word_1_465' title='bbox 3236 3459 3293 3514; x_wconf 90' lang='lat' dir='ltr'><strong>in</strong></span> <span class='ocrx_word' id='word_1_466' title='bbox 3319 3460 3581 3530; x_wconf 87' lang='lat' dir='ltr'><strong>plenariis</strong></span> 
     </span>
    </p>
   </div>
   <div class='ocr_carea' id='block_1_64' title="bbox 320 3544 3585 3616">
    <p class='ocr_par' dir='ltr' id='par_1_64' title="bbox 320 3544 3585 3616">
     <span class='ocr_line' id='line_1_64' title="bbox 320 3544 3585 3616; baseline 0.001 -14"><span class='ocrx_word' id='word_1_467' title='bbox 320 3562 441 3602; x_wconf 87' lang='lat' dir='ltr'><strong>rum</strong></span> <span class='ocrx_word' id='word_1_468' title='bbox 493 3553 823 3614; x_wconf 82' lang='lat' dir='ltr'><strong>nostrorum,</strong></span> <span class='ocrx_word' id='word_1_469' title='bbox 853 3546 981 3615; x_wconf 83' lang='lat' dir='ltr'><strong>quia</strong></span> <span class='ocrx_word' id='word_1_470' title='bbox 1034 3547 1220 3602; x_wconf 91' lang='lat' dir='ltr'><strong>adiens</strong></span> <span class='ocrx_word' id='word_1_471' title='bbox 1260 3547 1605 3601; x_wconf 87' lang='lat' dir='ltr'><strong>serenitatem</strong></span> <span class='ocrx_word' id='word_1_472' title='bbox 1654 3556 1896 3603; x_wconf 91' lang='lat' dir='ltr'><strong>nostram</strong></span> <span class='ocrx_word' id='word_1_473' title='bbox 1998 3544 2239 3616; x_wconf 61' lang='lat' dir='ltr'><strong>praefata:</strong></span> <span class='ocrx_word' id='word_1_474' title='bbox 2262 3545 2452 3600; x_wconf 86' lang='lat' dir='ltr'><strong>matris</strong></span> <span class='ocrx_word' id='word_1_475' title='bbox 2477 3544 2724 3600; x_wconf 77' lang='lat' dir='ltr'><strong>ecclesia:</strong></span> <span class='ocrx_word' id='word_1_476' title='bbox 2756 3545 3025 3600; x_wconf 88' lang='lat' dir='ltr'><strong>habentur</strong></span> <span class='ocrx_word' id='word_1_477' title='bbox 3050 3546 3270 3612; x_wconf 88' lang='lat' dir='ltr'><strong>inserta,</strong></span> <span class='ocrx_word' id='word_1_478' title='bbox 3298 3563 3419 3603; x_wconf 89' lang='lat' dir='ltr'><strong>cum</strong></span> <span class='ocrx_word' id='word_1_479' title='bbox 3443 3549 3585 3605; x_wconf 86' lang='lat' dir='ltr'><strong>villis</strong></span> 
     </span>
    </p>
   </div>
   <div class='ocr_carea' id='block_1_65' title="bbox 319 3632 3585 3703">
    <p class='ocr_par' dir='ltr' id='par_1_65' title="bbox 319 3632 3585 3703">
     <span class='ocr_line' id='line_1_65' title="bbox 319 3632 3585 3703; baseline 0.001 -14"><span class='ocrx_word' id='word_1_480' title='bbox 319 3637 567 3692; x_wconf 83' lang='lat' dir='ltr'><strong>Aldricus</strong></span> <span class='ocrx_word' id='word_1_481' title='bbox 599 3635 976 3691; x_wconf 80' lang='lat' dir='ltr'><strong>Cenomanicae</strong></span> <span class='ocrx_word' id='word_1_482' title='bbox 995 3634 1146 3688; x_wconf 89' lang='lat' dir='ltr'><strong>urbis</strong></span> <span class='ocrx_word' id='word_1_483' title='bbox 1174 3634 1461 3703; x_wconf 79' lang='lat' dir='ltr'><strong>episcOpus</strong></span> <span class='ocrx_word' id='word_1_484' title='bbox 1489 3634 1721 3688; x_wconf 89' lang='lat' dir='ltr'><strong>innotuit</strong></span> <span class='ocrx_word' id='word_1_485' title='bbox 1742 3636 1899 3690; x_wconf 88' lang='lat' dir='ltr'><strong>nobis</strong></span> <span class='ocrx_word' id='word_1_486' title='bbox 2001 3632 2304 3688; x_wconf 88' lang='lat' dir='ltr'><strong>senioribus</strong></span> <span class='ocrx_word' id='word_1_487' title='bbox 2328 3639 2383 3687; x_wconf 89' lang='lat' dir='ltr'><strong>et</strong></span> <span class='ocrx_word' id='word_1_488' title='bbox 2399 3632 2520 3689; x_wconf 90' lang='lat' dir='ltr'><strong>aliis</strong></span> <span class='ocrx_word' id='word_1_489' title='bbox 2556 3632 2756 3688; x_wconf 88' lang='lat' dir='ltr'><strong>villulis</strong></span> <span class='ocrx_word' id='word_1_490' title='bbox 2781 3633 2848 3688; x_wconf 89' lang='lat' dir='ltr'><strong>ad</strong></span> <span class='ocrx_word' id='word_1_491' title='bbox 2870 3647 2964 3688; x_wconf 90' lang='lat' dir='ltr'><strong>eas</strong></span> <span class='ocrx_word' id='word_1_492' title='bbox 2995 3634 3414 3703; x_wconf 87' lang='lat' dir='ltr'><strong>pertinentibus,</strong></span> <span class='ocrx_word' id='word_1_493' title='bbox 3438 3637 3585 3692; x_wconf 86' lang='lat' dir='ltr'><strong>sicut</strong></span> 
     </span>
    </p>
   </div>
   <div class='ocr_carea' id='block_1_66' title="bbox 320 3720 3581 3799">
    <p class='ocr_par' dir='ltr' id='par_1_66' title="bbox 320 3720 3581 3799">
     <span class='ocr_line' id='line_1_66' title="bbox 320 3720 3581 3799; baseline -0 -18"><span class='ocrx_word' id='word_1_494' title='bbox 320 3729 553 3799; x_wconf 85' lang='lat' dir='ltr'><strong>qualiter</strong></span> <span class='ocrx_word' id='word_1_495' title='bbox 588 3728 716 3782; x_wconf 91' lang='lat' dir='ltr'><strong>olim</strong></span> <span class='ocrx_word' id='word_1_496' title='bbox 758 3726 997 3795; x_wconf 89' lang='lat' dir='ltr'><strong>peccatis</strong></span> <span class='ocrx_word' id='word_1_497' title='bbox 1034 3724 1484 3793; x_wconf 77' lang='lat' dir='ltr'><strong>pmepedientibus</strong></span> <span class='ocrx_word' id='word_1_498' title='bbox 1512 3733 1698 3780; x_wconf 89' lang='lat' dir='ltr'><strong>sancta</strong></span> <span class='ocrx_word' id='word_1_499' title='bbox 1729 3736 1902 3781; x_wconf 91' lang='lat' dir='ltr'><strong>mater</strong></span> <span class='ocrx_word' id='word_1_500' title='bbox 2002 3723 2056 3777; x_wconf 92' lang='lat' dir='ltr'><strong>in</strong></span> <span class='ocrx_word' id='word_1_501' title='bbox 2081 3721 2339 3793; x_wconf 89' lang='lat' dir='ltr'><strong>plenariis</strong></span> <span class='ocrx_word' id='word_1_502' title='bbox 2382 3720 2494 3790; x_wconf 89' lang='lat' dir='ltr'><strong>jam</strong></span> <span class='ocrx_word' id='word_1_503' title='bbox 2531 3720 2690 3775; x_wconf 73' lang='lat' dir='ltr'><strong>dicta:</strong></span> <span class='ocrx_word' id='word_1_504' title='bbox 2724 3721 2914 3777; x_wconf 89' lang='lat' dir='ltr'><strong>matris</strong></span> <span class='ocrx_word' id='word_1_505' title='bbox 2943 3721 3181 3779; x_wconf 76' lang='lat' dir='ltr'><strong>ecclesia:</strong></span> <span class='ocrx_word' id='word_1_506' title='bbox 3210 3725 3581 3792; x_wconf 85' lang='lat' dir='ltr'><strong>continentur,</strong></span> 
     </span>
    </p>
   </div>
   <div class='ocr_carea' id='block_1_67' title="bbox 322 3813 1899 3883">
    <p class='ocr_par' dir='ltr' id='par_1_67' title="bbox 322 3813 1899 3883">
     <span class='ocr_line' id='line_1_67' title="bbox 322 3813 1899 3883; baseline 0.001 -12"><span class='ocrx_word' id='word_1_507' title='bbox 322 3817 573 3880; x_wconf 88' lang='lat' dir='ltr'><strong>ecclesia,</strong></span> <span class='ocrx_word' id='word_1_508' title='bbox 608 3829 730 3883; x_wconf 68' lang='lat' dir='ltr'><strong>quae</strong></span> <span class='ocrx_word' id='word_1_509' title='bbox 773 3814 828 3868; x_wconf 91' lang='lat' dir='ltr'><strong>in</strong></span> <span class='ocrx_word' id='word_1_510' title='bbox 849 3814 1037 3868; x_wconf 89' lang='lat' dir='ltr'><strong>eadem</strong></span> <span class='ocrx_word' id='word_1_511' title='bbox 1068 3814 1220 3878; x_wconf 89' lang='lat' dir='ltr'><strong>urbe,</strong></span> <span class='ocrx_word' id='word_1_512' title='bbox 1268 3813 1322 3867; x_wconf 92' lang='lat' dir='ltr'><strong>in</strong></span> <span class='ocrx_word' id='word_1_513' title='bbox 1351 3814 1556 3870; x_wconf 89' lang='lat' dir='ltr'><strong>honore</strong></span> <span class='ocrx_word' id='word_1_514' title='bbox 1583 3824 1780 3870; x_wconf 78' lang='lat' dir='ltr'><strong>saneta:</strong></span> <span class='ocrx_word' id='word_1_515' title='bbox 1804 3817 1899 3873; x_wconf 88' lang='lat' dir='ltr'><strong>Dei</strong></span> 
     </span>
    </p>
   </div>
   <div class='ocr_carea' id='block_1_68' title="bbox 323 3902 1899 3977">
    <p class='ocr_par' dir='ltr' id='par_1_68' title="bbox 323 3902 1899 3977">
     <span class='ocr_line' id='line_1_68' title="bbox 323 3902 1899 3977; baseline 0.003 -19"><span class='ocrx_word' id='word_1_516' title='bbox 323 3904 601 3977; x_wconf 84' lang='lat' dir='ltr'><strong>genitricis</strong></span> <span class='ocrx_word' id='word_1_517' title='bbox 641 3902 823 3956; x_wconf 80' lang='lat' dir='ltr'><strong>Mariae</strong></span> <span class='ocrx_word' id='word_1_518' title='bbox 866 3911 921 3958; x_wconf 91' lang='lat' dir='ltr'><strong>et</strong></span> <span class='ocrx_word' id='word_1_519' title='bbox 962 3911 1273 3957; x_wconf 88' lang='lat' dir='ltr'><strong>sanctorum</strong></span> <span class='ocrx_word' id='word_1_520' title='bbox 1300 3902 1547 3959; x_wconf 83' lang='lat' dir='ltr'><strong>Cervasii</strong></span> <span class='ocrx_word' id='word_1_521' title='bbox 1583 3913 1640 3959; x_wconf 92' lang='lat' dir='ltr'><strong>et</strong></span> <span class='ocrx_word' id='word_1_522' title='bbox 1669 3904 1899 3963; x_wconf 85' lang='lat' dir='ltr'><strong>Protasii</strong></span> 
     </span>
    </p>
   </div>
   <div class='ocr_carea' id='block_1_69' title="bbox 329 3991 1903 4064">
    <p class='ocr_par' dir='ltr' id='par_1_69' title="bbox 329 3991 1903 4064">
     <span class='ocr_line' id='line_1_69' title="bbox 329 3991 1903 4064; baseline 0.002 -16"><span class='ocrx_word' id='word_1_523' title='bbox 329 4000 659 4064; x_wconf 80' lang='lat' dir='ltr'><strong>martyrum,</strong></span> <span class='ocrx_word' id='word_1_524' title='bbox 687 3991 885 4047; x_wconf 88' lang='lat' dir='ltr'><strong>Christi</strong></span> <span class='ocrx_word' id='word_1_525' title='bbox 936 3991 1047 4048; x_wconf 89' lang='lat' dir='ltr'><strong>Deo</strong></span> <span class='ocrx_word' id='word_1_526' title='bbox 1090 4001 1175 4048; x_wconf 90' lang='lat' dir='ltr'><strong>est</strong></span> <span class='ocrx_word' id='word_1_527' title='bbox 1214 3992 1415 4062; x_wconf 86' lang='lat' dir='ltr'><strong>dicata,</strong></span> <span class='ocrx_word' id='word_1_528' title='bbox 1462 3996 1553 4051; x_wconf 90' lang='lat' dir='ltr'><strong>ubi</strong></span> <span class='ocrx_word' id='word_1_529' title='bbox 1593 3995 1775 4051; x_wconf 74' lang='lat' dir='ltr'><strong>multa:</strong></span> <span class='ocrx_word' id='word_1_530' title='bbox 1815 4011 1903 4051; x_wconf 90' lang='lat' dir='ltr'><strong>res</strong></span> 
     </span>
    </p>
   </div>
   <div class='ocr_carea' id='block_1_70' title="bbox 329 4086 1903 4151">
    <p class='ocr_par' dir='ltr' id='par_1_70' title="bbox 329 4086 1903 4151">
     <span class='ocr_line' id='line_1_70' title="bbox 329 4086 1903 4151; baseline 0.003 -9"><span class='ocrx_word' id='word_1_531' title='bbox 329 4087 528 4142; x_wconf 87' lang='lat' dir='ltr'><strong>dudum</strong></span> <span class='ocrx_word' id='word_1_532' title='bbox 557 4093 732 4151; x_wconf 86' lang='lat' dir='ltr'><strong>erant,</strong></span> <span class='ocrx_word' id='word_1_533' title='bbox 770 4087 904 4141; x_wconf 86' lang='lat' dir='ltr'><strong>adeo</strong></span> <span class='ocrx_word' id='word_1_534' title='bbox 928 4086 1206 4142; x_wconf 88' lang='lat' dir='ltr'><strong>humiliata</strong></span> <span class='ocrx_word' id='word_1_535' title='bbox 1243 4094 1299 4142; x_wconf 91' lang='lat' dir='ltr'><strong>et</strong></span> <span class='ocrx_word' id='word_1_536' title='bbox 1343 4089 1504 4145; x_wconf 90' lang='lat' dir='ltr'><strong>rebus</strong></span> <span class='ocrx_word' id='word_1_537' title='bbox 1544 4090 1656 4145; x_wconf 89' lang='lat' dir='ltr'><strong>suis</strong></span> <span class='ocrx_word' id='word_1_538' title='bbox 1685 4090 1758 4145; x_wconf 90' lang='lat' dir='ltr'><strong>sit</strong></span> <span class='ocrx_word' id='word_1_539' title='bbox 1784 4091 1903 4146; x_wconf 75' lang='lat' dir='ltr'><strong>exi-</strong></span> 
     </span>
    </p>
   </div>
   <div class='ocr_carea' id='block_1_71' title="bbox 330 4177 1904 4250">
    <p class='ocr_par' dir='ltr' id='par_1_71' title="bbox 330 4177 1904 4250">
     <span class='ocr_line' id='line_1_71' title="bbox 330 4177 1904 4250; baseline 0.003 -16"><span class='ocrx_word' id='word_1_540' title='bbox 330 4181 536 4246; x_wconf 81' lang='lat' dir='ltr'><strong>nauita,</strong></span> <span class='ocrx_word' id='word_1_541' title='bbox 552 4186 679 4234; x_wconf 91' lang='lat' dir='ltr'><strong>utet</strong></span> <span class='ocrx_word' id='word_1_542' title='bbox 698 4177 983 4234; x_wconf 88' lang='lat' dir='ltr'><strong>thesaurus</strong></span> <span class='ocrx_word' id='word_1_543' title='bbox 1006 4178 1174 4250; x_wconf 87' lang='lat' dir='ltr'><strong>ipsius</strong></span> <span class='ocrx_word' id='word_1_544' title='bbox 1199 4179 1441 4236; x_wconf 62' lang='lat' dir='ltr'><strong>ecclesiae</strong></span> <span class='ocrx_word' id='word_1_545' title='bbox 1464 4197 1495 4236; x_wconf 92' lang='lat' dir='ltr'><strong>a</strong></span> <span class='ocrx_word' id='word_1_546' title='bbox 1518 4182 1904 4238; x_wconf 89' lang='lat' dir='ltr'><strong>christianissi-</strong></span> 
     </span>
    </p>
   </div>
   <div class='ocr_carea' id='block_1_72' title="bbox 328 4267 1905 4340">
    <p class='ocr_par' dir='ltr' id='par_1_72' title="bbox 328 4267 1905 4340">
     <span class='ocr_line' id='line_1_72' title="bbox 328 4267 1905 4340; baseline 0.003 -17"><span class='ocrx_word' id='word_1_547' title='bbox 328 4270 432 4324; x_wconf 90' lang='lat' dir='ltr'><strong>mis</strong></span> <span class='ocrx_word' id='word_1_548' title='bbox 457 4267 792 4338; x_wconf 88' lang='lat' dir='ltr'><strong>principibus</strong></span> <span class='ocrx_word' id='word_1_549' title='bbox 812 4268 879 4323; x_wconf 89' lang='lat' dir='ltr'><strong>de</strong></span> <span class='ocrx_word' id='word_1_550' title='bbox 904 4282 969 4323; x_wconf 90' lang='lat' dir='ltr'><strong>ea</strong></span> <span class='ocrx_word' id='word_1_551' title='bbox 995 4267 1227 4332; x_wconf 89' lang='lat' dir='ltr'><strong>ablatus,</strong></span> <span class='ocrx_word' id='word_1_552' title='bbox 1254 4276 1309 4323; x_wconf 89' lang='lat' dir='ltr'><strong>et</strong></span> <span class='ocrx_word' id='word_1_553' title='bbox 1341 4272 1584 4340; x_wconf 84' lang='lat' dir='ltr'><strong>quaedam</strong></span> <span class='ocrx_word' id='word_1_554' title='bbox 1606 4280 1905 4328; x_wconf 71' lang='lat' dir='ltr'><strong>strumcnta</strong></span> 
     </span>
    </p>
   </div>
   <div class='ocr_carea' id='block_1_73' title="bbox 327 4359 1906 4441">
    <p class='ocr_par' dir='ltr' id='par_1_73' title="bbox 327 4359 1906 4441">
     <span class='ocr_line' id='line_1_73' title="bbox 327 4359 1906 4441; baseline 0.004 -27"><span class='ocrx_word' id='word_1_555' title='bbox 327 4359 659 4425; x_wconf 86' lang='lat' dir='ltr'><strong>chartarum,</strong></span> <span class='ocrx_word' id='word_1_556' title='bbox 689 4372 786 4429; x_wconf 91' lang='lat' dir='ltr'><strong>per</strong></span> <span class='ocrx_word' id='word_1_557' title='bbox 810 4373 932 4441; x_wconf 75' lang='lat' dir='ltr'><strong>quae</strong></span> <span class='ocrx_word' id='word_1_558' title='bbox 952 4372 1040 4413; x_wconf 88' lang='lat' dir='ltr'><strong>res</strong></span> <span class='ocrx_word' id='word_1_559' title='bbox 1066 4368 1121 4414; x_wconf 88' lang='lat' dir='ltr'><strong>et</strong></span> <span class='ocrx_word' id='word_1_560' title='bbox 1159 4360 1425 4431; x_wconf 84' lang='lat' dir='ltr'><strong>mancipia</strong></span> <span class='ocrx_word' id='word_1_561' title='bbox 1451 4363 1625 4417; x_wconf 88' lang='lat' dir='ltr'><strong>eidem</strong></span> <span class='ocrx_word' id='word_1_562' title='bbox 1665 4364 1906 4420; x_wconf 65' lang='lat' dir='ltr'><strong>ecclesiae</strong></span> 
     </span>
    </p>
   </div>
   <div class='ocr_carea' id='block_1_74' title="bbox 2003 3809 3584 3882">
    <p class='ocr_par' dir='ltr' id='par_1_74' title="bbox 2003 3809 3584 3882">
     <span class='ocr_line' id='line_1_74' title="bbox 2003 3809 3584 3882; baseline 0.003 -15"><span class='ocrx_word' id='word_1_563' title='bbox 2003 3812 2058 3867; x_wconf 91' lang='lat' dir='ltr'><strong>id</strong></span> <span class='ocrx_word' id='word_1_564' title='bbox 2078 3822 2184 3878; x_wconf 88' lang='lat' dir='ltr'><strong>est,</strong></span> <span class='ocrx_word' id='word_1_565' title='bbox 2218 3810 2534 3882; x_wconf 79' lang='lat' dir='ltr'><strong>Bupiacum,</strong></span> <span class='ocrx_word' id='word_1_566' title='bbox 2563 3809 2880 3876; x_wconf 78' lang='lat' dir='ltr'><strong>Cananiam,</strong></span> <span class='ocrx_word' id='word_1_567' title='bbox 2920 3809 3192 3878; x_wconf 85' lang='lat' dir='ltr'><strong>Culturas,</strong></span> <span class='ocrx_word' id='word_1_568' title='bbox 3227 3814 3584 3873; x_wconf 80' lang='lat' dir='ltr'><strong>Baliavalian-</strong></span> 
     </span>
    </p>
   </div>
   <div class='ocr_carea' id='block_1_75' title="bbox 2003 3899 3586 3968">
    <p class='ocr_par' dir='ltr' id='par_1_75' title="bbox 2003 3899 3586 3968">
     <span class='ocr_line' id='line_1_75' title="bbox 2003 3899 3586 3968; baseline 0.002 -9"><span class='ocrx_word' id='word_1_569' title='bbox 2003 3903 2146 3967; x_wconf 91' lang='lat' dir='ltr'><strong>cion,</strong></span> <span class='ocrx_word' id='word_1_570' title='bbox 2174 3900 2502 3968; x_wconf 87' lang='lat' dir='ltr'><strong>Colonicam,</strong></span> <span class='ocrx_word' id='word_1_571' title='bbox 2550 3899 2919 3967; x_wconf 79' lang='lat' dir='ltr'><strong>Vetusiacum,</strong></span> <span class='ocrx_word' id='word_1_572' title='bbox 2968 3911 3023 3958; x_wconf 88' lang='lat' dir='ltr'><strong>et</strong></span> <span class='ocrx_word' id='word_1_573' title='bbox 3078 3904 3375 3963; x_wconf 78' lang='lat' dir='ltr'><strong>Celsiacum</strong></span> <span class='ocrx_word' id='word_1_574' title='bbox 3408 3908 3586 3965; x_wconf 76' lang='lat' dir='ltr'><strong>vicum</strong></span> 
     </span>
    </p>
   </div>
   <div class='ocr_carea' id='block_1_76' title="bbox 2004 3993 3581 4067">
    <p class='ocr_par' dir='ltr' id='par_1_76' title="bbox 2004 3993 3581 4067">
     <span class='ocr_line' id='line_1_76' title="bbox 2004 3993 3581 4067; baseline 0.004 -17"><span class='ocrx_word' id='word_1_575' title='bbox 2004 3995 2352 4061; x_wconf 87' lang='lat' dir='ltr'><strong>canonicum;</strong></span> <span class='ocrx_word' id='word_1_576' title='bbox 2391 4000 2448 4049; x_wconf 89' lang='lat' dir='ltr'><strong>et</strong></span> <span class='ocrx_word' id='word_1_577' title='bbox 2474 3993 2655 4049; x_wconf 90' lang='lat' dir='ltr'><strong>villam</strong></span> <span class='ocrx_word' id='word_1_578' title='bbox 2680 3993 2918 4063; x_wconf 89' lang='lat' dir='ltr'><strong>ejusdem</strong></span> <span class='ocrx_word' id='word_1_579' title='bbox 2945 3996 3221 4067; x_wconf 86' lang='lat' dir='ltr'><strong>episc0pii,</strong></span> <span class='ocrx_word' id='word_1_580' title='bbox 3267 3998 3581 4056; x_wconf 86' lang='lat' dir='ltr'><strong>Aloniacum</strong></span> 
     </span>
    </p>
   </div>
   <div class='ocr_carea' id='block_1_77' title="bbox 2005 4085 3584 4158">
    <p class='ocr_par' dir='ltr' id='par_1_77' title="bbox 2005 4085 3584 4158">
     <span class='ocr_line' id='line_1_77' title="bbox 2005 4085 3584 4158; baseline 0.003 -18"><span class='ocrx_word' id='word_1_581' title='bbox 2005 4099 2236 4158; x_wconf 85' lang='lat' dir='ltr'><strong>quoque,</strong></span> <span class='ocrx_word' id='word_1_582' title='bbox 2266 4093 2322 4141; x_wconf 90' lang='lat' dir='ltr'><strong>et</strong></span> <span class='ocrx_word' id='word_1_583' title='bbox 2348 4085 2649 4152; x_wconf 84' lang='lat' dir='ltr'><strong>Asinarias,</strong></span> <span class='ocrx_word' id='word_1_584' title='bbox 2676 4092 2839 4156; x_wconf 90' lang='lat' dir='ltr'><strong>atque</strong></span> <span class='ocrx_word' id='word_1_585' title='bbox 2860 4086 3141 4152; x_wconf 71' lang='lat' dir='ltr'><strong>Yodebeis,</strong></span> <span class='ocrx_word' id='word_1_586' title='bbox 3181 4087 3584 4145; x_wconf 86' lang='lat' dir='ltr'><strong>Callcmartiunt</strong></span> 
     </span>
    </p>
   </div>
   <div class='ocr_carea' id='block_1_78' title="bbox 2005 4176 3583 4250">
    <p class='ocr_par' dir='ltr' id='par_1_78' title="bbox 2005 4176 3583 4250">
     <span class='ocr_line' id='line_1_78' title="bbox 2005 4176 3583 4250; baseline 0.001 -15"><span class='ocrx_word' id='word_1_587' title='bbox 2005 4177 2233 4244; x_wconf 89' lang='lat' dir='ltr'><strong>scilicet,</strong></span> <span class='ocrx_word' id='word_1_588' title='bbox 2273 4177 2387 4233; x_wconf 87' lang='lat' dir='ltr'><strong>sive</strong></span> <span class='ocrx_word' id='word_1_589' title='bbox 2415 4176 2549 4233; x_wconf 90' lang='lat' dir='ltr'><strong>alias</strong></span> <span class='ocrx_word' id='word_1_590' title='bbox 2581 4176 2794 4232; x_wconf 89' lang='lat' dir='ltr'><strong>villulas</strong></span> <span class='ocrx_word' id='word_1_591' title='bbox 2821 4192 3052 4247; x_wconf 87' lang='lat' dir='ltr'><strong>quarum</strong></span> <span class='ocrx_word' id='word_1_592' title='bbox 3080 4180 3296 4234; x_wconf 89' lang='lat' dir='ltr'><strong>nomina</strong></span> <span class='ocrx_word' id='word_1_593' title='bbox 3323 4180 3378 4235; x_wconf 91' lang='lat' dir='ltr'><strong>in</strong></span> <span class='ocrx_word' id='word_1_594' title='bbox 3404 4196 3583 4250; x_wconf 78' lang='lat' dir='ltr'><strong>prom-</strong></span> 
     </span>
    </p>
   </div>
   <div class='ocr_carea' id='block_1_79' title="bbox 2006 4268 3587 4343">
    <p class='ocr_par' dir='ltr' id='par_1_79' title="bbox 2006 4268 3587 4343">
     <span class='ocr_line' id='line_1_79' title="bbox 2006 4268 3587 4343; baseline 0.002 -17"><span class='ocrx_word' id='word_1_595' title='bbox 2006 4279 2104 4343; x_wconf 90' lang='lat' dir='ltr'><strong>ptu</strong></span> <span class='ocrx_word' id='word_1_596' title='bbox 2130 4286 2237 4326; x_wconf 90' lang='lat' dir='ltr'><strong>non</strong></span> <span class='ocrx_word' id='word_1_597' title='bbox 2262 4269 2551 4336; x_wconf 87' lang='lat' dir='ltr'><strong>habentur,</strong></span> <span class='ocrx_word' id='word_1_598' title='bbox 2574 4269 2667 4324; x_wconf 90' lang='lat' dir='ltr'><strong>sed</strong></span> <span class='ocrx_word' id='word_1_599' title='bbox 2692 4268 2747 4325; x_wconf 91' lang='lat' dir='ltr'><strong>in</strong></span> <span class='ocrx_word' id='word_1_600' title='bbox 2773 4269 3034 4341; x_wconf 87' lang='lat' dir='ltr'><strong>plenariis</strong></span> <span class='ocrx_word' id='word_1_601' title='bbox 3073 4269 3188 4340; x_wconf 86' lang='lat' dir='ltr'><strong>jam</strong></span> <span class='ocrx_word' id='word_1_602' title='bbox 3235 4270 3391 4327; x_wconf 83' lang='lat' dir='ltr'><strong>dictae</strong></span> <span class='ocrx_word' id='word_1_603' title='bbox 3429 4288 3587 4330; x_wconf 84' lang='lat' dir='ltr'><strong>sane--</strong></span> 
     </span>
    </p>
   </div>
   <div class='ocr_carea' id='block_1_80' title="bbox 2010 4354 3590 4426">
    <p class='ocr_par' dir='ltr' id='par_1_80' title="bbox 2010 4354 3590 4426">
     <span class='ocr_line' id='line_1_80' title="bbox 2010 4354 3590 4426; baseline 0 -7"><span class='ocrx_word' id='word_1_604' title='bbox 2010 4371 2077 4419; x_wconf 71' lang='lat' dir='ltr'><strong>tae</strong></span> <span class='ocrx_word' id='word_1_605' title='bbox 2130 4360 2322 4417; x_wconf 87' lang='lat' dir='ltr'><strong>matris</strong></span> <span class='ocrx_word' id='word_1_606' title='bbox 2380 4361 2625 4417; x_wconf 75' lang='lat' dir='ltr'><strong>ecclesia:</strong></span> <span class='ocrx_word' id='word_1_607' title='bbox 2675 4369 2928 4416; x_wconf 88' lang='lat' dir='ltr'><strong>tenentur</strong></span> <span class='ocrx_word' id='word_1_608' title='bbox 2983 4354 3218 4426; x_wconf 78' lang='lat' dir='ltr'><strong>inserta,</strong></span> <span class='ocrx_word' id='word_1_609' title='bbox 3291 4371 3348 4417; x_wconf 90' lang='lat' dir='ltr'><strong>et</strong></span> <span class='ocrx_word' id='word_1_610' title='bbox 3394 4378 3590 4421; x_wconf 82' lang='lat' dir='ltr'><strong>census</strong></span> 
     </span>
    </p>
   </div>
   <div class='ocr_carea' id='block_1_81' title="bbox 328 4449 3587 4549">
    <p class='ocr_par' dir='ltr' id='par_1_81' title="bbox 328 4449 3587 4549">
     <span class='ocr_line' id='line_1_81' title="bbox 328 4449 3587 4549; baseline 0.003 -48"><span class='ocrx_word' id='word_1_611' title='bbox 328 4449 543 4503; x_wconf 89' lang='lat' dir='ltr'><strong>fuerant</strong></span> <span class='ocrx_word' id='word_1_612' title='bbox 570 4449 848 4521; x_wconf 74' lang='lat' dir='ltr'><strong>delegatus,</strong></span> <span class='ocrx_word' id='word_1_613' title='bbox 875 4449 1209 4505; x_wconf 75' lang='lat' dir='ltr'><strong>diversorum</strong></span> <span class='ocrx_word' id='word_1_614' title='bbox 1238 4467 1459 4507; x_wconf 90' lang='lat' dir='ltr'><strong>casuum</strong></span> <span class='ocrx_word' id='word_1_615' title='bbox 1488 4456 1768 4512; x_wconf 90' lang='lat' dir='ltr'><strong>eventibus</strong></span> <span class='ocrx_word' id='word_1_616' title='bbox 1792 4472 1907 4512; x_wconf 90' lang='lat' dir='ltr'><strong>ma-</strong></span> <span class='ocrx_word' id='word_1_617' title='bbox 1930 4488 1987 4549; x_wconf 69' lang='grc' dir='ltr'><strong><em>Β</em></strong></span> <span class='ocrx_word' id='word_1_618' title='bbox 2008 4454 2250 4511; x_wconf 87' lang='lat' dir='ltr'><strong>omnium</strong></span> <span class='ocrx_word' id='word_1_619' title='bbox 2276 4453 2517 4509; x_wconf 87' lang='lat' dir='ltr'><strong>vicorum</strong></span> <span class='ocrx_word' id='word_1_620' title='bbox 2546 4451 2603 4507; x_wconf 91' lang='lat' dir='ltr'><strong>in</strong></span> <span class='ocrx_word' id='word_1_621' title='bbox 2642 4452 2832 4507; x_wconf 85' lang='lat' dir='ltr'><strong>eadem</strong></span> <span class='ocrx_word' id='word_1_622' title='bbox 2861 4451 3121 4522; x_wconf 89' lang='lat' dir='ltr'><strong>parochia</strong></span> <span class='ocrx_word' id='word_1_623' title='bbox 3151 4452 3587 4520; x_wconf 86' lang='lat' dir='ltr'><strong>consistentium,</strong></span> 
     </span>
    </p>
   </div>
   <div class='ocr_carea' id='block_1_82' title="bbox 328 4540 1906 4616">
    <p class='ocr_par' dir='ltr' id='par_1_82' title="bbox 328 4540 1906 4616">
     <span class='ocr_line' id='line_1_82' title="bbox 328 4540 1906 4616; baseline 0.006 -23"><span class='ocrx_word' id='word_1_624' title='bbox 328 4554 434 4611; x_wconf 84' lang='lat' dir='ltr'><strong>gna</strong></span> <span class='ocrx_word' id='word_1_625' title='bbox 460 4553 528 4594; x_wconf 80' lang='lat' dir='ltr'><strong>ex</strong></span> <span class='ocrx_word' id='word_1_626' title='bbox 553 4550 710 4610; x_wconf 86' lang='lat' dir='ltr'><strong>parte</strong></span> <span class='ocrx_word' id='word_1_627' title='bbox 748 4540 821 4595; x_wconf 91' lang='lat' dir='ltr'><strong>ibi</strong></span> <span class='ocrx_word' id='word_1_628' title='bbox 869 4540 1232 4613; x_wconf 88' lang='lat' dir='ltr'><strong>deperierunt,</strong></span> <span class='ocrx_word' id='word_1_629' title='bbox 1285 4559 1385 4598; x_wconf 90' lang='lat' dir='ltr'><strong>nec</strong></span> <span class='ocrx_word' id='word_1_630' title='bbox 1423 4559 1530 4598; x_wconf 90' lang='lat' dir='ltr'><strong>non</strong></span> <span class='ocrx_word' id='word_1_631' title='bbox 1573 4548 1906 4616; x_wconf 88' lang='lat' dir='ltr'><strong>paupertatis</strong></span> 
     </span>
    </p>
   </div>
   <div class='ocr_carea' id='block_1_83' title="bbox 329 4632 1903 4702">
    <p class='ocr_par' dir='ltr' id='par_1_83' title="bbox 329 4632 1903 4702">
     <span class='ocr_line' id='line_1_83' title="bbox 329 4632 1903 4702; baseline 0.004 -15"><span class='ocrx_word' id='word_1_632' title='bbox 329 4646 494 4687; x_wconf 87' lang='lat' dir='ltr'><strong>causa</strong></span> <span class='ocrx_word' id='word_1_633' title='bbox 521 4632 884 4702; x_wconf 71' lang='lat' dir='ltr'><strong>praepediente</strong></span> <span class='ocrx_word' id='word_1_634' title='bbox 910 4632 1077 4687; x_wconf 90' lang='lat' dir='ltr'><strong>divini</strong></span> <span class='ocrx_word' id='word_1_635' title='bbox 1112 4634 1288 4689; x_wconf 88' lang='lat' dir='ltr'><strong>cultus</strong></span> <span class='ocrx_word' id='word_1_636' title='bbox 1321 4633 1554 4691; x_wconf 80' lang='lat' dir='ltr'><strong>olllcium</strong></span> <span class='ocrx_word' id='word_1_637' title='bbox 1578 4638 1903 4695; x_wconf 88' lang='lat' dir='ltr'><strong>miserabili-</strong></span> 
     </span>
    </p>
   </div>
   <div class='ocr_carea' id='block_1_84' title="bbox 329 4722 1909 4789">
    <p class='ocr_par' dir='ltr' id='par_1_84' title="bbox 329 4722 1909 4789">
     <span class='ocr_line' id='line_1_84' title="bbox 329 4722 1909 4789; baseline 0.005 -11"><span class='ocrx_word' id='word_1_638' title='bbox 329 4734 416 4779; x_wconf 90' lang='lat' dir='ltr'><strong>ter</strong></span> <span class='ocrx_word' id='word_1_639' title='bbox 457 4722 622 4779; x_wconf 89' lang='lat' dir='ltr'><strong>fucrit</strong></span> <span class='ocrx_word' id='word_1_640' title='bbox 661 4722 1001 4789; x_wconf 89' lang='lat' dir='ltr'><strong>destitutum,</strong></span> <span class='ocrx_word' id='word_1_641' title='bbox 1043 4733 1097 4778; x_wconf 92' lang='lat' dir='ltr'><strong>et</strong></span> <span class='ocrx_word' id='word_1_642' title='bbox 1123 4725 1174 4779; x_wconf 93' lang='lat' dir='ltr'><strong>in</strong></span> <span class='ocrx_word' id='word_1_643' title='bbox 1206 4726 1393 4781; x_wconf 84' lang='lat' dir='ltr'><strong>eadem</strong></span> <span class='ocrx_word' id='word_1_644' title='bbox 1424 4728 1718 4784; x_wconf 90' lang='lat' dir='ltr'><strong>miserabili</strong></span> <span class='ocrx_word' id='word_1_645' title='bbox 1742 4730 1909 4786; x_wconf 85' lang='lat' dir='ltr'><strong>colla-</strong></span> 
     </span>
    </p>
   </div>
   <div class='ocr_carea' id='block_1_85' title="bbox 330 4813 1909 4889">
    <p class='ocr_par' dir='ltr' id='par_1_85' title="bbox 330 4813 1909 4889">
     <span class='ocr_line' id='line_1_85' title="bbox 330 4813 1909 4889; baseline 0.006 -20"><span class='ocrx_word' id='word_1_646' title='bbox 330 4813 540 4882; x_wconf 88' lang='lat' dir='ltr'><strong>psione,</strong></span> <span class='ocrx_word' id='word_1_647' title='bbox 567 4814 678 4869; x_wconf 87' lang='lat' dir='ltr'><strong>imo</strong></span> <span class='ocrx_word' id='word_1_648' title='bbox 704 4813 1053 4869; x_wconf 90' lang='lat' dir='ltr'><strong>destitutione</strong></span> <span class='ocrx_word' id='word_1_649' title='bbox 1082 4816 1263 4870; x_wconf 90' lang='lat' dir='ltr'><strong>tandiu</strong></span> <span class='ocrx_word' id='word_1_650' title='bbox 1286 4816 1400 4888; x_wconf 91' lang='lat' dir='ltr'><strong>ipsa</strong></span> <span class='ocrx_word' id='word_1_651' title='bbox 1422 4820 1718 4889; x_wconf 89' lang='lat' dir='ltr'><strong>perstiterit</strong></span> <span class='ocrx_word' id='word_1_652' title='bbox 1738 4822 1909 4878; x_wconf 90' lang='lat' dir='ltr'><strong>eccle-</strong></span> 
     </span>
    </p>
   </div>
   <div class='ocr_carea' id='block_1_86' title="bbox 332 4903 1911 4985">
    <p class='ocr_par' dir='ltr' id='par_1_86' title="bbox 332 4903 1911 4985">
     <span class='ocr_line' id='line_1_86' title="bbox 332 4903 1911 4985; baseline 0.008 -25"><span class='ocrx_word' id='word_1_653' title='bbox 332 4904 433 4971; x_wconf 89' lang='lat' dir='ltr'><strong>sia,</strong></span> <span class='ocrx_word' id='word_1_654' title='bbox 471 4903 641 4960; x_wconf 90' lang='lat' dir='ltr'><strong>donec</strong></span> <span class='ocrx_word' id='word_1_655' title='bbox 684 4904 983 4975; x_wconf 78' lang='lat' dir='ltr'><strong>inspirante</strong></span> <span class='ocrx_word' id='word_1_656' title='bbox 1042 4906 1269 4963; x_wconf 92' lang='lat' dir='ltr'><strong>Domino</strong></span> <span class='ocrx_word' id='word_1_657' title='bbox 1322 4910 1552 4968; x_wconf 88' lang='lat' dir='ltr'><strong>domnus</strong></span> <span class='ocrx_word' id='word_1_658' title='bbox 1597 4921 1650 4969; x_wconf 90' lang='lat' dir='ltr'><strong>et</strong></span> <span class='ocrx_word' id='word_1_659' title='bbox 1697 4916 1911 4985; x_wconf 90' lang='lat' dir='ltr'><strong>genitor</strong></span> 
     </span>
    </p>
   </div>
   <div class='ocr_carea' id='block_1_87' title="bbox 331 4995 1904 5063">
    <p class='ocr_par' dir='ltr' id='par_1_87' title="bbox 331 4995 1904 5063">
     <span class='ocr_line' id='line_1_87' title="bbox 331 4995 1904 5063; baseline 0.008 -14"><span class='ocrx_word' id='word_1_660' title='bbox 331 5002 518 5050; x_wconf 88' lang='lat' dir='ltr'><strong>noster</strong></span> <span class='ocrx_word' id='word_1_661' title='bbox 540 5003 739 5052; x_wconf 65' lang='lat' dir='ltr'><strong>sancta:</strong></span> <span class='ocrx_word' id='word_1_662' title='bbox 769 4996 1046 5051; x_wconf 68' lang='lat' dir='ltr'><strong>memoriae</strong></span> <span class='ocrx_word' id='word_1_663' title='bbox 1069 4995 1297 5055; x_wconf 87' lang='lat' dir='ltr'><strong>Carolus</strong></span> <span class='ocrx_word' id='word_1_664' title='bbox 1324 5002 1690 5060; x_wconf 88' lang='lat' dir='ltr'><strong>nobilissimus</strong></span> <span class='ocrx_word' id='word_1_665' title='bbox 1717 5008 1904 5063; x_wconf 87' lang='lat' dir='ltr'><strong>ortho-</strong></span> 
     </span>
    </p>
   </div>
   <div class='ocr_carea' id='block_1_88' title="bbox 330 5085 1909 5171">
    <p class='ocr_par' dir='ltr' id='par_1_88' title="bbox 330 5085 1909 5171">
     <span class='ocr_line' id='line_1_88' title="bbox 330 5085 1909 5171; baseline 0.01 -31"><span class='ocrx_word' id='word_1_666' title='bbox 330 5085 505 5141; x_wconf 80' lang='lat' dir='ltr'><strong>doxus</strong></span> <span class='ocrx_word' id='word_1_667' title='bbox 529 5087 825 5155; x_wconf 89' lang='lat' dir='ltr'><strong>imperator</strong></span> <span class='ocrx_word' id='word_1_668' title='bbox 853 5086 1035 5157; x_wconf 88' lang='lat' dir='ltr'><strong>aliqua</strong></span> <span class='ocrx_word' id='word_1_669' title='bbox 1080 5092 1466 5149; x_wconf 84' lang='lat' dir='ltr'><strong>monasteriola</strong></span> <span class='ocrx_word' id='word_1_670' title='bbox 1492 5103 1547 5149; x_wconf 90' lang='lat' dir='ltr'><strong>et</strong></span> <span class='ocrx_word' id='word_1_671' title='bbox 1570 5097 1723 5153; x_wconf 89' lang='lat' dir='ltr'><strong>villas</strong></span> <span class='ocrx_word' id='word_1_672' title='bbox 1746 5115 1909 5171; x_wconf 88' lang='lat' dir='ltr'><strong>quas-</strong></span> 
     </span>
    </p>
   </div>
   <div class='ocr_carea' id='block_1_89' title="bbox 333 5172 1910 5262">
    <p class='ocr_par' dir='ltr' id='par_1_89' title="bbox 333 5172 1910 5262">
     <span class='ocr_line' id='line_1_89' title="bbox 333 5172 1910 5262; baseline 0.011 -34"><span class='ocrx_word' id='word_1_673' title='bbox 333 5175 459 5229; x_wconf 91' lang='lat' dir='ltr'><strong>dam</strong></span> <span class='ocrx_word' id='word_1_674' title='bbox 503 5172 640 5243; x_wconf 83' lang='lat' dir='ltr'><strong>juris</strong></span> <span class='ocrx_word' id='word_1_675' title='bbox 689 5172 929 5241; x_wconf 89' lang='lat' dir='ltr'><strong>ejusdem</strong></span> <span class='ocrx_word' id='word_1_676' title='bbox 970 5177 1233 5250; x_wconf 65' lang='lat' dir='ltr'><strong>‘episeopii</strong></span> <span class='ocrx_word' id='word_1_677' title='bbox 1264 5195 1385 5237; x_wconf 91' lang='lat' dir='ltr'><strong>cum</strong></span> <span class='ocrx_word' id='word_1_678' title='bbox 1439 5184 1599 5240; x_wconf 86' lang='lat' dir='ltr'><strong>rebus</strong></span> <span class='ocrx_word' id='word_1_679' title='bbox 1645 5186 1766 5244; x_wconf 87' lang='lat' dir='ltr'><strong>aliis</strong></span> <span class='ocrx_word' id='word_1_680' title='bbox 1813 5205 1910 5262; x_wconf 89' lang='lat' dir='ltr'><strong>per</strong></span> 
     </span>
    </p>
   </div>
   <div class='ocr_carea' id='block_1_90' title="bbox 335 5262 1910 5347">
    <p class='ocr_par' dir='ltr' id='par_1_90' title="bbox 335 5262 1910 5347">
     <span class='ocr_line' id='line_1_90' title="bbox 335 5262 1910 5347; baseline 0.012 -30"><span class='ocrx_word' id='word_1_681' title='bbox 335 5262 776 5318; x_wconf 85' lang='lat' dir='ltr'><strong>intercessionem</strong></span> <span class='ocrx_word' id='word_1_682' title='bbox 825 5263 1090 5318; x_wconf 88' lang='lat' dir='ltr'><strong>nobilium</strong></span> <span class='ocrx_word' id='word_1_683' title='bbox 1135 5268 1425 5327; x_wconf 89' lang='lat' dir='ltr'><strong>multorum</strong></span> <span class='ocrx_word' id='word_1_684' title='bbox 1477 5281 1534 5329; x_wconf 88' lang='lat' dir='ltr'><strong>et</strong></span> <span class='ocrx_word' id='word_1_685' title='bbox 1587 5278 1910 5347; x_wconf 88' lang='lat' dir='ltr'><strong>optimatum</strong></span> 
     </span>
    </p>
   </div>
   <div class='ocr_carea' id='block_1_91' title="bbox 336 5352 1915 5438">
    <p class='ocr_par' dir='ltr' id='par_1_91' title="bbox 336 5352 1915 5438">
     <span class='ocr_line' id='line_1_91' title="bbox 336 5352 1915 5438; baseline 0.013 -30"><span class='ocrx_word' id='word_1_686' title='bbox 336 5367 558 5409; x_wconf 89' lang='lat' dir='ltr'><strong>suorum</strong></span> <span class='ocrx_word' id='word_1_687' title='bbox 574 5352 745 5409; x_wconf 89' lang='lat' dir='ltr'><strong>eidem</strong></span> <span class='ocrx_word' id='word_1_688' title='bbox 769 5353 1063 5409; x_wconf 83' lang='lat' dir='ltr'><strong>reddiderit</strong></span> <span class='ocrx_word' id='word_1_689' title='bbox 1079 5357 1337 5429; x_wconf 65' lang='lat' dir='ltr'><strong>ecclesias,</strong></span> <span class='ocrx_word' id='word_1_690' title='bbox 1352 5363 1545 5433; x_wconf 89' lang='lat' dir='ltr'><strong>quibus</strong></span> <span class='ocrx_word' id='word_1_691' title='bbox 1563 5367 1676 5438; x_wconf 84' lang='lat' dir='ltr'><strong>ipse</strong></span> <span class='ocrx_word' id='word_1_692' title='bbox 1696 5380 1915 5428; x_wconf 87' lang='lat' dir='ltr'><strong>sanctus</strong></span> 
     </span>
    </p>
   </div>
   <div class='ocr_carea' id='block_1_92' title="bbox 336 5446 1913 5524">
    <p class='ocr_par' dir='ltr' id='par_1_92' title="bbox 336 5446 1913 5524">
     <span class='ocr_line' id='line_1_92' title="bbox 336 5446 1913 5524; baseline 0.013 -23"><span class='ocrx_word' id='word_1_693' title='bbox 336 5446 751 5503; x_wconf 87' lang='lat' dir='ltr'><strong>adminiculatus</strong></span> <span class='ocrx_word' id='word_1_694' title='bbox 783 5446 934 5504; x_wconf 89' lang='lat' dir='ltr'><strong>locus</strong></span> <span class='ocrx_word' id='word_1_695' title='bbox 972 5449 1141 5505; x_wconf 89' lang='lat' dir='ltr'><strong>libere</strong></span> <span class='ocrx_word' id='word_1_696' title='bbox 1171 5461 1330 5524; x_wconf 89' lang='lat' dir='ltr'><strong>atque</strong></span> <span class='ocrx_word' id='word_1_697' title='bbox 1363 5457 1803 5521; x_wconf 80' lang='lat' dir='ltr'><strong>inexcusabiliter</strong></span> <span class='ocrx_word' id='word_1_698' title='bbox 1831 5467 1913 5521; x_wconf 87' lang='lat' dir='ltr'><strong>di-</strong></span> 
     </span>
    </p>
   </div>
   <div class='ocr_carea' id='block_1_93' title="bbox 336 5536 1915 5626">
    <p class='ocr_par' dir='ltr' id='par_1_93' title="bbox 336 5536 1915 5626">
     <span class='ocr_line' id='line_1_93' title="bbox 336 5536 1915 5626; baseline 0.016 -36"><span class='ocrx_word' id='word_1_699' title='bbox 336 5538 477 5592; x_wconf 66' lang='lat' dir='ltr'><strong>vinae</strong></span> <span class='ocrx_word' id='word_1_700' title='bbox 499 5551 645 5592; x_wconf 88' lang='lat' dir='ltr'><strong>nunc</strong></span> <span class='ocrx_word' id='word_1_701' title='bbox 676 5536 969 5595; x_wconf 87' lang='lat' dir='ltr'><strong>famulatur</strong></span> <span class='ocrx_word' id='word_1_702' title='bbox 998 5543 1273 5612; x_wconf 77' lang='lat' dir='ltr'><strong>potentiae,</strong></span> <span class='ocrx_word' id='word_1_703' title='bbox 1301 5550 1589 5617; x_wconf 85' lang='lat' dir='ltr'><strong>postulavit</strong></span> <span class='ocrx_word' id='word_1_704' title='bbox 1614 5563 1778 5626; x_wconf 90' lang='lat' dir='ltr'><strong>atque</strong></span> <span class='ocrx_word' id='word_1_705' title='bbox 1813 5574 1915 5625; x_wconf 77' lang='lat' dir='ltr'><strong>nos</strong></span> 
     </span>
    </p>
   </div>
   <div class='ocr_carea' id='block_1_94' title="bbox 339 5626 1912 5714">
    <p class='ocr_par' dir='ltr' id='par_1_94' title="bbox 339 5626 1912 5714">
     <span class='ocr_line' id='line_1_94' title="bbox 339 5626 1912 5714; baseline 0.018 -35"><span class='ocrx_word' id='word_1_706' title='bbox 339 5626 625 5699; x_wconf 59' lang='lat' dir='ltr'><strong>git-edictus</strong></span> <span class='ocrx_word' id='word_1_707' title='bbox 671 5629 913 5700; x_wconf 82' lang='lat' dir='ltr'><strong>pontifex</strong></span> <span class='ocrx_word' id='word_1_708' title='bbox 950 5641 1010 5687; x_wconf 87' lang='lat' dir='ltr'><strong>ut</strong></span> <span class='ocrx_word' id='word_1_709' title='bbox 1049 5632 1115 5690; x_wconf 90' lang='lat' dir='ltr'><strong>de</strong></span> <span class='ocrx_word' id='word_1_710' title='bbox 1164 5638 1366 5695; x_wconf 88' lang='lat' dir='ltr'><strong>eisdem</strong></span> <span class='ocrx_word' id='word_1_711' title='bbox 1393 5641 1598 5701; x_wconf 90' lang='lat' dir='ltr'><strong>cellulis</strong></span> <span class='ocrx_word' id='word_1_712' title='bbox 1642 5656 1700 5702; x_wconf 88' lang='lat' dir='ltr'><strong>et</strong></span> <span class='ocrx_word' id='word_1_713' title='bbox 1728 5649 1912 5714; x_wconf 85' lang='lat' dir='ltr'><strong>rebus,</strong></span> 
     </span>
    </p>
   </div>
   <div class='ocr_carea' id='block_1_95' title="bbox 339 5720 1911 5807">
    <p class='ocr_par' dir='ltr' id='par_1_95' title="bbox 339 5720 1911 5807">
     <span class='ocr_line' id='line_1_95' title="bbox 339 5720 1911 5807; baseline 0.011 -30"><span class='ocrx_word' id='word_1_714' title='bbox 339 5720 455 5777; x_wconf 76' lang='lat' dir='ltr'><strong>sive</strong></span> <span class='ocrx_word' id='word_1_715' title='bbox 481 5735 617 5793; x_wconf 87' lang='lat' dir='ltr'><strong>quas</strong></span> <span class='ocrx_word' id='word_1_716' title='bbox 642 5731 973 5779; x_wconf 78' lang='lat' dir='ltr'><strong>memoratus</strong></span> <span class='ocrx_word' id='word_1_717' title='bbox 1016 5727 1224 5795; x_wconf 80' lang='lat' dir='ltr'><strong>genitor</strong></span> <span class='ocrx_word' id='word_1_718' title='bbox 1268 5737 1453 5786; x_wconf 85' lang='lat' dir='ltr'><strong>noster</strong></span> <span class='ocrx_word' id='word_1_719' title='bbox 1500 5742 1549 5787; x_wconf 89' lang='lat' dir='ltr'><strong>et</strong></span> <span class='ocrx_word' id='word_1_720' title='bbox 1592 5752 1690 5791; x_wconf 85' lang='lat' dir='ltr'><strong>nos</strong></span> <span class='ocrx_word' id='word_1_721' title='bbox 1728 5747 1911 5807; x_wconf 84' lang='lat' dir='ltr'><strong>postea</strong></span> 
     </span>
    </p>
   </div>
   <div class='ocr_carea' id='block_1_96' title="bbox 739 5838 1221 5903">
    <p class='ocr_par' dir='ltr' id='par_1_96' title="bbox 739 5838 1221 5903">
     <span class='ocr_line' id='line_1_96' title="bbox 739 5838 1221 5903; baseline 0.008 -4"><span class='ocrx_word' id='word_1_722' title='bbox 739 5839 1021 5899; x_wconf 69' lang='grc' dir='ltr'><strong>Ριτιιοι..</strong></span> <span class='ocrx_word' id='word_1_723' title='bbox 1069 5838 1221 5903; x_wconf 75' lang='lat' dir='ltr'><strong>CIV.</strong></span> 
     </span>
    </p>
   </div>
   <div class='ocr_carea' id='block_1_97' title="bbox 2010 4543 3591 4617">
    <p class='ocr_par' dir='ltr' id='par_1_97' title="bbox 2010 4543 3591 4617">
     <span class='ocr_line' id='line_1_97' title="bbox 2010 4543 3591 4617; baseline 0.001 -14"><span class='ocrx_word' id='word_1_724' title='bbox 2010 4548 2151 4603; x_wconf 88' lang='lat' dir='ltr'><strong>sicut</strong></span> <span class='ocrx_word' id='word_1_725' title='bbox 2190 4549 2245 4602; x_wconf 90' lang='lat' dir='ltr'><strong>in</strong></span> <span class='ocrx_word' id='word_1_726' title='bbox 2293 4545 2551 4617; x_wconf 87' lang='lat' dir='ltr'><strong>plenariis</strong></span> <span class='ocrx_word' id='word_1_727' title='bbox 2605 4552 2661 4601; x_wconf 90' lang='lat' dir='ltr'><strong>et</strong></span> <span class='ocrx_word' id='word_1_728' title='bbox 2711 4545 2997 4602; x_wconf 87' lang='lat' dir='ltr'><strong>breviariis</strong></span> <span class='ocrx_word' id='word_1_729' title='bbox 3044 4543 3282 4614; x_wconf 71' lang='lat' dir='ltr'><strong>ejusdem</strong></span> <span class='ocrx_word' id='word_1_730' title='bbox 3345 4548 3591 4604; x_wconf 67' lang='lat' dir='ltr'><strong>ecclesiae</strong></span> 
     </span>
    </p>
   </div>
   <div class='ocr_carea' id='block_1_98' title="bbox 2011 4643 3587 4715">
    <p class='ocr_par' dir='ltr' id='par_1_98' title="bbox 2011 4643 3587 4715">
     <span class='ocr_line' id='line_1_98' title="bbox 2011 4643 3587 4715; baseline 0.001 -14"><span class='ocrx_word' id='word_1_731' title='bbox 2011 4645 2243 4701; x_wconf 88' lang='lat' dir='ltr'><strong>habetur</strong></span> <span class='ocrx_word' id='word_1_732' title='bbox 2267 4644 2611 4715; x_wconf 88' lang='lat' dir='ltr'><strong>inscriptum,</strong></span> <span class='ocrx_word' id='word_1_733' title='bbox 2645 4643 2863 4714; x_wconf 85' lang='lat' dir='ltr'><strong>insuper</strong></span> <span class='ocrx_word' id='word_1_734' title='bbox 2887 4644 2944 4700; x_wconf 83' lang='lat' dir='ltr'><strong>et</strong></span> <span class='ocrx_word' id='word_1_735' title='bbox 2979 4644 3369 4701; x_wconf 87' lang='lat' dir='ltr'><strong>monasterium</strong></span> <span class='ocrx_word' id='word_1_736' title='bbox 3412 4648 3587 4702; x_wconf 88' lang='lat' dir='ltr'><strong>sancti</strong></span> 
     </span>
    </p>
   </div>
   <div class='ocr_carea' id='block_1_99' title="bbox 2012 4733 3589 4796">
    <p class='ocr_par' dir='ltr' id='par_1_99' title="bbox 2012 4733 3589 4796">
     <span class='ocr_line' id='line_1_99' title="bbox 2012 4733 3589 4796; baseline 0.001 -4"><span class='ocrx_word' id='word_1_737' title='bbox 2012 4735 2226 4792; x_wconf 85' lang='lat' dir='ltr'><strong>Carileﬁ</strong></span> <span class='ocrx_word' id='word_1_738' title='bbox 2249 4735 2409 4790; x_wconf 88' lang='lat' dir='ltr'><strong>silum</strong></span> <span class='ocrx_word' id='word_1_739' title='bbox 2442 4735 2501 4789; x_wconf 91' lang='lat' dir='ltr'><strong>in</strong></span> <span class='ocrx_word' id='word_1_740' title='bbox 2544 4734 2762 4789; x_wconf 84' lang='lat' dir='ltr'><strong>condita</strong></span> <span class='ocrx_word' id='word_1_741' title='bbox 2788 4733 3114 4791; x_wconf 89' lang='lat' dir='ltr'><strong>Labrieense</strong></span> <span class='ocrx_word' id='word_1_742' title='bbox 3169 4751 3292 4791; x_wconf 90' lang='lat' dir='ltr'><strong>cum</strong></span> <span class='ocrx_word' id='word_1_743' title='bbox 3336 4736 3589 4796; x_wconf 82' lang='lat' dir='ltr'><strong>omnibus</strong></span> 
     </span>
    </p>
   </div>
   <div class='ocr_carea' id='block_1_100' title="bbox 2013 4822 3588 4896">
    <p class='ocr_par' dir='ltr' id='par_1_100' title="bbox 2013 4822 3588 4896">
     <span class='ocr_line' id='line_1_100' title="bbox 2013 4822 3588 4896; baseline 0.001 -16"><span class='ocrx_word' id='word_1_744' title='bbox 2013 4827 2082 4882; x_wconf 89' lang='lat' dir='ltr'><strong>ad</strong></span> <span class='ocrx_word' id='word_1_745' title='bbox 2110 4841 2167 4881; x_wconf 91' lang='lat' dir='ltr'><strong>se</strong></span> <span class='ocrx_word' id='word_1_746' title='bbox 2194 4822 2609 4895; x_wconf 89' lang='lat' dir='ltr'><strong>pertinentibus,</strong></span> <span class='ocrx_word' id='word_1_747' title='bbox 2649 4833 2704 4879; x_wconf 90' lang='lat' dir='ltr'><strong>et</strong></span> <span class='ocrx_word' id='word_1_748' title='bbox 2739 4824 3180 4881; x_wconf 87' lang='lat' dir='ltr'><strong>monasteriolum</strong></span> <span class='ocrx_word' id='word_1_749' title='bbox 3222 4826 3367 4896; x_wconf 87' lang='lat' dir='ltr'><strong>quod</strong></span> <span class='ocrx_word' id='word_1_750' title='bbox 3414 4835 3467 4881; x_wconf 92' lang='lat' dir='ltr'><strong>et</strong></span> <span class='ocrx_word' id='word_1_751' title='bbox 3517 4828 3588 4883; x_wconf 88' lang='lat' dir='ltr'><strong>si-</strong></span> 
     </span>
    </p>
   </div>
   <div class='ocr_carea' id='block_1_101' title="bbox 2015 4912 3586 4984">
    <p class='ocr_par' dir='ltr' id='par_1_101' title="bbox 2015 4912 3586 4984">
     <span class='ocr_line' id='line_1_101' title="bbox 2015 4912 3586 4984; baseline 0 -14"><span class='ocrx_word' id='word_1_752' title='bbox 2015 4925 2131 4970; x_wconf 88' lang='lat' dir='ltr'><strong>tum</strong></span> <span class='ocrx_word' id='word_1_753' title='bbox 2172 4915 2314 4968; x_wconf 89' lang='lat' dir='ltr'><strong>intra</strong></span> <span class='ocrx_word' id='word_1_754' title='bbox 2339 4928 2556 4968; x_wconf 90' lang='lat' dir='ltr'><strong>murum</strong></span> <span class='ocrx_word' id='word_1_755' title='bbox 2578 4912 2812 4984; x_wconf 61' lang='lat' dir='ltr'><strong>praeﬁxa:</strong></span> <span class='ocrx_word' id='word_1_756' title='bbox 2838 4913 3075 4970; x_wconf 89' lang='lat' dir='ltr'><strong>civitatis</strong></span> <span class='ocrx_word' id='word_1_757' title='bbox 3109 4923 3165 4970; x_wconf 88' lang='lat' dir='ltr'><strong>et</strong></span> <span class='ocrx_word' id='word_1_758' title='bbox 3192 4915 3412 4972; x_wconf 86' lang='lat' dir='ltr'><strong>ﬁuvium</strong></span> <span class='ocrx_word' id='word_1_759' title='bbox 3461 4916 3586 4981; x_wconf 71' lang='lat' dir='ltr'><strong>Sar-</strong></span> 
     </span>
    </p>
   </div>
   <div class='ocr_carea' id='block_1_102' title="bbox 2015 5005 3589 5074">
    <p class='ocr_par' dir='ltr' id='par_1_102' title="bbox 2015 5005 3589 5074">
     <span class='ocr_line' id='line_1_102' title="bbox 2015 5005 3589 5074; baseline 0.004 -16"><span class='ocrx_word' id='word_1_760' title='bbox 2015 5005 2141 5070; x_wconf 60' lang='grc' dir='ltr'><strong>ὼε,</strong></span> <span class='ocrx_word' id='word_1_761' title='bbox 2169 5011 2227 5058; x_wconf 79' lang='lat' dir='ltr'><strong>et</strong></span> <span class='ocrx_word' id='word_1_762' title='bbox 2270 5010 2355 5058; x_wconf 91' lang='lat' dir='ltr'><strong>est</strong></span> <span class='ocrx_word' id='word_1_763' title='bbox 2381 5011 2748 5058; x_wconf 85' lang='lat' dir='ltr'><strong>constructum</strong></span> <span class='ocrx_word' id='word_1_764' title='bbox 2792 5011 2955 5074; x_wconf 86' lang='lat' dir='ltr'><strong>atque</strong></span> <span class='ocrx_word' id='word_1_765' title='bbox 2997 5005 3232 5061; x_wconf 87' lang='lat' dir='ltr'><strong>dicatum</strong></span> <span class='ocrx_word' id='word_1_766' title='bbox 3280 5007 3334 5061; x_wconf 91' lang='lat' dir='ltr'><strong>in</strong></span> <span class='ocrx_word' id='word_1_767' title='bbox 3382 5008 3589 5065; x_wconf 77' lang='lat' dir='ltr'><strong>honore</strong></span> 
     </span>
    </p>
   </div>
   <div class='ocr_carea' id='block_1_103' title="bbox 2016 5101 3595 5175">
    <p class='ocr_par' dir='ltr' id='par_1_103' title="bbox 2016 5101 3595 5175">
     <span class='ocr_line' id='line_1_103' title="bbox 2016 5101 3595 5175; baseline 0.004 -16"><span class='ocrx_word' id='word_1_768' title='bbox 2016 5104 2188 5160; x_wconf 86' lang='lat' dir='ltr'><strong>sancti</strong></span> <span class='ocrx_word' id='word_1_769' title='bbox 2229 5101 2526 5158; x_wconf 87' lang='lat' dir='ltr'><strong>Salvatoris</strong></span> <span class='ocrx_word' id='word_1_770' title='bbox 2577 5111 2633 5157; x_wconf 85' lang='lat' dir='ltr'><strong>et</strong></span> <span class='ocrx_word' id='word_1_771' title='bbox 2675 5111 2877 5158; x_wconf 58' lang='lat' dir='ltr'><strong>sanctae</strong></span> <span class='ocrx_word' id='word_1_772' title='bbox 2936 5103 3033 5159; x_wconf 89' lang='lat' dir='ltr'><strong>Dei</strong></span> <span class='ocrx_word' id='word_1_773' title='bbox 3075 5103 3357 5175; x_wconf 83' lang='lat' dir='ltr'><strong>genitricis</strong></span> <span class='ocrx_word' id='word_1_774' title='bbox 3411 5102 3595 5165; x_wconf 61' lang='lat' dir='ltr'><strong>hiat-Le</strong></span> 
     </span>
    </p>
   </div>
   <div class='ocr_carea' id='block_1_104' title="bbox 2015 5203 3590 5274">
    <p class='ocr_par' dir='ltr' id='par_1_104' title="bbox 2015 5203 3590 5274">
     <span class='ocr_line' id='line_1_104' title="bbox 2015 5203 3590 5274; baseline 0.001 -15"><span class='ocrx_word' id='word_1_775' title='bbox 2015 5211 2073 5259; x_wconf 89' lang='lat' dir='ltr'><strong>et</strong></span> <span class='ocrx_word' id='word_1_776' title='bbox 2103 5210 2412 5259; x_wconf 85' lang='lat' dir='ltr'><strong>sanctorum</strong></span> <span class='ocrx_word' id='word_1_777' title='bbox 2431 5203 2795 5272; x_wconf 84' lang='lat' dir='ltr'><strong>apostolorum</strong></span> <span class='ocrx_word' id='word_1_778' title='bbox 2817 5213 2980 5274; x_wconf 84' lang='lat' dir='ltr'><strong>atque</strong></span> <span class='ocrx_word' id='word_1_779' title='bbox 3004 5205 3232 5261; x_wconf 85' lang='lat' dir='ltr'><strong>alion</strong></span> <span class='ocrx_word' id='word_1_780' title='bbox 3253 5213 3590 5262; x_wconf 80' lang='lat' dir='ltr'><strong>sanctorum.</strong></span> 
     </span>
    </p>
   </div>
   <div class='ocr_carea' id='block_1_105' title="bbox 2020 5297 3591 5371">
    <p class='ocr_par' dir='ltr' id='par_1_105' title="bbox 2020 5297 3591 5371">
     <span class='ocr_line' id='line_1_105' title="bbox 2020 5297 3591 5371; baseline 0.002 -17"><span class='ocrx_word' id='word_1_781' title='bbox 2020 5297 2147 5371; x_wconf 64' lang='lat' dir='ltr'><strong>Hae</strong></span> <span class='ocrx_word' id='word_1_782' title='bbox 2166 5308 2350 5354; x_wconf 90' lang='lat' dir='ltr'><strong>autem</strong></span> <span class='ocrx_word' id='word_1_783' title='bbox 2389 5300 2495 5355; x_wconf 87' lang='lat' dir='ltr'><strong>duo</strong></span> <span class='ocrx_word' id='word_1_784' title='bbox 2523 5299 2904 5355; x_wconf 85' lang='lat' dir='ltr'><strong>monasteriola</strong></span> <span class='ocrx_word' id='word_1_785' title='bbox 2934 5310 3156 5371; x_wconf 89' lang='lat' dir='ltr'><strong>propter</strong></span> <span class='ocrx_word' id='word_1_786' title='bbox 3199 5315 3441 5357; x_wconf 85' lang='lat' dir='ltr'><strong>amorem</strong></span> <span class='ocrx_word' id='word_1_787' title='bbox 3494 5303 3591 5357; x_wconf 89' lang='lat' dir='ltr'><strong>Dei</strong></span> 
     </span>
    </p>
   </div>
   <div class='ocr_carea' id='block_1_106' title="bbox 2008 5384 3591 5461">
    <p class='ocr_par' dir='ltr' id='par_1_106' title="bbox 2008 5384 3591 5461">
     <span class='ocr_line' id='line_1_106' title="bbox 2008 5384 3591 5461; baseline 0.005 -22"><span class='ocrx_word' id='word_1_788' title='bbox 2008 5396 2073 5453; x_wconf 57' lang='lat' dir='ltr'><strong>et</strong></span> <span class='ocrx_word' id='word_1_789' title='bbox 2125 5385 2465 5441; x_wconf 86' lang='lat' dir='ltr'><strong>dilectionem</strong></span> <span class='ocrx_word' id='word_1_790' title='bbox 2492 5384 2607 5453; x_wconf 88' lang='lat' dir='ltr'><strong>jam</strong></span> <span class='ocrx_word' id='word_1_791' title='bbox 2656 5386 2786 5441; x_wconf 89' lang='lat' dir='ltr'><strong>dicti</strong></span> <span class='ocrx_word' id='word_1_792' title='bbox 2810 5386 3011 5443; x_wconf 82' lang='lat' dir='ltr'><strong>Aldrici</strong></span> <span class='ocrx_word' id='word_1_793' title='bbox 3064 5388 3300 5458; x_wconf 85' lang='lat' dir='ltr'><strong>episcopi</strong></span> <span class='ocrx_word' id='word_1_794' title='bbox 3349 5390 3591 5461; x_wconf 64' lang='lat' dir='ltr'><strong>praefata</strong></span> 
     </span>
    </p>
   </div>
   <div class='ocr_carea' id='block_1_107' title="bbox 2002 5464 3594 5547">
    <p class='ocr_par' dir='ltr' id='par_1_107' title="bbox 2002 5464 3594 5547">
     <span class='ocr_line' id='line_1_107' title="bbox 2002 5464 3594 5547; baseline 0.007 -17"><span class='ocrx_word' id='word_1_795' title='bbox 2002 5464 2145 5530; x_wconf 2' lang='lat' dir='ltr'><strong>deum</strong></span> <span class='ocrx_word' id='word_1_796' title='bbox 2172 5474 2427 5531; x_wconf 84' lang='lat' dir='ltr'><strong>omnibus</strong></span> <span class='ocrx_word' id='word_1_797' title='bbox 2454 5476 2522 5531; x_wconf 91' lang='lat' dir='ltr'><strong>ad</strong></span> <span class='ocrx_word' id='word_1_798' title='bbox 2543 5491 2602 5532; x_wconf 87' lang='lat' dir='ltr'><strong>se</strong></span> <span class='ocrx_word' id='word_1_799' title='bbox 2642 5476 3036 5547; x_wconf 88' lang='lat' dir='ltr'><strong>pertinentibus</strong></span> <span class='ocrx_word' id='word_1_800' title='bbox 3054 5479 3388 5539; x_wconf 77' lang='lat' dir='ltr'><strong>reddidimus</strong></span> <span class='ocrx_word' id='word_1_801' title='bbox 3425 5482 3594 5541; x_wconf 77' lang='lat' dir='ltr'><strong>matri</strong></span> 
     </span>
    </p>
   </div>
   <div class='ocr_carea' id='block_1_108' title="bbox 2018 5563 3589 5640">
    <p class='ocr_par' dir='ltr' id='par_1_108' title="bbox 2018 5563 3589 5640">
     <span class='ocr_line' id='line_1_108' title="bbox 2018 5563 3589 5640; baseline 0.004 -20"><span class='ocrx_word' id='word_1_802' title='bbox 2018 5563 2262 5620; x_wconf 66' lang='lat' dir='ltr'><strong>ecclesia</strong></span> <span class='ocrx_word' id='word_1_803' title='bbox 2278 5564 2668 5637; x_wconf 83' lang='lat' dir='ltr'><strong>perpetualiter</strong></span> <span class='ocrx_word' id='word_1_804' title='bbox 2686 5566 3068 5637; x_wconf 86' lang='lat' dir='ltr'><strong>possidendum</strong></span> <span class='ocrx_word' id='word_1_805' title='bbox 3095 5577 3257 5640; x_wconf 86' lang='lat' dir='ltr'><strong>atque</strong></span> <span class='ocrx_word' id='word_1_806' title='bbox 3276 5571 3589 5628; x_wconf 72' lang='lat' dir='ltr'><strong>tenendum.</strong></span> 
     </span>
    </p>
   </div>
   <div class='ocr_carea' id='block_1_109' title="bbox 2019 5652 3595 5729">
    <p class='ocr_par' dir='ltr' id='par_1_109' title="bbox 2019 5652 3595 5729">
     <span class='ocr_line' id='line_1_109' title="bbox 2019 5652 3595 5729; baseline 0.004 -18"><span class='ocrx_word' id='word_1_807' title='bbox 2019 5652 2369 5712; x_wconf 75' lang='lat' dir='ltr'><strong>Reddidimus</strong></span> <span class='ocrx_word' id='word_1_808' title='bbox 2407 5655 2571 5713; x_wconf 85' lang='lat' dir='ltr'><strong>etiam</strong></span> <span class='ocrx_word' id='word_1_809' title='bbox 2614 5657 2939 5729; x_wconf 64' lang='lat' dir='ltr'><strong>praescripta</strong></span> <span class='ocrx_word' id='word_1_810' title='bbox 2960 5658 3204 5717; x_wconf 56' lang='lat' dir='ltr'><strong>ecclesia;</strong></span> <span class='ocrx_word' id='word_1_811' title='bbox 3240 5669 3298 5717; x_wconf 88' lang='lat' dir='ltr'><strong>et</strong></span> <span class='ocrx_word' id='word_1_812' title='bbox 3328 5660 3595 5720; x_wconf 68' lang='lat' dir='ltr'><strong>Concurs-</strong></span> 
     </span>
    </p>
   </div>
   <div class='ocr_carea' id='block_1_110' title="bbox 2017 5745 3594 5823">
    <p class='ocr_par' dir='ltr' id='par_1_110' title="bbox 2017 5745 3594 5823">
     <span class='ocr_line' id='line_1_110' title="bbox 2017 5745 3594 5823; baseline 0.005 -23"><span class='ocrx_word' id='word_1_813' title='bbox 2017 5745 2150 5801; x_wconf 88' lang='lat' dir='ltr'><strong>lium</strong></span> <span class='ocrx_word' id='word_1_814' title='bbox 2202 5747 2383 5803; x_wconf 82' lang='lat' dir='ltr'><strong>vicum</strong></span> <span class='ocrx_word' id='word_1_815' title='bbox 2422 5748 2737 5803; x_wconf 82' lang='lat' dir='ltr'><strong>canonicum</strong></span> <span class='ocrx_word' id='word_1_816' title='bbox 2785 5763 2906 5803; x_wconf 89' lang='lat' dir='ltr'><strong>cum</strong></span> <span class='ocrx_word' id='word_1_817' title='bbox 2956 5752 3101 5807; x_wconf 85' lang='lat' dir='ltr'><strong>omni</strong></span> <span class='ocrx_word' id='word_1_818' title='bbox 3153 5752 3492 5823; x_wconf 71' lang='lat' dir='ltr'><strong>integritate,</strong></span> <span class='ocrx_word' id='word_1_819' title='bbox 3537 5763 3594 5810; x_wconf 83' lang='lat' dir='ltr'><strong>et</strong></span> 
     </span>
    </p>
   </div>
   <div class='ocr_carea' id='block_1_111' title="bbox 3008 5867 3084 5928">
    <p class='ocr_par' dir='ltr' id='par_1_111' title="bbox 3008 5867 3084 5928">
     <span class='ocr_line' id='line_1_111' title="bbox 3008 5867 3084 5928; baseline 0.079 -6"><span class='ocrx_word' id='word_1_820' title='bbox 3008 5867 3084 5928; x_wconf 73' lang='grc' dir='ltr'><strong>ιιο</strong></span> 
     </span>
    </p>
   </div>
  </div>
