4006 6178
469 345 606 400 1259

1600 334 1921 392 LUDOVICI
1959 335 1979 387 l
2019 331 2490 388 COGNOMENTO
2528 327 2610 381 l’ll

3585 324 3721 378 £260

460 459 639 513 villam
678 471 796 524 qua:
827 452 1070 522 Brogilus
1097 449 1180 504 vel
1211 448 1484 504 Novavilla
1515 454 1874 517 nuncupatur,
1906 459 2028 499 cum
2059 453 2112 511 Α,
2134 443 2260 512 piat.
2295 442 2362 496 Et
2393 442 2438 495 si
2483 442 2551 495 ab
2581 439 2696 508 ipso
2728 451 2982 508 episcopo
3009 452 3182 505 neque
3220 451 3248 490 a
3294 438 3408 498 suis
3450 437 3728 493 ministris

460 549 754 605 forestibus
781 553 836 599 et
857 543 1052 597 villulis
1103 541 1215 596 sive
1239 540 1490 596 omnibus
1519 539 1588 592 a-d
1620 553 1678 593 se
1725 534 2044 607 pertinenti-

458 638 580 692 bus.
641 632 992 688 Reddidimus
1036 630 1085 685 ei
1141 638 1194 685 et
1219 629 1558 700 Lugdunum,
1601 635 1657 681 et
1712 626 1950 682 Calisam
1993 633 2046 679 et

460 727 794 787 Tridentcm,
820 738 883 776 ac
913 720 1212 784 Bonallam,
1255 727 1416 788 atque
1449 718 1706 782 Baladon,
1765 724 1820 769 et
1845 715 2048 769 beneﬁ-

465 816 546 870 cia
575 815 811 884 quinque
835 811 1186 865 vassallorum
1228 817 1564 873 nostrorum,
1587 807 1642 861 id
1665 815 1770 869 est,
1799 804 2045 860 Vestadi-

464 905 606 975 ghei,
637 903 834 963 Mundi,
867 900 1152 965 Wolfardi,
1197 898 1454 962 Bodonis,
1484 906 1540 952 et
1584 897 1715 952 socii
1745 895 1880 964 ejus,
1926 909 2048 949 cum

463 991 714 1045 omnibus
735 988 802 1043 ad
823 1004 879 1042 se
899 987 1296 1057 pertinentibus
1308 986 1392 1040 vel
1413 985 1819 1056 aspicientibus,
1841 983 1981 1036 sicut
1996 983 2050 1035 in

464 1081 752 1150 prmceptis
783 1080 984 1134 nostris
1006 1094 1123 1148 qua:
1153 1079 1217 1133 de
1241 1077 1352 1147 jam
1382 1079 1539 1133 dictis
1567 1076 1967 1132 monasteriolis
1997 1089 2052 1136 et

469 1169 664 1224 villulis
691 1169 926 1238 ascripta
951 1177 1077 1222 sunt
1104 1167 1186 1221 vel
1222 1167 1618 1237 pertinentibus
1655 1164 1766 1233 jam
1791 1165 1936 1218 dicto
1958 1163 2051 1217 Al-

466 1261 620 1315 drico
639 1257 880 1328 pontiﬁci
905 1256 1082 1310 facere
1111 1263 1165 1310 et
1194 1256 1431 1310 scribere
1459 1254 1722 1323 jussimus
1748 1253 2054 1308 continetur

469 1334 751 1403 insertum.
769 1346 896 1400 llrec
910 1360 1040 1400 vero
1053 1345 1231 1399 omnia
1248 1352 1467 1414 propter
1483 1358 1720 1397 amorem
1735 1341 1827 1395 Dei
1843 1349 1897 1396 et
1908 1353 2056 1394 reve-

471 1438 700 1493 rentiam
714 1444 1024 1491 sanctorum
1047 1434 1343 1490 venerabili
1367 1434 1586 1489 Aldrieo
1603 1433 1823 1504 praeﬁxo
1849 1432 2054 1500 episco-

470 1546 540 1601 po
554 1537 609 1584 et
631 1529 914 1584 antedictre
930 1527 1090 1580 matri
1115 1526 1375 1592 ecclesiae,
1398 1525 1861 1595 quam'przedietus
1874 1521 2054 1577 Aldri-

470 1638 566 1678 cus
593 1619 954 1689 immajoravit
981 1631 1036 1673 et
1060 1619 1215 1688 quasi
1240 1633 1269 1671 a
1308 1617 1656 1671 fundamento
1683 1613 2050 1678 reaediﬁcavit,

472 1711 832 1780 nobiliterque
860 1710 1093 1775 ornavit,
1123 1718 1179 1764 et
1203 1710 1257 1763 in
1285 1710 1490 1763 honore
1511 1707 1722 1761 Domini
1757 1703 2054 1759 Salvatoris

2147 549 2300 588 suam
2329 532 2596 603 justitiam
2637 531 2884 598 accipere
2917 529 3242 600 nequiverit,
3264 531 3615 600 postmodum
3667 530 3734 582 li-

2147 623 2379 678 centiam
2410 622 2607 676 habeat
2648 628 2707 673 ut
2752 621 2808 674 in
2854 619 3015 674 mallo
3061 621 3275 689 publico
3302 636 3426 677 suas
3465 623 3733 692 querelas

2142 713 2286 784 juste
2311 721 2367 767 et
2393 710 2784 766 rationabiliter
2808 719 2970 779 atque
3007 709 3252 780 legaliter
3280 720 3510 781 quaerat.
3541 710 3653 766 Sed
3686 714 3735 766 si

2149 815 2438 876 antequam
2464 804 2654 858 fecerit
2679 802 2833 869 illud,
2849 803 2962 873 jam
2988 803 3144 857 dicta:
3179 803 3324 857 sedis
3347 803 3595 858 ecclesia:
3617 805 3735 874 epi-

2149 908 2372 963 scopum
2409 901 2464 948 et
2489 906 2618 948 suos
2659 892 2938 946 ministros
2973 899 3028 946 et
3056 892 3343 946 advocatos
3383 892 3440 944 in
3475 893 3642 947 mallo
3682 901 3737 946 et

2151 985 2429 1055 cujusdam
2472 981 2796 1038 conditionis
2842 981 3059 1052 publico
3100 982 3298 1052 placito
3339 998 3603 1038 accusare
3641 994 3738 1036 aut

2150 1074 2368 1145 pulsare
2413 1071 2836 1144 praesumpserit,
2870 1073 2994 1141 quia
3031 1081 3268 1127 nostram
3307 1073 3610 1144 jussionem
3653 1083 3737 1126 at-

2153 1179 2258 1234 que
2307 1172 2551 1218 nostrum
2605 1170 2933 1232 praeceptum
2980 1171 3037 1216 et
3095 1163 3350 1218 indicium
3404 1166 3741 1234 contempsit

2155 1257 2266 1311 sive
2313 1253 2713 1325 pmevaricavit,
2743 1254 2978 1308 bannum
3028 1261 3273 1308 nostrum
3315 1269 3384 1308 ex
3429 1255 3535 1310 hoc
3574 1256 3744 1310 nobis

2155 1353 2472 1416 componat,
2511 1352 2565 1399 et
2592 1343 2862 1414 praedicta)
2906 1343 3147 1399 ecclesia:
3187 1345 3441 1415 episcopo
3488 1346 3575 1399 vel
3626 1348 3748 1400 suis

2156 1433 2420 1488 ministris
2448 1433 2648 1488 solidos
2673 1442 2890 1488 centum
2915 1434 3122 1504 argenti
3147 1441 3453 1504 componat,
3481 1443 3538 1488 et
3580 1450 3747 1489 suam

2149 1522 2420 1592 justitiam
2464 1524 2806 1593 postmodum
2833 1524 3037 1592 absque
3071 1523 3186 1594 lege
3231 1531 3325 1577 aut
3359 1523 3543 1594 aliqua
3585 1539 3748 1578 eom-

2155 1613 2422 1682 positione
2451 1612 2696 1681 recipiat.
2722 1610 3012 1667 Prtedictas
3033 1612 3177 1666 enim
3199 1627 3388 1667 causas
3423 1623 3750 1668 memoratae

2158 1701 2400 1758 ecclesia:
2445 1701 2895 1771 pontificibusque
2943 1710 3103 1770 atque
3132 1702 3304 1756 servis
3336 1702 3431 1757 Dei
3461 1703 3598 1757 inibi
3643 1702 3749 1758 Do-

470 1808 525 1856 et
565 1810 765 1857 sancta:
789 1799 1031 1870 ejusdem
1074 1801 1171 1854 Dei
1209 1799 1487 1870 genitricis
1531 1797 1711 1851 Maria:
1741 1805 1901 1866 atque
1931 1810 2057 1849 san—
2087 1811 2132 1868 Β
2160 1792 2306 1845 mino
2335 1790 2719 1845 famulantibus
2747 1805 2844 1860 pro
2874 1791 2968 1846 Dei
2996 1806 3181 1846 amore
3210 1801 3264 1845 et
3287 1793 3590 1847 reverentia
3615 1809 3748 1847 san-

471 1901 682 1948 ctorum
732 1900 1035 1962 martyrum
1067 1889 1312 1945 Gervasii
1363 1898 1416 1944 et
1461 1888 1695 1943 Protasii
1725 1888 1840 1940 sive
1881 1885 2053 1938 sancti

473 1980 730 2051 Stephani
779 1980 1092 2035 solemniter
1146 1979 1487 2034 consecravit
1539 1987 1594 2032 et
1647 1975 2050 2038 reconciliavit,

470 2086 634 2128 causa
668 2071 896 2143 justitia:
924 2071 977 2124 in
1010 2078 1192 2124 nostra
1240 2068 1579 2138 eleemosyna
1629 2065 1956 2120 reddidimus
2003 2071 2058 2116 et

472 2162 916 2219 conﬁrmavimus
943 2169 998 2214 et
1029 2160 1080 2213 in
1105 2159 1228 2227 jure
1259 2158 1498 2229 ejusdem
1525 2156 1769 2212 ecclesia:
1792 2171 1856 2210 ac
1887 2153 2058 2208 domi-

472 2255 692 2310 natione
741 2263 1012 2309 rectorum
1070 2251 1185 2319 ejus
1245 2249 1539 2305 tenendum
1587 2257 1641 2302 et
1691 2246 2058 2302 ecclesiastice

473 2344 877 2414 gubernandum
908 2357 1027 2397 esse
1063 2341 1392 2396 censuimus.
1425 2338 1719 2394 Memorata
1755 2337 1918 2408 igitur
1946 2351 2060 2390 mo-

475 2433 768 2491 nasteriola
797 2441 852 2488 et
879 2438 1208 2486 memoratas
1239 2428 1461 2484 cellulas
1489 2436 1544 2483 et
1567 2428 1780 2482 villulas
1805 2442 1926 2481 cum
1951 2440 2062 2480 om-

472 2527 632 2581 nibus
659 2525 824 2580 rebus
851 2531 906 2578 et
953 2521 1239 2593 mancipiis
1268 2521 1337 2576 ad
1382 2535 1441 2576 se
1474 2519 1894 2589 pertinentibus,
1925 2532 2060 2586 quas

423 2657 434 2664 .
476 2618 636 2672 modo
655 2615 801 2685 juste
826 2623 882 2670 et
905 2614 1152 2686 legaliter
1177 2621 1475 2667 memorata
1507 2621 1656 2668 tenet
1684 2610 1931 2674 ecclesia,
1964 2624 2062 2678 per

477 2708 619 2761 hanc
647 2713 886 2760 nostram
936 2704 1314 2758 auctoritatem
1361 2703 1535 2770 eidem
1563 2701 1662 2758 sub
1687 2710 1888 2757 nostra:
1913 2715 2065 2754 emu-

480 2796 673 2850 nitatis
707 2795 933 2849 tuitione
965 2793 1160 2847 iterum
1188 2791 1571 2847 conﬁrmamus
1611 2789 1870 2845 ecclesiae.
1919 2787 2064 2842 Prae-

479 2887 744 2956 cipientes
789 2899 918 2956 ergo
951 2881 1215 2952 'jubemus
1258 2891 1316 2937 ut
1369 2881 1548 2936 nullus
1592 2880 1754 2951 judex
1796 2878 2061 2949 publicus,

479 2994 654 3049 neque
683 2976 941 3047 quislibet
983 2990 1050 3030 ex
1090 2974 1375 3046 judiciaria
1409 2980 1694 3043 potestate,
1728 2986 1827 3026 nec
1867 2969 2062 3039 aliquis

479 3087 546 3126 ex
587 3071 836 3126 ﬁdelibus
865 3068 1067 3124 nostris
1107 3067 1162 3122 in
1211 3067 1370 3120 dictis
1413 3065 1576 3130 villis,
1611 3065 1763 3131 locis,
1807 3063 1892 3118 vel
1922 3063 2065 3134 agris

2159 1891 2368 1937 ctorum
2395 1881 2783 1947 concessimus,
2807 1896 3232 1950 concessumque
3263 1880 3456 1937 futuris
3487 1884 3750 1952 tempori-

2159 1975 2259 2028 bus
2283 1987 2403 2028 esse
2449 1973 2712 2028 volumus.
2760 1972 2955 2027 lterum
3004 1973 3305 2042 iterumque
3328 1974 3582 2044 jubentes
3612 1991 3753 2044 prae-

2160 2064 2390 2132 cipimus
2434 2071 2495 2117 ut
2540 2062 2718 2117 nullus
2763 2078 2831 2116 ex
2881 2061 3124 2118 ﬁdelibus
3171 2065 3399 2130 nostris,
3445 2074 3542 2118 aut
3574 2063 3752 2133 judex

2159 2155 2424 2227 publicus,
2461 2155 2547 2209 vel
2579 2156 2741 2209 etiam
2772 2156 3021 2225 qumlibet
3057 2157 3297 2212 immissa
3325 2158 3410 2213 vel
3448 2160 3756 2230 subrogata

2161 2262 2412 2316 persona,
2450 2246 2683 2316 aliquam
2721 2245 3142 2314 inquietudinem
3182 2256 3274 2300 aut
3322 2246 3575 2314 injustam
3619 2264 3755 2302 con-

2163 2338 2496 2392 trarietatem
2524 2337 2588 2391 de
2613 2336 2884 2407 praedictis
2905 2337 3300 2391 monasteriolis
3319 2338 3433 2391 sive
3457 2337 3682 2392 cellulis
3705 2350 3758 2392 et

2162 2431 2325 2485 rebus
2353 2438 2409 2484 et
2436 2429 2722 2499 mancipiis
2756 2444 2820 2483 ac
2860 2428 3129 2493 censibus,
3171 2444 3273 2483 nec
3313 2444 3420 2483 non
3454 2437 3511 2482 et
3559 2428 3634 2483 de
3675 2429 3761 2482 his

2163 2536 2281 2593 qua:
2304 2521 2418 2574 sive
2452 2535 2481 2573 a
2517 2519 2673 2573 nobis
2711 2519 2824 2572 sive
2864 2533 2894 2571 a
2928 2518 3329 2573 successoribus
3368 2518 3570 2572 nostris
3606 2518 3704 2571 vel
3730 2533 3759 2570 a

2165 2610 2390 2680 reliquis
2425 2610 2593 2664 Deum
2620 2609 2932 2663 timentibus
2961 2608 3133 2662 eidem
3161 2608 3400 2662 ecclesia:
3427 2608 3613 2663 divina
3643 2609 3762 2679 pie-

2164 2709 2246 2756 tas
2274 2700 2525 2770 deinceps
2546 2699 2732 2770 augeri
2756 2697 3003 2763 voluerit,
3045 2698 3247 2752 nostris
3271 2696 3576 2766 futurisque
3617 2706 3764 2752 tem-

2162 2797 2385 2866 poribus
2433 2805 2748 2851 memoratae
2777 2794 3017 2849 ecelesia:
3054 2793 3231 2849 facere
3280 2801 3608 2863 praesumat;
3662 2795 3765 2851 sed

2163 2889 2264 2945 sub
2301 2890 2406 2946 hoc
2437 2898 2637 2943 nostra:
2667 2887 3094 2943 conﬁrmationis
3119 2894 3170 2941 et
3214 2886 3456 2942 tuitionis
3477 2899 3763 2957 praeque

2166 2983 2219 3037 in
2262 2979 2385 3050 jure
2429 2964 2670 3050 ejusdem
2713 2979 2970 3050 episcopii
3013 2979 3157 3033 omni
3191 2985 3431 3047 tempore
3478 2979 3534 3031 iu
3562 2989 3762 3032 nostra

2165 3073 2506 3143 eleemosyna
2532 3071 2712 3140 quiete
2741 3085 2805 3124 ac
2828 3069 3050 3140 paciﬁce
3085 3079 3139 3124 et
3175 3069 3318 3138 juste
3352 3068 3660 3137 possideri,
3707 3078 3764 3122 et

481 3178 576 3218 seu
598 3161 819 3230 reliquis
841 3157 1272 3230 possessionibus
1293 3165 1605 3212 memorata:
1629 3156 1902 3219 Ecclesim,
1927 3169 2062 3224 quas
2090 3166 2133 3228 ρ
2165 3164 2412 3236 ιθεθιὶίθι·
2441 3163 2580 3218 tueri
2623 3161 2858 3227 valeam,
2888 3162 2962 3216 ita
3000 3160 3249 3216 videlicet
3292 3170 3349 3213 ιιι
3377 3160 3644 3230 quidquid
3674 3176 3766 3215 πε..

483 3251 740 3304 moderno
768 3257 1007 3317 tempore
1050 3249 1102 3301 in
1134 3247 1486 3324 quibuslibet,
1498 3247 1648 3317 pagis
1688 3255 1743 3300 et
1776 3244 2065 3299 territoriis

483 3341 625 3396 infra
671 3340 931 3394 ditionem
963 3339 1112 3409 regni
1146 3339 1316 3392 nostri
1359 3339 1503 3408 juste
1549 3339 1751 3394 habere
1795 3348 1848 3394 et
1891 3341 2068 3409 possi-

485 3431 615 3485 dere
662 3429 1026 3500 cognoscitur,
1069 3442 1293 3496 quaeque
1337 3428 1499 3482 etiam
1549 3428 1800 3498 deinceps
1846 3429 1900 3483 in
1945 3427 2068 3498 jure

485 3525 656 3596 ipsius
677 3523 850 3579 sancti
881 3523 980 3578 loci
1013 3523 1193 3578 divina
1225 3521 1456 3576 voluerit
1482 3523 1654 3591 pietas
1680 3524 1884 3592 augeri,
1910 3539 2069 3579 nemo

487 3615 552 3669 ad
597 3627 790 3668 causas
839 3612 1135 3667 audiendas
1177 3612 1264 3665 vel
1310 3610 1640 3678 infercndas,
1691 3613 2066 3682 requirendus,

489 3710 584 3756 aut
613 3703 814 3756 tributa
840 3701 926 3758 vel
972 3701 1124 3757 freda
1166 3701 1449 3773 exigenda,
1494 3709 1587 3757 aut
1633 3703 1942 3760 mansiones
1986 3705 2069 3759 vel

489 3804 706 3864 paratas
729 3794 1022 3859 faciendas,
1049 3801 1142 3849 aut
1165 3795 1432 3850 teloneum
1452 3795 1799 3866 exigendum,
1822 3811 1921 3851 nec
1950 3797 2074 3853 ﬁde-

483 3889 728 3958 jussores
761 3887 1042 3952 tollendos,
1086 3896 1179 3940 aut
1208 3887 1454 3942 homines
1485 3887 1654 3958 ipsius
1682 3887 1926 3942 ecclesiae
1960 3898 2070 3943 tam

492 3977 752 4047 ingenuos
782 3990 944 4046 quam
975 3984 1030 4031 et
1057 3990 1244 4030 servos
1272 3978 1363 4045 qui
1395 3991 1555 4045 super
1591 3983 1790 4030 terram
1831 3976 2072 4046 ejusdem

492 4071 731 4126 residere
778 4068 1027 4122 videntur
1074 4067 1270 4136 injuste
1328 4068 1743 4138 distringendos,
1793 4083 1894 4125 nec
1939 4069 2074 4124 ullas

492 4161 882 4232 prohibitiones
927 4167 1020 4213 aut
1082 4160 1296 4214 illicitas
1347 4160 1662 4215 occasiones
1723 4159 2076 4229 requirendas

494 4251 603 4305 ullo
632 4265 869 4318 unquam
906 4257 1149 4317 tempore
1190 4249 1398 4319 ingredi
1438 4249 1654 4314 audeat,
1703 4248 1786 4304 vel
1821 4258 2074 4304 exactare

493 4339 750 4411 praedicta
789 4352 855 4392 ex
889 4338 1129 4407 prmfatis
1157 4340 1316 4394 rebus
1357 4340 1589 4410 quodam
1619 4341 1672 4394 in
1715 4339 1833 4394 loco
1875 4356 2076 4410 praesu-

493 4439 625 4484 mat.
667 4429 734 4484 Et
783 4429 1041 4500 quidquid
1083 4445 1151 4484 ex
1181 4430 1342 4485 rebus
1373 4430 1486 4500 jam
1521 4431 1678 4486 dictae
1707 4429 1963 4486 Ecclesim
2006 4432 2071 4485 ﬁ-

2168 3263 2347 3310 ctores
2377 3253 2461 3308 vel
2490 3253 2718 3307 ministri
2753 3251 2921 3322 ipsius
2949 3250 3188 3306 ecclesia:
3221 3265 3320 3320 pro
3348 3250 3768 3320 opportunitate

2166 3351 2220 3397 et
2251 3343 2479 3398 utilitate
2505 3343 2570 3397 de
2592 3341 2829 3412 praefatis
2851 3343 3012 3396 rebus
3048 3341 3226 3396 facere
3255 3340 3549 3406 voluerint,
3570 3341 3768 3397 iibero

2169 3434 2223 3489 in
2251 3433 2502 3488 omnibus
2532 3431 2882 3501 perfruantur
2922 3431 3144 3486 arbitrio
3193 3429 3442 3493 faciendi,
3482 3441 3769 3500 quatenus

2169 3522 2454 3594 pontifices
2484 3521 2652 3591 ipsius
2684 3521 2828 3576 sedis
2859 3536 2980 3576 cum
3009 3535 3169 3592 grege
3211 3521 3311 3574 sibi
3340 3523 3639 3575 commisso
3667 3537 3767 3590 pro

2172 3615 2538 3670 incolumitate
2569 3623 2774 3679 nostra,
2796 3613 3039 3684 conjugis
3063 3628 3127 3668 ac
3149 3613 3317 3682 prolis
3342 3653 3358 3678 ,
3377 3621 3428 3666 et
3447 3613 3769 3669 stabilitate

2171 3706 2381 3777 imperii
2404 3721 2434 3760 a
2456 3707 2566 3760 Deo
2588 3706 2742 3761 nobis
2763 3705 2939 3760 collati
2963 3720 3056 3760 sua
3080 3706 3381 3776 gratissima
3404 3703 3770 3761 miseratione

2173 3816 2269 3870 per
2315 3800 2636 3854 immensum
2691 3799 3042 3854 conservandi
3067 3797 3273 3867 jugiter
3312 3797 3522 3852 Domini
3557 3798 3768 3868 imple»

2173 3898 2297 3945 rent
2360 3890 2809 3945 misericordiam.
2881 3889 2948 3943 Et
3004 3897 3062 3943 ut
3128 3889 3242 3943 lucc
3294 3888 3591 3943 auctoritas
3673 3904 3770 3958 per

2175 3981 2443 4036 curricula
2481 3995 2746 4036 annorum
2781 3979 3143 4034 inviolabilem
3181 3987 3342 4048 atque
3387 3979 3772 4034 inconvulsam

2173 4071 2412 4126 obtineat
2432 4069 2760 4132 ﬁrmitatem,
2786 4084 2945 4122 manu
2970 4068 3187 4138 propria
3210 4069 3396 4124 subter
3421 4083 3544 4122 eam
3575 4068 3772 4124 ﬁrma-

2175 4163 2371 4223 vimus,
2389 4170 2443 4216 et
2457 4161 2637 4216 annuli
2663 4162 2834 4216 nostri
2858 4160 3210 4230 impressione
3225 4160 3448 4231 sigillari
3471 4159 3773 4228 jussimus.

2250 4252 2473 4324 Signum
2505 4251 2759 4307 Ludovici
2799 4251 3024 4321 piissimi
3052 4251 3416 4320 imperatoris.

2246 4342 2572 4414 Maginarius
2603 4342 2845 4396 notarius
2872 4342 2938 4396 ad
2977 4340 3147 4397 vicem
3193 4339 3434 4411 Hugonis
3473 4343 3776 4411 recognovi

2178 4445 2233 4491 et
2263 4435 2578 4505 subscripsi.

495 4535 620 4575 scus
646 4532 863 4591 Sperare
887 4528 1124 4592 poterat,
1153 4528 1324 4575 totum
1356 4536 1455 4576 nos
1484 4530 1797 4577 memorata:
1821 4522 2075 4578 Ecclesia:
2100 4506 2154 4564 Ῑ)
2248 4527 2382 4582 Data
2407 4527 2524 4580 Kal.
2546 4526 2730 4590 Mart.,
2757 4539 2922 4590 anno,
2945 4525 3158 4578 Christo
3185 4523 3530 4593 propitio,23
3551 4524 3781 4592 imperii

496 4611 864 4666 concedimus.
893 4611 1117 4680 lnsuper
1143 4619 1199 4666 et
1229 4610 1358 4665 illud
1392 4612 1444 4665 in
1491 4613 1595 4666 hoc
1635 4622 1902 4683 prmeepto
1932 4613 2078 4666 insc-

495 4712 620 4758 νει-θ
669 4703 992 4773 deprecante
1011 4703 1127 4772 jam
1156 4703 1300 4758 dicto
1338 4704 1591 4774 episcopo
1613 4705 1895 4775 jussiuius,
1938 4705 2076 4760 sicut

499 4803 554 4850 et
579 4795 634 4849 in
664 4793 820 4850 boum
851 4793 1128 4850 memoria:
1155 4793 1366 4848 Domini
1391 4803 1446 4848 et
1485 4795 1744 4863 genitoris
1774 4795 1945 4850 nostri
1972 4795 2077 4850 Ca-

499 4885 598 4940 roli
647 4886 989 4954 imperatoris
1026 4894 1298 4955 praecepto
1341 4885 1606 4940 insertum
1656 4886 1974 4956 reperimus,
2017 4892 2077 4938 ut

498 4974 681 5030 nullus
704 4972 870 5042 judex
897 4982 989 5028 aut
1009 4991 1221 5041 comes,
1249 4983 1343 5029 aut
1366 4975 1617 5046 quislibet
1642 4977 1803 5030 homo
1831 4975 1915 5030 vel
1932 4990 2076 5044 qua:-

500 5065 628 5120 libet
662 5078 891 5134 persona
918 5065 1187 5133 przedicta:
1223 5065 1467 5121 ecclesia:
1495 5065 1774 5120 ministros
1799 5065 1885 5120 vel
1914 5065 2078 5119 advo-

498 5163 649 5210 catos
673 5154 728 5208 in
745 5153 906 5209 mallo
926 5153 1140 5224 publico
1166 5169 1425 5209 accusare
1449 5163 1761 5224 praesumat,
1785 5162 2075 5224 antequam

499 5242 786 5300 conveniat
806 5243 1086 5298 ministros
1106 5256 1288 5297 rerum
1317 5251 1374 5297 et
1401 5240 1614 5311 judices
1645 5241 1893 5295 villarum
1919 5248 2081 5312 atque

496 5333 779 5390 hominum
807 5349 840 5388 a
869 5333 1066 5403 quibus
1105 5332 1264 5388 laesus
1311 5340 1424 5398 est,
1464 5341 1524 5386 ut
1551 5332 1620 5387 ab
1647 5331 1726 5386 eis
1762 5329 2079 5387 familiarem

499 5433 557 5478 et
579 5422 783 5492 justam
813 5424 1045 5495 accipiat
1065 5424 1365 5496 justitiam;
1401 5431 1456 5478 et
1484 5424 1529 5479 si
1567 5439 1598 5477 a
1627 5423 1898 5493 prtedietis
1923 5424 2083 5478 mini-

503 5515 630 5568 stris
656 5529 809 5570 suam
833 5512 1100 5582 justitiam
1123 5516 1371 5586 accipere
1391 5530 1498 5570 non
1524 5515 1774 5576 valuerit,
1806 5524 1934 5570 tunc
1959 5531 2085 5571 con-

505 5602 684 5656 veniat
702 5603 1010 5672 episcopum
1031 5602 1302 5672 jamdictae
1321 5605 1596 5671 Ecclesiae,
1622 5613 1681 5660 ut
1702 5607 1770 5660 ab
1790 5607 1907 5676 ipso
1929 5621 2080 5661 suam

503 5689 764 5757 justitiam
809 5691 1124 5748 familiarem
1171 5703 1226 5750 et
1267 5695 1465 5751 bonam
1503 5704 1668 5765 atque
1701 5696 1902 5765 justam
1935 5699 2080 5754 acci-

2177 4617 2380 4672 domini
2406 4615 2660 4672 Ludovici
2690 4614 2918 4685 piissimi
2947 4613 3197 4684 Augusti,
3211 4613 3400 4668 indict.
3413 4613 3783 4669 ἄλλοιωῆ

2177 4706 2350 4762 ctavis
2373 4705 2591 4761 civitate
2616 4703 2830 4775 publica
2862 4705 2917 4758 in
2940 4703 3038 4757 Dei
3061 4703 3277 4758 nomine
3292 4701 3544 4756 feliciter.
3565 4704 3776 4758 Amen.

2924 4793 3030 4849 CC.

2465 4902 2566 4942 PRO
2602 4900 2939 4942 IONASTERIO
2975 4899 3459 4941 ANTISSIODOIISNSI.

2797 4978 2969 5050 (Anno
2991 4977 3140 5049 855.)

2181 5069 2359 5142 [Apud
2386 5067 2586 5124 Mabill.
2619 5069 2736 5124 Act.
2759 5067 2875 5121 0rd.
2909 5067 2970 5123 S.
3003 5067 3201 5142 Deiecit.
3221 5107 3236 5132 ,

2780 5154 2838 5198 ιι,
2863 5151 2986 5208 pag.
3015 5136 3164 5209 576.]

2251 5238 2308 5292 in
2350 5238 2567 5293 nomine
2600 5236 2814 5292 Domini
2841 5235 2937 5290 Dei
2987 5243 3041 5290 et
3089 5234 3389 5290 Salvatons
3425 5233 3608 5288 nostri
3651 5233 3790 5290 Iesu

2182 5333 2407 5400 Christi,
2451 5333 2778 5397 Ludovicus,
2820 5330 3001 5385 divina
3042 5329 3430 5399 repropitiante
3453 5327 3790 5390 clementia,

2184 5427 2479 5496 imperator
2504 5423 2796 5494 Augustus.

2257 5516 2315 5572 Si
2343 5516 2691 5586 petitionibus
2715 5529 2994 5571 servorum
3041 5513 3135 5568 Dei
3157 5510 3322 5583 justis
3345 5521 3404 5568 et
3428 5513 3781 5568 rationabili-

2185 5610 2308 5676 bus,
2340 5625 2474 5680 quas
2527 5607 2828 5677 majestatis
2863 5616 3065 5663 nostra:
3105 5608 3328 5662 auribus
3354 5606 3793 5669 insinuaveriut.

2187 5699 2351 5756 divini
2385 5700 2562 5755 cultus
2609 5715 2794 5755 amore
2845 5698 3104 5766 favemus,
3159 5697 3303 5756 illius
3337 5697 3796 5754 misericordiam

3295 5081 3420 5121 saec.
3472 5081 3562 5132 tv,
3617 5077 3786 5137 parte
