4006 6178
315 334 448 396 {itii

1448 337 1839 395 θινιοΜΑτΑ
1879 340 2427 397 ECCLESIASTICA.

3424 343 3563 403 1262

315 448 472 505 nobis
506 446 822 518 propensius
865 438 1257 501 conciliandam
1300 436 1522 504 omnino
1542 449 1887 506 conﬁdimus.
1917 457 1969 513 Α
2064 449 2123 504 Si
2146 449 2381 505 ﬁdelium
2414 438 2721 506 uestrorum
2750 451 2913 521 justis
2938 460 2994 508 et
3036 453 3446 512 rationabﬁibus
3468 471 3567 540 pe-

316 542 650 611 Qnapropter
690 546 875 594 notum
920 551 1041 593 esse
1085 538 1332 595 volumus
1383 542 1594 598 cunctis
1645 540 1891 598 ﬁdelibus

315 639 515 689 sancta
526 614 620 686 1)έί
649 630 904 687 Ecclesia:
946 639 1002 685 et
1028 632 1249 697 nostris,
1298 635 1656 703 praesentibus
1684 636 1891 692 scilicet

313 731 368 779 et
395 723 610 789 futuris,
662 723 786 792 quia
838 722 1180 778 Christianus
1218 726 1548 779 venerabilis
1573 726 1741 781 abbas
1768 742 1889 782 mo-

314 815 537 870 nasterii
589 814 763 869 sancti
794 812 1049 868 Germani
1103 813 1431 883 confessoris
1469 815 1694 883 Christi,
1747 819 1890 889 quod

313 912 401 960 est
415 904 579 960 situm
602 903 658 957 in
702 902 962 959 suburbio
981 902 1550 971 Antissiodorensium,
1596 909 1785 964 adiens
1805 923 1891 964 se-

316 996 599 1051 renitatem
646 993 898 1049 culminis
936 996 1117 1061 nostri
1173 996 1442 1065 suggessit
1487 999 1887 1055 mansuetudini

316 1091 535 1146 nostrae,
566 1089 969 1137 antecessorem
990 1097 1147 1136 suum
1173 1082 1440 1149 abbatem,
1474 1086 1766 1140 Deustiedit
1792 1103 1888 1143 vo-

314 1171 526 1237 cabulo,
550 1179 793 1227 nostram
809 1170 1125 1240 jamdudum
1144 1173 1401 1242 petivisse
1424 1174 1784 1242 clementiam,
1829 1186 1891 1233 ut

315 1272 515 1318 nostrae
530 1262 869 1322 auctoritatis
881 1271 1152 1333 praecepto
1164 1262 1435 1319 licentiam
1452 1264 1556 1320 sibi
1578 1267 1889 1322 monachis-

312 1371 420 1427 que
444 1357 499 1410 in
532 1357 721 1413 eodem
745 1356 1075 1411 monasterio
1100 1357 1200 1411 sub
1241 1368 1341 1412 suo
1366 1357 1630 1429 regimine
1647 1358 1890 1430 degenti-

313 1448 415 1503 bus
454 1447 727 1512 daremus,
769 1446 1055 1502 abbatibus
1096 1460 1246 1502 more
1280 1432 1532 1502 humana:
1578 1447 1890 1518 fragilitatis

314 1538 700 1595 decedentibus
733 1553 799 1593 ex
826 1540 1132 1609 semetipsis
1183 1539 1478 1596 secundum
1516 1543 1689 1598 sancti
1716 1542 1888 1600 Bene—

315 1630 461 1686 dicti:
484 1631 727 1702 regulam
752 1630 980 1701 eligendi
1008 1632 1279 1686 abbatem.
1324 1632 1542 1702 Nosque
1578 1632 1697 1702 ejus
1720 1635 1888 1692 ratio-

314 1720 583 1776 nabilibus
610 1721 861 1790 precibus
885 1728 1203 1787 annuentcs,
1224 1736 1331 1777 non
1353 1722 1527 1778 solum
1549 1725 1797 1780 eamdem
1827 1725 1890 1780 li-

1994 540 2291 607 titionibus,
2322 557 2457 612 quas
2494 558 2595 612 pro
2616 542 2968 598 ecclesiarum
3001 544 3103 599 sibi
3153 548 3568 605 commissarum
3612 580 3635 601 ς.

1991 628 2404 687 necessitatibus
2456 633 2659 688 nostris
2710 633 2934 688 auribus
2968 634 3220 690 intimare
3260 635 3566 708 voluerunt,

1989 734 2177 774 aurem
2207 722 2702 789 accommodamus,
2729 736 2930 793 easque
2959 723 3026 778 ad
3052 732 3294 796 optatum
3317 724 3564 785 edoctum

1986 809 2352 878 perducimus,
2381 825 2486 865 non
2499 811 2673 866 solum
2696 814 2901 884 regiam
2922 821 2977 868 et
2998 813 3571 884 imperatoriamexerv

1988 912 2175 953 cemus
2195 900 2659 965 consuetudinem,
2711 892 2805 957 séd
2832 903 2998 960 etiam
3023 903 3240 962 eosdem
3269 905 3454 964 ﬁdeles
3473 924 3571 966 no—

1989 993 2131 1042 stros
2159 987 2227 1043 ad
2256 988 2571 1046 fidelitatem
2593 991 2742 1047 circa
2785 1005 2970 1062 partes
2996 1002 3213 1051 nostras
3248 998 3570 1066 propensius

1989 1080 2437 1148 conservandam,
2485 1083 2901 1153 sacerdotesque
2937 1098 3002 1139 ac
3036 1098 3222 1141 servos
3259 1085 3356 1142 Dei
3380 1087 3435 1142 in
3461 1088 3590 1144 eis—‘

1989 1166 2111 1222 dem
2139 1168 2383 1224 ecclesiis
2406 1183 2506 1240 pro
2548 1171 2749 1225 nostris
2781 1172 3098 1228 excessibus
3124 1174 3337 1233 Domini
3361 1176 3581 1233 miseri.

1988 1258 2524 1316 cordiamexorautes
2550 1262 2913 1331 promptiores
2934 1273 3097 1334 atque
3117 1265 3427 1323 devotiores
3448 1268 3570 1323 red-

1988 1351 2185 1407 dimus.
2227 1350 2463 1408 Proinde
2481 1361 2668 1409 notum
2694 1368 2816 1409 esse
2829 1355 3079 1412 volumus
3105 1357 3347 1412 omnium
3369 1367 3568 1415 sanctze

1988 1441 2086 1496 Dei
2111 1440 2369 1497 Ecclesia:
2389 1451 2804 1514 nostrorumque
2826 1443 3063 1501 ﬁdelium
3094 1452 3206 1500 tam
3217 1448 3568 1521 praesentium

1986 1530 2150 1603 quam
2169 1539 2224 1588 et
2247 1531 2571 1599 futurorum,
2603 1534 2903 1601 industriae,
2927 1536 3071 1606 quod
3104 1535 3340 1594 Garinus
3359 1554 3565 1605 comes.

1987 1622 2093 1678 sub
2114 1622 2271 1695 cujus
2296 1638 2427 1679 cura
2453 1619 2618 1694 attice
2645 1625 2908 1693 regimine
2929 1628 3318 1683 monasterium
3347 1627 3406 1685 S.
3423 1630 3571 1685 Mar-

1988 1712 2127 1780 celli,
2151 1715 2295 1783 quod
2324 1723 2537 1773 constat
2558 1730 2680 1772 esse
2705 1725 3079 1780 constructum
3099 1719 3155 1772 in
3185 1719 3308 1775 vico
3329 1720 3423 1791 qui
3439 1721 3574 1780 dici-

312 1811 546 1866 ccmiam
575 1810 647 1864 οι)
690 1809 931 1865 divinum
966 1825 1207 1867 amorem
1236 1813 1510 1878 ιι-ίδυίεεε,
1558 1814 1654 1869 θεά
1699 1823 1888 1871 nemo
1914 1816 1963 1877 Β
1991 1812 2079 1858 tur
2092 1803 2791 1872 liubiliacus,commissum
2815 1807 3098 1875 habemus,
3114 1817 3354 1867 nostram
3382 1811 3573 1867 adiens

280 1960 283 1961 ν
312 1900 576 1972 imperiali
598 1910 1000 1972 praeceptoeam
1029 1904 1206 1959 denuo
1225 1904 1597 1961 conﬁrmasse.
1638 1906 1743 1962 Sed
1757 1923 1887 1977 quo-

313 1988 461 2043 niam
485 1989 808 2058 quibusdam
828 1992 1235 2062 emergentibus
1253 1992 1493 2049 adversa:
1512 1995 1686 2064 partis
1720 1998 1889 2052 turbi-

311 2078 473 2133 nibus
517 2078 661 2134 idem
711 2088 914 2135 nostra:
964 2082 1394 2139 conﬁrmationis
1427 2085 1692 2157 scriptum
1732 2090 1889 2145 nobis

313 2170 542 2227 ﬁdeliter
569 2173 872 2229 obedicndo
899 2175 1168 2231 excidisse
1195 2173 1362 2246 seque
1403 2179 1653 2236 amisisse
1684 2180 1893 2251 profes-

313 2277 407 2319 sus
430 2272 538 2328 est,
582 2265 901 2320 humillimis
926 2267 1179 2335 precibus
1204 2276 1408 2325 nostra:
1429 2272 1754 2340 supplicavit
1780 2272 1890 2329 cle-

314 2354 547 2419 mentiae,
590 2363 650 2409 ut
678 2365 1032 2411 memoratam
1059 2358 1437 2415 auctoritatem
1468 2363 1639 2416 nostri
1687 2361 1890 2420 favoris

313 2444 768 2517 benignitatisque
796 2446 1122 2501 abundantia
1172 2451 1491 2521 rescriptam
1514 2453 1757 2523 recipere
1777 2468 1890 2509 me-

314 2543 547 2591 seretur.
594 2534 761 2604 Cujus
801 2534 1225 2606 supplicationes
1242 2540 1431 2611 dignas
1453 2555 1516 2597 ac
1542 2542 1891 2600 rationabiles

311 2624 633 2695 judieontes,
659 2641 847 2681 aurem
874 2626 951 2682 illi
963 2629 1370 2687 accommodare
1391 2630 1546 2687 libuit
1573 2650 1587 2687 :
1612 2640 1666 2688 et
1686 2633 1889 2691 idcirco

315 2717 416 2772 hos
464 2724 671 2773 nostras
726 2718 1068 2775 auctoritatis
1118 2720 1298 2792 apices
1348 2721 1494 2778 circa
1528 2732 1887 2781 memoratum

315 2803 683 2862 Christianum
712 2806 964 2864 abbatem
989 2823 1055 2865 ac
1072 2811 1367 2867 monachos
1388 2812 1445 2866 in
1467 2813 1756 2883 saepedicto
1779 2829 1892 2870 mo-

316 2898 554 2952 nasterio
581 2897 638 2953 S.
657 2897 915 2955 Germani
942 2901 1267 2958 confessoris
1285 2904 1497 2960 Domini
1525 2920 1624 2975 per
1643 2914 1890 2978 tempora

317 2984 551 3043 labentia
573 2991 679 3045 sub
700 2991 934 3061 regulari
956 2992 1144 3051 habitu
1167 2996 1485 3066 degentibus
1515 2997 1634 3052 ﬁeri
1663 2998 1890 3070 darique

316 3078 691 3136 decrevimus:
739 3098 837 3154 per
864 3099 1001 3154 quos
1049 3088 1391 3159 pracipimus
1433 3098 1596 3161 atque
1634 3090 1890 3162 jubemus

1995 1895 2391 1963 celsitudinem,
2416 1896 2674 1953 indicavit
2692 1899 3092 1954 mansuetudini
3121 1907 3321 1955 nostra:
3339 1900 3574 1970 qualiter

1990 1985 2267 2041 canonicis
2297 1985 2357 2041 iu
2404 1985 2595 2042 eodem
2639 1986 2976 2042 monasterio
2999 1986 3112 2043 Deo
3144 1988 3575 2045 deservientibus

1987 2076 2246 2145 quasdam
2262 2091 2354 2132 res
2373 2074 2616 2149 ejpsdem
2640 2077 2959 2133 monasterii
2988 2077 3104 2148 ipse
3124 2085 3181 2133 et
3191 2086 3572 2137 antecessores

1988 2168 2074 2225 sui
2109 2168 2178 2223 ad
2197 2182 2387 2223 eorum
2421 2168 2667 2224 diversas
2698 2170 3053 2225 necessitates
3081 2168 3385 2226 fuiciendss
3410 2177 3577 2241 atque

1986 2259 2348 2339 sublevandas
2378 2259 2716 2325 tribuissent,
2746 2259 3000 2338 videlicet
3020 2259 3203 2316 villam
3228 2275 3350 2333 qua:

1987 2350 2287 2414 Floriacus,
2317 2351 2478 2405 sitam
2508 2351 2562 2406 in
2601 2366 2740 2422 pago
2770 2350 3254 2423 Magnimoutense,
3281 2367 3405 2408 cum
3423 2354 3573 2408 omni

1988 2438 2301 2507 integritate
2341 2454 2458 2503 sua,
2496 2439 2580 2493 vel
2609 2454 2735 2495 cum
2782 2440 3035 2496 omnibus
3061 2441 3131 2496 ad
3165 2456 3226 2497 se
3250 2442 3565 2513 pertinenti-

1988 2532 2121 2595 bus;
2163 2538 2219 2585 et
2253 2531 2311 2587 in
2332 2544 2472 2601 pago
2495 2529 2875 2596 Cabilouense,
2918 2530 3118 2587 inloco
3137 2531 3232 2601 qui
3250 2531 3456 2605 dicitur
3473 2532 3579 2589 Bo-

1988 2621 2214 2687 serunti,
2258 2636 2479 2677 mansos
2505 2637 2583 2676 xu
2613 2636 2740 2678 cum
2778 2622 3036 2679 omnibus
3056 2623 3124 2679 ad
3155 2637 3216 2679 se
3248 2624 3575 2694 pertinenti-

1986 2711 2128 2768 bus:
2168 2712 2370 2768 obnixe
2403 2719 2648 2768 nostram
2686 2713 3095 2785 imperatoriam
3133 2715 3435 2788 maiestatis
3483 2719 3577 2773 do-

1988 2819 2218 2875 precans
2240 2804 2638 2872 excellentiam,
2664 2813 2726 2861 ut
2746 2820 2936 2863 eorum
2962 2805 3108 2862 facta
3136 2818 3325 2865 nostra
3347 2810 3574 2866 robora-

1990 2911 2179 2952 remus
2201 2895 2636 2963 conﬁrmatione,
2662 2905 2931 2966 quatenus
2959 2898 3214 2970 deinceps
3243 2900 3572 2959 inviolabilia

1990 2988 2322 3058 perennibus
2351 2988 2683 3059 temporibus
2714 2996 3085 3059 perseverent.
3122 2988 3291 3060 Cujus
3309 2991 3579 3061 supplica-

1992 3077 2152 3144 tioni,
2180 3092 2343 3148 quam
2383 3077 2600 3149 dignam
2638 3075 3024 3156 judicavimus,
3060 3092 3302 3134 aunuere
3327 3079 3573 3152 placuit;

318 3178 379 3225 ut
401 3151 833 3243 quandocunque
853 3151 1119 3246 quispiam
1152 3151 1409 3236 abbatum
1436 3151 1679 3250 ejusdem
1705 3199 1890 3239 mona-

1994 3176 2050 3224 et
2086 3170 2230 3239 quod
2268 3209 2285 3235 ,
2330 3176 2391 3224 ut
2441 3151 2762 3240 praedictum
2809 3176 2927 3236 est,
2972 3169 3304 3240 postulavit,
3330 3151 3411 3227 ad
3448 3171 3577 3228 eiic-

278 3296 281 3299 ›
316 3264 471 3318 sterii
506 3264 688 3320 divina
735 3269 1021 3324 vocatione
1065 3271 1227 3328 rebus
1273 3272 1527 3331 humanis
1575 3278 1889 3345 excesserit,

1991 3269 2140 3316 ctum
2200 3261 2499 3331 perducere
2539 3275 2648 3315 non
2695 3261 3053 3331 incongruum
3109 3261 3381 3321 duximus.
3444 3260 3578 3321 Pro-

318 3352 587 3409 licentiam
615 3356 851 3413 habeant
893 3374 962 3414 ex
990 3362 1294 3431 semetipsis
1316 3404 1331 3427 ,
1381 3364 1428 3421 si
1457 3365 1579 3422 talis
1607 3366 1750 3422 inter
1797 3382 1890 3424 eos

1991 3351 2121 3407 inde
2170 3352 2269 3407 hos
2320 3361 2522 3407 nostra:
2577 3352 2919 3412 auctoritatis
2969 3352 3153 3425 apices
3207 3368 3339 3425 erga
3383 3354 3578 3425 prais-

318 3444 546 3500 inveniri
571 3448 789 3516 poterit,
838 3451 932 3519 qui
971 3452 1052 3507 eis
1090 3456 1388 3510 secundum
1417 3457 1720 3530 regularem
1747 3460 1890 3515 ordi-

1991 3452 2078 3501 tos
2126 3447 2419 3503 canonicos
2476 3446 2530 3501 in
2590 3454 2893 3502 memorato
2944 3447 3279 3503 monasterio
3344 3446 3577 3504 Domino

316 3550 440 3591 nem
481 3551 713 3607 praeesse
748 3539 928 3595 valeat
954 3551 1009 3598 et
1032 3544 1307 3613 prodesse,
1340 3547 1591 3603 abbatem
1643 3549 1843 3621 eligere
1874 3569 1887 3607 :

1991 3552 2090 3608 per
2135 3537 2393 3592 diuturna
2442 3545 2684 3606 tempora
2739 3538 3056 3605 militantes,
3088 3538 3273 3594 divino
3324 3540 3573 3611 inspirati

315 3636 580 3696 quatenus
605 3631 869 3701 regularis
905 3633 1114 3688 ordinis
1139 3650 1385 3690 normam
1406 3637 1523 3704 ejus
1551 3640 1890 3695 sanctissima

1991 3644 2180 3684 amore
2202 3629 2318 3683 ﬁeri
2358 3629 2656 3697 iussimus,
2706 3643 2807 3699 per
2855 3644 2993 3698 quos
3040 3629 3383 3685 decernimus
3410 3638 3575 3701 atque

315 3718 782 3775 administratione
801 3708 1146 3792 integerrime
1161 3734 1563 3791 conservantes,
1587 3728 1696 3781 imo
1722 3729 1890 3783 adim-

1991 3719 2267 3775 sancimus
2309 3728 2368 3774 ut
2415 3719 2766 3789 praescriptas
2794 3733 2904 3783 res,
2932 3730 2959 3760 ι
2993 3718 3248 3774 videlicet
3281 3722 3573 3790 pmnonti-

315 3806 464 3876 plere
492 3807 789 3873 studentes,
828 3824 926 3878 pro
946 3810 1122 3876 nobis,
1155 3812 1378 3884 conjuge
1404 3816 1658 3886 proleque
1685 3827 1891 3889 nostra,
1992 3816 2135 3862 nam
2154 3807 2325 3872 νίηαέ,
2363 3822 2427 3863 ac
2454 3817 2581 3863 ante
2604 3808 2781 3863 ἀίοῑοδ
2806 3822 3043 3874 ωδῐῑθοεο
3084 3823 3209 3864 cum
3230 3811 3486 3869 omnibus
3502 3812 3574 3867 ad

317 3910 389 3952 ac
406 3896 701 3953 stabilitate
718 3905 776 3952 et
795 3914 929 3968 pace
951 3901 1116 3956 totius
1144 3902 1354 3973 imperii
1376 3920 1407 3959 a
1433 3905 1546 3961 Deo
1567 3906 1724 3963 nobis
1745 3924 1895 3965 com-

318 3985 743 4043 missiattentius
766 4004 861 4045 eos
874 3991 1213 4061 quietiusque
1233 3993 1444 4051 Domini
1464 3997 1893 4057 misericordiam

318 4074 604 4131 indeibssis
627 4079 881 4147 precibus
906 4093 1135 4135 exorare
1160 4080 1410 4139 delectet.
1466 4087 1536 4142 Et
1561 4097 1621 4142 ut
1649 4089 1765 4145 haec
1792 4106 1893 4147 no—

319 4176 448 4224 stra:
469 4171 846 4243 praeceptionis
882 4173 1183 4230 auctoritas
1208 4179 1410 4234 nostris
1434 4187 1489 4234 et
1516 4197 1894 4239 successorum

206 4292 225 4296 —
318 4272 630 4318 nostrorum
670 4265 1001 4336 temporibus
1043 4266 1403 4326 inviolabilem
1448 4280 1502 4327 et
1525 4274 1893 4332 inconvulsam

317 4351 562 4411 obtineat
585 4353 915 4422 ﬁrmitatem,
934 4371 1098 4411 manu
1122 4359 1341 4429 propria
1364 4371 1549 4416 nostra
1574 4364 1761 4419 subter
1773 4379 1893 4420 eam

321 4440 680 4509 firmavimus,
717 4444 996 4502 etannulli
1038 4447 1210 4503 nostri
1241 4448 1593 4519 impressione
1629 4454 1892 4525 assignari

317 4528 576 4600 iussimus
591 4574 609 4592 .

392 4620 525 4676 Data
556 4631 752 4691 quarto
778 4623 1047 4682 Kalendas
1065 4626 1315 4699 Augusti.
1345 4644 1505 4695 anno,
1526 4620 1747 4688 Christo
1772 4648 1895 4703 pro-

317 4708 471 4781 pitio,
488 4709 748 4779 vigesimo
775 4714 1012 4773 secundo
1036 4717 1247 4787 imperii
1274 4717 1455 4774 domui
1481 4720 1734 4776 Ludovici
1752 4723 1889 4792 piis-

318 4800 444 4856 simi
474 4798 722 4871 Augusti,
754 4803 1047 4863 iudictioue
1076 4805 1285 4863 decima
1309 4810 1484 4865 tertia.
1531 4811 1725 4868 Actum
1747 4811 1891 4869 Luco

318 4889 444 4946 villa
478 4891 534 4948 in
551 4890 651 4948 Dei
668 4895 889 4951 nomine
906 4895 1157 4951 feliciter.
1196 4898 1394 4956 Amen.

511 5077 626 5133 Plio
655 5092 994 5139 ominosum
1024 5097 1071 5138 s.
1113 5099 1372 5142 ιλιεῑιιι
1410 5100 1676 5144 secessu.

919 5172 1095 5245 (Anno
1139 5175 1289 5248 ass.)

321 5254 423 5327 [Ex
464 5256 796 5313 chartulario
824 5260 1295 5340 hujuspecclesize,‘
1319 5268 1465 5340 apud
1505 5269 1568 5323 D.
1597 5268 1887 5340 Bouquet.,

829 5337 960 5383 tom.
986 5332 1077 5396 Vl,
1098 5346 1219 5403 pag.
1237 5332 1387 5407 601.]

388 5437 448 5493 lu
475 5439 693 5495 nomine
730 5440 941 5497 Domini
970 5442 1065 5497 Dei
1107 5452 1162 5498 et
1203 5444 1499 5503 Salvatoris
1545 5450 1719 5505 nostri
1763 5448 1892 5507 Iesu

320 5527 540 5592 Christi,
581 5529 901 5595 Ludovicus,
946 5531 1128 5588 divina
1154 5528 1550 5607 repropitiante'
1582 5537 1890 5605 clementia,

319 5619 616 5688 imperator
637 5620 928 5693 Augustus.

390 5721 417 5752 ⁸
456 5709 783 5784 Legendum,
834 5713 1151 5785 prmerith
1180 5731 1260 5771 res
1297 5754 1312 5770 .
1354 5757 1367 5771 .
1412 5758 1425 5771 .

1917 4496 1972 4555 D

1993 3912 2053 3953 se
2077 3896 2224 3967 juste
2245 3896 2560 3966 etlegaliter
2577 3897 2994 3967 pertinentibus,
3019 3898 3162 3954 sicut
3185 3899 3256 3954 ab
3274 3904 3400 3954 ante
3427 3900 3574 3956 dicto

1992 3985 2218 4042 Warino
2231 3987 2430 4043 comite
2452 3997 2615 4057 atque
2630 3987 3121 4058 predecessoribus
3144 3989 3258 4044 suis
3271 3987 3387 4059 jam
3410 3989 3572 4047 dictis

1993 4080 2272 4135 canonicis
2294 4079 2501 4135 collatae.
2525 4090 2687 4146 sunt;
2729 4080 2805 4134 ita
2827 4094 2924 4151 per
2948 4080 3089 4136 hanc
3115 4088 3356 4137 nostram
3386 4089 3576 4139 aucto-

1994 4172 2215 4227 ritatem
2246 4173 2301 4226 in
2327 4186 2517 4231 eorum
2545 4171 2670 4241 jure
2715 4187 2781 4227 ac
2827 4179 3112 4242 potestate,
3165 4172 3279 4230 suis
3321 4173 3575 4232 Videlicet

1995 4264 2180 4320 usibus
2213 4264 2548 4334 diversisque
2577 4263 2994 4319 necessitatibus
3045 4263 3116 4318 ad
3154 4263 3394 4321 divinum
3443 4279 3572 4337 pro-

1994 4354 2217 4425 pensius
2259 4353 2464 4408 cultum
2513 4354 2920 4424 exsequendum
2970 4352 3331 4422 famulantes,
3369 4356 3574 4426 absque

1996 4443 2280 4514 cujuslibet
2297 4443 2710 4499 dimiuoratione
2729 4452 2823 4498 aut
2842 4445 3174 4500 retractione
3187 4456 3571 4515 permaneant:

1996 4541 2053 4588 et
2078 4533 2256 4588 nullus
2281 4547 2658 4588 successorum
2699 4547 2922 4588 suorum
2943 4572 2957 4597 ,
2993 4541 3265 4589 rectorum
3319 4535 3575 4592 videlicet

1996 4623 2243 4694 praedicti
2292 4624 2607 4679 monasterii
2624 4662 2640 4689 ,
2693 4623 2763 4679 ab
2813 4630 3005 4691 eorum
3054 4623 3422 4681 dominatione
3475 4640 3571 4682 eas

1998 4715 2376 4786 quoquomodo
2404 4712 2618 4770 authrre
2639 4755 2656 4782 ,
2686 4724 2782 4772 aut
2802 4716 2859 4772 in
2888 4716 3189 4786 quandibet
3205 4725 3416 4788 partem
3436 4733 3572 4789 qna-

1996 4821 2211 4877 cunque
2236 4807 2522 4865 oct'asioue
2560 4807 2857 4863 transferre
2900 4816 3212 4879 praesumat
3265 4806 3373 4866 Sed
3409 4810 3575 4865 liceat

1995 4898 2078 4953 eis
2105 4897 2220 4969 jam
2249 4897 2409 4953 dictis
2435 4897 2598 4953 rebus
2623 4898 2694 4953 ad
2732 4898 2946 4953 Domini
2982 4905 3039 4953 et
3074 4898 3170 4953 Dei
3198 4899 3371 4954 nostri
3396 4897 3571 4955 famn-

1996 4986 2162 5043 latum
2179 4986 2489 5058 diligentius
2503 4988 2869 5057 peragendum
2890 4988 3094 5058 absque
3110 4988 3428 5060 cujusquam
3439 5003 3571 5046 con-

1995 5076 2275 5133 trarietate
2315 5076 2425 5143 uti;
2479 5084 2537 5132 et
2584 5091 2921 5148 quacunque
2963 5079 3031 5134 ad
3076 5094 3206 5136 suos
3249 5080 3303 5135 in
3356 5080 3567 5137 Domini

1995 5166 2163 5222 nostri
2188 5164 2317 5222 Iesu
2340 5163 2547 5222 Christi
2586 5165 2777 5222 militia
2817 5181 2949 5223 usus
2970 5175 3027 5221 et
3052 5169 3402 5229 necessitates
3443 5182 3568 5241 per-

1996 5255 2192 5322 tinent,
2218 5256 2504 5321 ordinare,
2548 5257 2837 5326 disponere
2868 5252 3121 5327 justeque
3147 5256 3363 5315 echoro
3389 5275 3403 5312 :
3432 5274 3580 5330 qua;

1996 5353 2154 5401 tenus
2191 5348 2403 5403 sublata
2442 5347 2622 5402 omnis
2666 5348 2975 5417 indigentia:
3008 5349 3251 5417 penuria,
3282 5363 3383 5419 pro
3407 5349 3567 5407 nobis

1994 5453 2058 5492 ac
2082 5436 2311 5506 conjuge
2340 5428 2557 5502 nostra,
2589 5444 2648 5491 et
2668 5451 2821 5511 pace
2850 5453 2915 5493 ac
2955 5437 3249 5496 stabilitate
3277 5440 3445 5496 totius
3469 5440 3566 5499 imo
3614 5466 3645 5477 -

1994 5526 2130 5597 perii
2159 5541 2190 5581 a
2230 5526 2340 5582 Deo
2376 5527 2533 5583 nobis
2577 5528 2853 5583 commissi
2903 5528 3167 5585 attentius
3217 5545 3317 5587 eos
3362 5533 3565 5588 indesiv

1993 5622 2186 5671 uenter
2236 5614 2449 5673 Domini
2501 5614 2929 5673 misericordiam
2957 5631 3187 5676 exorare
3213 5618 3465 5678 delectet.
3496 5619 3563 5678 Et

1476 5758 1489 5771 .
1531 5736 1594 5774 ac
1615 5720 1862 5775 antedicti
1898 5723 2087 5778 mansi.
