4006 6178
423 308 443 361 l
458 309 560 361 2.33

1553 301 1876 358 LUDOVICI
1911 302 1931 356 I
1969 300 2437 360 COGNOMENTO
2459 302 2563 360 ,ΡΠ

3549 308 3684 362 {ibi

421 435 481 480 ut
505 426 618 480 haec
643 431 843 478 nostra:
885 417 1312 475 confirmationis
1338 417 1637 473 auctoritas
1673 427 1992 488 perpetuum
2023 428 2071 483 Α
2099 418 2429 472 monasterio
2465 417 2723 489 praedicto
2754 425 2954 472 sancta
2987 416 3165 472 Mariae
3209 429 3263 473 et
3301 419 3480 475 sancti
3543 423 3690 478 Petri

420 517 663 575 obtineat
684 517 942 585 vigorem,
969 512 1034 566 de
1057 510 1256 566 annulo
1276 519 1464 566 nostro
1484 512 1671 566 subter
1693 526 1812 565 eam
1829 509 1998 578 jussi-

421 628 541 666 mus
563 608 820 680 sigillare.

490 698 713 768 Signum
739 693 1000 750 Ludovici
1028 692 1365 748 serenissimi
1398 691 1646 762 Augusti.

490 789 891 846 Ilirmiumarus
933 786 1178 842 notarius
1222 786 1289 840 ad
1331 784 1502 840 vicem
1549 783 1792 854 Hugouis
1841 797 1994 839 reco-

419 880 599 950 gnovi.

491 967 623 1020 Data
653 981 705 1020 vr
737 965 1005 1022 Kalendas
1027 965 1275 1037 Augusti,
1299 979 1460 1025 anno,
1495 963 1714 1018 Christo
1741 961 1995 1032 propitio,

415 1058 485 1113 ἐὶὲ
530 1057 740 1127 imperii
773 1056 956 1111 domui
995 1057 1250 1112 Ludovici
1296 1056 1524 1126 piissimi
1555 1055 1785 1123 Augusti
1817 1054 1870 1108 in
1901 1054 1996 1108 Dei

419 1149 640 1206 nomine
671 1149 921 1204 feliciter.
951 1150 1147 1206 Amen.

1124 1241 1269 1296 CCII.

797 1346 896 1387 ιιιιο
934 1346 1270 1386 ιιοΝΑετειιιο
1321 1345 1607 1385 ειτιςιεκει.

1017 1424 1190 1496 (Auno
1245 1423 1396 1494 8'55.)

519 1518 697 1591 [Apud
725 1518 954 1583 Mabill.,
979 1518 1042 1571 de
1069 1517 1142 1571 Re
1167 1517 1531 1587 diplomatica,
1568 1534 1692 1588 pag.
1738 1518 1890 1589 655.]

483 1611 535 1666 In
565 1611 787 1666 nomine
809 1610 1024 1666 Domini
1051 1609 1147 1663 Dei
1174 1618 1229 1664 et
1269 1608 1572 1665 Salvatoris
1602 1609 1733 1665 Iesu
1769 1610 1994 1678 Christi,

409 1700 734 1765 Ludovicus,
751 1701 931 1755 divina
959 1699 1349 1770 repropitiante
1372 1700 1679 1763 clementia,
1701 1701 1998 1770 imperator

410 1791 702 1860 Augustus.

479 1880 536 1934 Si
566 1895 752 1949 preces
773 1879 1009 1935 fidelium
1041 1888 1348 1936 nostrorum
1403 1882 1595 1938 devote
1631 1883 1787 1938 nobis
1815 1882 1991 1937 famu-

410 1972 634 2026 lantium
666 1973 732 2028 ad
754 1981 999 2041 optatum
1018 1971 1268 2028 ell‘eetum
1319 1974 1492 2028 solita:
1539 1975 1895 2046 benignitatis
1931 1975 1995 2030 li-

409 2061 692 2116 beralitate
720 2061 1003 2131 pervenire
1050 2062 1414 2130 concedimus,
1459 2063 1824 2119 abundantius
1875 2080 1993 2120 ere-

410 2153 592 2206 dimus
654 2161 908 2221 oportere
973 2154 1348 2224 suggestiones
1413 2154 1751 2209 dilectissimi
1807 2154 1993 2210 fratris

412 2244 588 2299 nostri
628 2243 869 2314 Ilugonis
930 2243 1249 2298 venerabilis
1302 2245 1536 2307 abbatis,
1583 2260 1718 2314 quas
1773 2246 1993 2300 omnino

410 2341 620 2395 ratione
637 2340 826 2410 plenas
853 2354 972 2395 esse
999 2357 1104 2395 non
1133 2340 1463 2404 dubitamus,
1487 2339 1804 2410 dignissimo
1822 2340 1992 2395 hono-

409 2430 690 2485 rificentia;
724 2430 956 2500 propria
977 2429 1172 2485 ell‘ectu
1198 2429 1478 2500 perficere,
1541 2446 1745 2500 easque
1792 2432 1989 2500 praeci—

411 2537 522 2591 pue»
542 2538 662 2592 qua:
693 2522 980 2577 manifesto
1013 2536 1124 2577 suae
1163 2521 1468 2577 devotionis
1493 2521 1708 2577 fervore
1729 2521 1796 2576 ad
1849 2522 1988 2577 divi-

412 2629 541 2667 num
568 2612 768 2668 cultum
799 2613 1120 2684 propensius
1137 2612 1541 2683 exsequendum
1571 2612 1844 2683 pertinere
1893 2627 1991 2665 no-

411 2710 655 2757 scuntur.
675 2701 1014 2771 Quapropter
1033 2701 1503 2756 noveritomnium
1530 2700 1766 2755 ﬁdelium
1791 2709 1992 2756 sancta:

408 2791 504 2849 Dei
535 2769 1253 2858 Ecclesiae—nostrorumque,
1285 2798 1394 2844 tam
1432 2790 1775 2859 prtesentium
1827 2804 1989 2858 quam

409 2881 789 2938 ctfuturorum
840 2881 1127 2944 industria,
1185 2881 1311 2950 quia
1373 2889 1705 2936 memoratus
1764 2880 1991 2934 dilectus

410 2975 582 3030 frater
615 2983 803 3029 noster
819 2971 974 3043 Ilugo
1004 2971 1146 3027 sacri
1169 2971 1354 3040 palatii
1379 2971 1551 3026 nostri
1589 2969 1990 3025 archinotarius

411 3078 466 3122 et
493 3066 822 3123 venerabilis
862 3065 1032 3120 abbas
1080 3063 1393 3141 monasterii
1437 3060 1614 3116 Sithiu
1649 3061 1736 3117 siti
1767 3062 1819 3116 in
1848 3076 1986 3132 pago

409 3156 786 3219 ’l‘ervanninsi,
809 3154 1106 3211 constructi
1164 3153 1218 3207 in
1245 3139 1506 3209 honorem
1552 3152 1724 3208 beata:
1777 3167 1991 3221 semper
2017 3126 2060 3188 (ἶ

409 3247 634 3317 virginis
664 3245 946 3315 genitricis
965 3243 1180 3300 Domini
1210 3246 1380 3300 nostri
1415 3242 1540 3297 Jesu
1566 3243 1768 3298 Christi
1806 3243 1989 3298 Marim

411 3353 474 3390 ac
501 3338 783 3390 beatorum
810 3334 1177 3403 apostolorum
1199 3333 1342 3389 Petri
1358 3343 1414 3388 et
1440 3333 1615 3398 Pauli,
1631 3335 1684 3388 in
1701 3349 1809 3404 quo
1823 3334 1988 3388 etiam

411 3440 640 3494 corpora
665 3422 1263 3479 Chl-isticonfessorum
1300 3423 1596 3479 Audomari
1642 3432 1805 3492 atque
1859 3423 1989 3478 Ber-

417 3518 511 3572 tiui
555 3516 816 3571 tumulata
846 3523 1165 3579 noscuntur,
1192 3523 1390 3570 nostrae
1412 3514 1644 3569 innotuit
1684 3512 1986 3569 celsitudini

401 3608 643 3676 qualiter
667 3605 778 3674 jam
803 3604 1002 3660 dudum
1043 3613 1282 3673 tempore
1302 3603 1719 3674 praedecessoris
1759 3605 1840 3658 sui
1871 3603 1990 3657 Fri-

413 3701 588 3771 dugisi
611 3699 820 3754 abbatis
845 3697 1018 3752 eidem
1054 3696 1386 3751 monasterio
1415 3704 1657 3751 nostram
1675 3695 1991 3754 fecissemus

413 3789 814 3851 auctoritatem,
871 3802 968 3856 per
994 3802 1154 3856 quam
1199 3787 1330 3841 illud
1365 3800 1487 3840 eum
1529 3785 1781 3841 omnibus
1819 3787 1886 3842 ad
1931 3803 1990 3841 se

415 3879 807 3951 pertinentibus
835 3893 1038 3933 morem
1055 3885 1340 3947 paternum
1354 3876 1438 3930 avi
1446 3884 1664 3945 tumque
1677 3884 1987 3945 sequentes,

414 3971 512 4025 sub
535 3977 720 4026 nostra
746 3962 1200 4024 constiiueremus
1225 3964 1538 4020 defensione
1575 3974 1631 4020 et
1658 3964 1990 4020 mundebur-

413 4063 501 4125 do,
533 4069 696 4129 atque
723 4057 1082 4113 immunitatis
1123 4055 1368 4120 tuitione,
1425 4070 1635 4109 necnon
1665 4069 1854 4110 omnes
1883 4055 1988 4109 cel-

412 4163 496 4215 las
517 4169 571 4213 et
601 4159 778 4222 villas,
819 4171 914 4210 seu
937 4162 1164 4209 ceteras
1189 4154 1562 4224 possessiones
1596 4167 1718 4222 quae
1762 4153 1817 4206 in
1871 4154 1987 4222 qui-

412 4252 647 4306 buslibet
673 4248 829 4318 pagis
852 4255 906 4301 et
941 4246 1233 4301 territoriis
1257 4245 1402 4299 .infra
1463 4245 1720 4299 ditionem
1774 4243 1988 4312 imperii

415 4342 584 4397 nostri
616 4338 938 4401 consistunt,
965 4346 1025 4390 ut
1051 4336 1229 4390 nullus
1269 4351 1639 4390 successorum
1677 4344 1986 4390 nostrorum

413 4425 698 4494 divideret,
726 4437 817 4484 aut
847 4428 899 4482 in
927 4429 1059 4483 alios
1087 4444 1218 4483 usus
1241 4435 1601 4492 converteret,
1640 4435 1805 4496 utque
1831 4425 1989 4480 fami-

2100 515 2153 560 et
2175 505 2327 560 Pauli
2357 515 2519 575 atque
2547 506 2829 561 beatorum
2867 507 3071 563 Christi
3102 509 3478 566 confessorum
3507 513 3696 569 Audo-

2100 598 2236 652 mari
2263 607 2318 653 et
2340 598 2545 653 Bertiui
2571 601 2940 655 concessimus
2965 615 2979 654 :
3010 601 3083 656 ita
3115 603 3190 657 illi
3218 611 3394 659 ratum
3419 614 3476 659 et
3491 605 3695 661 stabile

2102 701 2424 758 permanere
2453 689 2794 757 permittant,
2819 698 2879 744 ut
2901 690 3105 745 nullam
3142 692 3462 748 divisionem
3496 695 3553 749 in
3575 711 3698 749 mo-

2100 779 2355 834 nasteriis
2368 787 2462 834 aut
2483 780 2654 846 cellis,
2679 781 2765 837 vel
2797 783 2960 848 villis,
2992 799 3088 839 seu
3142 787 3355 841 caeteris
3384 789 3697 856 possessio-

2099 871 2258 926 nibus
2283 871 2339 926 in
2374 872 2705 942 quibuslibet
2734 874 2890 946 pagis
2935 883 2992 930 et
3021 877 3314 941 territoriis
3355 881 3692 944 consistant,

2098 960 2302 1016 faciant
2347 970 2441 1016 aut
2487 961 2668 1018 facere
2687 965 3026 1034 permittant,
3057 968 3226 1021 autin
3267 968 3404 1025 alios
3428 985 3564 1025 usus
3609 972 3691 1042 ip-

2101 1071 2188 1110 sas
2225 1069 2312 1110 res
2333 1063 2708 1124 retorqueant.
2746 1055 2854 1111 Sed
2879 1066 2936 1112 et
2975 1059 3078 1113 hoc
3105 1074 3205 1129 per
3230 1060 3330 1115 hos
3379 1061 3696 1131 imperiales

2100 1146 2282 1216 apices
2317 1145 2598 1200 sancimus
2637 1154 2799 1215 atque
2829 1147 3174 1204 decernimus
3208 1160 3269 1204 ut
3322 1151 3502 1206 nullus
3527 1151 3696 1220 iudex

2101 1235 2352 1305 publicus
2381 1243 2476 1289 aut
2506 1235 2761 1304 quislibet
2787 1251 2851 1290 ex
2892 1235 3181 1305 judiciaria
3209 1248 3480 1308 potestate
3516 1243 3572 1295 in
3601 1259 3696 1298 ec-

2100 1325 2294 1381 clesias
2316 1337 2411 1380 aut
2437 1324 2556 1380 loca
2583 1325 2667 1380 vel
2701 1341 2878 1396 agros,
2911 1341 3003 1382 seu
3042 1328 3276 1399 reliquas
3307 1332 3700 1401 possessiones

2101 1415 2382 1470 memorati
2412 1415 2749 1480 monasterii,
2773 1431 2909 1485 quas
2931 1418 3192 1474 moderno
3213 1428 3451 1489 tempore
3476 1423 3531 1476 in
3562 1426 3696 1493 qui-

2099 1505 2334 1561 buslibet
2352 1507 2506 1577 pagis
2533 1516 2592 1564 et
2629 1508 2920 1564 territoriis
2963 1509 3102 1564 infra
3161 1512 3420 1567 ditionem
3470 1515 3697 1585 imperii

2099 1597 2271 1652 nostri
2303 1597 2449 1667 juste
2469 1607 2525 1655 et
2553 1599 2798 1671 legaliter
2825 1602 3088 1670 possidet,
3142 1603 3229 1658 vel
3273 1620 3393 1674 quae
3426 1605 3698 1678 deinceps

2101 1687 2155 1742 in
2185 1688 2308 1759 jure
2329 1689 2498 1759 ipsius
2537 1692 2711 1746 sancti
2737 1691 2842 1746 loci
2866 1691 3097 1748 voluerit
3119 1693 3300 1748 divina
3322 1695 3500 1765 pietas
3523 1713 3700 1770 auge-

2021 1776 2068 1834 B
2097 1779 2165 1846 ri,
2190 1781 2257 1834 ad
2304 1781 2814 1851 causasjudiciario
2860 1799 3011 1840 more
3059 1785 3356 1840 audiendas
3407 1788 3494 1842 vel
3537 1787 3698 1844 freda

2095 1871 2382 1942 exigenda,
2419 1881 2512 1926 aut
2556 1873 2864 1928 mansiones
2887 1873 2972 1929 vel
3010 1885 3228 1944 paratas
3262 1875 3538 1932 faciendas
3601 1891 3698 1933 aut

2093 1959 2336 2017 foderum
2384 1964 2732 2034 exigendum,
2765 1972 2859 2019 aut
2888 1964 3232 2035 fidejussores
3267 1965 3558 2033 tollendos,
3601 1979 3698 2024 aut

2094 2055 2340 2111 homines
2367 2056 2536 2128 ipsius
2571 2059 2886 2113 monasterii
2952 2067 3061 2112 tam
3118 2060 3378 2132 ingenuos
3421 2078 3598 2132 quam
3644 2073 3700 2118 et

2093 2161 2281 2202 servos
2304 2148 2722 2219 distringendos,
2755 2165 2856 2206 nec
2891 2150 3030 2205 ullas
3060 2151 3451 2207 redhibitiones
3499 2164 3600 2207 aut
3627 2155 3699 2207 il-

2093 2240 2269 2294 licitas
2293 2241 2609 2296 occasiones
2645 2243 3002 2313 requirendas
3031 2242 3140 2299 ullo
3170 2259 3407 2314 unquam
3439 2253 3700 2315 tempore

2092 2329 2301 2402 ingredi
2329 2331 2547 2396 audeat,
2588 2331 2674 2386 vel
2701 2347 2767 2387 ea
2815 2347 2936 2402 qua:
2993 2349 3156 2404 supra
3203 2346 3507 2391 memorata
3561 2349 3701 2394 sunt

2091 2419 2308 2486 penitus
2350 2426 2602 2475 exactare
2645 2430 2940 2491 prmsumat
2987 2424 3126 2478 :sed
3175 2423 3336 2478 liceat
3382 2438 3703 2482 memorato

2093 2508 2275 2564 abbati
2303 2510 2523 2580 suisque
2553 2513 2962 2568 successoribus
2989 2514 3073 2568 vel
3086 2515 3330 2583 praedicti
3347 2521 3696 2582 monasterii,

2092 2600 2234 2655 sicut
2260 2602 2315 2655 in
2345 2611 2618 2672 praecepto
2639 2604 2823 2659 domni
2858 2615 2914 2661 et
2941 2607 3201 2676 genitoris
3223 2610 3395 2663 nostri
3430 2612 3697 2667 contine-

2094 2701 2200 2758 tur,
2229 2707 2350 2747 cum
2379 2707 2570 2749 omnes
2593 2693 2776 2752 fredos
2813 2705 2869 2752 et
2896 2698 3101 2754 bannos
3133 2699 3234 2756 sibi
3263 2716 3553 2758 concessus
3593 2705 3702 2761 sub

2092 2785 2449 2841 immunitatis
2478 2796 2680 2842 nostra:
2707 2787 3020 2844 defensione
3051 2792 3238 2860 quieto
3266 2794 3458 2849 ordine
3507 2798 3702 2864 possi-

2091 2876 2220 2929 dere
2259 2894 2270 2928 :
2303 2885 2572 2946 quatenus
2599 2878 2744 2947 ipsos
2791 2895 2977 2936 servos
3025 2882 3142 2948 Dei,
3171 2883 3264 2952 qui
3321 2883 3521 2940 ibidem
3576 2886 3697 2942 Deo

2093 2963 2444 3031 famulantur,
2483 2982 2582 3036 pro
2603 2969 2758 3024 nobis
2804 2985 2869 3025 ac
2926 2971 3078 3041 prole
3127 2982 3337 3040 nostra,
3376 2977 3463 3030 vel
3517 2979 3696 3034 etiam

2093 3070 2190 3124 pro
2215 3056 2510 3112 stabilitate
2530 3058 2695 3114 totius
2726 3059 2939 3130 imperii
2971 3062 3142 3115 nostri
3169 3077 3198 3115 a
3239 3062 3354 3117 Deo
3378 3065 3534 3120 nobis
3561 3082 3698 3122 coo-

2091 3146 2228 3200 cessi
2261 3154 2426 3217 atque
2455 3149 2810 3205 conservandi
2851 3150 3055 3222 jugiter
3089 3151 3303 3208 Domini
3366 3156 3689 3213 misericor—

2093 3237 2234 3292 diam
2267 3253 2495 3293 exorare
2529 3238 2777 3294 delectet.
2802 3240 2869 3295 Et
2898 3250 2957 3297 ut
2979 3243 3093 3298 haec
3119 3245 3422 3300 auctoritas
3477 3251 3694 3303 nostris

2093 3329 2399 3400 futurisque
2423 3331 2757 3402 temporibus
2784 3333 3013 3390 Domino
3034 3343 3351 3406 protegente
3372 3337 3556 3393 valeat
3603 3341 3692 3395 inc

2092 3423 2349 3478 convulsa
2391 3437 2730 3492 permanere,
2777 3439 2943 3480 manu
2997 3428 3214 3496 propria
3267 3428 3457 3483 subter
3501 3429 3698 3485 ﬁrma-

2091 3513 2268 3568 vimus
2289 3520 2344 3568 et
2374 3513 2556 3569 annuli
2586 3517 2758 3570 nostri
2782 3517 3139 3586 impressione
3169 3519 3370 3588 signari
3389 3518 3690 3587 jussimus.

2164 3601 2386 3672 Signum
2417 3603 2674 3661 Ludovici
2713 3607 3050 3662 serenissimi
3085 3608 3451 3678 imperatoris.

2163 3691 2543 3749 Ilirminmaris
2566 3696 2810 3751 notarius
2860 3697 2926 3750 ad
2959 3697 3134 3751 vicem
3187 3697 3421 3768 Hugonis
3457 3699 3696 3755 abbatis

2091 3788 2374 3854 recognovi
2404 3794 2457 3840 et
2484 3788 2796 3857 subscripsi.

2161 3877 2296 3932 Data
2318 3879 2394 3933 Id.
2421 3878 2669 3950 Augusti,
2707 3895 2850 3936 anno
2873 3882 2935 3936 2|
2977 3883 3189 3953 imperii
3214 3884 3398 3938 domui
3418 3881 3696 3938 Ludovici

2089 3968 2318 4038 piissimi
2346 3970 2594 4039 Augusti,
2633 3971 2930 4029 indictione
2976 3973 3061 4026 l0.
3107 3974 3303 4028 Actum
3351 3973 3697 4042 Aquisgrani

2088 4061 2292 4131 palatio
2315 4062 2462 4131 regio
2483 4061 2536 4114 in
2561 4060 2656 4116 Dei
2688 4063 2906 4118 nomine
2943 4063 3191 4118 feliciter.
3236 4063 3428 4118 Amen.

2801 4154 2972 4209 CCIII.

2488 4263 2590 4303 rno
2616 4263 2867 4304 C(ENOBIO
2898 4256 3260 4304 rLonucsxSI.

2712 4341 2889 4412 (Anno
2922 4341 3072 4409 855.)

2413 4431 2588 4502 [Apud
2617 4431 2682 4484 D.
2720 4433 3006 4501 Bouquet.,
3049 4447 3175 4503 pag.
3205 4432 3354 4504 604.]

415 4525 486 4579 lia
533 4523 774 4592 ejusdem
802 4521 1114 4576 monasterii
1140 4519 1300 4574 nullis
1325 4518 1652 4588 quibuslibet
1679 4517 1989 4572 hominibus
2016 4487 2066 4544 υ
2164 4523 2217 4575 ln
2245 4487 2462 4578 nomine
2483 4487 2704 4578 'Domini
2755 4487 2871 4578 Dei.
2906 4531 2959 4578 et
3001 4487 3300 4579 salvatoris
3336 4487 3511 4581 nostri
3554 4528 3700 4583 Jesn

416 4618 662 4672 foderum
700 4615 885 4678 daret,
935 4611 1201 4682 imperiali
1241 4610 1566 4666 auctoritate
1611 4609 1950 4662 decrevimus
1973 4648 1987 4673 ,

417 4718 605 4778 petens
632 4716 693 4761 ut
716 4706 962 4761 eamdem
989 4713 1229 4758 nostram
1251 4703 1632 4757 auctoritateex
1655 4715 1757 4756 suo
1779 4713 1991 4769 quoque

414 4796 637 4850 [noniiue
663 4794 910 4848 renovari
935 4791 1273 4862 juberemus.
1304 4790 1415 4845 Nos
1438 4791 1618 4858 itaque
1657 4789 1726 4844 oh
1747 4802 1990 4844 amorem

419 4889 658 4942 divinum
686 4895 742 4942 et
776 4885 1133 4941 reverentiam
1162 4892 1324 4953 atque
1370 4883 1631 4937 honorem
1678 4879 1990 4936 eorumdem

417 4986 754 5039 sanctorum,
785 4989 996 5029 necnon
1030 4981 1085 5028 et
1121 4973 1474 5028 moniliorum
1514 4971 1757 5041 ejusdem
1807 4970 1994 5024 fratris

419 5065 615 5129 nostri,
639 5071 990 5120 memoratam
1014 5063 1393 5118 auctoritatem
1422 5071 1662 5117 nostram
1679 5061 1826 5116 circa
1841 5075 1990 5115 eum-

421 5157 542 5211 dem
575 5156 752 5211 locum
779 5161 1128 5222 rectoresque
1154 5167 1253 5222 per
1307 5160 1549 5221 tempora
1605 5149 1842 5204 labentia
1887 5148 1992 5202 sibi

420 5246 772 5302 succedentes
823 5243 1071 5298 renovari
1119 5241 1465 5304 censuimus,
1514 5249 1571 5293 et
1611 5253 1678 5292 ea
1720 5253 1840 5307 qua:
1884 5236 1994 5291 illic

421 5339 638 5393 decreta
661 5335 898 5399 fuerunt,
911 5348 1118 5404 praesen
1127 5332 1164 5386 ti
1185 5332 1348 5388 etiam
1371 5331 1698 5386 auctoritate
1711 5329 1842 5382 robo
1851 5342 1990 5381 rare.

421 5426 653 5480 Proinde
682 5426 782 5480 hos
807 5434 1018 5480 nostros
1049 5423 1354 5494 imperiales
1378 5423 1559 5493 apices
1580 5420 1697 5477 ﬁeri
1711 5419 1994 5488 jussimus,

423 5535 516 5586 per
555 5532 691 5585 quos
733 5531 1076 5572 successores
1111 5525 1326 5570 nostros
1365 5516 1719 5568 admonemus
1767 5520 1829 5564 ut
1859 5511 2001 5564 sicut

497 5655 521 5678 ει
546 5641 952 5714 _Repropitiante
1005 5647 1208 5712 gratia,
1265 5646 1404 5714 apud
1455 5644 1820 5699 Mabillonium
1856 5685 1870 5707 ,
1907 5646 1998 5714 qui

430 5710 557 5765 illud
584 5710 1090 5778 praeceptumedi—dit
1115 5715 1207 5768 lib.
1245 5710 1391 5769 vrde
1413 5714 1490 5769 Re
1521 5715 1765 5785 diplom.,
1794 5731 1845 5785 p.
1873 5710 1995 5770 592.

2091 4614 2314 4679 Christi,
2365 4613 2689 4681 Ludovicus,
2715 4616 2893 4671 divina
2937 4617 3264 4686 propitiante
3309 4617 3610 4674 clementia
3642 4633 3696 4683 ι.

2094 4707 2388 4775 imperator
2426 4707 2720 4778 Augustus.

2165 4795 2299 4850 Cum
2350 4797 2704 4866 petitionibus
2756 4811 3035 4853 servorum
3087 4798 3203 4864 Dei,
3255 4815 3392 4870 quas
3455 4803 3695 4856 auribus

2095 4884 2395 4940 clementia:
2437 4893 2660 4950 nostrae,
2691 4886 3048 4955 compellente
3073 4899 3166 4941 eos
3214 4887 3458 4957 qualibet
3497 4905 3701 4945 neces-

2099 4977 2280 5040 sitate,
2353 4976 2625 5032 insinuare
2680 4977 3040 5042 studuerunt,
3097 4975 3335 5032 favorem
3381 4978 3702 5048 imperialis

2099 5066 2427 5122 excellentiae
2448 5066 2566 5136 ejus
2593 5082 2802 5133 amore,
2842 5067 2996 5136 cujus
3039 5067 3242 5122 militiae
3262 5067 3476 5138 jugiter
3503 5071 3700 5125 deser-

2098 5157 2214 5211 vire
2243 5166 2557 5224 noscuntur,
2583 5158 2994 5213 accommodare
3011 5173 3263 5213 curamus
3280 5175 3308 5221 ;~
3329 5158 3478 5213 illius
3497 5163 3702 5228 procul

2101 5244 2263 5299 dubio
2328 5241 2755 5298 misericordiam
2816 5243 3092 5297 conciliari
3159 5242 3478 5307 credimus,
3529 5245 3708 5312 cuius

2101 5333 2305 5388 honore
2337 5341 2391 5387 et
2425 5347 2608 5388 amore
2637 5333 2689 5386 id
2720 5331 3012 5388 ellicaciter
3050 5334 3478 5410 ἔμποροι-ωας.
3513 5333 3712 5404 Igitur

2099 5432 2284 5482 notum
2329 5438 2448 5478 esse
2480 5421 2728 5476 volumus
2777 5423 3030 5477 omnibus
3070 5422 3317 5478 fidelibus
3342 5431 3550 5478 saneta!
3599 5423 3713 5480 Dei

2099 5515 2355 5570 Ecclesiae
2381 5515 2688 5583 nostrisque
2705 5555 2719 5579 ,
2745 5513 3103 5584 praesentibus
3129 5514 3340 5586 scilicet
3360 5522 3416 5568 et
3464 5512 3712 5582 fumi-is,

2175 5649 2202 5688 δ
2234 5647 2386 5718 Apud
2415 5649 2685 5712 eumdem,
2710 5648 2762 5698 id
2795 5648 3018 5715 efﬁcere.
