4048 6182
332 340 549 399 1265’

1455 326 1847 385 οιριοΜΑτΑ
1885 322 2436 381 ECCLESIASTICA.

3444 318 3579 374 {253

326 451 558 524 qualiter
579 448 714 503 Boso
740 444 1064 501 venerabilis
1090 443 1259 498 abbas
1278 456 1344 497 ex
1373 440 1703 496 monasterio
1729 426 1901 494 sancti
1928 437 1977 497 Α
2007 449 2146 500 rum,
2176 442 2286 491 tam
2314 434 2661 505 praesentium
2681 448 2843 504 quam
2864 441 2920 488 et
2939 432 3268 498 futurorum,
3289 431 3578 495 industria,

326 540 619 605 Benedicti,
670 534 814 607 quod
863 544 948 590 est
990 539 1362 590 constructum
1388 533 1444 587 in
1471 545 1609 602 pago
1651 528 1903 584 Aurelia-

324 645 511 697 nense,
534 644 640 684 una
660 644 782 685 cum
802 625 1219 697 congregatione
1243 623 1347 678 sibi
1368 623 1675 687 commissa,
1705 627 1905 676 nostra;

324 716 556 772 innotuit
599 711 907 770 celsitudini
932 725 999 766 eo
1022 710 1165 779 quod
1188 723 1323 763 avus
1366 717 1553 762 noster
1591 708 1748 761 bonae
1790 721 1905 759 me-

323 802 510 861 moriae
530 804 791 873 Pippinus
818 816 916 857 rex
952 802 1020 856 de
1047 799 1220 854 salute
1259 798 1454 853 animae
1476 812 1588 852 sua:
1630 812 1694 852 ac
1722 796 1905 851 fratris

322 896 404 951 sui
430 890 812 951 Carolomanni
842 890 1111 961 cogitans,
1140 888 1285 944 etde
1309 886 1590 942 abolendis
1615 885 1902 941 amborum

322 983 584 1053 peccatis,
613 983 893 1050 beataeque
920 986 975 1032 et
1021 986 1296 1048 perpetuae
1341 976 1466 1031 vita:
1494 975 1731 1045 praemiis
1774 988 1905 1029 eon-

322 1068 948 1143 sequendis,quamda'm
971 1068 1154 1122 villam
1190 1068 1331 1138 juris
1383 1066 1490 1131 sui,
1534 1081 1656 1136 qua:
1704 1064 1905 1119 dicitur

322 1166 663 1234 Suncampus
694 1175 744 1227 ι,
790 1177 913 1216 cum
944 1159 1280 1230 appendiciis
1304 1165 1362 1212 et
1397 1156 1538 1211 villis
1563 1170 1628 1211 ac
1654 1154 1903 1210 terminis

323 1257 395 1311 ad
422 1270 481 1312 se
501 1252 920 1326 pertinentibus,
944 1257 1247 1305 memorato
1276 1247 1610 1303 monasterio
1638 1245 1698 1300 S.
1725 1244 1902 1300 Bene-

2005 527 2152 596 quod
2230 526 2582 582 Marcuardus
2664 522 2991 579 venerabilis
3040 520 3209 577 abbas
3262 522 3581 578 monasterii
3644 560 3669 585 .

2004 616 2161 686 cujus
2212 616 2533 672 vocabulum
2576 622 2661 670 est
2710 614 2929 670 Prumia
2988 612 3224 667 innotuit
3273 612 3582 669 eelsitudini

2004 715 2203 762 nostra
2240 722 2305 762 eo
2353 707 2496 777 quod
2534 722 2655 762 eum
2691 705 3013 775 quibusdam
3071 703 3381 759 hominibus
3408 741 3423 766 ,
3486 706 3581 773 qui

2002 797 2332 854 ﬂeherarius
2356 806 2410 852 et
2437 798 2747 853 Hebrardus
2783 796 3155 860 nominantur,
3192 794 3452 864 quasdam
3492 810 3581 848 res

2003 895 2061 943 et
2100 887 2367 956 mancipia
2404 902 2501 957 pro
2539 886 2819 942 ambarum
2846 886 3082 956 partium
3112 884 3583 939 commoditatibus

2003 987 2414 1035 eommutasset.
2452 978 2614 1035 Dedit
2642 978 2808 1050 igitur
2841 985 3029 1033 nostra
3057 976 3417 1047 permissione
3440 990 3581 1047 pra:-

2003 1070 2148 1129 fatns
2176 1070 2500 1127 venerabilis
2525 1070 2876 1126 Marcuardus
2912 1069 3079 1125 abbas
3125 1084 3193 1124 ex
3228 1067 3391 1122 rebus
3444 1081 3583 1136 pne-

2003 1163 2271 1219 nominati
2310 1162 2625 1217 monasterii
2656 1162 2708 1215 in
2738 1157 2876 1232 pago
2902 1159 3279 1230 Andegavinse
3306 1168 3361 1213 et
3387 1157 3581 1213 Rothi-

2001 1273 2193 1325 nense,
2211 1258 2264 1313 in
2278 1258 2414 1313 locis
2433 1257 2524 1326 qui
2552 1257 2805 1312 dicuntur
2824 1253 3226 1318 Hulmontillus,
3247 1251 3579 1317 Carmarias,

322 1348 452 1403 dicti
498 1361 598 1417 per
645 1342 988 1399 auctoritatis
1026 1356 1136 1395 suae
1188 1349 1516 1411 prmeeptum
1557 1336 1897 1408 delegasset:

2005 1351 2205 1407 Boscus
2258 1360 2313 1406 et
2355 1350 2524 1404 Tillus
2559 1345 2799 1418 praefatis
2852 1344 3149 1401 Heberario
3196 1352 3250 1398 et
3300 1341 3583 1399 Hebrardo

321 1452 493 1508 eoque
524 1446 651 1491 tunc
669 1434 852 1490 divina
870 1432 1154 1488 vocatione
1174 1431 1337 1487 rebus
1358 1428 1608 1485 humanis
1628 1435 1900 1498 exempto,
2003 1442 2070 1498 ad
2096 1442 2371 1514 proprium
2393 1436 2779 1510 ρθφθιυμιίιει.
2799 1436 3124 1500 habendum,
3140 1442 3583 1506 qualumnque

322 1528 540 1598 quidam
571 1524 974 1596 vasalluseius.
1032 1522 1250 1578 nomine
1276 1520 1599 1584 Gislearius.
1649 1519 1743 1588 qui
1794 1532 1905 1572 me-
2005 1534 2137 1591 inibi
2190 1535 2257 1589 de
2297 1532 2421 1604 jure
2494 1529 2737 1599 ejusdem
2798 1526 3114 1584 monasterii
3173 1525 3457 1581 habeatur.
3516 1522 3580 1577 Et

324 1627 586 1673 moratam
617 1616 797 1671 villam
848 1613 969 1684 jure
993 1612 1343 1669 beneﬁciaria
1392 1612 1728 1682 possederat,
1758 1616 1902 1679 post-

2005 1642 2034 1682 e
2056 1636 2244 1682 contra
2278 1624 2332 1678 in
2381 1620 2820 1692 compensatione
2846 1617 3157 1674 earumdem
3200 1630 3382 1671 rerum
3429 1614 3580 1668 dede-

321 1727 484 1781 quam
531 1709 767 1781 legitima
816 1706 1038 1762 traditio
1079 1713 1243 1776 atque
1286 1705 1550 1760 vestitura
1594 1703 1660 1758 de
1710 1703 1902 1757 eadem

2005 1725 2133 1771 runt
2160 1729 2302 1785 saepe
2335 1713 2463 1770 dicti
2508 1710 2836 1767 Heherarius
2857 1717 2911 1763 et
2936 1706 3104 1762 frater
3124 1721 3252 1761 suus
3274 1702 3583 1759 Hebrardus

323 1775 468 1866 villa,
497 1775 619 1857 cum
647 1799 899 1855 omnibus
925 1799 993 1853 ad
1016 1811 1075 1852 se
1098 1775 1493 1866 pertinentibus
1516 1791 1602 1848 vel
1638 1791 1902 1862 aspicien-

2005 1809 2071 1862 de
2121 1775 2284 1860 rebus
2324 1802 2559 1875 propriis
2605 1808 2905 1856 memorato
2941 1795 3260 1852 Marcuardo
3288 1792 3582 1849 venerabili

323 1894 470 1947 ῑίδιιδ
497 1891 567 1945 δά
607 1895 819 1960 Partem
863 1894 989 1941 “me
1013 1884 1145 1940 ἀίοιί
1185 1882 1504 1939 mnum?“
1533 1880 1590 1937 3-
1623 1880 1904 1937 Benedic“
2003 1896 2185 1953 abbati
2220 1895 2287 1950 ad
2312 1902 2522 1966 partem
2552 1880 2695 1962 stupe
2732 1890 2861 1947 dicti
2898 1887 3221 1947 monasterii
3245 1885 3332 1941 sui
3359 1884 3416 1940 in
3442 1897 3583 1954 pago

321 1988 464 2040 facta
489 1986 685 2047 fuerat,
719 1981 983 2053 quasdam
1010 1979 1224 2034 villulas
1248 1978 1315 2032 ad
1344 1982 1700 2032 memoratam
1719 1973 1904 2028 villam

323 2076 649 2145 aspicientes
694 2071 780 2127 vel
816 2071 1170 2142 pertinentes,
1216 2080 1446 2138 quarum
1489 2063 1752 2120 vocabula
1779 2070 1904 2118 sunt

325 2162 728 2229 iiairulﬁ-villa,
768 2160 1118 2232 Sigini-villa,
1147 2155 1648 2222 Haderbaldi—villa,
1674 2154 1901 2210 Enveri-

323 2256 471 2321 villa,
517 2251 895 2309 Catonis-villa
926 2258 982 2306 et
1008 2246 1466 2305 Frondonis-villa
1503 2246 1555 2311 ι’,
1587 2246 1710 2316 jure
1737 2245 1901 2300 bene-

323 2345 529 2399 ticiario
554 2344 623 2397 ad
651 2340 958 2396 habendum
982 2345 1321 2407 usurpasset,
1352 2346 1515 2405 atque
1558 2335 1760 2403 injuste
1809 2349 1903 2390 oc-

319 2439 602 2504 cupasset:
622 2439 678 2486 et
696 2430 779 2485 sic
791 2428 1117 2500 procedente
1132 2434 1374 2495 tempore
1393 2425 1460 2480 de
1474 2425 1601 2495 jure
1622 2423 1901 2493 saepedicti

320 2521 635 2578 monasterii
656 2519 865 2590 elapsas
885 2531 1026 2573 esse.
1053 2516 1160 2572 Sed
1180 2531 1303 2571 cum
1325 2515 1395 2570 ad
1412 2516 1552 2569 hanc
1576 2527 1798 2569 causam
1822 2513 1902 2567 in-

322 2614 690 2685 vestigandam
715 2612 983 2680 nobisque
1001 2608 1419 2665 renuntiandam
1437 2608 1634 2663 missos
1662 2612 1898 2670 nostros,

320 2706 512 2761 Jonam
552 2702 802 2759 videlicet
830 2700 1196 2758 venerabilem
1222 2699 1664 2754 Aurelianensem
1693 2696 1902 2766 episco-

322 2812 473 2865 pum,
498 2803 554 2850 et
574 2793 852 2865 llugonem
877 2792 1138 2847 illustrem
1167 2790 1423 2847 comitem
1456 2789 1898 2852 destinassemus,

321 2897 377 2943 et
406 2900 515 2944 tam
541 2901 608 2942 ex
653 2902 840 2943 eorum
886 2885 1150 2939 relatione
1192 2898 1357 2953 quam
1398 2890 1453 2937 et
1499 2897 1565 2936 ex
1611 2879 1898 2935 memorati

321 2982 406 3035 avi
435 2980 605 3036 nostri
634 2980 887 3051 praecepti
916 2977 1146 3033 lectione
1182 2976 1303 3032 luce
1334 2975 1537 3030 clarius
1579 2974 1736 3030 nobis
1756 2981 1902 3044 pate-

323 3072 497 3137 ﬁeret,
519 3078 846 3126 memoratas
871 3070 1027 3125 villas
1041 3069 1107 3124 de
1125 3068 1247 3137 jure
1267 3083 1409 3137 smpe
1430 3066 1559 3123 dicti
1587 3066 1900 3121 monasterii

322 3160 520 3229 injuste
542 3161 845 3217 abstractas
877 3159 1042 3215 fuisse
1068 3177 1082 3213 :
1112 3158 1316 3229 placuit
1341 3157 1497 3212 nobis
1542 3170 1641 3227 pro
1667 3154 1904 3211 remedio

322 3254 516 3308 anima:
547 3261 868 3307 nostrae-eas
893 3267 1015 3307 cum
1043 3249 1294 3307 omnibus
1342 3250 1502 3304 rebus
1535 3248 1602 3303 ad
1627 3262 1687 3302 se
1734 3247 1903 3318 perti-

2005 1986 2279 2041 Nauvinse
2303 2024 2319 2050 ,
2343 1985 2415 2038 ‘in
2445 1983 2572 2038 villa
2606 1997 2730 2052 qua:
2763 1980 2966 2037 dicitur
3009 1975 3385 2041 Roccesbeim,
3413 1974 3583 2046 quani

2007 2086 2336 2148 tumcunqne
2381 2076 2436 2130 in
2491 2075 2683 2130 eadem
2727 2072 2857 2128 villa
2896 2071 2982 2127 vel
3016 2070 3186 2139 ipsius
3210 2068 3353 2125 villa:
3397 2065 3583 2122 marita

1998 2168 2120 2238 jure
2148 2166 2510 2238 preprietario
2532 2163 2888 2236 possidebant
2910 2203 2925 2229 ,
2953 2163 3007 2218 id
3032 2170 3116 2218 est
3142 2160 3389 2219 curtilem
3404 2158 3585 2225 ,(1οωί-

2003 2260 2245 2315 nicatum
2274 2274 2398 2315 cum
2426 2257 2669 2313 aediﬁciis
2696 2258 2928 2326 desuper
2957 2254 3168 2325 positis,
3194 2254 3482 2309 habentem
3517 2252 3584 2309 de

2004 2357 2148 2404 terra
2200 2348 2438 2403 aratoria
2470 2347 2802 2401 dominicata
2839 2345 3087 2415 jornales
3134 2361 3317 2400 Luxu
3360 2354 3414 2399 et
3460 2358 3584 2413 βυο-

2002 2437 2227 2507 prisosd
2252 2453 2304 2492 vr
2329 2476 2345 2501 ,
2386 2437 2442 2491 in
2487 2435 2684 2504 quibus
2731 2443 2857 2490 sunt
2886 2434 3126 2505 jornales
3167 2448 3198 2488 c
3243 2440 3424 2498 etxx,
3455 2447 3581 2486 cum

2003 2528 2290 2599 mancipiis
2318 2526 2551 2597 desuper
2577 2525 3047 2582 commauentibus
3067 2564 3082 2589 ,
3113 2538 3345 2594 quorum
3389 2537 3579 2579 nume-

2004 2635 2099 2675 rus
2133 2627 2190 2675 et
2245 2618 2465 2674 nomina
2510 2617 2565 2672 in
2616 2614 3133 2672 commutationibus
3181 2613 3250 2669 ab
3294 2612 3581 2669 eis~factis

2003 2709 2236 2780 pleniter
2255 2709 2624 2766 continentur.
2651 2707 2933 2763 Dederunt
2951 2706 3115 2761 etiam
3131 2705 3185 2760 in
3201 2704 3327 2760 villa
3350 2712 3580 2760 vocante

2005 2802 2470 2857 Husﬁleidesbeim
2503 2799 2751 2856 curtilem
2776 2815 2943 2854 unum
2968 2838 2984 2864 ,
3017 2798 3084 2853 ad
3121 2811 3281 2868 quem
3313 2797 3585 2866 aspiciunt

2004 2891 2070 2946 de
2121 2899 2264 2946 terra
2316 2891 2559 2945 aratoria
2601 2887 2847 2959 jornales
2894 2904 3053 2955 tvm,
3108 2889 3173 2943 de
3202 2896 3360 2958 prato
3391 2888 3449 2945 in
3475 2900 3587 2955 quo

2002 2980 2328 3052 colliguntur
2372 2980 2481 3035 feni
2517 2981 2757 3036 carradae
2808 2990 2946 3044 tres,
2977 2986 3034 3034 et
3071 2978 3138 3033 de
3180 2977 3427 3049 porprisa
3448 2977 3584 3032 silva

1998 3071 2242 3141 jornales
2267 3080 2411 3137 octo,
2441 3080 2497 3126 et
2524 3071 2685 3127 aliam
2711 3084 3053 3127 communem
3102 3070 3291 3126 silvam
3313 3083 3427 3126 non
3463 3083 3586 3139 pro—

2007 3163 2232 3233 prisam.
2265 3161 2532 3219 Similiter
2558 3164 2723 3219 etiam
2764 3172 2822 3218 et
2859 3163 2915 3218 in
2958 3178 3098 3235 pago
3131 3163 3506 3220 Wermaeinse
3530 3163 3585 3217 in

2007 3253 2134 3310 villa
2182 3261 2411 3310 vocante
2455 3253 2980 3310 Haskmundesheim
3037 3254 3291 3311 eurtilem
3327 3269 3495 3310 unum
3531 3260 3587 3309 et

323 3345 576 3399 nentibus
595 3344 770 3399 eidem
800 3343 1026 3399 reddere
1054 3341 1406 3398 monasterio.
1460 3340 1529 3395 Et
1567 3348 1627 3394 ut
1654 3340 1771 3395 haec
1810 3355 1913 3393 aui
1999 3343 2243 3413 jornales
2289 3344 2557 3400 xxvm‘de
2582 3344 2757 3400 vineis
2782 3344 2837 3399 in
2866 3344 3065 3413 quibus
3106 3344 3432 3416 colliguntur
3469 3343 3584 3399 vini

322 3434 550 3489 ctoritas
574 3433 881 3489 donationis
913 3441 1114 3489 nostra:
1149 3433 1360 3488 ﬁrmior
1381 3430 1665 3494 habeatur,
1707 3439 1763 3485 et
1807 3444 1906 3499 per

324 3525 501 3581 futura
526 3533 769 3596 tempora
789 3526 983 3582 melius
1003 3532 1381 3587 conservetur,
1400 3523 1466 3578 de
1505 3521 1704 3577 annulo
1721 3528 1905 3575 nostro

320 3617 506 3672 subter
530 3631 649 3672 eam
671 3617 933 3688 jussimus
965 3615 1223 3684 sigillare.

391 3707 504 3780 Ego
523 3706 904 3762 Hirminmaris
928 3703 1173 3758 notarius
1198 3702 1266 3755 ad
1286 3701 1457 3754 vicem
1484 3698 1724 3768 llugonis
1752 3711 1906 3751 reco-

321 3800 481 3871 gnovi
508 3808 562 3854 et
583 3797 901 3867 subscripsi.
968 3872 975 3873 ί
1767 3863 1778 3873 .

394 3890 528 3943 Data
543 3903 582 3940 ιι
599 3885 779 3941 Nonas
790 3872 1076 3941 Januarias
1091 3896 1140 3948 ε,
1156 3899 1320 3949 anno,
1335 3882 1553 3939 Christo
1566 3872 1822 3953 propitio,
1836 3880 1908 3935 22

325 3978 535 4047 imperii
561 3976 743 4032 domui
774 3976 1032 4031 Ludovici
1058 3976 1288 4048 piissimi
1318 3976 1568 4047 Augusti,
1612 3974 1905 4029 indictione

326 4070 412 4123 l5.
459 4070 657 4133 Actum
691 4068 1001 4125 Theodonis
1021 4067 1147 4122 villa
1173 4068 1379 4139 palatio
1427 4066 1655 4138 regio‘in
1687 4065 1781 4120 Dei
1807 4079 1905 4119 no-

326 4157 471 4212 mine
500 4155 750 4212 feliciter.
776 4155 967 4211 Amen.
1064 4162 1073 4167 ’

1016 4223 1173 4281 CCIV

698 4312 799 4353 ιιιο
832 4309 1170 4351 ΙοκΑδτι-ῑκιο
1209 4308 1493 4350 PRUIIENSI
1502 4333 1515 4347 .

937 4373 1109 4444 (Anno
1138 4372 1288 4445 835.)

2005 3435 2250 3491 carradaa
2284 3443 2417 3501 tres,
2447 3442 2503 3490 et
2538 3436 2594 3490 in
2624 3435 2980 3492 Dionenbeim
3014 3446 3070 3495 et
3102 3436 3491 3492 Rodulﬁsheim
3520 3438 3587 3491 de

2006 3525 2183 3582 vineis
2208 3527 2275 3582 ad
2314 3527 2427 3581 vini
2462 3527 2722 3583 carradas
2758 3528 2895 3582 duas
2925 3527 3271 3598 colligendas.
3298 3527 3367 3581 Et
3399 3528 3454 3581 in
3485 3527 3581 3581 Bu-

2009 3617 2250 3671 tenbeim
2270 3616 2507 3671 curtilet
2533 3624 2592 3671 et
2609 3618 2676 3673 de
2703 3618 2861 3671 vinea
2886 3617 2956 3672 ad
2976 3632 3139 3671 unam
3165 3619 3449 3673 earradam
3472 3619 3585 3671 vini

2005 3704 2384 3774 colligendam.
2416 3704 2545 3758 Haec
2572 3713 2755 3759 autem
2803 3704 3053 3774 superius
3091 3705 3433 3760 denominata
3459 3721 3585 3760 cum

2008 3792 2314 3860 mancipiis,
2345 3792 2535 3862 pratis,
2565 3792 2733 3857 silvis,
2777 3793 3011 3863 pascuis,
3059 3794 3216 3862 aquis
3251 3808 3586 3865 aquarumve

2006 3882 2325 3939 decursibus
2344 3922 2360 3948 ,
2395 3883 2537 3938 sicut
2566 3883 2623 3938 in
2646 3884 3166 3941 commutationibus
3210 3886 3280 3941 ab
3306 3884 3389 3941 eis
3424 3884 3585 3940 factis

2005 3974 2316 4030 continetur
2339 3982 2511 4029 totum
2546 3982 2605 4029 et
2642 3975 2711 4030 ad
2740 3976 3008 4046 integrum
3038 4015 3052 4041 ,
3083 3976 3366 4046 quaesitum
3408 3983 3464 4030 et
3513 3976 3583 4030 ad

2008 4063 2409 4134 inquirendum,
2443 4063 2584 4119 sicut
2610 4065 2951 4134 praemissum
2981 4074 3068 4122 est
3087 4106 3102 4131 ,
3134 4065 3462 4137 praescriptis
3488 4066 3584 4122 ho-

2006 4152 2243 4208 minibus
2268 4152 2566 4209 Heben-ario
2592 4161 2647 4210 et
2666 4152 2944 4211 Hebrardo
2960 4156 3233 4211 antedicto
3262 4154 3581 4211 Mareuardo

2009 4244 2299 4299 venerabili
2348 4244 2531 4299 abbati
2568 4244 2638 4299 ad
2699 4254 2910 4316 partem
2973 4247 3211 4318 przedicti
3266 4247 3582 4303 monasterii

2010 4334 2381 4399 tradiderunt,
2436 4342 2497 4388 ut
2532 4335 2587 4389 in
2633 4335 2753 4405 ejus
2796 4336 2919 4405 jure
2980 4347 3240 4408 perpetuo
3297 4338 3579 4395 consistat.

331 4454 402 4509 De
434 4455 701 4509 concamio
733 4453 872 4524 quod
910 4428 1505 4528 feceruntiEberItarius
1539 4462 1589 4507 et
1623 4451 1902 4508 Marrnar-

2014 4428 2164 4484 Unde
2210 4435 2266 4482 et
2304 4428 2439 4482 duas
2486 4429 2935 4484 commutationes
2981 4445 3208 4500 quarum
3254 4430 3583 4487 mentionem

956 4523 1055 4577 dus
1083 4523 1262 4577 abbas.

387 4611 560 4687 [Apud
591 4610 845 4664 Martem
885 4608 1048 4679 ampl.
1084 4606 1327 4674 ϐοηθοίη
1360 4616 1491 4664 tom.
1521 4608 1562 4672 l,
1585 4608 1692 4665 col.
1727 4608 1843 4681 94.]

397 4702 455 4755 in
488 4700 706 4755 nomine
754 4699 967 4753 Domini
1007 4698 1101 4753 Dei
1138 4706 1195 4754 et
1229 4698 1533 4754 Salvatoris
1566 4700 1740 4755 nostri
1777 4699 1905 4757 Jesu

324 4790 549 4855 Christi,
598 4774 923 4855 Ludovicus,
959 4788 1139 4844 divina
1176 4788 1561 4860 repropitiante
1598 4788 1899 4857 clementia,

328 4882 621 4951 imperator
641 4878 933 4950 Augustus.

398 4971 459 5026 Si
484 4985 604 5040 quae
631 4969 818 5026 ﬁdeles
846 4970 1057 5040 imperii
1087 4971 1257 5026 nostri
1289 4986 1387 5042 pro
1421 4986 1607 5027 eorum
1646 4980 1905 5042 opportu-

330 5062 589 5118 nitatibus
613 5062 756 5117 inter
785 5078 845 5117 se
871 5070 1354 5130 commntaverunt,
1386 5065 1585 5120 nostris
1610 5066 1902 5121 conﬁrma-

332 5168 451 5209 mus
477 5153 690 5219 edietis,
726 5153 1061 5223 imperialem
1085 5170 1402 5211 exercemus
1428 5157 1904 5225 consuetudinem,

330 5245 504 5299 ethoc
532 5245 585 5298 in
607 5245 947 5313 postmodum
965 5243 1089 5314 jure
1109 5245 1760 5302 ﬁrmissimo'mansururn
1785 5261 1907 5303 esse

334 5336 596 5392 volumus.
624 5336 830 5393 Idcirco
869 5338 1080 5397 noverit
1127 5337 1366 5391 omnium
1419 5337 1654 5392 ﬁdelium
1686 5349 1901 5393 nostro-

404 5459 427 5518 ξι
455 5446 609 5518 Apud
633 5447 853 5511 M:tbill.,
886 5448 1210 5518 Saturninus,
1234 5447 1392 5518 vulgo
1414 5446 1744 5518 Souchamp.‘

405 5515 897 5586 b_.:\pudeumdem,
944 5515 1359 5586 Marrulﬁ-nilld,
1403 5515 1739 5586 Sigivi-rilla,
1792 5518 1901 5571 ffa-

226 5606 235 5611 ’
333 5582 737 5648 drebledi-rilla,
781 5582 1178 5648 Nmneri—vilhi,
1205 5582 1610 5640 Cat/tertisivilla
1653 5598 1700 5639 et
1728 5587 1902 5642 Fron—

332 5653 654 5723 donis-rilla,
688 5654 844 5723 vulgo
880 5654 1228 5720 Mairouvillc,
1275 5654 1547 5721 Sainrille,
1583 5657 1897 5723 Arbouvilie,

335 5722 636 5789 Evriurille,
666 5721 984 5779 Clmtonrillc
1019 5734 1065 5778 ct
1099 5724 1380 5778 Frourille.

2010 4519 2235 4574 fecimus
2256 4518 2373 4589 pari
2395 4525 2581 4575 tenore
2601 4519 2958 4590 conscriptas,
2987 4520 3343 4592 manibusque
3363 4535 3583 4577 suorum

2007 4617 2064 4664 et
2105 4608 2333 4663 aliorum
2375 4609 2641 4664 bonorum
2678 4608 2955 4664 hominum
2985 4610 3233 4666 manibus
3254 4612 3537 4666 roboratas
3564 4651 3579 4675 ,

2008 4699 2284 4755 obtutibus
2304 4701 2506 4756 nostris
2526 4700 2594 4755 ad
2614 4700 2958 4773 relegendum
2982 4702 3156 4757 allata:
3191 4711 3333 4765 sunt,
3359 4701 3453 4759 sed
3485 4718 3583 4773 pro

2006 4794 2215 4865 integra
2241 4791 2498 4848 ﬁrmitate
2522 4794 2793 4863 petierunt
2815 4795 3188 4850 celsitudinem
3216 4788 3494 4860 nostram,
3526 4805 3583 4851 ut

2004 4883 2223 4938 easdem
2255 4874 2708 4939 commutationes
2747 4884 2922 4939 denuo
2963 4898 3062 4954 per
3099 4894 3297 4941 nostra:
3333 4899 3581 4940 mansue-

2001 4972 2206 5027 tudinis
2251 4979 2578 5042 pmceptum
2630 4972 2840 5042 plenius
2880 4973 3202 5031 conﬁrmare
3239 4974 3577 5030 deberemus.

2004 5063 2244 5131 Quorum
2288 5063 2636 5132 petitionibus
2672 5077 2951 5120 assensum
2982 5064 3248 5136 denegare
3271 5064 3539 5121 noluimus
3563 5106 3580 5129 ,

2006 5155 2101 5209 sed
2146 5155 2285 5210 sicut
2328 5154 2621 5225 unicuique
2687 5154 2922 5212 fidelium
2978 5166 3283 5213 nostrorum
3337 5159 3484 5229 juste
3526 5167 3584 5215 et

2008 5244 2405 5299 rationabiliter
2446 5245 2743 5315 petentium
2770 5287 2784 5306 .
2830 5247 2902 5301 ita
2948 5263 3045 5305 nos
3091 5248 3199 5303 illis
3247 5250 3583 5307 contressisso

2009 5344 2174 5404 atque
2220 5336 2272 5388 in
2325 5336 2577 5390 omnibus
2613 5335 2964 5392 conﬁrmasse
3001 5340 3330 5409 cognoscite.
3384 5340 3580 5395 Przeci-

2082 5460 2102 5483 υ
2135 5448 2232 5501 llic
2277 5448 2486 5521 initium
2526 5448 2676 5519 regni
2701 5464 2731 5502 a
2777 5463 2957 5504 mense
2987 5449 3286 5521 Septembri
3318 5453 3442 5507 anni
3474 5452 3577 5509 8l3

2009 5519 2415 5571 ammrseudum.

2079 5587 2102 5625 ἀ
2137 5588 2417 5661 Proprisus
2459 5603 2552 5642 seu
2594 5589 2896 5661 porprisum
2935 5598 2991 5644 et
3020 5593 3322 5661 purprisum
3355 5602 3439 5650 est
3475 5609 3575 5648 vox

2012 5656 2302 5737 Teutonica
2336 5697 2352 5721 ,
2401 5674 2559 5725 qumn
2596 5656 2887 5716 Gol’dastus
2927 5656 3311 5733 interpretatur
3342 5665 3574 5725 int-usum

2011 5740 2103 5779 seu
2134 5728 2375 5782 violenter
2398 5738 2725 5799 occupatum.
