4006 6178
538 309 671 364 HS?

1664 307 1981 363 LUDOVICI
2021 309 2041 362 l
2075 307 2548 369 COGNOMENTO
2586 312 2669 369 PII

3676 307 3808 368 mea

535 427 747 498 pientes
767 439 900 495 ergo
918 421 1171 492 jubcmus
1197 430 1258 475 ut
1299 421 1562 493 quidquid
1598 436 1724 491 pars
1742 419 1888 490 juste
1931 430 1988 476 et
2031 437 2117 476 ra-
2144 425 2196 485 Α
2219 423 2418 479 bilihus
2451 423 2720 494 episcopis
2763 423 3083 478 conﬁrmato
3117 421 3472 478 constitutum
3515 436 3638 475 esse
3681 437 3803 476 con

463 561 472 568 .
538 514 871 572 tionabiliter
895 511 1049 566 alteri
1073 510 1364 566 contulerit
1393 511 1558 580 parti,
1584 511 1838 580 deinceps
1862 526 1959 582 per
1979 511 2122 566 hanc

535 613 779 660 nostram
817 601 1194 657 auctoritatem
1235 598 1360 668 jure
1405 599 1714 654 ﬁrmissimo
1741 609 1923 655 teneat
1959 607 2121 669 atque

532 694 852 764 possideat,
900 701 956 747 et
1001 689 1260 760 quidquid
1313 690 1507 746 exinde
1549 689 1731 746 facere
1778 692 2120 756 decreverit,

533 783 708 839 libero
719 784 772 838 in
783 782 1035 838 omnibus
1059 782 1299 851 potiatur
1322 781 1550 836 arbitrio
1579 780 1832 836 faciendi.
1850 783 1915 836 Et
1932 789 1990 836 ut
2009 783 2124 836 hinc

531 876 966 932 conﬁrmationis
1013 883 1214 930 nostra:
1247 875 1542 929 auctoritas
1583 873 1906 928 inviolabilis
1935 887 2121 943 perse-

531 977 704 1031 veret,
724 969 793 1022 de
812 966 1012 1021 annulo
1039 974 1225 1021 nostro
1239 966 1426 1020 subter
1447 980 1568 1019 eam
1586 964 1846 1034 jussimus
1861 963 2117 1035 sigillare.

606 1056 1008 1111 Hirminmarus
1057 1055 1301 1109 notarius
1342 1055 1411 1109 ad
1455 1054 1630 1110 vicem
1685 1052 1926 1124 Hugonis
1973 1067 2124 1108 reco-

532 1147 719 1219 guovi.

604 1239 736 1293 Data
769 1254 825 1293 tv
853 1237 980 1292 ldus
1007 1235 1365 1306 Septembris,
1413 1250 1579 1300 anno,
1625 1235 1842 1291 Christo
1866 1235 2120 1305 propitio,

536 1329 608 1383 22
661 1328 874 1398 imperii
924 1328 1106 1382 domni
1142 1325 1398 1380 Ludovici
1453 1325 1684 1394 piissimi
1734 1325 1984 1394 Augusti,
2042 1325 2126 1380 in-

539 1420 782 1476 dictione
814 1417 901 1474 15.
935 1418 1131 1474 Actum
1163 1417 1492 1498 monasterio
1517 1416 1770 1482 Prumize,
1799 1416 1855 1471 in
1886 1416 1980 1472 Dei
2029 1432 2126 1472 no—

540 1508 688 1563 mine
715 1507 968 1563 feliciter.
993 1506 1189 1562 Amen.

1249 1573 1403 1631 CCV.

571 1679 672 1721 PRO
700 1678 930 1721 Αιυιιιοο
970 1679 1252 1721 SENOXENSI
1289 1678 1700 1720 ARCHIEPISCOPO
1739 1679 1804 1718 Dl

1159 1749 1205 1790 8.
1230 1750 1432 1790 ΒΕΙῘΕΙΙ
1447 1775 1462 1791 ο

1849 1681 2077 1720 ABBATIA

1127 1815 1302 1894 (Anno
1333 1821 1482 1892 835.)

534 1909 633 1984 [Ex
676 1919 890 1975 schedis
936 1933 1067 1974 mss.
1107 1919 1446 1975 bibliothecze
1474 1919 1531 1973 S.
1580 1917 1891 1974 Germania
1919 1919 2116 1986 Pratis,

544 2005 549 2011 '
746 1991 885 2059 apud
912 1990 976 2043 D.
1000 1989 1294 2058 Bouquet.,
1316 1998 1446 2043 tom.
1473 1989 1563 2053 Vl,
1588 2004 1710 2058 pag.
1749 1990 1898 2062 605.]

598 2074 655 2132 lu
679 2077 898 2133 nomine
945 2078 1041 2133 Dei
1073 2086 1128 2133 et
1175 2077 1476 2132 Salvatoris
1520 2079 1692 2132 nostri
1719 2077 1848 2134 Jcsu
1888 2081 2110 2147 Christi,

528 2166 848 2234 Ludovicus,
877 2169 1056 2224 divina
1079 2170 1464 2241 repropitiaute
1493 2169 1800 2237 clementia,
1821 2173 2118 2242 imperator

527 2264 825 2333 Augustus.

599 2349 658 2405 Si
695 2352 840 2406 enim
882 2351 1024 2422 quod
1056 2354 1123 2407 ad
1153 2367 1434 2407 servorum
1462 2353 1556 2408 Dei
1598 2353 1837 2422 quietem
1865 2356 2106 2424 pertinet

527 2440 878 2496 devotissima
941 2439 1302 2498 sollicitudine
1354 2451 1411 2498 et
1454 2443 1719 2513 imperiali
1775 2447 2112 2515 providentia

525 2542 902 2601 procuramus,
930 2531 997 2586 ad
1023 2532 1443 2587 emolumentum
1471 2533 1664 2589 animai
1693 2545 1913 2602 nostra},
1937 2538 2020 2592 vel
2043 2540 2110 2594 ad

522 2615 785 2676 aeternam
812 2621 1199 2678 beatitudinem
1223 2625 1636 2694 capessendam,
1665 2626 1768 2682 hoc
1797 2630 1982 2697 procul
2013 2631 2111 2685 du-

524 2708 614 2766 bio
657 2713 932 2781 pertinere
975 2729 1083 2770 non
1127 2715 1455 2771 dubitamus.
1505 2717 1711 2775 Idcirco
1756 2729 1944 2775 notum
1992 2723 2109 2778 ﬁeri

525 2802 771 2858 volumus
799 2804 1050 2860 omnibus
1092 2813 1293 2860 sanctae
1321 2807 1414 2861 Dei
1443 2805 1698 2864 Ecclesia:
1729 2810 1976 2868 ﬁdelibus
2005 2827 2107 2869 no-

521 2896 777 2966 strisque,
800 2897 1156 2965 praesentibus
1176 2898 1385 2955 scilicet
1400 2908 1456 2956 et
1478 2901 1694 2966 futuris,
1717 2905 1844 2972 quia
1860 2904 2109 2964 Aldricus

522 2986 855 3042 venerabilis
900 2988 1183 3043 Senoniae
1227 2988 1380 3045 urbis
1431 2991 1869 3062 archiepiscopus
1911 3003 2108 3051 nostrze

519 3075 792 3179 suggessit
827 3078 1227 3180 mansuetudini
1255 3079 1321 3134 de
1349 3080 1582 3180 quodam
1627 3085 1956 3139 monasterio
1997 3101 2108 3140 me-
2130 3119 2176 3180 ρ

519 3167 726 3220 morati
769 3167 1032 3239 episcopii
1085 3169 1193 3234 sui,
1244 3170 1387 3238 quod
1428 3168 1587 3238 juxta
1634 3187 1820 3228 muros
1863 3173 2103 3242 ejusdem

521 3255 765 3311 civitatis
791 3257 844 3310 in
874 3259 1137 3313 honorem
1163 3258 1308 3313 beati
1347 3258 1572 3329 Remigii
1601 3261 1926 3318 confessoris
1951 3262 2106 3319 Chri-

521 3343 594 3400 sti
640 3345 877 3414 positum
926 3346 1123 3410 fuerat,
1173 3361 1239 3401 eo
1285 3347 1428 3416 quod
1476 3357 1698 3418 propter
1725 3351 2104 3420 impedimenta

521 3435 769 3502 quaedam
791 3450 912 3504 qua
933 3450 997 3489 ex
1022 3436 1420 3506 propinquitate
1447 3446 1611 3507 atque
1636 3440 1950 3498 assiduitate
1971 3457 2108 3512 pras-

521 3524 645 3578 fatae
667 3524 821 3578 urbis
861 3524 1112 3579 monachi
1149 3524 1260 3580 illic
1291 3525 1522 3581 Domino
1548 3525 1872 3584 famulantes
1895 3535 2104 3602 perpeti

518 3611 860 3676 videbantur,
889 3612 1004 3682 ipse
1029 3613 1082 3666 in
1115 3613 1346 3667 alterum
1375 3611 1576 3679 locum,
1613 3613 1765 3682 cujus
1787 3620 2104 3676 vocabulum

515 3709 604 3754 est
633 3699 922 3755 Valllculas
946 3700 1081 3772 [Al.,
1109 3701 1392 3774 Vallilias],
1420 3709 1615 3758 octavo
1643 3704 1856 3760 scilicet
1879 3708 1948 3763 ab
1970 3711 2104 3765 urbe

513 3789 703 3844 eadem
726 3789 994 3854 milliario,
1016 3805 1138 3846 eum
1157 3790 1348 3848 fecerit
1369 3794 1736 3848 transmutari.
1751 3793 1919 3861 Quem
1941 3798 2103 3854 etiam

517 3881 700 3936 locum
727 3879 1011 3936 llrottaum
1032 3883 1303 3951 quondam
1341 3883 1617 3954 Megiuarii
1651 3887 1862 3941 comitis
1881 3902 2102 3944 uxorem

518 3969 834 4040 supradicto
872 3971 1046 4026 sancti
1081 3971 1311 4042 Remigii
1341 3974 1697 4038 monasterio,
1723 3974 1794 4028 ob
1834 3989 1990 4032 suam
2023 3979 2104 4033 vi-

518 4059 678 4128 rique
708 4061 793 4115 sui
841 4061 1084 4132 requiem
1117 4069 1278 4131 atque
1326 4063 1645 4130 remedium,
1679 4064 1986 4122 donationis
2029 4069 2097 4122 ti-

515 4149 628 4204 tulo
655 4150 987 4222 delegavisse
1013 4160 1240 4208 testatus
1263 4161 1365 4208 est.
1411 4152 1518 4208 Sed
1548 4169 1617 4208 ne
1647 4155 1942 4224 quamlibet
1972 4173 2099 4214 con-

516 4244 858 4298 trarietatem
879 4252 974 4298 aut
1009 4245 1432 4313 inquietudinem
1456 4261 1485 4300 a
1508 4247 1830 4315 praesulibus
1849 4262 1946 4318 per
1969 4259 2099 4305 tent-

515 4347 648 4401 pora
682 4333 916 4387 labentia
945 4334 999 4388 in
1027 4335 1214 4389 eadem
1242 4336 1368 4390 sede
1410 4336 1514 4390 sibi
1541 4337 1958 4394 succedentibus
1980 4355 2092 4395 mo-

511 4421 697 4489 nachi,
726 4437 864 4492 quos
891 4438 923 4478 a
967 4433 1266 4480 memorato
1305 4425 1425 4481 loco
1452 4426 1837 4496 transmigrare
1866 4428 2090 4497 fecerat,
2117 4459 2170 4518 Ι)

509 4513 753 4584 quolibet
779 4523 1021 4586 tempore
1051 4517 1256 4587 perpeti
1285 4526 1626 4588 cogerentur,
1649 4519 1985 4590 privilegium
2011 4523 2091 4578 eis

511 4603 878 4659 ecclesiastica
925 4607 1266 4672 auctoritate,
1313 4607 1367 4661 in
1407 4608 1544 4662 urbe
1591 4607 1950 4679 Wangiouum
1983 4629 2088 4667 una

510 4708 635 4748 eum
653 4694 1054 4750 venerabilibus
1075 4695 1406 4766 coepiscopis
1424 4695 1672 4754 fidelibus
1691 4699 1896 4755 nostris
1918 4700 2092 4756 diver-

508 4799 692 4840 sarum
720 4786 1072 4842 ecclesiarum
1101 4788 1447 4853 constitutus,
1487 4803 1546 4842 se
1574 4785 1767 4842 fecisse
1809 4791 2088 4858 professus

509 4883 616 4941 est,
654 4875 796 4930 sicut
815 4878 980 4931 etiam
1003 4892 1068 4933 eo
1109 4885 1393 4948 perspecto
1422 4885 1585 4947 atque
1629 4879 1828 4935 relecto
1859 4881 2085 4937 manife—

508 4965 744 5022 stissime
767 4968 982 5023 claruit.
1012 4968 1070 5024 ln
1099 4984 1206 5039 quo
1229 4968 1538 5024 ﬁrmissime
1557 4984 1818 5025 consensu
1848 4972 2087 5028 omnium

507 5066 784 5122 sanxerat,
838 5067 897 5111 ut
945 5057 1122 5114 nullus
1165 5058 1482 5126 pontiﬁcum
1531 5059 1631 5114 sibi
1684 5062 2085 5115 succedentium

507 5145 780 5216 quidpiam
826 5148 893 5202 de
941 5147 1104 5202 rebus
1148 5163 1284 5216 quas
1340 5149 1394 5202 in
1442 5149 1622 5218 priore
1661 5149 1780 5204 loco
1830 5151 2086 5221 degentes

507 5240 883 5307 possederant,
937 5239 1281 5304 imminuere,
1332 5248 1426 5294 aut
1477 5241 1679 5310 majora
1725 5240 1799 5294 illi
1838 5243 2080 5307 servitia,

503 5345 667 5400 quam
691 5330 794 5386 sub
820 5345 887 5386 eo
912 5331 1270 5400 pertulerant,
1314 5331 1518 5387 inferre
1562 5343 1952 5402 praesumeret;
1987 5336 2082 5390 sed

503 5421 692 5478 liceret
724 5422 832 5479 illis
881 5438 971 5478 res
1013 5423 1080 5478 ad
1121 5433 1478 5479 memoratum
1526 5423 1915 5479 monasterium
1960 5426 2084 5480 reli-

502 5514 809 5582 giosissima
831 5515 1114 5570 devotione
1139 5516 1374 5569 ﬁdelium
1396 5515 1666 5586 delegatos
1689 5515 1872 5583 quieto
1891 5515 2082 5571 ordine

501 5601 800 5668 possidere,
852 5604 1093 5673 nihilque
1144 5605 1222 5660 eis
1269 5605 1451 5659 oneris
1499 5605 1730 5675 amplius
1785 5607 2080 5675 imponere,

505 5702 666 5757 quam
705 5691 760 5745 in
808 5706 1104 5750 memorato
1151 5695 1432 5765 privilegio
1463 5712 1584 5751 cum
1633 5697 1832 5752 eisdem
1860 5711 2081 5750 venera-

2222 515 2426 570 stabat.
2459 515 2658 570 Verum
2702 514 2827 567 licet
2871 511 3241 567 ecclesiastica
3276 519 3436 580 atque
3481 510 3816 580 pontiﬁcalis

2221 607 2540 662 constitutio
2568 621 2662 661 sua
2689 607 2904 675 imoque
2937 605 3118 660 divina
3149 605 3467 659 auctoritate
3495 603 3656 657 ﬁrma
3694 621 3817 660 esse

2221 698 2536 767 praevideat,
2584 705 2766 751 tamen
2813 712 2919 751 non
2970 696 3227 750 indecens
3253 705 3413 764 atque
3445 695 3815 766 incongruum

2213 787 2500 857 judicavit,
2529 789 2575 844 si
2619 797 2802 843 nostra
2847 789 3012 842 etiam
3055 787 3321 857 imperiali
3353 788 3686 843 auctoritate
3716 805 3816 844 sua

2222 880 2542 937 constitutio
2573 879 2725 933 ﬁrma
2767 894 2890 935 esse
2920 887 3182 948 perpetuo
3207 877 3534 932 sanciretur.
3578 877 3817 934 Proinde

2221 970 2321 1025 hos
2348 977 2546 1026 nostm
2575 971 2919 1025 auctoritatis
2945 969 3255 1040 imperiales
3276 970 3458 1040 apices
3482 983 3612 1041 erga
3643 987 3815 1041 snspe-

2222 1062 2424 1117 dictum
2477 1063 2866 1119 monasterium
2918 1063 3035 1118 ﬁeri
3085 1063 3422 1119 decrevimus
3448 1103 3463 1127 ,
3520 1079 3621 1133 per
3676 1081 3815 1133 quos

2221 1152 2578 1208 decernentes
2602 1154 2948 1223 praecipimus
2992 1161 3154 1223 atque
3189 1154 3464 1210 sancimus
3492 1163 3576 1220 ut,
3612 1157 3761 1211 sicut
3784 1173 3813 1210 a

2221 1250 2523 1297 memorato
2546 1241 2840 1297 venerabili
2869 1241 3086 1298 Aldrico
3112 1243 3542 1316 archiepiscOpo,
3573 1261 3812 1300 consen-

2223 1333 2486 1388 tientibus
2517 1335 2827 1390 reverendis
2870 1333 3188 1404 dignissimo
3225 1336 3430 1391 honore
3473 1338 3816 1408 coepiscopis

2223 1423 2358 1488 suis,
2399 1425 2753 1480 constitutum
2787 1440 2852 1480 ac
2895 1425 3176 1496 privilegio
3208 1428 3524 1482 eorumdem
3549 1429 3816 1484 aliorum-

2222 1529 2327 1583 que
2364 1513 2721 1583 complurium
2750 1516 3091 1570 sacerdotum
3119 1515 3317 1572 Christi
3360 1526 3523 1586 atque
3549 1520 3815 1575 abbatum

2224 1604 2472 1660 mnibus
2494 1606 2749 1661 roborato
2774 1607 3150 1660 conﬁrmatum
3173 1613 3291 1661 est:
3333 1607 3407 1660 ita
3433 1609 3700 1678 deinceps
3721 1625 3816 1678 per

2225 1696 2367 1750 hanc
2401 1703 2644 1750 nostram
2693 1697 3074 1752 auctoritatem
3110 1697 3274 1751 ﬁxum
3319 1708 3481 1768 atque
3529 1702 3815 1756 inconvul-

2155 1765 2200 1824 Β
2227 1802 2346 1842 sum
2373 1782 2753 1843 inviolabiliter
2787 1796 3118 1857 permaneat.
3166 1788 3275 1844 Nec
3301 1765 3571 1859 quispiam
3598 1793 3816 1862 episco—

2217 1891 2409 1946 porum
2431 1879 2485 1933 in
2514 1889 2812 1934 memorata
2839 1881 2972 1934 urbe
2998 1896 3094 1950 per
3120 1888 3361 1951 tempora
3391 1882 3631 1938 labentia
3659 1884 3815 1939 Chri-

2215 1977 2303 2023 sto
2327 1970 2562 2040 propitio
2590 1971 2992 2026 succedentium
3011 1972 3304 2041 quidquam
3328 1973 3394 2027 de
3423 1973 3509 2027 his
3534 1975 3807 2038 minuere,

2216 2059 2526 2127 immutare,
2573 2072 2667 2116 aut
2708 2063 2983 2132 quidpiam
3017 2065 3223 2118 servitii
3269 2064 3502 2134 amplius
3550 2081 3725 2135 quam
3760 2070 3809 2121 in

2211 2153 2501 2222 saepedicto
2520 2154 2807 2225 privilegio
2834 2156 3097 2210 insertum
3123 2164 3231 2221 est,
3256 2171 3456 2227 augere
3474 2170 3808 2227 praesumat;

2208 2243 2306 2298 sed
2327 2244 2488 2299 liceat
2509 2246 2790 2300 monachis
2813 2261 2909 2315 per
2934 2255 3172 2315 tempora
3217 2247 3347 2301 inibi
3399 2247 3632 2301 Domino
3667 2250 3813 2304 mili-

2209 2335 2449 2390 tantibus
2492 2335 2591 2391 sub
2639 2336 3041 2391 conditionibus
3082 2337 3135 2391 in
3182 2334 3297 2404 jam
3327 2336 3471 2391 dicto
3515 2338 3812 2410 privilegio

2210 2426 2410 2480 taxatis
2436 2427 2618 2496 quiete
2664 2427 3093 2498 regulariterque
3137 2426 3337 2489 vivere,
3387 2435 3443 2479 et
3473 2441 3575 2496 pro
3619 2428 3810 2490 nobis,

2209 2512 2456 2586 conjuge,
2509 2515 2765 2585 proleque
2809 2525 3044 2580 nostra,_
3064 2529 3129 2569 ac
3172 2515 3464 2585 stabilitate
3516 2516 3746 2586 imperii
3781 2533 3810 2571 a

2209 2603 2321 2660 Deo
2345 2605 2502 2659 nobis
2531 2604 2808 2660 commissi
2857 2612 3019 2674 atque
3047 2605 3397 2660 conservandi
3443 2603 3665 2674 jugiter
3713 2607 3810 2661 Do-

2207 2693 2341 2753 mini
2369 2695 2799 2749 misericordiam
2833 2696 3153 2765 propensius
3193 2710 3439 2750 exorare.
3490 2697 3558 2750 Et
3589 2699 3810 2757 uthac

2211 2791 2410 2838 nostrae
2435 2784 2867 2840 conﬁrmationis
2911 2785 3204 2839 auctoritas
3247 2793 3354 2838 tam
3399 2786 3608 2840 nostris
3640 2802 3808 2856 quam

2209 2880 2262 2928 et
2287 2887 2660 2930 successorum
2704 2883 3014 2929 nostrorum
3050 2875 3380 2943 temporibus
3426 2875 3804 2932 inviolabilem

2208 2969 2370 3030 atque
2416 2962 2786 3018 inconvulsam
2829 2963 3074 3018 obtineat
3118 2962 3451 3028 ﬁrmitatem,
3501 2965 3569 3019 de
3596 2969 3805 3022 annulo

2210 3063 2394 3108 nostro
2429 3055 2616 3109 subter
2639 3069 2759 3108 eam
2783 3053 3043 3122 iussimus
3073 3055 3356 3124 assignari.

2279 3142 2504 3213 Signum
2528 3145 2788 3201 Ludovici
2821 3145 3152 3200 screnissimi
3179 3146 3425 3215 Augusti.

2276 3234 2655 3292 Hirminmaris
2699 3236 2943 3292 notarius
3001 3236 3070 3291 ad
3119 3237 3291 3292 vicem
3341 3235 3582 3308 llugonis
3640 3256 3799 3296 reco-

2205 3325 2382 3395 gnovL

2284 3415 2416 3472 Data
2442 3434 2532 3474 xvi
2561 3418 2829 3473 Kalendas
2856 3416 3187 3481 Decembris,
3207 3431 3369 3482 anno,
3400 3415 3626 3474 Christo
3667 3437 3793 3490 pro-

2203 3514 2357 3585 pitio,
2383 3511 2453 3566 22
2499 3511 2711 3580 imper-ii
2751 3510 2953 3565 domini
2983 3508 3237 3564 Ludovici
3263 3508 3488 3578 piissimi
3533 3510 3792 3583 Augusti.

2204 3603 2497 3659 indictione
2527 3600 2613 3654 l3.
2644 3599 2838 3655 Actum
2858 3599 3183 3669 Aquisgrani
3209 3598 3404 3670 palatio
3427 3601 3584 3670 regio
3615 3602 3677 3657 in
3702 3604 3793 3658 Dei

2203 3696 2422 3752 nomine
2450 3693 2700 3750 feliciter.
2723 3693 2917 3749 Amen.

2910 3784 3082 3841 CCVI.

2202 3914 2454 3956 LOTHARII
2512 3913 2841 3954 PIECEPTUII
2897 3914 2998 3952 PRO
3049 3912 3384 3953 IOHASTERIO
3427 3914 3477 3953 8.

2779 3983 3210 4022 MEDIOLANENSIS.

2831 4058 3003 4131 (Anno
3025 4058 3176 4128 855.)

2401 4150 2656 4226 [Ughelli,
2690 4150 2852 4205 Italia
2874 4167 3046 4212 sacra,
3072 4157 3200 4203 tom.
3235 4148 3322 4212 Ν,
3359 4166 3414 4220 p.
3445 4149 3560 4223 80.]

2266 4245 2322 4299 In
2352 4243 2566 4298 nomine
2591 4241 2801 4296 Domini
2834 4240 3002 4294 nostri
3024 4236 3147 4294 Jesu
3178 4239 3399 4302 Christi,
3439 4239 3536 4294 Dei
3563 4245 3782 4304 mterni,

2195 4331 2502 4396 Lotharius,
2553 4330 2729 4386 divina
2767 4329 3051 4384 ordinante
3080 4328 3440 4398 providentia,
3479 4329 3784 4399 imperator

2196 4425 2485 4496 Augustus.

2265 4515 2475 4582 Quanto
2525 4510 2923 4584 praecellentius
2970 4509 3279 4564 hUmanitas
3327 4509 3474 4578 viget
3525 4513 3778 4580 praelata,

2194 4616 2343 4662 tanto
2381 4604 2676 4661 studiosius
2703 4601 2901 4658 divinis
2930 4601 3150 4670 exsequi
3179 4601 3335 4655 debet
3377 4601 3690 4671 obsequiis.
3728 4617 3778 4658 et

2189 4700 2442 4772 quislibet
2493 4696 2760 4768 postulata
2798 4695 3034 4750 ﬁdelium
3083 4694 3150 4748 ad
3183 4694 3286 4749 hoc
3318 4695 3658 4764 pertinentia
3685 4699 3775 4753 de-

2190 4798 2312 4845 vota
2332 4787 2590 4844 obaudire
2600 4785 2875 4840 voluntate
2897 4792 3060 4853 atque
3082 4782 3340 4852 perﬁcere
3365 4782 3772 4849 decertatione;

2191 4887 2456 4949 quatenus
2482 4891 2549 4932 ex
2593 4875 2898 4930 commissis
2936 4873 3211 4943 largitoris
3245 4873 3642 4932 benetraetans
3666 4878 3773 4947 pla-

2189 4971 2334 5036 citis,
2373 4967 2490 5036 ejus
2527 4966 2822 5037 opitulante
2856 4965 3158 5028 clementia,
3190 4974 3244 5018 et
3268 4967 3562 5035 pnesentia
3598 4969 3770 5022 felici-

2189 5069 2274 5117 ter
2309 5059 2542 5115 transire
2578 5057 2770 5122 valeat,
2826 5063 2880 5111 et
2906 5065 3107 5111 :eterna
3157 5056 3512 5111 inenarrabili
3560 5058 3772 5127 pietate

2187 5151 2380 5206 collata
2412 5149 2536 5204 felix
2568 5147 2798 5202 feliciter
2831 5145 3132 5214 adipiscere
3172 5155 3470 5198 mereatur.
3522 5146 3770 5216 Denique

2186 5245 2311 5298 dum
2343 5241 2537 5296 dilecta
2561 5239 2757 5309 conjux
2785 5245 2967 5292 nostra
3007 5235 3421 5307 Hirmingardis,
3457 5238 3771 5292 divinarum

2186 5334 2437 5397 sollicita,
2471 5329 2864 5387 studiosissime
2899 5336 3136 5382 nostram
3164 5327 3350 5382 sedulo
3381 5343 3612 5382 monere.
3645 5348 3768 5399 pru—

2184 5407 2401 5478 curaret
2430 5419 2792 5481 clementiam,
2845 5427 2904 5471 ut
2933 5416 3066 5471 locis
3123 5416 3229 5471 Deo
3263 5417 3463 5470 dicatis
3518 5427 3770 5471 nostram

3520 3916 3773 3958 AIBMI

2183 5513 2598 5568 sublimaremus
2624 5508 3068 5572 munificentiam,
3098 5507 3379 5562 occasione
3425 5517 3656 5561 actitata
3705 5523 3770 5561 ex

2184 5605 2467 5660 dilectione
2493 5601 2680 5656 fratris
2706 5602 2810 5666 sui,
2836 5599 3029 5671 puerili
3054 5599 3315 5670 elegantia
3337 5597 3525 5662 delati,
3585 5598 3760 5668 [lngo

2183 5697 2268 5751 nis
2310 5694 2546 5758 nomine,
2593 5692 2883 5748 instantius
2914 5691 3017 5745 hoc
3053 5690 3282 5745 suadere
3322 5688 3635 5743 (lt-certavit
3671 5708 3684 5741 :
3713 5682 3765 5732 πί
