4048 6182
338 267 478 325 1269

1476 251 1876 309 DIPLOMATA
1916 250 2469 307 ECCLESIASTICA.

3462 262 3480 313 'l
3493 259 3599 314 270

333 389 675 454 augmentum
704 373 922 446 pietatis
948 379 1168 434 nostrm,
1214 376 1272 424 et
1317 368 1740 422 emolumentum
1767 381 1909 420 mer-
1935 364 1989 424 A
2015 363 2322 432 Lotharius,
2358 364 2538 421 divina
2583 368 2870 424 ordinante
2904 371 3261 439 providentia,
3309 372 3600 442 ὶιιψυι-διοι.

335 473 483 530 cedis
505 471 557 524 in
582 467 699 522 loco
721 479 828 534 quo
859 464 972 532 ipse
997 474 1223 528 corpore
1245 459 1498 512 humatus
1524 456 1750 522 exstitit,
1802 470 1914 510 ca:-

333 561 559 618 meterio
605 556 814 612 scilicet
839 553 900 608 S.
934 549 1231 614 Ambrosii,
1277 547 1343 602 ad
1389 548 1639 602 decorem
1668 545 1910 611 luminis,

332 655 401 708 ob
417 648 858 721 procurationem
888 642 1130 698 ecclesiae
1155 647 1478 694 ornamenta
1501 639 1750 709 quaedam
1777 651 1912 692 con-

332 746 596 801 ferremus
619 739 880 797 beneﬁcia
901 751 1000 806 pro
1028 734 1294 802 mercedis
1321 740 1523 788 nostra:
1551 736 1838 801 augmento
1859 735 1913 782 et

337 832 546 904 praefati
574 830 726 902 pueri
759 827 975 883 cumulo
1011 822 1380 880 beatitudinis.
1413 821 1753 890 Quapropter
1780 832 1909 873 cun-

331 934 539 980 ctorum
574 919 874 990 eomperiat
914 915 1151 971 ﬁdelium
1181 921 1380 970 sanctae
1405 911 1500 966 Dei
1528 910 1785 966 Ecclesia:
1807 923 1911 963 no-

330 1028 692 1084 strorumque,
728 1009 1073 1080 praesentium
1091 1006 1294 1062 scilicet
1313 1014 1369 1059 et
1382 1004 1703 1067 futurorum,
1718 999 1917 1070 sagaci-

331 1116 434 1170 tas,
455 1105 579 1174 quia
591 1119 690 1159 nos
701 1101 941 1171 ejusdem
955 1099 1161 1154 dilecta:
1181 1093 1425 1165 conjugis
1447 1100 1646 1148 nostra:
1667 1090 1917 1158 benepla-

329 1195 453 1250 citis
467 1193 716 1264 precibus
739 1190 960 1260 dignare
972 1187 1232 1249 volentes,
1256 1200 1536 1240 assensum
1554 1181 1908 1253 praibuimus:

330 1287 556 1355 ideoque
607 1283 784 1339 eidem
835 1288 1022 1337 sancto
1057 1279 1176 1333 loco
1217 1291 1317 1348 pro
1378 1275 1624 1339 remedio
1672 1271 1910 1340 ejusdem

330 1377 482 1448 pueri
521 1382 765 1430 nostram
790 1369 1201 1428 beneﬁcentiam
1237 1364 1582 1422 conferamus
1621 1361 1913 1432 quamdam

327 1479 559 1534 eurtem,
580 1467 797 1522 nomine
823 1465 1107 1528 Lemonla,
1137 1477 1259 1516 cum
1287 1473 1420 1514 cura
1444 1457 1828 1518 indomnicata,
1858 1462 1914 1509 et

328 1560 589 1630 capellam
617 1559 686 1614 ad
729 1571 790 1613 se
832 1555 1207 1624 aspicientem,
1235 1552 1471 1606 dicatam
1500 1547 1706 1603 scilicet
1733 1547 1788 1600 in
1816 1546 1912 1600 ho-

331 1665 463 1705 nore
486 1648 660 1704 sancti
694 1644 928 1706 Genesii,
953 1659 1054 1698 nec
1078 1658 1186 1696 non
1208 1640 1429 1703 oliveta,
1463 1637 1547 1692 vel
1571 1651 1778 1700 mansa,
1812 1635 1910 1690 sed

331 1758 453 1798 cum
478 1739 766 1810 mancipiis
785 1737 980 1792 ibidem
1009 1731 1497 1794 commanentibus,
1525 1727 1612 1783 vel
1637 1727 1907 1795 aspicien-

329 1835 488 1897 tibus,
528 1831 749 1900 triginta
775 1837 1004 1897 quatuor
1023 1824 1108 1879 vel
1130 1823 1380 1877 omnibus
1415 1817 1760 1889 pertinentiis
1811 1830 1908 1870 seu

327 1921 642 1992 adjacentiis
669 1920 801 1982 suis,
838 1920 912 1971 ita
945 1923 1005 1968 ut
1047 1915 1113 1968 ab
1142 1913 1403 1967 hodierna
1443 1909 1531 1964 die
1576 1908 1761 1962 futura
1802 1921 1902 1974 pro

329 2023 572 2083 tempore
596 2018 834 2066 rectores
859 2006 1096 2078 ejusdem
1124 2003 1226 2059 loci
1255 2017 1378 2058 eam
1429 2001 1496 2054 ad
1541 2001 1793 2053 decorem
1826 1995 1908 2048 lu-

327 2104 506 2168 minis,
557 2110 612 2156 et
636 2107 954 2156 ornamenta
981 2094 1350 2150 ecclesiastica
1377 2088 1739 2161 procuranda,
1803 2101 1902 2156 pro

327 2193 563 2248 remedio
582 2192 775 2246 animae
824 2188 1064 2258 praedicti
1091 2185 1245 2254 pueri
1274 2184 1374 2239 sub
1404 2178 1732 2252 pertinentia
1756 2175 1904 2244 ejus-

325 2286 447 2339 dem
476 2283 577 2338 loci
618 2287 834 2336 teneant
858 2289 1018 2348 atque
1041 2277 1370 2348 possideant,
1394 2283 1449 2329 et
1471 2281 1530 2326 ut
1570 2282 1794 2326 exteras
1818 2285 1906 2325 res

325 2376 563 2444 ejusdem
589 2371 830 2429 ecclesia:
857 2371 1149 2425 secundum
1176 2367 1459 2421 utilitatem
1483 2364 1652 2432 ipsius
1677 2362 1778 2416 loci
1806 2361 1909 2415 dis-

282 2445 291 2460 ⁸
326 2476 545 2538 ponant.
584 2466 688 2519 Pro
715 2463 988 2518 firmitatis
1023 2474 1257 2528 namque
1279 2457 1451 2530 gratia
1473 2457 1617 2511 circa
1657 2453 1904 2510 eumdem

325 2566 592 2621 sanctum,
619 2563 674 2610 et
700 2551 1062 2611 venerabilem
1093 2550 1272 2605 locum
1304 2547 1530 2603 solemni
1561 2559 1784 2600 munere
1807 2543 1906 2597 bas

327 2655 540 2703 nostras
558 2645 769 2700 litteras
798 2642 1184 2710 ﬁerijussimus
1218 2658 1232 2692 :
1266 2655 1364 2709 per
1389 2654 1525 2709 quas
1540 2635 1902 2698 decernimus,

327 2747 547 2807 rateque
575 2749 890 2790 mansurum
923 2732 1326 2795 constituimus,
1366 2737 1427 2784 ut
1458 2727 1636 2784 nullus
1665 2725 1904 2780 ﬁdelium

327 2836 526 2882 sanetae
560 2827 655 2880 Dei
676 2824 931 2880 Ecclesiae
952 2831 1385 2890 nostrorumque,
1416 2818 1764 2890 prmsentium
1787 2814 1897 2869 sci-

329 2919 451 2973 licet
471 2926 527 2972 et
553 2917 876 2979 futurorum,
916 2913 1150 2984 praefata:
1196 2921 1397 2967 sancta:
1426 2909 1667 2965 ecclesiae
1695 2922 1758 2962 ex
1801 2906 1906 2960 hac

326 3010 692 3081 suprascripta
707 3015 880 3071 curte,
914 3007 1132 3074 suisque
1150 2993 1510 3073 pertinentiis,
1539 2999 1623 3054 vel
1652 2998 1902 3068 adjacen-

327 3065 434 3166 tiis,
463 3065 759 3170 quamlibet
780 3097 979 3152 inferre
1007 3065 1298 3166 praesumat
1325 3065 1624 3148 molestiam
1651 3065 1743 3144 aut
1769 3103 1900 3143 con-
1931 3065 1975 3126 (ἶ

327 3191 693 3254 trarietatem;
747 3187 840 3242 sed
908 3195 1148 3240 rectores
1195 3181 1435 3252 ejusdem
1498 3179 1602 3234 loci
1653 3175 1906 3250 perennis

328 3281 659 3350 temporibus
681 3294 806 3334 eum
827 3279 1008 3348 quieto
1029 3277 1217 3333 ordine
1236 3274 1499 3338 fruentes,
1531 3281 1585 3326 et
1608 3267 1904 3325 secundum

326 3373 614 3426 utilitatem
667 3368 910 3438 ejusdem
953 3367 1197 3424 ecclesiaa
1243 3367 1606 3437 gubemantes
1647 3361 1906 3417 attentius

325 3462 566 3535 praedicti
592 3463 745 3533 pueri
770 3469 996 3518 exorent
1042 3461 1276 3525 veniam,
1333 3467 1388 3514 et
1413 3467 1631 3513 aeternae
1661 3454 1897 3509 beatitu-

325 3553 467 3609 dinis
490 3553 674 3625 gloria:
702 3555 1123 3624 perceptionem,
1155 3561 1508 3619 nostramque
1527 3548 1788 3603 divinitus
1814 3547 1904 3600 de-

325 3655 615 3717 precentur
662 3644 1030 3700 felicissimam
1094 3643 1539 3696 incolumitatem.
1585 3640 1653 3693 Et
1689 3647 1749 3692 ut
1789 3639 1904 3692 hanc

325 3746 512 3790 nostra
561 3733 858 3788 auctoritas
905 3732 1200 3801 pleniorem
1244 3731 1297 3784 in
1342 3730 1436 3783 Dei
1501 3728 1720 3782 nomine
1759 3725 1906 3780 obti-

327 3835 452 3880 neat
496 3825 754 3894 vigorem,
805 3834 857 3878 et
893 3839 924 3876 a
966 3822 1212 3876 ﬁdelibus
1255 3828 1453 3875 sanctae
1505 3819 1598 3872 Dei
1642 3817 1899 3874 Ecclesiae

329 3913 635 3982 nostrisque
684 3912 992 3982 diligentius
1040 3918 1390 3966 conservetur
1436 3907 1724 3976 veriusque
1779 3921 1899 3960 cre-

327 4007 517 4071 datur,
561 4021 721 4060 manu
777 4003 993 4074 propria
1063 4002 1247 4057 subter
1285 4016 1403 4056 eam
1455 3999 1811 4062 ﬁrmavimus,
1851 4007 1908 4053 et

328 4096 508 4150 annuli
531 4097 702 4150 nostri
731 4095 1083 4163 impressione
1119 4094 1307 4149 subter
1327 4093 1591 4163 assignari
1615 4090 1897 4160 jussimus.

399 4186 622 4256 Signum
646 4183 888 4240 Lotharii
923 4183 1296 4255 gloriosissimi
1325 4183 1572 4253 Augusti.

400 4277 770 4333 Druetemirus
812 4277 880 4332 ad
906 4278 1078 4332 vicem
1102 4276 1361 4345 Egilmari
1389 4274 1674 4344 recognovi
1696 4282 1752 4328 et
1777 4276 1896 4330 sub.

330 4384 515 4437 SCI'IpSl
534 4405 550 4421 .

401 4461 591 4516 Datum
636 4477 781 4516 nono
818 4459 936 4514 Kal.
990 4459 1294 4522 Februarii,
1341 4472 1504 4522 anno,
1536 4455 1754 4511 Christo
1782 4471 1905 4526 pro-

331 4551 494 4619 pitio,
544 4553 755 4622 imperii
801 4551 1002 4606 domini
1039 4550 1280 4604 Lotharii
1313 4549 1656 4617 imperatoris
1701 4547 1785 4612 l2,
1827 4547 1906 4601 in-

332 4641 563 4698 dictione
592 4643 676 4696 15.
705 4643 902 4698 Actum
935 4642 1115 4711 Papiae
1140 4641 1359 4696 civitate
1386 4640 1439 4694 in
1469 4639 1561 4694 Dei
1590 4639 1806 4694 nomine
1838 4636 1908 4692 fe-

332 4728 526 4789 liciter.
561 4732 754 4787 Amen.

1032 4799 1229 4856 CCVII.

611 4909 710 4947 PRO
737 4907 974 4948 CLERICIS
1000 4905 1252 4945 υιοεοεειδ
1265 4903 1637 4945 CREHONENSIS.

970 4983 1140 5054 (Anno
1163 4982 1308 5051 835.)

334 5074 614 5129 Lotharius
654 5073 682 5126 Ι
705 5075 986 5144 imperator
1032 5074 1244 5127 clericos
1274 5071 1505 5124 diwcesis
1536 5069 1902 5122 Cremonensis

401 5143 785 5214 conquerentes
811 5144 949 5214 quod
988 5143 1269 5214 parafrcda
1308 5151 1354 5195 et
1414 5157 1600 5214 currus
1645 5148 1903 5214 prtrstqre

403 5209 568 5267 coacti
607 5209 832 5281 fuissent
847 5212 914 5264 ad
939 5209 1200 5265 servitium
1224 5226 1446 5265 camera:
1473 5209 1781 5281 imperialis,
1803 5209 1899 5281 fa-

402 5294 484 5336 cta
496 5277 1079 5352 inquisitionejustitiw,
1095 5281 1474 5350 ablmjusmodi
1491 5277 1644 5333 onere
1665 5277 1898 5332 absolvit.

404 5371 706 5444 [.‘Iuratori,
730 5370 1064 5440 Antiquitatis
1087 5368 1289 5423 Italica:
1313 5377 1442 5423 tom.
1483 5368 1545 5431 Il,
1574 5384 1693 5436 pag.
1719 5365 1832 5434 61.]

405 5464 458 5517 In
491 5462 707 5516 nomine
739 5458 950 5513 Domini
983 5458 1150 5512 nostri
1179 5455 1302 5512 Jesu
1344 5457 1544 5512 Christi
1579 5456 1670 5509 Dei
1693 5455 1904 5516 mterni,

405 5605 427 5632 ει
460 5592 694 5645 Vocatur
721 5589 926 5642 Ramno
955 5587 1005 5639 in
1036 5585 1221 5638 eodem
1257 5594 1545 5654 praecepto,
1580 5583 1720 5651 quod
1744 5582 1905 5636 Baln-

337 5664 451 5718 lius
471 5660 834 5730 vitiatumjam
863 5657 1129 5720 ediderat;
1160 5653 1645 5723 scd’corrigendum
1668 5653 1895 5716 videtur,

2016 458 2318 528 Angustus.

2092 549 2149 602 Si
2202 549 2560 619 petitionibus
2606 566 2888 606 servorum
2928 551 3020 606 Dei
3045 593 3060 618 ,
3125 551 3185 606 in
3227 569 3364 623 quas
3404 557 3604 612 nostris

2016 643 2238 698 auribus
2281 644 2654 714 patefecerint,
2695 645 2924 701 libenter
2969 647 3274 712 annuimus,
3320 655 3376 702 et
3403 663 3495 703 eas
3535 649 3602 704 ad

2015 732 2264 788 eﬁ‘ectum
2286 735 2648 803 perducimus,
2672 735 2773 792 hoc
2793 737 2947 793 nobis
2967 737 3153 806 procul
3179 736 3341 792 dubio
3367 739 3433 792 ad
3455 754 3600 794 mer-

2016 826 2164 880 cedis
2207 834 2404 880 nostra:
2443 836 2788 896 augmentum
2837 837 2889 882 et
2911 835 3166 883 aeternam
3213 828 3600 883 beatitudinem

2016 916 2400 986 capessendam
2439 917 2712 972 nertinerc
2739 915 3080 973 conﬁdimus.
3120 917 3494 987 lgitnrnotum
3532 917 3604 973 sit

2015 1008 2268 1064 omnibus
2307 1005 2552 1063 ﬁdelibus
2595 1016 2796 1063 sancta:
2841 1007 2936 1062 Dei
2975 1006 3227 1062 Ecclesiae
3268 1015 3600 1062 nostrorum-

2015 1112 2141 1167 que,
2169 1097 2523 1166 praesentibus
2547 1097 2750 1152 scilicet
2775 1106 2828 1152 et
2850 1095 3063 1160 futuris,
3088 1097 3214 1166 quia
3233 1111 3420 1151 omnes
3450 1112 3600 1166 pres-

2013 1187 2191 1257 byteri
2235 1195 2289 1242 et
2339 1187 2592 1258 parochia
2645 1185 3024 1241 Cremonensis
3067 1195 3176 1239 tam
3232 1186 3298 1240 de
3351 1185 3598 1254 plebibus

2012 1296 2283 1353 quamque
2309 1289 2362 1335 et
2381 1280 2445 1334 de
2467 1277 2723 1344 oraculis,
2752 1287 2877 1332 ante
2900 1285 3139 1340 nostram
3170 1277 3449 1330 venientes
3466 1291 3599 1345 prae-

2012 1374 2266 1439 sentiam,
2320 1367 3217 1426 nostra?innotueruntcelsitudini
3249 1368 3391 1436 quod
3445 1382 3598 1436 para-

2012 1463 2162 1519 freda
2197 1471 2252 1516 et
2302 1477 2457 1516 carra
2495 1461 2566 1516 ad
2598 1468 2844 1514 nostram
2884 1474 3156 1513 cameram
3206 1457 3595 1526 deportwdam

2010 1554 2206 1623 injuste
2237 1553 2532 1608 dedissent.
2569 1551 2742 1618 Quam
2765 1566 2985 1606 causam
3020 1550 3305 1620 diligenter
3334 1548 3593 1604 Ructaldo

2015 1647 2152 1700 sacri
2175 1643 2658 1714 palatiicapellano
2681 1651 2890 1707 nostro,
2913 1656 3014 1696 nec
3041 1657 3146 1695 non
3171 1648 3226 1694 et
3245 1639 3488 1693 Maurino
3509 1654 3594 1693 co-

2011 1737 2129 1791 miti
2152 1736 2338 1806 palatii
2377 1735 2568 1799 nostri,
2604 1750 2698 1789 seu
2738 1743 2792 1788 et
2820 1734 3073 1802 Adalgiso
3109 1733 3290 1786 comiti
3322 1731 3593 1800 inquirere

2007 1827 2379 1896 prmeepimus,
2411 1824 2456 1878 si
2491 1841 2588 1894 per
2620 1823 2885 1892 justitiam
2923 1822 3036 1891 ipsa
3058 1819 3346 1891 parafreda
3377 1819 3456 1873 vel
3479 1819 3590 1888 ipsa

2010 1932 2165 1971 carra
2183 1917 2250 1970 ad
2267 1925 2512 1969 nostrum
2538 1915 2819 1985 servitium
2840 1912 3203 1982 peragendum
3227 1911 3356 1966 dare
3373 1911 3589 1965 debuis-

2009 2017 2147 2076 sent,
2163 2025 2232 2064 an
2261 2024 2390 2064 non.
2416 2008 2521 2063 Sed
2545 2007 2957 2078 diligentissime
2977 2006 3080 2060 hoc
3099 2004 3476 2075 perquirentes
3499 2019 3594 2056 no-

2007 2103 2091 2158 bis
2106 2103 2555 2158 renuntiaverunt
2576 2101 2716 2171 quod
2737 2109 2924 2156 contra
2931 2097 3202 2168 justitiam
3217 2114 3374 2169 supra
3389 2113 3589 2152 memo-

2007 2203 2124 2250 rata
2147 2195 2430 2266 paral'reda
2455 2193 2539 2249 vel
2553 2194 2741 2248 eadem
2765 2208 2922 2248 carra
2949 2193 3049 2263 ipsi
3077 2193 3386 2248 sacerdotes
3411 2190 3591 2245 dedis-

2007 2294 2148 2342 sent.
2196 2285 2536 2354 Quapropter
2569 2285 2822 2338 omnibus
2855 2283 3102 2338 ﬁdelibus
3118 2283 3320 2337 nostris
3349 2282 3590 2352 praecipi-

2007 2395 2128 2434 mus
2152 2389 2211 2432 ut
2237 2376 2416 2431 nullus
2449 2375 2704 2443 deinceps
2746 2374 2828 2428 eis
2869 2374 2935 2427 de.
2982 2372 3114 2440 ipsis
3156 2371 3476 2440 paral'redis.
3506 2370 3588 2423 vel

2005 2472 2178 2528 carris
2199 2469 2397 2524 nullam
2427 2467 2868 2522 contrarietatem
2906 2463 3108 2518 inferre
3147 2471 3457 2533 praesumat,
3489 2477 3588 2516 nec

2006 2563 2073 2616 ad
2097 2573 2338 2616 nostrum
2368 2559 2729 2630 peragendum
2757 2555 3062 2622 servitium,
3101 2569 3202 2608 nec
3227 2555 3392 2607 etiam
3427 2553 3583 2611 alicui

2005 2667 2250 2722 persona:
2282 2669 2295 2704 :
2324 2651 2418 2706 sed
2469 2650 2627 2705 liceat
2660 2651 2741 2704 eis
2789 2649 3006 2717 quidem
3057 2648 3356 2717 possidere,
3387 2655 3442 2702 et
3487 2663 3586 2718 pro

2007 2753 2213 2808 nostra,
2243 2750 2297 2797 et
2327 2741 2509 2797 uxoris
2530 2751 2587 2796 et
2616 2740 2844 2795 ﬁliorum
2882 2748 3186 2794 nostrorum
3219 2739 3587 2794 incolumitate

2007 2835 2218 2890 Domini
2251 2836 2591 2891 clementiam
2620 2835 2990 2891 delectabilius
3015 2847 3265 2889 exorare.
3298 2834 3365 2888 Et
3388 2841 3447 2887 ut
3471 2834 3589 2888 haec

2006 2934 2191 2981 nostra
2222 2927 2516 2982 auctoritas
2542 2927 2689 2982 omni
2730 2926 2783 2980 in
2809 2934 3048 2995 tempore
3069 2923 3276 2979 ﬁrmior
3299 2924 3583 2987 habeatur,

1989 3024 2058 3084 \et
2086 3031 2184 3085 per
2205 3017 2388 3072 futura
2427 3025 2667 3088 tempora
2707 3017 3086 3073 inviolabiliter
3104 3024 3471 3082 conservetur,
3521 3015 3588 3071 de

2009 3107 2208 3162 annulo
2230 3116 2412 3162 nostro
2437 3109 2622 3164 subter
2649 3109 2869 3180 sigillari
2880 3108 3157 3177 jussimus.

2079 3218 2228 3292 (Non
2253 3229 2398 3276 adest
2421 3223 2730 3294 subscriptio
2753 3219 3127 3292 imperatoris.)

2079 3312 2450 3368 Dructemirus
2471 3314 2832 3368 subdiaconus
2871 3321 3032 3381 atque
3051 3311 3297 3367 notarius
3317 3311 3384 3365 ad
3413 3309 3585 3366 vicem

2006 3403 2267 3459 Abumari
2300 3403 2604 3473 recognmri.

2077 3519 2214 3572 Data
2261 3518 2442 3573 Nonas
2483 3517 2680 3583 Martii,
2729 3532 2891 3581 anno,
2927 3516 3144 3571 Christo
3193 3514 3448 3584 propitio,
3481 3514 3586 3566 im-

2005 3612 2140 3678 perii
2197 3611 2400 3664 domini
2451 3610 2690 3663 Lotbarii
2752 3609 2823 3677 pii
2889 3607 3230 3676 imperatoris
3277 3605 3382 3668 Π,
3445 3604 3586 3658 indi-

2005 3700 2182 3752 ctione
2223 3699 2306 3752 15.
2342 3698 2534 3751 Actum
2565 3697 2810 3767 Sexpilas
2839 3695 3038 3766 palatio
3067 3695 3235 3765 regio,
3283 3695 3334 3747 in
3366 3692 3459 3747 Dei
3490 3707 3586 3748 no-

2008 3791 2152 3844 mine
2178 3789 2424 3845 feliciter.
2458 3789 2626 3842 Amen
2644 3823 2660 3840 .

2691 3960 2908 4017 CCVIII.

2431 4113 2530 4152 PRO
2564 4113 2772 4153 ECCI.ESI
2781 4115 2809 4151 Δ
2847 4109 3155 4151 ιιειεκεκςι.

2625 4228 2796 4300 (Anno
2821 4226 2970 4299 856.)

1931 4408 1983 4466 D
2044 4367 2236 4439 [Apud
2277 4364 2550 4418 Balnzium
2595 4363 2649 4416 in
2692 4360 2948 4431 Append.,
2993 4360 3061 4413 ad
3095 4359 3328 4412 Marcum
3371 4357 3544 4429 Hisp.,

2788 4448 2888 4470 σιν-αι
2927 4451 2936 4470 ι

2654 4452 2756 4508 col.
2788 4452 2937 4522 775.]

2075 4607 2132 4660 In
2162 4606 2377 4659 nomine
2413 4603 2624 4659 Domini
2669 4603 2764 4657 Dei
2804 4611 2859 4656 et
2905 4600 3203 4655 Salvatoris
3238 4598 3408 4653 nostri
3455 4599 3581 4652 Jesu

2005 4697 2226 4759 Christi,
2244 4695 2572 4758 Ludovicus,
2595 4693 2774 4748 divina
2804 4690 3126 4761 prepitiante
3150 4687 3582 4760 [repropitiante]

2006 4787 2316 4850 clementia,
2340 4786 2634 4853 imperator
2659 4782 2956 4852 Augustus.

2085 4898 2143 4952 Si
2187 4913 2315 4968 erga
2364 4897 2480 4950 loca
2527 4895 2724 4950 divinis
2768 4894 3002 4950 cultibus
3038 4891 3336 4961 mancipata
3367 4899 3584 4960 propter

2011 5006 2250 5046 amorem
2277 4989 2371 5043 Dei
2399 4988 2584 5058 eisque
2614 4988 2667 5040 in
2697 4986 2898 5041 eisdem
2921 4984 3052 5039 locis
3077 4981 3460 5036 famulantibus
3486 4981 3581 5033 be-

2008 5082 2202 5138 neﬁcia
2222 5088 2519 5151 opportuna
2543 5077 2816 5149 largimur,
2832 5075 3111 5146 praemium
3132 5073 3272 5142 apud
3296 5070 3580 5123 Dominum

2007 5182 2223 5228 internae
2252 5167 2698 5225 remunerationis
2719 5167 2874 5221 nobis
2902 5165 3119 5234 rependi
3143 5178 3247 5216 non
3273 5159 3576 5216 difﬁdimus.

2006 5264 2172 5334 Igitur
2203 5272 2387 5318 notum
2415 5275 2535 5316 esse
2563 5261 2808 5315 volumus
2845 5257 3052 5311 cunctis
3082 5253 3328 5308 ﬁdelibus
3355 5251 3576 5314 nostris,

2004 5354 2360 5423 przesentibus
2411 5351 2620 5405 scilicet
2671 5358 2726 5402 et
2779 5347 3008 5409 futuris,
3061 5343 3202 5413 quod
3254 5340 3579 5397 venerabilis

2008 5445 2196 5498 Fulmo
2215 5456 2239 5483 ι
2262 5441 2501 5496 ecclesia:
2523 5439 2834 5494 IIcIcnensis
2854 5437 3133 5505 episcopus
3155 5433 3475 5503 deprecatus
3495 5436 3579 5486 est

2012 5580 2284 5640 Salomon,
2314 5577 2406 5646 qui
2437 5588 2576 5628 anno
2601 5571 2705 5628 832
2727 5571 2838 5646 jam
2860 5579 2975 5623 erat
2997 5571 3293 5646 episcopus.
3324 5565 3578 5646 ﬁci-iuga-

2009 5653 2120 5706 rius
2148 5636 2292 5704 enim
2314 5636 2515 5711 comes,
2537 5658 2716 5699 coram
2729 5636 3014 5696 Salomone
3030 5636 3300 5711 episcopo,
3324 5636 3576 5690 liuhilano
