  <div class='ocr_page' id='page_1' title='image "/cluster/home/n/w/nwhite01/storage/ocr_20150623/104/hvd.32044052819794/641.png"; bbox 0 0 4006 6178; ppageno 0'>
   <div class='ocr_carea' id='block_1_1' title="bbox 460 231 583 287">
    <p class='ocr_par' dir='ltr' id='par_1_1' title="bbox 460 231 583 287">
     <span class='ocr_line' id='line_1_1' title="bbox 460 231 583 287; baseline -0.024 0"><span class='ocrx_word' id='word_1_1' title='bbox 460 231 583 287; x_wconf 71' lang='lat' dir='ltr'><strong>l&#39;l&#39;o&#39;l</strong></span> 
     </span>
    </p>
   </div>
   <div class='ocr_carea' id='block_1_2' title="bbox 1559 184 2585 285">
    <p class='ocr_par' dir='ltr' id='par_1_2' title="bbox 1559 184 2585 285">
     <span class='ocr_line' id='line_1_2' title="bbox 1559 184 2585 285; baseline -0.005 -2"><span class='ocrx_word' id='word_1_2' title='bbox 1559 184 1899 285; x_wconf 61' lang='lat' dir='ltr'><strong>tuumne!</strong></span> <span class='ocrx_word' id='word_1_3' title='bbox 1935 224 1955 279; x_wconf 89' lang='grc' dir='ltr'><strong>ι</strong></span> <span class='ocrx_word' id='word_1_4' title='bbox 1992 220 2463 279; x_wconf 71' lang='grc' dir='ltr'><strong>ΟυϐΝΟΜΕΝΤΟ</strong></span> <span class='ocrx_word' id='word_1_5' title='bbox 2500 222 2585 278; x_wconf 77' lang='lat' dir='ltr'><strong>ru</strong></span> 
     </span>
    </p>
   </div>
   <div class='ocr_carea' id='block_1_3' title="bbox 3571 220 3721 275">
    <p class='ocr_par' dir='ltr' id='par_1_3' title="bbox 3571 220 3721 275">
     <span class='ocr_line' id='line_1_3' title="bbox 3571 220 3721 275; baseline 0 -1"><span class='ocrx_word' id='word_1_6' title='bbox 3571 220 3721 275; x_wconf 60' lang='lat'><strong>1272</strong></span> 
     </span>
    </p>
   </div>
   <div class='ocr_carea' id='block_1_4' title="bbox 453 308 3723 392">
    <p class='ocr_par' dir='ltr' id='par_1_4' title="bbox 453 308 3723 392">
     <span class='ocr_line' id='line_1_4' title="bbox 453 308 3723 392; baseline -0.003 -18"><span class='ocrx_word' id='word_1_7' title='bbox 453 319 752 392; x_wconf 85' lang='lat' dir='ltr'><strong>maiestatis</strong></span> <span class='ocrx_word' id='word_1_8' title='bbox 774 326 971 372; x_wconf 69' lang='lat' dir='ltr'><strong>nostrae</strong></span> <span class='ocrx_word' id='word_1_9' title='bbox 991 316 1416 372; x_wconf 75' lang='lat' dir='ltr'><strong>misericordiam</strong></span> <span class='ocrx_word' id='word_1_10' title='bbox 1437 323 1495 370; x_wconf 91' lang='lat' dir='ltr'><strong>ut</strong></span> <span class='ocrx_word' id='word_1_11' title='bbox 1515 315 1826 387; x_wconf 65' lang='lat' dir='ltr'><strong>praedictam</strong></span> <span class='ocrx_word' id='word_1_12' title='bbox 1848 314 2029 368; x_wconf 85' lang='lat' dir='ltr'><strong>sedem</strong></span> <span class='ocrx_word' id='word_1_13' title='bbox 2058 316 2103 374; x_wconf 79' lang='grc' dir='ltr'><strong>Α</strong></span> <span class='ocrx_word' id='word_1_14' title='bbox 2132 309 2457 370; x_wconf 81' lang='lat' dir='ltr'><strong>Ludovicus.</strong></span> <span class='ocrx_word' id='word_1_15' title='bbox 2478 311 2658 367; x_wconf 88' lang='lat' dir='ltr'><strong>divina</strong></span> <span class='ocrx_word' id='word_1_16' title='bbox 2677 309 3065 380; x_wconf 84' lang='lat' dir='ltr'><strong>repropitiante</strong></span> <span class='ocrx_word' id='word_1_17' title='bbox 3079 308 3385 375; x_wconf 84' lang='lat' dir='ltr'><strong>clementia,</strong></span> <span class='ocrx_word' id='word_1_18' title='bbox 3412 310 3723 381; x_wconf 78' lang='lat' dir='ltr'><strong>imperator</strong></span> 
     </span>
    </p>
   </div>
   <div class='ocr_carea' id='block_1_5' title="bbox 453 398 2027 482">
    <p class='ocr_par' dir='ltr' id='par_1_5' title="bbox 453 398 2027 482">
     <span class='ocr_line' id='line_1_5' title="bbox 453 398 2027 482; baseline -0.004 -15"><span class='ocrx_word' id='word_1_19' title='bbox 453 426 575 467; x_wconf 84' lang='lat' dir='ltr'><strong>cum</strong></span> <span class='ocrx_word' id='word_1_20' title='bbox 605 398 857 466; x_wconf 87' lang='lat' dir='ltr'><strong>omnibus</strong></span> <span class='ocrx_word' id='word_1_21' title='bbox 881 410 947 465; x_wconf 89' lang='lat' dir='ltr'><strong>ad</strong></span> <span class='ocrx_word' id='word_1_22' title='bbox 976 424 1035 464; x_wconf 89' lang='lat' dir='ltr'><strong>se</strong></span> <span class='ocrx_word' id='word_1_23' title='bbox 1055 408 1202 477; x_wconf 88' lang='lat' dir='ltr'><strong>iuste</strong></span> <span class='ocrx_word' id='word_1_24' title='bbox 1235 414 1291 463; x_wconf 91' lang='lat' dir='ltr'><strong>et</strong></span> <span class='ocrx_word' id='word_1_25' title='bbox 1319 408 1563 482; x_wconf 85' lang='lat' dir='ltr'><strong>legaliter</strong></span> <span class='ocrx_word' id='word_1_26' title='bbox 1592 408 1852 464; x_wconf 87' lang='lat' dir='ltr'><strong>moderno</strong></span> <span class='ocrx_word' id='word_1_27' title='bbox 1886 413 2027 461; x_wconf 83' lang='lat' dir='ltr'><strong>tent-</strong></span> 
     </span>
    </p>
   </div>
   <div class='ocr_carea' id='block_1_6' title="bbox 453 496 2025 581">
    <p class='ocr_par' dir='ltr' id='par_1_6' title="bbox 453 496 2025 581">
     <span class='ocr_line' id='line_1_6' title="bbox 453 496 2025 581; baseline -0.004 -21"><span class='ocrx_word' id='word_1_28' title='bbox 453 520 582 574; x_wconf 82' lang='lat' dir='ltr'><strong>pore</strong></span> <span class='ocrx_word' id='word_1_29' title='bbox 609 502 1026 573; x_wconf 87' lang='lat' dir='ltr'><strong>pertinentibus,</strong></span> <span class='ocrx_word' id='word_1_30' title='bbox 1069 500 1170 557; x_wconf 94' lang='lat' dir='ltr'><strong>sub</strong></span> <span class='ocrx_word' id='word_1_31' title='bbox 1200 510 1382 558; x_wconf 88' lang='lat' dir='ltr'><strong>nostra</strong></span> <span class='ocrx_word' id='word_1_32' title='bbox 1425 502 1651 557; x_wconf 91' lang='lat' dir='ltr'><strong>tuitione</strong></span> <span class='ocrx_word' id='word_1_33' title='bbox 1679 510 1735 556; x_wconf 91' lang='lat' dir='ltr'><strong>et</strong></span> <span class='ocrx_word' id='word_1_34' title='bbox 1774 496 2025 581; x_wconf 87' lang='lat' dir='ltr'><strong>immuni-</strong></span> 
     </span>
    </p>
   </div>
   <div class='ocr_carea' id='block_1_7' title="bbox 455 590 2023 667">
    <p class='ocr_par' dir='ltr' id='par_1_7' title="bbox 455 590 2023 667">
     <span class='ocr_line' id='line_1_7' title="bbox 455 590 2023 667; baseline -0.003 -20"><span class='ocrx_word' id='word_1_35' title='bbox 455 593 582 649; x_wconf 86' lang='lat' dir='ltr'><strong>tatis</strong></span> <span class='ocrx_word' id='word_1_36' title='bbox 608 590 918 648; x_wconf 91' lang='lat' dir='ltr'><strong>defensione</strong></span> <span class='ocrx_word' id='word_1_37' title='bbox 945 607 1066 647; x_wconf 90' lang='lat' dir='ltr'><strong>cum</strong></span> <span class='ocrx_word' id='word_1_38' title='bbox 1102 592 1360 667; x_wconf 88' lang='lat' dir='ltr'><strong>omnibus</strong></span> <span class='ocrx_word' id='word_1_39' title='bbox 1392 590 1574 658; x_wconf 85' lang='lat' dir='ltr'><strong>rebus,</strong></span> <span class='ocrx_word' id='word_1_40' title='bbox 1602 592 1654 647; x_wconf 90' lang='lat' dir='ltr'><strong>id</strong></span> <span class='ocrx_word' id='word_1_41' title='bbox 1682 599 1767 646; x_wconf 91' lang='lat' dir='ltr'><strong>est</strong></span> <span class='ocrx_word' id='word_1_42' title='bbox 1801 590 1935 646; x_wconf 85' lang='lat' dir='ltr'><strong>cella</strong></span> <span class='ocrx_word' id='word_1_43' title='bbox 1967 590 2023 643; x_wconf 88' lang='lat' dir='ltr'><strong>S.</strong></span> 
     </span>
    </p>
   </div>
   <div class='ocr_carea' id='block_1_8' title="bbox 455 683 2024 756">
    <p class='ocr_par' dir='ltr' id='par_1_8' title="bbox 455 683 2024 756">
     <span class='ocr_line' id='line_1_8' title="bbox 455 683 2024 756; baseline -0.001 -17"><span class='ocrx_word' id='word_1_44' title='bbox 455 684 666 751; x_wconf 66' lang='lat' dir='ltr'><strong>Felicis,</strong></span> <span class='ocrx_word' id='word_1_45' title='bbox 702 699 823 739; x_wconf 91' lang='lat' dir='ltr'><strong>cum</strong></span> <span class='ocrx_word' id='word_1_46' title='bbox 854 683 1103 740; x_wconf 88' lang='lat' dir='ltr'><strong>omnibus</strong></span> <span class='ocrx_word' id='word_1_47' title='bbox 1146 685 1411 741; x_wconf 89' lang='lat' dir='ltr'><strong>tcrminiis</strong></span> <span class='ocrx_word' id='word_1_48' title='bbox 1435 695 1490 741; x_wconf 91' lang='lat' dir='ltr'><strong>et</strong></span> <span class='ocrx_word' id='word_1_49' title='bbox 1524 683 1856 756; x_wconf 87' lang='lat' dir='ltr'><strong>appendieiis</strong></span> <span class='ocrx_word' id='word_1_50' title='bbox 1895 683 2024 746; x_wconf 87' lang='lat' dir='ltr'><strong>suis.</strong></span> 
     </span>
    </p>
   </div>
   <div class='ocr_carea' id='block_1_9' title="bbox 452 773 2031 844">
    <p class='ocr_par' dir='ltr' id='par_1_9' title="bbox 452 773 2031 844">
     <span class='ocr_line' id='line_1_9' title="bbox 452 773 2031 844; baseline -0.001 -15"><span class='ocrx_word' id='word_1_51' title='bbox 452 785 508 831; x_wconf 90' lang='lat' dir='ltr'><strong>et</strong></span> <span class='ocrx_word' id='word_1_52' title='bbox 530 774 653 829; x_wconf 85' lang='lat' dir='ltr'><strong>villa</strong></span> <span class='ocrx_word' id='word_1_53' title='bbox 681 789 802 844; x_wconf 67' lang='lat' dir='ltr'><strong>qua:</strong></span> <span class='ocrx_word' id='word_1_54' title='bbox 828 774 1028 829; x_wconf 89' lang='lat' dir='ltr'><strong>dicitur</strong></span> <span class='ocrx_word' id='word_1_55' title='bbox 1057 773 1320 830; x_wconf 89' lang='lat' dir='ltr'><strong>Torrente</strong></span> <span class='ocrx_word' id='word_1_56' title='bbox 1338 816 1352 841; x_wconf 92' lang='lat'><strong>,</strong></span> <span class='ocrx_word' id='word_1_57' title='bbox 1394 786 1449 832; x_wconf 92' lang='lat' dir='ltr'><strong>et</strong></span> <span class='ocrx_word' id='word_1_58' title='bbox 1486 775 1590 830; x_wconf 89' lang='lat' dir='ltr'><strong>alio</strong></span> <span class='ocrx_word' id='word_1_59' title='bbox 1619 773 1879 830; x_wconf 89' lang='lat' dir='ltr'><strong>vocabulo</strong></span> <span class='ocrx_word' id='word_1_60' title='bbox 1906 773 2031 828; x_wconf 82' lang='lat' dir='ltr'><strong>Ala-</strong></span> 
     </span>
    </p>
   </div>
   <div class='ocr_carea' id='block_1_10' title="bbox 454 865 2030 939">
    <p class='ocr_par' dir='ltr' id='par_1_10' title="bbox 454 865 2030 939">
     <span class='ocr_line' id='line_1_10' title="bbox 454 865 2030 939; baseline 0 -18"><span class='ocrx_word' id='word_1_61' title='bbox 454 867 646 932; x_wconf 85' lang='lat' dir='ltr'><strong>tnanis,</strong></span> <span class='ocrx_word' id='word_1_62' title='bbox 674 874 729 921; x_wconf 90' lang='lat' dir='ltr'><strong>et</strong></span> <span class='ocrx_word' id='word_1_63' title='bbox 750 865 1013 936; x_wconf 90' lang='lat' dir='ltr'><strong>spedulia,</strong></span> <span class='ocrx_word' id='word_1_64' title='bbox 1046 876 1099 922; x_wconf 90' lang='lat' dir='ltr'><strong>et</strong></span> <span class='ocrx_word' id='word_1_65' title='bbox 1124 881 1223 936; x_wconf 92' lang='lat' dir='ltr'><strong>pro</strong></span> <span class='ocrx_word' id='word_1_66' title='bbox 1252 867 1601 939; x_wconf 83' lang='lat' dir='ltr'><strong>congruentia</strong></span> <span class='ocrx_word' id='word_1_67' title='bbox 1641 867 1881 923; x_wconf 66' lang='lat' dir='ltr'><strong>ecclesiae</strong></span> <span class='ocrx_word' id='word_1_68' title='bbox 1921 881 2030 922; x_wconf 70' lang='lat' dir='ltr'><strong>sum</strong></span> 
     </span>
    </p>
   </div>
   <div class='ocr_carea' id='block_1_11' title="bbox 452 955 2032 1028">
    <p class='ocr_par' dir='ltr' id='par_1_11' title="bbox 452 955 2032 1028">
     <span class='ocr_line' id='line_1_11' title="bbox 452 955 2032 1028; baseline -0.003 -14"><span class='ocrx_word' id='word_1_69' title='bbox 452 956 785 1014; x_wconf 72' lang='lat' dir='ltr'><strong>territorium</strong></span> <span class='ocrx_word' id='word_1_70' title='bbox 812 972 842 1012; x_wconf 94' lang='lat' dir='ltr'><strong>a</strong></span> <span class='ocrx_word' id='word_1_71' title='bbox 873 955 1127 1012; x_wconf 85' lang='lat' dir='ltr'><strong>Petrafita</strong></span> <span class='ocrx_word' id='word_1_72' title='bbox 1157 973 1330 1028; x_wconf 90' lang='lat' dir='ltr'><strong>usque</strong></span> <span class='ocrx_word' id='word_1_73' title='bbox 1358 973 1519 1028; x_wconf 91' lang='lat' dir='ltr'><strong>super</strong></span> <span class='ocrx_word' id='word_1_74' title='bbox 1549 974 1645 1014; x_wconf 90' lang='lat' dir='ltr'><strong>sua</strong></span> <span class='ocrx_word' id='word_1_75' title='bbox 1676 957 1908 1013; x_wconf 88' lang='lat' dir='ltr'><strong>claustra</strong></span> <span class='ocrx_word' id='word_1_76' title='bbox 1928 998 1943 1021; x_wconf 90' lang='lat'><strong>,</strong></span> <span class='ocrx_word' id='word_1_77' title='bbox 1977 964 2032 1011; x_wconf 92' lang='lat' dir='ltr'><strong>et</strong></span> 
     </span>
    </p>
   </div>
   <div class='ocr_carea' id='block_1_12' title="bbox 452 1044 2031 1118">
    <p class='ocr_par' dir='ltr' id='par_1_12' title="bbox 452 1044 2031 1118">
     <span class='ocr_line' id='line_1_12' title="bbox 452 1044 2031 1118; baseline 0.002 -20"><span class='ocrx_word' id='word_1_78' title='bbox 452 1045 698 1102; x_wconf 74' lang='lat' dir='ltr'><strong>cellulam</strong></span> <span class='ocrx_word' id='word_1_79' title='bbox 726 1047 889 1101; x_wconf 90' lang='lat' dir='ltr'><strong>etiam</strong></span> <span class='ocrx_word' id='word_1_80' title='bbox 921 1046 979 1101; x_wconf 90' lang='lat' dir='ltr'><strong>S.</strong></span> <span class='ocrx_word' id='word_1_81' title='bbox 1007 1044 1227 1112; x_wconf 66' lang='lat' dir='ltr'><strong>Iuliani,</strong></span> <span class='ocrx_word' id='word_1_82' title='bbox 1254 1046 1337 1103; x_wconf 85' lang='lat' dir='ltr'><strong>vel</strong></span> <span class='ocrx_word' id='word_1_83' title='bbox 1368 1060 1545 1103; x_wconf 90' lang='lat' dir='ltr'><strong>terras</strong></span> <span class='ocrx_word' id='word_1_84' title='bbox 1582 1063 1718 1118; x_wconf 89' lang='lat' dir='ltr'><strong>quas</strong></span> <span class='ocrx_word' id='word_1_85' title='bbox 1745 1047 1826 1101; x_wconf 91' lang='lat' dir='ltr'><strong>sui</strong></span> <span class='ocrx_word' id='word_1_86' title='bbox 1856 1045 2031 1101; x_wconf 87' lang='lat' dir='ltr'><strong>homi-</strong></span> 
     </span>
    </p>
   </div>
   <div class='ocr_carea' id='block_1_13' title="bbox 455 1138 2030 1208">
    <p class='ocr_par' dir='ltr' id='par_1_13' title="bbox 455 1138 2030 1208">
     <span class='ocr_line' id='line_1_13' title="bbox 455 1138 2030 1208; baseline 0.001 -18"><span class='ocrx_word' id='word_1_87' title='bbox 455 1149 550 1193; x_wconf 70' lang='lat' dir='ltr'><strong>nes</strong></span> <span class='ocrx_word' id='word_1_88' title='bbox 590 1151 653 1192; x_wconf 83' lang='lat' dir='ltr'><strong>ex</strong></span> <span class='ocrx_word' id='word_1_89' title='bbox 700 1151 884 1191; x_wconf 88' lang='lat' dir='ltr'><strong>eremo</strong></span> <span class='ocrx_word' id='word_1_90' title='bbox 930 1144 1249 1204; x_wconf 78' lang='lat' dir='ltr'><strong>traxerunt,</strong></span> <span class='ocrx_word' id='word_1_91' title='bbox 1294 1154 1503 1193; x_wconf 84' lang='lat' dir='ltr'><strong>necnon</strong></span> <span class='ocrx_word' id='word_1_92' title='bbox 1548 1138 1777 1193; x_wconf 86' lang='lat' dir='ltr'><strong>mediam</strong></span> <span class='ocrx_word' id='word_1_93' title='bbox 1826 1143 2030 1208; x_wconf 90' lang='lat' dir='ltr'><strong>partem</strong></span> 
     </span>
    </p>
   </div>
   <div class='ocr_carea' id='block_1_14' title="bbox 453 1226 2033 1295">
    <p class='ocr_par' dir='ltr' id='par_1_14' title="bbox 453 1226 2033 1295">
     <span class='ocr_line' id='line_1_14' title="bbox 453 1226 2033 1295; baseline 0.003 -16"><span class='ocrx_word' id='word_1_94' title='bbox 453 1226 765 1295; x_wconf 67' lang='lat' dir='ltr'><strong>pulveratici</strong></span> <span class='ocrx_word' id='word_1_95' title='bbox 793 1242 858 1281; x_wconf 79' lang='lat' dir='ltr'><strong>ex</strong></span> <span class='ocrx_word' id='word_1_96' title='bbox 883 1227 1068 1293; x_wconf 86' lang='lat' dir='ltr'><strong>ralica,</strong></span> <span class='ocrx_word' id='word_1_97' title='bbox 1099 1237 1152 1282; x_wconf 87' lang='lat' dir='ltr'><strong>et</strong></span> <span class='ocrx_word' id='word_1_98' title='bbox 1187 1243 1251 1290; x_wconf 57' lang='lat' dir='ltr'><strong>ex</strong></span> <span class='ocrx_word' id='word_1_99' title='bbox 1286 1238 1522 1283; x_wconf 89' lang='lat' dir='ltr'><strong>mercato</strong></span> <span class='ocrx_word' id='word_1_100' title='bbox 1549 1228 1815 1295; x_wconf 78' lang='lat' dir='ltr'><strong>similiter,</strong></span> <span class='ocrx_word' id='word_1_101' title='bbox 1846 1242 1939 1283; x_wconf 90' lang='lat' dir='ltr'><strong>seu</strong></span> <span class='ocrx_word' id='word_1_102' title='bbox 1967 1228 2033 1284; x_wconf 91' lang='lat' dir='ltr'><strong>de</strong></span> 
     </span>
    </p>
   </div>
   <div class='ocr_carea' id='block_1_15' title="bbox 453 1317 2033 1390">
    <p class='ocr_par' dir='ltr' id='par_1_15' title="bbox 453 1317 2033 1390">
     <span class='ocr_line' id='line_1_15' title="bbox 453 1317 2033 1390; baseline 0.003 -21"><span class='ocrx_word' id='word_1_103' title='bbox 453 1317 761 1384; x_wconf 84' lang='lat' dir='ltr'><strong>p::scnario,</strong></span> <span class='ocrx_word' id='word_1_104' title='bbox 810 1319 1298 1373; x_wconf 71' lang='lat' dir='ltr'><strong>constituet-emus:</strong></span> <span class='ocrx_word' id='word_1_105' title='bbox 1341 1335 1449 1390; x_wconf 87' lang='lat' dir='ltr'><strong>quo</strong></span> <span class='ocrx_word' id='word_1_106' title='bbox 1492 1319 1565 1373; x_wconf 88' lang='lat' dir='ltr'><strong>ita</strong></span> <span class='ocrx_word' id='word_1_107' title='bbox 1611 1326 1666 1373; x_wconf 90' lang='lat' dir='ltr'><strong>et</strong></span> <span class='ocrx_word' id='word_1_108' title='bbox 1706 1332 1804 1373; x_wconf 88' lang='lat' dir='ltr'><strong>nos</strong></span> <span class='ocrx_word' id='word_1_109' title='bbox 1841 1317 2033 1374; x_wconf 89' lang='lat' dir='ltr'><strong>fecisse</strong></span> 
     </span>
    </p>
   </div>
   <div class='ocr_carea' id='block_1_16' title="bbox 453 1408 2033 1481">
    <p class='ocr_par' dir='ltr' id='par_1_16' title="bbox 453 1408 2033 1481">
     <span class='ocr_line' id='line_1_16' title="bbox 453 1408 2033 1481; baseline 0.003 -20"><span class='ocrx_word' id='word_1_110' title='bbox 453 1408 689 1462; x_wconf 84' lang='lat' dir='ltr'><strong>omnium</strong></span> <span class='ocrx_word' id='word_1_111' title='bbox 718 1417 963 1464; x_wconf 89' lang='lat' dir='ltr'><strong>vestrum</strong></span> <span class='ocrx_word' id='word_1_112' title='bbox 998 1419 1285 1479; x_wconf 88' lang='lat' dir='ltr'><strong>cognoscat</strong></span> <span class='ocrx_word' id='word_1_113' title='bbox 1328 1410 1611 1466; x_wconf 87' lang='lat' dir='ltr'><strong>industria.</strong></span> <span class='ocrx_word' id='word_1_114' title='bbox 1651 1409 2033 1481; x_wconf 68' lang='lat' dir='ltr'><strong>Prmeipicntcs</strong></span> 
     </span>
    </p>
   </div>
   <div class='ocr_carea' id='block_1_17' title="bbox 453 1497 2034 1570">
    <p class='ocr_par' dir='ltr' id='par_1_17' title="bbox 453 1497 2034 1570">
     <span class='ocr_line' id='line_1_17' title="bbox 453 1497 2034 1570; baseline 0.002 -20"><span class='ocrx_word' id='word_1_115' title='bbox 453 1512 582 1570; x_wconf 77' lang='lat' dir='ltr'><strong>ergo</strong></span> <span class='ocrx_word' id='word_1_116' title='bbox 617 1497 869 1567; x_wconf 91' lang='lat' dir='ltr'><strong>iubemus</strong></span> <span class='ocrx_word' id='word_1_117' title='bbox 897 1506 956 1552; x_wconf 90' lang='lat' dir='ltr'><strong>ut</strong></span> <span class='ocrx_word' id='word_1_118' title='bbox 985 1498 1162 1555; x_wconf 90' lang='lat' dir='ltr'><strong>nullus</strong></span> <span class='ocrx_word' id='word_1_119' title='bbox 1183 1499 1349 1569; x_wconf 75' lang='lat' dir='ltr'><strong>iudex</strong></span> <span class='ocrx_word' id='word_1_120' title='bbox 1390 1500 1638 1570; x_wconf 89' lang='lat' dir='ltr'><strong>publicus</strong></span> <span class='ocrx_word' id='word_1_121' title='bbox 1670 1500 1752 1554; x_wconf 82' lang='lat' dir='ltr'><strong>vel</strong></span> <span class='ocrx_word' id='word_1_122' title='bbox 1780 1499 2034 1570; x_wconf 88' lang='lat' dir='ltr'><strong>quislibet</strong></span> 
     </span>
    </p>
   </div>
   <div class='ocr_carea' id='block_1_18' title="bbox 454 1585 2034 1659">
    <p class='ocr_par' dir='ltr' id='par_1_18' title="bbox 454 1585 2034 1659">
     <span class='ocr_line' id='line_1_18' title="bbox 454 1585 2034 1659; baseline 0.003 -20"><span class='ocrx_word' id='word_1_123' title='bbox 454 1604 518 1643; x_wconf 66' lang='lat' dir='ltr'><strong>ex</strong></span> <span class='ocrx_word' id='word_1_124' title='bbox 536 1585 822 1657; x_wconf 89' lang='lat' dir='ltr'><strong>iudiciaria</strong></span> <span class='ocrx_word' id='word_1_125' title='bbox 847 1596 1115 1659; x_wconf 85' lang='lat' dir='ltr'><strong>potestate</strong></span> <span class='ocrx_word' id='word_1_126' title='bbox 1141 1589 1193 1644; x_wconf 92' lang='lat' dir='ltr'><strong>in</strong></span> <span class='ocrx_word' id='word_1_127' title='bbox 1216 1590 1494 1655; x_wconf 87' lang='lat' dir='ltr'><strong>ecclesias,</strong></span> <span class='ocrx_word' id='word_1_128' title='bbox 1532 1591 1716 1655; x_wconf 90' lang='lat' dir='ltr'><strong>villas,</strong></span> <span class='ocrx_word' id='word_1_129' title='bbox 1755 1590 1870 1644; x_wconf 87' lang='lat' dir='ltr'><strong>loca</strong></span> <span class='ocrx_word' id='word_1_130' title='bbox 1891 1631 1905 1654; x_wconf 91' lang='lat'><strong>,</strong></span> <span class='ocrx_word' id='word_1_131' title='bbox 1949 1590 2034 1645; x_wconf 90' lang='lat' dir='ltr'><strong>vel</strong></span> 
     </span>
    </p>
   </div>
   <div class='ocr_carea' id='block_1_19' title="bbox 2130 401 2425 471">
    <p class='ocr_par' dir='ltr' id='par_1_19' title="bbox 2130 401 2425 471">
     <span class='ocr_line' id='line_1_19' title="bbox 2130 401 2425 471; baseline 0.003 -16"><span class='ocrx_word' id='word_1_132' title='bbox 2130 401 2425 471; x_wconf 82' lang='lat' dir='ltr'><strong>Augustus.</strong></span> 
     </span>
    </p>
   </div>
   <div class='ocr_carea' id='block_1_20' title="bbox 2202 488 3722 557">
    <p class='ocr_par' dir='ltr' id='par_1_20' title="bbox 2202 488 3722 557">
     <span class='ocr_line' id='line_1_20' title="bbox 2202 488 3722 557; baseline 0.001 -10"><span class='ocrx_word' id='word_1_133' title='bbox 2202 488 2724 547; x_wconf 85' lang='lat' dir='ltr'><strong>Omnibusﬂdelibus</strong></span> <span class='ocrx_word' id='word_1_134' title='bbox 2748 499 2950 547; x_wconf 68' lang='lat' dir='ltr'><strong>sanctae</strong></span> <span class='ocrx_word' id='word_1_135' title='bbox 2972 488 3066 546; x_wconf 82' lang='lat' dir='ltr'><strong>Dei</strong></span> <span class='ocrx_word' id='word_1_136' title='bbox 3094 491 3351 547; x_wconf 68' lang='lat' dir='ltr'><strong>Ecclesia:</strong></span> <span class='ocrx_word' id='word_1_137' title='bbox 3374 506 3439 547; x_wconf 88' lang='lat' dir='ltr'><strong>ac</strong></span> <span class='ocrx_word' id='word_1_138' title='bbox 3470 495 3685 548; x_wconf 80' lang='lat' dir='ltr'><strong>nostris</strong></span> <span class='ocrx_word' id='word_1_139' title='bbox 3702 534 3722 557; x_wconf 86' lang='lat'><strong>.</strong></span> 
     </span>
    </p>
   </div>
   <div class='ocr_carea' id='block_1_21' title="bbox 2131 580 3727 652">
    <p class='ocr_par' dir='ltr' id='par_1_21' title="bbox 2131 580 3727 652">
     <span class='ocr_line' id='line_1_21' title="bbox 2131 580 3727 652; baseline 0.001 -15"><span class='ocrx_word' id='word_1_140' title='bbox 2131 582 2487 651; x_wconf 66' lang='lat' dir='ltr'><strong>praesentibus</strong></span> <span class='ocrx_word' id='word_1_141' title='bbox 2512 590 2568 637; x_wconf 91' lang='lat' dir='ltr'><strong>et</strong></span> <span class='ocrx_word' id='word_1_142' title='bbox 2593 580 2807 648; x_wconf 86' lang='lat' dir='ltr'><strong>futuris,</strong></span> <span class='ocrx_word' id='word_1_143' title='bbox 2833 590 3019 637; x_wconf 88' lang='lat' dir='ltr'><strong>notum</strong></span> <span class='ocrx_word' id='word_1_144' title='bbox 3043 581 3115 638; x_wconf 89' lang='lat' dir='ltr'><strong>sit</strong></span> <span class='ocrx_word' id='word_1_145' title='bbox 3134 582 3259 652; x_wconf 89' lang='lat' dir='ltr'><strong>quia</strong></span> <span class='ocrx_word' id='word_1_146' title='bbox 3282 582 3366 636; x_wconf 70' lang='lat' dir='ltr'><strong>vir</strong></span> <span class='ocrx_word' id='word_1_147' title='bbox 3385 584 3727 638; x_wconf 81' lang='lat' dir='ltr'><strong>venerabilis</strong></span> 
     </span>
    </p>
   </div>
   <div class='ocr_carea' id='block_1_22' title="bbox 2130 671 3721 742">
    <p class='ocr_par' dir='ltr' id='par_1_22' title="bbox 2130 671 3721 742">
     <span class='ocr_line' id='line_1_22' title="bbox 2130 671 3721 742; baseline 0.001 -16"><span class='ocrx_word' id='word_1_148' title='bbox 2130 671 2379 728; x_wconf 83' lang='lat' dir='ltr'><strong>Aldricus</strong></span> <span class='ocrx_word' id='word_1_149' title='bbox 2425 671 2799 727; x_wconf 68' lang='lat' dir='ltr'><strong>Cenomanicm</strong></span> <span class='ocrx_word' id='word_1_150' title='bbox 2842 671 2993 727; x_wconf 87' lang='lat' dir='ltr'><strong>urbis</strong></span> <span class='ocrx_word' id='word_1_151' title='bbox 3037 672 3340 742; x_wconf 87' lang='lat' dir='ltr'><strong>episcopus,</strong></span> <span class='ocrx_word' id='word_1_152' title='bbox 3386 672 3573 727; x_wconf 83' lang='lat' dir='ltr'><strong>divino</strong></span> <span class='ocrx_word' id='word_1_153' title='bbox 3617 673 3721 728; x_wconf 81' lang='lat' dir='ltr'><strong>ho-</strong></span> 
     </span>
    </p>
   </div>
   <div class='ocr_carea' id='block_1_23' title="bbox 2132 761 3723 833">
    <p class='ocr_par' dir='ltr' id='par_1_23' title="bbox 2132 761 3723 833">
     <span class='ocr_line' id='line_1_23' title="bbox 2132 761 3723 833; baseline 0.002 -15"><span class='ocrx_word' id='word_1_154' title='bbox 2132 776 2265 818; x_wconf 90' lang='lat' dir='ltr'><strong>nore</strong></span> <span class='ocrx_word' id='word_1_155' title='bbox 2294 761 2508 818; x_wconf 76' lang='lat' dir='ltr'><strong>fervens</strong></span> <span class='ocrx_word' id='word_1_156' title='bbox 2528 763 2732 833; x_wconf 89' lang='lat' dir='ltr'><strong>pariter</strong></span> <span class='ocrx_word' id='word_1_157' title='bbox 2760 770 2815 816; x_wconf 92' lang='lat' dir='ltr'><strong>et</strong></span> <span class='ocrx_word' id='word_1_158' title='bbox 2842 778 3049 828; x_wconf 90' lang='lat' dir='ltr'><strong>amore,</strong></span> <span class='ocrx_word' id='word_1_159' title='bbox 3066 763 3505 818; x_wconf 86' lang='lat' dir='ltr'><strong>monasteriolum</strong></span> <span class='ocrx_word' id='word_1_160' title='bbox 3533 765 3589 819; x_wconf 89' lang='lat' dir='ltr'><strong>in</strong></span> <span class='ocrx_word' id='word_1_161' title='bbox 3614 780 3723 821; x_wconf 77' lang='lat' dir='ltr'><strong>sua</strong></span> 
     </span>
    </p>
   </div>
   <div class='ocr_carea' id='block_1_24' title="bbox 2131 854 3724 925">
    <p class='ocr_par' dir='ltr' id='par_1_24' title="bbox 2131 854 3724 925">
     <span class='ocr_line' id='line_1_24' title="bbox 2131 854 3724 925; baseline 0.002 -17"><span class='ocrx_word' id='word_1_162' title='bbox 2131 855 2388 925; x_wconf 85' lang='lat' dir='ltr'><strong>parocbia</strong></span> <span class='ocrx_word' id='word_1_163' title='bbox 2419 854 2562 909; x_wconf 88' lang='lat' dir='ltr'><strong>novo</strong></span> <span class='ocrx_word' id='word_1_164' title='bbox 2578 868 2745 924; x_wconf 89' lang='lat' dir='ltr'><strong>opere</strong></span> <span class='ocrx_word' id='word_1_165' title='bbox 2771 868 2975 923; x_wconf 88' lang='lat' dir='ltr'><strong>suoque</strong></span> <span class='ocrx_word' id='word_1_166' title='bbox 2989 855 3208 923; x_wconf 89' lang='lat' dir='ltr'><strong>proprio</strong></span> <span class='ocrx_word' id='word_1_167' title='bbox 3231 856 3428 909; x_wconf 89' lang='lat' dir='ltr'><strong>sudore</strong></span> <span class='ocrx_word' id='word_1_168' title='bbox 3448 864 3504 910; x_wconf 89' lang='lat' dir='ltr'><strong>et</strong></span> <span class='ocrx_word' id='word_1_169' title='bbox 3528 855 3724 911; x_wconf 85' lang='lat' dir='ltr'><strong>labore</strong></span> 
     </span>
    </p>
   </div>
   <div class='ocr_carea' id='block_1_25' title="bbox 2132 942 3719 1014">
    <p class='ocr_par' dir='ltr' id='par_1_25' title="bbox 2132 942 3719 1014">
     <span class='ocr_line' id='line_1_25' title="bbox 2132 942 3719 1014; baseline 0.003 -18"><span class='ocrx_word' id='word_1_170' title='bbox 2132 944 2186 996; x_wconf 91' lang='lat' dir='ltr'><strong>in</strong></span> <span class='ocrx_word' id='word_1_171' title='bbox 2218 944 2425 999; x_wconf 87' lang='lat' dir='ltr'><strong>honore</strong></span> <span class='ocrx_word' id='word_1_172' title='bbox 2452 944 2545 998; x_wconf 90' lang='lat' dir='ltr'><strong>Dei</strong></span> <span class='ocrx_word' id='word_1_173' title='bbox 2578 951 2633 999; x_wconf 89' lang='lat' dir='ltr'><strong>et</strong></span> <span class='ocrx_word' id='word_1_174' title='bbox 2659 942 2958 999; x_wconf 88' lang='lat' dir='ltr'><strong>Salvatoris</strong></span> <span class='ocrx_word' id='word_1_175' title='bbox 2998 946 3169 999; x_wconf 87' lang='lat' dir='ltr'><strong>nostri</strong></span> <span class='ocrx_word' id='word_1_176' title='bbox 3206 958 3271 999; x_wconf 87' lang='lat' dir='ltr'><strong>ac</strong></span> <span class='ocrx_word' id='word_1_177' title='bbox 3314 953 3521 1000; x_wconf 69' lang='lat' dir='ltr'><strong>sanctze</strong></span> <span class='ocrx_word' id='word_1_178' title='bbox 3568 945 3719 1014; x_wconf 80' lang='lat' dir='ltr'><strong>eius-</strong></span> 
     </span>
    </p>
   </div>
   <div class='ocr_carea' id='block_1_26' title="bbox 2132 1033 3724 1104">
    <p class='ocr_par' dir='ltr' id='par_1_26' title="bbox 2132 1033 3724 1104">
     <span class='ocr_line' id='line_1_26' title="bbox 2132 1033 3724 1104; baseline 0.001 -17"><span class='ocrx_word' id='word_1_179' title='bbox 2132 1033 2253 1087; x_wconf 88' lang='lat' dir='ltr'><strong>dem</strong></span> <span class='ocrx_word' id='word_1_180' title='bbox 2293 1034 2570 1103; x_wconf 73' lang='lat' dir='ltr'><strong>genitricis</strong></span> <span class='ocrx_word' id='word_1_181' title='bbox 2606 1033 2787 1088; x_wconf 64' lang='lat' dir='ltr'><strong>Marim</strong></span> <span class='ocrx_word' id='word_1_182' title='bbox 2813 1033 3206 1103; x_wconf 84' lang='lat' dir='ltr'><strong>beatorumque</strong></span> <span class='ocrx_word' id='word_1_183' title='bbox 3242 1042 3545 1104; x_wconf 78' lang='lat' dir='ltr'><strong>martyrum</strong></span> <span class='ocrx_word' id='word_1_184' title='bbox 3576 1033 3724 1089; x_wconf 82' lang='lat' dir='ltr'><strong>Ger-</strong></span> 
     </span>
    </p>
   </div>
   <div class='ocr_carea' id='block_1_27' title="bbox 2131 1118 3724 1192">
    <p class='ocr_par' dir='ltr' id='par_1_27' title="bbox 2131 1118 3724 1192">
     <span class='ocr_line' id='line_1_27' title="bbox 2131 1118 3724 1192; baseline -0.001 -15"><span class='ocrx_word' id='word_1_185' title='bbox 2131 1123 2269 1177; x_wconf 81' lang='lat' dir='ltr'><strong>vasii</strong></span> <span class='ocrx_word' id='word_1_186' title='bbox 2299 1132 2353 1177; x_wconf 93' lang='lat' dir='ltr'><strong>et</strong></span> <span class='ocrx_word' id='word_1_187' title='bbox 2375 1120 2603 1178; x_wconf 79' lang='lat' dir='ltr'><strong>Protasii</strong></span> <span class='ocrx_word' id='word_1_188' title='bbox 2626 1130 2789 1192; x_wconf 90' lang='lat' dir='ltr'><strong>atque</strong></span> <span class='ocrx_word' id='word_1_189' title='bbox 2815 1118 3075 1192; x_wconf 80' lang='lat' dir='ltr'><strong>Stephani</strong></span> <span class='ocrx_word' id='word_1_190' title='bbox 3099 1130 3526 1191; x_wconf 77' lang='lat' dir='ltr'><strong>cunctarumque</strong></span> <span class='ocrx_word' id='word_1_191' title='bbox 3556 1138 3724 1192; x_wconf 79' lang='lat' dir='ltr'><strong>gene-</strong></span> 
     </span>
    </p>
   </div>
   <div class='ocr_carea' id='block_1_28' title="bbox 2134 1211 3722 1283">
    <p class='ocr_par' dir='ltr' id='par_1_28' title="bbox 2134 1211 3722 1283">
     <span class='ocr_line' id='line_1_28' title="bbox 2134 1211 3722 1283; baseline -0.001 -16"><span class='ocrx_word' id='word_1_192' title='bbox 2134 1214 2320 1268; x_wconf 87' lang='lat' dir='ltr'><strong>raliter</strong></span> <span class='ocrx_word' id='word_1_193' title='bbox 2339 1221 2647 1268; x_wconf 87' lang='lat' dir='ltr'><strong>sanctorum</strong></span> <span class='ocrx_word' id='word_1_194' title='bbox 2672 1212 2724 1266; x_wconf 90' lang='lat' dir='ltr'><strong>in</strong></span> <span class='ocrx_word' id='word_1_195' title='bbox 2751 1212 2870 1266; x_wconf 88' lang='lat' dir='ltr'><strong>loco</strong></span> <span class='ocrx_word' id='word_1_196' title='bbox 2894 1214 2985 1281; x_wconf 91' lang='lat' dir='ltr'><strong>qui</strong></span> <span class='ocrx_word' id='word_1_197' title='bbox 3000 1212 3150 1281; x_wconf 90' lang='lat' dir='ltr'><strong>prius</strong></span> <span class='ocrx_word' id='word_1_198' title='bbox 3170 1212 3329 1283; x_wconf 80' lang='lat' dir='ltr'><strong>vulgo</strong></span> <span class='ocrx_word' id='word_1_199' title='bbox 3349 1211 3603 1267; x_wconf 81' lang='lat' dir='ltr'><strong>Broialus‘</strong></span> <span class='ocrx_word' id='word_1_200' title='bbox 3620 1229 3722 1266; x_wconf 86' lang='lat' dir='ltr'><strong>vo-</strong></span> 
     </span>
    </p>
   </div>
   <div class='ocr_carea' id='block_1_29' title="bbox 2134 1299 3723 1373">
    <p class='ocr_par' dir='ltr' id='par_1_29' title="bbox 2134 1299 3723 1373">
     <span class='ocr_line' id='line_1_29' title="bbox 2134 1299 3723 1373; baseline -0.001 -15"><span class='ocrx_word' id='word_1_201' title='bbox 2134 1304 2376 1367; x_wconf 86' lang='lat' dir='ltr'><strong>cabatur,</strong></span> <span class='ocrx_word' id='word_1_202' title='bbox 2409 1306 2725 1358; x_wconf 79' lang='lat' dir='ltr'><strong>construere</strong></span> <span class='ocrx_word' id='word_1_203' title='bbox 2750 1303 2980 1365; x_wconf 84' lang='lat' dir='ltr'><strong>studuit.</strong></span> <span class='ocrx_word' id='word_1_204' title='bbox 3020 1309 3075 1355; x_wconf 90' lang='lat' dir='ltr'><strong>et</strong></span> <span class='ocrx_word' id='word_1_205' title='bbox 3086 1299 3171 1356; x_wconf 68' lang='lat' dir='ltr'><strong>3ad</strong></span> <span class='ocrx_word' id='word_1_206' title='bbox 3198 1310 3442 1372; x_wconf 86' lang='lat' dir='ltr'><strong>optatum</strong></span> <span class='ocrx_word' id='word_1_207' title='bbox 3459 1302 3723 1373; x_wconf 81' lang='lat' dir='ltr'><strong>dignum-</strong></span> 
     </span>
    </p>
   </div>
   <div class='ocr_carea' id='block_1_30' title="bbox 2134 1388 3727 1461">
    <p class='ocr_par' dir='ltr' id='par_1_30' title="bbox 2134 1388 3727 1461">
     <span class='ocr_line' id='line_1_30' title="bbox 2134 1388 3727 1461; baseline -0.001 -16"><span class='ocrx_word' id='word_1_208' title='bbox 2134 1407 2240 1461; x_wconf 92' lang='lat' dir='ltr'><strong>que</strong></span> <span class='ocrx_word' id='word_1_209' title='bbox 2272 1392 2525 1447; x_wconf 88' lang='lat' dir='ltr'><strong>decorem</strong></span> <span class='ocrx_word' id='word_1_210' title='bbox 2555 1398 2719 1459; x_wconf 87' lang='lat' dir='ltr'><strong>atque</strong></span> <span class='ocrx_word' id='word_1_211' title='bbox 2736 1388 3127 1459; x_wconf 88' lang='lat' dir='ltr'><strong>perfectionem</strong></span> <span class='ocrx_word' id='word_1_212' title='bbox 3153 1404 3366 1444; x_wconf 90' lang='lat' dir='ltr'><strong>summo</strong></span> <span class='ocrx_word' id='word_1_213' title='bbox 3388 1391 3572 1445; x_wconf 87' lang='lat' dir='ltr'><strong>studio</strong></span> <span class='ocrx_word' id='word_1_214' title='bbox 3593 1406 3727 1461; x_wconf 83' lang='lat' dir='ltr'><strong>per-</strong></span> 
     </span>
    </p>
   </div>
   <div class='ocr_carea' id='block_1_31' title="bbox 2134 1483 3728 1553">
    <p class='ocr_par' dir='ltr' id='par_1_31' title="bbox 2134 1483 3728 1553">
     <span class='ocr_line' id='line_1_31' title="bbox 2134 1483 3728 1553; baseline -0.001 -14"><span class='ocrx_word' id='word_1_215' title='bbox 2134 1485 2330 1539; x_wconf 89' lang='lat' dir='ltr'><strong>ducere</strong></span> <span class='ocrx_word' id='word_1_216' title='bbox 2378 1483 2719 1553; x_wconf 85' lang='lat' dir='ltr'><strong>procuravit,</strong></span> <span class='ocrx_word' id='word_1_217' title='bbox 2768 1495 3117 1550; x_wconf 84' lang='lat' dir='ltr'><strong>congruoque</strong></span> <span class='ocrx_word' id='word_1_218' title='bbox 3160 1490 3402 1551; x_wconf 81' lang='lat' dir='ltr'><strong>tempore</strong></span> <span class='ocrx_word' id='word_1_219' title='bbox 3446 1483 3728 1538; x_wconf 76' lang='lat' dir='ltr'><strong>dedicavit</strong></span> 
     </span>
    </p>
   </div>
   <div class='ocr_carea' id='block_1_32' title="bbox 2135 1570 3729 1641">
    <p class='ocr_par' dir='ltr' id='par_1_32' title="bbox 2135 1570 3729 1641">
     <span class='ocr_line' id='line_1_32' title="bbox 2135 1570 3729 1641; baseline -0.006 -9"><span class='ocrx_word' id='word_1_220' title='bbox 2135 1574 2467 1640; x_wconf 88' lang='lat' dir='ltr'><strong>solemniter,</strong></span> <span class='ocrx_word' id='word_1_221' title='bbox 2497 1574 2645 1629; x_wconf 87' lang='lat' dir='ltr'><strong>etde</strong></span> <span class='ocrx_word' id='word_1_222' title='bbox 2674 1572 2833 1627; x_wconf 87' lang='lat' dir='ltr'><strong>rebus</strong></span> <span class='ocrx_word' id='word_1_223' title='bbox 2856 1572 2970 1641; x_wconf 90' lang='lat' dir='ltr'><strong>iam</strong></span> <span class='ocrx_word' id='word_1_224' title='bbox 2999 1570 3157 1626; x_wconf 79' lang='lat' dir='ltr'><strong>dicta:</strong></span> <span class='ocrx_word' id='word_1_225' title='bbox 3202 1571 3347 1626; x_wconf 86' lang='lat' dir='ltr'><strong>sedis</strong></span> <span class='ocrx_word' id='word_1_226' title='bbox 3370 1570 3475 1626; x_wconf 87' lang='lat' dir='ltr'><strong>sibi</strong></span> 
     </span>
    </p>
   </div>
   <div class='ocr_carea' id='block_1_33' title="bbox 454 1662 2036 1749">
    <p class='ocr_par' dir='ltr' id='par_1_33' title="bbox 454 1679 2029 1749">
     <span class='ocr_line' id='line_1_33' title="bbox 454 1679 2029 1749; baseline 0.002 -17"><span class='ocrx_word' id='word_1_227' title='bbox 454 1694 636 1747; x_wconf 78' lang='lat' dir='ltr'><strong>agros,</strong></span> <span class='ocrx_word' id='word_1_228' title='bbox 663 1694 755 1733; x_wconf 90' lang='lat' dir='ltr'><strong>seu</strong></span> <span class='ocrx_word' id='word_1_229' title='bbox 779 1680 1016 1749; x_wconf 89' lang='lat' dir='ltr'><strong>reliquas</strong></span> <span class='ocrx_word' id='word_1_230' title='bbox 1043 1682 1414 1749; x_wconf 85' lang='lat' dir='ltr'><strong>possessiones</strong></span> <span class='ocrx_word' id='word_1_231' title='bbox 1436 1691 1747 1736; x_wconf 82' lang='lat' dir='ltr'><strong>memoratae</strong></span> <span class='ocrx_word' id='word_1_232' title='bbox 1768 1679 2029 1746; x_wconf 71' lang='lat' dir='ltr'><strong>ecclesiae,</strong></span> 
     </span>
    </p>
   </div>
   <div class='ocr_carea' id='block_1_34' title="bbox 2140 1662 3727 1749">
    <p class='ocr_par' dir='ltr' id='par_1_34' title="bbox 2140 1662 3727 1749">
     <span class='ocr_line' id='line_1_34' title="bbox 2140 1662 3727 1749; baseline -0.002 -28"><span class='ocrx_word' id='word_1_233' title='bbox 2140 1673 2222 1721; x_wconf 89' lang='lat' dir='ltr'><strong>tus</strong></span> <span class='ocrx_word' id='word_1_234' title='bbox 2246 1665 2550 1721; x_wconf 77' lang='lat' dir='ltr'><strong>commissa:</strong></span> <span class='ocrx_word' id='word_1_235' title='bbox 2571 1663 2900 1749; x_wconf 71' lang='lat' dir='ltr'><strong>sullicienter</strong></span> <span class='ocrx_word' id='word_1_236' title='bbox 2927 1662 2995 1716; x_wconf 88' lang='lat' dir='ltr'><strong>ad</strong></span> <span class='ocrx_word' id='word_1_237' title='bbox 3026 1662 3380 1717; x_wconf 84' lang='lat' dir='ltr'><strong>necessitates</strong></span> <span class='ocrx_word' id='word_1_238' title='bbox 3399 1662 3584 1717; x_wconf 86' lang='lat' dir='ltr'><strong>varias</strong></span> <span class='ocrx_word' id='word_1_239' title='bbox 3607 1679 3727 1718; x_wconf 84' lang='lat' dir='ltr'><strong>mo-</strong></span> 
     </span>
    </p>
   </div>
   <div class='ocr_carea' id='block_1_35' title="bbox 454 1768 2033 1842">
    <p class='ocr_par' dir='ltr' id='par_1_35' title="bbox 454 1768 2033 1842">
     <span class='ocr_line' id='line_1_35' title="bbox 454 1768 2033 1842; baseline 0.004 -22"><span class='ocrx_word' id='word_1_240' title='bbox 454 1783 587 1835; x_wconf 78' lang='lat' dir='ltr'><strong>quas</strong></span> <span class='ocrx_word' id='word_1_241' title='bbox 616 1768 871 1822; x_wconf 88' lang='lat' dir='ltr'><strong>moderno</strong></span> <span class='ocrx_word' id='word_1_242' title='bbox 915 1776 1158 1839; x_wconf 87' lang='lat' dir='ltr'><strong>tempore</strong></span> <span class='ocrx_word' id='word_1_243' title='bbox 1201 1772 1472 1841; x_wconf 84' lang='lat' dir='ltr'><strong>possidet,</strong></span> <span class='ocrx_word' id='word_1_244' title='bbox 1509 1771 1594 1826; x_wconf 88' lang='lat' dir='ltr'><strong>vel</strong></span> <span class='ocrx_word' id='word_1_245' title='bbox 1631 1786 1749 1842; x_wconf 68' lang='lat' dir='ltr'><strong>qua:</strong></span> <span class='ocrx_word' id='word_1_246' title='bbox 1776 1770 2033 1842; x_wconf 75' lang='lat' dir='ltr'><strong>deinceps</strong></span> 
     </span>
    </p>
   </div>
   <div class='ocr_carea' id='block_1_36' title="bbox 458 1856 2034 1935">
    <p class='ocr_par' dir='ltr' id='par_1_36' title="bbox 458 1856 2034 1935">
     <span class='ocr_line' id='line_1_36' title="bbox 458 1856 2034 1935; baseline 0.004 -23"><span class='ocrx_word' id='word_1_247' title='bbox 458 1858 507 1912; x_wconf 83' lang='lat' dir='ltr'><strong>in</strong></span> <span class='ocrx_word' id='word_1_248' title='bbox 529 1856 650 1927; x_wconf 86' lang='lat' dir='ltr'><strong>jure</strong></span> <span class='ocrx_word' id='word_1_249' title='bbox 682 1858 850 1927; x_wconf 86' lang='lat' dir='ltr'><strong>ipsius</strong></span> <span class='ocrx_word' id='word_1_250' title='bbox 882 1858 983 1913; x_wconf 92' lang='lat' dir='ltr'><strong>loci</strong></span> <span class='ocrx_word' id='word_1_251' title='bbox 1013 1860 1244 1915; x_wconf 87' lang='lat' dir='ltr'><strong>voluerit</strong></span> <span class='ocrx_word' id='word_1_252' title='bbox 1280 1862 1460 1916; x_wconf 88' lang='lat' dir='ltr'><strong>divina</strong></span> <span class='ocrx_word' id='word_1_253' title='bbox 1498 1863 1674 1933; x_wconf 90' lang='lat' dir='ltr'><strong>pietas</strong></span> <span class='ocrx_word' id='word_1_254' title='bbox 1718 1864 1933 1935; x_wconf 89' lang='lat' dir='ltr'><strong>augeri,</strong></span> <span class='ocrx_word' id='word_1_255' title='bbox 1966 1864 2034 1918; x_wconf 88' lang='lat' dir='ltr'><strong>ad</strong></span> 
     </span>
    </p>
   </div>
   <div class='ocr_carea' id='block_1_37' title="bbox 454 1946 2033 2021">
    <p class='ocr_par' dir='ltr' id='par_1_37' title="bbox 454 1946 2033 2021">
     <span class='ocr_line' id='line_1_37' title="bbox 454 1946 2033 2021; baseline 0.003 -18"><span class='ocrx_word' id='word_1_256' title='bbox 454 1963 647 2003; x_wconf 71' lang='lat' dir='ltr'><strong>causas</strong></span> <span class='ocrx_word' id='word_1_257' title='bbox 665 1946 953 2015; x_wconf 80' lang='lat' dir='ltr'><strong>iudiciaria</strong></span> <span class='ocrx_word' id='word_1_258' title='bbox 988 1966 1136 2004; x_wconf 91' lang='lat' dir='ltr'><strong>more</strong></span> <span class='ocrx_word' id='word_1_259' title='bbox 1173 1952 1467 2007; x_wconf 90' lang='lat' dir='ltr'><strong>audiendas</strong></span> <span class='ocrx_word' id='word_1_260' title='bbox 1508 1952 1591 2007; x_wconf 86' lang='lat' dir='ltr'><strong>vel</strong></span> <span class='ocrx_word' id='word_1_261' title='bbox 1638 1953 2033 2021; x_wconf 78' lang='lat' dir='ltr'><strong>discutiendns,</strong></span> 
     </span>
    </p>
   </div>
   <div class='ocr_carea' id='block_1_38' title="bbox 454 2037 2038 2114">
    <p class='ocr_par' dir='ltr' id='par_1_38' title="bbox 454 2037 2038 2114">
     <span class='ocr_line' id='line_1_38' title="bbox 454 2037 2038 2114; baseline 0.004 -22"><span class='ocrx_word' id='word_1_262' title='bbox 454 2037 543 2092; x_wconf 76' lang='lat' dir='ltr'><strong>vel</strong></span> <span class='ocrx_word' id='word_1_263' title='bbox 563 2038 710 2093; x_wconf 75' lang='lat' dir='ltr'><strong>freda</strong></span> <span class='ocrx_word' id='word_1_264' title='bbox 732 2040 1016 2109; x_wconf 78' lang='lat' dir='ltr'><strong>exigenda,</strong></span> <span class='ocrx_word' id='word_1_265' title='bbox 1044 2050 1136 2095; x_wconf 90' lang='lat' dir='ltr'><strong>aut</strong></span> <span class='ocrx_word' id='word_1_266' title='bbox 1161 2044 1468 2097; x_wconf 89' lang='lat' dir='ltr'><strong>mansiones</strong></span> <span class='ocrx_word' id='word_1_267' title='bbox 1490 2043 1571 2099; x_wconf 86' lang='lat' dir='ltr'><strong>vel</strong></span> <span class='ocrx_word' id='word_1_268' title='bbox 1601 2053 1817 2114; x_wconf 88' lang='lat' dir='ltr'><strong>paratas</strong></span> <span class='ocrx_word' id='word_1_269' title='bbox 1841 2043 2038 2100; x_wconf 79' lang='lat' dir='ltr'><strong>facien-</strong></span> 
     </span>
    </p>
   </div>
   <div class='ocr_carea' id='block_1_39' title="bbox 456 2128 2036 2207">
    <p class='ocr_par' dir='ltr' id='par_1_39' title="bbox 456 2128 2036 2207">
     <span class='ocr_line' id='line_1_39' title="bbox 456 2128 2036 2207; baseline 0.006 -26"><span class='ocrx_word' id='word_1_270' title='bbox 456 2131 570 2192; x_wconf 74' lang='lat' dir='ltr'><strong>das,</strong></span> <span class='ocrx_word' id='word_1_271' title='bbox 594 2139 684 2183; x_wconf 86' lang='lat' dir='ltr'><strong>ant</strong></span> <span class='ocrx_word' id='word_1_272' title='bbox 714 2128 1059 2199; x_wconf 80' lang='lat' dir='ltr'><strong>ﬁdeiussores</strong></span> <span class='ocrx_word' id='word_1_273' title='bbox 1106 2130 1403 2198; x_wconf 90' lang='lat' dir='ltr'><strong>tollendos,</strong></span> <span class='ocrx_word' id='word_1_274' title='bbox 1452 2143 1545 2188; x_wconf 93' lang='lat' dir='ltr'><strong>aut</strong></span> <span class='ocrx_word' id='word_1_275' title='bbox 1591 2135 1839 2190; x_wconf 88' lang='lat' dir='ltr'><strong>homines</strong></span> <span class='ocrx_word' id='word_1_276' title='bbox 1868 2136 2036 2207; x_wconf 89' lang='lat' dir='ltr'><strong>ipsius</strong></span> 
     </span>
    </p>
   </div>
   <div class='ocr_carea' id='block_1_40' title="bbox 455 2218 2035 2295">
    <p class='ocr_par' dir='ltr' id='par_1_40' title="bbox 455 2218 2035 2295">
     <span class='ocr_line' id='line_1_40' title="bbox 455 2218 2035 2295; baseline 0.008 -24"><span class='ocrx_word' id='word_1_277' title='bbox 455 2218 695 2273; x_wconf 80' lang='lat' dir='ltr'><strong>ecclesia:</strong></span> <span class='ocrx_word' id='word_1_278' title='bbox 715 2227 901 2275; x_wconf 91' lang='lat' dir='ltr'><strong>contra</strong></span> <span class='ocrx_word' id='word_1_279' title='bbox 938 2221 1163 2277; x_wconf 77' lang='lat' dir='ltr'><strong>rationis</strong></span> <span class='ocrx_word' id='word_1_280' title='bbox 1188 2223 1432 2279; x_wconf 90' lang='lat' dir='ltr'><strong>ordinem</strong></span> <span class='ocrx_word' id='word_1_281' title='bbox 1463 2224 1860 2295; x_wconf 86' lang='lat' dir='ltr'><strong>distringendos</strong></span> <span class='ocrx_word' id='word_1_282' title='bbox 1880 2268 1894 2291; x_wconf 92' lang='lat'><strong>,</strong></span> <span class='ocrx_word' id='word_1_283' title='bbox 1935 2242 2035 2283; x_wconf 91' lang='lat' dir='ltr'><strong>nec</strong></span> 
     </span>
    </p>
   </div>
   <div class='ocr_carea' id='block_1_41' title="bbox 458 2306 2033 2387">
    <p class='ocr_par' dir='ltr' id='par_1_41' title="bbox 458 2306 2033 2387">
     <span class='ocr_line' id='line_1_41' title="bbox 458 2306 2033 2387; baseline 0.008 -27"><span class='ocrx_word' id='word_1_284' title='bbox 458 2306 593 2361; x_wconf 83' lang='lat' dir='ltr'><strong>ullas</strong></span> <span class='ocrx_word' id='word_1_285' title='bbox 624 2308 1008 2365; x_wconf 87' lang='lat' dir='ltr'><strong>redhibitioncs</strong></span> <span class='ocrx_word' id='word_1_286' title='bbox 1035 2324 1135 2366; x_wconf 90' lang='lat' dir='ltr'><strong>nec</strong></span> <span class='ocrx_word' id='word_1_287' title='bbox 1165 2310 1380 2368; x_wconf 88' lang='lat' dir='ltr'><strong>illicitas</strong></span> <span class='ocrx_word' id='word_1_288' title='bbox 1413 2314 1728 2371; x_wconf 80' lang='lat' dir='ltr'><strong>occasiones</strong></span> <span class='ocrx_word' id='word_1_289' title='bbox 1754 2318 2033 2387; x_wconf 87' lang='lat' dir='ltr'><strong>requiren-</strong></span> 
     </span>
    </p>
   </div>
   <div class='ocr_carea' id='block_1_42' title="bbox 455 2399 2037 2476">
    <p class='ocr_par' dir='ltr' id='par_1_42' title="bbox 455 2399 2037 2476">
     <span class='ocr_line' id='line_1_42' title="bbox 455 2399 2037 2476; baseline 0.008 -24"><span class='ocrx_word' id='word_1_290' title='bbox 455 2400 570 2464; x_wconf 84' lang='lat' dir='ltr'><strong>das,</strong></span> <span class='ocrx_word' id='word_1_291' title='bbox 590 2399 796 2470; x_wconf 85' lang='lat' dir='ltr'><strong>ingredi</strong></span> <span class='ocrx_word' id='word_1_292' title='bbox 824 2401 1037 2456; x_wconf 89' lang='lat' dir='ltr'><strong>audeat.</strong></span> <span class='ocrx_word' id='word_1_293' title='bbox 1057 2401 1404 2473; x_wconf 68' lang='lat' dir='ltr'><strong>Praecipimus</strong></span> <span class='ocrx_word' id='word_1_294' title='bbox 1425 2405 1587 2459; x_wconf 91' lang='lat' dir='ltr'><strong>etiam</strong></span> <span class='ocrx_word' id='word_1_295' title='bbox 1610 2415 1769 2476; x_wconf 87' lang='lat' dir='ltr'><strong>atque</strong></span> <span class='ocrx_word' id='word_1_296' title='bbox 1787 2405 2037 2475; x_wconf 86' lang='lat' dir='ltr'><strong>iubemus</strong></span> 
     </span>
    </p>
   </div>
   <div class='ocr_carea' id='block_1_43' title="bbox 455 2491 2039 2567">
    <p class='ocr_par' dir='ltr' id='par_1_43' title="bbox 455 2491 2039 2567">
     <span class='ocr_line' id='line_1_43' title="bbox 455 2491 2039 2567; baseline 0.008 -28"><span class='ocrx_word' id='word_1_297' title='bbox 455 2497 513 2540; x_wconf 90' lang='lat' dir='ltr'><strong>ut</strong></span> <span class='ocrx_word' id='word_1_298' title='bbox 542 2503 629 2545; x_wconf 82' lang='lat' dir='ltr'><strong>res</strong></span> <span class='ocrx_word' id='word_1_299' title='bbox 655 2503 789 2559; x_wconf 71' lang='lat' dir='ltr'><strong>quas</strong></span> <span class='ocrx_word' id='word_1_300' title='bbox 820 2491 1079 2545; x_wconf 87' lang='lat' dir='ltr'><strong>moderno</strong></span> <span class='ocrx_word' id='word_1_301' title='bbox 1108 2498 1352 2561; x_wconf 91' lang='lat' dir='ltr'><strong>tempore</strong></span> <span class='ocrx_word' id='word_1_302' title='bbox 1373 2491 1520 2561; x_wconf 91' lang='lat' dir='ltr'><strong>iuste</strong></span> <span class='ocrx_word' id='word_1_303' title='bbox 1554 2500 1610 2549; x_wconf 90' lang='lat' dir='ltr'><strong>et</strong></span> <span class='ocrx_word' id='word_1_304' title='bbox 1647 2494 1892 2565; x_wconf 89' lang='lat' dir='ltr'><strong>legaliter</strong></span> <span class='ocrx_word' id='word_1_305' title='bbox 1915 2511 2039 2567; x_wconf 87' lang='lat' dir='ltr'><strong>pos-</strong></span> 
     </span>
    </p>
   </div>
   <div class='ocr_carea' id='block_1_44' title="bbox 457 2579 2036 2656">
    <p class='ocr_par' dir='ltr' id='par_1_44' title="bbox 457 2579 2036 2656">
     <span class='ocr_line' id='line_1_44' title="bbox 457 2579 2036 2656; baseline 0.008 -25"><span class='ocrx_word' id='word_1_306' title='bbox 457 2579 613 2643; x_wconf 81' lang='lat' dir='ltr'><strong>sidel,</strong></span> <span class='ocrx_word' id='word_1_307' title='bbox 645 2580 731 2635; x_wconf 81' lang='lat' dir='ltr'><strong>vel</strong></span> <span class='ocrx_word' id='word_1_308' title='bbox 750 2596 870 2651; x_wconf 75' lang='lat' dir='ltr'><strong>quae</strong></span> <span class='ocrx_word' id='word_1_309' title='bbox 900 2581 1099 2636; x_wconf 89' lang='lat' dir='ltr'><strong>ibidem</strong></span> <span class='ocrx_word' id='word_1_310' title='bbox 1140 2582 1318 2638; x_wconf 89' lang='lat' dir='ltr'><strong>divina</strong></span> <span class='ocrx_word' id='word_1_311' title='bbox 1347 2583 1520 2654; x_wconf 91' lang='lat' dir='ltr'><strong>pietas</strong></span> <span class='ocrx_word' id='word_1_312' title='bbox 1559 2586 1743 2656; x_wconf 88' lang='lat' dir='ltr'><strong>augeri</strong></span> <span class='ocrx_word' id='word_1_313' title='bbox 1773 2586 2036 2655; x_wconf 90' lang='lat' dir='ltr'><strong>voluerit,</strong></span> 
     </span>
    </p>
   </div>
   <div class='ocr_carea' id='block_1_45' title="bbox 458 2670 2038 2745">
    <p class='ocr_par' dir='ltr' id='par_1_45' title="bbox 458 2670 2038 2745">
     <span class='ocr_line' id='line_1_45' title="bbox 458 2670 2038 2745; baseline 0.005 -22"><span class='ocrx_word' id='word_1_314' title='bbox 458 2671 511 2723; x_wconf 89' lang='lat' dir='ltr'><strong>in</strong></span> <span class='ocrx_word' id='word_1_315' title='bbox 541 2682 727 2724; x_wconf 85' lang='lat' dir='ltr'><strong>eorum</strong></span> <span class='ocrx_word' id='word_1_316' title='bbox 758 2670 881 2742; x_wconf 91' lang='lat' dir='ltr'><strong>iure</strong></span> <span class='ocrx_word' id='word_1_317' title='bbox 909 2680 963 2727; x_wconf 90' lang='lat' dir='ltr'><strong>et</strong></span> <span class='ocrx_word' id='word_1_318' title='bbox 995 2672 1361 2728; x_wconf 87' lang='lat' dir='ltr'><strong>dominatione</strong></span> <span class='ocrx_word' id='word_1_319' title='bbox 1395 2673 1599 2744; x_wconf 88' lang='lat' dir='ltr'><strong>absque</strong></span> <span class='ocrx_word' id='word_1_320' title='bbox 1641 2674 1925 2745; x_wconf 88' lang='lat' dir='ltr'><strong>cuiuslibet</strong></span> <span class='ocrx_word' id='word_1_321' title='bbox 1950 2677 2038 2731; x_wconf 90' lang='lat' dir='ltr'><strong>in—</strong></span> 
     </span>
    </p>
   </div>
   <div class='ocr_carea' id='block_1_46' title="bbox 455 2761 2039 2836">
    <p class='ocr_par' dir='ltr' id='par_1_46' title="bbox 455 2761 2039 2836">
     <span class='ocr_line' id='line_1_46' title="bbox 455 2761 2039 2836; baseline 0.004 -23"><span class='ocrx_word' id='word_1_322' title='bbox 455 2761 771 2829; x_wconf 83' lang='lat' dir='ltr'><strong>quietudine</strong></span> <span class='ocrx_word' id='word_1_323' title='bbox 800 2769 893 2816; x_wconf 90' lang='lat' dir='ltr'><strong>aut</strong></span> <span class='ocrx_word' id='word_1_324' title='bbox 916 2761 1101 2818; x_wconf 87' lang='lat' dir='ltr'><strong>illicita</strong></span> <span class='ocrx_word' id='word_1_325' title='bbox 1125 2764 1508 2820; x_wconf 89' lang='lat' dir='ltr'><strong>contrarietate</strong></span> <span class='ocrx_word' id='word_1_326' title='bbox 1526 2764 1840 2835; x_wconf 89' lang='lat' dir='ltr'><strong>persistant,</strong></span> <span class='ocrx_word' id='word_1_327' title='bbox 1863 2780 2039 2836; x_wconf 91' lang='lat' dir='ltr'><strong>neque</strong></span> 
     </span>
    </p>
   </div>
   <div class='ocr_carea' id='block_1_47' title="bbox 458 2850 2039 2924">
    <p class='ocr_par' dir='ltr' id='par_1_47' title="bbox 458 2850 2039 2924">
     <span class='ocr_line' id='line_1_47' title="bbox 458 2850 2039 2924; baseline 0.003 -20"><span class='ocrx_word' id='word_1_328' title='bbox 458 2852 620 2906; x_wconf 82' lang='lat' dir='ltr'><strong>ullam</strong></span> <span class='ocrx_word' id='word_1_329' title='bbox 645 2850 938 2907; x_wconf 89' lang='lat' dir='ltr'><strong>indebitam</strong></span> <span class='ocrx_word' id='word_1_330' title='bbox 966 2852 1291 2908; x_wconf 91' lang='lat' dir='ltr'><strong>calumniam</strong></span> <span class='ocrx_word' id='word_1_331' title='bbox 1327 2861 1421 2908; x_wconf 92' lang='lat' dir='ltr'><strong>aut</strong></span> <span class='ocrx_word' id='word_1_332' title='bbox 1454 2854 1830 2924; x_wconf 87' lang='lat' dir='ltr'><strong>repetitionem</strong></span> <span class='ocrx_word' id='word_1_333' title='bbox 1866 2854 1933 2908; x_wconf 91' lang='lat' dir='ltr'><strong>de</strong></span> <span class='ocrx_word' id='word_1_334' title='bbox 1957 2854 2039 2909; x_wconf 90' lang='lat' dir='ltr'><strong>eis</strong></span> 
     </span>
    </p>
   </div>
   <div class='ocr_carea' id='block_1_48' title="bbox 457 2941 2041 3019">
    <p class='ocr_par' dir='ltr' id='par_1_48' title="bbox 457 2941 2041 3019">
     <span class='ocr_line' id='line_1_48' title="bbox 457 2941 2041 3019; baseline 0.002 -25"><span class='ocrx_word' id='word_1_335' title='bbox 457 2959 485 2994; x_wconf 76' lang='grc' dir='ltr'>τι</span> <span class='ocrx_word' id='word_1_336' title='bbox 517 2955 786 3019; x_wconf 72' lang='lat' dir='ltr'><strong>quoquam</strong></span> <span class='ocrx_word' id='word_1_337' title='bbox 813 2941 922 2997; x_wconf 91' lang='lat' dir='ltr'><strong>ullo</strong></span> <span class='ocrx_word' id='word_1_338' title='bbox 956 2957 1193 3011; x_wconf 82' lang='lat' dir='ltr'><strong>unquam</strong></span> <span class='ocrx_word' id='word_1_339' title='bbox 1223 2950 1463 3013; x_wconf 87' lang='lat' dir='ltr'><strong>tempore</strong></span> <span class='ocrx_word' id='word_1_340' title='bbox 1487 2944 1798 3014; x_wconf 89' lang='lat' dir='ltr'><strong>patiantur;</strong></span> <span class='ocrx_word' id='word_1_341' title='bbox 1843 2944 1938 2998; x_wconf 88' lang='lat' dir='ltr'><strong>sed</strong></span> <span class='ocrx_word' id='word_1_342' title='bbox 1979 2942 2041 2997; x_wconf 88' lang='lat' dir='ltr'><strong>li-</strong></span> 
     </span>
    </p>
   </div>
   <div class='ocr_carea' id='block_1_49' title="bbox 2134 1742 3730 1815">
    <p class='ocr_par' dir='ltr' id='par_1_49' title="bbox 2134 1742 3730 1815">
     <span class='ocr_line' id='line_1_49' title="bbox 2134 1742 3730 1815; baseline -0.002 -1"><span class='ocrx_word' id='word_1_343' title='bbox 2134 1759 2430 1815; x_wconf 87' lang='lat' dir='ltr'><strong>naehorum</strong></span> <span class='ocrx_word' id='word_1_344' title='bbox 2463 1758 2516 1811; x_wconf 91' lang='lat' dir='ltr'><strong>in</strong></span> <span class='ocrx_word' id='word_1_345' title='bbox 2553 1771 2619 1812; x_wconf 93' lang='lat' dir='ltr'><strong>eo</strong></span> <span class='ocrx_word' id='word_1_346' title='bbox 2645 1742 2874 1811; x_wconf 82' lang='lat' dir='ltr'><strong>Domino</strong></span> <span class='ocrx_word' id='word_1_347' title='bbox 2895 1753 3468 1810; x_wconf 86' lang='lat' dir='ltr'><strong>militantiumabunde</strong></span> <span class='ocrx_word' id='word_1_348' title='bbox 3496 1755 3730 1811; x_wconf 79' lang='lat' dir='ltr'><strong>fulcien-</strong></span> 
     </span>
    </p>
   </div>
   <div class='ocr_carea' id='block_1_50' title="bbox 2132 1841 3727 1917">
    <p class='ocr_par' dir='ltr' id='par_1_50' title="bbox 2132 1841 3727 1917">
     <span class='ocr_line' id='line_1_50' title="bbox 2132 1841 3727 1917; baseline -0.002 -15"><span class='ocrx_word' id='word_1_349' title='bbox 2132 1848 2229 1903; x_wconf 87' lang='lat' dir='ltr'><strong>das</strong></span> <span class='ocrx_word' id='word_1_350' title='bbox 2263 1856 2425 1917; x_wconf 80' lang='lat' dir='ltr'><strong>atque</strong></span> <span class='ocrx_word' id='word_1_351' title='bbox 2454 1845 2779 1916; x_wconf 89' lang='lat' dir='ltr'><strong>supplendas</strong></span> <span class='ocrx_word' id='word_1_352' title='bbox 2807 1844 2984 1899; x_wconf 85' lang='lat' dir='ltr'><strong>ditare</strong></span> <span class='ocrx_word' id='word_1_353' title='bbox 3028 1857 3139 1897; x_wconf 84' lang='lat' dir='ltr'><strong>non</strong></span> <span class='ocrx_word' id='word_1_354' title='bbox 3187 1841 3418 1897; x_wconf 85' lang='lat' dir='ltr'><strong>distulit.</strong></span> <span class='ocrx_word' id='word_1_355' title='bbox 3466 1841 3627 1898; x_wconf 83' lang='lat' dir='ltr'><strong>Unde</strong></span> <span class='ocrx_word' id='word_1_356' title='bbox 3670 1851 3727 1899; x_wconf 81' lang='lat' dir='ltr'><strong>et</strong></span> 
     </span>
    </p>
   </div>
   <div class='ocr_carea' id='block_1_51' title="bbox 2134 1933 3723 2007">
    <p class='ocr_par' dir='ltr' id='par_1_51' title="bbox 2134 1933 3723 2007">
     <span class='ocr_line' id='line_1_51' title="bbox 2134 1933 3723 2007; baseline -0.001 -15"><span class='ocrx_word' id='word_1_357' title='bbox 2134 1938 2394 2007; x_wconf 88' lang='lat' dir='ltr'><strong>scriptum</strong></span> <span class='ocrx_word' id='word_1_358' title='bbox 2427 1936 2695 2005; x_wconf 81' lang='lat' dir='ltr'><strong>quoddam</strong></span> <span class='ocrx_word' id='word_1_359' title='bbox 2722 1949 2817 1989; x_wconf 90' lang='lat' dir='ltr'><strong>sua</strong></span> <span class='ocrx_word' id='word_1_360' title='bbox 2843 1941 3272 2003; x_wconf 82' lang='lat' dir='ltr'><strong>caeterorumque</strong></span> <span class='ocrx_word' id='word_1_361' title='bbox 3318 1933 3723 1990; x_wconf 72' lang='lat' dir='ltr'><strong>venerabilitati</strong></span> 
     </span>
    </p>
   </div>
   <div class='ocr_carea' id='block_1_52' title="bbox 2134 2022 3725 2096">
    <p class='ocr_par' dir='ltr' id='par_1_52' title="bbox 2134 2022 3725 2096">
     <span class='ocr_line' id='line_1_52' title="bbox 2134 2022 3725 2096; baseline -0.001 -17"><span class='ocrx_word' id='word_1_362' title='bbox 2134 2028 2507 2096; x_wconf 85' lang='lat' dir='ltr'><strong>episcoporum</strong></span> <span class='ocrx_word' id='word_1_363' title='bbox 2536 2025 2977 2094; x_wconf 84' lang='lat' dir='ltr'><strong>reliquorumque</strong></span> <span class='ocrx_word' id='word_1_364' title='bbox 3014 2024 3267 2079; x_wconf 89' lang='lat' dir='ltr'><strong>ordinum</strong></span> <span class='ocrx_word' id='word_1_365' title='bbox 3316 2022 3431 2078; x_wconf 88' lang='lat' dir='ltr'><strong>Deo</strong></span> <span class='ocrx_word' id='word_1_366' title='bbox 3472 2026 3725 2078; x_wconf 58' lang='lat' dir='ltr'><strong>servient.</strong></span> 
     </span>
    </p>
   </div>
   <div class='ocr_carea' id='block_1_53' title="bbox 2136 2114 3726 2183">
    <p class='ocr_par' dir='ltr' id='par_1_53' title="bbox 2136 2114 3726 2183">
     <span class='ocr_line' id='line_1_53' title="bbox 2136 2114 3726 2183; baseline -0.003 -11"><span class='ocrx_word' id='word_1_367' title='bbox 2136 2118 2268 2172; x_wconf 90' lang='lat' dir='ltr'><strong>tium</strong></span> <span class='ocrx_word' id='word_1_368' title='bbox 2292 2131 2392 2172; x_wconf 90' lang='lat' dir='ltr'><strong>nec</strong></span> <span class='ocrx_word' id='word_1_369' title='bbox 2416 2131 2525 2172; x_wconf 90' lang='lat' dir='ltr'><strong>non</strong></span> <span class='ocrx_word' id='word_1_370' title='bbox 2555 2116 2821 2171; x_wconf 91' lang='lat' dir='ltr'><strong>laicorum</strong></span> <span class='ocrx_word' id='word_1_371' title='bbox 2863 2114 3352 2183; x_wconf 83' lang='lat' dir='ltr'><strong>religiosorumque</strong></span> <span class='ocrx_word' id='word_1_372' title='bbox 3395 2115 3606 2183; x_wconf 89' lang='lat' dir='ltr'><strong>pariter</strong></span> <span class='ocrx_word' id='word_1_373' title='bbox 3657 2130 3726 2169; x_wconf 84' lang='lat' dir='ltr'><strong>ac</strong></span> 
     </span>
    </p>
   </div>
   <div class='ocr_carea' id='block_1_54' title="bbox 2134 2204 3727 2273">
    <p class='ocr_par' dir='ltr' id='par_1_54' title="bbox 2134 2204 3727 2273">
     <span class='ocr_line' id='line_1_54' title="bbox 2134 2204 3727 2273; baseline -0.001 -11"><span class='ocrx_word' id='word_1_374' title='bbox 2134 2208 2396 2264; x_wconf 86' lang='lat' dir='ltr'><strong>nobilium</strong></span> <span class='ocrx_word' id='word_1_375' title='bbox 2440 2208 2689 2263; x_wconf 88' lang='lat' dir='ltr'><strong>manibus</strong></span> <span class='ocrx_word' id='word_1_376' title='bbox 2729 2208 3045 2263; x_wconf 88' lang='lat' dir='ltr'><strong>roboratum</strong></span> <span class='ocrx_word' id='word_1_377' title='bbox 3077 2214 3278 2262; x_wconf 65' lang='lat' dir='ltr'><strong>nostra:</strong></span> <span class='ocrx_word' id='word_1_378' title='bbox 3300 2204 3605 2273; x_wconf 75' lang='lat' dir='ltr'><strong>maiestatis</strong></span> <span class='ocrx_word' id='word_1_379' title='bbox 3628 2208 3727 2261; x_wconf 81' lang='lat' dir='ltr'><strong>ob-</strong></span> 
     </span>
    </p>
   </div>
   <div class='ocr_carea' id='block_1_55' title="bbox 2137 2299 3728 2369">
    <p class='ocr_par' dir='ltr' id='par_1_55' title="bbox 2137 2299 3728 2369">
     <span class='ocr_line' id='line_1_55' title="bbox 2137 2299 3728 2369; baseline 0 -14"><span class='ocrx_word' id='word_1_380' title='bbox 2137 2300 2344 2355; x_wconf 85' lang='lat' dir='ltr'><strong>tutibus</strong></span> <span class='ocrx_word' id='word_1_381' title='bbox 2375 2299 2631 2363; x_wconf 76' lang='lat' dir='ltr'><strong>offerens,</strong></span> <span class='ocrx_word' id='word_1_382' title='bbox 2676 2299 2955 2355; x_wconf 86' lang='lat' dir='ltr'><strong>humiliter</strong></span> <span class='ocrx_word' id='word_1_383' title='bbox 2993 2307 3193 2355; x_wconf 66' lang='lat' dir='ltr'><strong>nostra</strong></span> <span class='ocrx_word' id='word_1_384' title='bbox 3239 2299 3566 2369; x_wconf 78' lang='lat' dir='ltr'><strong>supplicavit</strong></span> <span class='ocrx_word' id='word_1_385' title='bbox 3614 2299 3728 2355; x_wconf 70' lang='lat' dir='ltr'><strong>cle-</strong></span> 
     </span>
    </p>
   </div>
   <div class='ocr_carea' id='block_1_56' title="bbox 2136 2387 3728 2461">
    <p class='ocr_par' dir='ltr' id='par_1_56' title="bbox 2136 2387 3728 2461">
     <span class='ocr_line' id='line_1_56' title="bbox 2136 2387 3728 2461; baseline -0.004 -14"><span class='ocrx_word' id='word_1_386' title='bbox 2136 2392 2353 2449; x_wconf 61' lang='lat' dir='ltr'><strong>mentiae</strong></span> <span class='ocrx_word' id='word_1_387' title='bbox 2392 2401 2455 2446; x_wconf 93' lang='lat' dir='ltr'><strong>ut</strong></span> <span class='ocrx_word' id='word_1_388' title='bbox 2480 2392 2624 2461; x_wconf 84' lang='lat' dir='ltr'><strong>quod</strong></span> <span class='ocrx_word' id='word_1_389' title='bbox 2648 2392 2764 2461; x_wconf 89' lang='lat' dir='ltr'><strong>ipse</strong></span> <span class='ocrx_word' id='word_1_390' title='bbox 2811 2390 2995 2445; x_wconf 88' lang='lat' dir='ltr'><strong>divino</strong></span> <span class='ocrx_word' id='word_1_391' title='bbox 3034 2396 3213 2444; x_wconf 88' lang='lat' dir='ltr'><strong>tactus</strong></span> <span class='ocrx_word' id='word_1_392' title='bbox 3248 2402 3436 2443; x_wconf 90' lang='lat' dir='ltr'><strong>amore</strong></span> <span class='ocrx_word' id='word_1_393' title='bbox 3461 2388 3553 2459; x_wconf 80' lang='lat' dir='ltr'><strong>pia</strong></span> <span class='ocrx_word' id='word_1_394' title='bbox 3592 2387 3728 2443; x_wconf 83' lang='lat' dir='ltr'><strong>reli-</strong></span> 
     </span>
    </p>
   </div>
   <div class='ocr_carea' id='block_1_57' title="bbox 2136 2478 3723 2551">
    <p class='ocr_par' dir='ltr' id='par_1_57' title="bbox 2136 2478 3723 2551">
     <span class='ocr_line' id='line_1_57' title="bbox 2136 2478 3723 2551; baseline -0.002 -15"><span class='ocrx_word' id='word_1_395' title='bbox 2136 2482 2393 2551; x_wconf 87' lang='lat' dir='ltr'><strong>giosaque</strong></span> <span class='ocrx_word' id='word_1_396' title='bbox 2422 2481 2714 2537; x_wconf 88' lang='lat' dir='ltr'><strong>devotione</strong></span> <span class='ocrx_word' id='word_1_397' title='bbox 2739 2494 2974 2550; x_wconf 88' lang='lat' dir='ltr'><strong>superno</strong></span> <span class='ocrx_word' id='word_1_398' title='bbox 3014 2479 3179 2535; x_wconf 87' lang='lat' dir='ltr'><strong>fultus</strong></span> <span class='ocrx_word' id='word_1_399' title='bbox 3224 2479 3430 2535; x_wconf 77' lang='lat' dir='ltr'><strong>auxilio</strong></span> <span class='ocrx_word' id='word_1_400' title='bbox 3470 2478 3682 2534; x_wconf 84' lang='lat' dir='ltr'><strong>fecerat</strong></span> <span class='ocrx_word' id='word_1_401' title='bbox 3704 2521 3723 2542; x_wconf 88' lang='lat'><strong>,</strong></span> 
     </span>
    </p>
   </div>
   <div class='ocr_carea' id='block_1_58' title="bbox 2136 2570 3721 2642">
    <p class='ocr_par' dir='ltr' id='par_1_58' title="bbox 2136 2570 3721 2642">
     <span class='ocr_line' id='line_1_58' title="bbox 2136 2570 3721 2642; baseline -0.003 -14"><span class='ocrx_word' id='word_1_402' title='bbox 2136 2580 2321 2628; x_wconf 86' lang='lat' dir='ltr'><strong>nostra</strong></span> <span class='ocrx_word' id='word_1_403' title='bbox 2350 2572 2619 2642; x_wconf 86' lang='lat' dir='ltr'><strong>imperiali</strong></span> <span class='ocrx_word' id='word_1_404' title='bbox 2646 2572 2973 2627; x_wconf 86' lang='lat' dir='ltr'><strong>auctoritate</strong></span> <span class='ocrx_word' id='word_1_405' title='bbox 2987 2571 3245 2625; x_wconf 88' lang='lat' dir='ltr'><strong>roborare</strong></span> <span class='ocrx_word' id='word_1_406' title='bbox 3263 2578 3430 2639; x_wconf 88' lang='lat' dir='ltr'><strong>atque</strong></span> <span class='ocrx_word' id='word_1_407' title='bbox 3448 2570 3506 2624; x_wconf 92' lang='lat' dir='ltr'><strong>in</strong></span> <span class='ocrx_word' id='word_1_408' title='bbox 3523 2584 3721 2639; x_wconf 83' lang='lat' dir='ltr'><strong>perpe-</strong></span> 
     </span>
    </p>
   </div>
   <div class='ocr_carea' id='block_1_59' title="bbox 2138 2660 3724 2733">
    <p class='ocr_par' dir='ltr' id='par_1_59' title="bbox 2138 2660 3724 2733">
     <span class='ocr_line' id='line_1_59' title="bbox 2138 2660 3724 2733; baseline -0.002 -15"><span class='ocrx_word' id='word_1_409' title='bbox 2138 2672 2290 2718; x_wconf 90' lang='lat' dir='ltr'><strong>tuum</strong></span> <span class='ocrx_word' id='word_1_410' title='bbox 2314 2664 2519 2733; x_wconf 86' lang='lat' dir='ltr'><strong>absque</strong></span> <span class='ocrx_word' id='word_1_411' title='bbox 2538 2661 2824 2731; x_wconf 85' lang='lat' dir='ltr'><strong>cuiuslibet</strong></span> <span class='ocrx_word' id='word_1_412' title='bbox 2860 2661 3211 2718; x_wconf 79' lang='lat' dir='ltr'><strong>oonvulSione</strong></span> <span class='ocrx_word' id='word_1_413' title='bbox 3248 2669 3347 2715; x_wconf 86' lang='lat' dir='ltr'><strong>aut</strong></span> <span class='ocrx_word' id='word_1_414' title='bbox 3392 2660 3724 2729; x_wconf 67' lang='lat' dir='ltr'><strong>tergiversa-</strong></span> 
     </span>
    </p>
   </div>
   <div class='ocr_carea' id='block_1_60' title="bbox 2142 2751 3723 2823">
    <p class='ocr_par' dir='ltr' id='par_1_60' title="bbox 2142 2751 3723 2823">
     <span class='ocr_line' id='line_1_60' title="bbox 2142 2751 3723 2823; baseline -0.004 -13"><span class='ocrx_word' id='word_1_415' title='bbox 2142 2756 2289 2810; x_wconf 87' lang='lat' dir='ltr'><strong>tione</strong></span> <span class='ocrx_word' id='word_1_416' title='bbox 2315 2754 2688 2809; x_wconf 79' lang='lat' dir='ltr'><strong>ﬁrmissimum</strong></span> <span class='ocrx_word' id='word_1_417' title='bbox 2703 2766 3026 2823; x_wconf 87' lang='lat' dir='ltr'><strong>permanere</strong></span> <span class='ocrx_word' id='word_1_418' title='bbox 3048 2751 3269 2806; x_wconf 90' lang='lat' dir='ltr'><strong>deberet</strong></span> <span class='ocrx_word' id='word_1_419' title='bbox 3296 2751 3590 2805; x_wconf 85' lang='lat' dir='ltr'><strong>decernere</strong></span> <span class='ocrx_word' id='word_1_420' title='bbox 3605 2759 3723 2804; x_wconf 88' lang='lat' dir='ltr'><strong>stu-</strong></span> 
     </span>
    </p>
   </div>
   <div class='ocr_carea' id='block_1_61' title="bbox 2138 2844 3724 2914">
    <p class='ocr_par' dir='ltr' id='par_1_61' title="bbox 2138 2844 3724 2914">
     <span class='ocr_line' id='line_1_61' title="bbox 2138 2844 3724 2914; baseline -0.003 -13"><span class='ocrx_word' id='word_1_421' title='bbox 2138 2845 2411 2911; x_wconf 86' lang='lat' dir='ltr'><strong>deremus,</strong></span> <span class='ocrx_word' id='word_1_422' title='bbox 2436 2854 2493 2902; x_wconf 88' lang='lat' dir='ltr'><strong>et</strong></span> <span class='ocrx_word' id='word_1_423' title='bbox 2513 2853 2576 2900; x_wconf 90' lang='lat' dir='ltr'><strong>ut</strong></span> <span class='ocrx_word' id='word_1_424' title='bbox 2606 2845 2858 2900; x_wconf 85' lang='lat' dir='ltr'><strong>monachi</strong></span> <span class='ocrx_word' id='word_1_425' title='bbox 2887 2844 3020 2899; x_wconf 89' lang='lat' dir='ltr'><strong>inibi</strong></span> <span class='ocrx_word' id='word_1_426' title='bbox 3048 2844 3307 2914; x_wconf 76' lang='lat' dir='ltr'><strong>degentes</strong></span> <span class='ocrx_word' id='word_1_427' title='bbox 3321 2858 3425 2896; x_wconf 90' lang='lat' dir='ltr'><strong>una</strong></span> <span class='ocrx_word' id='word_1_428' title='bbox 3440 2857 3564 2896; x_wconf 89' lang='lat' dir='ltr'><strong>cum</strong></span> <span class='ocrx_word' id='word_1_429' title='bbox 3590 2857 3724 2897; x_wconf 85' lang='lat' dir='ltr'><strong>eou-</strong></span> 
     </span>
    </p>
   </div>
   <div class='ocr_carea' id='block_1_62' title="bbox 2140 2934 3722 3006">
    <p class='ocr_par' dir='ltr' id='par_1_62' title="bbox 2140 2934 3722 3006">
     <span class='ocr_line' id='line_1_62' title="bbox 2140 2934 3722 3006; baseline -0.003 -13"><span class='ocrx_word' id='word_1_430' title='bbox 2140 2953 2303 2993; x_wconf 91' lang='lat' dir='ltr'><strong>sensu</strong></span> <span class='ocrx_word' id='word_1_431' title='bbox 2331 2953 2431 2993; x_wconf 88' lang='lat' dir='ltr'><strong>suo</strong></span> <span class='ocrx_word' id='word_1_432' title='bbox 2466 2951 2952 3006; x_wconf 88' lang='lat' dir='ltr'><strong>successorumque</strong></span> <span class='ocrx_word' id='word_1_433' title='bbox 2998 2934 3125 3003; x_wconf 89' lang='lat' dir='ltr'><strong>eius</strong></span> <span class='ocrx_word' id='word_1_434' title='bbox 3160 2934 3435 2991; x_wconf 86' lang='lat' dir='ltr'><strong>licentiam</strong></span> <span class='ocrx_word' id='word_1_435' title='bbox 3477 2935 3621 2989; x_wconf 86' lang='lat' dir='ltr'><strong>inter</strong></span> <span class='ocrx_word' id='word_1_436' title='bbox 3660 2950 3722 2989; x_wconf 84' lang='lat' dir='ltr'><strong>se</strong></span> 
     </span>
    </p>
   </div>
   <div class='ocr_carea' id='block_1_63' title="bbox 456 3016 3717 3102">
    <p class='ocr_par' dir='ltr' id='par_1_63' title="bbox 456 3016 3717 3102">
     <span class='ocr_line' id='line_1_63' title="bbox 456 3016 3717 3102; baseline -0.002 -19"><span class='ocrx_word' id='word_1_437' title='bbox 456 3016 578 3087; x_wconf 62' lang='lat' dir='ltr'><strong>«eat</strong></span> <span class='ocrx_word' id='word_1_438' title='bbox 605 3033 686 3089; x_wconf 86' lang='lat' dir='ltr'><strong>eis</strong></span> <span class='ocrx_word' id='word_1_439' title='bbox 713 3042 1041 3089; x_wconf 89' lang='lat' dir='ltr'><strong>memoratas</strong></span> <span class='ocrx_word' id='word_1_440' title='bbox 1072 3047 1182 3099; x_wconf 89' lang='lat' dir='ltr'><strong>res,</strong></span> <span class='ocrx_word' id='word_1_441' title='bbox 1210 3047 1331 3088; x_wconf 89' lang='lat' dir='ltr'><strong>cum</strong></span> <span class='ocrx_word' id='word_1_442' title='bbox 1362 3034 1612 3089; x_wconf 88' lang='lat' dir='ltr'><strong>omnibus</strong></span> <span class='ocrx_word' id='word_1_443' title='bbox 1641 3032 1799 3089; x_wconf 46' lang='lat' dir='ltr'><strong>ad’se</strong></span> <span class='ocrx_word' id='word_1_444' title='bbox 1816 3031 1960 3102; x_wconf 87' lang='lat' dir='ltr'><strong>iuste</strong></span> <span class='ocrx_word' id='word_1_445' title='bbox 1984 3041 2037 3088; x_wconf 91' lang='lat' dir='ltr'><strong>et</strong></span> <span class='ocrx_word' id='word_1_446' title='bbox 2063 3016 2109 3078; x_wconf 86' lang='lat' dir='ltr'><strong>C</strong></span> <span class='ocrx_word' id='word_1_447' title='bbox 2140 3028 2370 3099; x_wconf 88' lang='lat' dir='ltr'><strong>eligendi</strong></span> <span class='ocrx_word' id='word_1_448' title='bbox 2398 3028 2663 3083; x_wconf 89' lang='lat' dir='ltr'><strong>haberent</strong></span> <span class='ocrx_word' id='word_1_449' title='bbox 2676 3026 2906 3082; x_wconf 87' lang='lat' dir='ltr'><strong>abbates</strong></span> <span class='ocrx_word' id='word_1_450' title='bbox 2926 3027 3019 3095; x_wconf 84' lang='lat' dir='ltr'><strong>qui</strong></span> <span class='ocrx_word' id='word_1_451' title='bbox 3041 3023 3448 3080; x_wconf 84' lang='lat' dir='ltr'><strong>eosseeundum</strong></span> <span class='ocrx_word' id='word_1_452' title='bbox 3475 3024 3717 3096; x_wconf 82' lang='lat' dir='ltr'><strong>regulam</strong></span> 
     </span>
    </p>
   </div>
   <div class='ocr_carea' id='block_1_64' title="bbox 459 3122 2037 3194">
    <p class='ocr_par' dir='ltr' id='par_1_64' title="bbox 459 3122 2037 3194">
     <span class='ocr_line' id='line_1_64' title="bbox 459 3122 2037 3194; baseline 0.002 -20"><span class='ocrx_word' id='word_1_453' title='bbox 459 3123 703 3194; x_wconf 89' lang='lat' dir='ltr'><strong>legaliter</strong></span> <span class='ocrx_word' id='word_1_454' title='bbox 731 3122 1155 3194; x_wconf 53' lang='lat' dir='ltr'><strong>pertinentibus,</strong></span> <span class='ocrx_word' id='word_1_455' title='bbox 1188 3124 1390 3193; x_wconf 89' lang='lat' dir='ltr'><strong>absque</strong></span> <span class='ocrx_word' id='word_1_456' title='bbox 1420 3122 1646 3192; x_wconf 89' lang='lat' dir='ltr'><strong>alicuius</strong></span> <span class='ocrx_word' id='word_1_457' title='bbox 1675 3122 1873 3193; x_wconf 84' lang='lat' dir='ltr'><strong>iniusta</strong></span> <span class='ocrx_word' id='word_1_458' title='bbox 1905 3139 2037 3178; x_wconf 87' lang='lat' dir='ltr'><strong>cuu-</strong></span> 
     </span>
    </p>
   </div>
   <div class='ocr_carea' id='block_1_65' title="bbox 458 3214 2038 3285">
    <p class='ocr_par' dir='ltr' id='par_1_65' title="bbox 458 3214 2038 3285">
     <span class='ocr_line' id='line_1_65' title="bbox 458 3214 2038 3285; baseline 0.004 -20"><span class='ocrx_word' id='word_1_459' title='bbox 458 3214 774 3269; x_wconf 89' lang='lat' dir='ltr'><strong>tradictione</strong></span> <span class='ocrx_word' id='word_1_460' title='bbox 811 3216 995 3284; x_wconf 88' lang='lat' dir='ltr'><strong>quieto</strong></span> <span class='ocrx_word' id='word_1_461' title='bbox 1031 3215 1222 3271; x_wconf 91' lang='lat' dir='ltr'><strong>ordine</strong></span> <span class='ocrx_word' id='word_1_462' title='bbox 1247 3215 1555 3285; x_wconf 86' lang='lat' dir='ltr'><strong>possidere,</strong></span> <span class='ocrx_word' id='word_1_463' title='bbox 1594 3223 1651 3270; x_wconf 92' lang='lat' dir='ltr'><strong>et</strong></span> <span class='ocrx_word' id='word_1_464' title='bbox 1690 3216 1757 3273; x_wconf 87' lang='lat' dir='ltr'><strong>de</strong></span> <span class='ocrx_word' id='word_1_465' title='bbox 1797 3217 1877 3272; x_wconf 89' lang='lat' dir='ltr'><strong>eis</strong></span> <span class='ocrx_word' id='word_1_466' title='bbox 1912 3215 2038 3285; x_wconf 87' lang='lat' dir='ltr'><strong>iure</strong></span> 
     </span>
    </p>
   </div>
   <div class='ocr_carea' id='block_1_66' title="bbox 455 3304 2040 3379">
    <p class='ocr_par' dir='ltr' id='par_1_66' title="bbox 455 3304 2040 3379">
     <span class='ocr_line' id='line_1_66' title="bbox 455 3304 2040 3379; baseline 0.001 -18"><span class='ocrx_word' id='word_1_467' title='bbox 455 3304 822 3361; x_wconf 69' lang='lat' dir='ltr'><strong>ecclesiastico</strong></span> <span class='ocrx_word' id='word_1_468' title='bbox 846 3306 1133 3375; x_wconf 88' lang='lat' dir='ltr'><strong>disponere</strong></span> <span class='ocrx_word' id='word_1_469' title='bbox 1162 3307 1424 3376; x_wconf 84' lang='lat' dir='ltr'><strong>quidquid</strong></span> <span class='ocrx_word' id='word_1_470' title='bbox 1446 3306 1743 3375; x_wconf 87' lang='lat' dir='ltr'><strong>voluerint;</strong></span> <span class='ocrx_word' id='word_1_471' title='bbox 1772 3317 2040 3379; x_wconf 82' lang='lat' dir='ltr'><strong>quatenus</strong></span> 
     </span>
    </p>
   </div>
   <div class='ocr_carea' id='block_1_67' title="bbox 458 3388 2040 3470">
    <p class='ocr_par' dir='ltr' id='par_1_67' title="bbox 458 3388 2040 3470">
     <span class='ocr_line' id='line_1_67' title="bbox 458 3388 2040 3470; baseline 0.003 -20"><span class='ocrx_word' id='word_1_472' title='bbox 458 3404 645 3451; x_wconf 86' lang='lat' dir='ltr'><strong>nostro</strong></span> <span class='ocrx_word' id='word_1_473' title='bbox 660 3394 938 3466; x_wconf 88' lang='lat' dir='ltr'><strong>iuvamine</strong></span> <span class='ocrx_word' id='word_1_474' title='bbox 964 3388 1201 3450; x_wconf 78' lang='lat' dir='ltr'><strong>divinum</strong></span> <span class='ocrx_word' id='word_1_475' title='bbox 1227 3397 1430 3451; x_wconf 90' lang='lat' dir='ltr'><strong>cultum</strong></span> <span class='ocrx_word' id='word_1_476' title='bbox 1451 3398 1721 3468; x_wconf 89' lang='lat' dir='ltr'><strong>copiosius</strong></span> <span class='ocrx_word' id='word_1_477' title='bbox 1739 3414 2040 3470; x_wconf 82' lang='lat' dir='ltr'><strong>exsequen-</strong></span> 
     </span>
    </p>
   </div>
   <div class='ocr_carea' id='block_1_68' title="bbox 458 3487 2039 3559">
    <p class='ocr_par' dir='ltr' id='par_1_68' title="bbox 458 3487 2039 3559">
     <span class='ocr_line' id='line_1_68' title="bbox 458 3487 2039 3559; baseline 0.004 -20"><span class='ocrx_word' id='word_1_478' title='bbox 458 3497 560 3553; x_wconf 81' lang='lat' dir='ltr'><strong>tes,</strong></span> <span class='ocrx_word' id='word_1_479' title='bbox 592 3501 690 3557; x_wconf 90' lang='lat' dir='ltr'><strong>pro</strong></span> <span class='ocrx_word' id='word_1_480' title='bbox 720 3495 928 3552; x_wconf 87' lang='lat' dir='ltr'><strong>nostra,</strong></span> <span class='ocrx_word' id='word_1_481' title='bbox 955 3487 1217 3559; x_wconf 88' lang='lat' dir='ltr'><strong>coniugis,</strong></span> <span class='ocrx_word' id='word_1_482' title='bbox 1241 3487 1512 3558; x_wconf 89' lang='lat' dir='ltr'><strong>prolisque</strong></span> <span class='ocrx_word' id='word_1_483' title='bbox 1540 3498 1739 3544; x_wconf 74' lang='lat' dir='ltr'><strong>nostra:</strong></span> <span class='ocrx_word' id='word_1_484' title='bbox 1758 3491 2039 3545; x_wconf 87' lang='lat' dir='ltr'><strong>incolumi-</strong></span> 
     </span>
    </p>
   </div>
   <div class='ocr_carea' id='block_1_69' title="bbox 460 3578 2035 3649">
    <p class='ocr_par' dir='ltr' id='par_1_69' title="bbox 460 3578 2035 3649">
     <span class='ocr_line' id='line_1_69' title="bbox 460 3578 2035 3649; baseline 0.004 -19"><span class='ocrx_word' id='word_1_485' title='bbox 460 3585 592 3644; x_wconf 85' lang='lat' dir='ltr'><strong>tate,</strong></span> <span class='ocrx_word' id='word_1_486' title='bbox 640 3586 695 3633; x_wconf 93' lang='lat' dir='ltr'><strong>et</strong></span> <span class='ocrx_word' id='word_1_487' title='bbox 731 3578 1023 3633; x_wconf 86' lang='lat' dir='ltr'><strong>stabilitate</strong></span> <span class='ocrx_word' id='word_1_488' title='bbox 1058 3578 1268 3649; x_wconf 85' lang='lat' dir='ltr'><strong>imperii</strong></span> <span class='ocrx_word' id='word_1_489' title='bbox 1299 3581 1469 3635; x_wconf 83' lang='lat' dir='ltr'><strong>nostri</strong></span> <span class='ocrx_word' id='word_1_490' title='bbox 1506 3595 1601 3634; x_wconf 91' lang='lat' dir='ltr'><strong>cos</strong></span> <span class='ocrx_word' id='word_1_491' title='bbox 1630 3580 1841 3636; x_wconf 87' lang='lat' dir='ltr'><strong>Domini</strong></span> <span class='ocrx_word' id='word_1_492' title='bbox 1871 3582 2035 3637; x_wconf 83' lang='lat' dir='ltr'><strong>mise—</strong></span> 
     </span>
    </p>
   </div>
   <div class='ocr_carea' id='block_1_70' title="bbox 461 3668 2040 3727">
    <p class='ocr_par' dir='ltr' id='par_1_70' title="bbox 461 3668 2040 3727">
     <span class='ocr_line' id='line_1_70' title="bbox 461 3668 2040 3727; baseline 0.003 -4"><span class='ocrx_word' id='word_1_493' title='bbox 461 3668 750 3725; x_wconf 83' lang='lat' dir='ltr'><strong>ricordiam</strong></span> <span class='ocrx_word' id='word_1_494' title='bbox 797 3669 1059 3725; x_wconf 87' lang='lat' dir='ltr'><strong>attentius</strong></span> <span class='ocrx_word' id='word_1_495' title='bbox 1118 3682 1346 3724; x_wconf 80' lang='lat' dir='ltr'><strong>exorare</strong></span> <span class='ocrx_word' id='word_1_496' title='bbox 1400 3669 1648 3725; x_wconf 88' lang='lat' dir='ltr'><strong>delectet.</strong></span> <span class='ocrx_word' id='word_1_497' title='bbox 1704 3669 1773 3725; x_wconf 87' lang='lat' dir='ltr'><strong>Et</strong></span> <span class='ocrx_word' id='word_1_498' title='bbox 1815 3679 1875 3725; x_wconf 94' lang='lat' dir='ltr'><strong>ut</strong></span> <span class='ocrx_word' id='word_1_499' title='bbox 1925 3672 2040 3727; x_wconf 62' lang='lat' dir='ltr'><strong>haec</strong></span> 
     </span>
    </p>
   </div>
   <div class='ocr_carea' id='block_1_71' title="bbox 459 3761 2039 3833">
    <p class='ocr_par' dir='ltr' id='par_1_71' title="bbox 459 3761 2039 3833">
     <span class='ocr_line' id='line_1_71' title="bbox 459 3761 2039 3833; baseline 0.003 -19"><span class='ocrx_word' id='word_1_500' title='bbox 459 3761 752 3817; x_wconf 85' lang='lat' dir='ltr'><strong>auctoritas</strong></span> <span class='ocrx_word' id='word_1_501' title='bbox 776 3770 959 3817; x_wconf 90' lang='lat' dir='ltr'><strong>nostra</strong></span> <span class='ocrx_word' id='word_1_502' title='bbox 983 3762 1339 3831; x_wconf 84' lang='lat' dir='ltr'><strong>praesentibus</strong></span> <span class='ocrx_word' id='word_1_503' title='bbox 1374 3761 1677 3833; x_wconf 85' lang='lat' dir='ltr'><strong>futurisque</strong></span> <span class='ocrx_word' id='word_1_504' title='bbox 1709 3763 2039 3832; x_wconf 86' lang='lat' dir='ltr'><strong>temporibus</strong></span> 
     </span>
    </p>
   </div>
   <div class='ocr_carea' id='block_1_72' title="bbox 461 3852 2041 3925">
    <p class='ocr_par' dir='ltr' id='par_1_72' title="bbox 461 3852 2041 3925">
     <span class='ocr_line' id='line_1_72' title="bbox 461 3852 2041 3925; baseline 0.003 -18"><span class='ocrx_word' id='word_1_505' title='bbox 461 3852 771 3909; x_wconf 84' lang='lat' dir='ltr'><strong>inconvulsa</strong></span> <span class='ocrx_word' id='word_1_506' title='bbox 800 3863 1136 3925; x_wconf 85' lang='lat' dir='ltr'><strong>permaneat,</strong></span> <span class='ocrx_word' id='word_1_507' title='bbox 1161 3869 1323 3909; x_wconf 89' lang='lat' dir='ltr'><strong>manu</strong></span> <span class='ocrx_word' id='word_1_508' title='bbox 1352 3855 1569 3925; x_wconf 91' lang='lat' dir='ltr'><strong>propria</strong></span> <span class='ocrx_word' id='word_1_509' title='bbox 1596 3870 1716 3910; x_wconf 85' lang='lat' dir='ltr'><strong>eam</strong></span> <span class='ocrx_word' id='word_1_510' title='bbox 1740 3854 1927 3911; x_wconf 90' lang='lat' dir='ltr'><strong>subter</strong></span> <span class='ocrx_word' id='word_1_511' title='bbox 1950 3855 2041 3910; x_wconf 81' lang='lat' dir='ltr'><strong>lir-</strong></span> 
     </span>
    </p>
   </div>
   <div class='ocr_carea' id='block_1_73' title="bbox 460 3945 1803 4018">
    <p class='ocr_par' dir='ltr' id='par_1_73' title="bbox 460 3945 1803 4018">
     <span class='ocr_line' id='line_1_73' title="bbox 460 3945 1803 4018; baseline 0.003 -20"><span class='ocrx_word' id='word_1_512' title='bbox 460 3945 743 4013; x_wconf 85' lang='lat' dir='ltr'><strong>mavimus,</strong></span> <span class='ocrx_word' id='word_1_513' title='bbox 768 3955 825 4002; x_wconf 91' lang='lat' dir='ltr'><strong>et</strong></span> <span class='ocrx_word' id='word_1_514' title='bbox 848 3946 1049 4002; x_wconf 92' lang='lat' dir='ltr'><strong>annulo</strong></span> <span class='ocrx_word' id='word_1_515' title='bbox 1074 3955 1261 4003; x_wconf 88' lang='lat' dir='ltr'><strong>nostro</strong></span> <span class='ocrx_word' id='word_1_516' title='bbox 1284 3947 1505 4018; x_wconf 85' lang='lat' dir='ltr'><strong>sigillari</strong></span> <span class='ocrx_word' id='word_1_517' title='bbox 1522 3946 1803 4017; x_wconf 89' lang='lat' dir='ltr'><strong>iussimus.</strong></span> 
     </span>
    </p>
   </div>
   <div class='ocr_carea' id='block_1_74' title="bbox 529 4044 1789 4121">
    <p class='ocr_par' dir='ltr' id='par_1_74' title="bbox 529 4044 1789 4121">
     <span class='ocr_line' id='line_1_74' title="bbox 529 4044 1789 4121; baseline 0.001 -16"><span class='ocrx_word' id='word_1_518' title='bbox 529 4050 752 4121; x_wconf 80' lang='lat' dir='ltr'><strong>Signum</strong></span> <span class='ocrx_word' id='word_1_519' title='bbox 782 4050 1039 4106; x_wconf 85' lang='lat' dir='ltr'><strong>Ludovici</strong></span> <span class='ocrx_word' id='word_1_520' title='bbox 1066 4052 1397 4108; x_wconf 85' lang='lat' dir='ltr'><strong>serenissimi</strong></span> <span class='ocrx_word' id='word_1_521' title='bbox 1428 4044 1789 4121; x_wconf 81' lang='lat' dir='ltr'><strong>imperatoris.</strong></span> 
     </span>
    </p>
   </div>
   <div class='ocr_carea' id='block_1_75' title="bbox 530 4162 2038 4238">
    <p class='ocr_par' dir='ltr' id='par_1_75' title="bbox 530 4162 2038 4238">
     <span class='ocr_line' id='line_1_75' title="bbox 530 4162 2038 4238; baseline 0.002 -19"><span class='ocrx_word' id='word_1_522' title='bbox 530 4162 927 4220; x_wconf 81' lang='lat' dir='ltr'><strong>Hirmiumarus</strong></span> <span class='ocrx_word' id='word_1_523' title='bbox 941 4165 1185 4220; x_wconf 85' lang='lat' dir='ltr'><strong>notarius</strong></span> <span class='ocrx_word' id='word_1_524' title='bbox 1203 4165 1270 4220; x_wconf 90' lang='lat' dir='ltr'><strong>ad</strong></span> <span class='ocrx_word' id='word_1_525' title='bbox 1285 4163 1459 4220; x_wconf 90' lang='lat' dir='ltr'><strong>vicem</strong></span> <span class='ocrx_word' id='word_1_526' title='bbox 1474 4163 1714 4233; x_wconf 83' lang='lat' dir='ltr'><strong>Hugonis</strong></span> <span class='ocrx_word' id='word_1_527' title='bbox 1731 4168 2038 4238; x_wconf 90' lang='lat' dir='ltr'><strong>recognovi.</strong></span> 
     </span>
    </p>
   </div>
   <div class='ocr_carea' id='block_1_76' title="bbox 530 4273 2037 4348">
    <p class='ocr_par' dir='ltr' id='par_1_76' title="bbox 530 4273 2037 4348">
     <span class='ocr_line' id='line_1_76' title="bbox 530 4273 2037 4348; baseline 0.003 -19"><span class='ocrx_word' id='word_1_528' title='bbox 530 4273 664 4329; x_wconf 87' lang='lat' dir='ltr'><strong>Data</strong></span> <span class='ocrx_word' id='word_1_529' title='bbox 680 4290 740 4329; x_wconf 85' lang='grc' dir='ltr'>ιιι</span> <span class='ocrx_word' id='word_1_530' title='bbox 760 4273 942 4330; x_wconf 83' lang='lat' dir='ltr'><strong>Nonas</strong></span> <span class='ocrx_word' id='word_1_531' title='bbox 964 4274 1204 4342; x_wconf 77' lang='lat' dir='ltr'><strong>Martias,</strong></span> <span class='ocrx_word' id='word_1_532' title='bbox 1228 4290 1392 4342; x_wconf 86' lang='lat' dir='ltr'><strong>anno,</strong></span> <span class='ocrx_word' id='word_1_533' title='bbox 1417 4274 1636 4333; x_wconf 87' lang='lat' dir='ltr'><strong>Christo</strong></span> <span class='ocrx_word' id='word_1_534' title='bbox 1649 4278 1903 4348; x_wconf 91' lang='lat' dir='ltr'><strong>propitio,</strong></span> <span class='ocrx_word' id='word_1_535' title='bbox 1920 4278 1989 4333; x_wconf 74' lang='lat'><strong>2&#39;5</strong></span> <span class='ocrx_word' id='word_1_536' title='bbox 2013 4290 2037 4317; x_wconf 80' lang='grc' dir='ltr'><strong>ιι</strong></span> 
     </span>
    </p>
   </div>
   <div class='ocr_carea' id='block_1_77' title="bbox 2138 3114 3721 3187">
    <p class='ocr_par' dir='ltr' id='par_1_77' title="bbox 2138 3114 3721 3187">
     <span class='ocr_line' id='line_1_77' title="bbox 2138 3114 3721 3187; baseline -0.004 -11"><span class='ocrx_word' id='word_1_537' title='bbox 2138 3121 2314 3176; x_wconf 87' lang='lat' dir='ltr'><strong>sancti</strong></span> <span class='ocrx_word' id='word_1_538' title='bbox 2341 3118 2619 3175; x_wconf 87' lang='lat' dir='ltr'><strong>Benedicti</strong></span> <span class='ocrx_word' id='word_1_539' title='bbox 2643 3125 2913 3187; x_wconf 83' lang='lat' dir='ltr'><strong>regerent.</strong></span> <span class='ocrx_word' id='word_1_540' title='bbox 2950 3115 3117 3186; x_wconf 85' lang='lat' dir='ltr'><strong>Cuius</strong></span> <span class='ocrx_word' id='word_1_541' title='bbox 3142 3115 3404 3185; x_wconf 82' lang='lat' dir='ltr'><strong>piissimis</strong></span> <span class='ocrx_word' id='word_1_542' title='bbox 3434 3114 3545 3171; x_wconf 85' lang='lat' dir='ltr'><strong>Deo</strong></span> <span class='ocrx_word' id='word_1_543' title='bbox 3571 3130 3721 3170; x_wconf 57' lang='lat' dir='ltr'><strong>ama.</strong></span> 
     </span>
    </p>
   </div>
   <div class='ocr_carea' id='block_1_78' title="bbox 2137 3209 3722 3281">
    <p class='ocr_par' dir='ltr' id='par_1_78' title="bbox 2137 3209 3722 3281">
     <span class='ocr_line' id='line_1_78' title="bbox 2137 3209 3722 3281; baseline -0.004 -13"><span class='ocrx_word' id='word_1_544' title='bbox 2137 3212 2337 3268; x_wconf 88' lang='lat' dir='ltr'><strong>bilibus</strong></span> <span class='ocrx_word' id='word_1_545' title='bbox 2358 3220 2413 3267; x_wconf 90' lang='lat' dir='ltr'><strong>et</strong></span> <span class='ocrx_word' id='word_1_546' title='bbox 2429 3212 2585 3267; x_wconf 92' lang='lat' dir='ltr'><strong>nobis</strong></span> <span class='ocrx_word' id='word_1_547' title='bbox 2599 3211 2885 3266; x_wconf 90' lang='lat' dir='ltr'><strong>admodum</strong></span> <span class='ocrx_word' id='word_1_548' title='bbox 2902 3209 3297 3281; x_wconf 85' lang='lat' dir='ltr'><strong>amplectendis</strong></span> <span class='ocrx_word' id='word_1_549' title='bbox 3315 3209 3722 3278; x_wconf 76' lang='lat' dir='ltr'><strong>supplicationi-</strong></span> 
     </span>
    </p>
   </div>
   <div class='ocr_carea' id='block_1_79' title="bbox 2136 3303 3721 3367">
    <p class='ocr_par' dir='ltr' id='par_1_79' title="bbox 2136 3303 3721 3367">
     <span class='ocr_line' id='line_1_79' title="bbox 2136 3303 3721 3367; baseline -0.001 -8"><span class='ocrx_word' id='word_1_550' title='bbox 2136 3305 2236 3361; x_wconf 88' lang='lat' dir='ltr'><strong>bus</strong></span> <span class='ocrx_word' id='word_1_551' title='bbox 2254 3321 2444 3361; x_wconf 88' lang='lat' dir='ltr'><strong>aurem</strong></span> <span class='ocrx_word' id='word_1_552' title='bbox 2462 3303 2663 3360; x_wconf 84' lang='lat' dir='ltr'><strong>favoris</strong></span> <span class='ocrx_word' id='word_1_553' title='bbox 2678 3304 3037 3359; x_wconf 87' lang='lat' dir='ltr'><strong>libentissime</strong></span> <span class='ocrx_word' id='word_1_554' title='bbox 3056 3305 3558 3367; x_wconf 82' lang='lat' dir='ltr'><strong>accommodantes,</strong></span> <span class='ocrx_word' id='word_1_555' title='bbox 3579 3305 3721 3358; x_wconf 75' lang='lat' dir='ltr'><strong>hanc</strong></span> 
     </span>
    </p>
   </div>
   <div class='ocr_carea' id='block_1_80' title="bbox 2137 3392 3719 3464">
    <p class='ocr_par' dir='ltr' id='par_1_80' title="bbox 2137 3392 3719 3464">
     <span class='ocr_line' id='line_1_80' title="bbox 2137 3392 3719 3464; baseline 0 -16"><span class='ocrx_word' id='word_1_556' title='bbox 2137 3402 2335 3449; x_wconf 68' lang='lat' dir='ltr'><strong>nostra:</strong></span> <span class='ocrx_word' id='word_1_557' title='bbox 2380 3396 2718 3450; x_wconf 88' lang='lat' dir='ltr'><strong>auctoritatis</strong></span> <span class='ocrx_word' id='word_1_558' title='bbox 2757 3394 3209 3464; x_wconf 80' lang='lat' dir='ltr'><strong>conscriptionem</strong></span> <span class='ocrx_word' id='word_1_559' title='bbox 3246 3394 3298 3449; x_wconf 92' lang='lat' dir='ltr'><strong>ei</strong></span> <span class='ocrx_word' id='word_1_560' title='bbox 3332 3392 3449 3449; x_wconf 86' lang='lat' dir='ltr'><strong>ﬁeri</strong></span> <span class='ocrx_word' id='word_1_561' title='bbox 3488 3408 3555 3449; x_wconf 87' lang='lat' dir='ltr'><strong>ac</strong></span> <span class='ocrx_word' id='word_1_562' title='bbox 3595 3394 3719 3448; x_wconf 81' lang='lat' dir='ltr'><strong>dari</strong></span> 
     </span>
    </p>
   </div>
   <div class='ocr_carea' id='block_1_81' title="bbox 2137 3485 3722 3557">
    <p class='ocr_par' dir='ltr' id='par_1_81' title="bbox 2137 3485 3722 3557">
     <span class='ocr_line' id='line_1_81' title="bbox 2137 3485 3722 3557; baseline -0.001 -16"><span class='ocrx_word' id='word_1_563' title='bbox 2137 3489 2507 3557; x_wconf 72' lang='lat' dir='ltr'><strong>praecepimus,</strong></span> <span class='ocrx_word' id='word_1_564' title='bbox 2539 3501 2637 3557; x_wconf 90' lang='lat' dir='ltr'><strong>per</strong></span> <span class='ocrx_word' id='word_1_565' title='bbox 2673 3501 2837 3556; x_wconf 83' lang='lat' dir='ltr'><strong>quam</strong></span> <span class='ocrx_word' id='word_1_566' title='bbox 2866 3485 3211 3541; x_wconf 88' lang='lat' dir='ltr'><strong>decernimus</strong></span> <span class='ocrx_word' id='word_1_567' title='bbox 3250 3494 3411 3554; x_wconf 85' lang='lat' dir='ltr'><strong>atque</strong></span> <span class='ocrx_word' id='word_1_568' title='bbox 3435 3486 3722 3540; x_wconf 77' lang='lat' dir='ltr'><strong>sancimus</strong></span> 
     </span>
    </p>
   </div>
   <div class='ocr_carea' id='block_1_82' title="bbox 2140 3576 3723 3648">
    <p class='ocr_par' dir='ltr' id='par_1_82' title="bbox 2140 3576 3723 3648">
     <span class='ocr_line' id='line_1_82' title="bbox 2140 3576 3723 3648; baseline -0.001 -17"><span class='ocrx_word' id='word_1_569' title='bbox 2140 3589 2199 3631; x_wconf 91' lang='lat' dir='ltr'><strong>ut</strong></span> <span class='ocrx_word' id='word_1_570' title='bbox 2246 3587 2602 3633; x_wconf 85' lang='lat' dir='ltr'><strong>memoratum</strong></span> <span class='ocrx_word' id='word_1_571' title='bbox 2629 3592 2764 3647; x_wconf 92' lang='lat' dir='ltr'><strong>opus</strong></span> <span class='ocrx_word' id='word_1_572' title='bbox 2812 3576 3233 3648; x_wconf 86' lang='lat' dir='ltr'><strong>religiosissimis</strong></span> <span class='ocrx_word' id='word_1_573' title='bbox 3278 3576 3346 3630; x_wconf 87' lang='lat' dir='ltr'><strong>ab</strong></span> <span class='ocrx_word' id='word_1_574' title='bbox 3383 3588 3447 3630; x_wconf 85' lang='lat' dir='ltr'><strong>eo</strong></span> <span class='ocrx_word' id='word_1_575' title='bbox 3480 3576 3723 3643; x_wconf 70' lang='lat' dir='ltr'><strong>patratis</strong></span> 
     </span>
    </p>
   </div>
   <div class='ocr_carea' id='block_1_83' title="bbox 2140 3667 3723 3739">
    <p class='ocr_par' dir='ltr' id='par_1_83' title="bbox 2140 3667 3723 3739">
     <span class='ocr_line' id='line_1_83' title="bbox 2140 3667 3723 3739; baseline -0.005 -13"><span class='ocrx_word' id='word_1_576' title='bbox 2140 3670 2335 3726; x_wconf 88' lang='lat' dir='ltr'><strong>studiis</strong></span> <span class='ocrx_word' id='word_1_577' title='bbox 2362 3671 2509 3726; x_wconf 89' lang='lat' dir='ltr'><strong>omni</strong></span> <span class='ocrx_word' id='word_1_578' title='bbox 2537 3678 2780 3739; x_wconf 86' lang='lat' dir='ltr'><strong>tempore</strong></span> <span class='ocrx_word' id='word_1_579' title='bbox 2808 3668 3023 3724; x_wconf 77' lang='lat' dir='ltr'><strong>ﬁrmum</strong></span> <span class='ocrx_word' id='word_1_580' title='bbox 3050 3675 3108 3723; x_wconf 89' lang='lat' dir='ltr'><strong>et</strong></span> <span class='ocrx_word' id='word_1_581' title='bbox 3136 3667 3332 3722; x_wconf 87' lang='lat' dir='ltr'><strong>stabile</strong></span> <span class='ocrx_word' id='word_1_582' title='bbox 3370 3676 3723 3736; x_wconf 74' lang='lat' dir='ltr'><strong>permaneat,</strong></span> 
     </span>
    </p>
   </div>
   <div class='ocr_carea' id='block_1_84' title="bbox 2139 3758 3723 3831">
    <p class='ocr_par' dir='ltr' id='par_1_84' title="bbox 2139 3758 3723 3831">
     <span class='ocr_line' id='line_1_84' title="bbox 2139 3758 3723 3831; baseline -0.002 -18"><span class='ocrx_word' id='word_1_583' title='bbox 2139 3760 2591 3831; x_wconf 83' lang='lat' dir='ltr'><strong>quemadmodum</strong></span> <span class='ocrx_word' id='word_1_584' title='bbox 2621 3762 2676 3814; x_wconf 93' lang='lat' dir='ltr'><strong>in</strong></span> <span class='ocrx_word' id='word_1_585' title='bbox 2706 3768 3006 3815; x_wconf 88' lang='lat' dir='ltr'><strong>memorato</strong></span> <span class='ocrx_word' id='word_1_586' title='bbox 3031 3758 3335 3814; x_wconf 87' lang='lat' dir='ltr'><strong>devotionis</strong></span> <span class='ocrx_word' id='word_1_587' title='bbox 3357 3771 3467 3813; x_wconf 79' lang='lat' dir='ltr'><strong>sua:</strong></span> <span class='ocrx_word' id='word_1_588' title='bbox 3486 3758 3723 3828; x_wconf 70' lang='lat' dir='ltr'><strong>scripto,</strong></span> 
     </span>
    </p>
   </div>
   <div class='ocr_carea' id='block_1_85' title="bbox 2140 3847 3731 3920">
    <p class='ocr_par' dir='ltr' id='par_1_85' title="bbox 2140 3847 3731 3920">
     <span class='ocr_line' id='line_1_85' title="bbox 2140 3847 3731 3920; baseline -0.001 -17"><span class='ocrx_word' id='word_1_589' title='bbox 2140 3850 2282 3920; x_wconf 90' lang='lat' dir='ltr'><strong>quod</strong></span> <span class='ocrx_word' id='word_1_590' title='bbox 2305 3850 2461 3905; x_wconf 89' lang='lat' dir='ltr'><strong>nobis</strong></span> <span class='ocrx_word' id='word_1_591' title='bbox 2486 3849 2756 3904; x_wconf 88' lang='lat' dir='ltr'><strong>obtulerat</strong></span> <span class='ocrx_word' id='word_1_592' title='bbox 2779 3850 2845 3903; x_wconf 88' lang='lat' dir='ltr'><strong>ad</strong></span> <span class='ocrx_word' id='word_1_593' title='bbox 2868 3849 3237 3919; x_wconf 83' lang='lat' dir='ltr'><strong>relegendum,</strong></span> <span class='ocrx_word' id='word_1_594' title='bbox 3262 3850 3375 3918; x_wconf 87' lang='lat' dir='ltr'><strong>ipse</strong></span> <span class='ocrx_word' id='word_1_595' title='bbox 3406 3847 3731 3918; x_wconf 71' lang='lat' dir='ltr'><strong>complexus</strong></span> 
     </span>
    </p>
   </div>
   <div class='ocr_carea' id='block_1_86' title="bbox 2141 3938 3729 4010">
    <p class='ocr_par' dir='ltr' id='par_1_86' title="bbox 2141 3938 3729 4010">
     <span class='ocr_line' id='line_1_86' title="bbox 2141 3938 3729 4010; baseline -0.002 -15"><span class='ocrx_word' id='word_1_596' title='bbox 2141 3949 2244 4007; x_wconf 88' lang='lat' dir='ltr'><strong>est,</strong></span> <span class='ocrx_word' id='word_1_597' title='bbox 2270 3953 2444 4010; x_wconf 86' lang='lat' dir='ltr'><strong>neque</strong></span> <span class='ocrx_word' id='word_1_598' title='bbox 2486 3940 2552 3995; x_wconf 88' lang='lat' dir='ltr'><strong>de</strong></span> <span class='ocrx_word' id='word_1_599' title='bbox 2590 3944 2756 3995; x_wconf 76' lang='lat' dir='ltr'><strong>rei.us</strong></span> <span class='ocrx_word' id='word_1_600' title='bbox 2801 3955 2938 4009; x_wconf 87' lang='lat' dir='ltr'><strong>quas</strong></span> <span class='ocrx_word' id='word_1_601' title='bbox 2979 3940 3049 3994; x_wconf 88' lang='lat' dir='ltr'><strong>ad</strong></span> <span class='ocrx_word' id='word_1_602' title='bbox 3100 3939 3244 3994; x_wconf 89' lang='lat' dir='ltr'><strong>idem</strong></span> <span class='ocrx_word' id='word_1_603' title='bbox 3276 3938 3729 3994; x_wconf 76' lang='lat' dir='ltr'><strong>monasteriolum</strong></span> 
     </span>
    </p>
   </div>
   <div class='ocr_carea' id='block_1_87' title="bbox 2141 4030 3731 4100">
    <p class='ocr_par' dir='ltr' id='par_1_87' title="bbox 2141 4030 3731 4100">
     <span class='ocr_line' id='line_1_87' title="bbox 2141 4030 3731 4100; baseline -0.001 -14"><span class='ocrx_word' id='word_1_604' title='bbox 2141 4030 2388 4096; x_wconf 89' lang='lat' dir='ltr'><strong>contulit,</strong></span> <span class='ocrx_word' id='word_1_605' title='bbox 2425 4045 2457 4085; x_wconf 85' lang='lat' dir='ltr'><strong>a</strong></span> <span class='ocrx_word' id='word_1_606' title='bbox 2483 4045 2754 4100; x_wconf 88' lang='lat' dir='ltr'><strong>quoquam</strong></span> <span class='ocrx_word' id='word_1_607' title='bbox 2783 4031 2891 4084; x_wconf 87' lang='lat' dir='ltr'><strong>ullo</strong></span> <span class='ocrx_word' id='word_1_608' title='bbox 2917 4046 3151 4100; x_wconf 85' lang='lat' dir='ltr'><strong>unquam</strong></span> <span class='ocrx_word' id='word_1_609' title='bbox 3176 4040 3423 4099; x_wconf 82' lang='lat' dir='ltr'><strong>tempore</strong></span> <span class='ocrx_word' id='word_1_610' title='bbox 3442 4030 3731 4099; x_wconf 68' lang='lat' dir='ltr'><strong>quippiam</strong></span> 
     </span>
    </p>
   </div>
   <div class='ocr_carea' id='block_1_88' title="bbox 2142 4121 3730 4191">
    <p class='ocr_par' dir='ltr' id='par_1_88' title="bbox 2142 4121 3730 4191">
     <span class='ocr_line' id='line_1_88' title="bbox 2142 4121 3730 4191; baseline -0.003 -12"><span class='ocrx_word' id='word_1_611' title='bbox 2142 4125 2436 4191; x_wconf 89' lang='lat' dir='ltr'><strong>minuatur,</strong></span> <span class='ocrx_word' id='word_1_612' title='bbox 2464 4133 2556 4178; x_wconf 86' lang='lat' dir='ltr'><strong>aut</strong></span> <span class='ocrx_word' id='word_1_613' title='bbox 2584 4124 2923 4179; x_wconf 81' lang='lat' dir='ltr'><strong>conditiones</strong></span> <span class='ocrx_word' id='word_1_614' title='bbox 2974 4123 3104 4178; x_wconf 90' lang='lat' dir='ltr'><strong>inibi</strong></span> <span class='ocrx_word' id='word_1_615' title='bbox 3134 4121 3314 4177; x_wconf 91' lang='lat' dir='ltr'><strong>studio</strong></span> <span class='ocrx_word' id='word_1_616' title='bbox 3356 4122 3475 4191; x_wconf 87' lang='lat' dir='ltr'><strong>eius</strong></span> <span class='ocrx_word' id='word_1_617' title='bbox 3518 4122 3730 4175; x_wconf 77' lang='lat' dir='ltr'><strong>inditas</strong></span> 
     </span>
    </p>
   </div>
   <div class='ocr_carea' id='block_1_89' title="bbox 2141 4210 3732 4285">
    <p class='ocr_par' dir='ltr' id='par_1_89' title="bbox 2141 4210 3732 4285">
     <span class='ocr_line' id='line_1_89' title="bbox 2141 4210 3732 4285; baseline -0.003 -17"><span class='ocrx_word' id='word_1_618' title='bbox 2141 4214 2381 4285; x_wconf 87' lang='lat' dir='ltr'><strong>qualibet</strong></span> <span class='ocrx_word' id='word_1_619' title='bbox 2414 4214 2697 4270; x_wconf 86' lang='lat' dir='ltr'><strong>occasione</strong></span> <span class='ocrx_word' id='word_1_620' title='bbox 2726 4213 3029 4269; x_wconf 84' lang='lat' dir='ltr'><strong>convellere</strong></span> <span class='ocrx_word' id='word_1_621' title='bbox 3057 4221 3153 4267; x_wconf 89' lang='lat' dir='ltr'><strong>aut</strong></span> <span class='ocrx_word' id='word_1_622' title='bbox 3192 4210 3466 4265; x_wconf 70' lang='lat' dir='ltr'><strong>ullatenus</strong></span> <span class='ocrx_word' id='word_1_623' title='bbox 3488 4211 3732 4281; x_wconf 80' lang='lat' dir='ltr'><strong>quisque</strong></span> 
     </span>
    </p>
   </div>
   <div class='ocr_carea' id='block_1_90' title="bbox 2143 4302 3733 4377">
    <p class='ocr_par' dir='ltr' id='par_1_90' title="bbox 2143 4302 3733 4377">
     <span class='ocr_line' id='line_1_90' title="bbox 2143 4302 3733 4377; baseline -0.001 -19"><span class='ocrx_word' id='word_1_624' title='bbox 2143 4305 2415 4377; x_wconf 81' lang='lat' dir='ltr'><strong>negligere</strong></span> <span class='ocrx_word' id='word_1_625' title='bbox 2443 4313 2754 4376; x_wconf 84' lang='lat' dir='ltr'><strong>praesumat,</strong></span> <span class='ocrx_word' id='word_1_626' title='bbox 2803 4305 2899 4359; x_wconf 89' lang='lat' dir='ltr'><strong>sed</strong></span> <span class='ocrx_word' id='word_1_627' title='bbox 2944 4304 3396 4374; x_wconf 81' lang='lat' dir='ltr'><strong>quemadmodum</strong></span> <span class='ocrx_word' id='word_1_628' title='bbox 3422 4302 3494 4356; x_wconf 78' lang='lat' dir='ltr'><strong>ab</strong></span> <span class='ocrx_word' id='word_1_629' title='bbox 3521 4314 3591 4357; x_wconf 81' lang='lat' dir='ltr'><strong>eo</strong></span> <span class='ocrx_word' id='word_1_630' title='bbox 3640 4304 3733 4371; x_wconf 72' lang='lat' dir='ltr'><strong>pie</strong></span> 
     </span>
    </p>
   </div>
   <div class='ocr_carea' id='block_1_91' title="bbox 465 4363 3734 4467">
    <p class='ocr_par' dir='ltr' id='par_1_91' title="bbox 465 4363 3734 4467">
     <span class='ocr_line' id='line_1_91' title="bbox 465 4363 3734 4467; baseline -0.006 -3"><span class='ocrx_word' id='word_1_631' title='bbox 465 4363 677 4467; x_wconf 47' lang='grc' dir='ltr'><strong>ἱδξηδθτξί</strong></span> <span class='ocrx_word' id='word_1_632' title='bbox 701 4364 883 4467; x_wconf 49' lang='lat' dir='ltr'><strong>mni</strong></span> <span class='ocrx_word' id='word_1_633' title='bbox 913 4363 1430 4467; x_wconf 49' lang='grc' dir='ltr'><strong>ι’δόθνίθίμνϋῗδίξηί</strong></span> <span class='ocrx_word' id='word_1_634' title='bbox 1466 4366 2042 4467; x_wconf 53' lang='lat' dir='ltr'><strong>AW?“;&quot;}‘“C“?“°</strong></span> <span class='ocrx_word' id='word_1_635' title='bbox 2065 4374 2119 4434; x_wconf 85' lang='grc' dir='ltr'><strong>Ῑ)</strong></span> <span class='ocrx_word' id='word_1_636' title='bbox 2145 4363 2501 4467; x_wconf 69' lang='lat' dir='ltr'><strong>religioseque</strong></span> <span class='ocrx_word' id='word_1_637' title='bbox 2525 4363 2903 4461; x_wconf 37' lang='lat' dir='ltr'><strong>sancita&#39;sunt,</strong></span> <span class='ocrx_word' id='word_1_638' title='bbox 2933 4363 3009 4449; x_wconf 67' lang='lat' dir='ltr'><strong>ita</strong></span> <span class='ocrx_word' id='word_1_639' title='bbox 3050 4408 3148 4463; x_wconf 91' lang='lat' dir='ltr'><strong>per</strong></span> <span class='ocrx_word' id='word_1_640' title='bbox 3172 4393 3312 4447; x_wconf 89' lang='lat' dir='ltr'><strong>banc</strong></span> <span class='ocrx_word' id='word_1_641' title='bbox 3340 4401 3587 4446; x_wconf 79' lang='lat' dir='ltr'><strong>nostram</strong></span> <span class='ocrx_word' id='word_1_642' title='bbox 3629 4363 3734 4444; x_wconf 65' lang='lat' dir='ltr'><strong>au-</strong></span> 
     </span>
    </p>
   </div>
   <div class='ocr_carea' id='block_1_92' title="bbox 464 4453 2083 4539">
    <p class='ocr_par' dir='ltr' id='par_1_92' title="bbox 464 4453 2083 4539">
     <span class='ocr_line' id='line_1_92' title="bbox 464 4453 2083 4539; baseline 0.004 -32"><span class='ocrx_word' id='word_1_643' title='bbox 464 4455 529 4508; x_wconf 70' lang='lat' dir='ltr'><strong>ll</strong></span> <span class='ocrx_word' id='word_1_644' title='bbox 553 4454 599 4507; x_wconf 71' lang='grc' dir='ltr'><strong>δ.</strong></span> <span class='ocrx_word' id='word_1_645' title='bbox 625 4454 818 4510; x_wconf 82' lang='lat' dir='ltr'><strong>Actum</strong></span> <span class='ocrx_word' id='word_1_646' title='bbox 853 4453 1196 4526; x_wconf 75' lang='lat' dir='ltr'><strong>Aquisgrani&#39;</strong></span> <span class='ocrx_word' id='word_1_647' title='bbox 1213 4456 1413 4526; x_wconf 91' lang='lat' dir='ltr'><strong>palatio</strong></span> <span class='ocrx_word' id='word_1_648' title='bbox 1442 4458 1592 4528; x_wconf 82' lang='lat' dir='ltr'><strong>regio</strong></span> <span class='ocrx_word' id='word_1_649' title='bbox 1622 4459 1675 4513; x_wconf 92' lang='lat' dir='ltr'><strong>in</strong></span> <span class='ocrx_word' id='word_1_650' title='bbox 1699 4457 1793 4513; x_wconf 89' lang='lat' dir='ltr'><strong>Dei</strong></span> <span class='ocrx_word' id='word_1_651' title='bbox 1822 4458 2039 4513; x_wconf 90' lang='lat' dir='ltr'><strong>nomine</strong></span> <span class='ocrx_word' id='word_1_652' title='bbox 2066 4534 2083 4539; x_wconf 85' lang='lat'>_</span> 
     </span>
    </p>
   </div>
   <div class='ocr_carea' id='block_1_93' title="bbox 462 4544 931 4600">
    <p class='ocr_par' dir='ltr' id='par_1_93' title="bbox 462 4544 931 4600">
     <span class='ocr_line' id='line_1_93' title="bbox 462 4544 931 4600; baseline 0.002 -3"><span class='ocrx_word' id='word_1_653' title='bbox 462 4544 707 4599; x_wconf 80' lang='lat' dir='ltr'><strong>feliciter.</strong></span> <span class='ocrx_word' id='word_1_654' title='bbox 741 4544 931 4600; x_wconf 77' lang='lat' dir='ltr'><strong>Amen.</strong></span> 
     </span>
    </p>
   </div>
   <div class='ocr_carea' id='block_1_94' title="bbox 1161 4657 1337 4714">
    <p class='ocr_par' dir='ltr' id='par_1_94' title="bbox 1161 4657 1337 4714">
     <span class='ocr_line' id='line_1_94' title="bbox 1161 4657 1337 4714; baseline -0.017 0"><span class='ocrx_word' id='word_1_655' title='bbox 1161 4657 1337 4714; x_wconf 77' lang='lat' dir='ltr'><strong>CClX.</strong></span> 
     </span>
    </p>
   </div>
   <div class='ocr_carea' id='block_1_95' title="bbox 513 4794 1987 4839">
    <p class='ocr_par' dir='ltr' id='par_1_95' title="bbox 513 4794 1987 4839">
     <span class='ocr_line' id='line_1_95' title="bbox 513 4794 1987 4839; baseline 0.003 -5"><span class='ocrx_word' id='word_1_656' title='bbox 513 4794 758 4835; x_wconf 69' lang='grc' dir='ltr'>ωυοιιίιι</span> <span class='ocrx_word' id='word_1_657' title='bbox 798 4796 868 4833; x_wconf 77' lang='lat' dir='ltr'><strong>PII</strong></span> <span class='ocrx_word' id='word_1_658' title='bbox 906 4795 1134 4835; x_wconf 68' lang='grc' dir='ltr'>ιιιιτιοιιιι</span> <span class='ocrx_word' id='word_1_659' title='bbox 1175 4796 1276 4837; x_wconf 63' lang='grc'><strong>1⁸80</strong></span> <span class='ocrx_word' id='word_1_660' title='bbox 1317 4795 1564 4838; x_wconf 62' lang='grc' dir='ltr'>Εοοιοεειι</span> <span class='ocrx_word' id='word_1_661' title='bbox 1603 4798 1987 4839; x_wconf 64' lang='lat' dir='ltr'><strong>CENOHASENSI.</strong></span> 
     </span>
    </p>
   </div>
   <div class='ocr_carea' id='block_1_96' title="bbox 1093 4894 1439 4965">
    <p class='ocr_par' dir='ltr' id='par_1_96' title="bbox 1093 4894 1439 4965">
     <span class='ocr_line' id='line_1_96' title="bbox 1093 4894 1439 4965; baseline 0.003 -18"><span class='ocrx_word' id='word_1_662' title='bbox 1093 4894 1268 4965; x_wconf 72' lang='lat' dir='ltr'><strong>(Anno</strong></span> <span class='ocrx_word' id='word_1_663' title='bbox 1288 4894 1439 4965; x_wconf 76' lang='lat'><strong>836.)</strong></span> 
     </span>
    </p>
   </div>
   <div class='ocr_carea' id='block_1_97' title="bbox 638 5000 1860 5078">
    <p class='ocr_par' dir='ltr' id='par_1_97' title="bbox 638 5000 1860 5078">
     <span class='ocr_line' id='line_1_97' title="bbox 638 5000 1860 5078; baseline 0.003 -23"><span class='ocrx_word' id='word_1_664' title='bbox 638 5000 815 5074; x_wconf 74' lang='lat' dir='ltr'><strong>[Apud</strong></span> <span class='ocrx_word' id='word_1_665' title='bbox 855 5002 1061 5069; x_wconf 82' lang='lat' dir='ltr'><strong>Baluz.,</strong></span> <span class='ocrx_word' id='word_1_666' title='bbox 1092 5003 1338 5071; x_wconf 74' lang='lat' dir='ltr'><strong>Hiscoll.,</strong></span> <span class='ocrx_word' id='word_1_667' title='bbox 1374 5014 1505 5059; x_wconf 80' lang='lat' dir='ltr'><strong>tom.</strong></span> <span class='ocrx_word' id='word_1_668' title='bbox 1531 5006 1572 5069; x_wconf 88' lang='lat' dir='ltr'><strong>l,</strong></span> <span class='ocrx_word' id='word_1_669' title='bbox 1598 5021 1718 5077; x_wconf 83' lang='lat' dir='ltr'><strong>pag.</strong></span> <span class='ocrx_word' id='word_1_670' title='bbox 1745 5002 1860 5078; x_wconf 81' lang='lat'><strong>97.]</strong></span> 
     </span>
    </p>
   </div>
   <div class='ocr_carea' id='block_1_98' title="bbox 529 5114 2028 5183">
    <p class='ocr_par' dir='ltr' id='par_1_98' title="bbox 529 5114 2028 5183">
     <span class='ocr_line' id='line_1_98' title="bbox 529 5114 2028 5183; baseline 0.003 -14"><span class='ocrx_word' id='word_1_671' title='bbox 529 5114 585 5169; x_wconf 80' lang='lat' dir='ltr'><strong>In</strong></span> <span class='ocrx_word' id='word_1_672' title='bbox 610 5117 824 5172; x_wconf 89' lang='lat' dir='ltr'><strong>nomine</strong></span> <span class='ocrx_word' id='word_1_673' title='bbox 850 5117 941 5171; x_wconf 85' lang='lat' dir='ltr'><strong>Dei</strong></span> <span class='ocrx_word' id='word_1_674' title='bbox 988 5125 1042 5171; x_wconf 90' lang='lat' dir='ltr'><strong>et</strong></span> <span class='ocrx_word' id='word_1_675' title='bbox 1070 5115 1368 5172; x_wconf 81' lang='lat' dir='ltr'><strong>Salvatoris</strong></span> <span class='ocrx_word' id='word_1_676' title='bbox 1390 5118 1562 5172; x_wconf 85' lang='lat' dir='ltr'><strong>nostri</strong></span> <span class='ocrx_word' id='word_1_677' title='bbox 1606 5117 1732 5173; x_wconf 84' lang='lat' dir='ltr'><strong>.lesu</strong></span> <span class='ocrx_word' id='word_1_678' title='bbox 1783 5118 1985 5174; x_wconf 84' lang='lat' dir='ltr'><strong>Christi</strong></span> <span class='ocrx_word' id='word_1_679' title='bbox 2014 5162 2028 5183; x_wconf 90' lang='lat'><strong>,</strong></span> 
     </span>
    </p>
   </div>
   <div class='ocr_carea' id='block_1_99' title="bbox 462 5225 2040 5295">
    <p class='ocr_par' dir='ltr' id='par_1_99' title="bbox 462 5225 2040 5295">
     <span class='ocr_line' id='line_1_99' title="bbox 462 5225 2040 5295; baseline 0.002 -16"><span class='ocrx_word' id='word_1_680' title='bbox 462 5225 704 5282; x_wconf 73' lang='lat' dir='ltr'><strong>Arulcnsi</strong></span> <span class='ocrx_word' id='word_1_681' title='bbox 728 5226 907 5281; x_wconf 88' lang='lat' dir='ltr'><strong>abbati</strong></span> <span class='ocrx_word' id='word_1_682' title='bbox 931 5242 1016 5281; x_wconf 84' lang='lat' dir='ltr'><strong>res</strong></span> <span class='ocrx_word' id='word_1_683' title='bbox 1038 5225 1153 5295; x_wconf 89' lang='lat' dir='ltr'><strong>eius</strong></span> <span class='ocrx_word' id='word_1_684' title='bbox 1177 5225 1487 5281; x_wconf 74' lang='lat' dir='ltr'><strong>monasterii</strong></span> <span class='ocrx_word' id='word_1_685' title='bbox 1515 5225 1568 5280; x_wconf 93' lang='lat' dir='ltr'><strong>in</strong></span> <span class='ocrx_word' id='word_1_686' title='bbox 1592 5227 1856 5295; x_wconf 82' lang='lat' dir='ltr'><strong>integrum</strong></span> <span class='ocrx_word' id='word_1_687' title='bbox 1882 5231 2011 5284; x_wconf 78' lang='lat' dir='ltr'><strong>resti</strong></span> <span class='ocrx_word' id='word_1_688' title='bbox 2027 5259 2040 5269; x_wconf 90' lang='lat'><strong>-</strong></span> 
     </span>
    </p>
   </div>
   <div class='ocr_carea' id='block_1_100' title="bbox 466 5295 2037 5360">
    <p class='ocr_par' dir='ltr' id='par_1_100' title="bbox 466 5295 2037 5360">
     <span class='ocr_line' id='line_1_100' title="bbox 466 5295 2037 5360; baseline 0.005 -14"><span class='ocrx_word' id='word_1_689' title='bbox 466 5295 602 5360; x_wconf 82' lang='lat' dir='ltr'><strong>tnit,</strong></span> <span class='ocrx_word' id='word_1_690' title='bbox 635 5295 772 5351; x_wconf 85' lang='lat' dir='ltr'><strong>facta</strong></span> <span class='ocrx_word' id='word_1_691' title='bbox 813 5296 987 5351; x_wconf 75' lang='lat' dir='ltr'><strong>eidem</strong></span> <span class='ocrx_word' id='word_1_692' title='bbox 1032 5298 1220 5351; x_wconf 84' lang='lat' dir='ltr'><strong>charta</strong></span> <span class='ocrx_word' id='word_1_693' title='bbox 1268 5295 1602 5349; x_wconf 87' lang='lat' dir='ltr'><strong>revestitoria</strong></span> <span class='ocrx_word' id='word_1_694' title='bbox 1632 5312 1684 5349; x_wconf 80' lang='lat' dir='ltr'><strong>tv</strong></span> <span class='ocrx_word' id='word_1_695' title='bbox 1712 5295 1892 5352; x_wconf 83' lang='lat' dir='ltr'><strong>Nonas</strong></span> <span class='ocrx_word' id='word_1_696' title='bbox 1934 5298 2037 5355; x_wconf 57' lang='lat' dir='ltr'><strong>lie-</strong></span> 
     </span>
    </p>
   </div>
   <div class='ocr_carea' id='block_1_101' title="bbox 466 5364 2041 5438">
    <p class='ocr_par' dir='ltr' id='par_1_101' title="bbox 466 5364 2041 5438">
     <span class='ocr_line' id='line_1_101' title="bbox 466 5364 2041 5438; baseline 0.004 -21"><span class='ocrx_word' id='word_1_697' title='bbox 466 5364 731 5438; x_wconf 73' lang='lat' dir='ltr'><strong>bruarias,</strong></span> <span class='ocrx_word' id='word_1_698' title='bbox 750 5382 892 5420; x_wconf 88' lang='lat' dir='ltr'><strong>anno</strong></span> <span class='ocrx_word' id='word_1_699' title='bbox 916 5367 995 5433; x_wconf 84' lang='lat' dir='ltr'><strong>l9,</strong></span> <span class='ocrx_word' id='word_1_700' title='bbox 1018 5365 1537 5438; x_wconf 68' lang='lat' dir='ltr'><strong>intperantedomno</strong></span> <span class='ocrx_word' id='word_1_701' title='bbox 1557 5376 1743 5421; x_wconf 89' lang='lat' dir='ltr'><strong>nostro</strong></span> <span class='ocrx_word' id='word_1_702' title='bbox 1768 5366 2041 5438; x_wconf 82' lang='lat' dir='ltr'><strong>Ludovico</strong></span> 
     </span>
    </p>
   </div>
   <div class='ocr_carea' id='block_1_102' title="bbox 466 5433 1938 5508">
    <p class='ocr_par' dir='ltr' id='par_1_102' title="bbox 466 5433 1938 5508">
     <span class='ocr_line' id='line_1_102' title="bbox 466 5433 1938 5508; baseline -0.002 -16"><span class='ocrx_word' id='word_1_703' title='bbox 466 5433 807 5508; x_wconf 64' lang='lat' dir='ltr'><strong>&#39;tnperatore.</strong></span> <span class='ocrx_word' id='word_1_704' title='bbox 842 5438 976 5491; x_wconf 78' lang='lat' dir='ltr'><strong>Vide</strong></span> <span class='ocrx_word' id='word_1_705' title='bbox 1005 5433 1239 5508; x_wconf 77' lang='lat' dir='ltr'><strong>Marcam</strong></span> <span class='ocrx_word' id='word_1_706' title='bbox 1268 5434 1634 5508; x_wconf 70' lang='lat' dir='ltr'><strong>Hispanicam,</strong></span> <span class='ocrx_word' id='word_1_707' title='bbox 1665 5452 1786 5508; x_wconf 82' lang='lat' dir='ltr'><strong>pag.</strong></span> <span class='ocrx_word' id='word_1_708' title='bbox 1818 5436 1938 5492; x_wconf 85' lang='lat'><strong>769.</strong></span> 
     </span>
    </p>
   </div>
   <div class='ocr_carea' id='block_1_103' title="bbox 535 5504 2038 5628">
    <p class='ocr_par' dir='ltr' id='par_1_103' title="bbox 535 5504 2038 5628">
     <span class='ocr_line' id='line_1_103' title="bbox 535 5504 2038 5569; baseline 0.003 -12"><span class='ocrx_word' id='word_1_709' title='bbox 535 5518 560 5543; x_wconf 76' lang='grc' dir='ltr'>ι·</span> <span class='ocrx_word' id='word_1_710' title='bbox 589 5504 828 5562; x_wconf 88' lang='lat' dir='ltr'><strong>Pessime</strong></span> <span class='ocrx_word' id='word_1_711' title='bbox 854 5508 906 5561; x_wconf 90' lang='lat' dir='ltr'><strong>in</strong></span> <span class='ocrx_word' id='word_1_712' title='bbox 936 5521 1088 5560; x_wconf 76' lang='lat' dir='ltr'><strong>exem</strong></span> <span class='ocrx_word' id='word_1_713' title='bbox 1115 5506 1227 5559; x_wconf 67' lang='lat' dir='ltr'><strong>dari</strong></span> <span class='ocrx_word' id='word_1_714' title='bbox 1259 5505 1463 5569; x_wconf 79' lang='lat' dir='ltr'><strong>vitiato,</strong></span> <span class='ocrx_word' id='word_1_715' title='bbox 1496 5522 1634 5561; x_wconf 80' lang='lat' dir='ltr'><strong>anno</strong></span> <span class='ocrx_word' id='word_1_716' title='bbox 1666 5504 1757 5558; x_wconf 64' lang='lat'><strong>202</strong></span> <span class='ocrx_word' id='word_1_717' title='bbox 1799 5507 2038 5562; x_wconf 85' lang='lat' dir='ltr'><strong>Domnus</strong></span> 
     </span>
     <span class='ocr_line' id='line_1_104' title="bbox 535 5524 2032 5628; baseline 0.003 -5"><span class='ocrx_word' id='word_1_718' title='bbox 535 5572 791 5628; x_wconf 67' lang='lat' dir='ltr'><strong>tissetius.</strong></span> <span class='ocrx_word' id='word_1_719' title='bbox 834 5585 980 5628; x_wconf 77' lang='lat' dir='ltr'><strong>torno</strong></span> <span class='ocrx_word' id='word_1_720' title='bbox 1020 5576 1039 5628; x_wconf 95' lang='lat' dir='ltr'><strong>l</strong></span> <span class='ocrx_word' id='word_1_721' title='bbox 1075 5524 1323 5628; x_wconf 51' lang='lat' dir='ltr'><strong>liistorize</strong></span> <span class='ocrx_word' id='word_1_722' title='bbox 1365 5574 1685 5628; x_wconf 68' lang='lat' dir='ltr'><strong>Occitauize.</strong></span> <span class='ocrx_word' id='word_1_723' title='bbox 1729 5591 1851 5628; x_wconf 70' lang='lat' dir='ltr'><strong>uae.</strong></span> <span class='ocrx_word' id='word_1_724' title='bbox 1898 5577 2032 5628; x_wconf 63' lang='lat' dir='ltr'><strong>ﬂii.</strong></span> 
     </span>
    </p>
   </div>
   <div class='ocr_carea' id='block_1_104' title="bbox 472 5569 2032 5645">
    <p class='ocr_par' dir='ltr' id='par_1_104' title="bbox 472 5569 2032 5645">
     <span class='ocr_line' id='line_1_105' title="bbox 472 5569 2032 5645; baseline 0.004 -22"><span class='ocrx_word' id='word_1_725' title='bbox 472 5569 791 5645; x_wconf 74' lang='lat' dir='ltr'><strong>V&#39;aissetius,</strong></span> <span class='ocrx_word' id='word_1_726' title='bbox 834 5585 980 5630; x_wconf 79' lang='lat' dir='ltr'><strong>tumo</strong></span> <span class='ocrx_word' id='word_1_727' title='bbox 1020 5576 1039 5630; x_wconf 94' lang='lat' dir='ltr'><strong>l</strong></span> <span class='ocrx_word' id='word_1_728' title='bbox 1075 5569 1323 5630; x_wconf 74' lang='lat' dir='ltr'><strong>Historia:</strong></span> <span class='ocrx_word' id='word_1_729' title='bbox 1365 5574 1685 5645; x_wconf 68' lang='lat' dir='ltr'><strong>Occitauite,</strong></span> <span class='ocrx_word' id='word_1_730' title='bbox 1729 5591 1851 5645; x_wconf 84' lang='lat' dir='ltr'><strong>pag.</strong></span> <span class='ocrx_word' id='word_1_731' title='bbox 1898 5577 2032 5639; x_wconf 72' lang='lat' dir='ltr'><strong>7i5,</strong></span> 
     </span>
    </p>
   </div>
   <div class='ocr_carea' id='block_1_105' title="bbox 467 5641 2033 5716">
    <p class='ocr_par' dir='ltr' id='par_1_105' title="bbox 467 5641 2033 5716">
     <span class='ocr_line' id='line_1_106' title="bbox 467 5641 2033 5716; baseline 0.006 -23"><span class='ocrx_word' id='word_1_732' title='bbox 467 5641 568 5694; x_wconf 89' lang='lat' dir='ltr'><strong>col.</strong></span> <span class='ocrx_word' id='word_1_733' title='bbox 606 5644 652 5712; x_wconf 92' lang='lat' dir='ltr'><strong>l,</strong></span> <span class='ocrx_word' id='word_1_734' title='bbox 681 5646 1048 5716; x_wconf 77' lang='lat' dir='ltr'><strong>corrigendum</strong></span> <span class='ocrx_word' id='word_1_735' title='bbox 1075 5653 1261 5701; x_wconf 85' lang='lat' dir='ltr'><strong>censet</strong></span> <span class='ocrx_word' id='word_1_736' title='bbox 1287 5659 1426 5697; x_wconf 83' lang='lat' dir='ltr'><strong>anno</strong></span> <span class='ocrx_word' id='word_1_737' title='bbox 1464 5643 1529 5710; x_wconf 87' lang='lat'><strong>8,</strong></span> <span class='ocrx_word' id='word_1_738' title='bbox 1559 5652 1617 5699; x_wconf 87' lang='lat' dir='ltr'><strong>ut</strong></span> <span class='ocrx_word' id='word_1_739' title='bbox 1644 5641 1867 5709; x_wconf 72' lang='lat' dir='ltr'><strong>quadret</strong></span> <span class='ocrx_word' id='word_1_740' title='bbox 1896 5645 2033 5703; x_wconf 85' lang='lat' dir='ltr'><strong>indi-</strong></span> 
     </span>
    </p>
   </div>
   <div class='ocr_carea' id='block_1_106' title="bbox 2142 4483 3736 4557">
    <p class='ocr_par' dir='ltr' id='par_1_106' title="bbox 2142 4483 3736 4557">
     <span class='ocr_line' id='line_1_107' title="bbox 2142 4483 3736 4557; baseline -0.005 -12"><span class='ocrx_word' id='word_1_741' title='bbox 2142 4491 2450 4545; x_wconf 88' lang='lat' dir='ltr'><strong>ctoritatem</strong></span> <span class='ocrx_word' id='word_1_742' title='bbox 2482 4488 2792 4544; x_wconf 86' lang='lat' dir='ltr'><strong>inconvulsa</strong></span> <span class='ocrx_word' id='word_1_743' title='bbox 2818 4486 3134 4557; x_wconf 89' lang='lat' dir='ltr'><strong>perenniter</strong></span> <span class='ocrx_word' id='word_1_744' title='bbox 3166 4492 3439 4539; x_wconf 71' lang='lat' dir='ltr'><strong>maneam.</strong></span> <span class='ocrx_word' id='word_1_745' title='bbox 3469 4483 3736 4549; x_wconf 75' lang='lat' dir='ltr'><strong>Quando-</strong></span> 
     </span>
    </p>
   </div>
   <div class='ocr_carea' id='block_1_107' title="bbox 2142 4575 3735 4650">
    <p class='ocr_par' dir='ltr' id='par_1_107' title="bbox 2142 4575 3735 4650">
     <span class='ocr_line' id='line_1_108' title="bbox 2142 4575 3735 4650; baseline -0.004 -15"><span class='ocrx_word' id='word_1_746' title='bbox 2142 4579 2359 4650; x_wconf 90' lang='lat' dir='ltr'><strong>quidem</strong></span> <span class='ocrx_word' id='word_1_747' title='bbox 2382 4587 2563 4634; x_wconf 86' lang='lat' dir='ltr'><strong>autcm</strong></span> <span class='ocrx_word' id='word_1_748' title='bbox 2591 4580 2774 4633; x_wconf 89' lang='lat' dir='ltr'><strong>divina</strong></span> <span class='ocrx_word' id='word_1_749' title='bbox 2813 4579 3097 4633; x_wconf 87' lang='lat' dir='ltr'><strong>vocatione</strong></span> <span class='ocrx_word' id='word_1_750' title='bbox 3126 4576 3297 4631; x_wconf 85' lang='lat' dir='ltr'><strong>abbas</strong></span> <span class='ocrx_word' id='word_1_751' title='bbox 3322 4576 3415 4645; x_wconf 85' lang='lat' dir='ltr'><strong>qui</strong></span> <span class='ocrx_word' id='word_1_752' title='bbox 3462 4575 3735 4646; x_wconf 64' lang='lat' dir='ltr'><strong>presenti</strong></span> 
     </span>
    </p>
   </div>
   <div class='ocr_carea' id='block_1_108' title="bbox 2144 4664 3733 4740">
    <p class='ocr_par' dir='ltr' id='par_1_108' title="bbox 2144 4664 3733 4740">
     <span class='ocr_line' id='line_1_109' title="bbox 2144 4664 3733 4740; baseline -0.003 -18"><span class='ocrx_word' id='word_1_753' title='bbox 2144 4678 2386 4740; x_wconf 90' lang='lat' dir='ltr'><strong>tempore</strong></span> <span class='ocrx_word' id='word_1_754' title='bbox 2412 4668 2700 4740; x_wconf 57' lang='lat' dir='ltr'><strong>praefectus</strong></span> <span class='ocrx_word' id='word_1_755' title='bbox 2735 4675 2838 4733; x_wconf 87' lang='lat' dir='ltr'><strong>est,</strong></span> <span class='ocrx_word' id='word_1_756' title='bbox 2882 4675 2975 4722; x_wconf 90' lang='lat' dir='ltr'><strong>aut</strong></span> <span class='ocrx_word' id='word_1_757' title='bbox 3018 4667 3112 4737; x_wconf 88' lang='lat' dir='ltr'><strong>qui</strong></span> <span class='ocrx_word' id='word_1_758' title='bbox 3144 4665 3343 4719; x_wconf 82' lang='lat' dir='ltr'><strong>futuris</strong></span> <span class='ocrx_word' id='word_1_759' title='bbox 3383 4664 3733 4733; x_wconf 69' lang='lat' dir='ltr'><strong>temporibus</strong></span> 
     </span>
    </p>
   </div>
   <div class='ocr_carea' id='block_1_109' title="bbox 2144 4756 3734 4832">
    <p class='ocr_par' dir='ltr' id='par_1_109' title="bbox 2144 4756 3734 4832">
     <span class='ocr_line' id='line_1_110' title="bbox 2144 4756 3734 4832; baseline -0.003 -17"><span class='ocrx_word' id='word_1_760' title='bbox 2144 4763 2469 4832; x_wconf 87' lang='lat' dir='ltr'><strong>subrogandi</strong></span> <span class='ocrx_word' id='word_1_761' title='bbox 2491 4769 2638 4824; x_wconf 87' lang='lat' dir='ltr'><strong>sunt,</strong></span> <span class='ocrx_word' id='word_1_762' title='bbox 2678 4761 2747 4815; x_wconf 90' lang='lat' dir='ltr'><strong>ab</strong></span> <span class='ocrx_word' id='word_1_763' title='bbox 2779 4763 2879 4815; x_wconf 88' lang='lat' dir='ltr'><strong>hac</strong></span> <span class='ocrx_word' id='word_1_764' title='bbox 2906 4760 3025 4815; x_wconf 90' lang='lat' dir='ltr'><strong>luce</strong></span> <span class='ocrx_word' id='word_1_765' title='bbox 3051 4756 3427 4828; x_wconf 85' lang='lat' dir='ltr'><strong>migraverint,</strong></span> <span class='ocrx_word' id='word_1_766' title='bbox 3455 4771 3564 4811; x_wconf 77' lang='lat' dir='ltr'><strong>nea</strong></span> <span class='ocrx_word' id='word_1_767' title='bbox 3605 4769 3734 4810; x_wconf 70' lang='lat' dir='ltr'><strong>eu-</strong></span> 
     </span>
    </p>
   </div>
   <div class='ocr_carea' id='block_1_110' title="bbox 2145 4848 3733 4919">
    <p class='ocr_par' dir='ltr' id='par_1_110' title="bbox 2145 4848 3733 4919">
     <span class='ocr_line' id='line_1_111' title="bbox 2145 4848 3733 4919; baseline -0.005 -13"><span class='ocrx_word' id='word_1_768' title='bbox 2145 4865 2409 4906; x_wconf 87' lang='lat' dir='ltr'><strong>cousensu</strong></span> <span class='ocrx_word' id='word_1_769' title='bbox 2441 4850 2678 4919; x_wconf 89' lang='lat' dir='ltr'><strong>eiusdem</strong></span> <span class='ocrx_word' id='word_1_770' title='bbox 2727 4850 2931 4905; x_wconf 85' lang='lat' dir='ltr'><strong>Aldrici</strong></span> <span class='ocrx_word' id='word_1_771' title='bbox 2974 4848 3209 4919; x_wconf 77' lang='lat' dir='ltr'><strong>episcOpi</strong></span> <span class='ocrx_word' id='word_1_772' title='bbox 3240 4860 3733 4915; x_wconf 76' lang='lat' dir='ltr'><strong>successurumque</strong></span> 
     </span>
    </p>
   </div>
   <div class='ocr_carea' id='block_1_111' title="bbox 2145 4936 3735 5012">
    <p class='ocr_par' dir='ltr' id='par_1_111' title="bbox 2145 4936 3735 5012">
     <span class='ocr_line' id='line_1_112' title="bbox 2145 4936 3735 5012; baseline -0.004 -19"><span class='ocrx_word' id='word_1_773' title='bbox 2145 4942 2284 5011; x_wconf 88' lang='lat' dir='ltr'><strong>eius,</strong></span> <span class='ocrx_word' id='word_1_774' title='bbox 2310 4942 2600 5012; x_wconf 67' lang='lat' dir='ltr'><strong>praesulutn</strong></span> <span class='ocrx_word' id='word_1_775' title='bbox 2624 4941 2876 4996; x_wconf 79' lang='lat' dir='ltr'><strong>videlicet</strong></span> <span class='ocrx_word' id='word_1_776' title='bbox 2920 4948 3231 4995; x_wconf 68' lang='lat' dir='ltr'><strong>memoratae</strong></span> <span class='ocrx_word' id='word_1_777' title='bbox 3255 4937 3423 5001; x_wconf 81' lang='lat' dir='ltr'><strong>sedis,</strong></span> <span class='ocrx_word' id='word_1_778' title='bbox 3448 4936 3735 4989; x_wconf 86' lang='lat' dir='ltr'><strong>licentiam</strong></span> 
     </span>
    </p>
   </div>
   <div class='ocr_carea' id='block_1_112' title="bbox 2144 5028 3734 5102">
    <p class='ocr_par' dir='ltr' id='par_1_112' title="bbox 2144 5028 3734 5102">
     <span class='ocr_line' id='line_1_113' title="bbox 2144 5028 3734 5102; baseline -0.004 -16"><span class='ocrx_word' id='word_1_779' title='bbox 2144 5033 2464 5087; x_wconf 67' lang='lat' dir='ltr'><strong>habeatuth</strong></span> <span class='ocrx_word' id='word_1_780' title='bbox 2519 5033 2713 5101; x_wconf 86' lang='lat' dir='ltr'><strong>seipsis</strong></span> <span class='ocrx_word' id='word_1_781' title='bbox 2741 5031 2972 5102; x_wconf 89' lang='lat' dir='ltr'><strong>eligendi</strong></span> <span class='ocrx_word' id='word_1_782' title='bbox 3024 5028 3266 5093; x_wconf 82' lang='lat' dir='ltr'><strong>abbates,</strong></span> <span class='ocrx_word' id='word_1_783' title='bbox 3314 5029 3359 5082; x_wconf 91' lang='lat' dir='ltr'><strong>si</strong></span> <span class='ocrx_word' id='word_1_784' title='bbox 3406 5029 3545 5081; x_wconf 83' lang='lat' dir='ltr'><strong>tales</strong></span> <span class='ocrx_word' id='word_1_785' title='bbox 3587 5029 3734 5079; x_wconf 81' lang='lat' dir='ltr'><strong>inter</strong></span> 
     </span>
    </p>
   </div>
   <div class='ocr_carea' id='block_1_113' title="bbox 2140 5115 3738 5192">
    <p class='ocr_par' dir='ltr' id='par_1_113' title="bbox 2140 5115 3738 5192">
     <span class='ocr_line' id='line_1_114' title="bbox 2140 5115 3738 5192; baseline -0.007 -15"><span class='ocrx_word' id='word_1_786' title='bbox 2140 5138 2233 5177; x_wconf 89' lang='lat' dir='ltr'><strong>cos</strong></span> <span class='ocrx_word' id='word_1_787' title='bbox 2260 5122 2483 5191; x_wconf 85' lang='lat' dir='ltr'><strong>reperiri</strong></span> <span class='ocrx_word' id='word_1_788' title='bbox 2511 5122 2779 5192; x_wconf 87' lang='lat' dir='ltr'><strong>potuerint</strong></span> <span class='ocrx_word' id='word_1_789' title='bbox 2808 5120 2899 5191; x_wconf 83' lang='lat' dir='ltr'><strong>qui</strong></span> <span class='ocrx_word' id='word_1_790' title='bbox 2921 5121 3002 5177; x_wconf 90' lang='lat' dir='ltr'><strong>eis</strong></span> <span class='ocrx_word' id='word_1_791' title='bbox 3025 5119 3221 5175; x_wconf 84' lang='lat' dir='ltr'><strong>merito</strong></span> <span class='ocrx_word' id='word_1_792' title='bbox 3247 5120 3372 5172; x_wconf 77' lang='lat' dir='ltr'><strong>vita:</strong></span> <span class='ocrx_word' id='word_1_793' title='bbox 3402 5125 3455 5171; x_wconf 89' lang='lat' dir='ltr'><strong>et</strong></span> <span class='ocrx_word' id='word_1_794' title='bbox 3482 5115 3738 5170; x_wconf 59' lang='lat' dir='ltr'><strong>scientia</strong></span> 
     </span>
    </p>
   </div>
   <div class='ocr_carea' id='block_1_114' title="bbox 2142 5231 3739 5303">
    <p class='ocr_par' dir='ltr' id='par_1_114' title="bbox 2142 5231 3739 5303">
     <span class='ocr_line' id='line_1_115' title="bbox 2142 5231 3739 5303; baseline -0.001 -15"><span class='ocrx_word' id='word_1_795' title='bbox 2142 5234 2277 5297; x_wconf 84' lang='lat' dir='ltr'><strong>ctio,</strong></span> <span class='ocrx_word' id='word_1_796' title='bbox 2324 5243 2378 5287; x_wconf 86' lang='lat' dir='ltr'><strong>et</strong></span> <span class='ocrx_word' id='word_1_797' title='bbox 2407 5242 2732 5303; x_wconf 63' lang='lat' dir='ltr'><strong>praeceptum</strong></span> <span class='ocrx_word' id='word_1_798' title='bbox 2765 5233 2931 5289; x_wconf 79' lang='lat' dir='ltr'><strong>refert</strong></span> <span class='ocrx_word' id='word_1_799' title='bbox 2959 5236 3026 5288; x_wconf 80' lang='lat' dir='ltr'><strong>ad</strong></span> <span class='ocrx_word' id='word_1_800' title='bbox 3068 5248 3265 5287; x_wconf 87' lang='lat' dir='ltr'><strong>annum</strong></span> <span class='ocrx_word' id='word_1_801' title='bbox 3304 5231 3446 5289; x_wconf 72' lang='lat'><strong>82!:</strong></span> <span class='ocrx_word' id='word_1_802' title='bbox 3486 5231 3583 5303; x_wconf 76' lang='lat' dir='ltr'><strong>sed</strong></span> <span class='ocrx_word' id='word_1_803' title='bbox 3628 5250 3739 5286; x_wconf 75' lang='lat' dir='ltr'><strong>non</strong></span> 
     </span>
    </p>
   </div>
   <div class='ocr_carea' id='block_1_115' title="bbox 2144 5301 3739 5375">
    <p class='ocr_par' dir='ltr' id='par_1_115' title="bbox 2144 5301 3739 5375">
     <span class='ocr_line' id='line_1_116' title="bbox 2144 5301 3739 5375; baseline -0.001 -19"><span class='ocrx_word' id='word_1_804' title='bbox 2144 5304 2524 5357; x_wconf 83' lang='lat' dir='ltr'><strong>animadvertit</strong></span> <span class='ocrx_word' id='word_1_805' title='bbox 2546 5301 2632 5357; x_wconf 84' lang='lat' dir='ltr'><strong>vir</strong></span> <span class='ocrx_word' id='word_1_806' title='bbox 2659 5303 3004 5357; x_wconf 86' lang='lat' dir='ltr'><strong>doctissimus</strong></span> <span class='ocrx_word' id='word_1_807' title='bbox 3036 5305 3307 5375; x_wconf 86' lang='lat' dir='ltr'><strong>Hugouem</strong></span> <span class='ocrx_word' id='word_1_808' title='bbox 3328 5342 3344 5364; x_wconf 88' lang='lat'><strong>,</strong></span> <span class='ocrx_word' id='word_1_809' title='bbox 3372 5303 3438 5375; x_wconf 81' lang='lat' dir='ltr'><strong>ad</strong></span> <span class='ocrx_word' id='word_1_810' title='bbox 3465 5301 3739 5375; x_wconf 62' lang='lat' dir='ltr'><strong>cuiusvi-</strong></span> 
     </span>
    </p>
   </div>
   <div class='ocr_carea' id='block_1_116' title="bbox 2142 5372 3741 5443">
    <p class='ocr_par' dir='ltr' id='par_1_116' title="bbox 2142 5372 3741 5443">
     <span class='ocr_line' id='line_1_117' title="bbox 2142 5372 3741 5443; baseline 0 -16"><span class='ocrx_word' id='word_1_811' title='bbox 2142 5388 2259 5443; x_wconf 83' lang='lat' dir='ltr'><strong>cem</strong></span> <span class='ocrx_word' id='word_1_812' title='bbox 2300 5374 2635 5442; x_wconf 81' lang='lat' dir='ltr'><strong>recognitum</strong></span> <span class='ocrx_word' id='word_1_813' title='bbox 2678 5383 2763 5429; x_wconf 72' lang='grc' dir='ltr'><strong>εει</strong></span> <span class='ocrx_word' id='word_1_814' title='bbox 2795 5372 3148 5443; x_wconf 58' lang='lat' dir='ltr'><strong>praeceptum;</strong></span> <span class='ocrx_word' id='word_1_815' title='bbox 3186 5372 3396 5443; x_wconf 75' lang='lat' dir='ltr'><strong>nonnisi</strong></span> <span class='ocrx_word' id='word_1_816' title='bbox 3438 5387 3588 5424; x_wconf 82' lang='lat' dir='ltr'><strong>anno</strong></span> <span class='ocrx_word' id='word_1_817' title='bbox 3628 5372 3741 5427; x_wconf 62' lang='lat'><strong>83$</strong></span> 
     </span>
    </p>
   </div>
   <div class='ocr_carea' id='block_1_117' title="bbox 2143 5442 3422 5498">
    <p class='ocr_par' dir='ltr' id='par_1_117' title="bbox 2143 5442 3422 5498">
     <span class='ocr_line' id='line_1_118' title="bbox 2143 5442 3422 5498; baseline -0.005 -1"><span class='ocrx_word' id='word_1_818' title='bbox 2143 5442 2405 5498; x_wconf 88' lang='lat' dir='ltr'><strong>Theotoni</strong></span> <span class='ocrx_word' id='word_1_819' title='bbox 2435 5445 2488 5497; x_wconf 84' lang='lat' dir='ltr'><strong>in</strong></span> <span class='ocrx_word' id='word_1_820' title='bbox 2519 5443 2823 5497; x_wconf 81' lang='lat' dir='ltr'><strong>cancellarii</strong></span> <span class='ocrx_word' id='word_1_821' title='bbox 2850 5458 3044 5497; x_wconf 90' lang='lat' dir='ltr'><strong>munus</strong></span> <span class='ocrx_word' id='word_1_822' title='bbox 3079 5442 3422 5496; x_wconf 78' lang='lat' dir='ltr'><strong>successisse.</strong></span> 
     </span>
    </p>
   </div>
   <div class='ocr_carea' id='block_1_118' title="bbox 2211 5509 3739 5583">
    <p class='ocr_par' dir='ltr' id='par_1_118' title="bbox 2211 5509 3739 5583">
     <span class='ocr_line' id='line_1_119' title="bbox 2211 5509 3739 5583; baseline 0 -17"><span class='ocrx_word' id='word_1_823' title='bbox 2211 5511 2240 5583; x_wconf 58' lang='lat' dir='ltr'><strong>lt</strong></span> <span class='ocrx_word' id='word_1_824' title='bbox 2271 5512 2362 5567; x_wconf 86' lang='lat' dir='ltr'><strong>Sic</strong></span> <span class='ocrx_word' id='word_1_825' title='bbox 2386 5513 2720 5583; x_wconf 86' lang='lat' dir='ltr'><strong>restituimus</strong></span> <span class='ocrx_word' id='word_1_826' title='bbox 2744 5512 3038 5583; x_wconf 80' lang='lat' dir='ltr'><strong>exemplari</strong></span> <span class='ocrx_word' id='word_1_827' title='bbox 3064 5513 3268 5568; x_wconf 86' lang='lat' dir='ltr'><strong>vitiato.</strong></span> <span class='ocrx_word' id='word_1_828' title='bbox 3304 5509 3437 5564; x_wconf 76' lang='lat' dir='ltr'><strong>Male</strong></span> <span class='ocrx_word' id='word_1_829' title='bbox 3466 5509 3520 5564; x_wconf 82' lang='lat' dir='ltr'><strong>iu</strong></span> <span class='ocrx_word' id='word_1_830' title='bbox 3554 5510 3739 5580; x_wconf 76' lang='lat' dir='ltr'><strong>edito,</strong></span> 
     </span>
    </p>
   </div>
   <div class='ocr_carea' id='block_1_119' title="bbox 2141 5581 2544 5637">
    <p class='ocr_par' dir='ltr' id='par_1_119' title="bbox 2141 5581 2544 5637">
     <span class='ocr_line' id='line_1_120' title="bbox 2141 5581 2544 5637; baseline -0.005 0"><span class='ocrx_word' id='word_1_831' title='bbox 2141 5581 2426 5637; x_wconf 81' lang='lat' dir='ltr'><strong>indictione</strong></span> <span class='ocrx_word' id='word_1_832' title='bbox 2457 5582 2544 5636; x_wconf 82' lang='lat' dir='ltr'><strong>l5.</strong></span> 
     </span>
    </p>
   </div>
  </div>
