4048 6182
386 246 521 304 12τὸ

1509 243 1804 300 ιιιΡιοΜΑ
1813 242 1902 299 TA
1939 244 2484 307 ECCLESIASTICA.

3503 260 3637 316 om
3676 340 3681 343 ι

380 354 672 412 secundum
697 338 933 424 regulam
959 351 1130 407 sancti
1177 351 1452 405 Benedicti
1480 368 1713 420 praeesse
1747 362 1803 407 et
1832 368 1958 424 pro-
1985 356 2038 415 Α
2061 354 2263 412 Christi
2287 400 2303 425 ,
2346 361 2669 424 Ludovicus.
2702 363 2887 419 divina
2913 369 3304 438 repmpitiante
3327 373 3636 440 clementia,

382 447 538 502 desse
580 445 804 515 possint.
836 445 903 498 Et
930 454 989 499 ut
1012 444 1127 498 lucc
1156 450 1355 496 nostra:
1388 442 1817 499 conﬁrmationis
1860 461 1959 500 au-

381 535 604 590 ctoritas
629 542 945 603 perpetuam
990 536 1193 588 nostris
1238 548 1721 606 successorumque
1750 546 1969 592 nostrot

382 641 498 680 rum
524 626 853 697 temporibus
866 627 1107 681 obtineat
1124 626 1457 690 firmitatem,
1475 627 1541 682 de
1562 627 1764 682 annulo
1777 638 1961 684 nostro

378 717 563 772 subter
593 733 711 771 eam
738 716 1004 787 jussimus
1030 718 1277 788 sigillari.

449 808 889 866 Hincminmarus
913 811 1156 867 notarius
1198 811 1266 866 ad
1304 812 1479 867 vicem
1511 810 1755 884 Hugonis
1808 828 1962 868 reco-

377 898 540 970 gnovi
568 908 622 954 et
648 899 966 970 subscripsi.

448 988 583 1043 Data
608 1005 716 1044 xvu
739 989 858 1045 Kal.
887 989 1038 1055 Julii,
1064 1004 1228 1055 anno,
1248 988 1466 1045 Christo
1491 991 1745 1062 propitio,
1764 991 1836 1047 ‘25
1862 992 1962 1047 im-

377 1080 514 1151 perii
543 1080 727 1136 domui
769 1082 941 1137 nostri
989 1081 1244 1137 Ludovici
1287 1083 1513 1152 piissimi
1540 1084 1791 1155 Augusti,
1827 1084 1964 1139 indi-

375 1170 555 1226 ctione
586 1171 669 1227 15.
692 1172 887 1227 Actum
917 1172 1169 1240 Gundulfi
1205 1174 1329 1227 villa
1360 1175 1414 1228 in
1444 1175 1539 1229 Dei
1580 1176 1800 1234 nomine
1845 1175 1962 1232 feli-

377 1263 535 1319 citer.
564 1262 758 1319 Amen.

1085 1334 1242 1390 CCX.

854 1428 954 1466 PRO
993 1427 1166 1467 ΕΔΜ-ΞΜ
1205 1429 1474 1469 ECCLESIA.

989 1492 1163 1563 (Anno
1193 1493 1342 1564 856.)

690 1580 866 1655 [Apud
898 1584 1107 1647 Baluz.,
1137 1585 1293 1649 ibid.,
1338 1602 1457 1656 pag.
1492 1587 1640 1661 100.]

443 1671 500 1726 l‘n
531 1673 748 1727 nomine
789 1673 1003 1728 Domini
1046 1674 1141 1729 Dei
1184 1684 1239 1730 et
1279 1674 1577 1757 Salv'atoris
1619 1679 1790 1734 nostri
1830 1678 1959 1736 Jesu
1984 1698 2034 1758 Β

374 1762 614 1829 Christi,
660 1762 984 1829 Ludovicus,
1026 1765 1209 1820 divina
1236 1767 1624 1838 reprOpitiante
1646 1769 1956 1838 clementia,

371 1857 672 1928 imperator
704 1857 997 1929 Augustus.

439 1947 637 2003 Notum
667 1947 835 2018 igitur
861 1964 981 2004 esse
1010 1950 1259 2006 volumus
1304 1952 1556 2008 omnibus
1588 1953 1834 2012 fidelibus
1865 1972 1960 2012 no-

371 2037 520 2102 stris,
549 2037 909 2106 prtesentibus
962 2047 1018 2094 et
1050 2038 1266 2107 futuris,
1318 2043 1444 2111 quia
1490 2043 1742 2101 Aldricus
1784 2045 1957 2103 Ceno-

373 2128 597 2183 inanicze
627 2128 778 2183 urbis
802 2130 1132 2185 venerabilis
1160 2132 1448 2202 episc0pus
1475 2132 1670 2190 obtulit
1714 2137 1782 2192 ad
1822 2137 1959 2193 rele-

371 2222 604 2291 gendum
636 2222 940 2291 majestatis
966 2230 1166 2278 nostrae
1192 2225 1471 2281 obtutibus
1500 2228 1771 2296 quoddam
1797 2230 1957 2287 devo-

374 2313 533 2368 tionis
558 2320 718 2380 atque
744 2313 1113 2382 dispositionis
1139 2329 1249 2369 suae
1275 2317 1532 2384 scriptum
1553 2333 1662 2386 quo
1685 2327 1954 2375 statuerat

371 2412 531 2472 atque
558 2401 805 2473 religiosa
835 2403 1213 2459 distributione
1239 2405 1580 2475 disposuerat
1605 2407 1839 2477 qualiter
1868 2426 1957 2465 res

370 2508 489 2560 qum.
514 2499 756 2561 tempore
797 2507 909 2548 suae
933 2490 1269 2549 decessionis
1298 2495 1352 2547 in
1381 2494 1655 2566 episcOpio
1682 2496 1781 2551 sibi
1810 2513 1959 2553 com-

366 2585 536 2640 misso
568 2581 968 2648 invenirentur,
1018 2583 1073 2637 in
1124 2599 1220 2639 sua
1267 2584 1954 2664 eleemosynthsecundum

368 2672 698 2728 voluntatem
725 2674 1054 2745 modumque
1083 2689 1113 2729 a
1142 2690 1201 2730 se
1226 2675 1595 2732 ecclesiastice
1624 2679 1953 2751 descriptum

372 2762 601 2817 ﬁdeliter
633 2763 977 2831 largirentur,
1021 2770 1209 2835 petens
1250 2765 1527 2822 humiliter
1559 2775 1622 2822 ut
1652 2771 1795 2839 quod
1829 2786 1859 2825 a
1895 2787 1954 2829 se

368 2855 457 2923 pia
480 2856 764 2911 devotione
783 2866 1019 2927 votoque
1041 2857 1449 2929 religiosissima
1471 2860 1753 2915 constabat
1774 2861 1955 2932 dispo-

369 2951 557 3014 situm,
591 2958 781 3005 nostra
813 2950 1082 3021 imperiali
1126 2953 1450 3009 auctoritate
1486 2954 1641 3010 ﬁeret
1671 2957 1953 3012 inconvul-

2064 450 2357 519 imperator
2386 452 2677 523 Augustus.
2713 494 2717 499 .
3161 505 3165 509 ν

2134 537 2191 593 Si
2219 539 2561 596 sacerdotum
2587 536 2976 617 servorumque
3004 547 3098 604 Dei
3129 550 3295 619 justis
3320 562 3378 610 et
3403 558 3641 614 rationa-

2060 630 2259 686 bilibus
2283 633 2630 702 petitionibus
2662 651 2851 691 aurem
2878 642 3382 711 accommodamus,
3423 662 3639 705 eorum-

2061 737 2165 791 que
2198 722 2375 791 justas
2414 732 2469 779 et
2512 727 2859 785 rationabiles
2886 733 3275 801 postulationes
3303 737 3370 792 ad
3396 750 3635 810 optatura

2059 811 2312 868 effectum
2338 816 2709 884 perducimus,
2747 835 2853 874 non
2882 823 3054 878 solum
3087 827 3288 897 regiam
3319 839 3374 884 et
3400 831 3631 902 impera-

2062 904 2256 958 toriam
2282 920 2598 961 exercemus
2621 912 3084 981 consuetudinem,
3114 918 3208 972 sed
3230 918 3392 974 etiam
3418 924 3635 978 eosdem

2060 1011 2160 1067 pro
2192 998 2503 1053 excessibus
2536 1001 2739 1056 nostris
2773 1003 2985 1058 Domini
3030 1007 3458 1065 misericordiam
3503 1028 3635 1067 exo—

2062 1087 2258 1142 randos
2298 1088 2604 1145 devotiores
2645 1093 3119 1166 promptioresque
3160 1096 3420 1165 facimus,
3475 1113 3635 1173 atque

2060 1198 2156 1255 per
2183 1184 2286 1238 hoc
2316 1183 2633 1241 immensam
2663 1185 2757 1241 Dei
2785 1188 3214 1245 misericordiam
3243 1193 3457 1251 facilius
3483 1195 3636 1252 nobis

2063 1275 2452 1330 conciliandam
2492 1290 2611 1331 esse
2648 1277 2990 1334 confidimus.
3041 1280 3246 1336 idcirco
3286 1292 3472 1339 notum
3515 1301 3636 1342 esse

2063 1373 2308 1426 volumus
2345 1373 2555 1427 cunctis
2596 1372 2839 1429 fidelibus
2877 1383 3078 1430 sanch
3118 1377 3210 1431 Dei
3250 1377 3506 1436 Ecclesia:
3542 1397 3635 1436 no-

2061 1460 2316 1530 strisque,
2330 1462 2687 1530 praesentibus
2708 1462 2916 1517 scilicet
2935 1472 2991 1519 et
3009 1464 3227 1531 futuris,
3250 1469 3373 1547 quia
3388 1468 3638 1547 Aldricu‘s

2063 1556 2385 1611 venerabilis
2416 1557 2699 1625 cpiscopus
2726 1557 2922 1613 obtulit
2960 1560 3117 1616 nobis
3149 1541 3409 1631 quasdam
3451 1541 3631 1620 aucto.

2062 1647 2254 1701 ritates
2299 1663 2482 1716 regum
2528 1648 2858 1703 Francorum
2889 1650 3138 1707 videlicet
3163 1652 3511 1710 decessorum
3541 1673 3637 1713 no»

2056 1744 2294 1790 strorum
2330 1753 2456 1806 erga
2492 1739 2878 1794 monasterium
2906 1755 3064 1795 suum
3094 1745 3235 1811 quod
3272 1754 3425 1799 extra
3452 1761 3639 1803 muros

2056 1824 2297 1893 ejusdem
2326 1826 2476 1880 urbis
2503 1826 2554 1879 iu
2583 1826 2790 1882 honore
2814 1836 3017 1885 sanctae
3037 1829 3131 1885 Dei
3160 1832 3437 1902 genitricis
3458 1834 3638 1893 Mariae

2057 1921 2116 1967 et
2156 1915 2330 1969 sancti
2381 1914 2523 1969 Petri
2575 1917 2942 1985 apostolorum
2993 1920 3255 1992 principis
3299 1924 3639 1998 aliorumque

2057 2012 2372 2059 sanctorum
2400 2005 2564 2060 situm
2591 2016 2755 2077 atque
2781 2018 3164 2064 consecratum
3197 2020 3283 2067 est
3310 2013 3503 2081 factas,
3541 2031 3640 2087 per

2058 2109 2194 2164 quas
2214 2109 2337 2149 eum
2360 2096 2656 2152 immunem
2668 2076 2708 2151 7a
2727 2098 3389 2172 quibuscunque-publicis
3412 2076 3643 2161 functio2

2057 2188 2217 2244 uibus
2246 2194 2551 2245 statuentes
2591 2189 2692 2244 sub
2722 2205 2820 2245 sua
2847 2191 3190 2249 immunitate
3229 2201 3284 2249 et
3323 2194 3638 2252 defensione

2056 2282 2490 2347 constituerunt,
2530 2282 2845 2351 suppliciter
2868 2284 3146 2352 postulans
3169 2292 3230 2339 ut
3255 2286 3341 2355 pia
3368 2285 3509 2342 facta
3537 2304 3637 2342 an-

2057 2376 2389 2425 tecesson
2418 2378 2726 2424 nostrorum
2757 2381 3014 2427 consueta
3045 2373 3382 2443 benignitate
3403 2383 3460 2430 et
3482 2391 3639 2432 man-

2055 2459 2344 2515 suetudine
2392 2468 2597 2515 nostrae
2639 2459 2974 2517 celsitudinis
3017 2463 3322 2519 roboranda
3369 2465 3636 2535 imperiali

2056 2550 2378 2605 auctoritate
2401 2550 2756 2605 sanciremus.
2809 2550 2976 2621 Cujus
3019 2548 3275 2622 precibus
3323 2569 3510 2610 aurem
3551 2557 3634 2611 fa-

2054 2640 2202 2695 voris
2230 2639 2584 2694 libentissime
2611 2640 3111 2707 accommodantes,
3157 2642 3258 2697 has
3296 2646 3636 2701 auctoritatis

2054 2739 2256 2787 nostrae
2283 2729 2493 2784 litteras
2522 2730 2668 2784 circa
2696 2738 3057 2790 memoratum
3099 2733 3487 2787 monasterium
3515 2734 3634 2790 fieri

2046 2820 2351 2889 iussimus;
2411 2836 2510 2891 per
2557 2834 2694 2891 quas
2748 2820 3127 2891 praecipientes
3171 2821 3421 2877 volumus
3471 2831 3636 2895 atque

2045 2910 2301 2980 jubemus
2342 2920 2402 2966 ut
2445 2910 2624 2966 nullus
2670 2912 2926 2981 quislibet
2965 2914 3186 2984 majoris
3227 2923 3322 2969 aut
3358 2914 3633 2973 inferioris

368 3054 508 3094 sum.
541 3039 706 3110 Cujus
727 3042 1125 3098 vcnerabilibus
1151 3042 1631 3114 supplicationibus
1652 3056 1954 3103 annuentes
1980 3038 2025 3100 C

368 3131 506 3184 hanc
533 3140 733 3185 nostric
768 3133 1110 3189 auctoritatis
1135 3135 1589 3206 conscriptionem
1619 3137 1670 3193 ei
1701 3136 1817 3193 fieri
1837 3139 1954 3209 jus-

366 3221 574 3285 simus;
626 3236 725 3291 per
768 3235 932 3291 quam
978 3224 1321 3281 decernimus
1365 3232 1528 3296 atque
1574 3227 1849 3284 sancimus
1892 3239 1950 3285 ut

365 3312 817 3381 quemadmodum
870 3315 939 3369 ab
992 3331 1058 3371 eo
1115 3331 1214 3386 per
1261 3326 1620 3374 memoratum
1685 3321 1948 3391 scriptum

365 3400 682 3472 dispositum
727 3412 890 3475 atque
931 3405 1279 3462 distributum
1330 3417 1580 3475 constat,
1640 3410 1715 3466 ita
1770 3413 1949 3469 modis

363 3492 614 3548 omnibus
653 3494 973 3551 observetur
1006 3506 1168 3568 atque
1201 3498 1509 3556 firmissime
1551 3509 1819 3568 teneatur,
1854 3519 1948 3559 ne-

362 3596 467 3651 que
495 3583 783 3653 cujuslibet
821 3585 1013 3653 cupida
1056 3587 1375 3656 improbitas
1420 3589 1774 3659 improbaque
1799 3593 1950 3661 cupi-

361 3672 504 3727 ditas
536 3674 589 3727 id
618 3673 726 3727 uiio
750 3682 870 3727 astu
898 3674 1201 3729 convellere
1229 3675 1443 3739 audeat,
1472 3683 1565 3730 aut
1590 3678 1865 3747 quippiam
1881 3678 1946 3733 'in

362 3779 490 3818 suos
521 3779 652 3817 usus
687 3771 1026 3833 retorqueat,
1071 3765 1165 3819 sed
1205 3764 1347 3820 sicut
1376 3767 1445 3820 ab
1471 3780 1559 3830 eo,
1602 3773 1663 3820 ut
1688 3767 1942 3835 diximus,

361 3853 763 3925 religiosissime
791 3862 1049 3910 statutum
1089 3855 1294 3926 liquido
1334 3857 1594 3919 cernitur.
1637 3858 1711 3913 ita
1754 3860 1820 3914 ab
1859 3861 1947 3916 his

362 3960 496 4014 quos
532 3943 600 3999 ad
637 3946 883 4001 eamdem
912 3946 1349 4002 distributionem
1397 3948 1792 4018 impetrandam
1836 3951 1947 4006 ele-

362 4035 521 4104 gerit,
542 4034 921 4091 incunctanter
950 4042 1112 4104 atque
1138 4036 1405 4107 intrepide
1433 4036 1779 4107 perficiatur;
1812 4055 1945 4110 qua-

362 4133 521 4180 tenus
556 4133 611 4179 et
649 4125 764 4195 ipse
802 4133 964 4181 tanta:
991 4126 1363 4197 dispositionis
1390 4126 1621 4183 fructum
1658 4129 1712 4184 in
1738 4138 1942 4186 acterna

362 4217 693 4272 beatitudine
719 4217 787 4272 ab
815 4217 1058 4272 omnium
1084 4219 1411 4273 retributore
1437 4220 1728 4289 percipiat,
1760 4228 1814 4277 et
1840 4238 1941 4278 nos

360 4306 599 4376 ejusdem
629 4308 981 4364 beatitudinis
1009 4309 1343 4364 consortium
1380 4310 1652 4378 copiosius
1678 4313 1935 4382 consequi

361 4412 683 4452 mereamur.
727 4396 796 4452 Ut
834 4396 998 4467 igitur
1021 4396 1136 4451 haec
1163 4404 1348 4451 nostra
1383 4398 1678 4453 auctoritas
1707 4399 1935 4454 inviola-

360 4489 519 4548 bilem
561 4490 808 4545 obtinere
847 4489 1026 4544 valeat
1067 4490 1306 4558 vigorem
1333 4530 1348 4554 ,
1396 4488 1465 4545 de
1507 4491 1705 4546 annulo
1750 4502 1937 4547 nostro

357 4581 544 4634 subter
567 4595 685 4635 eam
709 4580 974 4649 iussimus
1000 4578 1247 4649 sigillari.

431 4671 826 4725 liirminmarus
846 4669 1090 4724 notarius
1109 4669 1177 4722 ad
1197 4669 1368 4723 vicem
1390 4668 1629 4739 llugonis
1649 4670 1935 4739 recognovi

357 4771 413 4817 et
438 4760 751 4830 subscripsi.

430 4853 560 4907 Data
584 4850 1161 4920 vuldus’Septemoris,
1181 4864 1345 4913 anno,
1363 4847 1579 4903 Christo
1594 4847 1849 4917 propitio,
1866 4847 1937 4901 2P5

355 4943 564 5013 imperii
592 4943 772 4997 domui
804 4940 1055 4996 Ludovici
1094 4938 1322 5010 piissimi
1357 4936 1613 5008 Augusti,
1646 4935 1936 4991 indictione

356 5032 435 5102 pri
445 5047 549 5085 ma.

422 5122 616 5176 Actum
642 5121 915 5175 Carisiaco
943 5121 1147 5190 palatio
1173 5120 1321 5187 regio
1352 5119 1402 5170 iu
1436 5115 1529 5169 Dei
1568 5116 1784 5168 nomine
1812 5112 1931 5166 fell.

353 5211 509 5266 citer.
540 5211 730 5266 Amen.

1051 5300 1227 5355 CCXI.

827 5396 927 5436 PRO
964 5395 1139 5433 EADE!
1180 5393 1447 5432 ECCLESIA.

969 5468 1142 5537 (Anno
1172 5466 1319 5535 856.)

836 5559 1013 5632 [Apud
1044 5558 1251 5624 Baluz.,
1286 5559 1394 5612 ibid
1401 5557 1442 5628 .]

419 5654 474 5708 lu
518 5653 734 5710 nomine
779 5650 987 5708 Domini
1029 5649 1123 5705 Dei
1165 5657 1220 5705 et
1261 5647 1556 5707 Salvatoris
1595 5645 1769 5702 nostri
1799 5641 1928 5701 Iesu

2056 3100 2137 3148 tes
2165 3100 2221 3148 et
2245 3092 2399 3146 villas
2428 3106 2522 3147 seu
2553 3092 2670 3146 loca
2715 3100 2809 3147 aut
2850 3107 3009 3163 agros
3043 3093 3282 3162 ejusdem
3316 3098 3629 3152 monasterii

2053 3184 2121 3239 ad
2154 3199 2348 3239 causas
2381 3183 2672 3255 judiciario
2715 3198 2868 3239 more
2909 3185 3208 3241 audiendas
3250 3194 3308 3242 et
3348 3186 3629 3244 inferenda

2052 3273 2315 3344 exigenda
2336 3314 2353 3337 ,
2398 3280 2497 3327 aut
2530 3273 2771 3328 teloneos
2805 3272 3183 3342 requirendos,
3218 3290 3320 3331 nec
3351 3275 3503 3340 freda
3538 3288 3630 3334 aut

2053 3363 2396 3434 fidejussores
2435 3364 2735 3429 tollendos,
2785 3378 2882 3421 seu
2928 3365 3236 3422 mansiones
3279 3375 3372 3422 aut
3415 3378 3632 3439 paratas

2051 3454 2363 3519 faciendas,
2406 3463 2500 3509 aut
2523 3454 2769 3510 homines
2795 3453 2963 3524 ipsius
2991 3455 3307 3510 monasterii
3338 3464 3445 3511 tam
3475 3457 3629 3527 iuge—

2051 3561 2189 3601 nuos
2215 3562 2378 3616 quam
2409 3561 2595 3600 servos
2622 3544 3027 3615 distringendos
3045 3584 3060 3609 ,
3087 3561 3186 3600 nec
3210 3546 3346 3600 ullas
3386 3548 3628 3602 redhibi-

2050 3636 2226 3689 tiones
2257 3635 2609 3702 requirendas
2634 3648 2727 3688 seu
2753 3632 3070 3701 exigendas,
3094 3632 3202 3688 ullo
3227 3649 3463 3702 unquam
3495 3643 3630 3689 tem-

2048 3738 2178 3796 pore
2227 3723 2435 3793 ingredi
2481 3730 2777 3792 prmsumat
2825 3729 2918 3775 aut
2965 3721 3182 3792 exigere
3232 3722 3464 3787 audeat;
3529 3727 3628 3782 sed

2047 3813 2308 3886 quidquid
2349 3812 2544 3868 exinde
2586 3810 2751 3866 ilscus
2790 3826 3010 3881 sperare
3053 3819 3302 3882 poterat,
3352 3821 3522 3869 totum
3569 3816 3625 3871 in

2045 3905 2333 3961 luminaria
2360 3901 2602 3972 ejusdem
2632 3900 2872 3959 ecclesiae
2906 3910 3068 3971 atque
3105 3903 3457 3959 necessitates
3493 3894 3625 3960 con:-

2043 3997 2374 4070 gregationis
2404 3997 2458 4051 in
2488 4011 2555 4052 eo
2588 3994 2816 4051 Domino
2848 3995 3134 4052 militantis
3167 3997 3527 4055 sublevandas
3559 4015 3625 4057 ac

2042 4089 2343 4146 fulciendas
2368 4097 2630 4160 perpetuo
2656 4090 2813 4145 cedat
2841 4096 3002 4157 atque
3030 4088 3310 4158 proficiat,
3355 4101 3624 4162 quatenus

2044 4191 2403 4239 memoratam
2452 4180 2928 4251 congregationem
2973 4194 3075 4249 pro
3120 4181 3308 4246 nobis,
3359 4181 3619 4254 conjuge.

2043 4294 2107 4334 ac
2132 4275 2286 4348 prole
2314 4283 2532 4338 nostra,
2575 4283 2633 4328 et
2659 4273 2953 4329 stabilitate
2991 4274 3160 4329 totius
3198 4273 3407 4345 imperii
3448 4279 3620 4334 nostri

1963 4369 2017 4429 Β
2044 4367 2257 4424 Domini
2308 4362 2738 4421 misericordiam
2786 4364 3045 4420 attentius
3093 4380 3321 4422 exorare
3364 4366 3614 4424 delectet.

2046 4458 2103 4513 Si
2133 4457 2256 4529 quis
2292 4464 2473 4510 autem
2507 4452 2811 4522 iudiciaria:
2844 4454 3131 4523 potestatis
3159 4464 3267 4510 tam
3299 4459 3619 4514 temerarius

2044 4547 2317 4605 exstiterit
2356 4554 2419 4600 ut
2457 4545 2599 4599 hanc
2630 4553 2872 4600 nostram
2898 4558 3194 4612 eorumque
3227 4545 3617 4615 praceptiones

2043 4638 2244 4695 violare
2267 4644 2514 4701 conetur,
2546 4634 2759 4689 noverit
2786 4648 2865 4698 se,
2905 4633 3046 4688 sicut
3072 4633 3127 4688 in
3155 4633 3615 4704 pmdecessorum

2042 4737 2351 4784 nostrorum
2397 4724 2830 4781 immunitatibus
2874 4723 3203 4788 continetur,
3250 4737 3315 4777 nc
3355 4722 3456 4777 sol.
3492 4737 3615 4778 esse

2039 4817 2405 4881 multandum,
2444 4830 2510 4871 ex
2539 4814 2735 4885 quibus
2761 4813 2896 4869 duas
2922 4821 3110 4883 partes
3132 4820 3373 4871 rectores
3402 4827 3612 4866 memo-

2039 4911 2142 4963 rati
2169 4908 2518 4972 monasterii,
2560 4907 2777 4962 tertiam
2802 4920 2933 4961 vero
2964 4903 3127 4959 fiscus
3155 4910 3339 4958 noster
3362 4902 3607 4972 recipiat.

2038 5000 2104 5055 Et
2133 5008 2192 5054 ut
2219 5000 2336 5054 lucc
2362 5007 2546 5053 nostra
2586 4996 2888 5052 auctoritas
2924 4993 3285 5049 inviolabilem
3324 5001 3378 5047 et
3419 4992 3606 5047 incon-

2034 5089 2242 5145 vulsam
2282 5088 2522 5142 obtineat
2553 5087 2901 5150 firmitatem,
2956 5098 3112 5138 manu
3162 5080 3377 5151 propria
3423 5078 3609 5134 subter

2033 5194 2151 5232 eam
2182 5177 2543 5240 firmavimus,
2584 5186 2639 5231 ct
2663 5175 2845 5231 annuli
2877 5173 3044 5228 nostri
3084 5172 3437 5241 impressione
3467 5171 3603 5225 assi-

2036 5273 2184 5341 gnari
2211 5272 2490 5342 jussimus.

2108 5368 2329 5435 Signum
2361 5363 2614 5419 Ludovici
2644 5361 2870 5431 piissimi
2902 5359 3259 5427 imperatoris.

2105 5456 2499 5509 liirminmarus
2528 5451 2771 5506 notarius
2796 5449 2862 5500 ad
2887 5448 3057 5501 vicem
3089 5445 3325 5515 ilugonis
3356 5461 3616 5518 recogno.

2029 5547 2108 5599 vit
2133 5556 2189 5599 et
2212 5542 2552 5612 subscripsit.
3408 5559 3431 5589 ε

2103 5636 2236 5693 Data
2260 5654 2293 5692 χ
2315 5634 2432 5690 lial.
2463 5631 2657 5705 April.,
2687 5646 2848 5701 anno,
2879 5628 3095 5686 Christo
3134 5627 3387 5700 propitio,
3411 5626 3481 5684 25
3501 5628 3601 5683 im—
