4006 6178
428 284 571 342 1275

1554 268 1876 329 ιυιιθνιει
1910 267 1932 322 I
1966 263 2434 321 COGNOMENTO
2471 263 2552 319 PII

3560 257 3698 313 {276

420 400 560 473 petii
588 397 770 455 domui
808 396 976 462 nostri
1003 391 1260 449 Ludovici
1299 388 1528 462 piissimi
1559 386 1824 461 Augusti,
1867 381 2007 436 indi-
2035 379 2266 440 Asinum
2304 387 2637 449 praeceptum
2664 418 2679 444 ,
2722 378 2941 473 propria
2966 378 3211 473 scilicet
3239 392 3335 433 sua
3384 392 3549 473 manu
3602 395 3699 473 rc-

422 486 689 634 ωιῖίζῗιιὲ
713 574 1041 647 Aquisgrani
1071 573 1274 646 palatio
1299 572 1449 644 regio
1477 572 1529 626 in
1558 571 1652 625 Dei
1681 570 1899 625 nomine
1928 567 2007 623 fe—

425 668 622 725 liciter.
651 666 844 722 Amen.

1130 771 1330 829 CCXII.

914 905 1014 945 PRO
1052 905 1228 943 EADEI
1267 904 1513 944 ECCLESIA
1522 927 1536 940 .

1040 1002 1215 1068 (Anno
1251 1001 1402 1072 856.)

930 1090 1109 1163 [Apud
1133 1091 1348 1159 Baluz.,
1376 1092 1507 1147 ibid.

501 1192 560 1248 in
587 1193 807 1249 nomine
833 1192 1051 1249 Domini
1096 1194 1194 1251 Dei
1244 1204 1300 1250 et
1349 1194 1651 1251 Salvatoris
1684 1194 1857 1250 nostri
1886 1193 2015 1250 Jesu

427 1286 632 1343 Christi
657 1328 674 1355 ,
721 1286 1049 1354 Ludovicus,
1078 1288 1261 1343 divina
1287 1289 1691 1360 repropitiante
1702 1287 2013 1350 clementia,

429 1378 728 1449 imperator
754 1379 1049 1449 Augustus.
1612 1428 1615 1429 γ

501 1468 560 1524 Si
603 1470 955 1540 petitionibus
1018 1474 1360 1528 sacerdotum
1428 1486 1819 1542 servorumque
1875 1470 2012 1535 Dei,

428 1560 589 1631 iustis
626 1571 683 1618 et
726 1563 1080 1620 rationalibus
1129 1565 1582 1635 postulationibus
1614 1581 1715 1635 pro
1755 1562 2019 1634 quibusli-

430 1657 524 1712 bet
548 1657 903 1714 ecclesiarum
923 1659 1027 1715 sibi
1044 1661 1459 1716 commissarum
1484 1663 1716 1733 negotiis
1743 1670 1799 1716 et
1828 1675 2018 1715 neces-

431 1745 682 1804 sitatibus
722 1764 913 1804 eorum
937 1765 1100 1806 aures
1131 1761 1350 1808 nostras
1379 1718 1612 1808 libenter
1632 1755 1941 1817 annuimus,
1961 1762 2018 1809 et
2045 1718 2090 1778 Β

429 1849 526 1891 eas
569 1851 693 1891 cum
743 1839 840 1893 Dei
882 1839 1088 1895 auxilio
1112 1841 1177 1895 ad
1212 1842 1462 1897 effectum
1488 1844 1860 1913 perducimus,
1907 1856 2016 1897 non

431 1926 607 1982 solum
637 1928 844 1999 regiam
881 1936 938 1983 et
966 1929 1379 1999 imperatoriam
1433 1948 1754 1989 exercemus
1790 1948 2020 1989 consue-

431 2016 715 2083 tudinem,
751 2018 849 2074 sed
888 2018 943 2073 id
980 2019 1138 2076 nobis
1189 2024 1259 2076 ad
1301 2033 1516 2078 aeterna:
1567 2025 2018 2079 remunerationis

430 2111 652 2180 praemia
705 2111 1051 2182 percipienda
1093 2113 1434 2184 profuturum
1482 2101 1686 2184 liquido
1724 2116 2015 2171 credimus.

434 2202 641 2272 Idcirco
662 2212 850 2259 notum
873 2220 997 2261 esse
1026 2205 1276 2261 volumus
1297 2206 1511 2262 cunctis
1542 2207 1791 2263 ildelibus
1817 2208 2019 2262 sancta

431 2294 529 2350 Dei
557 2294 804 2351 ecclesiae
839 2303 895 2351 et
941 2298 1147 2352 nostris
1171 2337 1186 2361 ,
1219 2298 1577 2368 praesentibus
1605 2299 1816 2355 scilicet
1857 2308 1914 2355 et
1943 2298 2022 2353 i‘u-

434 2387 609 2449 turis,
654 2378 912 2457 quoniam
975 2388 1166 2444 adiens
1221 2390 1573 2447 serenitatem
1620 2398 1864 2445 nostram
1921 2389 2019 2443 Al-

434 2478 619 2533 dricus
644 2477 971 2534 venerabilis
1001 2477 1378 2533 Cenomanicae
1410 2479 1563 2535 urbis
1603 2480 1889 2551 episcopus
1934 2481 2018 2535 iu-

435 2566 611 2621 notuit
655 2566 985 2637 nobis-quod
1015 2567 1407 2623 monasterium
1428 2569 1666 2625 Anisolae
1691 2570 1854 2625 situm
1880 2569 2022 2625 inira

435 2650 698 2715 terminos
743 2658 1015 2729 parochizr.
1046 2673 1179 2726 suae,
1217 2660 1272 2714 in
1301 2674 1410 2730 quo
1449 2661 1614 2715 etiam
1656 2669 1879 2717 sanctus
1922 2661 2027 2717 (ia-

437 2748 680 2819 rilephus
712 2763 943 2819 corpore
973 2750 1285 2820 requiescit,
1311 2767 1343 2806 a
1366 2748 1482 2819 jam
1513 2752 1660 2808 dicto
1689 2753 1888 2808 domno
1914 2752 2020 2808 Ca-

438 2841 648 2911 rilepho
665 2841 996 2897 concedente
1019 2851 1184 2913 atque
1204 2845 1490 2900 ordinante
1516 2837 2025 2901 domnolnnocente

438 2934 766 3004 praescripta:
792 2933 943 2989 urbis
956 2936 1227 3004 quondam
1242 2934 1495 3006 episcopo
1523 2937 1590 2991 de
1611 2938 1773 2992 rebus
1804 2945 1913 2991 tam
1940 2936 2024 2992 sui

2109 474 2383 538 boratum,
2410 482 2465 530 et
2494 473 2677 528 annuli
2694 473 2776 528 sui
2794 472 3150 541 impressione
3172 470 3465 541 signatum,
3498 469 3704 526 futuris

2108 563 2442 633 temporibus
2469 561 2595 631 jure
2622 562 2989 618 ecclesiastico
3023 561 3428 630 possidendum,
3462 570 3533 615 ut
3567 575 3704 616 vere

2111 654 2251 722 quod
2273 652 2573 717 asserebat,
2590 652 2857 707 veraciter
2878 651 3035 706 nobis
3050 667 3150 721 per
3168 651 3348 705 omnia
3362 658 3702 720 patesceret.

2112 745 2306 800 obtulit
2336 745 2616 815 obtutibus
2646 745 2947 816 majestatis
2989 751 3193 799 nostrae
3225 744 3470 813 quaedam
3498 744 3705 798 instru-

2115 843 2294 889 menta
2322 843 2631 889 sanctorum
2661 834 2898 905 propriis
2917 833 3409 904 subscriptionibus
3434 833 3651 887 ﬁrmata
3679 874 3697 896 ,

2115 931 2464 979 monumenta
2492 924 2746 979 videlicet
2768 924 3103 989 chartarum,
3149 931 3208 979 et
3237 924 3481 995 praedicti
3513 924 3701 979 domni

2115 1022 2169 1069 et
2198 1014 2461 1085 genitoris
2485 1014 2658 1068 nostri
2682 1012 2863 1070 Caroli
2884 1014 3117 1084 piissimi
3138 1011 3366 1084 Augusti
3391 1013 3705 1083 inquisitio-

2113 1120 2238 1159 nem
2260 1111 2423 1174 atque
2444 1104 2949 1173 snpranominatum
2968 1113 3314 1175 praeceptum,
3336 1119 3440 1174 per
3453 1103 3631 1173 quod,
3646 1112 3708 1157 ut

2108 1196 2223 1267 jam
2248 1195 2451 1251 dictum
2477 1203 2582 1259 est,
2614 1195 2990 1266 praescriptum
3025 1195 3260 1252 Anisola:
3301 1197 3706 1252 monasterium

2114 1293 2429 1341 memoratae
2466 1285 2655 1339 matris
2696 1285 2942 1340 ecclesiae
2988 1285 3304 1341 solemniter
3346 1296 3404 1342 et
3448 1288 3713 1357 legaliter

2116 1377 2367 1433 reddidit.
2381 1375 2606 1446 Insuper
2620 1376 2814 1432 detulit
2827 1375 2981 1431 nobis
2993 1377 3249 1433 nonnulla
3265 1378 3495 1434 aliorum
3512 1396 3708 1452 regum

2114 1475 2386 1538 praecepta
2416 1482 2525 1522 non
2558 1481 2731 1536 pauca
2760 1468 3215 1537 decessorumque
3266 1478 3581 1525 nostrorum
3599 1480 3713 1527 re.

2119 1572 2245 1629 gum
2276 1557 2529 1613 videlicet
2562 1557 2900 1612 Francorum
2920 1598 2935 1623 ,
2965 1558 3203 1627 propriis
3232 1560 3485 1614 manibus
3515 1576 3713 1616 corro-

2121 1653 2310 1707 borata
2339 1691 2355 1715 ,
2390 1656 2446 1704 et
2477 1649 2669 1720 sigillis
2714 1664 2906 1703 eorum
2960 1648 3149 1703 subter
3192 1649 3456 1720 sigillata;
3510 1652 3715 1720 quibus

2119 1743 2378 1812 inspectis
2420 1749 2584 1810 atque
2625 1739 2839 1795 reiectis
2872 1738 3152 1795 evidenter
3186 1740 3493 1796 ostenditur
3520 1742 3718 1810 prandi—

2119 1842 2267 1890 ctum
2282 1833 2672 1889 monasterium
2683 1832 2822 1903 juris
2843 1832 3144 1900 saepedictae
3165 1832 3309 1890 sedis
3330 1831 3715 1889 Cenomanis:

2124 1927 2227 1982 sibi
2251 1926 2555 1982 commissa:
2567 1940 2708 1991 esse,
2724 1934 2781 1980 et
2804 1925 2860 1980 in
2887 1925 3059 1995 ipsius
3081 1923 3453 1981 dominatione
3474 1923 3605 1993 jure
3627 1924 3715 1979 tir-

2121 2015 2368 2071 missimo
2396 2013 2598 2070 debere
2627 2014 2940 2085 persistere,
2970 2027 3078 2083 qua
3109 2013 3176 2069 de
3210 2029 3270 2069 re
3301 2013 3584 2069 humiliter
3612 2014 3715 2069 im.

2120 2107 2344 2178 plorans
2364 2113 2605 2162 nostram
2626 2105 2969 2161 clementiam
2991 2105 3217 2175 utquod
3237 2113 3345 2160 tam
3367 2106 3718 2161 evidentibus

2122 2198 2342 2254 indiciis
2370 2196 2711 2261 declaratur,
2739 2202 2925 2251 nostra
2967 2210 3183 2266 quoque
3224 2195 3559 2260 assensione,
3595 2197 3715 2251 imo

2121 2288 2447 2346 auctoritate
2492 2287 2883 2343 declararetur.
2933 2284 3063 2353 Quae
3099 2287 3175 2341 ita
3204 2286 3465 2356 liquidius
3515 2301 3721 2357 cogno-

2124 2385 2361 2443 scentes,
2397 2376 2587 2448 eisque
2616 2377 2684 2432 ob
2712 2390 2954 2431 amorem
2993 2376 3090 2431 Dei
3121 2384 3179 2432 et
3228 2375 3472 2446 ejusdem
3509 2386 3723 2432 sancta:

2126 2470 2274 2527 sedis
2312 2468 2675 2527 reverentiam
2704 2465 2947 2523 favorem
2979 2466 3149 2523 nostri
3172 2466 3425 2523 culminis
3454 2468 3722 2523 adhibere

2124 2561 2350 2631 dignum
2384 2558 2712 2629 iudicantes,
2744 2559 2887 2614 hanc
2913 2558 3254 2614 auctoritatis
3281 2568 3480 2615 nostra:
3506 2575 3720 2629 praece-

2123 2657 2366 2729 ptionem
2394 2637 2507 2709 sms
2529 2669 2627 2725 per
2657 2662 2898 2722 tempora
2931 2653 3336 2709 successoribus
3365 2651 3483 2708 ﬁeri
3505 2669 3572 2708 ac
3599 2653 3721 2708 dari

2116 2747 2404 2820 jussimus,
2443 2760 2541 2816 per
2570 2761 2731 2817 quam
2756 2746 3097 2801 decernimus
3139 2754 3305 2816 atque
3344 2746 3626 2801 sancimus
3663 2752 3723 2800 ut

2125 2828 2489 2898 ntemoratu‘m
2517 2844 2909 2895 monasterium
2938 2836 3174 2893 Anisolae
3217 2836 3363 2907 quod
3401 2836 3720 2907 aliquandiu

2127 2932 2196 2988 ab
2223 2947 2413 2988 eorum
2433 2929 2558 3000 jure
2585 2938 2640 2984 et
2673 2927 2880 2983 ditione
2907 2928 3246 2983 subtractum
3290 2926 3493 2991 fuerat,
3519 2928 3720 2982 abhinc

437 3023 697 3093 episcopii
730 3039 895 3094 quam
936 3032 994 3079 et
1016 3025 1083 3080 de
1108 3024 1269 3080 rebus
1290 3026 1519 3081 aliorum
1548 3026 1814 3081 bonorum
1848 3027 2025 3082 homi-
2053 3075 2095 3095 η
2129 3027 2185 3081 in
2213 3033 2492 3095 posterum
2519 3020 2754 3077 habeant
2774 3030 2827 3075 et
2842 3019 3262 3090 possideant;ut
3281 3017 3542 3089 quidquid
3564 3033 3717 3072 more

439 3130 571 3170 num
598 3124 710 3170 tam
736 3131 925 3186 regum
959 3131 1123 3187 quam
1162 3126 1218 3172 et
1245 3116 1473 3172 aliorum
1502 3117 1759 3173 nobilium
1781 3120 2021 3174 virorum

440 3216 742 3264 memorato
770 3210 968 3266 domno
1011 3209 1301 3282 Cariiepho
1344 3212 1563 3268 traditis
1587 3253 1601 3279 ,
1634 3229 1770 3284 quas
1810 3222 1866 3270 et
1908 3215 2025 3286 ipse

440 3308 631 3371 postea
660 3313 758 3370 per
791 3302 1151 3358 instrumenta
1194 3306 1509 3360 chartarum
1539 3313 1596 3360 et
1619 3322 1719 3376 per
1748 3307 2024 3363 licentiam

441 3393 556 3447 sive
589 3392 914 3462 permissum
959 3400 1122 3462 atque
1148 3408 1477 3467 consensum
1507 3395 1841 3454 Childeherti
1880 3401 2026 3469 regis

444 3484 776 3538 Francorum
801 3483 870 3538 ad
896 3491 1123 3539 matrem
1166 3492 1221 3538 et
1250 3484 1487 3541 civitatis
1518 3487 1806 3543 ecclesiam
1836 3528 1851 3553 ,
1906 3504 2027 3558 quze

444 3582 870 3632 est-constructa
901 3575 955 3630 in
982 3575 1189 3631 honore
1219 3588 1419 3633 sanctae
1462 3578 1644 3635 Maria:
1680 3581 1775 3636 Dei
1804 3582 2030 3652 genitri-

444 3668 527 3723 cis
549 3674 605 3723 et
632 3674 949 3723 sanctorum
984 3675 1284 3740 martyrum
1336 3668 1584 3726 Gcrvasii
1636 3679 1691 3726 et
1747 3670 2024 3737 Protasii,

445 3759 684 3816 instante
711 3766 766 3815 et
792 3757 1155 3815 conﬁrmante
1203 3758 1357 3829 jusso
1407 3762 1652 3832 praedicti
1692 3762 2028 3819 Childeherti

446 3851 591 3921 regis
620 3849 952 3904 Francorum
974 3890 989 3916 ,
1016 3858 1075 3905 et
1118 3851 1341 3906 tradidit
1368 3859 1530 3922 atque
1560 3854 1823 3910 canonice
1855 3863 1911 3910 et
1953 3856 2030 3912 le-

446 3939 641 4011 galiter
704 3938 1076 4004 conﬁrmavit,
1135 3940 1188 3994 in
1246 3942 1444 4010 quibus
1496 3943 1659 3998 rebus
1707 3944 2027 4014 praedictum

448 4032 840 4087 monasterium
888 4032 1170 4088 fundatum
1227 4050 1256 4088 a
1300 4032 1413 4102 jam
1463 4036 1623 4091 dictis
1657 4038 1863 4094 sanctis
1897 4039 2029 4095 viris

449 4131 613 4192 atque
639 4131 1014 4178 constructum
1039 4131 1143 4188 est,
1168 4132 1224 4178 et
1258 4139 1286 4177 a
1313 4124 1584 4193 praedictae
1628 4127 1773 4183 sedis
1811 4127 2030 4199 pontiﬁ-

449 4213 606 4267 cibus
634 4212 899 4267 canonice
920 4211 1239 4283 legibusque
1265 4214 1422 4285 longo
1446 4224 1692 4285 tempore
1716 4231 2025 4287 possessum

451 4311 618 4371 atque
667 4302 1001 4358 dominatum
1026 4344 1040 4368 ,
1071 4304 1167 4358 sed
1191 4303 1513 4373 quibusdam
1543 4307 2029 4367 intervenientibus

452 4396 634 4452 causis
664 4394 1004 4465 postmodum
1053 4410 1083 4450 a
1113 4393 1236 4464 jure
1272 4396 1510 4464 praefata:
1555 4400 1746 4455 matris
1785 4401 2031 4457 ecclesiae

453 4487 790 4543 subtractum
832 4492 891 4540 et
921 4484 1105 4555 aliquo
1150 4494 1394 4557 tempore
1442 4487 1644 4559 injuste
1696 4490 1865 4546 fuisse
1898 4492 2030 4548 alie-

453 4584 662 4632 natum.
696 4574 803 4631 Sed
829 4574 946 4631 haec
968 4577 1150 4631 omnia
1173 4618 1188 4642 ,
1239 4585 1300 4632 ut
1327 4579 1483 4634 nobis
1510 4596 1540 4633 a
1571 4580 1819 4649 Drogone
1863 4582 2035 4639 fratre

454 4674 512 4721 et
582 4666 1016 4736 arehicapellano
1072 4676 1260 4724 nostro
1315 4680 1370 4724 et
1419 4688 1449 4725 a
1506 4673 1729 4743 reliquis
1786 4674 2035 4731 ﬁdelibus

456 4758 637 4815 missis
678 4759 882 4814 nostris
904 4800 919 4824 ,
951 4759 1150 4830 quibus
1174 4760 1278 4816 hoc
1306 4762 1637 4834 investigare
1664 4773 1719 4820 et
1749 4765 2036 4836 diligenter

458 4852 736 4920 inquirere
764 4854 1139 4924 praecepimus,
1167 4855 1434 4910 veraciter
1464 4858 1829 4911 renuntiatum
1859 4865 1945 4914 est
1981 4866 2037 4913 et

458 4946 675 5015 scriptis
700 4944 1107 5001 manifeStatum
1148 4962 1180 5001 a
1218 4946 1376 5002 bona:
1423 4950 1699 5004 memoriae
1736 4951 1934 5006 domno
1982 4959 2039 5006 et

459 5039 703 5112 genitore
728 5045 913 5091 nostro
931 5036 1125 5092 Carolo
1147 5038 1538 5110 gloriosissimo
1557 5057 1683 5113 rege
1705 5042 2034 5098 Francorum

461 5135 531 5191 ad
572 5134 838 5204 liquidum
867 5133 996 5188 olim
1025 5130 1192 5188 fuisse
1219 5142 1327 5187 tam
1354 5148 1452 5203 per
1479 5150 1537 5188 se
1576 5151 1737 5203 quam
1765 5151 1862 5204 per
1906 5136 2037 5191 iide-

459 5228 698 5284 lissimos
719 5227 914 5282 missos
934 5241 1059 5281 suos
1079 5235 1415 5295 perscrutata
1439 5234 1494 5281 et
1520 5227 1805 5296 diligenter
1820 5229 2041 5284 investi-

462 5328 587 5392 gata
613 5360 630 5385 ,
662 5327 718 5374 et
744 5326 868 5390 post
894 5319 975 5374 rei
1011 5318 1295 5374 veritatem
1343 5319 1612 5375 veraciter
1661 5320 2037 5391 investigatam

461 5412 800 5481 pleniterque
845 5425 943 5482 per
968 5410 1149 5465 omnia
1180 5411 1449 5480 cognitam
1480 5412 1547 5466 ad
1577 5408 1669 5479 jus
1705 5419 1759 5468 et
1797 5414 2041 5469 domina-

467 5503 669 5557 tionem
714 5502 1042 5573 praascriptae
1091 5502 1467 5558 Cenomanica:
1534 5505 1726 5559 matris
1795 5505 2040 5561 ecclesiae

466 5592 734 5646 Franconi
777 5591 1020 5660 ejusdem
1065 5591 1306 5647 ecclesia:
1352 5595 1604 5663 episcopo
1654 5594 1888 5650 Anisolae
1927 5611 2040 5649 mo-

471 5680 767 5735 nasterium
811 5682 1069 5736 canonice
1109 5690 1165 5737 et
1209 5682 1455 5754 legaliter
1499 5683 1763 5738 redditum
1793 5724 1807 5749 ,
1843 5692 1895 5738 et
1946 5700 2041 5751 per

2127 3115 2501 3174 ecclesiastico
2526 3114 2594 3169 de
2618 3128 2686 3168 eo
2710 3113 2996 3182 disponere
3024 3110 3297 3166 voluerint
3317 3151 3332 3174 ,
3356 3110 3582 3166 liberam
3613 3110 3715 3165 ha-

2123 3210 2290 3265 beant
2312 3212 2656 3278 potestatem,
2692 3217 2868 3274 neque
2886 3202 2996 3258 ullo
3017 3201 3275 3271 deinceps
3299 3208 3545 3269 tempore
3569 3216 3601 3253 a
3617 3201 3712 3271 ju-

2128 3315 2186 3355 re
2223 3297 2558 3369 praescriptas
2596 3294 2739 3349 sedis
2768 3291 2991 3363 ejusque
3032 3301 3307 3347 rectorum
3353 3289 3598 3360 qualibet
3635 3306 3721 3346 cc-

2128 3389 2349 3445 casione
2374 3395 2471 3443 aut
2493 3385 2750 3442 violentia
2777 3393 3114 3456 segregctur,
3138 3384 3235 3440 sed
3254 3398 3470 3453 semper
3494 3383 3552 3437 in
3578 3382 3721 3436 illius

2129 3488 2516 3549 rectorumque
2559 3478 2677 3548 ejus
2704 3485 2973 3546 potestate
2994 3483 3049 3530 et
3076 3474 3430 3545 dispositione
3450 3481 3512 3529 et
3533 3471 3720 3529 volun-

2127 3578 2239 3627 tate
2259 3572 2326 3626 ad
2345 3570 2589 3626 divinum
2611 3568 2813 3622 cultum
2829 3566 3148 3638 propensius
3167 3565 3568 3636 exsequendum
3591 3581 3719 3621 cum

2129 3661 2381 3719 omnibus
2402 3659 2474 3714 ad
2513 3673 2571 3714 se
2617 3657 3019 3728 pertinentibus
3045 3655 3390 3727 integerrime
3409 3654 3723 3708 sincerissi-

2131 3765 2325 3822 meque
2358 3756 2621 3821 perpetuo
2654 3746 2941 3804 consistat.
2989 3746 3057 3802 Et
3081 3754 3142 3800 ut
3178 3746 3295 3800 haec
3315 3753 3509 3801 nostra
3535 3744 3722 3798 reddi-

2129 3841 2295 3897 tiouis
2320 3840 2623 3896 auctoritas
2648 3837 3013 3895 inviolabilem
3048 3846 3106 3891 et
3130 3835 3508 3892 inconvulsam
3532 3849 3724 3905 perpe-

2131 3939 2385 4000 tuamque
2430 3928 2675 3986 obtineat
2706 3927 3042 3992 ﬁrmitatem,
3075 3941 3240 3980 manu
3273 3925 3491 3996 prepria
3535 3924 3727 3979 subter

2132 4023 2468 4079 ﬁrmavimus
2490 4062 2504 4086 ,
2542 4030 2599 4078 et
2625 4019 2811 4076 annuli
2848 4019 3023 4075 nostri
3054 4019 3409 4089 impressione
3448 4017 3725 4087 assignari

2126 4113 2409 4185 iussimus.

2206 4207 2432 4278 Signum
2456 4204 2718 4261 Ludovici
2751 4202 2984 4274 piissimi
3010 4202 3374 4274 imperatoris.

2206 4298 2602 4353 Ilirminmarus
2616 4295 2865 4351 notarius
2876 4296 2945 4349 ad
2968 4294 3138 4349 vicem
3167 4292 3408 4365 Hugonis
3432 4294 3727 4363 recognovi

2058 4417 2109 4478 D
2134 4399 2191 4449 et
2216 4389 2536 4460 subscripsi.

2205 4482 2343 4537 Data
2355 4496 2429 4536 vn
2448 4480 2573 4535 ldus
2604 4476 2905 4547 Septemb,
2935 4492 3102 4551 anno,
3119 4477 3336 4533 Christo
3359 4477 3626 4548 propitio,
3654 4478 3729 4553 ἳᾷ

2133 4574 2349 4644 imperii
2379 4571 2559 4629 domni
2586 4569 2846 4625 Ludovici
2871 4569 3100 4640 piissimi
3123 4569 3353 4641 Augusti
3378 4609 3396 4635 ,
3424 4569 3728 4625 indictione

2131 4678 2396 4810 princh
2419 4752 2695 4810 Carisiaco
2717 4749 3095 4822 palatio'regio
3128 4750 3183 4805 in
3229 4751 3321 4806 Dei
3355 4751 3577 4807 nomine
3606 4750 3737 4806 {eii-

2135 4846 2292 4902 citer.
2324 4843 2496 4901 Amen
2510 4882 2525 4898 .

2811 4931 3033 4988 CCXIII.

2385 5060 2487 5101 ριιο
2523 5058 2752 5101 Αιυιιιοο
2788 5058 3151 5099 CBNOIANENSI
3198 5059 3465 5100 EPISCOPO.

2764 5134 2941 5208 (Anno
2967 5135 3119 5207 836.)

2145 5228 2483 5299 l’rivileginm
2516 5233 2735 5279 mortem
2773 5226 2821 5279 ei
2843 5224 3082 5348 dejusque
3116 5226 3502 5281 successoribus
3536 5242 3732 5281 cona-

2881 5306 3008 5348 itur.

2881 5306 3008 5350 itur.

2639 5384 2812 5457 [Apud
2843 5384 3053 5451 Baluz.,
3076 5385 3234 5458 ibid]

2214 5500 2273 5555 In
2303 5498 2519 5554 nomine
2548 5497 2766 5552 Domini
2813 5495 2908 5553 Dei
2957 5505 3015 5553 et
3054 5497 3559 5563 Salvatorisnostri
3593 5497 3731 5554 Jesu

2140 5589 2372 5654 Christi,
2403 5588 2729 5655 Ludovicus,
2775 5589 2957 5645 divina
2992 5590 3378 5662 rcpropitiante
3406 5589 3729 5656 clementia,

2144 5687 2433 5747 imperator
2460 5684 2752 5749 Augustus.
