4006 6178
364 324 495 379 αξη

361 524 502 578 libus
519 523 866 593 petitionibus
889 521 954 576 ad
968 527 1211 590 optatum
1229 534 1414 573 aurem
1440 517 1933 579 accommodamus,

363 631 470 669 non
499 613 668 667 solum
710 612 915 681 regiam
947 619 1000 665 et
1040 609 1442 679 imperatoriam
1468 621 1783 662 exercemus
1810 619 1936 659 con-

362 703 718 767 suetudinem,
747 701 840 756 sed
861 701 1024 771 etiam
1047 700 1263 754 eosdem
1291 713 1388 766 pro
1401 696 1712 752 excessibus
1733 694 1937 750 nostris

361 795 571 850 Domini
598 793 1026 850 misericordiam
1054 791 1358 847 exorandos
1391 789 1696 844 devotiores
1715 801 1935 857 promp-

360 886 633 956 tioresque
655 885 902 947 facimus,
933 891 1098 953 atque
1121 898 1217 952 per
1245 883 1347 938 hoc
1373 882 1693 936 immensam
1716 879 1810 933 Dei
1841 877 1938 931 mi-

362 977 714 1032 sericordiam
739 975 950 1031 facilius
978 975 1135 1031 nobis
1147 974 1542 1030 conciliandam
1567 989 1687 1028 esse
1709 973 1937 1028 confidi-

361 1083 504 1122 mus.
537 1067 743 1122 ldcirco
769 1074 959 1122 notum
995 1081 1114 1122 esse
1142 1066 1392 1121 volumus
1436 1065 1648 1132 cunctis
1691 1063 1941 1119 fidelibus

362 1166 564 1213 saneta:
590 1157 683 1211 Dei
721 1157 979 1212 Ecclesiae
1007 1157 1334 1225 nostrisque,
1350 1155 1710 1227 praesentibus
1730 1153 1941 1209 scilicet

361 1252 418 1300 et
468 1245 695 1311 futuris,
731 1246 857 1315 quia
899 1247 982 1301 vir
1025 1247 1350 1302 venerabilis
1386 1247 1760 1302 Cenomanicae
1791 1245 1942 1300 urbis

361 1336 678 1406 episcopus,
711 1336 962 1391 Aldricus
993 1338 1229 1401 nomine,
1264 1336 1418 1392 nobis
1452 1337 1686 1391 innotuit
1710 1350 1774 1390 eo
1797 1335 1942 1404 quod

363 1433 742 1480 antecessores
771 1425 877 1490 sui,
911 1425 1146 1481 Merolus
1175 1426 1382 1480 scilicet
1416 1434 1470 1480 et
1497 1424 1890 1480 Gauzeiolenus
1923 1465 1938 1489 ,

362 1526 527 1587 atque
549 1517 979 1588 przedecessores
1003 1533 1190 1572 eorum
1216 1558 1231 1582 ,
1274 1518 1327 1572 in
1367 1517 1623 1586 praldicta
1665 1517 1798 1570 urbe
1829 1530 1943 1570 mo-

272 1668 275 1670 _
363 1618 545 1664 netam
568 1609 840 1678 publicam
863 1625 959 1679 per
977 1617 1244 1678 praecepta
1270 1609 1426 1663 bonre
1455 1609 1728 1662 memoriae
1758 1607 1941 1662 domui

361 1708 412 1754 et
442 1699 701 1770 genitoris
731 1699 900 1753 nostri
932 1698 1110 1753 Caroli
1159 1708 1214 1752 et
1257 1698 1468 1768 Pippini
1509 1698 1595 1752 avi
1632 1698 1800 1753 nostri
1829 1697 1945 1750 sive

363 1789 682 1844 Theoderici
737 1790 880 1859 regis
931 1797 1093 1860 atque
1139 1790 1472 1844 anteriorum
1535 1804 1719 1859 regum
1784 1789 1941 1856 plena
1972 1772 2016 1830 Β

361 1897 550 1937 eorum
604 1881 928 1934 auctoritate
975 1895 1288 1934 concessam
1326 1879 1637 1948 pnedictam
1670 1886 1944 1932 monetam

362 1972 707 2035 habuissent,
736 1986 855 2040 qua:
878 1979 1099 2038 propter
1121 1970 1446 2024 ablationem
1470 1984 1654 2023 rerum
1676 1969 1945 2038 pnedictat

361 2062 505 2118 sedis
525 2061 789 2125 ecclesite,
830 2062 943 2115 sive
966 2069 1188 2130 propter
1211 2061 1562 2114 vastationem
1587 2075 1773 2114 earum
1801 2101 1816 2125 ,
1849 2060 1945 2113 ali-

300 2146 318 2153 ’
361 2169 470 2225 quo
495 2162 760 2224 tempore,
778 2152 908 2208 licet
935 2169 1124 2223 parvo,
1148 2161 1444 2223 nostroque
1461 2154 1640 2207 sivein
1671 2151 1777 2206 fine
1794 2153 1946 2222 geni-

363 2246 498 2300 toris
535 2245 707 2300 nostri
730 2245 990 2314 praadieta
1009 2252 1222 2300 moneta
1243 2244 1463 2298 dimissa
1481 2253 1532 2297 et
1551 2252 1776 2312 propter
1802 2259 1939 2313 prte-

363 2334 629 2390 dictarum
662 2348 840 2388 rerum
870 2334 1108 2402 inopiam
1129 2341 1292 2402 atque
1315 2333 1703 2388 desolationem
1733 2343 1944 2388 ceSs‘ata

363 2435 542 2492 esset;
576 2442 738 2496 quam
797 2441 970 2494 neque
1021 2439 1119 2480 nos
1153 2465 1168 2490 ,
1219 2439 1394 2494 neque
1442 2425 1673 2480 domnus
1721 2425 1947 2480 Carolus

363 2517 578 2589 genitor
607 2524 814 2581 noster,
844 2531 1018 2586 neque
1052 2515 1192 2592 ullus
1215 2517 1413 2571 missus
1440 2525 1626 2571 noster
1646 2525 1832 2570 nostra
1854 2525 1948 2571 aut

364 2622 462 2660 sua
491 2605 816 2660 auctoritate
842 2605 1158 2674 prohibuit,
1204 2606 1297 2661 sed
1341 2605 1680 2660 solummodo
1726 2613 1948 2674 propter

365 2696 645 2766 praefatam
692 2696 1041 2766 indigentiam
1077 2696 1298 2752 dimissa
1333 2704 1498 2753 esset.
1531 2695 1736 2752 Obtulit
1783 2697 1945 2750 etiam

365 2789 670 2844 antedictus
705 2789 990 2858 episcopus
1031 2788 1310 2844 obtutibus
1334 2788 1537 2843 nostris
1565 2798 1832 2858 praecepta
1865 2803 1949 2842 re-

366 2895 492 2948 gum
515 2879 970 2948 praedecessorum
992 2884 1301 2934 nostrorum
1325 2879 1574 2934 videlicet
1590 2879 1946 2943 Francorum,

369 2971 422 3024 in
447 2970 644 3040 quibus
672 2971 1052 3026 continebatur
1077 2969 1218 3040 quod
1249 2971 1507 3041 praedicta
1549 2978 1762 3023 moneta
1790 2976 1945 3022 ante—

365 3060 672 3115 cessoribus
710 3061 954 3129 praedicti
1009 3061 1210 3116 Aldrici
1263 3061 1500 3131 episcopi
1549 3077 1578 3114 a
1615 3059 1946 3130 prmscriptis

367 3149 584 3220 regibus
629 3165 889 3205 concessa
939 3151 1178 3220 antiquis
1207 3159 1262 3206 et
1288 3151 1565 3206 modernis
1614 3151 1947 3219 temporibus

365 3241 575 3298 fuisset.
608 3242 740 3309 Qua:
769 3251 824 3298 et
853 3259 952 3297 nos
990 3244 1292 3314 relegentes
1335 3252 1487 3297 tanta
1537 3243 1866 3305 invenimus,
1897 3251 1950 3297 et

366 3339 522 3408 signa
561 3348 726 3409 atque
773 3338 948 3408 sigilla
1000 3353 1185 3406 regum
1234 3339 1692 3407 praedecessorum
1737 3353 1950 3408 quoque

369 3437 679 3484 nostrorum
708 3429 760 3484 in
790 3429 869 3484 eis
891 3429 1261 3499 inspicientes,
1290 3443 1416 3482 vera
1445 3445 1562 3484 esse
1587 3444 1707 3498 quin
1735 3430 1952 3484 dicebat

369 3519 736 3588 cognovimus.
772 3519 978 3575 Idcirco
1013 3520 1389 3589 praecipientes
1409 3519 1662 3588 jubemus
1686 3529 1746 3574 ut
1771 3520 1950 3576 nullus

374 3611 570 3666 missus
583 3620 767 3666 noster
787 3611 869 3664 vel
891 3626 1076 3666 comes
1090 3611 1560 3679 ipsiusprovincia:
1583 3619 1675 3663 aut
1698 3611 1952 3678 quislibet

364 3717 431 3756 ex
454 3701 743 3770 judiciaria
784 3708 1051 3768 potestate
1086 3701 1134 3752 ei
1176 3699 1688 3767 successoribusque
1725 3701 1838 3754 suis
1883 3715 1949 3754 ex

367 3793 591 3864 praefata
607 3801 821 3846 moneta
836 3791 944 3844 ullo
965 3805 1202 3860 unquam
1227 3797 1466 3858 tempore
1487 3789 1722 3858 aliquam
1747 3789 1945 3843 calum-

368 3883 516 3936 niam
563 3889 656 3936 aut
697 3881 1002 3936 molestiam
1039 3889 1133 3934 aut
1168 3881 1422 3950 injustam
1449 3878 1808 3948 pulsationem
1838 3880 1951 3934 sive

369 3975 741 4030 causationem
765 3983 927 4043 atque
953 3973 1408 4028 machinationem
1440 3972 1618 4026 facere
1639 3981 1948 4041 praesumat,

369 4070 465 4124 sed
487 4069 688 4123 nostris
715 4067 1016 4136 futurisque
1043 4065 1375 4136 temporibus
1395 4065 1712 4135 praescripta
1733 4075 1951 4119 moneta

371 4160 424 4214 in
477 4158 699 4230 praefata
729 4157 861 4212 urbe
887 4157 1178 4226 saepedicto
1204 4157 1456 4226 episeopo
1497 4165 1659 4225 atque
1687 4154 1804 4224 ejus
1833 4170 1954 4210 suc-

369 4251 679 4306 cessoribus
725 4256 1081 4320 permaneat;
1125 4248 1198 4301 ita
1231 4256 1410 4302 tamen
1439 4256 1498 4302 ut
1531 4248 1632 4302 hoc
1659 4247 1954 4316 praevideat

371 4351 482 4396 tam
515 4341 769 4412 prazfixus
807 4340 1057 4394 Aldricus
1096 4354 1257 4409 quam
1293 4347 1348 4393 et
1376 4339 1458 4393 sui
1489 4354 1860 4400 successores,
1893 4347 1954 4394 ut

1498 307 1891 368 DIPLOMATA
1927 306 2482 366 ECCLESIASTICA.

435 434 490 490 Si
509 431 847 489 sacerdotum
864 442 1252 498 servorumque
1273 427 1368 481 Dei
1391 425 1554 496 justis
1569 431 1622 478 et
1636 421 1931 478 rationabi-
1961 421 2011 479 Α

3481 318 3618 375 1273

2699 425 2922 480 CCXIV.

2383 531 2482 569 nuo
2519 531 2856 570 HONASTERIO
2895 533 2939 572 S.
2971 533 3270 572 CARILEN'II.

2650 606 2824 677 (Anno
2853 607 3003 679 836.)

2522 695 2697 767 [Apud
2724 697 2930 762 Baluz.,
2971 697 3126 770 ibid.]

2111 787 2168 841 ln
2196 788 2410 842 nomine
2438 787 2647 841 Domini
2681 786 2776 841 Dei
2825 796 2880 842 et
2929 786 3226 842 Salvatoris
3278 788 3452 844 nostri
3485 786 3612 843 Jesu

2040 878 2272 942 Christi,
2316 878 2640 942 Ludovicus,
2689 877 2868 932 divina
2896 878 3281 948 repropitiante
3303 877 3612 940 clementia,

2041 969 2342 1038 imperator
2368 968 2671 1045 Augustus._

2105 1063 2161 1118 Si
2179 1064 2520 1119 sacerdotum
2537 1077 2925 1132 servorumque
2942 1063 3038 1117 Dei
3057 1064 3218 1133 justis
3247 1072 3304 1120 et
3325 1063 3621 1120 rationabi-

2041 1153 2181 1208 libus
2203 1153 2554 1224 petitionibus
2576 1167 2762 1208 aurem
2807 1155 3297 1219 accommodamus,
3325 1166 3622 1222 eorumque

2035 1242 2212 1312 justas
2249 1251 2305 1297 et
2333 1240 2682 1297 rationabiles
2721 1241 3114 1311 postulationes
3154 1242 3220 1296 ad
3265 1250 3512 1310 optatum
3543 1240 3622 1296 ef—

2042 1332 2241 1388 fectum
2269 1334 2632 1404 perducimus,
2668 1348 2774 1387 non
2805 1331 2978 1386 solum
3008 1334 3213 1403 regiam
3247 1343 3302 1387 et
3336 1335 3620 1402 imperato-

2044 1425 2182 1479 riam
2207 1439 2527 1479 exercemus
2561 1424 3030 1490 consuetudinem,
3055 1425 3147 1478 sed
3185 1424 3348 1478 etiam
3403 1424 3622 1478 eosdem

2044 1531 2143 1586 pro
2171 1515 2483 1593 excessibus
2521 1515 2725 1570 nostris
2776 1515 2989 1569 Domini
3041 1515 3468 1570 misericordiam
3498 1530 3625 1569 exo-

2048 1608 2218 1662 rando
2266 1606 2574 1662 devotiores
2631 1607 3100 1676 promptioresque
3150 1605 3417 1670 facimus,
3461 1613 3624 1675 atque

2047 1712 2144 1769 per
2175 1699 2279 1753 hoc
2310 1699 2628 1754 immensam
2651 1699 2746 1752 Dei
2773 1698 3201 1753 misericordiam
3232 1698 3442 1752 facilius
3469 1697 3626 1753 nobis

2045 1792 2439 1846 conciliandam
2485 1805 2605 1846 esse
2646 1791 2984 1846 confidimus.
3031 1791 3236 1845 idcirco
3281 1797 3467 1844 notum
3507 1803 3627 1844 esse

2044 1884 2294 1938 volumus
2327 1885 2546 1938 cunctis
2579 1884 2827 1938 fidelibus
2858 1895 3058 1937 sanctae
3093 1882 3188 1936 Dei
3243 1881 3499 1936 Ecclesiae
3531 1897 3628 1935 no-

2046 1975 2306 2042 strisque,
2329 1975 2688 2042 praesentibus
2717 1973 3222 2038 scilicetetfuturis,
3240 1974 3364 2042 quia
3380 1971 3628 2027 Aldricus

2043 2065 2368 2118 venerabilis
2391 2065 2542 2118 urbis
2563 2063 2939 2118 Cenomanicm
2960 2065 3244 2133 episcopus
3265 2064 3459 2119 obtulit
3475 2063 3630 2117 nobis

2045 2155 2311 2224 quasdam
2335 2156 2689 2210 auctoritates
2713 2171 2900 2223 regum
2927 2155 3258 2210 Francorum
3280 2156 3627 2211 decessorum

2043 2245 2295 2300 videlicet
2342 2254 2650 2302 nostrorum
2707 2262 2832 2317 erga
2880 2248 3270 2302 monasterium
3303 2263 3458 2302 suum
3489 2248 3630 2318 quod

2046 2334 2187 2389 infra
2219 2337 2482 2390 terminos
2519 2339 2792 2405 prtedictze
2817 2338 2971 2391 urbis
3008 2339 3278 2405 parochiae
3306 2339 3359 2392 in
3385 2339 3506 2393 loco
3537 2339 3628 2407 qui

2047 2435 2271 2480 vocatur
2308 2425 2548 2490 Anisola,
2594 2427 2645 2480 in
2673 2443 2786 2496 quo
2809 2436 3030 2482 sanctus
3060 2429 3378 2498 Carilephus
3407 2443 3632 2498 corpore

2047 2515 2359 2584 requiescit,
2392 2515 2446 2569 in
2493 2515 2698 2571 honore
2728 2517 2967 2586 praedicti
3008 2519 3185 2572 sancti
3209 2518 3475 2590 Carilephi
3501 2520 3634 2573 alio-

2047 2622 2276 2677 rumque
2321 2616 2633 2662 sanctorum
2686 2607 2849 2660 situm
2905 2615 3068 2677 atque
3121 2617 3495 2664 consecratum
3548 2619 3629 2663 est
3720 2677 3725 2681 π

2048 2699 2219 2754 factas
2244 2741 2258 2764 ,
2316 2714 2414 2769 per
2443 2714 2578 2768 quas
2617 2692 2741 2754 eum
2800 2700 3094 2755 immunem
3152 2717 3181 2756 a
3221 2703 3632 2773 quibuscunque

2046 2789 2280 2859 publicis
2315 2790 2682 2844 functionibus
2709 2798 3010 2846 statuentes
3037 2793 3136 2847 sub
3162 2809 3258 2847 sua
3292 2795 3632 2848 immunitate

2047 2889 2104 2934 et
2129 2879 2443 2934 defensione
2471 2879 2869 2933 constituerunt
2894 2920 2908 2945 ,
2939 2880 3250 2950 suppliciter
3271 2883 3548 2951 postulans
3573 2889 3632 2934 ut

2047 2972 2135 3041 pia
2163 2969 2304 3026 facta
2328 2978 2730 3025 antecessorum
2753 2979 3059 3025 nostrorum
3096 2981 3351 3027 consueta
3390 2974 3633 3042 benigni-

2050 3073 2162 3120 tate
2202 3074 2256 3119 et
2281 3063 2698 3118 mansuetudine
2747 3070 2947 3118 nostrae
2975 3064 3308 3119 celsitudinis
3333 3065 3634 3120 roboranda

2054 3155 2320 3227 imperiali
2373 3157 2696 3211 auctoritate
2745 3155 3098 3210 sancircmus.
3172 3155 3335 3227 Cujus
3383 3158 3634 3226 precibus

2053 3263 2238 3302 aurem
2285 3247 2487 3303 favoris
2537 3247 2898 3303 libentissime
2955 3249 3427 3302 accommodantes
3461 3290 3474 3313 ,
3538 3249 3637 3304 has

2051 3341 2392 3394 auctoritatis
2429 3348 2631 3394 nostra:
2674 3339 2884 3394 litteras
2930 3339 3075 3395 circa
3123 3349 3480 3395 memoratmn
3516 3357 3634 3395 mo-

2050 3431 2348 3486 nasterium
2379 3430 2494 3486 fieri
2528 3431 2791 3501 jussimus
2817 3449 2831 3496 ;
2859 3446 2958 3500 per
2985 3447 3120 3500 quas
3149 3433 3524 3502 praxcipientes
3545 3448 3636 3487 vo-

2052 3524 2230 3578 lumus
2254 3533 2417 3594 atque
2438 3521 2694 3591 jubemus
2727 3564 2742 3587 ,
2785 3532 2846 3578 ut
2898 3523 3078 3578 nullus
3125 3524 3380 3592 quislibet
3418 3523 3640 3591 majoris

2052 3622 2147 3669 aut
2203 3612 2477 3666 inferioris
2523 3611 2732 3665 ordinis
2769 3625 2861 3663 seu
2897 3611 3186 3679 quisquam
3235 3625 3300 3663 ex
3347 3599 3634 3679 judiciaria

2050 3712 2319 3772 potestate
2359 3702 2414 3754 in
2463 3710 2644 3755 eurtes
2675 3700 2759 3754 vel
2817 3701 2971 3753 villas
3015 3715 3108 3753 seu
3171 3699 3286 3752 loca
3345 3708 3437 3753 aut
3479 3715 3639 3769 agros

2053 3791 2297 3862 ejusdem
2333 3789 2650 3844 monasterii
2692 3788 2759 3840 ad
2797 3787 3304 3858 causasjudiciario
3353 3803 3504 3842 more
3545 3803 3639 3842 au-

2053 3883 2296 3947 diendas,
2327 3881 2414 3935 vel
2445 3878 2723 3934 inferenda
2749 3879 3034 3948 exigenda,
3068 3888 3160 3933 aut
3188 3879 3429 3935 teloneos
3460 3881 3638 3949 requi-

2054 3974 2291 4040 rendos,
2332 3989 2437 4029 nec
2463 3973 2613 4028 freda
2657 3979 2750 4025 aut
2805 3971 3150 4042 fidejussores
3197 3971 3496 4037 tollendos,
3545 3987 3636 4026 seu

2056 4066 2369 4121 mansiones
2395 4073 2492 4118 aut
2514 4070 2736 4133 paratas
2759 4061 3058 4128 faciendas,
3084 4072 3176 4117 aut
3202 4063 3448 4118 homines
3472 4063 3638 4130 ipsius

2055 4154 2371 4211 monasterii
2397 4162 2508 4208 tam
2533 4154 2794 4221 ingenuos
2819 4166 2982 4221 quam
3009 4167 3196 4206 servos
3218 4152 3634 4220 distringendos,

2056 4262 2156 4302 nec
2187 4247 2327 4302 ullas
2358 4244 2745 4301 redhibitiones
2775 4244 3127 4312 requirendas
3180 4243 3294 4297 sive
3346 4243 3640 4312 exigendas

2056 4337 2163 4393 ullo
2213 4352 2450 4407 unquam
2493 4343 2734 4403 tempore
2770 4333 2976 4403 ingredi
3025 4339 3312 4402 prmsumat
3346 4373 3361 4396 ,
3411 4339 3503 4385 aut
3547 4346 3639 4385 ex-

371 4433 549 4504 aliqua
572 4431 781 4488 falsitas
807 4432 860 4486 in
890 4432 1002 4500 ipsa
1030 4438 1241 4484 moneta
1265 4446 1372 4484 non
1388 4439 1664 4499 appareat.
1685 4431 1748 4484 Et
1763 4439 1818 4484 ut
1839 4430 1952 4484 haec
1979 4457 2030 4515 Β
2055 4429 2274 4500 quirere
2309 4428 2505 4482 audeat
2528 4444 2542 4492 ;
2579 4427 2675 4481 sed
2703 4425 2962 4495 quidquid
3001 4426 3195 4479 exinde
3226 4424 3389 4478 fiscus
3417 4437 3640 4492 sperare

371 4523 652 4578 concessio
702 4529 888 4575 nostra
941 4521 1006 4573 de
1040 4519 1293 4588 praedicta
1326 4528 1538 4572 moneta
1587 4519 1782 4573 futuris
1814 4535 1948 4574 con-

372 4620 617 4668 servetur
647 4611 1020 4687 temporibus,
1053 4625 1212 4678 quam
1260 4625 1360 4664 nos
1399 4625 1497 4678 pro
1543 4609 1637 4664 Dei
1687 4625 1870 4664 amore
1898 4618 1953 4665 et

371 4719 470 4773 pro
499 4702 798 4758 reverentia
832 4701 999 4770 ipsius
1029 4700 1133 4754 loci
1162 4698 1279 4753 fieri
1318 4697 1583 4766 iussimus
1605 4739 1619 4762 ,
1676 4709 1733 4754 et
1772 4700 1952 4754 verius

372 4797 631 4852 credatur
659 4802 712 4849 et
755 4793 1065 4864 diligentius
1110 4800 1462 4845 conservetur
1489 4831 1504 4856 ,
1550 4806 1712 4845 manu
1765 4802 1950 4846 nostra

372 4887 558 4942 subter
620 4886 992 4943 firmavimus.
1044 4891 1101 4938 et
1153 4882 1220 4938 de
1267 4883 1466 4938 annulo
1509 4891 1696 4938 nostro
1729 4884 1950 4955 sigillari

365 4979 646 5049 jussimus.

448 5072 674 5141 Signum
705 5069 959 5125 Ludovici
994 5067 1224 5138 piissimi
1254 5067 1624 5136 imperatoris.

450 5163 848 5217 llirminmarus
887 5162 1130 5215 notarius
1178 5161 1246 5215 ad
1311 5160 1486 5215 vicem
1522 5159 1762 5228 llugonis
1805 5174 1954 5215 reco-

373 5257 534 5330 gnovi
571 5263 626 5309 et
659 5254 974 5322 subscripsi.

449 5345 583 5399 Data
619 5359 672 5397 χι
708 5342 826 5395 Kal.
865 5342 1084 5410 Aprilis,
1133 5358 1294 5405 anno,
1344 5342 1560 5396 Christo
1595 5342 1849 5412 propitio,
1883 5342 1954 5398 25

378 5436 591 5505 imperii
647 5433 830 5488 domni
890 5432 1143 5487 Ludovici
1196 5432 1423 5501 piissimi
1473 5431 1735 5503 Augusti,
1786 5433 1957 5489 indic-

379 5525 526 5579 tione
556 5525 639 5578 14.

447 5615 640 5670 Actum
666 5614 990 5687 Aquisgrani
1015 5612 1213 5684 palatio
1255 5611 1402 5681 regio
1434 5614 1486 5667 in
1513 5613 1603 5668 Dei
1630 5613 1847 5668 nomine
1879 5612 1956 5670 fe-

378 5706 572 5766 liciter.
604 5707 792 5763 Amen.

2056 4529 2267 4590 poterat
2292 4560 2308 4583 ,
2351 4527 2522 4573 totum
2554 4519 2606 4571 in
2631 4517 2916 4571 luminaria
2945 4515 3182 4584 ejusdem
3210 4515 3453 4568 ecclesia:
3479 4521 3640 4582 atque

2054 4612 2410 4667 necessitates
2449 4607 2885 4679 congregationis
2928 4607 2981 4660 in
3015 4619 3080 4661 eo
3105 4604 3330 4658 Domino
3358 4604 3640 4658 militantis

2055 4700 2415 4758 sublevandas
2462 4716 2522 4755 ac
2574 4699 2870 4753 fulciendas
2923 4705 3186 4768 perpetuo
3250 4697 3407 4750 cedat
3477 4702 3639 4763 atque

2054 4792 2331 4862 proficiat,
2359 4800 2626 4862 quatenus
2649 4797 3002 4845 memoratam
3028 4789 3502 4858 congregationem
3533 4799 3634 4854 pro

2060 4885 2238 4948 nobis,
2268 4883 2514 4953 conjuge,
2551 4897 2614 4936 ac
2644 4881 2794 4952 prole
2825 4889 3034 4943 nostra,
3065 4887 3118 4933 et
3151 4877 3444 4932 stalilitate
3471 4875 3639 4929 totius

2060 4976 2272 5043 imperii
2301 4975 2470 5028 nostri
2514 4973 2726 5028 Domini
2767 4970 3198 5026 misericordiam
3236 4969 3494 5022 attentius
3515 4982 3642 5020 exo-

2062 5083 2185 5121 rare
2198 5067 2444 5121 delectet.
2471 5065 2529 5119 Si
2554 5065 2676 5132 quis
2705 5071 2882 5117 autem
2904 5061 3206 5130 judiciariaa
3231 5058 3638 5128 potestatistam

2062 5157 2381 5214 temerarius
2429 5156 2720 5218 exstiterit,
2748 5162 2806 5208 ut
2860 5155 2997 5208 hanc
3047 5160 3288 5206 nostram
3340 5163 3638 5218 eorumque

2061 5249 2447 5319 praeceptiones
2483 5247 2686 5301 violare
2728 5254 2974 5308 conetur,
3017 5243 3230 5298 noverit
3280 5258 3358 5305 se,
3410 5242 3550 5296 sicut
3589 5240 3640 5293 in

2057 5344 2512 5412 praedecessorum
2533 5348 2840 5394 nostrorum
2867 5335 3293 5390 immunitatibus
3309 5333 3640 5394 continetur,

2061 5448 2122 5487 nc
2150 5432 2250 5485 sol.
2275 5446 2394 5485 esse
2417 5429 2776 5492 multandum,
2796 5443 2860 5481 ex
2888 5427 3082 5495 quibus
3105 5427 3237 5480 duas
3259 5433 3441 5495 partes
3472 5431 3644 5476 recto-

2059 5537 2146 5576 res
2175 5521 2458 5576 memorati
2493 5519 2838 5581 monasterii,
2875 5517 3086 5572 tertiam
3118 5531 3243 5570 vero
3269 5516 3431 5568 fiscus
3457 5522 3642 5567 noster

2061 5614 2313 5683 accipiat.
2361 5614 2426 5666 Et
2465 5622 2522 5665 ut
2553 5613 2668 5666 hate
2708 5621 2891 5665 nostra
2932 5609 3226 5664 auctoritas
3276 5605 3638 5662 inviolabilem

2062 5714 2114 5761 et
2143 5703 2514 5760 inconvulsam
2543 5703 2784 5757 obtineat
2814 5700 3159 5769 firmitatem,
3207 5714 3368 5754 manu
3418 5695 3634 5770 [impria
