  <div class='ocr_page' id='page_1' title='image "/cluster/home/n/w/nwhite01/storage/ocr_20150623/104/hvd.32044052819794/645.png"; bbox 0 0 4048 6182; ppageno 0'>
   <div class='ocr_carea' id='block_1_1' title="bbox 391 252 527 309">
    <p class='ocr_par' dir='ltr' id='par_1_1' title="bbox 391 252 527 309">
     <span class='ocr_line' id='line_1_1' title="bbox 391 252 527 309; baseline -0.007 0"><span class='ocrx_word' id='word_1_1' title='bbox 391 252 527 309; x_wconf 66' lang='lat' dir='ltr'><strong>M79</strong></span> 
     </span>
    </p>
   </div>
   <div class='ocr_carea' id='block_1_2' title="bbox 1517 247 2533 311">
    <p class='ocr_par' dir='ltr' id='par_1_2' title="bbox 1517 247 2533 311">
     <span class='ocr_line' id='line_1_2' title="bbox 1517 247 2533 311; baseline -0.005 -2"><span class='ocrx_word' id='word_1_2' title='bbox 1517 251 1837 311; x_wconf 69' lang='lat' dir='ltr'><strong>LUDOVlCl</strong></span> <span class='ocrx_word' id='word_1_3' title='bbox 1878 252 1897 307; x_wconf 84' lang='grc' dir='ltr'><strong><em>ι</em></strong></span> <span class='ocrx_word' id='word_1_4' title='bbox 1935 247 2410 306; x_wconf 67' lang='lat' dir='ltr'><strong>COGNOMENTO</strong></span> <span class='ocrx_word' id='word_1_5' title='bbox 2447 248 2533 304; x_wconf 80' lang='lat' dir='ltr'><strong>l‘ll</strong></span> 
     </span>
    </p>
   </div>
   <div class='ocr_carea' id='block_1_3' title="bbox 3516 252 3659 308">
    <p class='ocr_par' dir='ltr' id='par_1_3' title="bbox 3516 252 3659 308">
     <span class='ocr_line' id='line_1_3' title="bbox 3516 252 3659 308; baseline 0.028 -3"><span class='ocrx_word' id='word_1_6' title='bbox 3516 252 3659 308; x_wconf 67' lang='lat' dir='ltr'><strong>raso</strong></span> 
     </span>
    </p>
   </div>
   <div class='ocr_carea' id='block_1_4' title="bbox 392 364 1997 441">
    <p class='ocr_par' dir='ltr' id='par_1_4' title="bbox 392 370 1997 441">
     <span class='ocr_line' id='line_1_4' title="bbox 392 370 1997 441; baseline 0.001 -18"><span class='ocrx_word' id='word_1_7' title='bbox 392 370 573 425; x_wconf 69' lang='lat' dir='ltr'><strong>subter</strong></span> <span class='ocrx_word' id='word_1_8' title='bbox 592 384 714 426; x_wconf 85' lang='lat' dir='ltr'><strong>eam</strong></span> <span class='ocrx_word' id='word_1_9' title='bbox 739 370 1074 426; x_wconf 86' lang='lat' dir='ltr'><strong>ﬁrmavimus</strong></span> <span class='ocrx_word' id='word_1_10' title='bbox 1098 380 1154 425; x_wconf 89' lang='lat' dir='ltr'><strong>et</strong></span> <span class='ocrx_word' id='word_1_11' title='bbox 1183 371 1367 424; x_wconf 87' lang='lat' dir='ltr'><strong>annuli</strong></span> <span class='ocrx_word' id='word_1_12' title='bbox 1395 371 1565 424; x_wconf 80' lang='lat' dir='ltr'><strong>nostri</strong></span> <span class='ocrx_word' id='word_1_13' title='bbox 1615 370 1967 441; x_wconf 82' lang='lat' dir='ltr'><strong>impressione</strong></span> <span class='ocrx_word' id='word_1_14' title='bbox 1994 419 1997 425; x_wconf 30' lang='lat'><strong>.</strong></span> 
     </span>
    </p>
   </div>
   <div class='ocr_carea' id='block_1_5' title="bbox 2088 364 3670 441">
    <p class='ocr_par' dir='ltr' id='par_1_5' title="bbox 2088 364 3670 435">
     <span class='ocr_line' id='line_1_5' title="bbox 2088 364 3670 435; baseline 0.004 -14"><span class='ocrx_word' id='word_1_15' title='bbox 2088 364 2434 429; x_wconf 79' lang='lat' dir='ltr'><strong>&#39;edtlidimus,</strong></span> <span class='ocrx_word' id='word_1_16' title='bbox 2487 372 2550 419; x_wconf 92' lang='lat' dir='ltr'><strong>ut</strong></span> <span class='ocrx_word' id='word_1_17' title='bbox 2596 364 2650 419; x_wconf 90' lang='lat' dir='ltr'><strong>in</strong></span> <span class='ocrx_word' id='word_1_18' title='bbox 2705 372 2969 435; x_wconf 80' lang='lat' dir='ltr'><strong>perpetuo</strong></span> <span class='ocrx_word' id='word_1_19' title='bbox 3011 367 3063 421; x_wconf 89' lang='lat' dir='ltr'><strong>in</strong></span> <span class='ocrx_word' id='word_1_20' title='bbox 3111 369 3373 426; x_wconf 71' lang='lat' dir='ltr'><strong>utilitates</strong></span> <span class='ocrx_word' id='word_1_21' title='bbox 3418 379 3475 426; x_wconf 91' lang='lat' dir='ltr'><strong>et</strong></span> <span class='ocrx_word' id='word_1_22' title='bbox 3529 384 3670 428; x_wconf 82' lang='lat' dir='ltr'><strong>usus</strong></span> 
     </span>
    </p>
   </div>
   <div class='ocr_carea' id='block_1_6' title="bbox 391 462 963 534">
    <p class='ocr_par' dir='ltr' id='par_1_6' title="bbox 391 462 963 534">
     <span class='ocr_line' id='line_1_6' title="bbox 391 462 963 534; baseline 0 -19"><span class='ocrx_word' id='word_1_23' title='bbox 391 462 656 534; x_wconf 71' lang='lat' dir='ltr'><strong>assignari</strong></span> <span class='ocrx_word' id='word_1_24' title='bbox 681 462 963 531; x_wconf 88' lang='lat' dir='ltr'><strong>jussimus.</strong></span> 
     </span>
    </p>
   </div>
   <div class='ocr_carea' id='block_1_7' title="bbox 461 550 1610 623">
    <p class='ocr_par' dir='ltr' id='par_1_7' title="bbox 461 550 1610 623">
     <span class='ocr_line' id='line_1_7' title="bbox 461 550 1610 623; baseline -0.002 -16"><span class='ocrx_word' id='word_1_25' title='bbox 461 551 686 623; x_wconf 90' lang='lat' dir='ltr'><strong>Signum</strong></span> <span class='ocrx_word' id='word_1_26' title='bbox 712 550 969 606; x_wconf 79' lang='lat' dir='ltr'><strong>Ludovici</strong></span> <span class='ocrx_word' id='word_1_27' title='bbox 994 551 1221 621; x_wconf 82' lang='lat' dir='ltr'><strong>piissimi</strong></span> <span class='ocrx_word' id='word_1_28' title='bbox 1245 552 1610 621; x_wconf 75' lang='lat' dir='ltr'><strong>imperatoris.</strong></span> 
     </span>
    </p>
   </div>
   <div class='ocr_carea' id='block_1_8' title="bbox 2065 454 3665 532">
    <p class='ocr_par' dir='ltr' id='par_1_8' title="bbox 2065 454 3665 532">
     <span class='ocr_line' id='line_1_8' title="bbox 2065 454 3665 532; baseline 0.004 -22"><span class='ocrx_word' id='word_1_29' title='bbox 2065 454 2305 524; x_wconf 83' lang='lat' dir='ltr'><strong>ejusdem</strong></span> <span class='ocrx_word' id='word_1_30' title='bbox 2350 455 2599 511; x_wconf 70' lang='lat' dir='ltr'><strong>ecclesia:</strong></span> <span class='ocrx_word' id='word_1_31' title='bbox 2626 456 2843 525; x_wconf 84' lang='lat' dir='ltr'><strong>Deoque</strong></span> <span class='ocrx_word' id='word_1_32' title='bbox 2878 457 2934 511; x_wconf 87' lang='lat' dir='ltr'><strong>in</strong></span> <span class='ocrx_word' id='word_1_33' title='bbox 2984 472 3047 513; x_wconf 88' lang='lat' dir='ltr'><strong>ea</strong></span> <span class='ocrx_word' id='word_1_34' title='bbox 3078 459 3499 516; x_wconf 87' lang='lat' dir='ltr'><strong>descrvicutium</strong></span> <span class='ocrx_word' id='word_1_35' title='bbox 3529 477 3665 532; x_wconf 86' lang='lat' dir='ltr'><strong>per-</strong></span> 
     </span>
    </p>
   </div>
   <div class='ocr_carea' id='block_1_9' title="bbox 2067 547 3668 625">
    <p class='ocr_par' dir='ltr' id='par_1_9' title="bbox 2067 547 3668 625">
     <span class='ocr_line' id='line_1_9' title="bbox 2067 547 3668 625; baseline 0.005 -24"><span class='ocrx_word' id='word_1_36' title='bbox 2067 555 2302 602; x_wconf 87' lang='lat' dir='ltr'><strong>maneat.</strong></span> <span class='ocrx_word' id='word_1_37' title='bbox 2349 547 2557 602; x_wconf 88' lang='lat' dir='ltr'><strong>Idcirco</strong></span> <span class='ocrx_word' id='word_1_38' title='bbox 2597 548 3012 619; x_wconf 74' lang='lat' dir='ltr'><strong>suggerentibus</strong></span> <span class='ocrx_word' id='word_1_39' title='bbox 3056 558 3221 619; x_wconf 88' lang='lat' dir='ltr'><strong>atque</strong></span> <span class='ocrx_word' id='word_1_40' title='bbox 3260 551 3541 608; x_wconf 78' lang='lat' dir='ltr'><strong>humiliter</strong></span> <span class='ocrx_word' id='word_1_41' title='bbox 3565 570 3668 625; x_wconf 85' lang='lat' dir='ltr'><strong>po-</strong></span> 
     </span>
    </p>
   </div>
   <div class='ocr_carea' id='block_1_10' title="bbox 463 637 3667 715">
    <p class='ocr_par' dir='ltr' id='par_1_10' title="bbox 463 637 3667 715">
     <span class='ocr_line' id='line_1_10' title="bbox 463 637 3667 715; baseline 0.001 -19"><span class='ocrx_word' id='word_1_42' title='bbox 463 642 860 696; x_wconf 87' lang='lat' dir='ltr'><strong>llirminmarus</strong></span> <span class='ocrx_word' id='word_1_43' title='bbox 881 642 1123 715; x_wconf 87' lang='lat' dir='ltr'><strong>notarius</strong></span> <span class='ocrx_word' id='word_1_44' title='bbox 1142 641 1209 696; x_wconf 87' lang='lat' dir='ltr'><strong>ad</strong></span> <span class='ocrx_word' id='word_1_45' title='bbox 1226 642 1397 698; x_wconf 88' lang='lat' dir='ltr'><strong>vicem</strong></span> <span class='ocrx_word' id='word_1_46' title='bbox 1421 642 1663 713; x_wconf 82' lang='lat' dir='ltr'><strong>llugonis</strong></span> <span class='ocrx_word' id='word_1_47' title='bbox 1685 644 1969 714; x_wconf 79' lang='lat' dir='ltr'><strong>recognovi</strong></span> <span class='ocrx_word' id='word_1_48' title='bbox 2069 638 2393 693; x_wconf 88' lang='lat' dir='ltr'><strong>stulantibus</strong></span> <span class='ocrx_word' id='word_1_49' title='bbox 2437 637 2709 708; x_wconf 71' lang='lat' dir='ltr'><strong>praedictis</strong></span> <span class='ocrx_word' id='word_1_50' title='bbox 2769 637 3018 695; x_wconf 89' lang='lat' dir='ltr'><strong>ﬁdelibus</strong></span> <span class='ocrx_word' id='word_1_51' title='bbox 3074 641 3279 695; x_wconf 88' lang='lat' dir='ltr'><strong>nostris</strong></span> <span class='ocrx_word' id='word_1_52' title='bbox 3300 682 3315 707; x_wconf 95' lang='lat'><strong>,</strong></span> <span class='ocrx_word' id='word_1_53' title='bbox 3352 654 3667 699; x_wconf 87' lang='lat' dir='ltr'><strong>memorato</strong></span> 
     </span>
    </p>
   </div>
   <div class='ocr_carea' id='block_1_11' title="bbox 396 734 795 804">
    <p class='ocr_par' dir='ltr' id='par_1_11' title="bbox 396 734 795 804">
     <span class='ocr_line' id='line_1_11' title="bbox 396 734 795 804; baseline -0.013 -12"><span class='ocrx_word' id='word_1_54' title='bbox 396 745 453 792; x_wconf 86' lang='lat' dir='ltr'><strong>et</strong></span> <span class='ocrx_word' id='word_1_55' title='bbox 477 734 795 804; x_wconf 82' lang='lat' dir='ltr'><strong>subscripsi.</strong></span> 
     </span>
    </p>
   </div>
   <div class='ocr_carea' id='block_1_12' title="bbox 463 821 1969 894">
    <p class='ocr_par' dir='ltr' id='par_1_12' title="bbox 463 821 1969 894">
     <span class='ocr_line' id='line_1_12' title="bbox 463 821 1969 894; baseline 0.001 -16"><span class='ocrx_word' id='word_1_56' title='bbox 463 824 599 878; x_wconf 88' lang='lat' dir='ltr'><strong>Data</strong></span> <span class='ocrx_word' id='word_1_57' title='bbox 629 839 703 878; x_wconf 86' lang='lat' dir='ltr'><strong>vn</strong></span> <span class='ocrx_word' id='word_1_58' title='bbox 748 823 871 878; x_wconf 90' lang='lat' dir='ltr'><strong>ldus</strong></span> <span class='ocrx_word' id='word_1_59' title='bbox 898 821 1253 894; x_wconf 84' lang='lat' dir='ltr'><strong>Septembris,</strong></span> <span class='ocrx_word' id='word_1_60' title='bbox 1283 840 1445 890; x_wconf 89' lang='lat' dir='ltr'><strong>anno,</strong></span> <span class='ocrx_word' id='word_1_61' title='bbox 1478 823 1694 880; x_wconf 89' lang='lat' dir='ltr'><strong>Christo</strong></span> <span class='ocrx_word' id='word_1_62' title='bbox 1714 824 1969 894; x_wconf 90' lang='lat' dir='ltr'><strong>propitio,</strong></span> 
     </span>
    </p>
   </div>
   <div class='ocr_carea' id='block_1_13' title="bbox 393 913 1972 986">
    <p class='ocr_par' dir='ltr' id='par_1_13' title="bbox 393 913 1972 986">
     <span class='ocr_line' id='line_1_13' title="bbox 393 913 1972 986; baseline 0 -17"><span class='ocrx_word' id='word_1_63' title='bbox 393 915 463 969; x_wconf 72' lang='lat'><strong>25</strong></span> <span class='ocrx_word' id='word_1_64' title='bbox 515 914 729 983; x_wconf 90' lang='lat' dir='ltr'><strong>imperii</strong></span> <span class='ocrx_word' id='word_1_65' title='bbox 753 913 939 969; x_wconf 89' lang='lat' dir='ltr'><strong>domui</strong></span> <span class='ocrx_word' id='word_1_66' title='bbox 971 913 1229 970; x_wconf 80' lang='lat' dir='ltr'><strong>Ludovici</strong></span> <span class='ocrx_word' id='word_1_67' title='bbox 1261 916 1487 985; x_wconf 84' lang='lat' dir='ltr'><strong>piissimi</strong></span> <span class='ocrx_word' id='word_1_68' title='bbox 1517 915 1784 986; x_wconf 88' lang='lat' dir='ltr'><strong>Augusti,</strong></span> <span class='ocrx_word' id='word_1_69' title='bbox 1828 914 1972 969; x_wconf 87' lang='lat' dir='ltr'><strong>indi-</strong></span> 
     </span>
    </p>
   </div>
   <div class='ocr_carea' id='block_1_14' title="bbox 395 1007 1035 1077">
    <p class='ocr_par' dir='ltr' id='par_1_14' title="bbox 395 1007 1035 1077">
     <span class='ocr_line' id='line_1_14' title="bbox 395 1007 1035 1077; baseline -0.003 -16"><span class='ocrx_word' id='word_1_70' title='bbox 395 1008 574 1062; x_wconf 83' lang='lat' dir='ltr'><strong>ctione</strong></span> <span class='ocrx_word' id='word_1_71' title='bbox 597 1007 794 1077; x_wconf 89' lang='lat' dir='ltr'><strong>prima.</strong></span> <span class='ocrx_word' id='word_1_72' title='bbox 1031 1014 1035 1019; x_wconf 76' lang='lat'><strong>‘</strong></span> 
     </span>
    </p>
   </div>
   <div class='ocr_carea' id='block_1_15' title="bbox 467 1094 1976 1173">
    <p class='ocr_par' dir='ltr' id='par_1_15' title="bbox 467 1094 1976 1173">
     <span class='ocr_line' id='line_1_15' title="bbox 467 1094 1976 1173; baseline 0.002 -23"><span class='ocrx_word' id='word_1_73' title='bbox 467 1097 661 1150; x_wconf 81' lang='lat' dir='ltr'><strong>Actum</strong></span> <span class='ocrx_word' id='word_1_74' title='bbox 691 1094 968 1152; x_wconf 78' lang='lat' dir='ltr'><strong>Caristaco</strong></span> <span class='ocrx_word' id='word_1_75' title='bbox 994 1096 1193 1167; x_wconf 73' lang='lat' dir='ltr'><strong>palatio</strong></span> <span class='ocrx_word' id='word_1_76' title='bbox 1235 1098 1381 1169; x_wconf 87' lang='lat' dir='ltr'><strong>regio</strong></span> <span class='ocrx_word' id='word_1_77' title='bbox 1414 1100 1468 1153; x_wconf 87' lang='lat' dir='ltr'><strong>in</strong></span> <span class='ocrx_word' id='word_1_78' title='bbox 1491 1098 1586 1154; x_wconf 88' lang='lat' dir='ltr'><strong>Dei</strong></span> <span class='ocrx_word' id='word_1_79' title='bbox 1616 1098 1835 1173; x_wconf 79' lang='lat' dir='ltr'><strong>nomine</strong></span> <span class='ocrx_word' id='word_1_80' title='bbox 1859 1098 1976 1153; x_wconf 85' lang='lat' dir='ltr'><strong>feli-</strong></span> 
     </span>
    </p>
   </div>
   <div class='ocr_carea' id='block_1_16' title="bbox 404 1185 787 1242">
    <p class='ocr_par' dir='ltr' id='par_1_16' title="bbox 404 1185 787 1242">
     <span class='ocr_line' id='line_1_16' title="bbox 404 1185 787 1242; baseline -0.008 0"><span class='ocrx_word' id='word_1_81' title='bbox 404 1187 559 1242; x_wconf 89' lang='lat' dir='ltr'><strong>citer.</strong></span> <span class='ocrx_word' id='word_1_82' title='bbox 592 1185 787 1242; x_wconf 88' lang='lat' dir='ltr'><strong>Amen.</strong></span> 
     </span>
    </p>
   </div>
   <div class='ocr_carea' id='block_1_17' title="bbox 1083 1255 1285 1312">
    <p class='ocr_par' dir='ltr' id='par_1_17' title="bbox 1083 1255 1285 1312">
     <span class='ocr_line' id='line_1_17' title="bbox 1083 1255 1285 1312; baseline -0.005 0"><span class='ocrx_word' id='word_1_83' title='bbox 1083 1255 1285 1312; x_wconf 75' lang='lat' dir='ltr'><strong>CCXV.</strong></span> 
     </span>
    </p>
   </div>
   <div class='ocr_carea' id='block_1_18' title="bbox 484 1360 1887 1406">
    <p class='ocr_par' dir='ltr' id='par_1_18' title="bbox 484 1360 1887 1406">
     <span class='ocr_line' id='line_1_18' title="bbox 484 1360 1887 1406; baseline 0.002 -8"><span class='ocrx_word' id='word_1_84' title='bbox 484 1361 638 1400; x_wconf 68' lang='grc' dir='ltr'><strong>ηιμ</strong></span> <span class='ocrx_word' id='word_1_85' title='bbox 676 1360 957 1402; x_wconf 72' lang='grc' dir='ltr'><strong>ιυουυιωιι</strong></span> <span class='ocrx_word' id='word_1_86' title='bbox 997 1362 1176 1402; x_wconf 75' lang='grc' dir='ltr'><strong>ωτυιι</strong></span> <span class='ocrx_word' id='word_1_87' title='bbox 1210 1361 1476 1403; x_wconf 66' lang='grc' dir='ltr'><strong>εεοιεειι</strong></span> <span class='ocrx_word' id='word_1_88' title='bbox 1514 1364 1887 1406; x_wconf 63' lang='grc' dir='ltr'><strong>(ΞΕΠΟΙΔΝΙῺΕ.</strong></span> 
     </span>
    </p>
   </div>
   <div class='ocr_carea' id='block_1_19' title="bbox 1026 1439 1353 1509">
    <p class='ocr_par' dir='ltr' id='par_1_19' title="bbox 1026 1439 1353 1509">
     <span class='ocr_line' id='line_1_19' title="bbox 1026 1439 1353 1509; baseline 0.003 -17"><span class='ocrx_word' id='word_1_89' title='bbox 1026 1439 1199 1509; x_wconf 79' lang='lat' dir='ltr'><strong>(Anno</strong></span> <span class='ocrx_word' id='word_1_90' title='bbox 1227 1440 1353 1496; x_wconf 78' lang='lat'><strong>836.</strong></span> 
     </span>
    </p>
   </div>
   <div class='ocr_carea' id='block_1_20' title="bbox 898 1528 1493 1603">
    <p class='ocr_par' dir='ltr' id='par_1_20' title="bbox 898 1528 1493 1603">
     <span class='ocr_line' id='line_1_20' title="bbox 898 1528 1493 1603; baseline 0.002 -20"><span class='ocrx_word' id='word_1_91' title='bbox 898 1528 1076 1601; x_wconf 55' lang='lat' dir='ltr'><strong>[Apud</strong></span> <span class='ocrx_word' id='word_1_92' title='bbox 1105 1529 1313 1595; x_wconf 82' lang='lat' dir='ltr'><strong>Baluz.,</strong></span> <span class='ocrx_word' id='word_1_93' title='bbox 1336 1530 1493 1603; x_wconf 81' lang='lat' dir='ltr'><strong>ibid.]</strong></span> 
     </span>
    </p>
   </div>
   <div class='ocr_carea' id='block_1_21' title="bbox 474 1619 1977 1681">
    <p class='ocr_par' dir='ltr' id='par_1_21' title="bbox 474 1619 1977 1681">
     <span class='ocr_line' id='line_1_21' title="bbox 474 1619 1977 1681; baseline 0.005 -8"><span class='ocrx_word' id='word_1_94' title='bbox 474 1619 533 1674; x_wconf 81' lang='lat' dir='ltr'><strong>In</strong></span> <span class='ocrx_word' id='word_1_95' title='bbox 581 1621 799 1675; x_wconf 86' lang='lat' dir='ltr'><strong>nomine</strong></span> <span class='ocrx_word' id='word_1_96' title='bbox 848 1621 1061 1676; x_wconf 90' lang='lat' dir='ltr'><strong>Domini</strong></span> <span class='ocrx_word' id='word_1_97' title='bbox 1092 1622 1187 1676; x_wconf 85' lang='lat' dir='ltr'><strong>Dei</strong></span> <span class='ocrx_word' id='word_1_98' title='bbox 1219 1631 1274 1676; x_wconf 90' lang='lat' dir='ltr'><strong>et</strong></span> <span class='ocrx_word' id='word_1_99' title='bbox 1301 1621 1601 1679; x_wconf 84' lang='lat' dir='ltr'><strong>Salvatoris</strong></span> <span class='ocrx_word' id='word_1_100' title='bbox 1649 1625 1822 1680; x_wconf 85' lang='lat' dir='ltr'><strong>nostri</strong></span> <span class='ocrx_word' id='word_1_101' title='bbox 1849 1641 1977 1681; x_wconf 78' lang='lat' dir='ltr'><strong>.esu</strong></span> 
     </span>
    </p>
   </div>
   <div class='ocr_carea' id='block_1_22' title="bbox 2069 726 3668 805">
    <p class='ocr_par' dir='ltr' id='par_1_22' title="bbox 2069 726 3668 805">
     <span class='ocr_line' id='line_1_22' title="bbox 2069 726 3668 805; baseline 0.006 -25"><span class='ocrx_word' id='word_1_102' title='bbox 2069 726 2322 782; x_wconf 83' lang='lat' dir='ltr'><strong>videlicet</strong></span> <span class='ocrx_word' id='word_1_103' title='bbox 2359 726 2578 781; x_wconf 83' lang='lat' dir='ltr'><strong>Aldrico</strong></span> <span class='ocrx_word' id='word_1_104' title='bbox 2616 727 2912 783; x_wconf 80' lang='lat' dir='ltr'><strong>venerabili</strong></span> <span class='ocrx_word' id='word_1_105' title='bbox 2955 729 3209 800; x_wconf 63' lang='lat' dir='ltr'><strong>episcopo</strong></span> <span class='ocrx_word' id='word_1_106' title='bbox 3254 740 3309 786; x_wconf 91' lang='lat' dir='ltr'><strong>et</strong></span> <span class='ocrx_word' id='word_1_107' title='bbox 3351 730 3668 805; x_wconf 85' lang='lat' dir='ltr'><strong>Banzlegbo</strong></span> 
     </span>
    </p>
   </div>
   <div class='ocr_carea' id='block_1_23' title="bbox 2065 815 3667 887">
    <p class='ocr_par' dir='ltr' id='par_1_23' title="bbox 2065 815 3667 887">
     <span class='ocr_line' id='line_1_23' title="bbox 2065 815 3667 887; baseline 0.005 -16"><span class='ocrx_word' id='word_1_108' title='bbox 2065 817 2180 887; x_wconf 91' lang='lat' dir='ltr'><strong>jam</strong></span> <span class='ocrx_word' id='word_1_109' title='bbox 2227 817 2374 872; x_wconf 87' lang='lat' dir='ltr'><strong>dicto</strong></span> <span class='ocrx_word' id='word_1_110' title='bbox 2420 815 2563 872; x_wconf 86' lang='lat' dir='ltr'><strong>ﬁdeli</strong></span> <span class='ocrx_word' id='word_1_111' title='bbox 2606 825 2796 872; x_wconf 87' lang='lat' dir='ltr'><strong>nostro</strong></span> <span class='ocrx_word' id='word_1_112' title='bbox 2833 818 2938 874; x_wconf 90' lang='lat' dir='ltr'><strong>hoc</strong></span> <span class='ocrx_word' id='word_1_113' title='bbox 2980 819 3412 877; x_wconf 87' lang='lat' dir='ltr'><strong>conﬁrmationis</strong></span> <span class='ocrx_word' id='word_1_114' title='bbox 3459 833 3667 879; x_wconf 76' lang='lat' dir='ltr'><strong>nostra:</strong></span> 
     </span>
    </p>
   </div>
   <div class='ocr_carea' id='block_1_24' title="bbox 2073 910 3665 984">
    <p class='ocr_par' dir='ltr' id='par_1_24' title="bbox 2073 910 3665 984">
     <span class='ocr_line' id='line_1_24' title="bbox 2073 910 3665 984; baseline 0.003 -19"><span class='ocrx_word' id='word_1_115' title='bbox 2073 920 2238 980; x_wconf 89' lang='lat' dir='ltr'><strong>atque</strong></span> <span class='ocrx_word' id='word_1_116' title='bbox 2262 910 2579 965; x_wconf 86' lang='lat' dir='ltr'><strong>redditionis</strong></span> <span class='ocrx_word' id='word_1_117' title='bbox 2616 919 2948 980; x_wconf 63' lang='lat' dir='ltr'><strong>praeceptum</strong></span> <span class='ocrx_word' id='word_1_118' title='bbox 2980 911 3273 981; x_wconf 61' lang='lat' dir='ltr'><strong>sarpedicto</strong></span> <span class='ocrx_word' id='word_1_119' title='bbox 3297 912 3517 969; x_wconf 84' lang='lat' dir='ltr'><strong>Aldrico</strong></span> <span class='ocrx_word' id='word_1_120' title='bbox 3547 917 3665 984; x_wconf 88' lang='lat' dir='ltr'><strong>epi-</strong></span> 
     </span>
    </p>
   </div>
   <div class='ocr_carea' id='block_1_25' title="bbox 2074 999 3662 1071">
    <p class='ocr_par' dir='ltr' id='par_1_25' title="bbox 2074 999 3662 1071">
     <span class='ocr_line' id='line_1_25' title="bbox 2074 999 3662 1071; baseline 0.001 -15"><span class='ocrx_word' id='word_1_121' title='bbox 2074 1014 2238 1071; x_wconf 87' lang='lat' dir='ltr'><strong>scopo</strong></span> <span class='ocrx_word' id='word_1_122' title='bbox 2262 999 2346 1055; x_wconf 91' lang='lat' dir='ltr'><strong>vel</strong></span> <span class='ocrx_word' id='word_1_123' title='bbox 2376 1002 2445 1058; x_wconf 87' lang='lat' dir='ltr'><strong>ad</strong></span> <span class='ocrx_word' id='word_1_124' title='bbox 2468 1007 2678 1070; x_wconf 88' lang='lat' dir='ltr'><strong>partem</strong></span> <span class='ocrx_word' id='word_1_125' title='bbox 2700 999 2814 1069; x_wconf 89' lang='lat' dir='ltr'><strong>jam</strong></span> <span class='ocrx_word' id='word_1_126' title='bbox 2843 1002 3001 1056; x_wconf 71' lang='lat' dir='ltr'><strong>dicta:</strong></span> <span class='ocrx_word' id='word_1_127' title='bbox 3022 1002 3177 1057; x_wconf 86' lang='lat' dir='ltr'><strong>urbis</strong></span> <span class='ocrx_word' id='word_1_128' title='bbox 3207 1001 3325 1058; x_wconf 86' lang='lat' dir='ltr'><strong>ﬁeri</strong></span> <span class='ocrx_word' id='word_1_129' title='bbox 3347 1000 3619 1071; x_wconf 84' lang='lat' dir='ltr'><strong>jussimus</strong></span> <span class='ocrx_word' id='word_1_130' title='bbox 3646 1024 3662 1066; x_wconf 85' lang='lat'><strong>;</strong></span> 
     </span>
    </p>
   </div>
   <div class='ocr_carea' id='block_1_26' title="bbox 2074 1088 3672 1161">
    <p class='ocr_par' dir='ltr' id='par_1_26' title="bbox 2074 1088 3672 1161">
     <span class='ocr_line' id='line_1_26' title="bbox 2074 1088 3672 1161; baseline 0.002 -17"><span class='ocrx_word' id='word_1_131' title='bbox 2074 1105 2173 1161; x_wconf 89' lang='lat' dir='ltr'><strong>per</strong></span> <span class='ocrx_word' id='word_1_132' title='bbox 2207 1088 2353 1160; x_wconf 90' lang='lat' dir='ltr'><strong>quod</strong></span> <span class='ocrx_word' id='word_1_133' title='bbox 2382 1089 2726 1144; x_wconf 85' lang='lat' dir='ltr'><strong>decernimus</strong></span> <span class='ocrx_word' id='word_1_134' title='bbox 2761 1098 2925 1159; x_wconf 89' lang='lat' dir='ltr'><strong>atque</strong></span> <span class='ocrx_word' id='word_1_135' title='bbox 2959 1089 3215 1159; x_wconf 90' lang='lat' dir='ltr'><strong>jubemus</strong></span> <span class='ocrx_word' id='word_1_136' title='bbox 3250 1098 3311 1144; x_wconf 91' lang='lat' dir='ltr'><strong>ut</strong></span> <span class='ocrx_word' id='word_1_137' title='bbox 3352 1090 3533 1147; x_wconf 88' lang='lat' dir='ltr'><strong>nullus</strong></span> <span class='ocrx_word' id='word_1_138' title='bbox 3565 1094 3672 1148; x_wconf 83' lang='lat' dir='ltr'><strong>sub</strong></span> 
     </span>
    </p>
   </div>
   <div class='ocr_carea' id='block_1_27' title="bbox 2075 1183 3670 1255">
    <p class='ocr_par' dir='ltr' id='par_1_27' title="bbox 2075 1183 3670 1255">
     <span class='ocr_line' id='line_1_27' title="bbox 2075 1183 3670 1255; baseline -0.001 -15"><span class='ocrx_word' id='word_1_139' title='bbox 2075 1184 2281 1240; x_wconf 89' lang='lat' dir='ltr'><strong>ditione</strong></span> <span class='ocrx_word' id='word_1_140' title='bbox 2309 1183 2521 1252; x_wconf 90' lang='lat' dir='ltr'><strong>imperii</strong></span> <span class='ocrx_word' id='word_1_141' title='bbox 2572 1184 2743 1237; x_wconf 85' lang='lat' dir='ltr'><strong>nostri</strong></span> <span class='ocrx_word' id='word_1_142' title='bbox 2773 1184 2974 1253; x_wconf 86' lang='lat' dir='ltr'><strong>degens</strong></span> <span class='ocrx_word' id='word_1_143' title='bbox 3004 1183 3113 1238; x_wconf 91' lang='lat' dir='ltr'><strong>ullo</strong></span> <span class='ocrx_word' id='word_1_144' title='bbox 3144 1199 3381 1254; x_wconf 80' lang='lat' dir='ltr'><strong>unquam</strong></span> <span class='ocrx_word' id='word_1_145' title='bbox 3418 1194 3670 1255; x_wconf 87' lang='lat' dir='ltr'><strong>tempore</strong></span> 
     </span>
    </p>
   </div>
   <div class='ocr_carea' id='block_1_28' title="bbox 2077 1272 3675 1346">
    <p class='ocr_par' dir='ltr' id='par_1_28' title="bbox 2077 1272 3675 1346">
     <span class='ocr_line' id='line_1_28' title="bbox 2077 1272 3675 1346; baseline 0 -16"><span class='ocrx_word' id='word_1_146' title='bbox 2077 1275 2145 1330; x_wconf 89' lang='lat' dir='ltr'><strong>de</strong></span> <span class='ocrx_word' id='word_1_147' title='bbox 2179 1273 2435 1343; x_wconf 55' lang='lat' dir='ltr'><strong>praedicta</strong></span> <span class='ocrx_word' id='word_1_148' title='bbox 2480 1272 2607 1328; x_wconf 88' lang='lat' dir='ltr'><strong>villa</strong></span> <span class='ocrx_word' id='word_1_149' title='bbox 2645 1274 2731 1328; x_wconf 85' lang='lat' dir='ltr'><strong>vel</strong></span> <span class='ocrx_word' id='word_1_150' title='bbox 2762 1274 2828 1329; x_wconf 92' lang='lat' dir='ltr'><strong>de</strong></span> <span class='ocrx_word' id='word_1_151' title='bbox 2855 1274 3106 1329; x_wconf 84' lang='lat' dir='ltr'><strong>omnibus</strong></span> <span class='ocrx_word' id='word_1_152' title='bbox 3134 1276 3201 1329; x_wconf 91' lang='lat' dir='ltr'><strong>ad</strong></span> <span class='ocrx_word' id='word_1_153' title='bbox 3235 1290 3353 1330; x_wconf 88' lang='lat' dir='ltr'><strong>eam</strong></span> <span class='ocrx_word' id='word_1_154' title='bbox 3385 1280 3675 1346; x_wconf 74' lang='lat' dir='ltr'><strong>pertinen-</strong></span> 
     </span>
    </p>
   </div>
   <div class='ocr_carea' id='block_1_29' title="bbox 2078 1364 3673 1436">
    <p class='ocr_par' dir='ltr' id='par_1_29' title="bbox 2078 1364 3673 1436">
     <span class='ocr_line' id='line_1_29' title="bbox 2078 1364 3673 1436; baseline 0.001 -17"><span class='ocrx_word' id='word_1_155' title='bbox 2078 1364 2224 1419; x_wconf 80' lang='lat' dir='ltr'><strong>tibus</strong></span> <span class='ocrx_word' id='word_1_156' title='bbox 2278 1365 2333 1418; x_wconf 92' lang='lat' dir='ltr'><strong>in</strong></span> <span class='ocrx_word' id='word_1_157' title='bbox 2378 1364 2791 1433; x_wconf 84' lang='lat' dir='ltr'><strong>quibuseunque</strong></span> <span class='ocrx_word' id='word_1_158' title='bbox 2851 1365 3008 1436; x_wconf 82' lang='lat' dir='ltr'><strong>pagis</strong></span> <span class='ocrx_word' id='word_1_159' title='bbox 3056 1365 3142 1419; x_wconf 86' lang='lat' dir='ltr'><strong>vel</strong></span> <span class='ocrx_word' id='word_1_160' title='bbox 3193 1365 3327 1421; x_wconf 91' lang='lat' dir='ltr'><strong>locis</strong></span> <span class='ocrx_word' id='word_1_161' title='bbox 3376 1367 3673 1435; x_wconf 72' lang='lat' dir='ltr'><strong>saepedicto</strong></span> 
     </span>
    </p>
   </div>
   <div class='ocr_carea' id='block_1_30' title="bbox 2080 1456 3670 1529">
    <p class='ocr_par' dir='ltr' id='par_1_30' title="bbox 2080 1456 3670 1529">
     <span class='ocr_line' id='line_1_30' title="bbox 2080 1456 3670 1529; baseline 0.001 -17"><span class='ocrx_word' id='word_1_162' title='bbox 2080 1456 2296 1512; x_wconf 78' lang='lat' dir='ltr'><strong>Aldrico</strong></span> <span class='ocrx_word' id='word_1_163' title='bbox 2319 1457 2572 1526; x_wconf 91' lang='lat' dir='ltr'><strong>episcopo</strong></span> <span class='ocrx_word' id='word_1_164' title='bbox 2594 1457 2817 1526; x_wconf 89' lang='lat' dir='ltr'><strong>suisque</strong></span> <span class='ocrx_word' id='word_1_165' title='bbox 2842 1457 3250 1512; x_wconf 86' lang='lat' dir='ltr'><strong>successoribus</strong></span> <span class='ocrx_word' id='word_1_166' title='bbox 3279 1456 3388 1513; x_wconf 91' lang='lat' dir='ltr'><strong>ullo</strong></span> <span class='ocrx_word' id='word_1_167' title='bbox 3420 1474 3670 1529; x_wconf 85' lang='lat' dir='ltr'><strong>unquam</strong></span> 
     </span>
    </p>
   </div>
   <div class='ocr_carea' id='block_1_31' title="bbox 2082 1546 3672 1620">
    <p class='ocr_par' dir='ltr' id='par_1_31' title="bbox 2082 1546 3672 1620">
     <span class='ocr_line' id='line_1_31' title="bbox 2082 1546 3672 1620; baseline 0.001 -17"><span class='ocrx_word' id='word_1_168' title='bbox 2082 1546 2324 1618; x_wconf 83' lang='lat' dir='ltr'><strong>tempore</strong></span> <span class='ocrx_word' id='word_1_169' title='bbox 2350 1547 2771 1617; x_wconf 87' lang='lat' dir='ltr'><strong>inquietudinem</strong></span> <span class='ocrx_word' id='word_1_170' title='bbox 2816 1546 2995 1603; x_wconf 90' lang='lat' dir='ltr'><strong>facere</strong></span> <span class='ocrx_word' id='word_1_171' title='bbox 3022 1560 3317 1619; x_wconf 69' lang='lat' dir='ltr'><strong>prtesumat</strong></span> <span class='ocrx_word' id='word_1_172' title='bbox 3351 1560 3444 1604; x_wconf 88' lang='lat' dir='ltr'><strong>aut</strong></span> <span class='ocrx_word' id='word_1_173' title='bbox 3472 1566 3672 1620; x_wconf 85' lang='lat' dir='ltr'><strong>qnam-</strong></span> 
     </span>
    </p>
   </div>
   <div class='ocr_carea' id='block_1_32' title="bbox 2083 1637 3673 1710">
    <p class='ocr_par' dir='ltr' id='par_1_32' title="bbox 2083 1637 3673 1710">
     <span class='ocr_line' id='line_1_32' title="bbox 2083 1637 3673 1710; baseline 0.001 -17"><span class='ocrx_word' id='word_1_174' title='bbox 2083 1640 2212 1695; x_wconf 91' lang='lat' dir='ltr'><strong>libet</strong></span> <span class='ocrx_word' id='word_1_175' title='bbox 2240 1638 2564 1693; x_wconf 81' lang='lat' dir='ltr'><strong>calumniam</strong></span> <span class='ocrx_word' id='word_1_176' title='bbox 2592 1637 2838 1710; x_wconf 75' lang='lat' dir='ltr'><strong>ingerere</strong></span> <span class='ocrx_word' id='word_1_177' title='bbox 2860 1679 2875 1704; x_wconf 94' lang='lat'><strong>,</strong></span> <span class='ocrx_word' id='word_1_178' title='bbox 2903 1639 2996 1694; x_wconf 90' lang='lat' dir='ltr'><strong>sed</strong></span> <span class='ocrx_word' id='word_1_179' title='bbox 3019 1638 3183 1694; x_wconf 89' lang='lat' dir='ltr'><strong>liceat</strong></span> <span class='ocrx_word' id='word_1_180' title='bbox 3221 1654 3269 1693; x_wconf 78' lang='lat' dir='ltr'><strong>ei</strong></span> <span class='ocrx_word' id='word_1_181' title='bbox 3310 1650 3366 1695; x_wconf 89' lang='lat' dir='ltr'><strong>et</strong></span> <span class='ocrx_word' id='word_1_182' title='bbox 3393 1656 3673 1696; x_wconf 59' lang='lat' dir='ltr'><strong>suem-ssc-</strong></span> 
     </span>
    </p>
   </div>
   <div class='ocr_carea' id='block_1_33' title="bbox 405 1709 3671 1797">
    <p class='ocr_par' dir='ltr' id='par_1_33' title="bbox 405 1709 3671 1797">
     <span class='ocr_line' id='line_1_33' title="bbox 405 1709 3671 1797; baseline 0.007 -35"><span class='ocrx_word' id='word_1_183' title='bbox 405 1709 633 1773; x_wconf 81' lang='lat' dir='ltr'><strong>Christi,</strong></span> <span class='ocrx_word' id='word_1_184' title='bbox 666 1710 991 1777; x_wconf 78' lang='lat' dir='ltr'><strong>Ludovicus,</strong></span> <span class='ocrx_word' id='word_1_185' title='bbox 1037 1712 1222 1768; x_wconf 88' lang='lat' dir='ltr'><strong>divina</strong></span> <span class='ocrx_word' id='word_1_186' title='bbox 1252 1714 1643 1784; x_wconf 86' lang='lat' dir='ltr'><strong>repropitiante</strong></span> <span class='ocrx_word' id='word_1_187' title='bbox 1664 1716 1977 1784; x_wconf 84' lang='lat' dir='ltr'><strong>clementia,</strong></span> <span class='ocrx_word' id='word_1_188' title='bbox 2007 1713 2055 1773; x_wconf 87' lang='lat' dir='ltr'><strong>B</strong></span> <span class='ocrx_word' id='word_1_189' title='bbox 2083 1731 2233 1785; x_wconf 64' lang='lat' dir='ltr'><strong>ribus</strong></span> <span class='ocrx_word' id='word_1_190' title='bbox 2288 1727 2402 1782; x_wconf 75' lang='lat' dir='ltr'><strong>suis</strong></span> <span class='ocrx_word' id='word_1_191' title='bbox 2439 1729 2625 1797; x_wconf 84' lang='lat' dir='ltr'><strong>quieto</strong></span> <span class='ocrx_word' id='word_1_192' title='bbox 2661 1709 2867 1783; x_wconf 76' lang='lat' dir='ltr'><strong>ordine</strong></span> <span class='ocrx_word' id='word_1_193' title='bbox 2908 1736 3265 1783; x_wconf 83' lang='lat' dir='ltr'><strong>memoratam</strong></span> <span class='ocrx_word' id='word_1_194' title='bbox 3307 1727 3490 1783; x_wconf 88' lang='lat' dir='ltr'><strong>villam</strong></span> <span class='ocrx_word' id='word_1_195' title='bbox 3544 1746 3671 1785; x_wconf 86' lang='lat' dir='ltr'><strong>cum</strong></span> 
     </span>
    </p>
   </div>
   <div class='ocr_carea' id='block_1_34' title="bbox 410 1799 1497 1872">
    <p class='ocr_par' dir='ltr' id='par_1_34' title="bbox 410 1799 1497 1872">
     <span class='ocr_line' id='line_1_34' title="bbox 410 1799 1497 1872; baseline 0.009 -19"><span class='ocrx_word' id='word_1_196' title='bbox 410 1799 706 1869; x_wconf 87' lang='lat' dir='ltr'><strong>imperator</strong></span> <span class='ocrx_word' id='word_1_197' title='bbox 726 1801 1021 1872; x_wconf 88' lang='lat' dir='ltr'><strong>Augustus.</strong></span> <span class='ocrx_word' id='word_1_198' title='bbox 1490 1856 1497 1863; x_wconf 86' lang='lat'><strong>.</strong></span> 
     </span>
    </p>
   </div>
   <div class='ocr_carea' id='block_1_35' title="bbox 479 1886 1983 1969">
    <p class='ocr_par' dir='ltr' id='par_1_35' title="bbox 479 1886 1983 1969">
     <span class='ocr_line' id='line_1_35' title="bbox 479 1886 1983 1969; baseline 0.008 -28"><span class='ocrx_word' id='word_1_199' title='bbox 479 1886 537 1941; x_wconf 87' lang='lat' dir='ltr'><strong>Si</strong></span> <span class='ocrx_word' id='word_1_200' title='bbox 570 1887 804 1943; x_wconf 90' lang='lat' dir='ltr'><strong>ﬁdelium</strong></span> <span class='ocrx_word' id='word_1_201' title='bbox 841 1900 1148 1947; x_wconf 87' lang='lat' dir='ltr'><strong>nostrorum</strong></span> <span class='ocrx_word' id='word_1_202' title='bbox 1171 1892 1348 1961; x_wconf 87' lang='lat' dir='ltr'><strong>justas</strong></span> <span class='ocrx_word' id='word_1_203' title='bbox 1375 1904 1431 1951; x_wconf 87' lang='lat' dir='ltr'><strong>et</strong></span> <span class='ocrx_word' id='word_1_204' title='bbox 1473 1897 1822 1953; x_wconf 84' lang='lat' dir='ltr'><strong>rationabiles</strong></span> <span class='ocrx_word' id='word_1_205' title='bbox 1843 1900 1983 1969; x_wconf 87' lang='lat' dir='ltr'><strong>peti-</strong></span> 
     </span>
    </p>
   </div>
   <div class='ocr_carea' id='block_1_36' title="bbox 411 1977 1983 2054">
    <p class='ocr_par' dir='ltr' id='par_1_36' title="bbox 411 1977 1983 2054">
     <span class='ocr_line' id='line_1_36' title="bbox 411 1977 1983 2054; baseline 0.008 -25"><span class='ocrx_word' id='word_1_206' title='bbox 411 1977 587 2031; x_wconf 90' lang='lat' dir='ltr'><strong>tiones</strong></span> <span class='ocrx_word' id='word_1_207' title='bbox 631 1993 698 2033; x_wconf 88' lang='lat' dir='ltr'><strong>ac</strong></span> <span class='ocrx_word' id='word_1_208' title='bbox 744 1981 1127 2048; x_wconf 88' lang='lat' dir='ltr'><strong>postulationes</strong></span> <span class='ocrx_word' id='word_1_209' title='bbox 1149 2023 1163 2048; x_wconf 92' lang='lat'><strong>,</strong></span> <span class='ocrx_word' id='word_1_210' title='bbox 1203 1999 1338 2051; x_wconf 83' lang='lat' dir='ltr'><strong>quas</strong></span> <span class='ocrx_word' id='word_1_211' title='bbox 1362 2000 1460 2054; x_wconf 89' lang='lat' dir='ltr'><strong>pro</strong></span> <span class='ocrx_word' id='word_1_212' title='bbox 1489 1986 1723 2043; x_wconf 86' lang='lat' dir='ltr'><strong>utilitate</strong></span> <span class='ocrx_word' id='word_1_213' title='bbox 1754 1997 1810 2042; x_wconf 91' lang='lat' dir='ltr'><strong>et</strong></span> <span class='ocrx_word' id='word_1_214' title='bbox 1836 1987 1983 2043; x_wconf 84' lang='lat' dir='ltr'><strong>exal-</strong></span> 
     </span>
    </p>
   </div>
   <div class='ocr_carea' id='block_1_37' title="bbox 414 2066 1981 2149">
    <p class='ocr_par' dir='ltr' id='par_1_37' title="bbox 414 2066 1981 2149">
     <span class='ocr_line' id='line_1_37' title="bbox 414 2066 1981 2149; baseline 0.01 -31"><span class='ocrx_word' id='word_1_215' title='bbox 414 2066 618 2121; x_wconf 86' lang='lat' dir='ltr'><strong>tatione</strong></span> <span class='ocrx_word' id='word_1_216' title='bbox 653 2078 853 2123; x_wconf 68' lang='lat' dir='ltr'><strong>sanetae</strong></span> <span class='ocrx_word' id='word_1_217' title='bbox 893 2069 984 2125; x_wconf 90' lang='lat' dir='ltr'><strong>Dei</strong></span> <span class='ocrx_word' id='word_1_218' title='bbox 1019 2072 1271 2129; x_wconf 63' lang='lat' dir='ltr'><strong>Ecclesiae</strong></span> <span class='ocrx_word' id='word_1_219' title='bbox 1297 2086 1616 2145; x_wconf 81' lang='lat' dir='ltr'><strong>exposcunt,</strong></span> <span class='ocrx_word' id='word_1_220' title='bbox 1646 2078 1714 2133; x_wconf 89' lang='lat' dir='ltr'><strong>ad</strong></span> <span class='ocrx_word' id='word_1_221' title='bbox 1737 2088 1981 2149; x_wconf 87' lang='lat' dir='ltr'><strong>optatum</strong></span> 
     </span>
    </p>
   </div>
   <div class='ocr_carea' id='block_1_38' title="bbox 410 2154 1985 2240">
    <p class='ocr_par' dir='ltr' id='par_1_38' title="bbox 410 2154 1985 2240">
     <span class='ocr_line' id='line_1_38' title="bbox 410 2154 1985 2240; baseline 0.009 -31"><span class='ocrx_word' id='word_1_222' title='bbox 410 2154 661 2211; x_wconf 77' lang='lat' dir='ltr'><strong>effectum</strong></span> <span class='ocrx_word' id='word_1_223' title='bbox 699 2159 1045 2228; x_wconf 88' lang='lat' dir='ltr'><strong>perducimus</strong></span> <span class='ocrx_word' id='word_1_224' title='bbox 1068 2202 1083 2227; x_wconf 94' lang='lat'><strong>,</strong></span> <span class='ocrx_word' id='word_1_225' title='bbox 1128 2179 1233 2219; x_wconf 87' lang='lat' dir='ltr'><strong>non</strong></span> <span class='ocrx_word' id='word_1_226' title='bbox 1263 2166 1438 2221; x_wconf 89' lang='lat' dir='ltr'><strong>solum</strong></span> <span class='ocrx_word' id='word_1_227' title='bbox 1468 2169 1669 2239; x_wconf 80' lang='lat' dir='ltr'><strong>regiam</strong></span> <span class='ocrx_word' id='word_1_228' title='bbox 1697 2177 1860 2240; x_wconf 89' lang='lat' dir='ltr'><strong>atque</strong></span> <span class='ocrx_word' id='word_1_229' title='bbox 1886 2171 1985 2225; x_wconf 78' lang='lat' dir='ltr'><strong>iiu-</strong></span> 
     </span>
    </p>
   </div>
   <div class='ocr_carea' id='block_1_39' title="bbox 412 2244 1987 2327">
    <p class='ocr_par' dir='ltr' id='par_1_39' title="bbox 412 2244 1987 2327">
     <span class='ocr_line' id='line_1_39' title="bbox 412 2244 1987 2327; baseline 0.013 -30"><span class='ocrx_word' id='word_1_230' title='bbox 412 2244 672 2314; x_wconf 88' lang='lat' dir='ltr'><strong>pcrialem</strong></span> <span class='ocrx_word' id='word_1_231' title='bbox 720 2251 1159 2306; x_wconf 86' lang='lat' dir='ltr'><strong>consuetudinem</strong></span> <span class='ocrx_word' id='word_1_232' title='bbox 1214 2253 1268 2308; x_wconf 92' lang='lat' dir='ltr'><strong>in</strong></span> <span class='ocrx_word' id='word_1_233' title='bbox 1312 2256 1416 2311; x_wconf 89' lang='lat' dir='ltr'><strong>hoc</strong></span> <span class='ocrx_word' id='word_1_234' title='bbox 1464 2272 1784 2315; x_wconf 79' lang='lat' dir='ltr'><strong>exercemus</strong></span> <span class='ocrx_word' id='word_1_235' title='bbox 1807 2300 1823 2327; x_wconf 93' lang='lat'><strong>,</strong></span> <span class='ocrx_word' id='word_1_236' title='bbox 1889 2262 1987 2316; x_wconf 85' lang='lat' dir='ltr'><strong>sed</strong></span> 
     </span>
    </p>
   </div>
   <div class='ocr_carea' id='block_1_40' title="bbox 414 2336 1987 2423">
    <p class='ocr_par' dir='ltr' id='par_1_40' title="bbox 414 2336 1987 2423">
     <span class='ocr_line' id='line_1_40' title="bbox 414 2336 1987 2423; baseline 0.013 -34"><span class='ocrx_word' id='word_1_237' title='bbox 414 2336 575 2391; x_wconf 88' lang='lat' dir='ltr'><strong>etiam</strong></span> <span class='ocrx_word' id='word_1_238' title='bbox 607 2352 702 2393; x_wconf 90' lang='lat' dir='ltr'><strong>eos</strong></span> <span class='ocrx_word' id='word_1_239' title='bbox 741 2341 897 2396; x_wconf 90' lang='lat' dir='ltr'><strong>nobis</strong></span> <span class='ocrx_word' id='word_1_240' title='bbox 930 2346 1291 2412; x_wconf 82' lang='lat' dir='ltr'><strong>promptiores</strong></span> <span class='ocrx_word' id='word_1_241' title='bbox 1319 2387 1332 2409; x_wconf 92' lang='lat'><strong>,</strong></span> <span class='ocrx_word' id='word_1_242' title='bbox 1374 2355 1436 2401; x_wconf 91' lang='lat' dir='ltr'><strong>ut</strong></span> <span class='ocrx_word' id='word_1_243' title='bbox 1482 2351 1783 2417; x_wconf 83' lang='lat' dir='ltr'><strong>credimus,</strong></span> <span class='ocrx_word' id='word_1_244' title='bbox 1824 2361 1987 2423; x_wconf 89' lang='lat' dir='ltr'><strong>atque</strong></span> 
     </span>
    </p>
   </div>
   <div class='ocr_carea' id='block_1_41' title="bbox 415 2427 1987 2501">
    <p class='ocr_par' dir='ltr' id='par_1_41' title="bbox 415 2427 1987 2501">
     <span class='ocr_line' id='line_1_41' title="bbox 415 2427 1987 2501; baseline 0.013 -21"><span class='ocrx_word' id='word_1_245' title='bbox 415 2427 721 2485; x_wconf 88' lang='lat' dir='ltr'><strong>devotiores</strong></span> <span class='ocrx_word' id='word_1_246' title='bbox 765 2430 1014 2489; x_wconf 82' lang='lat' dir='ltr'><strong>facimus.</strong></span> <span class='ocrx_word' id='word_1_247' title='bbox 1068 2435 1274 2493; x_wconf 84' lang='lat' dir='ltr'><strong>Idcirco</strong></span> <span class='ocrx_word' id='word_1_248' title='bbox 1324 2440 1574 2496; x_wconf 91' lang='lat' dir='ltr'><strong>omnibus</strong></span> <span class='ocrx_word' id='word_1_249' title='bbox 1631 2452 1835 2501; x_wconf 74' lang='lat' dir='ltr'><strong>sancta:</strong></span> <span class='ocrx_word' id='word_1_250' title='bbox 1894 2445 1987 2501; x_wconf 85' lang='lat' dir='ltr'><strong>Dei</strong></span> 
     </span>
    </p>
   </div>
   <div class='ocr_carea' id='block_1_42' title="bbox 416 2518 1991 2600">
    <p class='ocr_par' dir='ltr' id='par_1_42' title="bbox 416 2518 1991 2600">
     <span class='ocr_line' id='line_1_42' title="bbox 416 2518 1991 2600; baseline 0.014 -29"><span class='ocrx_word' id='word_1_251' title='bbox 416 2518 673 2575; x_wconf 68' lang='lat' dir='ltr'><strong>Ecclesiae</strong></span> <span class='ocrx_word' id='word_1_252' title='bbox 722 2520 968 2579; x_wconf 88' lang='lat' dir='ltr'><strong>ﬁdelibus</strong></span> <span class='ocrx_word' id='word_1_253' title='bbox 1008 2534 1065 2581; x_wconf 92' lang='lat' dir='ltr'><strong>et</strong></span> <span class='ocrx_word' id='word_1_254' title='bbox 1108 2528 1328 2593; x_wconf 89' lang='lat' dir='ltr'><strong>nostris,</strong></span> <span class='ocrx_word' id='word_1_255' title='bbox 1375 2534 1738 2600; x_wconf 59' lang='lat' dir='ltr'><strong>praesentibus</strong></span> <span class='ocrx_word' id='word_1_256' title='bbox 1780 2537 1991 2593; x_wconf 80' lang='lat' dir='ltr'><strong>scilicet</strong></span> 
     </span>
    </p>
   </div>
   <div class='ocr_carea' id='block_1_43' title="bbox 416 2610 1991 2699">
    <p class='ocr_par' dir='ltr' id='par_1_43' title="bbox 416 2610 1991 2699">
     <span class='ocr_line' id='line_1_43' title="bbox 416 2610 1991 2699; baseline 0.012 -34"><span class='ocrx_word' id='word_1_257' title='bbox 416 2620 471 2665; x_wconf 90' lang='lat' dir='ltr'><strong>et</strong></span> <span class='ocrx_word' id='word_1_258' title='bbox 523 2610 720 2668; x_wconf 88' lang='lat' dir='ltr'><strong>futuris</strong></span> <span class='ocrx_word' id='word_1_259' title='bbox 746 2654 762 2680; x_wconf 94' lang='lat'><strong>,</strong></span> <span class='ocrx_word' id='word_1_260' title='bbox 804 2624 992 2670; x_wconf 90' lang='lat' dir='ltr'><strong>uotum</strong></span> <span class='ocrx_word' id='word_1_261' title='bbox 1032 2632 1155 2673; x_wconf 87' lang='lat' dir='ltr'><strong>esse</strong></span> <span class='ocrx_word' id='word_1_262' title='bbox 1190 2620 1434 2677; x_wconf 89' lang='lat' dir='ltr'><strong>volumus</strong></span> <span class='ocrx_word' id='word_1_263' title='bbox 1479 2625 1605 2694; x_wconf 89' lang='lat' dir='ltr'><strong>quia</strong></span> <span class='ocrx_word' id='word_1_264' title='bbox 1655 2626 1991 2699; x_wconf 84' lang='lat' dir='ltr'><strong>Banzlegbus</strong></span> 
     </span>
    </p>
   </div>
   <div class='ocr_carea' id='block_1_44' title="bbox 415 2704 1993 2778">
    <p class='ocr_par' dir='ltr' id='par_1_44' title="bbox 415 2704 1993 2778">
     <span class='ocr_line' id='line_1_44' title="bbox 415 2704 1993 2778; baseline 0.012 -21"><span class='ocrx_word' id='word_1_265' title='bbox 415 2718 596 2759; x_wconf 80' lang='lat' dir='ltr'><strong>comes</strong></span> <span class='ocrx_word' id='word_1_266' title='bbox 620 2713 675 2759; x_wconf 89' lang='lat' dir='ltr'><strong>et</strong></span> <span class='ocrx_word' id='word_1_267' title='bbox 698 2704 954 2763; x_wconf 68' lang='lat' dir='ltr'><strong>Saxonis:</strong></span> <span class='ocrx_word' id='word_1_268' title='bbox 978 2710 1172 2778; x_wconf 77' lang='lat' dir='ltr'><strong>patriae</strong></span> <span class='ocrx_word' id='word_1_269' title='bbox 1219 2714 1458 2773; x_wconf 82' lang='lat' dir='ltr'><strong>marcbio</strong></span> <span class='ocrx_word' id='word_1_270' title='bbox 1506 2724 1693 2773; x_wconf 90' lang='lat' dir='ltr'><strong>noster</strong></span> <span class='ocrx_word' id='word_1_271' title='bbox 1726 2721 1886 2776; x_wconf 83' lang='lat' dir='ltr'><strong>nobis</strong></span> <span class='ocrx_word' id='word_1_272' title='bbox 1913 2721 1993 2776; x_wconf 90' lang='lat' dir='ltr'><strong>in-</strong></span> 
     </span>
    </p>
   </div>
   <div class='ocr_carea' id='block_1_45' title="bbox 418 2796 1993 2884">
    <p class='ocr_par' dir='ltr' id='par_1_45' title="bbox 418 2796 1993 2884">
     <span class='ocr_line' id='line_1_45' title="bbox 418 2796 1993 2884; baseline 0.015 -37"><span class='ocrx_word' id='word_1_273' title='bbox 418 2796 592 2849; x_wconf 86' lang='lat' dir='ltr'><strong>notuit</strong></span> <span class='ocrx_word' id='word_1_274' title='bbox 628 2796 773 2867; x_wconf 90' lang='lat' dir='ltr'><strong>quod</strong></span> <span class='ocrx_word' id='word_1_275' title='bbox 814 2802 1102 2868; x_wconf 82' lang='lat' dir='ltr'><strong>quamdam</strong></span> <span class='ocrx_word' id='word_1_276' title='bbox 1139 2804 1319 2861; x_wconf 85' lang='lat' dir='ltr'><strong>villam</strong></span> <span class='ocrx_word' id='word_1_277' title='bbox 1353 2807 1515 2863; x_wconf 82' lang='lat' dir='ltr'><strong>sitam</strong></span> <span class='ocrx_word' id='word_1_278' title='bbox 1549 2810 1603 2864; x_wconf 92' lang='lat' dir='ltr'><strong>in</strong></span> <span class='ocrx_word' id='word_1_279' title='bbox 1633 2826 1772 2884; x_wconf 85' lang='lat' dir='ltr'><strong>pago</strong></span> <span class='ocrx_word' id='word_1_280' title='bbox 1818 2813 1993 2870; x_wconf 83' lang='lat' dir='ltr'><strong>Ceno—</strong></span> 
     </span>
    </p>
   </div>
   <div class='ocr_carea' id='block_1_46' title="bbox 421 2886 1994 2965">
    <p class='ocr_par' dir='ltr' id='par_1_46' title="bbox 421 2886 1994 2965">
     <span class='ocr_line' id='line_1_46' title="bbox 421 2886 1994 2965; baseline 0.015 -27"><span class='ocrx_word' id='word_1_281' title='bbox 421 2886 653 2951; x_wconf 80' lang='lat' dir='ltr'><strong>manico,</strong></span> <span class='ocrx_word' id='word_1_282' title='bbox 678 2890 897 2943; x_wconf 90' lang='lat' dir='ltr'><strong>nomine</strong></span> <span class='ocrx_word' id='word_1_283' title='bbox 920 2890 1263 2962; x_wconf 79' lang='lat' dir='ltr'><strong>Lugdunum,</strong></span> <span class='ocrx_word' id='word_1_284' title='bbox 1280 2895 1347 2951; x_wconf 92' lang='lat' dir='ltr'><strong>de</strong></span> <span class='ocrx_word' id='word_1_285' title='bbox 1358 2895 1481 2965; x_wconf 85' lang='lat' dir='ltr'><strong>jure</strong></span> <span class='ocrx_word' id='word_1_286' title='bbox 1500 2902 1774 2957; x_wconf 73' lang='lat' dir='ltr'><strong>canonica:</strong></span> <span class='ocrx_word' id='word_1_287' title='bbox 1802 2905 1994 2961; x_wconf 88' lang='lat' dir='ltr'><strong>matris</strong></span> 
     </span>
    </p>
   </div>
   <div class='ocr_carea' id='block_1_47' title="bbox 418 2977 1993 3070">
    <p class='ocr_par' dir='ltr' id='par_1_47' title="bbox 418 2977 1993 3070">
     <span class='ocr_line' id='line_1_47' title="bbox 418 2977 1993 3070; baseline 0.015 -39"><span class='ocrx_word' id='word_1_288' title='bbox 418 2977 661 3034; x_wconf 79' lang='lat' dir='ltr'><strong>ecclesia:</strong></span> <span class='ocrx_word' id='word_1_289' title='bbox 704 2996 802 3050; x_wconf 89' lang='lat' dir='ltr'><strong>per</strong></span> <span class='ocrx_word' id='word_1_290' title='bbox 830 2992 1074 3039; x_wconf 79' lang='lat' dir='ltr'><strong>nostrum</strong></span> <span class='ocrx_word' id='word_1_291' title='bbox 1101 2987 1419 3046; x_wconf 82' lang='lat' dir='ltr'><strong>beneﬁcium</strong></span> <span class='ocrx_word' id='word_1_292' title='bbox 1451 2993 1770 3063; x_wconf 85' lang='lat' dir='ltr'><strong>possideret,</strong></span> <span class='ocrx_word' id='word_1_293' title='bbox 1801 2998 1867 3054; x_wconf 91' lang='lat' dir='ltr'><strong>de</strong></span> <span class='ocrx_word' id='word_1_294' title='bbox 1888 3016 1993 3070; x_wconf 89' lang='lat' dir='ltr'><strong>qua</strong></span> 
     </span>
    </p>
   </div>
   <div class='ocr_carea' id='block_1_48' title="bbox 2081 1816 3671 1889">
    <p class='ocr_par' dir='ltr' id='par_1_48' title="bbox 2081 1816 3671 1889">
     <span class='ocr_line' id='line_1_48' title="bbox 2081 1816 3671 1889; baseline 0.001 -15"><span class='ocrx_word' id='word_1_295' title='bbox 2081 1818 2335 1874; x_wconf 90' lang='lat' dir='ltr'><strong>omnibus</strong></span> <span class='ocrx_word' id='word_1_296' title='bbox 2374 1816 2508 1873; x_wconf 89' lang='lat' dir='ltr'><strong>locis</strong></span> <span class='ocrx_word' id='word_1_297' title='bbox 2554 1826 2611 1873; x_wconf 88' lang='lat' dir='ltr'><strong>et</strong></span> <span class='ocrx_word' id='word_1_298' title='bbox 2657 1818 2949 1874; x_wconf 87' lang='lat' dir='ltr'><strong>territoriis</strong></span> <span class='ocrx_word' id='word_1_299' title='bbox 2976 1819 3092 1874; x_wconf 83' lang='lat' dir='ltr'><strong>sive</strong></span> <span class='ocrx_word' id='word_1_300' title='bbox 3121 1819 3408 1889; x_wconf 88' lang='lat' dir='ltr'><strong>mancipiis</strong></span> <span class='ocrx_word' id='word_1_301' title='bbox 3450 1829 3505 1875; x_wconf 94' lang='lat' dir='ltr'><strong>et</strong></span> <span class='ocrx_word' id='word_1_302' title='bbox 3543 1837 3671 1875; x_wconf 88' lang='lat' dir='ltr'><strong>cum</strong></span> 
     </span>
    </p>
   </div>
   <div class='ocr_carea' id='block_1_49' title="bbox 2080 1906 3671 1978">
    <p class='ocr_par' dir='ltr' id='par_1_49' title="bbox 2080 1906 3671 1978">
     <span class='ocr_line' id='line_1_49' title="bbox 2080 1906 3671 1978; baseline -0.001 -13"><span class='ocrx_word' id='word_1_303' title='bbox 2080 1908 2331 1965; x_wconf 85' lang='lat' dir='ltr'><strong>omnibus</strong></span> <span class='ocrx_word' id='word_1_304' title='bbox 2370 1907 2439 1963; x_wconf 86' lang='lat' dir='ltr'><strong>ad</strong></span> <span class='ocrx_word' id='word_1_305' title='bbox 2466 1923 2525 1963; x_wconf 89' lang='lat' dir='ltr'><strong>se</strong></span> <span class='ocrx_word' id='word_1_306' title='bbox 2559 1907 2955 1978; x_wconf 87' lang='lat' dir='ltr'><strong>pertinentibus</strong></span> <span class='ocrx_word' id='word_1_307' title='bbox 3001 1906 3125 1976; x_wconf 87' lang='lat' dir='ltr'><strong>jure</strong></span> <span class='ocrx_word' id='word_1_308' title='bbox 3169 1908 3536 1964; x_wconf 76' lang='lat' dir='ltr'><strong>ecclesiastico</strong></span> <span class='ocrx_word' id='word_1_309' title='bbox 3592 1919 3671 1964; x_wconf 46' lang='lat' dir='ltr'><strong>te-</strong></span> 
     </span>
    </p>
   </div>
   <div class='ocr_carea' id='block_1_50' title="bbox 2081 2000 3673 2072">
    <p class='ocr_par' dir='ltr' id='par_1_50' title="bbox 2081 2000 3673 2072">
     <span class='ocr_line' id='line_1_50' title="bbox 2081 2000 3673 2072; baseline 0.001 -15"><span class='ocrx_word' id='word_1_310' title='bbox 2081 2016 2211 2057; x_wconf 88' lang='lat' dir='ltr'><strong>nere</strong></span> <span class='ocrx_word' id='word_1_311' title='bbox 2232 2008 2289 2056; x_wconf 90' lang='lat' dir='ltr'><strong>et</strong></span> <span class='ocrx_word' id='word_1_312' title='bbox 2314 2000 2623 2071; x_wconf 84' lang='lat' dir='ltr'><strong>possidere;</strong></span> <span class='ocrx_word' id='word_1_313' title='bbox 2661 2008 2715 2056; x_wconf 92' lang='lat' dir='ltr'><strong>et</strong></span> <span class='ocrx_word' id='word_1_314' title='bbox 2742 2001 3006 2070; x_wconf 85' lang='lat' dir='ltr'><strong>quidquid</strong></span> <span class='ocrx_word' id='word_1_315' title='bbox 3039 2017 3138 2072; x_wconf 87' lang='lat' dir='ltr'><strong>pro</strong></span> <span class='ocrx_word' id='word_1_316' title='bbox 3178 2002 3582 2071; x_wconf 85' lang='lat' dir='ltr'><strong>opportunitate</strong></span> <span class='ocrx_word' id='word_1_317' title='bbox 3618 2011 3673 2058; x_wconf 89' lang='lat' dir='ltr'><strong>et</strong></span> 
     </span>
    </p>
   </div>
   <div class='ocr_carea' id='block_1_51' title="bbox 2084 2090 3673 2163">
    <p class='ocr_par' dir='ltr' id='par_1_51' title="bbox 2084 2090 3673 2163">
     <span class='ocr_line' id='line_1_51' title="bbox 2084 2090 3673 2163; baseline -0.001 -15"><span class='ocrx_word' id='word_1_318' title='bbox 2084 2093 2468 2148; x_wconf 86' lang='lat' dir='ltr'><strong>commoditate</strong></span> <span class='ocrx_word' id='word_1_319' title='bbox 2503 2092 2740 2163; x_wconf 63' lang='lat' dir='ltr'><strong>praefata:</strong></span> <span class='ocrx_word' id='word_1_320' title='bbox 2783 2092 2927 2147; x_wconf 90' lang='lat' dir='ltr'><strong>sedis</strong></span> <span class='ocrx_word' id='word_1_321' title='bbox 2965 2092 3212 2147; x_wconf 72' lang='lat' dir='ltr'><strong>ecclesiae</strong></span> <span class='ocrx_word' id='word_1_322' title='bbox 3254 2092 3449 2148; x_wconf 75' lang='lat' dir='ltr'><strong>exinde</strong></span> <span class='ocrx_word' id='word_1_323' title='bbox 3488 2090 3673 2147; x_wconf 82' lang='lat' dir='ltr'><strong>facere</strong></span> 
     </span>
    </p>
   </div>
   <div class='ocr_carea' id='block_1_52' title="bbox 2085 2182 3670 2249">
    <p class='ocr_par' dir='ltr' id='par_1_52' title="bbox 2085 2182 3670 2249">
     <span class='ocr_line' id='line_1_52' title="bbox 2085 2182 3670 2249; baseline -0.001 -8"><span class='ocrx_word' id='word_1_324' title='bbox 2085 2185 2464 2249; x_wconf 88' lang='lat' dir='ltr'><strong>decreverint,</strong></span> <span class='ocrx_word' id='word_1_325' title='bbox 2516 2183 2744 2238; x_wconf 88' lang='lat' dir='ltr'><strong>liberam</strong></span> <span class='ocrx_word' id='word_1_326' title='bbox 2792 2183 2847 2237; x_wconf 92' lang='lat' dir='ltr'><strong>in</strong></span> <span class='ocrx_word' id='word_1_327' title='bbox 2898 2184 3149 2238; x_wconf 88' lang='lat' dir='ltr'><strong>omnibus</strong></span> <span class='ocrx_word' id='word_1_328' title='bbox 3191 2184 3422 2239; x_wconf 84' lang='lat' dir='ltr'><strong>habeant</strong></span> <span class='ocrx_word' id='word_1_329' title='bbox 3462 2182 3670 2239; x_wconf 85' lang='lat' dir='ltr'><strong>futuris</strong></span> 
     </span>
    </p>
   </div>
   <div class='ocr_carea' id='block_1_53' title="bbox 2087 2272 3676 2345">
    <p class='ocr_par' dir='ltr' id='par_1_53' title="bbox 2087 2272 3676 2345">
     <span class='ocr_line' id='line_1_53' title="bbox 2087 2272 3676 2345; baseline -0.001 -16"><span class='ocrx_word' id='word_1_330' title='bbox 2087 2275 2419 2345; x_wconf 90' lang='lat' dir='ltr'><strong>temporibus</strong></span> <span class='ocrx_word' id='word_1_331' title='bbox 2456 2280 2781 2343; x_wconf 87' lang='lat' dir='ltr'><strong>potestatem</strong></span> <span class='ocrx_word' id='word_1_332' title='bbox 2821 2272 3073 2329; x_wconf 79' lang='lat' dir='ltr'><strong>faciendi.</strong></span> <span class='ocrx_word' id='word_1_333' title='bbox 3119 2273 3186 2328; x_wconf 81' lang='lat' dir='ltr'><strong>Et</strong></span> <span class='ocrx_word' id='word_1_334' title='bbox 3220 2284 3283 2329; x_wconf 87' lang='lat' dir='ltr'><strong>ut</strong></span> <span class='ocrx_word' id='word_1_335' title='bbox 3308 2275 3425 2329; x_wconf 56' lang='lat' dir='ltr'><strong>hac</strong></span> <span class='ocrx_word' id='word_1_336' title='bbox 3464 2283 3676 2329; x_wconf 75' lang='lat' dir='ltr'><strong>nostra:</strong></span> 
     </span>
    </p>
   </div>
   <div class='ocr_carea' id='block_1_54' title="bbox 2088 2363 3674 2433">
    <p class='ocr_par' dir='ltr' id='par_1_54' title="bbox 2088 2363 3674 2433">
     <span class='ocr_line' id='line_1_54' title="bbox 2088 2363 3674 2433; baseline -0.001 -14"><span class='ocrx_word' id='word_1_337' title='bbox 2088 2364 2407 2419; x_wconf 88' lang='lat' dir='ltr'><strong>redditionis</strong></span> <span class='ocrx_word' id='word_1_338' title='bbox 2419 2363 2713 2417; x_wconf 84' lang='lat' dir='ltr'><strong>auctoritas</strong></span> <span class='ocrx_word' id='word_1_339' title='bbox 2731 2371 3046 2433; x_wconf 87' lang='lat' dir='ltr'><strong>perpetuam</strong></span> <span class='ocrx_word' id='word_1_340' title='bbox 3068 2364 3309 2419; x_wconf 88' lang='lat' dir='ltr'><strong>obtineat</strong></span> <span class='ocrx_word' id='word_1_341' title='bbox 3332 2363 3674 2429; x_wconf 83' lang='lat' dir='ltr'><strong>ﬁrmitatem,</strong></span> 
     </span>
    </p>
   </div>
   <div class='ocr_carea' id='block_1_55' title="bbox 2090 2452 3680 2523">
    <p class='ocr_par' dir='ltr' id='par_1_55' title="bbox 2090 2452 3680 2523">
     <span class='ocr_line' id='line_1_55' title="bbox 2090 2452 3680 2523; baseline 0.003 -17"><span class='ocrx_word' id='word_1_342' title='bbox 2090 2469 2253 2507; x_wconf 81' lang='lat' dir='ltr'><strong>manu</strong></span> <span class='ocrx_word' id='word_1_343' title='bbox 2282 2452 2500 2523; x_wconf 86' lang='lat' dir='ltr'><strong>propria</strong></span> <span class='ocrx_word' id='word_1_344' title='bbox 2535 2453 2722 2507; x_wconf 87' lang='lat' dir='ltr'><strong>subter</strong></span> <span class='ocrx_word' id='word_1_345' title='bbox 2748 2467 2872 2508; x_wconf 91' lang='lat' dir='ltr'><strong>eam</strong></span> <span class='ocrx_word' id='word_1_346' title='bbox 2902 2452 3239 2509; x_wconf 87' lang='lat' dir='ltr'><strong>ﬁrmavimus</strong></span> <span class='ocrx_word' id='word_1_347' title='bbox 3263 2463 3321 2509; x_wconf 89' lang='lat' dir='ltr'><strong>et</strong></span> <span class='ocrx_word' id='word_1_348' title='bbox 3358 2455 3427 2510; x_wconf 89' lang='lat' dir='ltr'><strong>de</strong></span> <span class='ocrx_word' id='word_1_349' title='bbox 3472 2455 3680 2510; x_wconf 88' lang='lat' dir='ltr'><strong>annulo</strong></span> 
     </span>
    </p>
   </div>
   <div class='ocr_carea' id='block_1_56' title="bbox 2091 2543 2842 2623">
    <p class='ocr_par' dir='ltr' id='par_1_56' title="bbox 2091 2543 2842 2623">
     <span class='ocr_line' id='line_1_56' title="bbox 2091 2543 2842 2623; baseline -0.001 -24"><span class='ocrx_word' id='word_1_350' title='bbox 2091 2554 2280 2623; x_wconf 70' lang='lat' dir='ltr'><strong>nostro</strong></span> <span class='ocrx_word' id='word_1_351' title='bbox 2312 2544 2537 2615; x_wconf 88' lang='lat' dir='ltr'><strong>sigillari</strong></span> <span class='ocrx_word' id='word_1_352' title='bbox 2560 2543 2842 2614; x_wconf 89' lang='lat' dir='ltr'><strong>jussimus.</strong></span> 
     </span>
    </p>
   </div>
   <div class='ocr_carea' id='block_1_57' title="bbox 2161 2634 3433 2707">
    <p class='ocr_par' dir='ltr' id='par_1_57' title="bbox 2161 2634 3433 2707">
     <span class='ocr_line' id='line_1_57' title="bbox 2161 2634 3433 2707; baseline 0.002 -18"><span class='ocrx_word' id='word_1_353' title='bbox 2161 2635 2388 2706; x_wconf 83' lang='lat' dir='ltr'><strong>Signum</strong></span> <span class='ocrx_word' id='word_1_354' title='bbox 2418 2634 2676 2689; x_wconf 87' lang='lat' dir='ltr'><strong>Ludovici</strong></span> <span class='ocrx_word' id='word_1_355' title='bbox 2705 2634 3041 2690; x_wconf 87' lang='lat' dir='ltr'><strong>serenissimi</strong></span> <span class='ocrx_word' id='word_1_356' title='bbox 3071 2636 3433 2707; x_wconf 85' lang='lat' dir='ltr'><strong>imperatoris.</strong></span> 
     </span>
    </p>
   </div>
   <div class='ocr_carea' id='block_1_58' title="bbox 2164 2724 3677 2803">
    <p class='ocr_par' dir='ltr' id='par_1_58' title="bbox 2164 2724 3677 2803">
     <span class='ocr_line' id='line_1_58' title="bbox 2164 2724 3677 2803; baseline 0.005 -23"><span class='ocrx_word' id='word_1_357' title='bbox 2164 2724 2560 2781; x_wconf 75' lang='lat' dir='ltr'><strong>Birminmarus</strong></span> <span class='ocrx_word' id='word_1_358' title='bbox 2580 2727 2827 2782; x_wconf 91' lang='lat' dir='ltr'><strong>notarius</strong></span> <span class='ocrx_word' id='word_1_359' title='bbox 2853 2727 2919 2780; x_wconf 91' lang='lat' dir='ltr'><strong>ad</strong></span> <span class='ocrx_word' id='word_1_360' title='bbox 2944 2727 3117 2782; x_wconf 88' lang='lat' dir='ltr'><strong>vicem</strong></span> <span class='ocrx_word' id='word_1_361' title='bbox 3143 2727 3385 2797; x_wconf 84' lang='lat' dir='ltr'><strong>ﬂugonis</strong></span> <span class='ocrx_word' id='word_1_362' title='bbox 3410 2745 3677 2803; x_wconf 79' lang='lat' dir='ltr'><strong>recogno—</strong></span> 
     </span>
    </p>
   </div>
   <div class='ocr_carea' id='block_1_59' title="bbox 2093 2808 2911 2886">
    <p class='ocr_par' dir='ltr' id='par_1_59' title="bbox 2093 2808 2911 2886">
     <span class='ocr_line' id='line_1_59' title="bbox 2093 2808 2911 2886; baseline 0 -15"><span class='ocrx_word' id='word_1_363' title='bbox 2093 2818 2145 2871; x_wconf 87' lang='lat' dir='ltr'><strong>vi</strong></span> <span class='ocrx_word' id='word_1_364' title='bbox 2179 2825 2236 2872; x_wconf 90' lang='lat' dir='ltr'><strong>et</strong></span> <span class='ocrx_word' id='word_1_365' title='bbox 2262 2818 2586 2886; x_wconf 89' lang='lat' dir='ltr'><strong>subscripsi.</strong></span> <span class='ocrx_word' id='word_1_366' title='bbox 2906 2808 2911 2813; x_wconf 27' lang='grc' dir='ltr'>θ</span> 
     </span>
    </p>
   </div>
   <div class='ocr_carea' id='block_1_60' title="bbox 2165 2910 3682 2988">
    <p class='ocr_par' dir='ltr' id='par_1_60' title="bbox 2165 2910 3682 2988">
     <span class='ocr_line' id='line_1_60' title="bbox 2165 2910 3682 2988; baseline 0.007 -24"><span class='ocrx_word' id='word_1_367' title='bbox 2165 2910 2297 2965; x_wconf 85' lang='lat' dir='ltr'><strong>Data</strong></span> <span class='ocrx_word' id='word_1_368' title='bbox 2315 2927 2369 2965; x_wconf 75' lang='lat' dir='ltr'><strong>xx</strong></span> <span class='ocrx_word' id='word_1_369' title='bbox 2393 2910 2620 2967; x_wconf 82' lang='lat' dir='ltr'><strong>Kalend.</strong></span> <span class='ocrx_word' id='word_1_370' title='bbox 2644 2911 2869 2983; x_wconf 85' lang='lat' dir='ltr'><strong>Aprilis,</strong></span> <span class='ocrx_word' id='word_1_371' title='bbox 2896 2929 3058 2980; x_wconf 89' lang='lat' dir='ltr'><strong>anno,</strong></span> <span class='ocrx_word' id='word_1_372' title='bbox 3082 2914 3307 2971; x_wconf 89' lang='lat' dir='ltr'><strong>Christo</strong></span> <span class='ocrx_word' id='word_1_373' title='bbox 3332 2918 3594 2988; x_wconf 89' lang='lat' dir='ltr'><strong>propitio,</strong></span> <span class='ocrx_word' id='word_1_374' title='bbox 3611 2920 3682 2975; x_wconf 73' lang='lat'><strong>25</strong></span> 
     </span>
    </p>
   </div>
   <div class='ocr_carea' id='block_1_61' title="bbox 2099 3001 3679 3078">
    <p class='ocr_par' dir='ltr' id='par_1_61' title="bbox 2099 3001 3679 3078">
     <span class='ocr_line' id='line_1_61' title="bbox 2099 3001 3679 3078; baseline 0.006 -24"><span class='ocrx_word' id='word_1_375' title='bbox 2099 3001 2308 3070; x_wconf 89' lang='lat' dir='ltr'><strong>imperii</strong></span> <span class='ocrx_word' id='word_1_376' title='bbox 2341 3002 2522 3056; x_wconf 91' lang='lat' dir='ltr'><strong>domui</strong></span> <span class='ocrx_word' id='word_1_377' title='bbox 2545 3001 2803 3058; x_wconf 87' lang='lat' dir='ltr'><strong>Ludovici</strong></span> <span class='ocrx_word' id='word_1_378' title='bbox 2826 3003 3056 3078; x_wconf 89' lang='lat' dir='ltr'><strong>piissimi</strong></span> <span class='ocrx_word' id='word_1_379' title='bbox 3081 3005 3308 3075; x_wconf 81' lang='lat' dir='ltr'><strong>Augusti</strong></span> <span class='ocrx_word' id='word_1_380' title='bbox 3336 3047 3351 3068; x_wconf 95' lang='lat'><strong>,</strong></span> <span class='ocrx_word' id='word_1_381' title='bbox 3386 3008 3679 3064; x_wconf 87' lang='lat' dir='ltr'><strong>indictione</strong></span> 
     </span>
    </p>
   </div>
   <div class='ocr_carea' id='block_1_62' title="bbox 416 3069 2294 3163">
    <p class='ocr_par' dir='ltr' id='par_1_62' title="bbox 416 3069 2294 3163">
     <span class='ocr_line' id='line_1_62' title="bbox 416 3069 2294 3163; baseline 0.016 -42"><span class='ocrx_word' id='word_1_382' title='bbox 416 3069 779 3163; x_wconf 38' lang='lat' dir='ltr'><strong>per-singulos</strong></span> <span class='ocrx_word' id='word_1_383' title='bbox 805 3087 974 3132; x_wconf 87' lang='lat' dir='ltr'><strong>annos</strong></span> <span class='ocrx_word' id='word_1_384' title='bbox 995 3092 1166 3135; x_wconf 88' lang='lat' dir='ltr'><strong>nonas</strong></span> <span class='ocrx_word' id='word_1_385' title='bbox 1197 3088 1253 3135; x_wconf 90' lang='lat' dir='ltr'><strong>et</strong></span> <span class='ocrx_word' id='word_1_386' title='bbox 1288 3080 1556 3154; x_wconf 78' lang='lat' dir='ltr'><strong>legitimos</strong></span> <span class='ocrx_word' id='word_1_387' title='bbox 1597 3104 1794 3145; x_wconf 88' lang='lat' dir='ltr'><strong>census</strong></span> <span class='ocrx_word' id='word_1_388' title='bbox 1835 3069 1995 3161; x_wconf 71' lang='lat' dir='ltr'><strong>sume</strong></span> <span class='ocrx_word' id='word_1_389' title='bbox 2018 3074 2067 3140; x_wconf 71' lang='grc' dir='ltr'><strong>ο</strong></span> <span class='ocrx_word' id='word_1_390' title='bbox 2100 3092 2294 3163; x_wconf 86' lang='lat' dir='ltr'><strong>prima.</strong></span> 
     </span>
    </p>
   </div>
   <div class='ocr_carea' id='block_1_63' title="bbox 421 3157 1995 3250">
    <p class='ocr_par' dir='ltr' id='par_1_63' title="bbox 421 3157 1995 3250">
     <span class='ocr_line' id='line_1_63' title="bbox 421 3157 1995 3250; baseline 0.019 -41"><span class='ocrx_word' id='word_1_391' title='bbox 421 3157 660 3250; x_wconf 87' lang='lat' dir='ltr'><strong>decimas</strong></span> <span class='ocrx_word' id='word_1_392' title='bbox 682 3163 926 3229; x_wconf 88' lang='lat' dir='ltr'><strong>partibus</strong></span> <span class='ocrx_word' id='word_1_393' title='bbox 945 3168 1181 3236; x_wconf 75' lang='lat' dir='ltr'><strong>pnefata:</strong></span> <span class='ocrx_word' id='word_1_394' title='bbox 1202 3174 1394 3230; x_wconf 87' lang='lat' dir='ltr'><strong>matris</strong></span> <span class='ocrx_word' id='word_1_395' title='bbox 1419 3177 1661 3234; x_wconf 66' lang='lat' dir='ltr'><strong>ecclesiae</strong></span> <span class='ocrx_word' id='word_1_396' title='bbox 1680 3189 1735 3235; x_wconf 90' lang='lat' dir='ltr'><strong>et</strong></span> <span class='ocrx_word' id='word_1_397' title='bbox 1755 3157 1995 3250; x_wconf 76' lang='lat' dir='ltr'><strong>ejusdem</strong></span> 
     </span>
    </p>
   </div>
   <div class='ocr_carea' id='block_1_64' title="bbox 420 3248 1999 3328">
    <p class='ocr_par' dir='ltr' id='par_1_64' title="bbox 420 3248 1999 3328">
     <span class='ocr_line' id='line_1_64' title="bbox 420 3248 1999 3328; baseline 0.019 -30"><span class='ocrx_word' id='word_1_398' title='bbox 420 3248 723 3303; x_wconf 88' lang='lat' dir='ltr'><strong>rectoribus</strong></span> <span class='ocrx_word' id='word_1_399' title='bbox 751 3256 1103 3321; x_wconf 87' lang='lat' dir='ltr'><strong>persolveret.</strong></span> <span class='ocrx_word' id='word_1_400' title='bbox 1131 3259 1248 3326; x_wconf 86' lang='lat' dir='ltr'><strong>Qua</strong></span> <span class='ocrx_word' id='word_1_401' title='bbox 1275 3262 1342 3317; x_wconf 89' lang='lat' dir='ltr'><strong>de</strong></span> <span class='ocrx_word' id='word_1_402' title='bbox 1368 3279 1428 3319; x_wconf 89' lang='lat' dir='ltr'><strong>re</strong></span> <span class='ocrx_word' id='word_1_403' title='bbox 1470 3248 1801 3325; x_wconf 83' lang='lat' dir='ltr'><strong>memoratus</strong></span> <span class='ocrx_word' id='word_1_404' title='bbox 1829 3273 1999 3328; x_wconf 73' lang='lat' dir='ltr'><strong>Baul-</strong></span> 
     </span>
    </p>
   </div>
   <div class='ocr_carea' id='block_1_65' title="bbox 419 3433 2001 3525">
    <p class='ocr_par' dir='ltr' id='par_1_65' title="bbox 419 3433 2001 3525">
     <span class='ocr_line' id='line_1_65' title="bbox 419 3433 2001 3525; baseline 0.019 -42"><span class='ocrx_word' id='word_1_405' title='bbox 419 3446 717 3502; x_wconf 87' lang='lat' dir='ltr'><strong>pavescens</strong></span> <span class='ocrx_word' id='word_1_406' title='bbox 754 3433 1005 3493; x_wconf 89' lang='lat' dir='ltr'><strong>ultimum</strong></span> <span class='ocrx_word' id='word_1_407' title='bbox 1045 3443 1343 3499; x_wconf 88' lang='lat' dir='ltr'><strong>vocationis</strong></span> <span class='ocrx_word' id='word_1_408' title='bbox 1387 3446 1529 3502; x_wconf 90' lang='lat' dir='ltr'><strong>diem</strong></span> <span class='ocrx_word' id='word_1_409' title='bbox 1554 3489 1571 3515; x_wconf 91' lang='lat'><strong>,</strong></span> <span class='ocrx_word' id='word_1_410' title='bbox 1600 3451 1907 3525; x_wconf 88' lang='lat' dir='ltr'><strong>timensque</strong></span> <span class='ocrx_word' id='word_1_411' title='bbox 1931 3472 2001 3514; x_wconf 87' lang='lat' dir='ltr'><strong>ne</strong></span> 
     </span>
    </p>
   </div>
   <div class='ocr_carea' id='block_1_66' title="bbox 424 3524 1998 3620">
    <p class='ocr_par' dir='ltr' id='par_1_66' title="bbox 424 3524 1998 3620">
     <span class='ocr_line' id='line_1_66' title="bbox 424 3524 1998 3620; baseline 0.017 -41"><span class='ocrx_word' id='word_1_412' title='bbox 424 3524 649 3620; x_wconf 62' lang='lat' dir='ltr'><strong>praefata</strong></span> <span class='ocrx_word' id='word_1_413' title='bbox 676 3527 803 3620; x_wconf 82' lang='lat' dir='ltr'><strong>villa</strong></span> <span class='ocrx_word' id='word_1_414' title='bbox 831 3529 1012 3620; x_wconf 84' lang='lat' dir='ltr'><strong>aliquo</strong></span> <span class='ocrx_word' id='word_1_415' title='bbox 1039 3536 1348 3604; x_wconf 85' lang='lat' dir='ltr'><strong>cupiditatis</strong></span> <span class='ocrx_word' id='word_1_416' title='bbox 1377 3555 1489 3597; x_wconf 74' lang='lat' dir='ltr'><strong>sua:</strong></span> <span class='ocrx_word' id='word_1_417' title='bbox 1514 3545 1732 3603; x_wconf 84' lang='lat' dir='ltr'><strong>stimulo</strong></span> <span class='ocrx_word' id='word_1_418' title='bbox 1756 3524 1839 3603; x_wconf 85' lang='lat' dir='ltr'><strong>vel</strong></span> <span class='ocrx_word' id='word_1_419' title='bbox 1860 3565 1998 3620; x_wconf 80' lang='lat' dir='ltr'><strong>quo-</strong></span> 
     </span>
    </p>
   </div>
   <div class='ocr_carea' id='block_1_67' title="bbox 422 3613 2002 3696">
    <p class='ocr_par' dir='ltr' id='par_1_67' title="bbox 422 3613 2002 3696">
     <span class='ocr_line' id='line_1_67' title="bbox 422 3613 2002 3696; baseline 0.018 -28"><span class='ocrx_word' id='word_1_420' title='bbox 422 3613 557 3670; x_wconf 86' lang='lat' dir='ltr'><strong>libet</strong></span> <span class='ocrx_word' id='word_1_421' title='bbox 581 3615 800 3688; x_wconf 89' lang='lat' dir='ltr'><strong>ingenio</strong></span> <span class='ocrx_word' id='word_1_422' title='bbox 825 3634 854 3673; x_wconf 91' lang='lat' dir='ltr'><strong>a</strong></span> <span class='ocrx_word' id='word_1_423' title='bbox 891 3618 1011 3687; x_wconf 89' lang='lat' dir='ltr'><strong>jure</strong></span> <span class='ocrx_word' id='word_1_424' title='bbox 1032 3626 1357 3695; x_wconf 61' lang='lat' dir='ltr'><strong>praescripta:</strong></span> <span class='ocrx_word' id='word_1_425' title='bbox 1385 3631 1575 3687; x_wconf 87' lang='lat' dir='ltr'><strong>matris</strong></span> <span class='ocrx_word' id='word_1_426' title='bbox 1599 3634 1842 3692; x_wconf 49' lang='lat' dir='ltr'><strong>ecclesiae.</strong></span> <span class='ocrx_word' id='word_1_427' title='bbox 1868 3613 2002 3696; x_wconf 77' lang='lat' dir='ltr'><strong>alie-</strong></span> 
     </span>
    </p>
   </div>
   <div class='ocr_carea' id='block_1_68' title="bbox 424 3708 2001 3796">
    <p class='ocr_par' dir='ltr' id='par_1_68' title="bbox 424 3708 2001 3796">
     <span class='ocr_line' id='line_1_68' title="bbox 424 3708 2001 3796; baseline 0.019 -37"><span class='ocrx_word' id='word_1_428' title='bbox 424 3715 551 3796; x_wconf 79' lang='lat' dir='ltr'><strong>nata</strong></span> <span class='ocrx_word' id='word_1_429' title='bbox 602 3708 793 3774; x_wconf 80' lang='lat' dir='ltr'><strong>fieret,</strong></span> <span class='ocrx_word' id='word_1_430' title='bbox 844 3711 1075 3783; x_wconf 89' lang='lat' dir='ltr'><strong>ideoque</strong></span> <span class='ocrx_word' id='word_1_431' title='bbox 1113 3715 1330 3774; x_wconf 80' lang='lat' dir='ltr'><strong>fervens</strong></span> <span class='ocrx_word' id='word_1_432' title='bbox 1377 3736 1563 3779; x_wconf 86' lang='lat' dir='ltr'><strong>amore</strong></span> <span class='ocrx_word' id='word_1_433' title='bbox 1614 3727 1834 3796; x_wconf 89' lang='lat' dir='ltr'><strong>divino,</strong></span> <span class='ocrx_word' id='word_1_434' title='bbox 1868 3733 2001 3791; x_wconf 86' lang='lat' dir='ltr'><strong>adiit</strong></span> 
     </span>
    </p>
   </div>
   <div class='ocr_carea' id='block_1_69' title="bbox 422 3793 2002 3882">
    <p class='ocr_par' dir='ltr' id='par_1_69' title="bbox 422 3793 2002 3882">
     <span class='ocr_line' id='line_1_69' title="bbox 422 3793 2002 3882; baseline 0.019 -34"><span class='ocrx_word' id='word_1_435' title='bbox 422 3793 767 3852; x_wconf 87' lang='lat' dir='ltr'><strong>clementiam</strong></span> <span class='ocrx_word' id='word_1_436' title='bbox 797 3808 1043 3856; x_wconf 89' lang='lat' dir='ltr'><strong>nostram</strong></span> <span class='ocrx_word' id='word_1_437' title='bbox 1066 3808 1381 3875; x_wconf 85' lang='lat' dir='ltr'><strong>suppliciter</strong></span> <span class='ocrx_word' id='word_1_438' title='bbox 1400 3811 1696 3882; x_wconf 89' lang='lat' dir='ltr'><strong>deprecans</strong></span> <span class='ocrx_word' id='word_1_439' title='bbox 1713 3827 1774 3873; x_wconf 91' lang='lat' dir='ltr'><strong>ut</strong></span> <span class='ocrx_word' id='word_1_440' title='bbox 1800 3793 2002 3877; x_wconf 86' lang='lat' dir='ltr'><strong>memo-</strong></span> 
     </span>
    </p>
   </div>
   <div class='ocr_carea' id='block_1_70' title="bbox 422 3886 2001 3966">
    <p class='ocr_par' dir='ltr' id='par_1_70' title="bbox 422 3886 2001 3966">
     <span class='ocr_line' id='line_1_70' title="bbox 422 3886 2001 3966; baseline 0.019 -29"><span class='ocrx_word' id='word_1_441' title='bbox 422 3892 599 3940; x_wconf 86' lang='lat' dir='ltr'><strong>ratam</strong></span> <span class='ocrx_word' id='word_1_442' title='bbox 628 3886 813 3943; x_wconf 88' lang='lat' dir='ltr'><strong>villam</strong></span> <span class='ocrx_word' id='word_1_443' title='bbox 852 3892 1069 3947; x_wconf 82' lang='lat' dir='ltr'><strong>nomine</strong></span> <span class='ocrx_word' id='word_1_444' title='bbox 1117 3893 1435 3966; x_wconf 83' lang='lat' dir='ltr'><strong>Lugdunum</strong></span> <span class='ocrx_word' id='word_1_445' title='bbox 1470 3916 1594 3957; x_wconf 89' lang='lat' dir='ltr'><strong>cum</strong></span> <span class='ocrx_word' id='word_1_446' title='bbox 1645 3907 1897 3965; x_wconf 88' lang='lat' dir='ltr'><strong>omnibus</strong></span> <span class='ocrx_word' id='word_1_447' title='bbox 1932 3912 2001 3966; x_wconf 88' lang='lat' dir='ltr'><strong>ad</strong></span> 
     </span>
    </p>
   </div>
   <div class='ocr_carea' id='block_1_71' title="bbox 2169 3180 3674 3257">
    <p class='ocr_par' dir='ltr' id='par_1_71' title="bbox 2169 3180 3674 3257">
     <span class='ocr_line' id='line_1_71' title="bbox 2169 3180 3674 3257; baseline 0.005 -22"><span class='ocrx_word' id='word_1_448' title='bbox 2169 3180 2364 3237; x_wconf 87' lang='lat' dir='ltr'><strong>Actum</strong></span> <span class='ocrx_word' id='word_1_449' title='bbox 2392 3182 2717 3254; x_wconf 85' lang='lat' dir='ltr'><strong>Aquisgraui</strong></span> <span class='ocrx_word' id='word_1_450' title='bbox 2753 3183 2954 3254; x_wconf 90' lang='lat' dir='ltr'><strong>palatio</strong></span> <span class='ocrx_word' id='word_1_451' title='bbox 2992 3186 3142 3257; x_wconf 85' lang='lat' dir='ltr'><strong>regio</strong></span> <span class='ocrx_word' id='word_1_452' title='bbox 3163 3186 3216 3240; x_wconf 87' lang='lat' dir='ltr'><strong>in</strong></span> <span class='ocrx_word' id='word_1_453' title='bbox 3241 3185 3338 3241; x_wconf 89' lang='lat' dir='ltr'><strong>Dei</strong></span> <span class='ocrx_word' id='word_1_454' title='bbox 3361 3190 3577 3244; x_wconf 87' lang='lat' dir='ltr'><strong>nomine</strong></span> <span class='ocrx_word' id='word_1_455' title='bbox 3601 3188 3674 3243; x_wconf 60' lang='lat' dir='ltr'><strong>fe.</strong></span> 
     </span>
    </p>
   </div>
   <div class='ocr_carea' id='block_1_72' title="bbox 2101 3272 2527 3330">
    <p class='ocr_par' dir='ltr' id='par_1_72' title="bbox 2101 3272 2527 3330">
     <span class='ocr_line' id='line_1_72' title="bbox 2101 3272 2527 3330; baseline 0.002 -1"><span class='ocrx_word' id='word_1_456' title='bbox 2101 3272 2297 3330; x_wconf 83' lang='lat' dir='ltr'><strong>liciter.</strong></span> <span class='ocrx_word' id='word_1_457' title='bbox 2333 3275 2527 3330; x_wconf 90' lang='lat' dir='ltr'><strong>Amen.</strong></span> 
     </span>
    </p>
   </div>
   <div class='ocr_carea' id='block_1_73' title="bbox 2768 3368 2991 3426">
    <p class='ocr_par' dir='ltr' id='par_1_73' title="bbox 2768 3368 2991 3426">
     <span class='ocr_line' id='line_1_73' title="bbox 2768 3368 2991 3426; baseline 0 -1"><span class='ocrx_word' id='word_1_458' title='bbox 2768 3368 2991 3426; x_wconf 75' lang='lat' dir='ltr'><strong>CCXVI.</strong></span> 
     </span>
    </p>
   </div>
   <div class='ocr_carea' id='block_1_74' title="bbox 2292 3473 3485 3524">
    <p class='ocr_par' dir='ltr' id='par_1_74' title="bbox 2292 3473 3485 3524">
     <span class='ocr_line' id='line_1_74' title="bbox 2292 3473 3485 3524; baseline 0.01 -12"><span class='ocrx_word' id='word_1_459' title='bbox 2292 3474 2393 3515; x_wconf 76' lang='lat' dir='ltr'><strong>I‘BO</strong></span> <span class='ocrx_word' id='word_1_460' title='bbox 2425 3473 2709 3515; x_wconf 64' lang='lat' dir='ltr'><strong>SENONENSI</strong></span> <span class='ocrx_word' id='word_1_461' title='bbox 2747 3476 2794 3515; x_wconf 80' lang='lat' dir='ltr'><strong>S.</strong></span> <span class='ocrx_word' id='word_1_462' title='bbox 2831 3478 3089 3517; x_wconf 67' lang='lat' dir='ltr'><strong>COLUMBA-I</strong></span> <span class='ocrx_word' id='word_1_463' title='bbox 3128 3479 3485 3524; x_wconf 66' lang='grc' dir='ltr'><strong>υοξυετειιιο.</strong></span> 
     </span>
    </p>
   </div>
   <div class='ocr_carea' id='block_1_75' title="bbox 2713 3551 3069 3625">
    <p class='ocr_par' dir='ltr' id='par_1_75' title="bbox 2713 3551 3069 3625">
     <span class='ocr_line' id='line_1_75' title="bbox 2713 3551 3069 3625; baseline 0.011 -22"><span class='ocrx_word' id='word_1_464' title='bbox 2713 3551 2888 3622; x_wconf 75' lang='lat' dir='ltr'><strong>(Anno</strong></span> <span class='ocrx_word' id='word_1_465' title='bbox 2918 3553 3069 3625; x_wconf 81' lang='grc'><strong>856.)</strong></span> 
     </span>
    </p>
   </div>
   <div class='ocr_carea' id='block_1_76' title="bbox 2102 3639 3686 3711">
    <p class='ocr_par' dir='ltr' id='par_1_76' title="bbox 2102 3639 3686 3711">
     <span class='ocr_line' id='line_1_76' title="bbox 2102 3639 3686 3711; baseline 0.004 -18"><span class='ocrx_word' id='word_1_466' title='bbox 2102 3639 2205 3711; x_wconf 74' lang='lat' dir='ltr'><strong>[Ex</strong></span> <span class='ocrx_word' id='word_1_467' title='bbox 2243 3640 2459 3695; x_wconf 90' lang='lat' dir='ltr'><strong>schedis</strong></span> <span class='ocrx_word' id='word_1_468' title='bbox 2491 3655 2623 3711; x_wconf 75' lang='lat' dir='ltr'><strong>mss.</strong></span> <span class='ocrx_word' id='word_1_469' title='bbox 2665 3640 3008 3697; x_wconf 74' lang='lat' dir='ltr'><strong>bibliotheca:</strong></span> <span class='ocrx_word' id='word_1_470' title='bbox 3044 3644 3101 3696; x_wconf 86' lang='lat' dir='ltr'><strong>S.</strong></span> <span class='ocrx_word' id='word_1_471' title='bbox 3139 3642 3393 3699; x_wconf 87' lang='lat' dir='ltr'><strong>Germani</strong></span> <span class='ocrx_word' id='word_1_472' title='bbox 3428 3661 3458 3698; x_wconf 87' lang='lat' dir='ltr'><strong>a</strong></span> <span class='ocrx_word' id='word_1_473' title='bbox 3490 3644 3686 3700; x_wconf 76' lang='lat' dir='ltr'><strong>Pralis</strong></span> 
     </span>
    </p>
   </div>
   <div class='ocr_carea' id='block_1_77' title="bbox 2320 3709 3478 3787">
    <p class='ocr_par' dir='ltr' id='par_1_77' title="bbox 2320 3709 3478 3787">
     <span class='ocr_line' id='line_1_77' title="bbox 2320 3709 3478 3787; baseline 0.004 -23"><span class='ocrx_word' id='word_1_474' title='bbox 2320 3711 2460 3780; x_wconf 89' lang='lat' dir='ltr'><strong>apud</strong></span> <span class='ocrx_word' id='word_1_475' title='bbox 2489 3709 2553 3765; x_wconf 93' lang='lat' dir='ltr'><strong>D.</strong></span> <span class='ocrx_word' id='word_1_476' title='bbox 2581 3710 2873 3780; x_wconf 87' lang='lat' dir='ltr'><strong>Bouquet.,</strong></span> <span class='ocrx_word' id='word_1_477' title='bbox 2902 3721 3034 3768; x_wconf 89' lang='lat' dir='ltr'><strong>tom.</strong></span> <span class='ocrx_word' id='word_1_478' title='bbox 3060 3712 3147 3779; x_wconf 77' lang='lat' dir='ltr'><strong>Vl,</strong></span> <span class='ocrx_word' id='word_1_479' title='bbox 3180 3730 3301 3785; x_wconf 85' lang='lat' dir='ltr'><strong>pag.</strong></span> <span class='ocrx_word' id='word_1_480' title='bbox 3330 3713 3478 3787; x_wconf 75' lang='lat'><strong>610.}</strong></span> 
     </span>
    </p>
   </div>
   <div class='ocr_carea' id='block_1_78' title="bbox 2172 3819 3685 3911">
    <p class='ocr_par' dir='ltr' id='par_1_78' title="bbox 2172 3819 3685 3911">
     <span class='ocr_line' id='line_1_78' title="bbox 2172 3819 3685 3911; baseline 0.004 -38"><span class='ocrx_word' id='word_1_481' title='bbox 2172 3819 2228 3874; x_wconf 85' lang='lat' dir='ltr'><strong>In</strong></span> <span class='ocrx_word' id='word_1_482' title='bbox 2273 3821 2490 3875; x_wconf 90' lang='lat' dir='ltr'><strong>nomine</strong></span> <span class='ocrx_word' id='word_1_483' title='bbox 2524 3820 2736 3876; x_wconf 90' lang='lat' dir='ltr'><strong>Domini</strong></span> <span class='ocrx_word' id='word_1_484' title='bbox 2773 3821 2867 3878; x_wconf 87' lang='lat' dir='ltr'><strong>Dei</strong></span> <span class='ocrx_word' id='word_1_485' title='bbox 2912 3832 2968 3877; x_wconf 88' lang='lat' dir='ltr'><strong>et</strong></span> <span class='ocrx_word' id='word_1_486' title='bbox 3004 3822 3302 3878; x_wconf 87' lang='lat' dir='ltr'><strong>Salvatoris</strong></span> <span class='ocrx_word' id='word_1_487' title='bbox 3342 3825 3512 3878; x_wconf 90' lang='lat' dir='ltr'><strong>nostri</strong></span> <span class='ocrx_word' id='word_1_488' title='bbox 3551 3822 3685 3911; x_wconf 61' lang='grc' dir='ltr'><strong>ξιξειὶ</strong></span> 
     </span>
    </p>
   </div>
   <div class='ocr_carea' id='block_1_79' title="bbox 2102 3910 3684 3989">
    <p class='ocr_par' dir='ltr' id='par_1_79' title="bbox 2102 3910 3684 3989">
     <span class='ocr_line' id='line_1_79' title="bbox 2102 3910 3684 3989; baseline 0.002 -22"><span class='ocrx_word' id='word_1_489' title='bbox 2102 3910 2324 3976; x_wconf 80' lang='lat' dir='ltr'><strong>Christi,</strong></span> <span class='ocrx_word' id='word_1_490' title='bbox 2352 3911 2673 3977; x_wconf 87' lang='lat' dir='ltr'><strong>Ludovicus,</strong></span> <span class='ocrx_word' id='word_1_491' title='bbox 2697 3913 2876 3967; x_wconf 84' lang='lat' dir='ltr'><strong>divina</strong></span> <span class='ocrx_word' id='word_1_492' title='bbox 2902 3915 3228 3984; x_wconf 87' lang='lat' dir='ltr'><strong>propitiante</strong></span> <span class='ocrx_word' id='word_1_493' title='bbox 3245 3910 3684 3989; x_wconf 81' lang='lat' dir='ltr'><strong>[repropitiante]</strong></span> 
     </span>
    </p>
   </div>
   <div class='ocr_carea' id='block_1_80' title="bbox 423 3978 3035 4072">
    <p class='ocr_par' dir='ltr' id='par_1_80' title="bbox 423 3978 3035 4072">
     <span class='ocr_line' id='line_1_80' title="bbox 423 3978 3035 4072; baseline 0.011 -42"><span class='ocrx_word' id='word_1_494' title='bbox 423 3990 483 4030; x_wconf 88' lang='lat' dir='ltr'><strong>se</strong></span> <span class='ocrx_word' id='word_1_495' title='bbox 497 3978 893 4072; x_wconf 76' lang='lat' dir='ltr'><strong>pertinentibus</strong></span> <span class='ocrx_word' id='word_1_496' title='bbox 912 3984 1156 4072; x_wconf 84' lang='lat' dir='ltr'><strong>partibus</strong></span> <span class='ocrx_word' id='word_1_497' title='bbox 1175 3988 1445 4055; x_wconf 62' lang='lat' dir='ltr'><strong>praedictae</strong></span> <span class='ocrx_word' id='word_1_498' title='bbox 1465 3991 1840 4055; x_wconf 69' lang='lat' dir='ltr'><strong>Cenomanicze</strong></span> <span class='ocrx_word' id='word_1_499' title='bbox 1859 4003 2005 4059; x_wconf 84' lang='lat' dir='ltr'><strong>sedis</strong></span> <span class='ocrx_word' id='word_1_500' title='bbox 2097 3996 2406 4065; x_wconf 86' lang='lat' dir='ltr'><strong>clementia,</strong></span> <span class='ocrx_word' id='word_1_501' title='bbox 2424 4001 2718 4070; x_wconf 86' lang='lat' dir='ltr'><strong>imperator</strong></span> <span class='ocrx_word' id='word_1_502' title='bbox 2740 3978 3035 4072; x_wconf 77' lang='lat' dir='ltr'><strong>Augustus.</strong></span> 
     </span>
    </p>
   </div>
   <div class='ocr_carea' id='block_1_81' title="bbox 424 4065 2003 4157">
    <p class='ocr_par' dir='ltr' id='par_1_81' title="bbox 424 4065 2003 4157">
     <span class='ocr_line' id='line_1_81' title="bbox 424 4065 2003 4157; baseline 0.018 -39"><span class='ocrx_word' id='word_1_503' title='bbox 424 4065 668 4121; x_wconf 71' lang='lat' dir='ltr'><strong>ecclesia:</strong></span> <span class='ocrx_word' id='word_1_504' title='bbox 709 4075 764 4121; x_wconf 90' lang='lat' dir='ltr'><strong>et</strong></span> <span class='ocrx_word' id='word_1_505' title='bbox 791 4067 1011 4126; x_wconf 88' lang='lat' dir='ltr'><strong>Aldrieo</strong></span> <span class='ocrx_word' id='word_1_506' title='bbox 1038 4070 1278 4141; x_wconf 85' lang='lat' dir='ltr'><strong>ejus.!em</strong></span> <span class='ocrx_word' id='word_1_507' title='bbox 1323 4078 1472 4133; x_wconf 87' lang='lat' dir='ltr'><strong>urbis</strong></span> <span class='ocrx_word' id='word_1_508' title='bbox 1505 4086 1798 4141; x_wconf 88' lang='lat' dir='ltr'><strong>venerabili</strong></span> <span class='ocrx_word' id='word_1_509' title='bbox 1825 4091 2003 4157; x_wconf 82' lang='lat' dir='ltr'><strong>ponti-</strong></span> 
     </span>
    </p>
   </div>
   <div class='ocr_carea' id='block_1_82' title="bbox 428 4154 2009 4235">
    <p class='ocr_par' dir='ltr' id='par_1_82' title="bbox 428 4154 2009 4235">
     <span class='ocr_line' id='line_1_82' title="bbox 428 4154 2009 4235; baseline 0.014 -28"><span class='ocrx_word' id='word_1_510' title='bbox 428 4154 538 4217; x_wconf 86' lang='lat' dir='ltr'><strong>ﬁci,</strong></span> <span class='ocrx_word' id='word_1_511' title='bbox 569 4159 963 4224; x_wconf 62' lang='lat' dir='ltr'><strong>praesentaliter</strong></span> <span class='ocrx_word' id='word_1_512' title='bbox 996 4172 1181 4217; x_wconf 87' lang='lat' dir='ltr'><strong>nostra</strong></span> <span class='ocrx_word' id='word_1_513' title='bbox 1217 4164 1485 4235; x_wconf 85' lang='lat' dir='ltr'><strong>imperiali</strong></span> <span class='ocrx_word' id='word_1_514' title='bbox 1512 4154 1841 4233; x_wconf 75' lang='lat' dir='ltr'><strong>auctoritate</strong></span> <span class='ocrx_word' id='word_1_515' title='bbox 1873 4180 2009 4234; x_wconf 45' lang='lat' dir='ltr'><strong>red-</strong></span> 
     </span>
    </p>
   </div>
   <div class='ocr_carea' id='block_1_83' title="bbox 428 4244 1999 4335">
    <p class='ocr_par' dir='ltr' id='par_1_83' title="bbox 428 4244 1999 4335">
     <span class='ocr_line' id='line_1_83' title="bbox 428 4244 1999 4335; baseline 0.018 -39"><span class='ocrx_word' id='word_1_516' title='bbox 428 4244 683 4335; x_wconf 78' lang='lat' dir='ltr'><strong>derenius</strong></span> <span class='ocrx_word' id='word_1_517' title='bbox 708 4286 722 4309; x_wconf 88' lang='lat'><strong>,</strong></span> <span class='ocrx_word' id='word_1_518' title='bbox 769 4257 825 4302; x_wconf 91' lang='lat' dir='ltr'><strong>et</strong></span> <span class='ocrx_word' id='word_1_519' title='bbox 857 4249 995 4305; x_wconf 88' lang='lat' dir='ltr'><strong>hanc</strong></span> <span class='ocrx_word' id='word_1_520' title='bbox 1027 4251 1383 4310; x_wconf 86' lang='lat' dir='ltr'><strong>redditionem</strong></span> <span class='ocrx_word' id='word_1_521' title='bbox 1409 4273 1506 4327; x_wconf 86' lang='lat' dir='ltr'><strong>per</strong></span> <span class='ocrx_word' id='word_1_522' title='bbox 1531 4270 1774 4320; x_wconf 88' lang='lat' dir='ltr'><strong>nostrum</strong></span> <span class='ocrx_word' id='word_1_523' title='bbox 1799 4282 1999 4335; x_wconf 64' lang='lat' dir='ltr'><strong>praece-</strong></span> 
     </span>
    </p>
   </div>
   <div class='ocr_carea' id='block_1_84' title="bbox 425 4332 2003 4415">
    <p class='ocr_par' dir='ltr' id='par_1_84' title="bbox 425 4332 2003 4415">
     <span class='ocr_line' id='line_1_84' title="bbox 425 4332 2003 4415; baseline 0.018 -28"><span class='ocrx_word' id='word_1_524' title='bbox 425 4343 577 4403; x_wconf 89' lang='lat' dir='ltr'><strong>ptum</strong></span> <span class='ocrx_word' id='word_1_525' title='bbox 627 4332 827 4391; x_wconf 85' lang='lat' dir='ltr'><strong>futuris</strong></span> <span class='ocrx_word' id='word_1_526' title='bbox 875 4341 1205 4409; x_wconf 87' lang='lat' dir='ltr'><strong>temporibus</strong></span> <span class='ocrx_word' id='word_1_527' title='bbox 1254 4343 1462 4403; x_wconf 87' lang='lat' dir='ltr'><strong>ﬁrmius</strong></span> <span class='ocrx_word' id='word_1_528' title='bbox 1518 4352 1694 4407; x_wconf 69' lang='lat' dir='ltr'><strong>eidem</strong></span> <span class='ocrx_word' id='word_1_529' title='bbox 1754 4332 2003 4415; x_wconf 64' lang='lat' dir='ltr'><strong>ecclesia:</strong></span> 
     </span>
    </p>
   </div>
   <div class='ocr_carea' id='block_1_85' title="bbox 428 4411 2075 4506">
    <p class='ocr_par' dir='ltr' id='par_1_85' title="bbox 428 4411 2075 4506">
     <span class='ocr_line' id='line_1_85' title="bbox 428 4411 2075 4506; baseline 0.015 -26"><span class='ocrx_word' id='word_1_530' title='bbox 428 4426 650 4496; x_wconf 83' lang='lat' dir='ltr'><strong>suisque</strong></span> <span class='ocrx_word' id='word_1_531' title='bbox 704 4429 1006 4488; x_wconf 76' lang='lat' dir='ltr'><strong>rectoribus</strong></span> <span class='ocrx_word' id='word_1_532' title='bbox 1064 4436 1440 4502; x_wconf 82' lang='lat' dir='ltr'><strong>possidendam</strong></span> <span class='ocrx_word' id='word_1_533' title='bbox 1502 4411 1995 4506; x_wconf 64' lang='lat' dir='ltr'><strong>conﬁrmassemus.</strong></span> <span class='ocrx_word' id='word_1_534' title='bbox 2024 4411 2075 4473; x_wconf 66' lang='grc' dir='ltr'><strong>Β</strong></span> 
     </span>
    </p>
   </div>
   <div class='ocr_carea' id='block_1_86' title="bbox 428 4512 2002 4594">
    <p class='ocr_par' dir='ltr' id='par_1_86' title="bbox 428 4512 2002 4594">
     <span class='ocr_line' id='line_1_86' title="bbox 428 4512 2002 4594; baseline 0.017 -27"><span class='ocrx_word' id='word_1_535' title='bbox 428 4512 594 4583; x_wconf 88' lang='lat' dir='ltr'><strong>Cujus</strong></span> <span class='ocrx_word' id='word_1_536' title='bbox 625 4516 941 4587; x_wconf 88' lang='lat' dir='ltr'><strong>petitionem</strong></span> <span class='ocrx_word' id='word_1_537' title='bbox 987 4520 1056 4576; x_wconf 91' lang='lat' dir='ltr'><strong>ob</strong></span> <span class='ocrx_word' id='word_1_538' title='bbox 1103 4537 1346 4581; x_wconf 89' lang='lat' dir='ltr'><strong>amorem</strong></span> <span class='ocrx_word' id='word_1_539' title='bbox 1395 4529 1490 4584; x_wconf 87' lang='lat' dir='ltr'><strong>Dei</strong></span> <span class='ocrx_word' id='word_1_540' title='bbox 1537 4541 1592 4585; x_wconf 88' lang='lat' dir='ltr'><strong>et</strong></span> <span class='ocrx_word' id='word_1_541' title='bbox 1640 4539 2002 4594; x_wconf 87' lang='lat' dir='ltr'><strong>reverentiam</strong></span> 
     </span>
    </p>
   </div>
   <div class='ocr_carea' id='block_1_87' title="bbox 429 4606 2002 4687">
    <p class='ocr_par' dir='ltr' id='par_1_87' title="bbox 429 4606 2002 4687">
     <span class='ocr_line' id='line_1_87' title="bbox 429 4606 2002 4687; baseline 0.018 -29"><span class='ocrx_word' id='word_1_542' title='bbox 429 4606 669 4675; x_wconf 76' lang='lat' dir='ltr'><strong>ejusdem</strong></span> <span class='ocrx_word' id='word_1_543' title='bbox 699 4610 871 4664; x_wconf 88' lang='lat' dir='ltr'><strong>sancti</strong></span> <span class='ocrx_word' id='word_1_544' title='bbox 903 4611 1006 4666; x_wconf 89' lang='lat' dir='ltr'><strong>ioci</strong></span> <span class='ocrx_word' id='word_1_545' title='bbox 1030 4628 1415 4687; x_wconf 84' lang='lat' dir='ltr'><strong>servorumque</strong></span> <span class='ocrx_word' id='word_1_546' title='bbox 1444 4620 1541 4675; x_wconf 88' lang='lat' dir='ltr'><strong>Dei</strong></span> <span class='ocrx_word' id='word_1_547' title='bbox 1597 4624 1729 4680; x_wconf 89' lang='lat' dir='ltr'><strong>inibi</strong></span> <span class='ocrx_word' id='word_1_548' title='bbox 1770 4625 2002 4687; x_wconf 85' lang='lat' dir='ltr'><strong>Domino</strong></span> 
     </span>
    </p>
   </div>
   <div class='ocr_carea' id='block_1_88' title="bbox 428 4698 1999 4786">
    <p class='ocr_par' dir='ltr' id='par_1_88' title="bbox 428 4698 1999 4786">
     <span class='ocr_line' id='line_1_88' title="bbox 428 4698 1999 4786; baseline 0.018 -35"><span class='ocrx_word' id='word_1_549' title='bbox 428 4698 806 4756; x_wconf 82' lang='lat' dir='ltr'><strong>famulantium</strong></span> <span class='ocrx_word' id='word_1_550' title='bbox 845 4702 1077 4759; x_wconf 84' lang='lat' dir='ltr'><strong>libenter</strong></span> <span class='ocrx_word' id='word_1_551' title='bbox 1104 4709 1406 4766; x_wconf 88' lang='lat' dir='ltr'><strong>audivimus</strong></span> <span class='ocrx_word' id='word_1_552' title='bbox 1430 4752 1445 4776; x_wconf 91' lang='lat'><strong>,</strong></span> <span class='ocrx_word' id='word_1_553' title='bbox 1486 4724 1540 4769; x_wconf 89' lang='lat' dir='ltr'><strong>et</strong></span> <span class='ocrx_word' id='word_1_554' title='bbox 1566 4717 1999 4786; x_wconf 86' lang='lat' dir='ltr'><strong>deprecationem</strong></span> 
     </span>
    </p>
   </div>
   <div class='ocr_carea' id='block_1_89' title="bbox 428 4788 2001 4868">
    <p class='ocr_par' dir='ltr' id='par_1_89' title="bbox 428 4788 2001 4868">
     <span class='ocr_line' id='line_1_89' title="bbox 428 4788 2001 4868; baseline 0.018 -29"><span class='ocrx_word' id='word_1_555' title='bbox 428 4803 493 4840; x_wconf 85' lang='lat' dir='ltr'><strong>ac</strong></span> <span class='ocrx_word' id='word_1_556' title='bbox 519 4788 668 4856; x_wconf 89' lang='lat' dir='ltr'><strong>pium</strong></span> <span class='ocrx_word' id='word_1_557' title='bbox 691 4790 1016 4847; x_wconf 87' lang='lat' dir='ltr'><strong>desiderium</strong></span> <span class='ocrx_word' id='word_1_558' title='bbox 1046 4794 1161 4865; x_wconf 88' lang='lat' dir='ltr'><strong>ejus</strong></span> <span class='ocrx_word' id='word_1_559' title='bbox 1194 4797 1259 4852; x_wconf 91' lang='lat' dir='ltr'><strong>ad</strong></span> <span class='ocrx_word' id='word_1_560' title='bbox 1291 4808 1531 4868; x_wconf 80' lang='lat' dir='ltr'><strong>Optatum</strong></span> <span class='ocrx_word' id='word_1_561' title='bbox 1556 4803 1804 4861; x_wconf 72' lang='lat' dir='ltr'><strong>ellectum</strong></span> <span class='ocrx_word' id='word_1_562' title='bbox 1829 4811 2001 4866; x_wconf 82' lang='lat' dir='ltr'><strong>adim-</strong></span> 
     </span>
    </p>
   </div>
   <div class='ocr_carea' id='block_1_90' title="bbox 426 4876 1998 4962">
    <p class='ocr_par' dir='ltr' id='par_1_90' title="bbox 426 4876 1998 4962">
     <span class='ocr_line' id='line_1_90' title="bbox 426 4876 1998 4962; baseline 0.02 -34"><span class='ocrx_word' id='word_1_563' title='bbox 426 4876 576 4944; x_wconf 90' lang='lat' dir='ltr'><strong>plere</strong></span> <span class='ocrx_word' id='word_1_564' title='bbox 603 4878 821 4949; x_wconf 85' lang='lat' dir='ltr'><strong>dignum</strong></span> <span class='ocrx_word' id='word_1_565' title='bbox 864 4882 1133 4941; x_wconf 72' lang='lat' dir='ltr'><strong>duximus.</strong></span> <span class='ocrx_word' id='word_1_566' title='bbox 1162 4876 1501 4961; x_wconf 83' lang='lat' dir='ltr'><strong>Quapmpter</strong></span> <span class='ocrx_word' id='word_1_567' title='bbox 1531 4910 1627 4962; x_wconf 85' lang='lat' dir='ltr'><strong>per</strong></span> <span class='ocrx_word' id='word_1_568' title='bbox 1659 4898 1760 4953; x_wconf 88' lang='lat' dir='ltr'><strong>hoc</strong></span> <span class='ocrx_word' id='word_1_569' title='bbox 1799 4911 1998 4958; x_wconf 78' lang='lat' dir='ltr'><strong>nostra:</strong></span> 
     </span>
    </p>
   </div>
   <div class='ocr_carea' id='block_1_91' title="bbox 428 4968 1999 5063">
    <p class='ocr_par' dir='ltr' id='par_1_91' title="bbox 428 4968 1999 5063">
     <span class='ocr_line' id='line_1_91' title="bbox 428 4968 1999 5063; baseline 0.019 -44"><span class='ocrx_word' id='word_1_570' title='bbox 428 4968 767 5063; x_wconf 71' lang='lat' dir='ltr'><strong>auctoritatis</strong></span> <span class='ocrx_word' id='word_1_571' title='bbox 813 4974 1072 5041; x_wconf 81' lang='lat' dir='ltr'><strong>scriptum</strong></span> <span class='ocrx_word' id='word_1_572' title='bbox 1116 4986 1416 5038; x_wconf 50' lang='lat' dir='ltr'><strong>sta‘uentes</strong></span> <span class='ocrx_word' id='word_1_573' title='bbox 1458 4986 1797 5044; x_wconf 86' lang='lat' dir='ltr'><strong>decernimus</strong></span> <span class='ocrx_word' id='word_1_574' title='bbox 1834 5004 1999 5063; x_wconf 90' lang='lat' dir='ltr'><strong>atque</strong></span> 
     </span>
    </p>
   </div>
   <div class='ocr_carea' id='block_1_92' title="bbox 417 5055 1997 5151">
    <p class='ocr_par' dir='ltr' id='par_1_92' title="bbox 417 5055 1997 5151">
     <span class='ocr_line' id='line_1_92' title="bbox 417 5055 1997 5151; baseline 0.018 -40"><span class='ocrx_word' id='word_1_575' title='bbox 417 5055 671 5151; x_wconf 67' lang='lat' dir='ltr'><strong>iubemus</strong></span> <span class='ocrx_word' id='word_1_576' title='bbox 715 5067 776 5113; x_wconf 91' lang='lat' dir='ltr'><strong>ut</strong></span> <span class='ocrx_word' id='word_1_577' title='bbox 819 5064 1267 5130; x_wconf 85' lang='lat' dir='ltr'><strong>quemadmodum</strong></span> <span class='ocrx_word' id='word_1_578' title='bbox 1315 5073 1629 5142; x_wconf 71' lang='lat' dir='ltr'><strong>smpedictus</strong></span> <span class='ocrx_word' id='word_1_579' title='bbox 1663 5055 1997 5151; x_wconf 78' lang='lat' dir='ltr'><strong>Banzlegbus</strong></span> 
     </span>
    </p>
   </div>
   <div class='ocr_carea' id='block_1_93' title="bbox 425 5149 1996 5245">
    <p class='ocr_par' dir='ltr' id='par_1_93' title="bbox 425 5149 1996 5245">
     <span class='ocr_line' id='line_1_93' title="bbox 425 5149 1996 5245; baseline 0.017 -42"><span class='ocrx_word' id='word_1_580' title='bbox 425 5149 599 5205; x_wconf 88' lang='lat' dir='ltr'><strong>ﬁdelis</strong></span> <span class='ocrx_word' id='word_1_581' title='bbox 637 5160 821 5207; x_wconf 88' lang='lat' dir='ltr'><strong>noster</strong></span> <span class='ocrx_word' id='word_1_582' title='bbox 865 5168 1216 5214; x_wconf 84' lang='lat' dir='ltr'><strong>memoratam</strong></span> <span class='ocrx_word' id='word_1_583' title='bbox 1246 5162 1425 5217; x_wconf 87' lang='lat' dir='ltr'><strong>villam</strong></span> <span class='ocrx_word' id='word_1_584' title='bbox 1454 5181 1575 5220; x_wconf 85' lang='lat' dir='ltr'><strong>cum</strong></span> <span class='ocrx_word' id='word_1_585' title='bbox 1602 5172 1747 5224; x_wconf 88' lang='lat' dir='ltr'><strong>omni</strong></span> <span class='ocrx_word' id='word_1_586' title='bbox 1775 5149 1996 5245; x_wconf 84' lang='lat' dir='ltr'><strong>integri-</strong></span> 
     </span>
    </p>
   </div>
   <div class='ocr_carea' id='block_1_94' title="bbox 425 5240 1998 5329">
    <p class='ocr_par' dir='ltr' id='par_1_94' title="bbox 425 5240 1998 5329">
     <span class='ocr_line' id='line_1_94' title="bbox 425 5240 1998 5329; baseline 0.02 -38"><span class='ocrx_word' id='word_1_587' title='bbox 425 5247 555 5305; x_wconf 87' lang='lat' dir='ltr'><strong>tate,</strong></span> <span class='ocrx_word' id='word_1_588' title='bbox 608 5240 749 5296; x_wconf 89' lang='lat' dir='ltr'><strong>sicut</strong></span> <span class='ocrx_word' id='word_1_589' title='bbox 798 5244 887 5299; x_wconf 86' lang='lat' dir='ltr'><strong>illa</strong></span> <span class='ocrx_word' id='word_1_590' title='bbox 929 5248 1013 5301; x_wconf 89' lang='lat' dir='ltr'><strong>die</strong></span> <span class='ocrx_word' id='word_1_591' title='bbox 1062 5251 1161 5305; x_wconf 88' lang='lat' dir='ltr'><strong>sub</strong></span> <span class='ocrx_word' id='word_1_592' title='bbox 1190 5251 1311 5320; x_wconf 86' lang='lat' dir='ltr'><strong>jure</strong></span> <span class='ocrx_word' id='word_1_593' title='bbox 1339 5266 1534 5313; x_wconf 63' lang='lat' dir='ltr'><strong>nostra:</strong></span> <span class='ocrx_word' id='word_1_594' title='bbox 1568 5266 1852 5329; x_wconf 86' lang='lat' dir='ltr'><strong>potestatis</strong></span> <span class='ocrx_word' id='word_1_595' title='bbox 1878 5240 1998 5322; x_wconf 73' lang='lat' dir='ltr'><strong>erat</strong></span> 
     </span>
    </p>
   </div>
   <div class='ocr_carea' id='block_1_95' title="bbox 422 5333 1998 5418">
    <p class='ocr_par' dir='ltr' id='par_1_95' title="bbox 422 5333 1998 5418">
     <span class='ocr_line' id='line_1_95' title="bbox 422 5333 1998 5418; baseline 0.023 -37"><span class='ocrx_word' id='word_1_596' title='bbox 422 5333 637 5396; x_wconf 84' lang='lat' dir='ltr'><strong>quando</strong></span> <span class='ocrx_word' id='word_1_597' title='bbox 673 5348 704 5387; x_wconf 86' lang='lat' dir='ltr'><strong>a</strong></span> <span class='ocrx_word' id='word_1_598' title='bbox 740 5335 1027 5407; x_wconf 84' lang='lat' dir='ltr'><strong>largitione</strong></span> <span class='ocrx_word' id='word_1_599' title='bbox 1067 5353 1249 5399; x_wconf 86' lang='lat' dir='ltr'><strong>nostra</strong></span> <span class='ocrx_word' id='word_1_600' title='bbox 1291 5348 1462 5416; x_wconf 86' lang='lat' dir='ltr'><strong>ipsum</strong></span> <span class='ocrx_word' id='word_1_601' title='bbox 1510 5353 1826 5412; x_wconf 78' lang='lat' dir='ltr'><strong>beneficium</strong></span> <span class='ocrx_word' id='word_1_602' title='bbox 1851 5376 1998 5418; x_wconf 86' lang='lat' dir='ltr'><strong>acce-</strong></span> 
     </span>
    </p>
   </div>
   <div class='ocr_carea' id='block_1_96' title="bbox 422 5417 1995 5506">
    <p class='ocr_par' dir='ltr' id='par_1_96' title="bbox 422 5417 1995 5506">
     <span class='ocr_line' id='line_1_96' title="bbox 422 5417 1995 5506; baseline 0.024 -37"><span class='ocrx_word' id='word_1_603' title='bbox 422 5417 565 5506; x_wconf 73' lang='lat' dir='ltr'><strong>pisse</strong></span> <span class='ocrx_word' id='word_1_604' title='bbox 597 5432 806 5478; x_wconf 86' lang='lat' dir='ltr'><strong>constat</strong></span> <span class='ocrx_word' id='word_1_605' title='bbox 844 5442 943 5496; x_wconf 87' lang='lat' dir='ltr'><strong>pro</strong></span> <span class='ocrx_word' id='word_1_606' title='bbox 983 5433 1345 5491; x_wconf 84' lang='lat' dir='ltr'><strong>emolumento</strong></span> <span class='ocrx_word' id='word_1_607' title='bbox 1375 5440 1566 5498; x_wconf 72' lang='lat' dir='ltr'><strong>anima:</strong></span> <span class='ocrx_word' id='word_1_608' title='bbox 1592 5456 1790 5502; x_wconf 76' lang='lat' dir='ltr'><strong>nostra:</strong></span> <span class='ocrx_word' id='word_1_609' title='bbox 1811 5458 1864 5503; x_wconf 90' lang='lat' dir='ltr'><strong>et</strong></span> <span class='ocrx_word' id='word_1_610' title='bbox 1885 5461 1995 5506; x_wconf 52' lang='lat' dir='ltr'><strong>sta-</strong></span> 
     </span>
    </p>
   </div>
   <div class='ocr_carea' id='block_1_97' title="bbox 420 5502 1995 5603">
    <p class='ocr_par' dir='ltr' id='par_1_97' title="bbox 420 5502 1995 5603">
     <span class='ocr_line' id='line_1_97' title="bbox 420 5502 1995 5603; baseline 0.025 -46"><span class='ocrx_word' id='word_1_611' title='bbox 420 5502 627 5603; x_wconf 38' lang='lat' dir='ltr'><strong>bii-itate</strong></span> <span class='ocrx_word' id='word_1_612' title='bbox 668 5511 877 5582; x_wconf 84' lang='lat' dir='ltr'><strong>imperii</strong></span> <span class='ocrx_word' id='word_1_613' title='bbox 922 5522 1090 5575; x_wconf 86' lang='lat' dir='ltr'><strong>nostri</strong></span> <span class='ocrx_word' id='word_1_614' title='bbox 1134 5538 1432 5585; x_wconf 87' lang='lat' dir='ltr'><strong>memorato</strong></span> <span class='ocrx_word' id='word_1_615' title='bbox 1460 5537 1995 5598; x_wconf 83' lang='lat' dir='ltr'><strong>venerabiliAldrico</strong></span> 
     </span>
    </p>
   </div>
   <div class='ocr_carea' id='block_1_98' title="bbox 422 5605 1994 5695">
    <p class='ocr_par' dir='ltr' id='par_1_98' title="bbox 422 5605 1994 5695">
     <span class='ocr_line' id='line_1_98' title="bbox 422 5605 1994 5695; baseline 0.029 -50"><span class='ocrx_word' id='word_1_616' title='bbox 422 5606 672 5666; x_wconf 73' lang='lat' dir='ltr'><strong>episcopo</strong></span> <span class='ocrx_word' id='word_1_617' title='bbox 720 5605 784 5656; x_wconf 75' lang='lat' dir='ltr'><strong>al</strong></span> <span class='ocrx_word' id='word_1_618' title='bbox 836 5616 1042 5675; x_wconf 82' lang='lat' dir='ltr'><strong>partem</strong></span> <span class='ocrx_word' id='word_1_619' title='bbox 1110 5631 1220 5671; x_wconf 72' lang='lat' dir='ltr'><strong>sua:</strong></span> <span class='ocrx_word' id='word_1_620' title='bbox 1280 5620 1523 5678; x_wconf 74' lang='lat' dir='ltr'><strong>ecclesim</strong></span> <span class='ocrx_word' id='word_1_621' title='bbox 1583 5627 1994 5695; x_wconf 70' lang='lat' dir='ltr'><strong>prteseulialiter</strong></span> 
     </span>
    </p>
   </div>
   <div class='ocr_carea' id='block_1_99' title="bbox 2172 4092 3682 4154">
    <p class='ocr_par' dir='ltr' id='par_1_99' title="bbox 2172 4092 3682 4154">
     <span class='ocr_line' id='line_1_99' title="bbox 2172 4092 3682 4154; baseline 0.004 -7"><span class='ocrx_word' id='word_1_622' title='bbox 2172 4092 2368 4148; x_wconf 87' lang='lat' dir='ltr'><strong>Notum</strong></span> <span class='ocrx_word' id='word_1_623' title='bbox 2397 4108 2518 4149; x_wconf 89' lang='lat' dir='ltr'><strong>esse</strong></span> <span class='ocrx_word' id='word_1_624' title='bbox 2543 4093 2790 4150; x_wconf 89' lang='lat' dir='ltr'><strong>volumus</strong></span> <span class='ocrx_word' id='word_1_625' title='bbox 2815 4097 3028 4152; x_wconf 91' lang='lat' dir='ltr'><strong>cunctis</strong></span> <span class='ocrx_word' id='word_1_626' title='bbox 3057 4096 3307 4154; x_wconf 87' lang='lat' dir='ltr'><strong>ﬁdelibus</strong></span> <span class='ocrx_word' id='word_1_627' title='bbox 3341 4108 3543 4154; x_wconf 78' lang='lat' dir='ltr'><strong>sancta:</strong></span> <span class='ocrx_word' id='word_1_628' title='bbox 3580 4098 3682 4154; x_wconf 86' lang='lat' dir='ltr'><strong>Dei</strong></span> 
     </span>
    </p>
   </div>
   <div class='ocr_carea' id='block_1_100' title="bbox 2101 4182 3679 4257">
    <p class='ocr_par' dir='ltr' id='par_1_100' title="bbox 2101 4182 3679 4257">
     <span class='ocr_line' id='line_1_100' title="bbox 2101 4182 3679 4257; baseline 0.006 -20"><span class='ocrx_word' id='word_1_629' title='bbox 2101 4182 2352 4238; x_wconf 60' lang='lat' dir='ltr'><strong>Ecclesia</strong></span> <span class='ocrx_word' id='word_1_630' title='bbox 2379 4191 2436 4239; x_wconf 91' lang='lat' dir='ltr'><strong>et</strong></span> <span class='ocrx_word' id='word_1_631' title='bbox 2461 4185 2691 4249; x_wconf 87' lang='lat' dir='ltr'><strong>nostris,</strong></span> <span class='ocrx_word' id='word_1_632' title='bbox 2730 4187 3092 4256; x_wconf 71' lang='lat' dir='ltr'><strong>prmsentibns</strong></span> <span class='ocrx_word' id='word_1_633' title='bbox 3120 4188 3329 4245; x_wconf 90' lang='lat' dir='ltr'><strong>scilicet</strong></span> <span class='ocrx_word' id='word_1_634' title='bbox 3366 4198 3422 4245; x_wconf 89' lang='lat' dir='ltr'><strong>et</strong></span> <span class='ocrx_word' id='word_1_635' title='bbox 3454 4189 3679 4257; x_wconf 86' lang='lat' dir='ltr'><strong>futuris,</strong></span> 
     </span>
    </p>
   </div>
   <div class='ocr_carea' id='block_1_101' title="bbox 2100 4274 3680 4353">
    <p class='ocr_par' dir='ltr' id='par_1_101' title="bbox 2100 4274 3680 4353">
     <span class='ocr_line' id='line_1_101' title="bbox 2100 4274 3680 4353; baseline 0.006 -24"><span class='ocrx_word' id='word_1_636' title='bbox 2100 4274 2225 4343; x_wconf 82' lang='lat' dir='ltr'><strong>quia</strong></span> <span class='ocrx_word' id='word_1_637' title='bbox 2266 4274 2394 4328; x_wconf 88' lang='lat' dir='ltr'><strong>olim</strong></span> <span class='ocrx_word' id='word_1_638' title='bbox 2427 4276 2555 4331; x_wconf 91' lang='lat' dir='ltr'><strong>dum</strong></span> <span class='ocrx_word' id='word_1_639' title='bbox 2598 4277 2959 4333; x_wconf 78' lang='lat' dir='ltr'><strong>monasticam</strong></span> <span class='ocrx_word' id='word_1_640' title='bbox 3000 4280 3247 4337; x_wconf 87' lang='lat' dir='ltr'><strong>ordinem</strong></span> <span class='ocrx_word' id='word_1_641' title='bbox 3293 4297 3680 4353; x_wconf 85' lang='lat' dir='ltr'><strong>usquequaque</strong></span> 
     </span>
    </p>
   </div>
   <div class='ocr_carea' id='block_1_102' title="bbox 2100 4362 3678 4445">
    <p class='ocr_par' dir='ltr' id='par_1_102' title="bbox 2100 4362 3678 4445">
     <span class='ocr_line' id='line_1_102' title="bbox 2100 4362 3678 4445; baseline 0.008 -28"><span class='ocrx_word' id='word_1_642' title='bbox 2100 4362 2448 4431; x_wconf 82' lang='lat' dir='ltr'><strong>depravatum</strong></span> <span class='ocrx_word' id='word_1_643' title='bbox 2475 4380 2599 4421; x_wconf 87' lang='lat' dir='ltr'><strong>esse</strong></span> <span class='ocrx_word' id='word_1_644' title='bbox 2621 4375 2927 4434; x_wconf 81' lang='lat' dir='ltr'><strong>constaret,</strong></span> <span class='ocrx_word' id='word_1_645' title='bbox 2956 4377 3011 4423; x_wconf 91' lang='lat' dir='ltr'><strong>et</strong></span> <span class='ocrx_word' id='word_1_646' title='bbox 3046 4370 3116 4425; x_wconf 88' lang='lat' dir='ltr'><strong>ad</strong></span> <span class='ocrx_word' id='word_1_647' title='bbox 3142 4386 3267 4427; x_wconf 90' lang='lat' dir='ltr'><strong>eum</strong></span> <span class='ocrx_word' id='word_1_648' title='bbox 3296 4374 3678 4445; x_wconf 71' lang='lat' dir='ltr'><strong>corrigendum</strong></span> 
     </span>
    </p>
   </div>
   <div class='ocr_carea' id='block_1_103' title="bbox 2100 4458 3678 4539">
    <p class='ocr_par' dir='ltr' id='par_1_103' title="bbox 2100 4458 3678 4539">
     <span class='ocr_line' id='line_1_103' title="bbox 2100 4458 3678 4539; baseline 0.01 -31"><span class='ocrx_word' id='word_1_649' title='bbox 2100 4463 2262 4525; x_wconf 88' lang='lat' dir='ltr'><strong>atque</strong></span> <span class='ocrx_word' id='word_1_650' title='bbox 2286 4458 2677 4514; x_wconf 89' lang='lat' dir='ltr'><strong>emendandum</strong></span> <span class='ocrx_word' id='word_1_651' title='bbox 2700 4500 2713 4524; x_wconf 90' lang='lat'><strong>,</strong></span> <span class='ocrx_word' id='word_1_652' title='bbox 2762 4461 2870 4516; x_wconf 88' lang='lat' dir='ltr'><strong>imo</strong></span> <span class='ocrx_word' id='word_1_653' title='bbox 2907 4463 2974 4523; x_wconf 86' lang='lat' dir='ltr'><strong>ad</strong></span> <span class='ocrx_word' id='word_1_654' title='bbox 3012 4464 3298 4533; x_wconf 84' lang='lat' dir='ltr'><strong>pristinum</strong></span> <span class='ocrx_word' id='word_1_655' title='bbox 3329 4467 3678 4539; x_wconf 89' lang='lat' dir='ltr'><strong>debitumque</strong></span> 
     </span>
    </p>
   </div>
   <div class='ocr_carea' id='block_1_104' title="bbox 2099 4545 3678 4622">
    <p class='ocr_par' dir='ltr' id='par_1_104' title="bbox 2099 4545 3678 4622">
     <span class='ocr_line' id='line_1_104' title="bbox 2099 4545 3678 4622; baseline 0.011 -25"><span class='ocrx_word' id='word_1_656' title='bbox 2099 4545 2318 4599; x_wconf 90' lang='lat' dir='ltr'><strong>modum</strong></span> <span class='ocrx_word' id='word_1_657' title='bbox 2357 4553 2413 4601; x_wconf 89' lang='lat' dir='ltr'><strong>et</strong></span> <span class='ocrx_word' id='word_1_658' title='bbox 2451 4548 2863 4609; x_wconf 88' lang='lat' dir='ltr'><strong>rectitudinem.</strong></span> <span class='ocrx_word' id='word_1_659' title='bbox 2906 4554 3205 4610; x_wconf 77' lang='lat' dir='ltr'><strong>auxiliante</strong></span> <span class='ocrx_word' id='word_1_660' title='bbox 3233 4557 3479 4622; x_wconf 66' lang='lat' dir='ltr'><strong>Domino,</strong></span> <span class='ocrx_word' id='word_1_661' title='bbox 3519 4561 3678 4614; x_wconf 85' lang='lat' dir='ltr'><strong>redu-</strong></span> 
     </span>
    </p>
   </div>
   <div class='ocr_carea' id='block_1_105' title="bbox 2098 4636 3680 4715">
    <p class='ocr_par' dir='ltr' id='par_1_105' title="bbox 2098 4636 3680 4715">
     <span class='ocr_line' id='line_1_105' title="bbox 2098 4636 3680 4715; baseline 0.01 -26"><span class='ocrx_word' id='word_1_662' title='bbox 2098 4636 2350 4704; x_wconf 89' lang='lat' dir='ltr'><strong>cendum,</strong></span> <span class='ocrx_word' id='word_1_663' title='bbox 2378 4639 2664 4709; x_wconf 88' lang='lat' dir='ltr'><strong>quemdam</strong></span> <span class='ocrx_word' id='word_1_664' title='bbox 2682 4641 2937 4698; x_wconf 70' lang='lat' dir='ltr'><strong>abbatem</strong></span> <span class='ocrx_word' id='word_1_665' title='bbox 2963 4644 3204 4715; x_wconf 85' lang='lat' dir='ltr'><strong>ejusdem</strong></span> <span class='ocrx_word' id='word_1_666' title='bbox 3231 4648 3437 4703; x_wconf 88' lang='lat' dir='ltr'><strong>ordinis</strong></span> <span class='ocrx_word' id='word_1_667' title='bbox 3462 4647 3680 4704; x_wconf 68' lang='lat' dir='ltr'><strong>ferven-</strong></span> 
     </span>
    </p>
   </div>
   <div class='ocr_carea' id='block_1_106' title="bbox 2099 4725 3671 4808">
    <p class='ocr_par' dir='ltr' id='par_1_106' title="bbox 2099 4725 3671 4808">
     <span class='ocr_line' id='line_1_106' title="bbox 2099 4725 3671 4808; baseline 0.01 -31"><span class='ocrx_word' id='word_1_668' title='bbox 2099 4725 2387 4792; x_wconf 86' lang='lat' dir='ltr'><strong>tissimum,</strong></span> <span class='ocrx_word' id='word_1_669' title='bbox 2429 4727 2778 4786; x_wconf 85' lang='lat' dir='ltr'><strong>Benedictum</strong></span> <span class='ocrx_word' id='word_1_670' title='bbox 2814 4736 3155 4803; x_wconf 83' lang='lat' dir='ltr'><strong>cognomine,</strong></span> <span class='ocrx_word' id='word_1_671' title='bbox 3208 4753 3307 4808; x_wconf 89' lang='lat' dir='ltr'><strong>per</strong></span> <span class='ocrx_word' id='word_1_672' title='bbox 3346 4749 3671 4795; x_wconf 69' lang='lat' dir='ltr'><strong>monasteria</strong></span> 
     </span>
    </p>
   </div>
   <div class='ocr_carea' id='block_1_107' title="bbox 2099 4815 3673 4901">
    <p class='ocr_par' dir='ltr' id='par_1_107' title="bbox 2099 4815 3673 4901">
     <span class='ocr_line' id='line_1_107' title="bbox 2099 4815 3673 4901; baseline 0.011 -34"><span class='ocrx_word' id='word_1_673' title='bbox 2099 4815 2310 4883; x_wconf 90' lang='lat' dir='ltr'><strong>imperii</strong></span> <span class='ocrx_word' id='word_1_674' title='bbox 2333 4831 2363 4870; x_wconf 91' lang='lat' dir='ltr'><strong>a</strong></span> <span class='ocrx_word' id='word_1_675' title='bbox 2385 4816 2495 4872; x_wconf 86' lang='lat' dir='ltr'><strong>Deo</strong></span> <span class='ocrx_word' id='word_1_676' title='bbox 2514 4819 2671 4874; x_wconf 88' lang='lat' dir='ltr'><strong>nobis</strong></span> <span class='ocrx_word' id='word_1_677' title='bbox 2692 4823 2967 4878; x_wconf 85' lang='lat' dir='ltr'><strong>commissi</strong></span> <span class='ocrx_word' id='word_1_678' title='bbox 2993 4824 3422 4893; x_wconf 87' lang='lat' dir='ltr'><strong>destinaremus;</strong></span> <span class='ocrx_word' id='word_1_679' title='bbox 3452 4831 3673 4901; x_wconf 82' lang='lat' dir='ltr'><strong>contigit</strong></span> 
     </span>
    </p>
   </div>
   <div class='ocr_carea' id='block_1_108' title="bbox 2098 4904 3674 4982">
    <p class='ocr_par' dir='ltr' id='par_1_108' title="bbox 2098 4904 3674 4982">
     <span class='ocr_line' id='line_1_108' title="bbox 2098 4904 3674 4982; baseline 0.012 -26"><span class='ocrx_word' id='word_1_680' title='bbox 2098 4918 2221 4958; x_wconf 90' lang='lat' dir='ltr'><strong>eum</strong></span> <span class='ocrx_word' id='word_1_681' title='bbox 2271 4904 2339 4959; x_wconf 91' lang='lat' dir='ltr'><strong>ad</strong></span> <span class='ocrx_word' id='word_1_682' title='bbox 2386 4909 2772 4965; x_wconf 90' lang='lat' dir='ltr'><strong>monasterium</strong></span> <span class='ocrx_word' id='word_1_683' title='bbox 2820 4914 2963 4981; x_wconf 87' lang='lat' dir='ltr'><strong>quod</strong></span> <span class='ocrx_word' id='word_1_684' title='bbox 3013 4915 3214 4971; x_wconf 87' lang='lat' dir='ltr'><strong>dicitur</strong></span> <span class='ocrx_word' id='word_1_685' title='bbox 3257 4916 3316 4971; x_wconf 90' lang='lat' dir='ltr'><strong>S.</strong></span> <span class='ocrx_word' id='word_1_686' title='bbox 3363 4918 3674 4982; x_wconf 69' lang='lat' dir='ltr'><strong>Columbae,</strong></span> 
     </span>
    </p>
   </div>
   <div class='ocr_carea' id='block_1_109' title="bbox 2099 4996 3681 5081">
    <p class='ocr_par' dir='ltr' id='par_1_109' title="bbox 2099 4996 3681 5081">
     <span class='ocr_line' id='line_1_109' title="bbox 2099 4996 3681 5081; baseline 0.01 -31"><span class='ocrx_word' id='word_1_687' title='bbox 2099 4996 2243 5050; x_wconf 90' lang='lat' dir='ltr'><strong>haud</strong></span> <span class='ocrx_word' id='word_1_688' title='bbox 2285 5000 2470 5066; x_wconf 91' lang='lat' dir='ltr'><strong>procul</strong></span> <span class='ocrx_word' id='word_1_689' title='bbox 2517 5002 2584 5055; x_wconf 87' lang='lat' dir='ltr'><strong>ab</strong></span> <span class='ocrx_word' id='word_1_690' title='bbox 2626 5003 2762 5058; x_wconf 86' lang='lat' dir='ltr'><strong>urbe</strong></span> <span class='ocrx_word' id='word_1_691' title='bbox 2795 5002 3097 5061; x_wconf 85' lang='lat' dir='ltr'><strong>Senonensi</strong></span> <span class='ocrx_word' id='word_1_692' title='bbox 3141 5008 3430 5064; x_wconf 84' lang='lat' dir='ltr'><strong>devenire:</strong></span> <span class='ocrx_word' id='word_1_693' title='bbox 3467 5011 3523 5065; x_wconf 89' lang='lat' dir='ltr'><strong>in</strong></span> <span class='ocrx_word' id='word_1_694' title='bbox 3566 5026 3681 5081; x_wconf 84' lang='lat' dir='ltr'><strong>quo</strong></span> 
     </span>
    </p>
   </div>
   <div class='ocr_carea' id='block_1_110' title="bbox 2097 5091 3681 5174">
    <p class='ocr_par' dir='ltr' id='par_1_110' title="bbox 2097 5091 3681 5174">
     <span class='ocr_line' id='line_1_110' title="bbox 2097 5091 3681 5174; baseline 0.011 -32"><span class='ocrx_word' id='word_1_695' title='bbox 2097 5104 2218 5143; x_wconf 86' lang='lat' dir='ltr'><strong>cum</strong></span> <span class='ocrx_word' id='word_1_696' title='bbox 2244 5100 2439 5147; x_wconf 65' lang='lat' dir='ltr'><strong>caetera</strong></span> <span class='ocrx_word' id='word_1_697' title='bbox 2467 5096 2785 5165; x_wconf 83' lang='lat' dir='ltr'><strong>regulariter</strong></span> <span class='ocrx_word' id='word_1_698' title='bbox 2801 5099 3052 5156; x_wconf 82' lang='lat' dir='ltr'><strong>ordinare</strong></span> <span class='ocrx_word' id='word_1_699' title='bbox 3078 5112 3368 5173; x_wconf 82' lang='lat' dir='ltr'><strong>satageret,</strong></span> <span class='ocrx_word' id='word_1_700' title='bbox 3395 5091 3681 5174; x_wconf 55' lang='lat' dir='ltr'><strong>quia&#39;tunc.</strong></span> 
     </span>
    </p>
   </div>
   <div class='ocr_carea' id='block_1_111' title="bbox 2098 5184 3683 5262">
    <p class='ocr_par' dir='ltr' id='par_1_111' title="bbox 2098 5184 3683 5262">
     <span class='ocr_line' id='line_1_111' title="bbox 2098 5184 3683 5262; baseline 0.013 -27"><span class='ocrx_word' id='word_1_701' title='bbox 2098 5184 2353 5251; x_wconf 90' lang='lat' dir='ltr'><strong>temporis</strong></span> <span class='ocrx_word' id='word_1_702' title='bbox 2382 5185 2628 5242; x_wconf 86' lang='lat' dir='ltr'><strong>abbatem</strong></span> <span class='ocrx_word' id='word_1_703' title='bbox 2657 5192 2996 5254; x_wconf 87' lang='lat' dir='ltr'><strong>canonicum,</strong></span> <span class='ocrx_word' id='word_1_704' title='bbox 3028 5192 3196 5250; x_wconf 82' lang='lat' dir='ltr'><strong>Jacob</strong></span> <span class='ocrx_word' id='word_1_705' title='bbox 3221 5197 3505 5262; x_wconf 86' lang='lat' dir='ltr'><strong>vocabulo,</strong></span> <span class='ocrx_word' id='word_1_706' title='bbox 3542 5199 3683 5256; x_wconf 65' lang='lat' dir='ltr'><strong>inilei</strong></span> 
     </span>
    </p>
   </div>
   <div class='ocr_carea' id='block_1_112' title="bbox 2098 5275 3680 5356">
    <p class='ocr_par' dir='ltr' id='par_1_112' title="bbox 2098 5275 3680 5356">
     <span class='ocr_line' id='line_1_112' title="bbox 2098 5275 3680 5356; baseline 0.013 -36"><span class='ocrx_word' id='word_1_707' title='bbox 2098 5284 2329 5337; x_wconf 63' lang='lat' dir='ltr'><strong>praeesse</strong></span> <span class='ocrx_word' id='word_1_708' title='bbox 2357 5275 2672 5345; x_wconf 75' lang='lat' dir='ltr'><strong>contigerat,</strong></span> <span class='ocrx_word' id='word_1_709' title='bbox 2704 5281 2965 5347; x_wconf 67' lang='lat' dir='ltr'><strong>quasdam</strong></span> <span class='ocrx_word' id='word_1_710' title='bbox 2993 5283 3145 5337; x_wconf 87' lang='lat' dir='ltr'><strong>villas</strong></span> <span class='ocrx_word' id='word_1_711' title='bbox 3174 5302 3294 5354; x_wconf 72' lang='lat' dir='ltr'><strong>qua:</strong></span> <span class='ocrx_word' id='word_1_712' title='bbox 3320 5288 3516 5356; x_wconf 84' lang='lat' dir='ltr'><strong>priscis</strong></span> <span class='ocrx_word' id='word_1_713' title='bbox 3545 5296 3680 5343; x_wconf 49' lang='lat' dir='ltr'><strong>tum.</strong></span> 
     </span>
    </p>
   </div>
   <div class='ocr_carea' id='block_1_113' title="bbox 2096 5361 3685 5435">
    <p class='ocr_par' dir='ltr' id='par_1_113' title="bbox 2096 5361 3685 5435">
     <span class='ocr_line' id='line_1_113' title="bbox 2096 5361 3685 5435; baseline 0.013 -23"><span class='ocrx_word' id='word_1_714' title='bbox 2096 5361 2317 5428; x_wconf 84' lang='lat' dir='ltr'><strong>poribus</strong></span> <span class='ocrx_word' id='word_1_715' title='bbox 2360 5365 2427 5418; x_wconf 89' lang='lat' dir='ltr'><strong>ad</strong></span> <span class='ocrx_word' id='word_1_716' title='bbox 2472 5381 2598 5421; x_wconf 87' lang='lat' dir='ltr'><strong>usus</strong></span> <span class='ocrx_word' id='word_1_717' title='bbox 2640 5366 2867 5423; x_wconf 84' lang='lat' dir='ltr'><strong>fratrum</strong></span> <span class='ocrx_word' id='word_1_718' title='bbox 2912 5372 3111 5427; x_wconf 85' lang='lat' dir='ltr'><strong>ibidem</strong></span> <span class='ocrx_word' id='word_1_719' title='bbox 3149 5374 3259 5430; x_wconf 87' lang='lat' dir='ltr'><strong>Deo</strong></span> <span class='ocrx_word' id='word_1_720' title='bbox 3297 5375 3685 5435; x_wconf 76' lang='lat' dir='ltr'><strong>famulantinm</strong></span> 
     </span>
    </p>
   </div>
   <div class='ocr_carea' id='block_1_114' title="bbox 2096 5451 3675 5539">
    <p class='ocr_par' dir='ltr' id='par_1_114' title="bbox 2096 5451 3675 5539">
     <span class='ocr_line' id='line_1_114' title="bbox 2096 5451 3675 5539; baseline 0.011 -34"><span class='ocrx_word' id='word_1_721' title='bbox 2096 5451 2310 5506; x_wconf 84' lang='lat' dir='ltr'><strong>fuerant</strong></span> <span class='ocrx_word' id='word_1_722' title='bbox 2336 5454 2644 5521; x_wconf 62' lang='lat' dir='ltr'><strong>destinatae,</strong></span> <span class='ocrx_word' id='word_1_723' title='bbox 2678 5462 3008 5530; x_wconf 78' lang='lat' dir='ltr'><strong>segregavit,</strong></span> <span class='ocrx_word' id='word_1_724' title='bbox 3050 5473 3104 5517; x_wconf 82' lang='lat' dir='ltr'><strong>ut</strong></span> <span class='ocrx_word' id='word_1_725' title='bbox 3140 5466 3344 5537; x_wconf 78' lang='lat' dir='ltr'><strong>absque</strong></span> <span class='ocrx_word' id='word_1_726' title='bbox 3376 5454 3547 5539; x_wconf 81' lang='lat' dir='ltr'><strong>regali</strong></span> <span class='ocrx_word' id='word_1_727' title='bbox 3580 5481 3675 5523; x_wconf 89' lang='lat' dir='ltr'><strong>aut</strong></span> 
     </span>
    </p>
   </div>
   <div class='ocr_carea' id='block_1_115' title="bbox 2096 5544 3678 5622">
    <p class='ocr_par' dir='ltr' id='par_1_115' title="bbox 2096 5544 3678 5622">
     <span class='ocr_line' id='line_1_115' title="bbox 2096 5544 3678 5622; baseline 0.013 -25"><span class='ocrx_word' id='word_1_728' title='bbox 2096 5544 2311 5614; x_wconf 86' lang='lat' dir='ltr'><strong>publico</strong></span> <span class='ocrx_word' id='word_1_729' title='bbox 2347 5547 2597 5613; x_wconf 84' lang='lat' dir='ltr'><strong>servitio,</strong></span> <span class='ocrx_word' id='word_1_730' title='bbox 2630 5551 2715 5604; x_wconf 88' lang='lat' dir='ltr'><strong>vel</strong></span> <span class='ocrx_word' id='word_1_731' title='bbox 2745 5554 2984 5622; x_wconf 88' lang='lat' dir='ltr'><strong>quolibet</strong></span> <span class='ocrx_word' id='word_1_732' title='bbox 3009 5556 3219 5614; x_wconf 86' lang='lat' dir='ltr'><strong>abbatis</strong></span> <span class='ocrx_word' id='word_1_733' title='bbox 3243 5559 3385 5616; x_wconf 83' lang='lat' dir='ltr'><strong>dono</strong></span> <span class='ocrx_word' id='word_1_734' title='bbox 3414 5569 3508 5616; x_wconf 88' lang='lat' dir='ltr'><strong>aut</strong></span> <span class='ocrx_word' id='word_1_735' title='bbox 3536 5578 3678 5617; x_wconf 75' lang='lat' dir='ltr'><strong>exa-</strong></span> 
     </span>
    </p>
   </div>
   <div class='ocr_carea' id='block_1_116' title="bbox 2094 5633 3680 5717">
    <p class='ocr_par' dir='ltr' id='par_1_116' title="bbox 2094 5633 3680 5717">
     <span class='ocr_line' id='line_1_116' title="bbox 2094 5633 3680 5717; baseline 0.015 -29"><span class='ocrx_word' id='word_1_736' title='bbox 2094 5633 2269 5691; x_wconf 88' lang='lat' dir='ltr'><strong>ctione</strong></span> <span class='ocrx_word' id='word_1_737' title='bbox 2310 5637 2496 5692; x_wconf 88' lang='lat' dir='ltr'><strong>usibus</strong></span> <span class='ocrx_word' id='word_1_738' title='bbox 2534 5652 2721 5695; x_wconf 90' lang='lat' dir='ltr'><strong>eorum</strong></span> <span class='ocrx_word' id='word_1_739' title='bbox 2765 5653 3028 5715; x_wconf 86' lang='lat' dir='ltr'><strong>perpetuo</strong></span> <span class='ocrx_word' id='word_1_740' title='bbox 3068 5646 3434 5717; x_wconf 80' lang='lat' dir='ltr'><strong>deservirem,</strong></span> <span class='ocrx_word' id='word_1_741' title='bbox 3488 5655 3542 5710; x_wconf 86' lang='lat' dir='ltr'><strong>id</strong></span> <span class='ocrx_word' id='word_1_742' title='bbox 3587 5666 3680 5712; x_wconf 79' lang='lat' dir='ltr'><strong>est</strong></span> 
     </span>
    </p>
   </div>
  </div>
