4006 6178
333 296 462 352 ιεει

1477 291 1860 376 DIPLOMATA
1903 293 2456 352 ECCLESIASTICA.

3450 292 3590 346 ηεξ

333 407 510 463 villam
535 421 654 475 qua:
684 404 882 458 dicitur
913 403 1126 467 Morus,
1173 420 1293 459 cum
1325 407 1578 460 omnibus
1609 406 1675 460 ad
1705 419 1764 458 se
1791 420 1910 472 pcr-
1940 410 1985 468 Α
2016 411 2327 464 monasterii
2360 412 2522 464 rebus
2566 419 2623 464 ut
2666 409 3110 478 irrefragabiliter
3138 407 3467 470 reficiantur,
3500 409 3592 463 de-

332 497 657 556 tinentibus.
707 503 762 548 ct
802 494 983 548 villam
1027 509 1146 562 quae
1191 496 1387 549 dicitur
1427 495 1737 557 Sarmasia,
1786 510 1910 548 cum

332 585 578 639 omnibus
620 583 686 636 ad
727 597 785 637 se
820 583 1250 652 pertinentibus;
1295 585 1546 639 similiter
1574 594 1628 640 et
1656 584 1907 637 Tatlt‘iaci

331 674 510 729 villam
539 689 658 728 cum
687 674 936 728 omnibus
974 673 1041 727 ad
1081 688 1139 726 se
1181 674 1612 742 pertinentibus;
1664 672 1914 726 similiter

335 763 514 816 villam
558 761 778 815 Patricii
807 776 930 815 cum
960 760 1212 818 omnibus
1259 763 1324 816 ad
1371 778 1430 816 se
1471 761 1908 831 pertinentibus;

333 854 581 906 similiter
603 861 656 906 et
677 852 857 906 villam
881 867 1000 920 quae
1022 853 1378 922 Longa-Aqua
1405 863 1768 924 nuncupatur,
1788 868 1911 908 cum

331 943 581 996 munibus
609 941 677 995 ad
704 956 764 996 se
793 942 1216 1009 pertinentibus;
1257 942 1510 997 similiter
1537 951 1593 996 et
1617 943 1705 997 illa
1731 944 1912 998 omnia

332 1045 451 1098 quae
494 1030 545 1083 in
590 1030 674 1084 his
710 1029 846 1084 villis
889 1046 1017 1099 pars
1061 1030 1303 1099 praedicti
1350 1031 1666 1086 monasterii
1712 1031 1911 1086 habere

334 1120 699 1188 dignoscitur:
751 1134 978 1187 quarum
1024 1120 1242 1174 nomina
1291 1121 1404 1175 bare
1452 1128 1623 1175 sunt:
1677 1120 1912 1175 Gromen

336 1210 487 1273 villa,
534 1209 730 1264 Aurosi
770 1210 926 1271 villa,
977 1209 1284 1263 Mcsseriaci
1315 1210 1469 1274 villa,
1514 1208 1716 1279 Canapi
1757 1209 1910 1274 villa,

333 1299 543 1353 Coriaci
567 1299 713 1361 villa,
738 1297 1096 1353 Gravunciaci
1118 1298 1263 1363 villa,
1287 1299 1434 1354 Floxi
1459 1299 1602 1363 villa,
1626 1299 1915 1354 Curtennis

335 1390 489 1454 villa,
533 1388 762 1458 Spiriaci
801 1390 960 1455 villa,
1008 1390 1211 1445 Abonis
1252 1390 1409 1454 Villa,
1461 1389 1711 1444 Bandrici
1757 1389 1908 1452 villa,

335 1480 546 1535 Paciaci
570 1480 692 1532 villa
714 1520 729 1544 ,
782 1480 1018 1549 anonis
1051 1480 1172 1535 villa
1192 1521 1207 1545 ,
1248 1479 1576 1550 Syncleriaci
1606 1479 1762 1541 villa,
1803 1478 1911 1533 Re-

334 1570 509 1640 guiaci
547 1570 670 1623 villa
691 1610 706 1633 ,
755 1585 963 1624 necnon
995 1571 1224 1640 desuper
1255 1569 1504 1634 ﬂuvium,
1546 1569 1688 1639 quod
1717 1569 1916 1623 dicitur

335 1659 606 1724 Fullouis,
654 1661 937 1729 hospitiola
985 1661 1120 1726 duo,
1175 1669 1338 1730 atque
1384 1661 1547 1717 etiam
1596 1660 1726 1714 illud
1770 1659 1913 1729 quod

334 1750 606 1806 Aufi‘ridus
637 1761 692 1806 et
718 1753 957 1808 Donatus
987 1762 1212 1822 nepotes
1239 1752 1486 1808 Jeremize
1517 1754 1790 1823 quondam
1816 1751 1912 1807 Se-

338 1842 543 1896 nonicae
578 1843 726 1896 urbis
754 1844 988 1912 episcopi
1015 1845 1081 1898 ad
1106 1842 1385 1913 praefatum
1419 1845 1804 1899 monasterium
1835 1843 1912 1897 le-

335 1933 528 2000 galiter
555 1933 897 1986 contulerunt
925 1953 937 1986 :
971 1934 1220 1988 similiter
1245 1935 1431 1990 vincas
1457 1944 1510 1989 et
1541 1943 1716 1990 terras
1740 1943 1914 1989 arato-

338 2025 447 2077 rias
475 2039 539 2077 ac
565 2032 716 2094 prata
747 2040 865 2092 quae
908 2024 962 2077 in
1008 2025 1235 2079 circuitu
1274 2027 1558 2080 memorati
1599 2026 1911 2080 monasterii

338 2113 394 2164 S.
419 2112 692 2167 Columbae
718 2128 838 2168 esse
860 2123 1184 2178 noscuntur;
1219 2125 1378 2184 atque
1403 2115 1685 2186 hospitiola
1713 2129 1832 2184 qua:
1860 2115 1913 2168 in

339 2204 455 2256 loco
483 2203 572 2271 qui
613 2203 808 2256 dicitur
835 2202 1074 2269 Canalis,
1119 2219 1242 2260 esse
1283 2214 1600 2260 noscuntur.
1645 2205 1751 2261 Sed
1779 2222 1914 2276 quo-

336 2294 482 2346 niam
525 2292 776 2361 deinceps
824 2302 1183 2346 memoratum
1232 2295 1620 2348 monasterium
1665 2309 1762 2362 per
1791 2295 1916 2349 sub-

338 2383 636 2452 reptionem
666 2383 1021 2451 quorumdam
1051 2383 1306 2437 Ecclesiae
1335 2382 1614 2437 Senonicaa
1645 2384 1915 2438 subditum

338 2472 543 2535 fuerat,
587 2471 713 2524 licet
758 2473 859 2525 hoc
899 2472 1075 2525 denuo
1118 2472 1371 2540 liquidius
1397 2481 1812 2542 cognoscentes,
1861 2473 1914 2525 in

338 2578 436 2616 suo
461 2575 582 2615 eum
615 2559 834 2631 [ipsum]
850 2558 973 2628 jure
997 2570 1052 2614 et
1075 2560 1444 2616 dominatione
1483 2577 1546 2615 ac
1576 2561 1916 2631 propriorum

339 2653 591 2706 abbatum
621 2652 881 2722 regimine
911 2653 1409 2716 constituissemus;
1442 2654 1664 2707 veniens
1691 2668 1918 2707 venera—

338 2744 458 2798 bilis
485 2744 567 2797 vir
591 2742 896 2813 Supplicius
916 2741 1154 2809 ejusdem
1183 2744 1347 2798 abbas
1373 2744 1600 2798 C(P-llObil
1629 2744 1695 2797 ad
1719 2753 1917 2799 nostrae

339 2836 634 2904 majestatis
655 2834 996 2903 prtesentiam
1026 2834 1301 2888 humiliter
1336 2842 1576 2888 nostram
1597 2833 1917 2904 supplicavit

337 2928 700 2991 clementiam,
733 2935 790 2980 ut
835 2936 1074 2981 nostram
1114 2935 1413 2981 mereretur
1457 2926 1736 2996 percipere
1780 2940 1918 2994 pra:-

339 3018 636 3087 ceptionem
655 3057 669 3082 ,
707 3031 803 3085 per
829 3031 990 3086 quam
1022 3016 1224 3070 nostris
1250 3015 1553 3084 futurisque
1583 3015 1918 3083 temporibus

339 3107 481 3161 idem
516 3116 761 3160 nostrum
797 3106 1143 3160 constitutum
1175 3104 1385 3158 firmum
1415 3112 1576 3173 atque
1614 3101 1917 3158 inviolabile

337 3207 696 3267 permaneret.
727 3196 889 3264 Cujus
914 3197 1267 3266 petitionibus
1293 3195 1577 3249 favendum
1605 3195 1824 3264 dignum
1850 3210 1912 3248 ac

339 3289 657 3344 rationabile
678 3289 1007 3357 judicantcs,
1039 3290 1138 3343 bos
1167 3297 1379 3343 nostros
1408 3287 1712 3356 imperiales
1735 3287 1916 3355 apices

337 3393 464 3448 erga
494 3379 837 3448 smpedictum
885 3379 1269 3432 monasterium
1313 3377 1430 3430 fieri
1473 3377 1768 3445 jussimus,
1818 3391 1916 3446 per

337 3485 472 3538 quos
514 3471 853 3540 praecipimus
893 3477 1054 3539 atque
1085 3470 1356 3524 sancimus
1400 3476 1458 3521 ut
1500 3467 1628 3522 nulli
1669 3467 1914 3522 ecclesiae

340 3563 420 3615 su!
441 3561 640 3622 ditum,
685 3561 777 3614 sed
808 3561 859 3612 in
896 3575 991 3613 suo
1017 3574 1343 3627 suorumque
1374 3567 1642 3612 rectorum
1673 3559 1913 3612 dominio

339 3657 395 3702 et
421 3650 808 3718 gubernatione
838 3649 1051 3716 degens,
1086 3647 1216 3699 nihil
1246 3646 1490 3712 obsequii
1517 3654 1611 3697 aut
1634 3645 1915 3698 solutionis

338 3739 423 3794 vel
463 3741 752 3807 quiquuam
794 3736 998 3788 servitii
1040 3735 1106 3788 de
1148 3733 1462 3787 memoratis
1497 3733 1636 3786 villis
1672 3733 1780 3786 ullo
1817 3748 1916 3786 un-

339 3839 502 3894 quam
536 3836 772 3891 tempore
804 3823 1006 3886 solvat,
1038 3831 1127 3875 aut
1159 3822 1367 3875 solvere
1396 3821 1786 3890 compellatur:
1820 3820 1915 3874 sed

337 3927 555 3983 semper
583 3914 784 3982 absque
814 3915 920 3968 ulla
951 3914 1032 3968 sui
1061 3914 1413 3968 diminutione
1448 3914 1499 3966 in
1531 3928 1658 3966 usus
1687 3912 1913 3966 fratrum

338 4007 470 4060 inibi
507 4004 618 4058 Deo
648 4005 990 4059 militantium
1025 4005 1297 4072 variisque
1327 4003 1540 4057 illorum
1572 4002 1911 4057 necessitati-

339 4098 438 4150 bus
487 4095 837 4159 deserviant;
902 4111 1001 4148 nec
1053 4094 1321 4163 quispiam
1378 4108 1566 4146 earum
1619 4092 1912 4162 quidquam

337 4189 577 4255 ejusdem
597 4196 690 4242 aut
709 4187 930 4241 alterius
952 4185 1301 4254 professionis
1325 4186 1492 4238 abbas
1519 4184 1570 4237 in
1593 4177 1912 4238 beneficium

338 4281 570 4348 cuipiam
599 4280 727 4334 dare
753 4287 1039 4348 praesumat
1065 4295 1076 4328 :
1116 4277 1236 4336 sed,
1274 4275 1414 4328 sicut
1441 4275 1693 4336 diximus,
1725 4287 1911 4327 eorum

340 4368 525 4422 usibus
560 4381 963 4436 pauperumque
993 4363 1391 4434 receptionibus
1419 4363 1730 4431 perenniter
1755 4362 1910 4416 obsc-

2015 499 2288 552 cernimus
2309 497 2754 570 atquejubemus.
2783 499 2848 552 Et
2871 506 2926 552 ut
2948 499 3062 552 bzec
3089 506 3290 552 nostra:
3304 496 3591 551 confirma-

2015 585 2176 640 tionis
2207 589 2497 642 auctoritas
2529 588 2733 643 nostris
2771 599 3253 655 successorumque
3283 595 3590 642 nostrorum

2014 677 2348 744 temporibus
2377 677 2758 732 inviolabiliter
2785 686 3157 740 conservetur,
3190 691 3349 729 manu
3374 671 3591 746 propria

2016 777 2196 822 nostra
2228 784 2347 824 eam
2370 771 2912 835 subterfirmavimus,
2963 777 3016 822 et
3057 768 3240 822 annuli
3278 768 3450 822 nostri
3490 768 3589 822 im-

2013 859 2291 927 pressione
2316 861 2579 930 assignari
2604 861 2883 929 jussimus.

2085 947 2309 1019 Signum
2332 949 2588 1005 Ludovici
2619 949 2950 1004 serenissimi
2979 949 3339 1018 imperatoris.

2086 1038 2221 1093 Data
2259 1055 2311 1094 tv
2338 1039 2520 1096 Nonas
2556 1041 2778 1110 Aprilis,
2808 1057 2970 1105 anno,
3000 1039 3217 1094 Christo
3245 1039 3500 1110 propitio,
3524 1040 3596 1094 25

2013 1128 2225 1198 imperii
2255 1131 2435 1184 domui
2467 1131 2723 1186 Ludovici
2750 1131 2980 1200 piissimi
3009 1131 3264 1200 Augusti,
3297 1131 3595 1187 indictione

2016 1221 2083 1274 l5
2105 1233 2153 1273 ιι.
2191 1220 2382 1275 Actum
2410 1221 2733 1293 Aquisgrani
2763 1222 2963 1291 palatio
2991 1223 3137 1291 regio
3167 1222 3218 1274 in
3257 1221 3352 1275 Dei
3375 1222 3598 1279 nomine

2014 1310 2263 1366 feliciter.
2295 1312 2485 1366 Amen.

2683 1382 2930 1438 CCXV".

2173 1477 2272 1516 PRO
2309 1475 2601 1515 ROTONENSI
2645 1476 2689 1516 S.
2723 1476 3048 1516 SALVATORIS
3085 1476 3435 1516 NONASTERIO.

2632 1538 2806 1607 (Anno
2835 1537 2984 1606 856.)

2018 1629 2120 1703 [Ex
2144 1633 2555 1703 probationibus
2581 1631 2828 1703 [listorite
2850 1631 3162 1703 Britannice,
3191 1647 3314 1702 pag.
3339 1630 3430 1696 50,
3454 1633 3594 1701 apud

2518 1701 2582 1755 D.
2609 1702 2900 1770 Bouquet.,
2928 1701 3082 1773 ibid.)

1941 1787 1988 1844 B
2056 1789 2142 1844 ‘ln
2186 1792 2403 1846 nomine
2442 1791 2652 1845 Domini
2693 1791 2788 1846 Dei
2835 1799 2888 1844 et
2929 1791 3224 1845 Salvatoris
3265 1793 3436 1846 nostri
3465 1791 3597 1848 Jesu

2015 1878 2216 1935 Christi
2241 1922 2256 1943 ,
2303 1881 2630 1946 Ludovicus,
2661 1882 2840 1936 divina
2872 1883 3259 1952 reprOpitiante
3289 1884 3596 1951 clementia,

2014 1974 2313 2043 imperator
2335 1973 2633 2044 Augustus.

2087 2061 2144 2115 Si
2186 2061 2327 2115 illius
2367 2078 2582 2125 amore,
2623 2071 2727 2118 etc.
2756 2065 2802 2114 δ.
2858 2062 3020 2131 Cujus
3066 2073 3288 2132 precatu
3333 2066 3595 2134 permoti.

2015 2152 2173 2206 simul
2211 2165 2266 2207 et
2298 2154 2515 2206 hortatu
2548 2162 2710 2222 atque
2740 2154 3046 2209 interventu
3077 2155 3250 2209 fidelis
3289 2157 3458 2210 nostri
3493 2156 3602 2210 No-

2016 2245 2194 2298 minoe
2221 2246 2554 2307 commoniti,
2584 2246 2908 2316 complacuit
2935 2247 3213 2300 serenitati
3243 2257 3443 2302 nostra:
3487 2248 3598 2316 ple-

2015 2335 2134 2388 bem
2166 2350 2285 2402 quae
2315 2335 2537 2388 l‘tannac
2565 2337 2893 2399 nominatur,
2938 2353 3060 2390 cum
3101 2338 3247 2392 omni
3291 2339 3599 2407 integritate

2016 2438 2109 2476 sua
2131 2463 2144 2487 ,
2188 2438 2287 2476 nec
2316 2439 2418 2476 non
2452 2432 2506 2478 et
2537 2423 2782 2478 locellum
2823 2426 2912 2493 qui
2953 2427 3263 2480 nominatur
3290 2426 3447 2490 Plaz,
3491 2428 3600 2482 imo

2017 2521 2067 2566 et
2107 2513 2425 2583 plebiculam
2463 2530 2582 2583 qum
2621 2515 2930 2570 nominatur
2957 2517 3168 2581 Ardon,
3209 2533 3305 2587 per
3330 2519 3472 2573 hanc
3501 2535 3598 2572 no-

2016 2613 2183 2658 stram
2212 2606 2589 2659 auctoritatem
2623 2616 2922 2661 memorato
2952 2609 3283 2662 monasterio
3305 2617 3466 2678 atque
3488 2624 3601 2664 mo-

2017 2697 2208 2751 nachis
2232 2697 2428 2752 ibidem
2453 2698 2563 2752 Deo
2585 2713 2682 2766 per
2704 2699 2956 2752 diuturna
2980 2706 3221 2767 tempora
3244 2699 3600 2754 militantibus

2018 2788 2251 2851 tradere,
2279 2798 2383 2842 etc.
2417 2799 2438 2826 ε

2091 2877 2222 2932 Data
2250 2895 2308 2932 ιιι
2337 2879 2453 2933 Kal.
2486 2879 2841 2950 Septembris,
2885 2898 3046 2945 anno,
3093 2882 3308 2937 Christo
3334 2883 3591 2953 propitio,

2017 2966 2088 3022 25
2116 2969 2326 3036 imperii
2350 2971 2552 3024 domini
2596 2969 2873 3037 Ludovici,
2909 2973 3203 3026 indictione
3231 2972 3297 3026 15
3317 2971 3367 3025 ἀ.
3401 2972 3596 3027 Actum

2021 3057 2299 3115 Karisiaco
2351 3061 2550 3129 palatio
2604 3062 2754 3132 regio
2812 3062 2865 3116 in
2924 3063 3017 3117 Dei
3072 3063 3290 3117 nomine
3347 3063 3594 3118 feliciter.

1945 3127 1988 3187 (ἶ
2020 3146 2212 3202 Anien.

2669 3222 2800 3278 CCX
2813 3223 2940 3278 Vill.

2249 3327 2351 3367 rno
2385 3329 2722 3369 νειιῑειωιιιυ
2760 3331 3001 3369 cunmnsr
3040 3331 3286 3371 EPISCOPO
3309 3325 3354 3373 ⁸.

2630 3393 2803 3463 (Anno
2837 3394 2986 3463 856.)

2017 3481 2193 3553 [Apud
2221 3482 2560 3548 Grandidier,
2605 3484 2746 3558 Hist.
2786 3485 2850 3538 de
2887 3486 3104 3558 l‘figtise
3138 3487 3203 3542 de
3243 3486 3593 3558 Slrasbourg,

2529 3564 2660 3607 tom.
2686 3554 2748 3617 ll,
2781 3569 2902 3623 pag.
2931 3555 3081 3626 203.]

2085 3642 2140 3694 In
2169 3644 2384 3697 nomine
2411 3642 2621 3697 Domini
2652 3645 2745 3697 Dei
2776 3645 3075 3701 Salvatoris
3100 3647 3272 3700 nostri
3295 3646 3421 3702 Jesu
3443 3649 3596 3704 Chri-

2017 3731 2102 3792 sti,
2129 3731 2450 3795 Ludovicus,
2481 3733 2659 3785 divina
2688 3735 3077 3802 repropitiaate
3100 3735 3402 3803 clementia,
3428 3738 3596 3806 impc-

2017 3829 2164 3873 rator
2187 3819 2461 3890 Augustus

2087 3910 2279 3964 Notum
2310 3912 2379 3965 sit
2408 3913 2568 3983 igitur
2596 3914 2804 3968 cunctis
2836 3913 3081 3969 fidelibus
3111 3925 3311 3971 sancta:
3339 3916 3592 3973 Ecclesiae

2016 4000 2354 4070 nostrisque,
2391 4003 2740 4072 praesentibus
2771 4005 2975 4058 scilicet
3003 4013 3058 4058 et
3083 4005 3307 4071 futuris,
3351 4007 3476 4076 quia
3513 4009 3592 4062 di-

2015 4089 2184 4144 lectus
2215 4088 2379 4144 frater
2410 4099 2593 4145 noster
2634 4091 2810 4163 Drogo
2839 4093 2857 4130 ί
2889 4094 3325 4165 archiepisc0pus
3362 4105 3416 4150 et
3451 4099 3588 4150 sacri

2014 4179 2197 4249 palatii
2246 4180 2934 4249 nostri_archicapellanus,
2981 4197 3081 4236 nec
3123 4199 3230 4237 non
3276 4183 3534 4238 Rataldus
3565 4187 3592 4224 ⁸

2016 4270 2198 4324 itidem
2226 4271 2528 4339 episcopus,
2567 4281 2808 4325 nostram
2837 4271 3094 4326 adeuntes
3124 4273 3589 4330 mansuetudinem

2015 4361 2377 4421 innotucrunt,
2401 4375 2466 4414 co
2490 4361 2628 4430 quod
2656 4363 2780 4415 dum
2807 4362 2986 4416 divino
3007 4361 3209 4430 judicio
3235 4365 3588 4433 quorumdam

337 4465 589 4524 quantur.
631 4455 706 4509 Ea
735 4470 864 4510 Vero
893 4468 1011 4522 quae
1043 4453 1107 4505 ad
1139 4451 1417 4506 sarcienda
1447 4451 1686 4520 ejusdem
1720 4467 1908 4505 mona-
1935 4459 1987 4517 Ῑ)
2014 4450 2386 4505 malevolentia
2438 4460 2490 4504 et
2537 4451 2770 4506 factione
2821 4454 3117 4508 honoribus
3165 4455 3379 4510 ccelitus
3435 4457 3590 4511 nobis

336 4545 487 4598 sterii
519 4553 656 4598 tecta
685 4545 990 4598 necessaria
1011 4542 1230 4606 fuerint,
1254 4541 1318 4597 de
1339 4543 1716 4597 communibus
1743 4543 1912 4612 ipsius

413 4667 436 4693 α
461 4656 670 4724 Corrig.
700 4655 884 4708 indici.
914 4655 1002 4707 Η.
1345 4705 1363 4720 ,

409 4724 439 4846 Ib
470 4725 736 4848 gus‘upra
774 4724 827 4778 in
867 4734 1135 4794 prmcepto
1175 4739 1269 4794 pro
1308 4725 1496 4778 eodem
1543 4725 1906 4790 monasterio,

429 4833 442 4846 ο
545 4815 577 4848 0
620 4834 631 4846 .

337 4811 442 4849 COI.
473 4811 603 4848 ‘I‘ZOI
620 4834 631 4846 .

409 4875 429 4902 ο
464 4865 533 4920 Ut
557 4879 716 4932 supra
746 4863 874 4918 ibid.

404 4934 430 4972 ἀ
457 4933 866 5004 Corrigendum,
895 4933 1177 5004 indictione
1207 4933 1290 4987 l4.

409 5015 431 5041 ο
460 5002 638 5074 Edidit
649 5003 881 5071 diploma
897 5003 1272 5074 Schtepllinus,
1287 5002 1457 5074 Alsat.
1477 5003 1693 5072 diplom.
1715 5011 1844 5057 tom.
1862 5004 1900 5065 l.

335 5087 456 5193 ﬂag.
485 5072 571 5136 77,
619 5087 684 5124 ex
715 5075 902 5126 codice
943 5089 1043 5125 ms.
1061 5072 1364 5128 Christiani
1397 5073 1646 5137 Urstisii,
1690 5075 1780 5140 qui
1823 5084 1905 5126 est

380 5143 577 5193 .isileze.
606 5143 698 5193 sed
729 5143 961 5193 maxime
992 5145 1348 5193 incorrectum
1376 5152 1428 5193 et
1457 5143 1721 5193 mutilum.
1772 5143 1904 5193 Illud

380 5143 577 5204 ..sile:e,
606 5143 698 5194 sed
729 5143 961 5206 maxime
992 5145 1348 5198 incorrectum
1376 5152 1428 5197 et
1457 5143 1721 5197 mutilum.
1772 5143 1904 5196 Illud

337 5214 425 5284 hic
459 5211 678 5284 damus,
716 5210 873 5278 quale
910 5226 974 5284 ex
1015 5215 1346 5284 autographo
1385 5215 1708 5283 descriptum
1745 5213 1804 5265 D.
1838 5215 1902 5267 de

333 5277 449 5332 Just
473 5278 628 5334 nobis
654 5277 1088 5333 communicavit.

414 5349 431 5386 ί
460 5348 635 5420 Drogo
673 5348 814 5400 filius
847 5348 1024 5401 Caroli
1069 5350 1274 5420 Magni,
1322 5352 1606 5420 cpiscopus
1648 5350 1903 5420 Metensis

334 5433 421 5469 an.
450 5418 553 5471 8:8
580 5419 773 5481 factus,
817 5432 1030 5484 semper
1057 5418 1226 5474 fidelis
1253 5418 1520 5473 remansit
1542 5419 1698 5472 fratri
1727 5419 1903 5472 Ludo-

335 5487 454 5539 vico
481 5487 596 5550 Pio,
640 5495 700 5540 ut
736 5485 966 5556 probant
988 5486 1220 5556 Annales
1253 5489 1560 5549 Bertiniani,
1597 5489 1734 5556 apud
1765 5489 1902 5542 Bou-

335 5567 578 5623 quetum,
609 5555 747 5610 tom.
768 5556 859 5625 Vl,
893 5571 1010 5624 pag.
1046 5555 1164 5609 195.
1203 5557 1410 5611 Titulus
1436 5555 1821 5625 archiepiscopi
1854 5561 1900 5612 ci

335 5626 556 5679 honoris
589 5641 750 5679 causa
790 5624 889 5678 fuit
926 5625 1152 5678 delatus.
1200 5625 1257 5679 ln
1291 5627 1440 5680 Actis
1474 5624 1686 5680 concilii
1729 5624 1901 5680 'l‘heo-

336 5698 492 5750 dnnis
518 5695 675 5760 villa,
704 5712 808 5768 quo
839 5694 984 5751 Eb‘iO
1015 5694 1332 5749 llhemcnsis
1367 5710 1454 5748 an.
1485 5695 1586 5750 835
1616 5695 1714 5750 fuit
1743 5697 1904 5765 depoo

2012 4545 2220 4599 collatis
2248 4545 2394 4599 dilati
2428 4543 2714 4599 fuissemus
2738 4547 2790 4609 ιι,
2836 4553 2890 4598 et
2921 4547 3284 4602 Verendarius
3313 4549 3324 4588 ί
3360 4563 3587 4604 venera-

2013 4656 2175 4717 situs,
2218 4657 2423 4724 primus
2457 4656 2596 4708 inter
2626 4671 2812 4709 omnes
2849 4655 3170 4723 subscripsit
3197 4656 3373 4724 Drogo
3402 4656 3584 4711 archi-

2011 4727 2314 4794 episcopus.
2348 4725 2667 4778 Nominatur
2687 4725 2862 4794 Drogo
2881 4726 3045 4792 frater
3064 4736 3111 4778 et
3135 4726 3584 4794 archicapellanus

2013 4805 2187 4848 noster
2214 4796 2267 4847 in
2297 4794 2582 4864 diplomate
2610 4795 2864 4848 Ludovici
2897 4795 2995 4856 Pii,
3024 4810 3129 4864 quo
3157 4811 3243 4848 an.
3271 4794 3374 4850 858
3404 4810 3585 4848 mona-

2012 4865 2233 4918 sterium
2262 4863 2492 4918 Anisola:
2523 4865 2697 4918 reddit
2730 4865 3022 4932 imperator
3047 4863 3300 4918 Adalrico
3326 4863 3586 4918 Cenoma-

2015 4934 2440 5053 nensEgpiscopo
2461 4974 2474 4997 ,
2515 4934 2654 5002 apud
2682 4934 2996 4996 Baluzium,
3038 4933 3131 4988 lib.
3165 4949 3223 4987 ιιι
3259 4933 3579 4997 Miscellan.,

2015 5018 2131 5053 [διιεῖ.
2231 5042 2242 5053 .

2011 5003 2242 5074 pag.96.

2087 5075 2111 5111 ε
2140 5072 2417 5135 Bataldus,
2438 5073 2549 5125 sive
2569 5072 2848 5126 Rothadns
2873 5073 3156 5141 cpiscopus
3177 5072 3582 5127 Suessionensis

2014 5141 2257 5196 interfuit
2306 5157 2518 5211 quoque
2564 5143 2883 5210 depositioni
2936 5143 3171 5196 Ehbonis
3222 5142 3577 5211 Rhemensis,

2013 5212 2269 5280 illumque
2305 5210 2458 5282 jussu
2503 5213 2842 5282 imperatoris
2869 5212 3017 5264 duxit
3061 5212 3119 5282 in
3153 5210 3579 5282 abbatiamFul-

2004 5283 2253 5342 densent,
2290 5280 2348 5334 ut
2377 5291 2564 5335 narrat
2579 5280 2938 5340 ‘Flndoardus,
2976 5281 3027 5333 in
3062 5280 3294 5334 Historia
3326 5280 3578 5334 Ecclesia:

2007 5350 2344 5411 Rhcmensis,
2379 5352 2470 5403 Iih.
2503 5366 2572 5404 ιι.
2607 5366 2724 5417 cap.
2752 5351 2840 5403 ‘20.
2899 5351 2960 5401 lit
2992 5350 3275 5404 Rataldum
3310 5351 3378 5403 ad
3409 5364 3580 5404 annos

2002 5419 2126 5479 851.
2151 5419 2275 5479 857,
2297 5421 2397 5473 858
2425 5430 2687 5472 memorat
2718 5420 3004 5478 Eccardus.
3033 5418 3273 5475 Francia:
3299 5419 3579 5476 orientalis

2005 5497 2135 5541 tom.
2163 5487 2225 5547 ll,
2252 5503 2372 5556 pag.
2400 5488 2525 5550 250,
2553 5487 2658 5541 2!;9
2684 5501 2729 5542 et
2760 5490 2883 5540 .309.

2075 5559 2098 5596 ι·
2128 5555 2641 5626 Alludit’imperator
2665 5557 2962 5611 Ludovicus
2986 5555 3112 5610 Pius
3136 5556 3202 5610 ad
3229 5574 3380 5611 suam
3405 5558 3471 5612 de
3494 5573 3579 5612 so-

2008 5626 2080 5680 lio
2107 5642 2246 5678 anuo
2269 5626 2376 5679 833
2401 5626 2628 5680 nefande
2654 5628 2848 5681 factam
2877 5627 3324 5681 deturbationem.

2088 5698 2102 5736 ί
2134 5694 2210 5750 De
2234 5696 2558 5752 Vcrcndario
2581 5697 2858 5766 sequentia
2885 5697 3048 5751 tradit
3067 5695 3395 5754 Fortunatus
3416 5696 3581 5765 Spre-
