4048 6182
469 303 610 363 1285

1558 293 1884 352 LUDOVICI
1921 293 1942 347 ι
1977 289 2446 348 COGNOHENTO
2483 290 2568 344 ΡΗ

3573 286 3718 344 ιω

459 417 584 472 bilis
610 415 785 470 Curite
825 419 1107 483 episcOpus
1139 424 1301 466 causa
1328 408 1602 464 fidelitatis
1634 408 1787 463 nobis
1811 421 2028 462 eonser-
2057 406 2106 464 Α
2131 418 2229 458 cus
2253 403 2436 458 divina
2463 402 2678 458 favente
2691 401 2862 470 gratia
2885 400 3251 456 Romanorum
3281 400 3584 470 imperator
3605 399 3724 455 An-

460 518 597 563 vatze
628 505 920 561 honoribus
956 502 1189 572 propriis
1230 501 1472 570 privatus
1512 499 1811 568 exsilioque
1848 507 2032 552 trusus

461 601 797 660 consisteret,
822 603 1148 666 praeceptum
1173 593 1442 662 quoddam
1471 591 1671 648 domini
1697 598 1751 644 et
1773 589 2034 658 genitoris

463 691 629 745 nostri
649 686 826 743 Caroli
848 683 1176 740 serenissimi
1203 682 1564 752 imperatoris,
1581 695 1679 750 per
1696 680 1838 750 quod
1856 679 2032 734 eidem

459 780 700 835 ecclesia:
735 776 994 846 quasdam
1031 789 1119 828 res
1147 773 1495 843 proprietatis
1535 786 1645 825 sua:
1684 768 1909 824 solemni
1942 768 2037 822 do—

465 871 680 925 natione
708 867 1039 928 contulerat,
1080 864 1350 933 perditum
1383 871 1438 917 et
1471 877 1503 915 a
1525 860 1648 929 jure
1675 860 1913 929 ejusdem
1947 871 2036 912 ec-

460 959 636 1014 clesia:
655 957 866 1026 penitus
886 957 1216 1009 abstractum
1237 951 1423 1006 fuisse.
1457 950 1564 1005 Sed
1585 949 1841 1018 quoniam
1864 946 2036 1003 nostri

457 1065 621 1104 causa
677 1053 1038 1102 memoratum
1091 1045 1401 1113 episcopum
1453 1040 1647 1096 exsilio
1697 1039 2035 1108 deportatum

458 1145 702 1203 constat,
734 1145 788 1191 et
815 1137 1006 1191 eodem
1033 1133 1327 1188 interstitio
1360 1137 1714 1186 memoratam
1747 1127 2039 1182 auctorita-

459 1241 567 1286 tem
617 1229 819 1284 domini
874 1235 929 1281 et
978 1224 1238 1295 genitoris
1288 1222 1461 1276 nostri
1511 1221 1766 1276 amissam
1820 1218 2036 1271 tandem

458 1322 637 1376 divina
667 1317 1037 1374 misericordia
1075 1315 1232 1369 nobis
1265 1313 1494 1382 pristino
1525 1309 1720 1365 honori
1749 1307 2034 1370 restitutis,

460 1419 758 1465 memorato
782 1422 995 1476 quoque
1021 1404 1272 1474 episcopo
1292 1403 1519 1472 proprim
1542 1399 1785 1454 ecclesia:
1807 1397 2036 1460 reddito,

457 1503 583 1572 quia
615 1502 730 1555 sine
764 1496 1029 1568 imperiali
1069 1494 1394 1549 auctoritate
1431 1498 1756 1545 memoratas
1792 1503 1880 1542 res
1919 1501 2038 1556 quae

457 1604 584 1651 sunt
617 1594 668 1648 in
706 1606 842 1661 pago
873 1590 1210 1650 Elisacense,
1260 1586 1314 1639 in
1344 1585 1463 1638 loco
1491 1582 1581 1651 qui
1610 1580 1807 1634 dicitur
1836 1576 2038 1631 Selezi-

458 1695 599 1742 stata
620 1698 665 1748 8,
701 1681 908 1750 capella
936 1678 1189 1732 videlicet
1215 1691 1338 1730 cum
1365 1674 1615 1728 omnibus
1657 1671 1725 1724 ad
1769 1685 1828 1724 se
1868 1666 2036 1736 perti-

2131 506 2340 568 gustus.

2205 589 2264 643 Si
2298 588 2415 643 loca
2445 588 2625 642 divino
2672 587 2844 642 cultui
2871 586 3174 656 mancipata
3203 583 3721 650 reformaverimus,

2133 689 2189 736 et
2211 696 2331 750 qum
2361 680 2677 750 corrigenda
2703 687 2830 733 sunt
2855 678 2942 747 pia
2965 679 3266 732 intentione
3289 677 3720 740 correxerimus,

2135 773 2239 828 hoc
2271 772 2458 842 procul
2485 772 2646 826 dubio
2673 770 2738 824 ad
2763 769 3154 824 statibilitatem
3181 771 3329 840 regni
3357 770 3526 823 nostri
3539 777 3595 822 et
3619 769 3722 822 im-

2136 868 2297 938 perii,
2322 876 2378 920 et
2404 867 2470 921 ad
2499 865 2994 920 remunerationem
3039 871 3298 918 aeternam
3329 863 3716 930 recipiendam,

2136 959 2264 1012 talia
2293 957 2471 1012 facere
2497 971 2602 1012 non
2639 955 2966 1010 dubitamus.
3004 953 3345 1024 Quapropter
3373 954 3586 1010 noverit
3603 968 3720 1008 om-

2137 1047 2286 1101 nium
2309 1054 2553 1100 nostrum
2581 1054 2637 1100 et
2654 1046 2896 1100 omnium
2923 1044 3161 1100 ﬁdelium
3187 1046 3622 1103 Christianorum
3644 1049 3721 1102 in-

2137 1137 2367 1200 dustria,
2399 1137 2542 1204 quod
2576 1135 2774 1191 fratres
2806 1136 2872 1191 de
2900 1136 3127 1190 ecclesia
3175 1135 3570 1199 Glanderiensi,
3601 1151 3721 1206 qua:

2138 1226 2193 1280 in
2223 1227 2428 1280 honore
2457 1233 2656 1280 sanctae
2683 1225 2778 1279 Dei
2807 1224 3084 1295 genitricis
3117 1225 3296 1278 Mariae
3325 1233 3380 1278 et
3406 1233 3722 1280 sanctorum

2138 1315 2509 1371 eonfessorum
2538 1315 2777 1381 Martini,
2803 1314 2982 1385 Digni,
3001 1313 3293 1384 Bodagisli,
3336 1323 3500 1383 atque
3531 1314 3723 1369 Unde-

2138 1409 2224 1464 nis
2253 1415 2591 1472 consecrata,
2621 1405 3004 1474 conquerenda
3046 1404 3296 1458 adierunt
3317 1414 3563 1458 nostram
3585 1421 3727 1474 prse-

2140 1502 2392 1566 sentiam,
2419 1502 2656 1556 dicentes
2682 1499 2970 1581 ecclesiam
2994 1513 3147 1552 suam
3177 1497 3462 1566 spoliatam
3492 1496 3661 1552 fuisse
3693 1513 3724 1550 a

2140 1593 2356 1661 regibus
2393 1592 2482 1662 qui
2539 1600 2664 1646 ante
2726 1589 3124 1660 progenitorem
3180 1597 3424 1643 nostrum
3467 1587 3724 1643 Carolum

2142 1687 2391 1756 Magnum
2415 1687 2758 1748 exstiterunt,
2786 1685 2854 1740 de
2875 1683 3043 1738 curiis
3080 1690 3137 1735 et
3163 1681 3324 1745 villis,
3358 1690 3413 1735 et
3439 1680 3725 1736 beneﬁciis

456 1775 734 1836 pentibus,
780 1780 834 1825 et
874 1771 927 1823 in
954 1768 1117 1824 Curia
1151 1767 1371 1822 civitate
1403 1763 1659 1818 telonium
1689 1760 1756 1815 ab
1783 1760 2033 1813 itineran—

2143 1792 2174 1830 a
2203 1776 2429 1831 Domino
2458 1775 2740 1844 Bodagislo
2784 1783 2940 1844 patre
2990 1772 3132 1826 beati
3154 1771 3420 1842 Arnulphi
3464 1769 3726 1826 Hetensis

458 1867 606 1922 tibus
653 1867 750 1920 sub
800 1862 1055 1916 ﬁrmitate
1097 1859 1236 1928 juris
1282 1872 1394 1913 suae
1443 1854 1686 1911 ecclesiae
1735 1851 2040 1906 nullatenus

461 1967 674 2030 poterat
698 1957 965 2019 detinere,
1006 1954 1314 2022 petiverunt
1341 1957 1583 2004 nostram
1609 1945 1859 2000 similiter
1883 1941 2041 1997 celsi-

359 2071 378 2076 ··
459 2051 698 2106 tudinem
743 2055 802 2101 ut
843 2061 1004 2115 super
1031 2043 1234 2098 eisdem
1272 2041 1432 2094 rebus
1461 2047 1708 2092 nostrum
1739 2039 2040 2088 mereretur

457 2142 705 2210 accipere
733 2136 1131 2204 conscriptum,
1172 2147 1268 2202 per
1296 2129 1439 2199 quod
1459 2171 1473 2193 ,
1516 2115 1719 2194 absque
1750 2122 2040 2192 cujuslibet

458 2233 647 2287 illicita
693 2228 1076 2284 contrarietate
1127 2233 1220 2279 aut
1264 2221 1671 2292 inquietudine,
1719 2233 1813 2273 eas
1857 2226 2041 2286 partes

454 2338 598 2394 saepe
623 2323 753 2376 dicti
783 2318 1038 2389 episcopii
1084 2318 1138 2372 in
1182 2324 1458 2386 posterum
1494 2311 1775 2383 possidere
1818 2324 1881 2363 ar
1917 2307 2041 2377 jure

454 2413 694 2484 legitimo
721 2411 1008 2479 disponere
1037 2407 1320 2477 potuisset.
1353 2403 1596 2470 Quorum
1625 2397 2041 2456 rationabilibus

455 2506 703 2577 precibus
733 2509 1034 2556 annuentes
1053 2539 1068 2563 ,
1115 2499 1214 2553 hos
1257 2505 1458 2552 nostra:
1482 2492 1828 2550 auctoritatis
1859 2490 2040 2560 apices

454 2603 751 2651 memorato
796 2593 1049 2663 episeopo
1096 2589 1318 2658 suisque
1371 2600 1467 2658 per
1511 2593 1758 2655 tempora
1801 2581 2039 2637 labentia

452 2684 855 2742 successoribus
906 2681 1024 2737 ﬁeri
1077 2697 1141 2736 ac
1192 2679 1312 2734 dari
1344 2677 1706 2741 decrevimus,
1759 2687 1857 2744 per
1904 2687 2039 2742 quas

453 2779 793 2849 prmcipimus
836 2782 997 2852 atque
1042 2771 1294 2841 jubemus
1338 2778 1400 2824 ut
1445 2769 1699 2837 deinceps
1738 2765 2040 2834 saepedicta:

454 2883 542 2922 res
580 2881 701 2920 cum
747 2863 896 2918 omni
939 2860 1283 2931 integritate,
1327 2869 1384 2912 et
1423 2856 1667 2910 teloneus
1691 2854 1758 2908 de
1785 2851 2039 2908 omnibus

453 2955 835 3013 itinerantibus
872 2953 940 3008 ad
982 2951 1268 3008 ecclesiam
1296 2947 1528 3005 dominae
1568 2952 1776 3000 sanctae
1820 2942 2037 3006 Mariae,

458 3060 854 3116 rectorumque,
889 3043 1105 3099 Christo
1132 3040 1388 3113 propitio,
1417 3037 1562 3092 illius
1590 3034 1903 3107 perenniter
1930 3047 2038 3086 ma-

2137 1867 2372 1937 episcopi
2396 1865 2636 1920 ecclesia:
2665 1863 3039 1920 Glanderiensi
3067 1862 3310 1927 collatis,
3362 1870 3422 1915 et
3449 1876 3571 1930 quae
3621 1861 3726 1932 ipsi

2139 1963 2543 2010 constructores
2567 1954 2669 2008 loci
2696 1954 2887 2008 beatus
2911 1941 3114 2023 Dignus
3135 1945 3189 2006 et
3220 1951 3397 2015 Undo,
3415 1967 3445 2004 a
3479 1950 3725 2020 tyrannis

2139 2045 2430 2100 crudeliter
2456 2045 2636 2100 ablata
2660 2044 2844 2100 fuisse.
2879 2045 3077 2100 Aurem
3104 2059 3234 2114 ergo
3263 2053 3460 2098 nostra;
3487 2044 3722 2099 clemen-

2137 2135 2228 2189 tiae
2249 2136 2326 2190 eis
2339 2137 2828 2200 accommodantes,
2853 2142 2907 2188 et
2933 2143 3155 2204 propter
3185 2134 3312 2188 illud
3340 2134 3572 2188 maxime
3593 2135 3723 2202 quia

2140 2224 2207 2278 ad
2236 2224 2518 2293 imperium
2552 2225 2858 2292 pertinebat
2884 2225 3058 2294 ipsum
3086 2225 3412 2288 coenobium,
3433 2224 3726 2280 consilium

2138 2316 2442 2385 principum
2469 2316 2679 2384 imperii
2710 2331 2873 2386 super
2923 2317 3026 2370 hoc
3059 2317 3426 2386 quaesivimus,
3456 2317 3544 2385 qui
3579 2316 3730 2386 indi-
3759 2372 3769 2382 ,

2139 2409 2223 2462 cio
2250 2409 2413 2462 curim
2440 2408 2520 2462 eis
2551 2407 2882 2462 reddendum
2907 2423 3028 2462 esse
3059 2408 3199 2475 quod
3231 2406 3430 2476 injuste
3460 2409 3541 2462 eis
3575 2408 3731 2463 abla-

2139 2507 2254 2552 tum
2278 2498 2408 2564 fuit;
2441 2497 2583 2567 quod
2607 2498 2871 2568 judicium
2897 2497 3085 2553 libenti
3116 2509 3172 2552 et
3218 2505 3374 2568 grato
3408 2498 3595 2552 animo
3630 2513 3730 2551 au-

2140 2588 2391 2642 divimus.
2425 2587 2528 2643 Per
2555 2589 2916 2644 interventum
2949 2587 3116 2659 igitur
3166 2587 3496 2642 eonthoralis
3525 2598 3728 2642 nostra:

2139 2679 2494 2753 Gruingardis
2522 2682 2744 2751 regium,
2775 2690 2831 2736 et
2864 2681 3097 2736 ﬁliorum
3143 2688 3455 2735 nostrorum
3477 2679 3726 2735 Lotharii

2140 2772 2388 2837 Caesaris,
2415 2780 2470 2826 et
2507 2772 2742 2842 Pippini,
2781 2782 2944 2842 atque
2980 2771 3260 2834 Lud0vici,
3287 2779 3343 2826 et
3383 2770 3724 2842 Angilramni

2141 2866 2558 2935 archicapellani
2599 2866 2805 2936 palatii,
2835 2874 2890 2920 et
2917 2864 3156 2935 episcopi
3195 2863 3452 2918 Metensis
3472 2864 3646 2926 urbis,
3673 2875 3726 2919 et

2139 2957 2442 3026 principum
2472 2956 2678 3021 Cur‘ize,
2713 2956 2990 3012 reddimus
3039 2955 3120 3010 eis
3168 2964 3377 3011 curtem
3435 2955 3724 3025 quamdam

2141 3047 2460 3113 Grundstat,
2489 3063 2613 3102 cum
2641 3047 2870 3103 ecclesia
2909 3054 2964 3102 et
2991 3047 3116 3102 dote
3141 3045 3277 3116 ejus,
3309 3061 3374 3101 ac
3411 3046 3549 3100 alias
3591 3047 3724 3100 duas

455 3147 648 3202 neant,
692 3146 748 3191 et
783 3135 1040 3204 quidquid
1086 3134 1151 3187 de
1192 3132 1273 3186 eis
1308 3129 1430 3199 jure
1469 3126 1841 3183 ecclesiastico
1876 3137 2033 3194 agere

2141 3139 2405 3195 ecclesias
2429 3141 2495 3194 de
2528 3139 2908 3204 Mertensheiu,
2937 3148 2990 3195 et
3023 3139 3089 3195 de
3111 3137 3483 3207 Vettemberg,
3515 3146 3570 3192 et
3595 3137 3722 3193 dote

456 3229 752 3290 voluerint,
793 3227 1020 3280 liberam
1049 3225 1103 3278 in
1129 3222 1382 3277 omnibus
1412 3220 1648 3274 habeant
1675 3225 1998 3287 potestatem
2021 3254 2036 3279 ,

456 3331 631 3386 neque
679 3315 843 3369 ullam
885 3313 1244 3375 calumniam,
1294 3317 1387 3363 aut
1431 3307 1874 3370 diminutionem,
1923 3303 2038 3358 sive

455 3405 817 3461 detentionem
855 3417 955 3473 pro
981 3401 1222 3468 ejusdem
1251 3398 1453 3453 domini
1485 3405 1541 3451 et
1573 3395 1835 3466 genitoris
1864 3391 2037 3448 nostri

455 3493 795 3552 auctoritatis
823 3491 1114 3547 amissione
1141 3487 1251 3542 ullo
1276 3501 1514 3556 unquam
1551 3492 1794 3554 tempore
1835 3495 1867 3537 a
1905 3497 2039 3553 quo-

454 3603 618 3658 quam
659 3601 718 3640 se
758 3583 967 3656 perpeti
1009 3581 1434 3652 pertimescant,
1487 3585 1754 3647 quatenus
1801 3590 1894 3630 eos
1940 3590 2038 3645 pro

455 3681 640 3730 nostra
668 3682 1086 3741 nostrorumque
1111 3668 1353 3724 omnium
1383 3666 1577 3730 salute,
1623 3672 1786 3734 atque
1824 3663 2038 3733 imperii

456 3782 487 3820 a
529 3768 639 3821 Deo
682 3765 838 3820 nobis
881 3761 1063 3818 collati
1105 3761 1401 3816 stabilitate
1445 3759 1655 3815 Domini
1697 3758 2036 3814 clementiam

451 3857 674 3912 liberius
700 3869 930 3909 exorare
955 3851 1206 3907 delectet.
1237 3852 1307 3906 Et
1331 3859 1392 3906 ut
1418 3858 1603 3904 nostra
1631 3849 1926 3903 auctoritas
1956 3848 2037 3901 in-

449 3948 820 4005 dissolubilem
856 3946 1099 4002 obtineat
1131 3943 1476 4007 firmitatem,
1521 3942 1587 3996 de
1617 3940 1817 3996 annulo
1850 3947 2036 3994 nostro

450 4042 639 4095 subter
663 4055 781 4094 eam
803 4037 1066 4108 jussimus
1093 4037 1336 4107 sigillari.

521 4132 654 4188 Data
679 4147 730 4184 vi
762 4129 887 4184 ldus
931 4127 1196 4193 Januarii,
1226 4143 1388 4191 anno,
1423 4125 1641 4181 Christo
1673 4123 1925 4194 prepitio,
1964 4121 2035 4175 22

453 4221 665 4292 imperii
695 4219 878 4275 domui
907 4217 1162 4272 Ludovici
1193 4217 1421 4287 piissimi
1448 4215 1706 4286 Augusti,
1740 4215 2034 4269 indictione

454 4313 539 4365 M.
591 4311 785 4364 Actum
826 4308 1164 4363 Francovurt
1184 4307 1234 4371 ι’,
1287 4307 1338 4360 in
1381 4306 1477 4360 Dei
1518 4305 1737 4360 nomine
1779 4303 2029 4359 feliciter.

450 4404 643 4458 Amen.

1137 4495 1363 4552 CCXIX.

773 4624 871 4664 PRO
910 4622 1242 4662 MONASTEBIO
1279 4620 1698 4662 LONGOVILLANO.

1066 4720 1238 4792 (Anno
1280 4720 1428 4792 856.)

822 4833 915 4906 [D.
939 4831 1191 4898 Calmet.,
1229 4829 1374 4884 Hist.
1405 4829 1660 4901 Lethen]

516 4947 578 5005 In
597 4960 813 5002 nomine
839 4950 1038 4998 sanctae
1057 4950 1112 4997 et
1137 4940 1424 4997 individua:
1461 4940 1767 5006 Trinitatis,
1792 4941 2026 4996 Ludovi—

447 5080 664 5141 cherus,
691 5075 744 5130 in
766 5073 980 5136 Rhetia,
1001 5071 1096 5127 lib.
1119 5087 1202 5136 Ill,
1227 5086 1350 5141 pag.
1366 5070 1434 5125 98
1451 5087 1471 5141 γε
1503 5089 1522 5121 ι
1545 5069 1750 5141 Victori
1773 5069 2023 5141 episeopo

445 5139 692 5206 Curiensi
741 5143 996 5199 suffectus
1035 5139 1397 5195 Verendarius
1443 5140 1715 5196 Ludovico
1765 5139 2023 5194 charissi-

447 5236 680 5274 mus.....
729 5216 1054 5284 Episcopatu
1096 5219 1150 5265 et
1190 5209 1510 5284 przefectura
1546 5224 1577 5262 a
1609 5209 1736 5263 ﬁliis
1755 5207 2020 5284 Ludovici

444 5276 801 5361 privatur....'.
820 5276 1003 5361 _Lib'_er
1021 5276 1206 5361 autem
1238 5280 1412 5361 factus
1438 5279 1729 5361 imperator
1755 5276 2025 5361 Yet-enda—

449 5347 587 5430 rium
623 5355 911 5430 restituitt
932 5353 1144 5430 ipsique
1171 5350 1351 5430 omnia
1388 5347 1669 5430 privilegia
1700 5348 2021 5430 in‘iihaetia,

447 5428 588 5482 idem
629 5427 696 5482 de
733 5419 987 5494 parochia
1030 5419 1280 5494 e't_boni_s
1318 5419 1630 5494 Se_le_stadii__
1641 5419 1698 5494 in
1735 5419 1938 5494 Alsatia
1968 5426 2024 5472 et

444 5496 566 5550 aliis
585 5489 891 5558 confirmat,
912 5513 930 5544 ›
953 5501 1057 5546 etc.
1089 5491 1344 5545 Eamdem
1368 5489 1652 5545 Selestadii
1678 5490 2021 5545 traditionem

444 5574 752 5617 memorant
775 5564 842 5616 ad
870 5577 1068 5615 annum
1093 5561 1197 5615 855
1224 5559 1528 5625 Bueelinus,
1557 5559 1611 5612 in
1641 5558 1835 5612 Rhetia
1866 5573 2019 5612 sacra

443 5639 502 5700 et
527 5631 748 5700 profana
767 5671 782 5696 ,
820 5647 942 5700 pag.
973 5631 1075 5684 175
1095 5669 1110 5695 ,
1155 5639 1212 5683 et
1240 5631 1306 5684 ad
1333 5645 1534 5684 annum
1559 5628 1662 5700 856
1691 5628 2016 5700 ’l‘schudius,

443 5647 502 5682 et
566 5647 782 5696 rorans,
820 5647 888 5700 pa
929 5670 942 5684 .
973 5647 1110 5695 uo,
1155 5647 1212 5683 et
1240 5647 1306 5684 an
1333 5647 1534 5684 annum
1559 5647 1662 5682 σου
1702 5647 2016 5692 ιδρηυαιυδ,

440 5647 632 5753 Garliaa
657 5647 1001 5770 comataeﬁib.
1032 5715 1080 5765 ι,
1125 5709 1263 5768 part.
1297 5715 1371 5766 iv,
1403 5715 1525 5770 cap.
1557 5698 1611 5764 6,
1645 5712 1766 5767 pag.
1795 5697 1919 5763 255,
1967 5708 2025 5753 et

941 5759 984 5770 ᾧ

2141 3245 2353 3294 earum,
2382 3238 2437 3284 et
2465 3229 2605 3284 sicut
2633 3230 2845 3300 genitor
2872 3238 3056 3285 noster
3077 3269 3093 3295 ,
3150 3228 3375 3284 Carolus
3404 3229 3628 3290 scilicet,
3667 3238 3720 3282 et

2140 3332 2239 3372 nos
2277 3318 2563 3380 tenuimus,
2593 3318 2671 3372 sic
2701 3318 2976 3372 reddimus
3013 3332 3132 3372 eam
3179 3333 3246 3372 ex
3283 3317 3498 3388 integro
3524 3318 3634 3373 Deo
3671 3328 3722 3372 et

2141 3417 2343 3463 sancta:
2368 3407 2482 3476 ejus
2511 3408 2758 3478 genitrici
2794 3407 2992 3472 Mariae,
3023 3416 3079 3464 et
3105 3407 3279 3463 beatis
3318 3409 3724 3465 confessoribus

2139 3498 2341 3552 Christi
2397 3497 2652 3564 Martino,
2692 3499 2888 3570 Digno,
2945 3499 3233 3571 Bodagislo
3267 3508 3429 3568 atque
3475 3499 3722 3564 Dodoni,

2139 3603 2261 3642 cum
2285 3588 2538 3643 omnibus
2566 3589 2896 3658 appendiciis
2917 3591 3049 3656 suis,
3066 3606 3188 3645 cum
3210 3591 3513 3645 hominibus
3534 3591 3653 3644 suis
3672 3602 3722 3645 et

2140 3681 2476 3746 mulieribus,
2505 3697 2626 3736 cum
2656 3681 2939 3748 reditibus,
2967 3697 3092 3736 cum
3119 3697 3308 3746 censu,
3331 3696 3450 3735 cum
3484 3682 3640 3751 agris
3668 3692 3724 3735 et

2139 3771 2480 3837 molendinis,
2508 3772 2747 3840 quaesitis
2768 3779 2823 3826 et
2845 3771 3502 3842 inquirendis,mobilibus
3522 3781 3580 3826 et
3611 3773 3720 3826 imo

2138 3863 2448 3928 mobilibus,
2476 3863 2732 3930 exitibus,
2748 3862 3006 3930 fontibus,
3023 3873 3076 3918 et
3091 3863 3194 3918 illis
3208 3863 3458 3919 omnibus
3482 3878 3721 3919 consue-

2141 3953 2414 4010 tudinibus
2447 3955 2642 4024 quibus
2665 3971 2727 4009 ea
2775 3955 2859 4009 usi
2898 3954 3128 4018 fuimus,
3154 3954 3284 4024 ipsis
3315 3953 3574 4008 fratribus
3621 3970 3723 4024 per

2138 4047 2516 4102 auctoritatem
2541 4047 2876 4117 imperialem
2903 4057 2960 4102 et
2977 4046 3240 4117 judicium
3275 4045 3578 4116 principum
3599 4046 3719 4100 red-

2137 4138 2334 4192 dimus.
2361 4135 2418 4192 Si
2448 4137 2570 4207 quis
2596 4145 2775 4192 autem
2803 4138 2867 4192 de
2887 4136 3294 4192 successoribus
3322 4135 3547 4200 nostris,
3580 4136 3721 4205 regi.

2136 4226 2237 4282 bus
2257 4226 2341 4281 vel
2359 4227 2788 4296 imperatoribus,
2819 4227 2900 4280 vel
2920 4235 3169 4296 potentes
3207 4225 3398 4294 aliqui,
3419 4225 3503 4280 vel
3531 4233 3721 4296 tyran-

2137 4332 2259 4381 nus,
2289 4315 2374 4369 vel
2405 4315 2737 4380 malefactor,
2762 4316 2933 4384 ipsam
2977 4323 3186 4370 curtem
3211 4330 3372 4384 quam
3405 4313 3720 4379 reddimus,

2135 4424 2233 4479 per
2256 4408 2549 4479 potentiam
2593 4407 2680 4462 vel
2724 4406 3069 4472 violentiam,
3116 4407 3200 4462 vel
3237 4406 3577 4463 occasionem
3613 4423 3716 4462 an-

2057 4469 2111 4528 D
2139 4497 2302 4562 ferre,
2332 4497 2417 4552 vel
2447 4497 2724 4560 invadere,
2755 4495 2838 4549 vel
2875 4496 3204 4550 comambire
3232 4494 3437 4567 [Forte,
3463 4512 3719 4551 concam-

2135 4587 2297 4660 bire],
2327 4588 2410 4642 vel
2455 4588 2507 4641 in
2536 4586 2835 4655 precariam
2864 4587 3026 4652 dare,
3073 4586 3157 4640 vel
3181 4585 3485 4641 abalienare
3537 4596 3717 4641 tenta-

2136 4680 2294 4744 verit,
2319 4679 2402 4733 vel
2451 4678 2772 4749 impedierit,
2816 4686 3056 4732 sanctam
3092 4677 3316 4732 Mariam
3361 4679 3559 4733 sentiat
3608 4680 3713 4733 sibi

2137 4771 2579 4835 adversatricem,
2601 4777 2656 4824 et
2679 4769 2733 4823 in
2759 4768 3008 4824 omnibus
3031 4769 3173 4823 beati
3203 4767 3540 4825 eonfessores
3559 4767 3712 4823 Chri—

2137 4861 2204 4916 sti
2235 4860 2495 4916 Martinus
2520 4900 2534 4923 ,
2582 4859 2805 4930 Dignus,
2836 4857 2990 4914 Undo
3019 4869 3182 4928 atque
3237 4857 3555 4930 Bodagislus
3601 4860 3713 4912 sint

2135 4953 2251 5022 ejus
2275 4953 2648 5024 perversitatis
2677 4951 2880 5006 inimici
2912 4948 3208 5018 etjudices.
3239 4951 3389 5006 Hanc
3405 4965 3536 5021 ergo
3557 4950 3716 5004 char-

2131 5081 2272 5136 inter
2320 5090 2668 5137 monumenta
2719 5079 3308 5149 Helvetico'l‘ugiensia
3355 5080 3417 5134 D.
3447 5081 3510 5135 L.
3539 5079 3598 5133 Β.
3645 5081 3713 5135 de

2129 5151 2434 5232 Zurlauben
2465 5151 2848 5232 manuscripts,
2877 5160 3010 5205 tom.
3043 5150 3137 5215 Vl,
3181 5166 3304 5273 pag.
3333 5150 3448 5231 57,.
3473 5159 3532 5204 et
3573 5149 3708 5209 Leu.

2131 5221 2505 5273 Helvettsehes
2528 5221 2784 5273 Lexicon.
2811 5229 2942 5273 tom.
2969 5220 3034 5273 V.
3061 5234 3182 5273 nan.
3207 5219 3242 5273 2
3275 5219 3332 5273 4.
3360 5235 3451 5273 aut
3475 5231 3708 5273 mortem

2131 5221 2505 5275 Helvetisches
2528 5219 2784 5283 Lexicon,
2811 5229 2942 5274 tom.
2969 5220 3034 5284 V,
3061 5219 3190 5289 pag.
3207 5219 3332 5284 264,
3360 5221 3451 5288 qui
3475 5231 3708 5275 mortem

2131 5290 2248 5358 ejus
2274 5290 2338 5343 ad
2367 5291 2400 5345 5
2423 5289 2674 5345 Octobris
2697 5289 2798 5346 844
2827 5290 3128 5344 constituit.

2203 5372 2228 5400 ι
2257 5359 2428 5414 Hodie
2453 5358 2780 5429 Schelestadt
2807 5358 3029 5414 Alsatizn
3057 5358 3328 5429 oppidum.

2201 5430 2229 5470 δ
2255 5427 2614 5500 Sghmpllinus
2634 5430 2772 5500 male
2793 5429 2955 5500 legit:
2979 5427 3297 5500 Aqut'égrani
3320 5427 3522 5498 palatto
3544 5428 3709 5498 regio,

2129 5499 2248 5555 loco
2272 5497 2614 5569 Francofurt.
2649 5497 2814 5554 Addit
2837 5497 3080 5569 quoque:
3115 5497 3534 5554 Hirmimnariu
3559 5497 3713 5553 nota-

2129 5573 2239 5624 rius
2266 5569 2335 5623 ad
2353 5567 2522 5640 vicem
2550 5567 2793 5640 Hugonis
2823 5567 3121 5640 recognovi;
3153 5583 3271 5640 qute
3297 5571 3464 5626 verba
3492 5588 3601 5628 non
3633 5573 3712 5628 le-

2126 5647 2325 5710 guntur
2350 5639 2403 5694 in
2428 5639 2783 5709 autographa.
