4006 6178
345 333 479 391 i255

1471 315 1863 374 DlPLOMATA
1898 289 2453 369 suetastasrica.

340 461 451 505 tam
479 441 785 502 videntibus
809 434 1144 508 principibus
1197 432 1362 488 totius
1395 428 1629 500 imperii,
1655 425 1917 482 fratribus
1943 424 2317 486 Aclaustrum
2358 421 2679 476 feminarum
2710 422 2829 476 sive
2852 422 3224 487 dominarum,
3284 420 3464 491 ibique
3503 437 3599 491 pe-

340 535 582 597 ecclesite
618 526 1022 591 Ganderiensis,
1047 525 1102 578 in
1133 522 1387 578 Saerario
1413 520 1583 575 sancti
1618 518 1766 573 Petri
1793 532 1921 598 conf

340 624 657 687 servandam
684 629 742 675 et
775 625 967 673 nostro
1015 612 1189 684 sigillo
1206 610 1467 680 iussimus
1500 624 1623 665 eam
1650 605 1917 678 insigniri.

410 718 633 784 Signum
671 705 928 764 Ludovici
952 700 1293 772 imperatoris
1316 699 1566 769 piissimi.

408 804 685 862 Hubaldus
699 800 767 855 ad
790 798 972 853 vicem
986 791 1336 865 Angelramni
1358 787 1772 858 archicapellani
1798 787 1924 842 sub-

339 895 553 965 scripsi.

408 964 603 1041 Actum
624 978 915 1037 Vormatiae
940 975 1067 1031 ldus
1117 971 1279 1036 Maii,
1325 983 1472 1025 anno
1516 964 1921 1024 Dominieaein-

341 1072 671 1134 carnationis
696 1068 820 1133 8'56,
867 1067 1054 1121 indict.
1088 1064 1144 1129 7,
1175 1060 1448 1117 Ludovico
1482 1057 1749 1129 piissimo,
1778 1070 1921 1113 anno

340 1164 764 1226 consecrationis
790 1160 907 1231 ejus
927 1159 961 1214 8
987 1198 1003 1223 ,
1060 1157 1116 1213 in
1141 1169 1307 1226 regno
1359 1152 1694 1209 Francorum
1749 1148 1922 1219 impe-

347 1277 404 1315 ra
412 1268 518 1314 nte.
1225 1355 1238 1367 ο

632 1407 726 1452 PRO
762 1402 1097 1446 NONASTERIO
1130 1395 1560 1439 HOHENBURGENSI
1587 1392 1635 1434 ⁸.

959 1477 1130 1549 (Anno
1162 1473 1312 1545 837.)

342 1554 456 1649 hlEx
486 1579 831 1651 transumth
877 1568 1147 1651 Vidimato
1201 1561 1613 1651 annini38§hin
1651 1559 1922 1651 tabulario

414 1642 708 1715 episcopali
732 1629 1066 1694 Tabernensi
1089 1638 1138 1700 δ,
1160 1635 1299 1703 apud
1323 1632 1669 1695 Grandidier,
1698 1629 1840 1684 Hist.
1857 1630 1922 1683 de

417 1714 632 1783 I‘Eglise
652 1711 717 1765 de
742 1708 1083 1776 Strasbourg,
1108 1714 1240 1760 tom.
1276 1703 1343 1769 ll,
1366 1717 1485 1773 pag.
1511 1700 1673 1773 205.]

2022 513 2265 567 renniter
2312 512 2748 581 permanentium
2779 551 2795 577 ,
2847 506 3082 566 instituit
3110 520 3166 567 et
3203 513 3509 567 construxit
3546 514 3601 572 in

2018 603 2166 659 omni
2200 602 2408 679 honore
2432 608 2485 656 et
2512 602 2779 666 decentia,
2810 602 2950 656 sicut
2975 586 3178 667 decuit',
3194 611 3375 657 mente
3405 612 3460 658 et
3479 603 3601 672 pie-

2019 701 2135 747 tate
2165 693 2383 748 tradens
2404 693 2485 746 eis
2516 707 2730 747 omnem
2759 692 3096 763 dignitatem,
3123 692 3442 759 dominium,
3452 695 3603 763 prin—

2018 784 2255 855 cipatum
2286 799 2408 838 cum
2432 783 2579 837 omni
2627 782 2751 851 jure
2779 785 2846 837 ad
2872 783 3176 851 hujusmodi
3208 785 3601 853 pertinentem,

2018 881 2073 928 et
2120 872 2357 928 dotando
2384 872 2680 943 resignavit
2718 872 2877 927 altari
2939 874 3112 928 beatae
3165 874 3390 945 virginis
3420 874 3604 932 Maria

1999 962 2218 1021 ‘ibidem
2251 963 2432 1018 omnia
2474 963 2612 1018 bona
2655 963 2946 1020 immobilia
2976 972 3032 1020 et
3069 963 3173 1020 alia
3214 979 3332 1034 qua:
3379 965 3603 1033 habuit,

2019 1052 2327 1124 specialiter
2355 1053 2652 1109 Ehenheim
2685 1053 2945 1123 Superius
2975 1066 3023 1120 α,
3052 1054 3376 1111 Rodeshcim
3400 1055 3449 1122 ἀ,
3478 1072 3604 1113 cum

2020 1144 2327 1214 quindecim
2355 1145 2525 1211 villis,
2542 1159 2676 1213 quas
2703 1143 2871 1200 voluit
2894 1146 2994 1202 sub
3013 1155 3280 1215 potestate
3313 1146 3601 1216 praedicta-

2022 1250 2141 1289 rum
2172 1234 2510 1291 dominarum
2530 1242 2771 1305 tempore
2795 1246 3055 1306 perpetuo
3088 1251 3426 1309 permanere.
3446 1237 3601 1293 Com-

2022 1324 2294 1379 mendavit
2319 1325 2602 1380 ecclesiam
2631 1325 2902 1397 prmdictre
2929 1326 3068 1381 villae
3104 1342 3215 1382 suae
3244 1336 3444 1384 sanctae
3472 1327 3602 1384 Odi-

2022 1415 2126 1481 liae,
2153 1415 2470 1486 praedictum
2499 1414 2794 1471 claustrum
2825 1416 2939 1471 sive
2965 1416 3247 1489 collegium
3276 1417 3606 1491 Hohenburg

2022 1522 2146 1562 cum
2171 1506 2317 1561 omni
2334 1504 2457 1575 jure
2480 1514 2531 1561 et
2556 1505 2860 1572 attinentia,
2889 1506 3044 1562 bonis
3077 1516 3272 1563 etcum
3301 1508 3419 1563 aliis
3448 1522 3605 1577 supe-

2024 1597 2139 1652 rius
2164 1596 2438 1666 expressis
2478 1611 2578 1664 pro
2635 1596 2871 1651 utilitate
2905 1597 3172 1651 dictorum
3231 1597 3604 1663 dominarum,

2020 1681 2166 1740 sicut
2193 1682 2321 1738 fecit
2346 1693 2401 1737 et
2428 1681 2658 1738 ﬁdeliter
2687 1683 2924 1737 donavit.
2954 1683 3198 1739 Tradidit
3226 1684 3391 1739 etiam
3412 1683 3608 1755 praedi-

418 1771 723 1860 Ludovicus
745 1799 841 1855 Dei
864 1771 1047 1870 gratia
1082 1771 1457 1850 Romanorum
1476 1771 1770 1861 imperator
1789 1804 1927 1846 sem-
1952 1774 1999 1833 Β
2151 1774 2408 1870 βῙῖω-δυῆθ
2437 1781 2493 1870 ξι
2526 1773 2643 1870 eius
2693 1771 3085 1870 pesteriSjure
3127 1782 3386 1870 perpetuo
3434 1774 3608 1870 possit

348 1907 447 1963 per
468 1892 745 1962 Augustus
773 1889 843 1943 ad
874 1893 1147 1958 perpetuae
1174 1884 1256 1939 rei
1285 1882 1618 1939 memoriam.

418 1981 571 2036 Pium
592 1993 713 2037 esse
733 1990 1019 2034 censemus
1054 1983 1110 2030 et
1131 1988 1433 2030 consonum
1476 1970 1676 2026 rationi
1697 1968 1927 2024 arbitra-

348 2086 488 2139 mur,
524 2078 675 2127 utea
703 2084 827 2139 qua:
872 2081 904 2121 a
947 2064 1190 2138 genitore
1228 2071 1413 2117 nostro
1443 2060 1635 2116 Carolo
1682 2059 1928 2131 piissimo

349 2161 674 2229 imperatore
703 2155 952 2226 personis
977 2151 1365 2209 ecclesiasticis
1394 2158 1450 2205 et
1476 2150 1718 2221 religiosi
1755 2157 1929 2204 status

351 2250 570 2320 provide
590 2256 716 2302 sunt
735 2261 1016 2315 concessa,
1046 2258 1114 2297 ne
1158 2241 1385 2311 alicujus
1405 2240 1689 2296 calumniae
1715 2241 1929 2310 patian-

353 2347 443 2393 tur
467 2334 820 2401 ineommoda,
840 2332 1265 2389 conﬁrmationis
1284 2340 1484 2386 nostrae
1506 2331 1700 2385 robore
1716 2331 1930 2385 munia-

354 2443 494 2483 mus.
521 2425 798 2483 Accedens
846 2423 1148 2492 majestatis
1182 2430 1382 2478 nostra:
1426 2421 1769 2491 prasentiam
1803 2420 1938 2477 dile-

353 2520 591 2579 ctissima
634 2515 830 2586 conjux
865 2525 1052 2571 nostra
1091 2514 1276 2570 Judith
1334 2527 1547 2583 semper
1587 2511 1830 2583 Augusta
1877 2520 1931 2567 et

353 2608 545 2664 devota
570 2609 757 2681 petivit
792 2605 1052 2679 quasdam
1074 2606 1284 2660 litteras
1305 2611 1359 2660 et
1381 2603 1661 2674 privilegia
1684 2602 1931 2659 renovari

352 2697 526 2757 felicis
554 2699 940 2754 recordationis
969 2695 1288 2753 venerabilis
1329 2695 1482 2750 ducis
1528 2695 1698 2764 patris
1723 2701 1929 2750 sanctae

354 2786 542 2843 Odilia:
594 2788 840 2858 virginis.
891 2786 1020 2856 Ejus
1080 2798 1293 2854 quoque
1335 2782 1649 2853 petitionem
1687 2781 1932 2837 libentis-

353 2879 489 2934 sime
508 2878 878 2950 adimplentes,
908 2879 1011 2934 hoc
1028 2885 1225 2932 nostrae
1252 2874 1592 2931 auctoritatis
1604 2882 1658 2929 et
1680 2873 1933 2943 immuni-

356 2967 483 3023 tatis
510 2976 835 3039 praeceptum
864 2966 981 3022 ﬁeri
1003 2965 1288 3036 jussimus,
1315 2972 1371 3019 et
1394 2964 1734 3019 decernimus
1770 2971 1932 3032 atque

356 3058 645 3122 sancimus,
672 3067 731 3114 ut
761 3058 1145 3113 monasterium
1173 3055 1327 3126 cuius
1369 3054 1689 3111 vocabulum
1712 3064 1799 3111 est
1823 3055 1929 3111 Ho-

357 3147 619 3217 hcnburg,
649 3162 771 3203 cum
799 3147 1052 3203 omnibus
1078 3146 1147 3202 ad
1169 3161 1228 3201 se
1253 3143 1650 3217 pertinentibus
1675 3144 1759 3199 vel
1785 3145 1930 3214 aspi-

355 3237 645 3304 cientibus,
674 3237 729 3292 in
767 3246 948 3293 nostra
973 3236 1282 3293 defensione
1300 3236 1620 3298 consistant,
1653 3235 1794 3290 sicut
1829 3238 1931 3292 sub

359 3328 581 3383 tuitione
609 3335 666 3383 et
686 3326 996 3383 defensione
1016 3326 1190 3396 patris
1213 3324 1383 3381 nostri
1416 3325 1780 3394 permansisse
1800 3340 1930 3380 con-

356 3427 485 3473 stat.
520 3419 639 3490 lpse
662 3433 875 3490 quoque
900 3419 1155 3489 princeps
1189 3420 1524 3483 honorosus,
1551 3426 1676 3471 ortu
1702 3432 1930 3487 genero-

356 3524 466 3577 sus,
491 3517 673 3566 mente
698 3510 990 3576 virtuosus,
1019 3508 1304 3565 devotione
1332 3507 1598 3579 gloriosus
1634 3507 1739 3563 dux
1770 3508 1922 3565 Adel-

358 3602 523 3668 ricus,
551 3601 657 3658 alio
691 3601 910 3656 nomine
943 3600 1167 3655 Ethieus
1196 3640 1212 3665 ,
1259 3614 1369 3655 suae
1397 3601 1592 3655 animae
1640 3601 1928 3656 consulens

354 3692 516 3748 saluti
549 3693 617 3746 ad
643 3690 945 3745 vacandum
974 3689 1087 3743 Deo
1114 3688 1289 3743 locum
1315 3689 1488 3757 magis
1510 3688 1579 3742 ab
1620 3688 1930 3747 hominibus

356 3787 778 3851 sequestratum,
816 3777 1099 3849 praefatum
1127 3786 1365 3831 montem
1414 3776 1743 3846 Hohenburg
1767 3776 1928 3848 elegit

357 3867 743 3934 habitaculum,
767 3882 876 3921 non
910 3865 1126 3931 vallem,
1149 3864 1330 3935 ibique
1362 3864 1427 3919 ad
1452 3863 1795 3922 serviendum
1822 3864 1931 3920 Deo

427 4035 456 4092 ε
494 4020 674 4092 Stylus
694 4029 749 4076 et
777 4019 1050 4092 formulae,
1108 4015 1379 4072 Ludovico
1417 4014 1524 4092 _Pio
1554 4015 1883 4092 inconsueta:
1912 4059 1927 4083 ,

355 4085 590 4174 diploma
630 4093 735 4147 hoc
752 4091 982 4174 multum
1026 4097 1353 4157 suspectum.
1386 4087 1431 4143 si
1468 4101 1575 4142 non
1600 4085 1795 4141 falsum
1819 4101 1932 4143 om-

355 4168 504 4227 nino,
542 4168 789 4230 arguunt.

428 4232 456 4271 δ
492 4225 820 4286 Ἲίἀίῖηθιιιιη
851 4229 955 4284 hoc
991 4226 1223 4297 diploma
1253 4225 1520 4297 reperitur
1548 4226 1603 4280 in
1623 4225 1822 4297 charta
1844 4225 1931 4296 ju-

354 4300 533 4356 diciali
562 4301 971 4355 membranacea
1001 4295 1127 4352 anni
1159 4295 1294 4350 1487
1325 4296 1574 4350 tabularii
1622 4295 1952 4350 Tabernen~

355 4371 453 4440 sis,
482 4386 600 4440 qua:
637 4385 735 4440 pro
762 4369 919 4440 titulo
949 4365 1562 4440 habet__inscriptionem
1594 4382 1606 4417 :
1638 4364 1770 4418 Acta
1797 4366 1929 4440 and

2026 1865 2258 1923 dentiam
2280 1863 2710 1935 jurisdictionem
2743 1864 2795 1917 in
2839 1863 2988 1918 curia
3010 1864 3314 1919 dominicali
3342 1862 3605 1933 superiori

2026 1956 2344 2023 Elienheim,
2372 1963 2427 2010 et
2449 1970 2642 2011 causas
2688 1955 2975 2026 judiciario
3020 1970 3171 2011 more
3210 1956 3504 2011 audiendas
3554 1962 3610 2012 et

2026 2048 2412 2116 diseutiendas,
2439 2062 2560 2103 cum
2592 2047 2819 2103 ecclesia
2846 2048 2901 2101 in
2923 2048 3110 2103 eadem
3133 2048 3284 2104 curia
3304 2050 3430 2115 sita,
3454 2048 3599 2120 ejus-

2027 2142 2151 2195 dem
2179 2140 2422 2196 ecclesiae
2453 2137 2540 2209 jus
2576 2147 2898 2209 patronatus
2930 2151 2984 2204 ο,
3032 2155 3096 2194 ac
3135 2140 3260 2210 jura
3310 2140 3377 2194 ad
3403 2139 3606 2195 dictam

2026 2231 2310 2286 ecclesiam
2333 2229 2657 2301 pertinentia
2682 2246 2805 2285 cum
2827 2229 2975 2285 omni
3006 2230 3128 2300 jure
3158 2237 3212 2284 et
3238 2230 3489 2285 libertate
3512 2246 3603 2286 re—

2028 2323 2277 2394 signavit.
2312 2322 2406 2376 His
2430 2329 2486 2376 et
2504 2321 2744 2392 pluribus
2786 2321 2905 2374 aliis
2945 2336 2973 2373 a
3024 2321 3282 2390 praedicto
3317 2321 3452 2376 duce
3485 2336 3610 2390 per-

2031 2412 2187 2475 actis,
2216 2419 2273 2463 et
2298 2418 2421 2470 post
2442 2410 2557 2478 ejus
2606 2417 2837 2462 mortem
2871 2408 3040 2461 multo
3075 2415 3316 2476 tempore
3345 2416 3400 2461 et
3444 2407 3603 2462 annis

2031 2500 2227 2570 elapsis
2256 2500 2497 2570 pluribus
2520 2507 2704 2553 sancta
2726 2496 2899 2552 Odilia
2920 2498 3074 2568 virgo
3103 2506 3321 2569 propter
3339 2498 3442 2553 loci
3473 2499 3608 2569 apti-

2033 2593 2272 2647 tudinem
2317 2590 2544 2645 inferius
2579 2589 2873 2645 claustrum
2922 2587 2942 2627 ΐ
2985 2589 3039 2643 in
3074 2588 3210 2645 valle
3259 2590 3600 2655 construxit,

2031 2683 2173 2752 quod
2188 2698 2309 2737 cum
2321 2682 2598 2752 dignitate,
2607 2678 2730 2748 jure
2748 2687 2802 2734 et
2822 2680 3018 2749 pietate
3035 2679 3320 2735 abbatissae
3329 2688 3383 2734 et
3397 2681 3609 2736 caeteris

2033 2774 2356 2829 dominabus
2386 2774 2438 2827 in
2465 2772 2792 2842 Hohenhurg
2815 2772 2867 2825 in
2898 2770 3042 2826 nullo
3058 2771 3275 2840 penitus
3304 2770 3605 2840 derogaret.

2034 2862 2101 2917 Et
2125 2863 2402 2918 sciendum
2431 2874 2512 2918 est
2541 2862 2685 2931 quod
2713 2868 2896 2917 sancta
2930 2859 3101 2916 Odilia
3134 2869 3188 2915 et
3227 2868 3456 2930 posterae
3491 2860 3610 2929 ejus

2033 2957 2321 3012 abbatissa:
2347 2970 2510 3024 quam
2532 2955 2711 3025 plures
2737 2970 2859 3008 eam
2894 2961 3176 3022 sequentes
3205 2952 3258 3007 in
3282 2951 3608 3025 Hohenburg

2032 3046 2278 3116 pluribus
2304 3047 2459 3130 anni‘s
2481 3055 2536 3101 et
2570 3045 2738 3100 multo
2771 3054 3012 3115 tempore
3038 3043 3288 3114 quaelibet
3331 3044 3445 3099 sola
3489 3053 3612 3114 post

2034 3141 2164 3196 dicti
2194 3139 2423 3216 claustri.
2442 3138 2959 3194 consummationem
2985 3138 3142 3193 ambo
3172 3137 3407 3193 claustra
3431 3138 3605 3193 ﬁdeli-

2036 3238 2119 3287 ter
2141 3232 2471 3303 gubernabat
2496 3238 2552 3286 et
2572 3230 2915 3300 procurabat.
2952 3229 3021 3284 Et
3048 3230 3164 3285 haec
3190 3230 3422 3301 probant
3442 3239 3498 3286 et
3524 3229 3609 3284 arm

2035 3321 2253 3377 ﬁrmant
2286 3322 2426 3392 quod
2474 3322 2664 3376 eadem
2693 3319 2815 3389 jura
2860 3330 2915 3375 et
2940 3326 3250 3390 potestates,
3282 3320 3608 3392 dignitates,

2031 3414 2363 3483 principatus
2397 3422 2451 3467 et
2491 3413 2726 3470 dominia
2751 3429 2782 3466 a
2826 3422 2977 3482 patre
3013 3418 3212 3466 sanctae
3242 3409 3431 3467 Odiliae
3467 3427 3610 3483 saepe

2033 3505 2180 3560 dicto
2206 3503 2446 3560 claustro
2474 3504 2529 3559 in
2577 3502 2906 3572 Hohenburg
2930 3502 3125 3558 tradita
3176 3510 3529 3571 permaneant
3555 3511 3611 3558 et

2034 3596 2265 3650 debeant
2289 3594 2670 3653 inviolabiliter
2688 3607 3024 3663 permanere.
3059 3594 3125 3648 Et
3173 3595 3289 3649 haec
3317 3604 3443 3650 sunt
3470 3595 3611 3649 bona

2032 3693 2089 3740 et
2114 3684 2332 3739 nomina
2362 3683 2611 3738 villarum
2652 3697 2771 3752 qua:
2801 3682 3092 3752 praedictus
3140 3681 3249 3737 dux
3287 3682 3507 3737 donavit
3555 3692 3611 3737 et

2033 3770 2256 3827 contulit
2285 3770 2525 3825 ecclesim
2557 3771 2608 3824 in
2624 3769 2952 3839 Hohenburg
2975 3784 2989 3822 :
3012 3768 3291 3824 Brunstatt
3320 3772 3367 3835 8,
3388 3768 3609 3836 Hfurth,

2034 3858 2445 3917 Heinmersdorf
2475 3861 2520 3928 ί,
2555 3857 2932 3915 Limmiswiler
2956 3857 2970 3909 i
2991 3899 3005 3926 ,
3034 3858 3321 3930 Hirsingen
3346 3861 3393 3925 ιι,
3422 3859 3610 3915 Karol-

2035 4029 2109 4075 ta.
2150 4017 2367 4074 Curiam
2405 4017 2782 4073 dominicalem
2814 4013 3016 4071 dictam
3066 4014 3435 4070 Gutenhausen
3484 4030 3607 4071 eum

2071 4090 2352 4145 uibusdam
2380 4087 2737 4144 immunitatis
2771 4085 2982 4153 juribus
3015 4101 3082 4140 ex
3125 4086 3349 4154 antiquo
3373 4085 3606 4141 dominio

2071 4106 2352 4145 "13118081"
2380 4106 2737 4144 tmmunttaus
2771 4106 2982 4153 JlIl'IDlls
3015 4106 3082 4140 ex
3125 4106 3349 4154 antiquo
3373 4106 3606 4141 (1011111110

2032 4106 2310 4215 ⁴1¹ίοςιὶιεθωίἱ
2342 4157 2564 4212 retinuit
2595 4157 2808 4212 abbatia
2833 4155 3323 4227 llohenburgensis,
3350 4171 3381 4209 a
3410 4170 3516 4225 qua
3540 4158 3608 4211 ad

2034 4230 2342 4299 episcopum
2367 4227 2814 4299 Argentinensem
2838 4226 3100 4299 pervenit.

2109 4308 2131 4335 ε
2172 4294 2285 4353 Hoc
2319 4295 2409 4366 jus
2434 4294 2753 4367 patronatus
2778 4294 2937 4351 hodie
2960 4304 3178 4351 exercet
3203 4294 3487 4367 episcopus
3507 4294 3608 4367 ᾼε-

2034 4367 2367 4439 gentinensis
2378 4365 2639 4439 bonorum
2656 4367 3186 4439 Hohenburgensium
3198 4365 3503 4439 possessor:
3513 4365 3606 4439 Ec.

354 4433 943 4513 Handlurtg'_ztoiscl_r_e_n__
962 4438 1077 4490 dem
1107 4433 1928 4513 Closter_}iohenl{urg,nund_den
1955 4456 2005 4513 ι)
2034 4433 2196 4513 clesia
2230 4439 2294 4513 de
2319 4453 2426 4513 qua
2445 4438 2535 4492 hic
2567 4437 2625 4490 ﬁt
2652 4437 2877 4513 mentio,
2908 4433 2993 4491 est
3018 4437 3072 4490 in
3102 4433 3280 4513 medio
3298 4435 3448 4513 urbis
3470 4434 3533 4490 Ol
3552 4451 3605 4489 c-

354 4524 454 4562 von
481 4502 797 4578 Moeraberg.
826 4507 1154 4578 Vidimatum
1182 4504 1482 4578 ibiAdicitur
1506 4502 1594 4578 die
1621 4505 1656 4556 4
1675 4503 1925 4578 Octobris

356 4578 493 4633 1585
514 4593 545 4632 a
572 4572 784 4633 notario
810 4577 1042 4647 publico.
1086 4575 1232 4647 Illud
1258 4572 1698 4647 jam‘retulerunt
1725 4572 1924 4647 Diony-

354 4649 467 4701 sius
489 4648 777 4711 Albreclit,
811 4643 1033 4699 "Histori
1062 4661 1157 4698 von
1182 4643 1534 4713 Hohenburg,
1589 4644 1730 4698 inter
1748 4643 1925 4713 iproh.

392 4732 476 4784 ag.
517 4716 602 4782 16,
633 4725 687 4770 et
716 4712 1556 4784 Schmpllinus,Alsatadiplomq
1588 4721 1719 4784 tom.
1743 4712 1784 4776 Ι,
1805 4728 1924 4784 pag.

392 4732 419 4769 ει
462 4756 476 4769 .
517 4732 602 4782 to,
633 4732 687 4770 et
716 4732 1280 4784 acnuaplnnus,tusat.
1311 4732 1363 4766 αι
1405 4732 1556 4777 tom.,
1589 4732 1719 4765 tom.
1743 4732 1784 4776 ι,
1805 4732 1924 4783 pag.

352 4732 492 4852 ἳῡὲ,
536 4787 627 4856 qui
684 4786 813 4840 illud
855 4785 1048 4839 merito
1098 4785 1238 4856 inter
1270 4732 1926 4856 dipibmataninterpolata

354 4851 780 4912 commemorat:
810 4856 969 4909 ambo
992 4853 1492 4908 veroincorreetum
1518 4851 1755 4905 edidere.
1773 4851 1927 4920 Ejus-

354 4927 477 4980 dem
510 4926 616 4981 diei
648 4937 701 4981 et
732 4926 857 4981 anni
884 4932 1061 4979 exstat
1092 4924 1278 4979 charta
1308 4920 1665 4975 immunitatis
1693 4923 1924 4976 authen-

354 4996 460 5050 tica
484 4995 736 5052 Ludovici
754 4995 855 5061 Pii,
885 5009 1047 5063 quam
1074 4994 1264 5048 damus
1285 4989 1446 5063 intra,
1475 5004 1623 5063 num.
1655 4992 1922 5063 sequenti.

426 5075 448 5102 ο
487 5064 656 5120 Hodie
686 5058 1111 5128 Oberéhénheim,
1157 5060 1512 5131 imperialium
1540 5058 1765 5131 iAlsatim
1793 5062 1926 5115 civi-

355 5141 524 5187 tatum
551 5143 722 5199 sexta,
759 5137 825 5189 ad
872 5134 1069 5189 montis
1101 5130 1437 5201 Hobenburg
1460 5130 1668 5201 radices
1693 5131 1815 5201 sita,
1847 5133 1925 5186 sic

354 5203 498 5258 dicta
522 5204 591 5257 ab
614 5196 767 5259 Ehno
794 5202 1151 5257 interﬂuente.
1180 5202 1293 5255 Hoc
1319 5196 1572 5270 oppidum
1610 5200 1925 5255 muniﬁcen-

354 5273 426 5325 tia
470 5272 709 5327 Adalrici
762 5273 914 5327 ducis
964 5274 1033 5326 ad
1092 5267 1923 5340 abbatiam'fﬂohenbut‘gensem

354 5342 617 5420 pervenit,
649 5341 1086 5420 totumqueolirn
1114 5340 1180 5420 ad
1209 5339 1479 5420 abbatiam
1513 5339 1773 5420 eamdem
1804 5353 1928 5420 per-

356 5408 541 5473 tinuit,
582 5411 753 5464 donee
788 5408 987 5465 saeculo
1023 5408 1338 5465 duodecimo
1384 5409 1455 5463 ab
1511 5408 1927 5477 imperatoribus

357 5478 432 5533 illi
471 5478 633 5533 fuerit
653 5480 911 5533 ablatum.

424 5547 450 5585 ά
491 5549 659 5605 Hodie
683 5548 949 5613 Rosheim,
975 5548 1115 5602 inter
1145 5544 1450 5613 imperiales
1475 5545 1723 5599 civitates
1736 5543 1926 5599 ordine

356 5619 603 5686 septima,
635 5620 796 5673 unius
833 5618 1000 5672 leucae
1022 5617 1197 5687 spatio
1215 5615 1422 5668 distans
1448 5614 1515 5687 ab
1540 5613 1926 5669 Obereltenhe-

358 5684 483 5752 min,
512 5703 634 5743 cum
662 5704 769 5761 quo
800 5684 1281 5743 eamdem'sortem
1312 5684 1509 5738 saeculo
1532 5699 1604 5737 xu
1627 5691 1710 5738 est
1734 5697 1927 5754 exper-

2032 4508 2311 4562 rehnheim
2336 4501 2443 4562 sita
2475 4521 2642 4577 prope
2689 4507 2895 4577 curiam
2926 4505 3311 4577 _senatoria_m_.__
3332 4501 3604 4577 Olimerat

2029 4578 2258 4632 ecclesia
2301 4572 2499 4632 matrii
2524 4596 2536 4628 :
2565 4572 2790 4631 vocatur
2836 4575 2993 4630 hodie
3020 4572 3429 4645 Cappel-Kirch,
3459 4575 3603 4630 dedi-

2030 4656 2150 4701 cata
2183 4647 2354 4701 beata:
2387 4645 2591 4701 Mariae.

2106 4715 2126 4754 τ
2171 4716 2221 4769 Ν
2227 4717 2575 4770 idermunster
2600 4714 2823 4771 dictum.

2103 4787 2129 4826 ε
2166 4784 2460 4848 Brunstau,
2496 4783 2816 4854 Sundgoviae
2859 4785 3013 4840 vicus
3039 4797 3204 4854 prope
3234 4781 3558 4854 Mulhnsium
3583 4823 3599 4844 ,

2030 4854 2173 4910 inter
2189 4855 2559 4924 possessiones
2581 4852 2853 4924 inferioris
2877 4852 3191 4909 monasterii
3217 4854 3525 4908 nominatus
3547 4853 3602 4906 in

2031 4922 2355 4979 testamento
2377 4935 2580 4979 sancta:
2600 4922 2808 4979 Odiliae.
3488 4925 3494 4931 ”

2096 4994 2127 5034 ιι
2169 4993 2330 5050 Vicus
2357 5009 2517 5064 supra
2547 4993 2895 5061 Mulhusium,
2924 4993 3156 5049 sinistrae
3182 4991 3282 5047 Elli
3327 4989 3459 5061 ripae
3496 4990 3601 5045 im-

2096 5064 2252 5119 situs.
3272 5074 3279 5079 “

2024 5078 2334 5188 p0‘z’uillfidie
2364 5131 2744 5203 Heimersdqrf,
2773 5133 2925 5189 vicus
2948 5146 3113 5203 prope
3148 5131 3507 5203 Phierretum.
3556 5128 3598 5182 Δ

2025 5204 2174 5259 curia
2202 5205 2254 5259 in
2276 5203 2566 5259 Arlisheim
2591 5200 2831 5257 inferiori
2855 5200 3182 5258 monasterio
3209 5200 3478 5270 assignata
3505 5211 3605 5319 ra

2025 5274 2275 5319 nendisse
2320 5272 2692 5319 Heimersdnrf
2717 5280 2947 5319 testatur
2993 5278 3372 5319 testamentum
3402 5267 3499 5319 Odi
3525 5268 3599 5319 ia-

2024 5274 2275 5343 pendisse
2320 5272 2692 5328 Heimersdort'
2717 5280 2947 5328 testatur
2993 5267 3372 5327 testamentum
3402 5267 3599 5324 Odilia-

2028 5357 2178 5397 num.

2101 5412 2116 5492 ξ
2166 5411 2625 5492 ζι-ιεετηςςιιεωείιςτ
2651 5409 2712 5492 in
2739 5408 3068 5492 Spndgovia.

2101 5482 2127 5521 ι
2167 5480 2515 5551 Hirschingen
2563 5480 2621 5533 in
2651 5477 2955 5551 Sundgovia
3013 5479 3157 5551 inter
3185 5477 3492 5551 Phirretum
3538 5480 3597 5529 et

2026 5551 2382 5633 A_ltkirchium
2414 5545 2571 5615 situs,
2603 5545 2977 5620 appendicium
3020 5549 3183 5604 curiae
3211 5545 3597 5602 Arlisbeimen-

2025 5637 2124 5676 srs.

3459 306 3600 362 1285
3676 342 3682 349 ι
