2003 3089
216 151 283 179 1Ξ37

774 146 931 173 L1'[)0\'ICI
952 146 961 171 l
981 144 1218 172 COGNOMENTO
1236 144 1276 171 l‘ll

1774 142 1847 169 1283

213 204 329 238 ᾱυερηοὶι
344 210 354 223 ι
366 225 372 235 ,
393 203 540 238 neiningen
555 202 584 233 δ,
608 201 804 228 h'immenheim
819 206 844 232 ν,
858 199 1000 227 Gundolfs-
1015 201 1039 229 Λ
1053 206 1112 225 rum
1130 202 1238 226 constat
1253 206 1313 225 esse
1326 197 1489 229 dedicatum,
1511 197 1631 224 tuitionis
1652 196 1848 224 immanitatis

214 249 285 275 beim
300 248 313 267 τι
325 269 331 279 ,
360 247 518 282 Regesheim
544 253 555 266 ο
571 267 577 279 ,
605 245 825 273 Rulechcscheim
844 245 866 277 ι,
885 244 1003 271 Balters-

215 293 286 320 heim
301 295 322 325 ε,
337 293 464 319 Hetwiler
474 293 499 319 ιι.
512 292 610 319 Omnes
619 292 743 318 homines
752 291 785 318 ad
797 291 939 318 ecclesiam
951 290 1004 317 llo-

215 339 335 374 henburg
347 339 522 374 pertinentes,
536 338 592 365 sive
606 338 695 372 longe,
711 338 767 364 sive
792 344 874 372 prope
894 344 1004 363 manen-

214 389 255 413 tes
266 385 364 412 debent
382 385 446 412 dare
471 385 610 416 ecclesiae,
638 383 709 418 quod
735 383 881 418 vulgaritcr
905 382 1005 409 dicitur

213 430 263 457 Val
281 430 302 462 ί,
318 434 345 457 et
356 437 468 457 censum
483 430 514 456 de
536 436 648 463 corpore
666 436 726 460 suo,
740 427 859 462 exceptis
882 427 1004 453 ministe-

215 476 338 507 rialibus,
352 475 396 509 qui
411 478 537 502 tenentur
550 473 693 501 defendere
709 473 840 500 honorem
855 475 882 499 et
896 471 1006 498 liberta-

215 526 269 550 tcm
289 521 420 549 ecclesiae.
435 521 490 547 Nos
506 527 570 547 vero
594 519 626 546 ad
641 518 786 545 utilitatem
815 521 842 544 ct
855 516 1005 551 profectum

214 567 334 603 pnedicti
350 567 460 594 claustri
480 565 644 599 liohenhurg
658 564 851 599 peragendum,
872 566 1005 597 quatenus

215 613 326 640 ancillas
341 611 387 639 Dei
407 611 472 638 inibi
488 611 542 638 Deo
566 610 726 637 famulantes
741 617 790 644 pro
807 609 884 636 nobis
898 608 1005 635 cadem-

215 669 267 696 que
283 661 395 695 conjuge
410 664 500 686 nostra
521 666 553 685 ac
567 658 651 693 prole,
669 657 805 691 totiusque
820 655 925 690 imperii
938 654 1006 681 divi-

215 706 289 733 nitus
301 705 377 732 nobis
389 704 477 731 collati
498 703 644 730 stabilitate
657 706 684 729 et
696 708 772 736 pace,
786 700 832 727 Dei
846 700 1005 727 immensam

214 750 385 776 clementiam
404 748 505 783 jugiter
528 754 642 774 exorare
668 746 798 777 delectet;
824 749 851 771 et
874 744 931 771 hazc
958 750 1006 769 no-

215 799 279 821 strae
296 793 464 821 auctoritatis
493 791 673 819 inviolabilem
697 794 724 818 et
750 789 917 817 inconfusam
937 788 1006 815 obti-

215 843 277 867 neat
290 839 453 870 ﬁrmitatem,
469 845 550 864 manu
563 840 655 863 nostra
662 835 770 871 propria
783 834 1004 869 subscripsimus,

215 883 434 911 conﬁrmavimus
447 887 474 909 et
489 881 568 917 sigilli
583 881 667 909 nostri
682 879 847 915 appensione
873 878 1003 914 assignari
1018 882 1042 912 Β

216 937 353 963 μιεδιιηυε.

254 974 349 1001 Datum
373 974 399 1000 in
415 973 514 1008 palatio
529 977 638 1004 nostro,
664 980 735 1000 anno
749 972 855 1000 Domini
881 977 1007 1006 octuage-

217 1019 300 1047 simoi
311 1040 318 1051 ,
326 1019 463 1046 tricesimo
475 1019 599 1053 septimo,
612 1018 758 1045 indictione
767 1018 883 1049 decima,
892 1016 1005 1051 septima

218 1064 278 1090 ldus
294 1064 393 1095 Martii,
407 1071 549 1097 regnorum
563 1067 716 1089 nostrorutn
732 1070 802 1089 anno
816 1061 986 1088 duodecimo.

552 1117 666 1144 CCXXI.

396 1172 446 1191 ΡΙἶο
471 1171 584 1191 ΛΠΒΔΤΙΔ
604 1170 829 1190 ιιοιιεδιιυιιοΕΝει.

525 1208 611 1244 (Anno
636 1208 709 1244 857.)

218 1255 271 1283 [Ex
284 1255 367 1284 veteri
384 1254 474 1282 sreculi
498 1253 561 1280 noni
575 1254 729 1288 apographo
749 1253 955 1288 membranaceo
982 1252 1007 1279 in

257 1291 387 1318 tabulario
400 1288 545 1324 episcopali
567 1287 733 1316 Tabernensi
753 1289 776 1320 κ,
801 1288 871 1323 apud
891 1287 1008 1314 Grandi-

257 1327 324 1358 tlier,
342 1324 419 1360 ibid.]

255 1383 284 1410 in
297 1382 404 1409 nomine
419 1381 525 1408 Domini
546 1380 594 1407 Dei
619 1384 646 1407 ct
668 1379 816 1406 Salvatoris
837 1379 923 1406 nostri
946 1379 1010 1407 Jcsu

219 1428 332 1460 Christi,
347 1427 508 1458 Ludovicus,
524 1426 611 1454 divina
624 1425 815 1460 repropitiante
830 1424 837 1443 1
856 1424 1008 1458 clementia,

222 1475 370 1509 imperator
382 1472 529 1507 Augustus.

255 1519 322 1547 Cum
334 1519 400 1546 locis
413 1518 467 1545 Deo
483 1518 578 1545 dicatis
593 1517 619 1544 in
635 1517 1011 1553 quibuseunqueindigucrint

1054 251 1106 278 que
1127 243 1212 279 gratia
1237 242 1295 269 ﬁeri
1317 242 1446 276 jusserat,
1467 242 1616 276 petivitque
1637 246 1665 269 ut
1686 249 1748 269 eam
1768 250 1848 269 more

1054 292 1185 315 consueto
1201 287 1335 319 renovari,
1349 287 1561 322 praescriptoque
1580 287 1743 314 monasterio
1763 288 1848 315 tribui

1051 332 1216 366 juberemus.
1232 331 1295 366 Ejus
1310 339 1416 366 quoque
1429 332 1587 366 petitionem
1606 332 1783 360 libentissime
1799 333 1849 359 ad—

1055 379 1205 414 implentes,
1229 379 1280 406 hoc
1303 383 1402 405 nostrae
1424 378 1595 405 auctoritatis
1617 383 1645 405 et
1666 379 1848 406 immunitatis

1054 428 1218 458 praeceptum
1240 423 1297 450 ﬁeri
1311 423 1449 457 jussimus,
1464 430 1512 458 per
1525 423 1597 457 quod
1619 423 1791 450 decernimus
1804 428 1846 450 at-

1054 476 1107 503 que
1129 469 1265 496 sancimus
1292 473 1322 495 ut
1350 472 1526 496 memoratum
1560 469 1753 496 monasterium
1786 477 1847 496 cum

1055 514 1179 543 omnibus
1202 515 1235 541 ad
1258 522 1287 541 se
1307 514 1504 550 pertinentibus
1530 514 1572 540 vel
1598 514 1792 548 aspicientibus
1822 514 1848 541 in

1055 564 1147 588 nostra
1162 559 1319 587 defensione
1338 564 1420 594 atque
1442 559 1622 586 immunitatis
1644 559 1757 586 tuitione
1780 566 1850 586 con-

1055 605 1145 637 sistat,
1165 605 1307 639 nullusque
1326 604 1409 638 judex
1434 604 1566 638 publicus,
1590 611 1640 631 nec
1662 604 1790 638 quislibet
1817 612 1851 632 ex

1054 651 1197 686 judiciaria
1219 654 1365 685 potestate,
1381 653 1428 677 aut
1441 650 1524 677 etiam
1543 650 1594 676 alia
1619 650 1704 685 major
1726 650 1851 677 minorve

1055 703 1171 731 persona
1189 695 1216 722 in
1230 695 1370 726 ecclesias,
1391 698 1438 722 aut
1458 694 1525 726 loca,
1542 694 1585 721 vel
1601 702 1688 729 agros,
1709 702 1757 722 seu
1782 694 1851 722 reli—

1056 749 1124 777 quas
1147 741 1340 776 possessiones,
1365 748 1433 775 quas
1458 741 1587 768 moderno
1605 745 1725 774 tempore
1743 741 1770 767 in
1790 741 1852 775 qui-

1056 786 1173 814 buslibet
1186 786 1262 820 pagis
1276 785 1318 813 vel
1340 785 1486 812 territet-iis
1510 786 1535 812 in
1550 785 1723 812 traditionem
1741 785 1851 819 imperii

1056 832 1141 859 nostri
1157 831 1229 866 juste
1247 835 1274 858 et
1288 830 1409 866 legaliter
1430 831 1558 865 possidet,
1571 831 1613 858 vel
1633 838 1664 858 ea
1687 838 1748 865 qua:
1770 831 1850 858 dein-

1056 885 1119 912 ceps
1139 877 1199 911 jure
1219 877 1303 912 ipsius
1324 876 1441 904 voluerit
1460 877 1549 904 divina
1573 876 1660 911 pietas
1676 876 1787 911 augeri,
1818 876 1852 903 ad

1056 932 1152 951 causas
1169 924 1311 957 jtuliciario
1327 931 1402 950 more
1426 923 1574 949 audiendas
1598 922 1640 949 vel
1655 922 1851 953 discutiendas.

1056 971 1097 997 vel
1122 974 1229 1004 paratas
1255 968 1407 1000 faciendas,
1430 973 1475 994 aut
1504 966 1675 1001 ﬁdeiussores
1699 967 1849 999 tollendos,

1057 1020 1100 1041 aut
1116 1014 1237 1040 homines
1255 1014 1338 1047 ipsius
1352 1018 1405 1040 tam
1421 1014 1551 1048 ingenuos
1568 1020 1650 1047 quam
1665 1016 1692 1039 et
1706 1020 1813 1044 servos,
1824 1018 1851 1040 et

1057 1068 1137 1093 super
1158 1064 1258 1085 terram
1283 1058 1365 1093 ipsius
1389 1062 1591 1085 contmanentes
1615 1057 1713 1092 injuste
1739 1058 1850 1085 distrin-

1058 1105 1168 1139 gemlos,
1189 1104 1230 1130 vel
1245 1103 1318 1130 frcda
1333 1103 1473 1138 exigenda,
1490 1110 1538 1130 nec
1557 1102 1624 1129 ullas
1645 1102 1850 1134 redhibitiones,

1058 1155 1105 1176 aut
1128 1150 1234 1176 illicitas
1249 1149 1405 1176 occasiones
1426 1153 1437 1165 °
1465 1148 1649 1183 requirendas,
1675 1149 1773 1175 nostris
1799 1155 1850 1175 nec

1052 1195 1155 1222 ‘futuris
1171 1195 1336 1229 temporibus
1349 1194 1453 1229 ingredi
1468 1194 1574 1225 audeat,
1590 1202 1641 1221 nec
1653 1201 1685 1221 ea
1697 1202 1756 1229 qua:
1768 1202 1851 1230 supra

1059 1245 1207 1267 memorata
1233 1245 1295 1267 sunt
1315 1241 1424 1275 penitus
1443 1240 1551 1275 exigere
1568 1244 1723 1274 prtcsumat.
1739 1240 1792 1267 Sed
1805 1247 1850 1267 re-

1059 1290 1130 1312 mota
1160 1286 1240 1312 totius
1264 1285 1414 1319 jtuliciaritc
1439 1285 1579 1319 potestatis
1602 1290 1683 1319 atque
1705 1292 1850 1319 pravorum

1059 1331 1196 1357 immixtum
1228 1330 1430 1364 inquietudine,
1464 1330 1535 1357 idem
1564 1331 1761 1357 monasterium
1788 1338 1849 1357 cum

1059 1377 1184 1404 omnibus
1209 1376 1290 1403 rebus
1317 1380 1345 1403 et
1369 1375 1511 1410 mancipiis
1534 1376 1567 1402 ad
1590 1383 1618 1402 se
1642 1376 1850 1410 pertinentibus.

1060 1423 1129 1449 sicut
1153 1422 1253 1449 dictum
1278 1426 1331 1453 est,
1354 1422 1404 1449 sub
1419 1426 1512 1450 nostra
1528 1422 1661 1456 imperiali
1685 1422 1852 1457 protectione

1060 1471 1088 1494 et
1102 1466 1280 1494 immunitatis
1295 1466 1450 1493 defensione
1461 1473 1568 1501 semper
1579 1466 1699 1500 quietum
1710 1467 1850 1494 consistat.

1061 1512 1195 1546 Quidquid
1207 1516 1298 1539 autem
1321 1511 1354 1538 de
1376 1511 1476 1538 eisdem
1502 1511 1584 1538 rebus
1604 1510 1648 1545 jus
1670 1511 1727 1538 ﬁsci
1745 1511 1851 1546 exigere

222 1566 362 1595 consulere
378 1565 536 1600 satagimus,
552 1565 610 1599 ejus
633 1565 747 1600 gratiam
773 1565 849 1600 cujus
870 1571 962 1591 amore
983 1564 1010 1591 id
1024 1562 1046 1592 C
1062 1563 1178 1593 Ροῑθηῑ,
1192 1563 1276 1586 mlum
1292 1566 1340 1585 n05
1357 1558 1383 1585 in
1396 1562 1489 1585 ηοεῑτει
1502 1557 1672 1593 elemosyna
1688 1558 1775 1584 Eidem
1788 1565 1852 1585 con-

222 1612 359 1639 noscimur
372 1610 478 1638 efﬁcere
492 1610 672 1637 abundantius
682 1610 830 1645 promereri
841 1609 1008 1637 conﬁdimus.

223 1657 232 1683 Ι
245 1657 326 1683 lcirco
337 1660 428 1681 nottnn
442 1655 499 1681 ﬁeri
515 1655 637 1681 volumus
649 1655 769 1682 omnium
781 1654 899 1682 ﬁdelium
910 1658 1011 1681 sancta:

224 1701 270 1728 Dei
288 1699 416 1727 Ecclesia:
434 1703 651 1733 nostrorumque,
664 1703 719 1726 tam
738 1700 909 1734 praesentium
931 1707 1010 1734 quam

222 1751 250 1773 et
274 1745 436 1776 futurorum,
459 1744 605 1777 industrim,
625 1745 686 1779 quia
714 1744 888 1771 dilectissimo
914 1743 1011 1778 conjttx

223 1795 315 1819 nostra
334 1789 425 1817 Judith
439 1796 458 1809 ιιι
473 1797 579 1825 semper
592 1790 710 1825 Augusta
726 1789 818 1817 offerri
837 1789 901 1817 fecit
913 1790 1012 1817 obtuti-

223 1838 274 1863 bus
294 1835 443 1869 majestatis
466 1840 565 1862 nostrm
585 1835 731 1870 quamdam
754 1836 923 1863 auctoritatis
944 1843 1012 1870 prte-

224 1881 374 1916 ceptioncnt
389 1889 469 1915 quam
485 1881 598 1907 domnus
613 1885 640 1908 et
657 1881 762 1916 genitor
787 1885 879 1909 noster
901 1881 1012 1910 Carolus

223 1926 361 1961 piissimus
375 1926 520 1960 imperator
533 1931 545 1944 ιι
561 1934 624 1961 erga
636 1926 830 1953 monasterium
844 1926 920 1961 cujus
931 1934 1012 1954 voca-

225 1971 316 1999 bulum
338 1975 379 1998 est
401 1970 580 2006 Ilohenhurg.
599 1971 671 2005 quod
696 1971 722 1997 in
749 1971 851 1998 honore
874 1971 1012 2005 genitricis

226 2017 255 2043 1).
273 2017 304 2043 Ν.
320 2016 382 2044 Jesu
404 2016 503 2043 Christi
518 2022 544 2043 et
554 2016 623 2043 beati
640 2016 713 2043 Petri
735 2016 864 2051 principis
878 2016 1012 2051 apostolo-

261 2090 273 2101 "
293 2083 440 2111 Karstbaclt
453 2091 536 2118 prope
553 2084 743 2111 Altkirchium.

263 2120 275 2139 ιι
289 2119 442 2154 Reiniugen,
462 2120 488 2145 in
502 2119 634 2154 Mulhusio
646 2119 729 2146 leuca:
741 2119 827 2154 spatio
844 2118 958 2146 distans.

263 2160 273 2173 η
288 2153 418 2180 Kunheim
432 2153 458 2189 in
470 2153 596 2180 ballivatu
607 2153 861 2189 Kochersbergensi,
876 2154 1013 2189 pertinens

227 2189 259 2215 τιςῖ
275 2189 428 2223 episcopum
442 2187 675 2223 Argentinensem.

262 2223 273 2243 δ
290 2222 474 2250 ϐιιηίιεΙδΙιρίηι
485 2222 569 2257 prope
582 2223 723 2251 Rufacum.

265 2265 275 2278 ε
290 2257 415 2284 Rexltet'm
432 2266 513 2292 prope
526 2257 732 2286 Ensishcmium.

266 2293 275 2312 τ
294 2292 467 2328 δυΤεΙεΙςεὶηι,
484 2301 536 2319 non
552 2293 643 2328 procul
660 2294 693 2320 ab
708 2293 886 2321 Ensishemio.

264 2329 277 2347 ε
291 2326 472 2358 Baltersheim,
486 2326 567 2354 etiam
582 2329 607 2354 in
618 2328 715 2355 vicinia
727 2328 897 2355 Ensishemii.

262 2363 276 2382 δ
292 2361 371 2398 Vicus
395 2362 520 2396 ignotus,
545 2363 595 2389 nisi
624 2363 736 2390 forsitan
761 2361 908 2389 Certweiler
929 2370 1011 2398 prope

228 2397 295 2424 Barr
316 2397 349 2423 ab
368 2398 524 2424 amauuensi
548 2397 617 2424 male
636 2398 760 2432 scriptus,
785 2398 830 2431 qui
848 2397 1013 2425 memoratur

229 2433 254 2459 in
271 2435 433 2458 testamento
448 2436 546 2459 sancta:
563 2431 666 2460 Odilitc.

267 2468 274 2486 λ
293 2465 353 2496 Val,
368 2468 424 2493 sive
440 2466 587 2499 Fall-lins,
601 2475 652 2494 vox
673 2466 753 2494 medii
771 2466 832 2499 aevi,
849 2471 927 2494 erant
951 2474 1012 2494 ceu-

228 2509 274 2528 sus
289 2500 408 2535 quolibet
425 2508 495 2528 anno
509 2502 628 2536 incerta
647 2502 689 2529 die
710 2501 854 2536 praestandi
869 2503 919 2529 sub
932 2509 1013 2536 ptena

227 2536 387 2597 caduc‘iéatis
413 2535 496 2563 fundi.
525 2535 649 2569 Haltaus,
668 2537 696 2563 in
711 2535 850 2563 ’GIossart'o
875 2535 1012 2569 Gentium,

227 2579 287 2597 nae.
356 2590 362 2597 .

245 2579 287 2597 aa.
301 2579 362 2597 λιιι.

227 2579 442 2640 ναᾳιέἔέηᾶυω
454 2605 674 2640 octingentesimo.
695 2605 730 2632 At
742 2613 802 2632 cum
821 2613 891 2632 anno
912 2605 1012 2633 Christi

227 2639 343 2675 837nm)
359 2641 492 2675 quadrant
502 2639 552 2667 nec
567 2640 676 2667 intlictio
696 2640 810 2672 decima,
822 2648 881 2675 qua:
895 2641 1014 2668 occurrit

229 2648 276 2666 not
293 2648 343 2666 non
359 2648 492 2701 quaerant
502 2648 552 2667 nec
567 2648 676 2667 tnmcuo
696 2648 810 2672 oecima,
822 2648 881 2675 quae
895 2648 1011 2668 occurrit

229 2674 306 2701 annis
327 2674 356 2701 8i
398 2679 424 2702 et
436 2675 498 2707 852,
514 2682 565 2702 nec
586 2683 673 2702 annus
686 2675 861 2702 duozlecimus
883 2675 1011 2703 Ludovici

228 2708 280 2739 Pii.
294 2709 339 2743 qui
359 2708 408 2737 fuit
419 2710 481 2737 825.
495 2710 572 2737 Anno
585 2710 636 2737 837
647 2710 824 2737 concurrebat
840 2710 951 2737 indictio
967 2710 1010 2737 15.

264 2743 277 2779 _|
289 2743 489 2779 Autographum
500 2752 554 2771 non
569 2749 657 2772 exstat
668 2754 674 2771 :
687 2745 868 2779 apographum
884 2752 948 2772 vero
962 2753 1012 2772 sa:-

229 2776 289 2803 culo
301 2776 373 2804 nono
395 2776 435 2806 vel
453 2779 547 2806 saltem
569 2779 673 2806 decimo
692 2776 830 2806 exaratum
853 2778 935 2806 fuisse
948 2788 1012 2807 con-

229 2816 281 2838 stat
295 2818 328 2838 ex
344 2812 492 2840 litterarum
518 2814 598 2841 ductu
623 2818 651 2841 et
670 2814 833 2841 membrana:
856 2819 987 2841 vetustate
1004 2824 1009 2841 :

229 2847 422 2881 autographum
435 2856 499 2875 vero
513 2848 565 2875 dici
578 2856 630 2875 non
644 2852 742 2883 potest.
758 2856 818 2876 cum
831 2849 909 2876 nulla:
922 2857 1011 2877 rema-

1062 1605 1194 1633 cessimus
1215 1604 1390 1636 monasterio,
1411 1603 1481 1630 sicut
1502 1603 1629 1630 donmum
1657 1607 1685 1630 et
1703 1604 1851 1639 genitorem

1062 1655 1184 1678 nostrum
1203 1649 1300 1677 fecisse
1322 1654 1431 1677 constat
1449 1649 1483 1676 ad
1501 1649 1643 1676 utilitatem
1659 1653 1687 1677 et
1702 1649 1853 1684 profectum

1063 1697 1147 1731 ipsius
1160 1695 1352 1730 peragendum,
1367 1700 1500 1729 quatenus
1514 1694 1626 1722 ancillas
1648 1695 1695 1722 Dei
1717 1695 1782 1722 Inibi
1799 1695 1853 1722 Deo

1062 1741 1223 1768 famulantes
1245 1747 1293 1774 pro
1306 1740 1394 1772 nobis,
1408 1740 1556 1774 eademque
1579 1739 1691 1774 conjuge
1704 1744 1799 1766 nostra
1823 1747 1853 1765 ac

1062 1786 1138 1821 prole
1151 1791 1176 1818 Ρ,
1190 1785 1325 1819 totiusque
1339 1785 1446 1820 imperii
1459 1784 1587 1812 divinitus
1602 1784 1679 1812 nobis
1692 1784 1780 1811 collati
1794 1789 1853 1811 sta-

1062 1832 1168 1859 bilitate
1192 1835 1219 1858 et
1239 1837 1306 1865 pace
1328 1830 1374 1857 Dei
1396 1831 1556 1857 immensam
1573 1829 1856 1865 elementiamjugiter

1062 1884 1175 1904 exorare
1191 1876 1315 1904 delectet.
1329 1876 1364 1903 Et
1378 1880 1406 1903 ut
1429 1876 1486 1903 hate
1500 1880 1591 1904 nostra
1606 1876 1754 1903 auctoritas
1767 1876 1855 1902 invio—

1062 1921 1170 1949 labilem
1190 1925 1217 1949 et
1239 1920 1423 1948 inconvulsam
1438 1920 1559 1948 obtineat
1582 1920 1748 1954 ﬁrmitatem,
1771 1928 1854 1948 manu

1062 1968 1170 2004 propria
1186 1968 1279 1996 subter
1290 1975 1349 1995 eam
1363 1967 1540 2001 ﬁrmavimus,
1551 1971 1579 1995 et
1592 1966 1685 1994 annuli
1697 1967 1782 1994 nostri
1801 1967 1853 1994 im-

1061 2015 1203 2050 pressione
1216 2013 1348 2048 assignari
1359 2013 1500 2048 iussimus.

1064 2089 1146 2112 ncant
1167 2085 1300 2112 exstantis
1322 2084 1385 2111 olim
1405 2084 1483 2119 sigilli
1505 2087 1584 2119 notae.
1604 2083 1660 2111 Uno
1677 2084 1747 2118 piécc
1760 2084 1805 2118 qui
1828 2092 1853 2110 se

1064 2121 1102 2147 dit
1129 2120 1229 2152 scclléc,
1256 2120 1331 2146 aiunt
1355 2118 1480 2146 auctores
1503 2118 1597 2145 Gallici
1614 2118 1696 2146 Nova!
1719 2118 1852 2153 Diploma-

1063 2156 1133 2187 ticae,
1149 2159 1214 2182 tom.
1229 2154 1272 2186 Vl,
1288 2161 1348 2189 pag.
1363 2154 1425 2185 355,
1443 2159 1466 2180 et
1477 2154 1522 2189 qui
1537 2162 1567 2189 ne
1581 2158 1682 2180 montre
1701 2153 1747 2189 nu!
1759 2154 1853 2189 vestiga-

1064 2191 1096 2217 de
1108 2198 1196 2221 διέσει,
1213 2190 1276 2216 n‘est
1296 2188 1499 2215 ordinairement
1522 2188 1617 2222 qu‘une
1636 2189 1717 2223 copia.
1732 2188 1852 2223 Diploma

1065 2225 1225 2256 retulerunt,
1247 2224 1293 2251 sed
1314 2224 1420 2254 vitiose.
1445 2223 1531 2250 Gallia
1546 2223 1709 2255 Christiana,
1733 2228 1798 2250 tom.
1820 2223 1851 2253 V,

1064 2268 1124 2294 pag.
1151 2259 1215 2292 465,
1238 2263 1265 2286 et
1290 2257 1479 2293 Schmpﬂinus,
1505 2257 1590 2285 Alsat.
1611 2258 1720 2293 diplom.
1742 2263 1805 2285 tom.
1832 2257 1850 2287 Ι.

1063 2294 1280 2356 ωᾷιλῖῗάονίουε
1293 2328 1357 2365 Dius
1371 2328 1405 2365 ab
1419 2335 1492 2365 anno
1505 2327 1567 2359 854,
1582 2335 1636 2365 quo
1649 2332 1710 2365 post
1727 2331 1851 2354 exaucto-

1064 2364 1197 2391 rationem
1210 2371 1286 2390 suam
1301 2363 1327 2389 in
1346 2363 1441 2390 solium
1456 2362 1507 2389 fuit
1526 2362 1678 2393 restitutus,
1695 2367 1850 2389 consuetam

1063 2398 1207 2426 formulam
1232 2398 1354 2429 retinuit,
1380 2397 1427 2425 sed
1446 2397 1505 2425 loco
1530 2397 1605 2424 vocis
1632 2397 1779 2427 ordinante.
1805 2404 1849 2423 seu

1063 2433 1218 2468 propitiante
1244 2440 1309 2459 usus
1324 2437 1371 2468 est
1390 2432 1583 2467 repropitiante,
1606 2432 1671 2468 quia
1691 2432 1718 2458 in
1741 2431 1849 2457 restitu—

1063 2466 1136 2507 tione
1159 2467 1255 2507 iterum
1275 2467 1420 2501 propitium
1444 2471 1572 2501 expertus
1591 2471 1635 2507 est
1657 2466 1752 2498 Deum,
1772 2473 1851 2500 quem

1063 2503 1158 2537 prima:
1168 2502 1315 2529 evectionis
1324 2506 1461 2529 auctorem
1475 2502 1645 2536 agnoscebat.

1098 2543 1119 2556 In
1133 2537 1293 2569 Ludovicus,
1313 2540 1419 2563 mortua
1434 2536 1607 2571 lrmcngarde
1620 2535 1722 2571 regina.
1738 2542 1850 2571 uxorem

1098 2544 1119 2556 ιιι
1133 2544 1293 2569 Ludovicus,
1313 2544 1419 2563 mortua
1435 2544 1607 2597 tmcqgaroe
1620 2544 1722 2571 regina.
1738 2544 1850 2562 uxorem

1063 2579 1135 2599 anno
1147 2572 1199 2599 819
1212 2571 1289 2599 duxit
1299 2571 1402 2603 Iudith.
1414 2570 1497 2598 ﬁliam
1545 2571 1617 2604 elphi
1628 2571 1744 2602 comitis,
1756 2570 1788 2597 de
1798 2578 1851 2604 qua

1063 2607 1147 2634 multa
1157 2606 1258 2633 habent
1269 2607 1341 2633 illius
1356 2606 1485 2640 temporis
1499 2606 1620 2633 annales.

1099 2646 1112 2659 ι’
1124 2641 1207 2668 Periit
1220 2640 1336 2675 diploma
1347 2640 1491 2676 allegatum
1506 2640 1595 2668 Caroli
1610 2640 1707 2675 Magni.

1100 2680 1112 2692 ο
1130 2676 1157 2702 ld
1182 2680 1223 2702 est
1249 2675 1445 2710 praestationes,
1474 2682 1534 2709 qua:
1562 2680 1671 2710 propter
1695 2675 1855 2702 occasiones

1063 2710 1193 2737 bellorum
1216 2710 1256 2737 vel
1279 2710 1393 2737 aliarum
1417 2710 1609 2740 necessitatum
1633 2710 1851 2740 iinponebantur.

1064 2744 1197 2780 Ducange.
1211 2745 1236 2771 in
1248 2744 1395 2777 Glossario,
1409 2749 1473 2771 tom.
1486 2745 1530 2780 IV,
1543 2752 1604 2779 pag.
1619 2744 1696 2771 1511.

1100 2785 1112 2804 r
1126 2778 1218 2810 lJ'est,
1233 2787 1281 2814 pro
1299 2780 1395 2807 Carolo
1416 2780 1486 2807 dicto
1498 2778 1590 2810 Calvo,
1608 2787 1687 2813 quem
1698 2778 1855 2806 Ludovicus

1063 2814 1127 2842 Pius
1140 2822 1211 2841 anno
1225 2814 1276 2841 8’22
1290 2815 1383 2841 habuit
1395 2822 1429 2842 ex
1442 2822 1526 2841 uxore
1538 2822 1586 2841 sua
1599 2814 1702 2846 Judith,
1716 2820 1856 2849 quemque

1064 2857 1134 2877 anno
1145 2850 1195 2877 838
1210 2848 1342 2877 Neustriae
1359 2857 1449 2884 regem
1462 2854 1539 2885 pater
1554 2849 1700 2877 coronavit.
