4006 6178
303 269 442 326 1289

1445 249 1691 306 υιΡωΜ
1704 249 1836 308 ATA
1878 250 2407 307 ECCLESIASTICA
2423 287 2439 306 .

3434 244 3569 300 H90

369 382 503 434 Data
541 393 611 431 vn
661 377 784 430 Idus
826 375 1025 439 Martii.
1079 389 1241 441 anno,
1270 373 1489 429 Christo
1536 373 1790 443 propitio,
1817 369 1886 422 24
1915 371 1965 430 Α
1993 375 2130 431 tant,
2162 375 2218 422 et
2250 382 2411 422 nemo
2439 366 2494 418 in
2523 365 2625 419 hoc
2671 363 2996 436 refragando
3025 364 3384 418 temeritatem
3420 363 3575 418 adhi-

301 471 509 541 imperii
540 468 720 523 domui
748 467 1006 522 Ludovici
1038 467 1267 535 piissimi
1313 466 1562 536 Augusti,
1592 461 1885 517 indictione

300 559 386 613 15.
414 559 604 613 Actum
635 556 958 626 Aquisgrani
989 555 1192 624 palatio
1233 555 1406 626 regio,
1451 555 1504 607 in
1546 553 1640 607 Dei
1673 552 1888 605 nomine

298 647 540 704 feliciter.
559 645 736 700 Amen
769 656 817 697 ι.

961 711 1214 766 CCXXII.

652 819 755 859 PRO
791 818 1127 858 HONABTERIO
1161 815 1577 856 NONANTULANO.

903 895 1078 967 (Anno
1117 894 1269 964 837.)

301 990 534 1046 Lotharii
569 991 598 1047 Ι
635 987 856 1059 Augusti
887 985 1164 1059 diplo_ma_,_
1190 1000 1284 1052 per
1311 983 1450 1059 quod
1488 981 1726 1059 pra'cipjt
1759 990 1813 1032 ut
1844 980 1888 1032 is

372 1051 742 1113 tantummodo
759 1051 1078 1110 monasterio
1110 1051 1494 1107 Nauanmlano
1533 1051 1712 1119 prwsit
1737 1066 1890 1119 quem

373 1147 433 1186 ws
466 1146 562 1181 sua
590 1126 988 1197 congregatione
1020 1122 1265 1176 monachi
1293 1121 1566 1191 elegerint.

300 1216 479 1289 {Apud
533 1216 829 1276 Muratori,
885 1212 1241 1351 Αέξιζιυὲὃιὲεἳ
1297 1207 1538 1272 Italica,
1600 1216 1731 1261 tom.
1785 1206 1886 1265 Vl,

370 1377 428 1430 In
460 1375 678 1429 nomine
707 1370 921 1426 Domini
951 1369 1124 1425 nostri
1151 1367 1283 1424 Jesu
1309 1367 1512 1424 Christi
1541 1366 1638 1421 Dei
1669 1365 1886 1430 aeterni,

301 1467 612 1530 Letharius,
640 1465 822 1520 divina
875 1462 1159 1517 ordinante
1206 1460 1569 1531 providentia,
1595 1459 1892 1529 imperator

301 1560 598 1718 “33:21:;
622 1645 792 1716 gloria
825 1642 1091 1715 imperiali
1119 1643 1374 1713 pradatos
1399 1649 1555 1696 tanto
1596 1639 1890 1696 studiosius

1989 458 2136 522 beat,
2170 466 2439 524 quatenus
2485 463 2674 510 nostro
2703 454 2883 509 studio
2914 454 3063 508 omni
3111 462 3399 524 procurata
3425 453 3572 524 quie-
3671 487 3678 492 -

1991 544 2178 598 tudine
2207 559 2306 614 pro
2345 544 2502 597 nobis
2532 558 2597 598 ac
2623 541 2921 598 stabilitate
2950 542 3206 596 culminis
3247 543 3448 608 nostri,
3481 558 3574 598 seu

1989 631 2290 688 salvatione
2319 631 2564 702 conjugis
2592 647 2656 688 ac
2675 631 2868 702 prolis,
2899 639 3061 701 atque
3088 631 3142 685 in
3167 631 3347 686 sinum
3377 643 3576 688 sancta-

1991 725 2183 778 matris
2205 731 2407 778 nostra:
2429 723 2715 778 catholicae
2745 723 3003 778 Ecclesiae
3028 722 3428 792 quiescentium
3451 738 3578 792 pro-

1993 815 2228 869 tectione
2280 827 2377 868 seu
2425 813 2736 869 defensione
2775 811 3039 868 attentius
3086 826 3316 866 exorare
3359 811 3576 866 Domini

1992 903 2429 958 misericordiam
2462 903 2652 957 eadem
2681 903 2977 957 delectetur
3004 902 3374 973 congregatio.
3408 901 3478 955 Et
3515 913 3576 956 ut

1990 991 2095 1045 hoc
2123 1000 2324 1046 nostra
2355 991 2721 1047 concessionis
2761 1007 2959 1046 munus
2984 1007 3016 1046 a
3045 993 3249 1047 nostris
3291 1006 3569 1047 successo-

1991 1081 2145 1135 ribus
2190 1082 2374 1136 verius
2433 1082 2722 1147 credatur,
2781 1091 2840 1136 et
2883 1097 2914 1136 a
2965 1082 3215 1138 ﬁdelibus
3264 1082 3577 1154 diligentius

1992 1180 2367 1237 conservetur,
2426 1187 2592 1226 manu
2643 1173 2862 1242 propria
2910 1173 3100 1227 subter
3131 1173 3481 1238 ﬁrmavimus,
3526 1187 3577 1227 ct

1992 1264 2180 1318 annuli
2200 1266 2372 1320 nostri
2403 1266 2759 1334 impressione
2781 1268 2970 1323 subter
2991 1269 3256 1338 assignari
3293 1269 3574 1339 jussimus.

2066 1354 2291 1425 Signum
2313 1356 2556 1411 Lotharii
2587 1356 2961 1428 gloriosissimi
3006 1359 3249 1429 Augusti.

2063 1445 2440 1504 Dructemirus
2473 1449 2840 1505 subdiaconus
2869 1459 3032 1521 atque
3077 1453 3357 1518 notarius,
3401 1452 3469 1506 ad
3499 1453 3580 1505 vi-

1992 1553 2112 1593 cem
2140 1539 2400 1610 Egilmari
2427 1543 2719 1612 recognovi
2745 1553 2796 1598 et
2827 1543 3150 1613 subscripsi.

2064 1628 2200 1685 Data
2220 1647 2278 1685 m
2309 1631 2494 1687 Nonas
2520 1632 2868 1699 Februarias,
2886 1650 3049 1700 anno,
3067 1635 3290 1692 Christo
3319 1637 3576 1707 propitio,

300 1745 604 1798 divinarum
625 1741 847 1812 assequi
869 1741 1258 1809 obsequiorum
1280 1739 1514 1804 cumulo,
1541 1745 1746 1808 quanto
1767 1751 1882 1806 per-

2001 1718 2208 1788 imperii
2283 1721 2468 1776 domui
2531 1721 2777 1777 Lotharii
2845 1724 3194 1793 imperatoris
3256 1727 3361 1792 18,
3434 1728 3580 1782 indi-

302 1834 497 1890 fectius
541 1831 818 1902 opulentia
867 1830 1208 1884 altitonantis
1259 1836 1343 1882 sat
1380 1827 1697 1899 apostolicis
1725 1826 1890 1880 docu-

300 1925 499 1980 mentis
527 1922 629 1979 sibi
659 1921 1103 1978 excellentiorem
1133 1921 1562 1976 demonstratam
1609 1919 1752 1971 viam
1773 1955 1788 1981 ,
1833 1923 1893 1969 ut

307 2009 444 2069 illius
469 2011 845 2069 misericordia
870 2009 1224 2080 praesentium
1255 2007 1606 2064 cumulentur
1652 2005 1889 2062 felicita-

305 2113 406 2166 tes,
427 2111 482 2156 et
505 2099 854 2157 inenarrabili
883 2100 1087 2168 pietate
1114 2095 1349 2154 feliciter
1368 2104 1700 2154 aeternorum
1731 2110 1888 2151 coro‘

303 2199 501 2246 nentur
523 2191 640 2246 sine
665 2191 773 2246 line
795 2189 1130 2244 manentium
1155 2187 1496 2258 gaudiorum,
1527 2187 1683 2259 cujus
1707 2200 1894 2241 amore

305 2282 594 2337 utilitatem
625 2283 907 2336 decertare
950 2289 1005 2335 et
1030 2280 1390 2335 salvationem
1428 2294 1727 2348 procurare
1767 2277 1895 2332 sub-

305 2372 570 2426 ditorum.
619 2371 788 2441 Igitur
827 2378 1148 2425 cunctorum
1195 2369 1432 2424 ﬁdelium
1463 2376 1770 2438 sanctasque
1799 2369 1893 2422 Dei

307 2461 560 2516 Ecclesia:
585 2469 1023 2529 nostrorumque,
1057 2459 1408 2529 praesentium
1448 2467 1504 2513 et
1548 2457 1850 2512 futurorum
1875 2499 1890 2522 ,

310 2559 607 2622 cognoscat
646 2549 890 2614 solertia,
919 2549 1046 2618 quia
1078 2550 1206 2604 dum
1246 2564 1346 2604 nos
1375 2563 1560 2602 amore
1587 2547 1896 2602 sacratissi-

304 2656 408 2697 me
453 2641 734 2712 genitricis
783 2640 878 2694 Dei
928 2647 984 2694 et
1036 2639 1252 2695 Domini
1292 2639 1467 2694 nostri
1512 2637 1638 2692 Jesu
1689 2635 1892 2691 Christi

311 2730 496 2786 Marias
525 2739 804 2802 perpetua:
838 2730 1081 2801 virginis,
1112 2738 1168 2784 et
1209 2729 1536 2784 sanctissimi
1567 2727 1896 2782 confessoris

303 2824 508 2879 Christi
547 2823 792 2879 Silvestri
813 2862 831 2888 ,
866 2839 932 2879 ac
961 2821 1235 2878 desiderio
1279 2831 1478 2876 sanetzic
1510 2819 1891 2891 congregatio-

305 2914 389 2970 nis
417 2915 470 2969 iu
497 2927 688 2970 eorum
735 2914 986 2970 coenobio
1035 2913 1218 2969 divina
1267 2913 1588 2968 militatione
1631 2912 1893 2967 dedicatae

305 3021 470 3061 causa
499 3007 764 3061 orationis
791 3007 1180 3062 monasterium
1208 3008 1510 3062 adissemus
1538 3006 1889 3074 Nonantulzc,

1992 1809 2176 1864 ctione
2205 1809 2294 1864 15.

2061 1897 2260 1955 Actum
2286 1899 2610 1968 Nonantula,
2643 1903 2698 1958 in
2726 1903 2822 1957 Dei
2851 1905 3071 1960 nomine
3098 1904 3351 1963 feliciter.
3382 1908 3574 1964 Amen.

2653 2033 2928 2091 CCXXIII.

2232 2138 2457 2180 NOTITIA
2494 2142 2560 2180 DE
2600 2141 2940 2183 IONASTERIO
2977 2145 3023 2184 S.
3063 2145 3368 2187 CABILEPBI.

1998 2213 2066 2270 In
2108 2216 2347 2297 generali
2377 2219 2577 2297 synodo
2612 2221 2666 2273 in
2716 2219 2989 2297 Carisian
3016 2221 3216 2294 palatio
3268 2228 3409 2295 regio
3438 2226 3580 2297 facta

2066 2287 2130 2338 ab
2162 2286 2378 2364 Aldrfco
2407 2286 2648 2364 episcopo
2675 2307 2767 2364 per
2802 2286 3067 2364 judiciu'm
3095 2286 3453 2364 episcoporum
3494 2315 3582 2349 nc-

2061 2367 2231 2425 cepta,
2260 2359 2396 2410 sicut
2426 2359 2480 2410 in
2506 2375 2568 2411 ea
2601 2359 2898 2412 continetur
2926 2359 3202 2415 insertum.

2619 2448 2793 2520 (Anno
2824 2448 2976 2521 858.)

2205 2536 2446 2608 [Baluz.,
2485 2537 2733 2606 Miscell.,
2767 2547 2900 2595 tom.
2937 2541 2980 2606 Ι,
3013 2557 3136 2614 pag.
3175 2546 3324 2617 109.]

2063 2626 2199 2681 Cum
2242 2628 2295 2682 in
2329 2629 2547 2684 nomine
2575 2629 2790 2685 Domini
2839 2631 2937 2687 Dei
2966 2643 3023 2689 et
3067 2633 3368 2691 Salvatoris
3407 2643 3580 2695 nostri

1993 2718 2124 2775 Jesu
2151 2719 2355 2776 Christi
2381 2724 2613 2778 domnus
2642 2724 2953 2781 Ludovicus
2979 2728 3279 2798 imperator
3308 2747 3452 2786 anno
3501 2734 3581 2787 in-

1997 2812 2331 2868 carnationis
2378 2814 2674 2871 Dominicze
2705 2817 2812 2873 858
2855 2819 2925 2872 ad
2971 2820 3348 2876 universorum
3389 2839 3582 2880 causas

1994 2903 2292 2960 audiendas
2319 2905 2406 2961 vel
2434 2913 2582 2960 recta
2606 2905 2812 2976 judicia
2841 2910 3186 2965 terminanda
3216 2912 3270 2966 in
3303 2911 3582 2969 Carisiaco

1994 2993 2204 3064 palatio
2245 2995 2462 3065 publice
2492 2999 2807 3065 resedisset,
2839 3009 2895 3055 et
2919 3009 3243 3056 conventum
3273 3006 3582 3075 generalem

305 3105 618 3168 tantamque
642 3099 986 3153 devotionem
1016 3097 1204 3153 divino
1232 3113 1457 3152 munere
1490 3098 1688 3154 ibidem
1721 3114 1778 3153 in
1806 3099 1891 3154 di-
1917 3075 1963 3138 ί)
1997 3087 2162 3141 ιοῑίιιδ
2188 3089 2371 3158 Populi
2401 3105 2510 3144 “"3
2539 3105 2663 3144 cum
2702 3091 2896 3161 Ρίρίῐιο
2939 3101 2994 3148 ei
3028 3092 3222 3150 Carolo
3265 3095 3392 3152 ﬁliis
3433 3098 3579 3163 ﬁliis.

303 3186 448 3242 vinis
478 3190 942 3255 cognovissemus,
969 3196 1029 3242 ut
1057 3203 1241 3243 eorum
1268 3189 1547 3244 orationes
1574 3187 1890 3259 profuturas

299 3277 372 3333 ad
406 3279 557 3350 regni
581 3278 933 3335 stabilitatem
964 3287 1021 3336 et
1043 3288 1290 3335 nostram
1313 3287 1629 3350 perpetuam
1657 3278 1889 3335 felicita-

307 3375 416 3422 tem
449 3368 817 3423 indubitanter
859 3368 1233 3440 judicaremus
1275 3385 1287 3421 :
1320 3368 1526 3438 placuit
1559 3369 1742 3424 divino
1782 3368 1890 3440 spi-

307 3447 462 3513 rante
511 3456 770 3526 suffragio
812 3459 880 3513 ad
928 3459 1358 3522 exhortandum,
1419 3468 1477 3513 et
1515 3458 1888 3528 quietudinem

305 3548 562 3605 bonitatis
611 3551 813 3606 ibidem
863 3561 1051 3607 nostra
1104 3552 1434 3607 auctoritate
1482 3552 1592 3607 tale
1641 3551 1892 3607 conferre

303 3658 523 3708 munus,
553 3651 614 3696 ut
639 3643 769 3696 anni
799 3643 1130 3696 curriculum
1157 3657 1255 3710 per
1281 3642 1658 3696 successiones
1679 3652 1889 3710 tempo-

307 3744 428 3788 rum
462 3733 754 3789 concordia
804 3731 1005 3785 ibidem
1049 3732 1162 3786 Deo
1203 3731 1558 3786 servientium
1601 3733 1894 3787 monacho-

303 3839 426 3877 rum
455 3839 523 3877 ex
555 3823 745 3876 eadem
795 3821 1213 3892 congregatione
1245 3820 1368 3874 talis
1399 3820 1633 3890 eligatur
1680 3821 1848 3876 abbas
1875 3863 1890 3886 ,

305 3916 399 3984 qui
429 3914 724 3969 secundum
757 3913 1000 3984 regulam
1035 3912 1209 3967 sancti
1241 3911 1518 3968 Benedicti
1567 3919 1719 3966 tanta
1762 3927 1893 3967 con-

305 4003 617 4075 gregatione
662 4003 960 4073 prudenter
1000 4017 1189 4073 regere
1218 4003 1416 4068 valeat,
1448 4011 1504 4058 et
1530 4002 1894 4059 salvationem

280 4095 659 4157 animarum,
720 4107 814 4147 seu
871 4093 1161 4147 utilitatem
1208 4101 1265 4148 et
1309 4092 1581 4158 Ecclesiae,
1634 4093 1896 4163 principis

306 4185 695 4240 constitutione
747 4193 1024 4255 procuret,
1061 4193 1117 4238 et
1169 4183 1315 4239 nullo
1358 4184 1412 4238 in
1461 4192 1705 4254 tempore
1734 4183 1895 4238 alicui

305 4277 698 4341 comittatur,
726 4277 831 4331 nisi
847 4291 1033 4331 eorum
1055 4277 1319 4331 electione
1334 4285 1389 4331 et
1402 4291 1690 4341 consensu,
1709 4285 1893 4331 nostra

281 4376 362 4423 et
409 4383 784 4423 successorum
832 4378 1146 4422 nostrorum
1195 4368 1544 4423 ordinatione
1591 4383 1660 4422 ex
1701 4368 1893 4423 eadem

1993 3176 2249 3249 gloriosis
2271 3178 2526 3234 videlicet
2553 3181 2796 3251 regibus,
2829 3191 2884 3236 et
2911 3183 3179 3254 synodum
3203 3185 3579 3257 episcoporum

1991 3277 2050 3325 et
2072 3270 2407 3340 reliquorum
2441 3273 2787 3328 sacerdotum
2820 3275 3021 3330 ibidem
3050 3277 3382 3348 generaliter
3408 3281 3474 3334 ad
3499 3297 3584 3336 ec-

1993 3362 2303 3419 clesiastica
2333 3365 2452 3418 sive
2481 3365 2754 3420 mundana
2787 3368 3003 3438 negotia
3033 3369 3318 3424 tractanda
3351 3387 3584 3426 necnon

1991 3461 2046 3509 et
2081 3455 2148 3509 ad
2197 3454 2488 3510 utilitatem
2538 3466 2741 3512 sanctae
2781 3457 2878 3513 Dei
2929 3460 3192 3516 Ecclesiae
3247 3461 3575 3516 fulciendam

1992 3543 2355 3596 coadunatum
2386 3543 2634 3610 haberet,
2669 3546 2855 3615 ibique
2899 3549 3177 3603 venientes
3231 3552 3482 3606 monachi
3516 3554 3584 3606 de

1995 3635 2329 3688 monasterio
2355 3634 2610 3698 Anisolze,
2646 3636 2701 3689 in
2730 3653 2837 3706 quo
2865 3649 3088 3694 sanctus
3118 3641 3442 3710 Carilephus
3465 3660 3586 3700 cor-

1994 3736 2126 3790 pore
2172 3721 2486 3790 requiescit,
2526 3733 2654 3776 ante
2683 3727 3004 3794 praedictum
3039 3728 3298 3787 domuum
3351 3734 3586 3789 Ludovi-

1993 3827 2117 3866 cum
2174 3811 2561 3882 imperatorem
2611 3815 2845 3886 amplius
2891 3835 3054 3890 quam
3084 3823 3278 3892 viginti
3308 3843 3414 3880 una
3462 3844 3584 3883 cum

1996 3899 2352 3971 Sigemuudo,
2380 3903 2471 3972 qui
2503 3902 2706 3959 dudum
2731 3920 2918 3962 eorum
2963 3910 3129 3966 abbas
3161 3912 3375 3982 fuerat,
3409 3934 3500 3986 qun
3525 3934 3586 3973 se

1995 3993 2196 4063 injuste
2219 3995 2652 4052 reclamaverunt
2686 4000 2753 4054 de
2793 4015 2983 4057 eorum
3013 4010 3348 4064 monasterio
3377 4009 3584 4080 ejectos

1995 4099 2137 4150 esse,
2183 4101 2412 4154 quorum
2457 4103 2684 4144 causam
2716 4091 2950 4149 domnus
2981 4095 3281 4167 imperator
3327 4102 3381 4156 in
3422 4118 3577 4173 gene-

1996 4175 2094 4230 rali
2126 4186 2394 4232 conventu
2439 4179 2642 4234 ibidem
2673 4182 2859 4239 habito
2887 4184 3176 4258 diligenter
3218 4191 3492 4250 discutere
3532 4206 3588 4250 et

1997 4269 2318 4325 enucleatim
2368 4271 2646 4342 inquirere
2672 4279 2953 4347 praecepit.
2987 4281 3122 4336 Cum
3153 4293 3335 4340 autem
3364 4286 3416 4341 in
3449 4304 3579 4342 con-

1997 4371 2184 4432 spectu
2237 4365 2614 4434 episcoporum
2653 4377 2709 4423 et
2752 4371 3011 4427 abbatum
3043 4383 3100 4429 et
3126 4376 3458 4447 reliquorum
3499 4395 3586 4434 sa-

307 4473 521 4530 semper
539 4459 964 4530 congregatione
988 4460 1224 4515 habeant
1248 4467 1541 4529 pastorem,
1561 4460 1890 4514 animarum—
1916 4430 1972 4489 D
1995 4452 2277 4508 θειόοιιιω
2306 4469 2365 4510 se
2393 4471 2491 4525 pro
2515 4459 2775 4528 praedicta
2816 4478 2983 4519 causa
3027 4430 3382 4524 advenientes
3406 4471 3581 4527 recta.

307 4564 416 4617 que
431 4559 618 4604 eorum
645 4549 929 4619 providum
959 4549 1391 4620 prudentemque
1417 4556 1705 4603 rectorem.
1734 4547 1888 4604 Unde

306 4653 404 4708 pro
433 4639 709 4693 ﬁrmitatis
736 4639 908 4708 gratia
942 4639 1045 4693 hoc
1079 4648 1277 4693 nostra:
1316 4640 1656 4694 auctoritatis
1684 4653 1888 4709 praece-

307 4737 458 4799 ptum
506 4729 653 4792 circa
695 4730 944 4784 eumdem
992 4737 1241 4784 sanctum
1286 4729 1465 4785 locum
1494 4729 1612 4785 ﬁeri
1639 4730 1884 4785 decrevi-

305 4833 449 4883 mus,
485 4833 584 4887 per
615 4819 758 4890 quod
788 4827 1004 4874 nostros
1034 4835 1380 4875 successores
1423 4821 1786 4892 deposcimus,
1828 4830 1890 4876 ut

303 4903 464 4964 sicuti
494 4909 596 4980 ipsi
625 4920 722 4964 sua
752 4910 840 4980 pia
871 4908 1013 4965 facta
1041 4925 1073 4964 a
1104 4911 1220 4965 suis
1239 4911 1785 4977 conservari-volunt,
1812 4912 1888 4966 ita

295 5015 404 5068 pro
449 5000 545 5056 Dei
575 5017 761 5058 amore
812 5011 869 5058 et
895 5012 1216 5058 sanctorum
1260 5004 1565 5058 reverentia
1607 5005 1747 5061 hanc
1793 5020 1889 5061 no-

286 5098 477 5145 stram
512 5092 916 5147 concessionem
949 5103 1211 5164 perpetuo
1257 5101 1609 5158 conservent;
1662 5095 1892 5150 nostris-

312 5195 416 5249 que
458 5179 709 5235 ﬁdelibus
729 5197 988 5251 expresse
1013 5185 1359 5255 pracipimus
1379 5184 1717 5255 llrmiterque
1741 5200 1891 5240 man-

309 5284 497 5324 surum
527 5272 926 5335 constituimus,
973 5282 1034 5327 ut
1059 5275 1218 5329 sicuti
1247 5292 1412 5345 supra
1441 5291 1471 5330 a
1511 5276 1670 5331 nobis
1695 5277 1891 5331 ibidem

311 5376 634 5417 concessum
665 5370 768 5428 est,
819 5371 937 5418 rate
962 5363 1275 5435 illibateque
1321 5384 1634 5423 mansurum
1672 5369 1894 5438 permit-

383 5469 694 5543 I_Qu:edam
719 5480 934 5527 exstare
960 5472 1248 5541 diplomata
1269 5517 1282 5538 ,
1332 5477 1386 5531 in
1421 5478 1616 5543 quibus
1647 5486 1756 5532 tum
1786 5478 1893 5532 Lu-

315 5540 508 5605 dovici,
535 5551 649 5596 tum
675 5543 870 5616 notarii
893 5551 950 5597 et
967 5540 1274 5616 cancellarii
1292 5540 1717 5616 subscriptiones
1736 5548 1893 5606 omit-

316 5619 524 5686 tuntur,
564 5613 1175 5686 annotaLBouquetus,
1231 5615 1285 5670 in
1333 5613 1708 5686 rScriptoribus
1763 5617 1890 5678 Ret.

317 5679 567 5738 Caiiicar.
610 5691 739 5738 tom.
773 5683 859 5749 Vl,
892 5679 1015 5753 pag.
1053 5680 1180 5746 450,
1203 5685 1346 5753 quod
1376 5695 1428 5738 et
1463 5679 1514 5742 in
1561 5691 1689 5764 ipsis
1736 5698 1891 5751 autc.-

756 5777 1029 5837 Paruor..
1079 5774 1237 5840 CIV.

1995 4553 2230 4610 marent,
2262 4546 2658 4618 interrogatum
2705 4559 2791 4606 est
2838 4554 3058 4610 Aldrico
3101 4573 3290 4614 eorum
3326 4569 3384 4616 et
3409 4561 3582 4618 Ceno-

1995 4635 2222 4690 manicae
2255 4639 2528 4706 parochias
2577 4641 2832 4714 episcopo
2862 4652 2918 4700 et
2964 4647 3207 4718 ejusdem
3260 4656 3582 4710 monasterii

1993 4727 2176 4783 abbati
2205 4728 2252 4782 si
2286 4743 2382 4784 eos
2417 4730 2666 4800 ejecisset
2693 4749 2761 4789 ex
2803 4751 2995 4792 eorum
3022 4744 3378 4809 monasterio,
3408 4753 3500 4800 aut
3551 4763 3583 4800 a

1993 4833 2101 4888 quo
2129 4816 2287 4886 ejecti
2317 4820 2501 4877 taliter
2533 4835 2790 4896 vagantes
2821 4829 3212 4900 discurrerent,
3243 4835 3431 4893 relicto
3457 4839 3579 4894 loco

1997 4909 2052 4962 in
2083 4911 2424 4978 quO‘steculo
2455 4917 2924 4984 renuntiaverunt,
2973 4921 3027 4976 in
3057 4937 3166 4992 quo
3209 4926 3375 4982 etiam
3404 4929 3584 4984 eccleo

1997 5001 2234 5056 siasticis
2265 5003 2348 5058 vel
2381 5006 2730 5063 sacularibus
2757 5013 2993 5082 negotiis"
3014 5013 3202 5070 diebus
3237 5017 3362 5072 vitae
3389 5035 3582 5077 eorum

1995 5109 2320 5184 permanere
2349 5097 2631 5154 deberent.
2664 5099 2765 5167 Qui
2815 5106 3148 5174 respondens
3179 5109 3257 5162 ait
3284 5127 3298 5163 :
3341 5109 3450 5166 Nec
3478 5127 3580 5184 ego

1997 5183 2132 5251 ejeci
2168 5198 2286 5250 eos,
2312 5202 2414 5242 nec
2443 5187 2574 5243 scivi
2604 5205 2699 5246 eos
2727 5192 2930 5262 ej‘ectos
2955 5211 3092 5250 esse.
3136 5197 3286 5253 Tunc
3313 5199 3472 5256 allata
3497 5183 3582 5258 est

1999 5289 2185 5331 coram
2213 5292 2342 5348 rege
2367 5287 2421 5333 et
2445 5281 2797 5349 optimatibus
2831 5285 2948 5354 ejus
2981 5288 3197 5342 traditio
3223 5293 3396 5346 sancti
3419 5293 3575 5349 Cari-

2000 5367 2170 5436 lephi,
2215 5383 2378 5436 quam
2425 5367 2557 5424 fecit
2583 5380 2774 5427 sancto
2801 5374 3079 5432 Innocenti
3107 5379 3361 5452 episcopo
3389 5398 3488 5453 per
3516 5385 3578 5440 li-

1997 5477 2216 5557 graphis
2238 5477 2694 5560 deprehendituri
2727 5483 2864 5560 unde
2889 5501 2996 5538 non
3027 5489 3219 5560 mirum
3242 5494 3383 5560 quod
3411 5497 3576 5554 etiam

1996 5549 2808 5637 inapggrapbisdesint):faria
2849 5557 3094 5637 exempla
3114 5549 3387 5637 __prostant
3419 5549 3576 5637 quin:

2001 5618 2382 5701 quagintatria
2411 5619 2555 5701 inter
2581 5619 2686 5676 245
2742 5638 2857 5692 qua
2904 5618 3086 5682 retulit
3112 5618 3572 5701 Bouquetusfism

2001 5693 2174 5743 dovici
2211 5693 2282 5749 l‘ii
2326 5696 2636 5766 diplomata.

3085 5818 3152 5882 41
