4048 6182
514 247 659 301 19:91

1661 242 1979 298 LUDOVICI
2018 243 2036 298 Ι
2080 242 2546 300 COGNOHENTO
2584 243 2668 297 Pll

3650 248 3793 303 (if-'2

502 367 760 422 centiam
809 373 864 419 et
912 376 1233 418 consensum
1287 359 1615 416 Childeberti
1668 361 1834 432 regis,
1884 371 1940 416 et
1986 363 2104 418 alia:
2134 367 2183 425 Α
2209 364 2618 432 scoporum‘qui
2645 362 2698 417 in
2729 375 3054 431 unaquaque
3083 363 3302 419 civitate
3331 373 3458 418 sunt
3486 367 3791 420 secundum

504 459 711 514 «unita!
749 456 1095 512 auctoritates
1118 467 1256 522 quas
1279 466 1599 508 enumerare
1625 451 1844 524 longum
1884 462 1986 518 est,
2033 453 2100 507 de

526 553 724 624 quibus
769 547 1086 618 saepedictus
1129 543 1372 614 pontifex
1420 559 1604 599 coram
1646 545 1898 600 omnibus
1927 546 1981 599 in
2011 561 2102 600 eo-

526 645 648 698 dem
676 639 906 696 concilio
930 637 1356 693 consistentibus
1391 634 1582 691 habuit
1611 651 1740 691 suos
1775 644 1963 701 testes,
1991 644 2100 691 tam

515 732 835 788 sacerdotes
857 744 1019 799 quam
1049 736 1106 784 et
1131 727 1398 786 veridicos
1429 727 1596 782 laicos
1620 726 1828 784 nobiles
1853 737 1914 784 ct
1930 727 2101 782 bonos

525 833 582 878 et
623 823 896 893 legitimos
941 819 1272 876 suﬂicienter
1295 860 1311 882 ,
1364 819 1455 888 qui
1506 819 1694 873 eadem
1744 819 2101 873 instrumenta

523 913 832 968 chartarum
863 911 1296 982 approbaverunt
1323 929 1335 964 :
1363 918 1420 964 et
1444 924 1508 964 ea
1538 909 1681 964 infra
1708 909 1981 978 legitimos
2005 925 2101 963 an—

503 1017 623 1057 .nos
647 1002 906 1057 canonice
934 1009 990 1056 et
1016 1001 1227 1070 legibus
1251 999 1447 1054 vestita
1481 999 1753 1062 viderunt,
1781 1006 1836 1053 et
1873 999 2102 1067 pleniter

525 1102 688 1163 atque
738 1093 946 1162 legibus
974 1089 1402 1148 testiﬁcabantur
1444 1091 1565 1160 plus
1613 1105 1710 1160 per
1732 1088 2001 1157 justitiam
2047 1100 2101 1145 et

525 1187 696 1257 legem
723 1186 1041 1242 canonicam
1065 1193 1120 1238 et
1149 1183 1478 1238 mundanam
1513 1183 1826 1253 praedictum
1866 1181 2101 1237 Anisolae

509 1278 912 1335 monasterium
950 1292 1073 1332 cum
1107 1275 1359 1332 omnibus
1403 1274 1470 1328 ad
1500 1290 1560 1329 se
1584 1274 1989 1344 pertinentibus
2033 1274 2101 1329 ad

514 1370 606 1439 vius
652 1369 1027 1426 Cenomanica
1081 1366 1272 1422 matris
1317 1364 1559 1421 ecclesiae
1605 1364 1883 1434 pertinere
1936 1379 2099 1433 quam

513 1461 711 1526 aliubi,
757 1469 853 1515 aut
884 1459 1046 1516 ﬁscus
1097 1458 1404 1514 dominicus
1434 1466 1527 1510 aut
1579 1457 1856 1525 proprium
1896 1454 2097 1511 domini

523 1552 867 1622 imperatoris
911 1558 1005 1604 aut
1033 1547 1260 1616 alicujus
1301 1546 1536 1601 hominis
1567 1560 1689 1600 esse
1725 1546 1944 1600 debere.
1991 1545 2099 1600 Sed

521 1643 700 1698 nullus
737 1643 986 1696 inventus
1015 1647 1102 1695 est
1139 1639 1232 1709 qui
1283 1645 1473 1693 contra
1523 1638 1639 1692 haec
1680 1635 1880 1704 aliquid
1917 1635 2098 1690 dicere

522 1731 873 1801 aufprobare
903 1730 1182 1785 voluisset.
1208 1728 1358 1785 Tunc
1384 1727 1640 1796 praefatus
1661 1727 1892 1781 domnus
1919 1727 2096 1796 Drego

522 1821 962 1890 archiepiscopus
1011 1828 1066 1872 et
1113 1817 1294 1872 senior
1337 1816 1648 1886 capellanus
1694 1823 1751 1870 et
1792 1815 1975 1869 caeteri
2002 1803 2096 1884 qui

519 1911 796 1980 praeterito
813 1918 1056 1978 tempore
1076 1907 1404 1978 Aquisgrani
1423 1906 1622 1976 palatio
1645 1905 1866 1960 fuerunt
1883 1906 2097 1974 quando

521 2005 636 2058 haec
656 2003 797 2056 ratio
825 2001 1082 2056 ventilata
1106 2007 1254 2054 estet
1275 1999 1340 2052 ad
1362 1997 1621 2066 liquidum
1650 2003 1983 2065 perscrutata
2009 2011 2099 2049 ca—

519 2092 820 2162 noniceque
840 2099 895 2144 et
910 2090 1118 2158 legibus
1131 2087 1373 2152 definita,
1405 2087 1790 2156 respondentes
1812 2085 2091 2138 dixerunt:

522 2183 637 2238 Non
669 2191 751 2238 est
781 2195 1002 2237 necesse
1032 2181 1146 2235 haec
1174 2180 1333 2234 modo
1364 2178 1558 2232 iterum
1588 2193 1685 2247 per
1710 2175 1894 2232 omnia
1923 2191 2097 2230 remo-

521 2289 643 2329 vere
669 2285 843 2342 neque
873 2270 1079 2340 singula
1110 2275 1428 2333 retractare,
1456 2269 1582 2337 quia
1612 2266 1813 2320 scimus
1841 2275 1892 2320 te
1933 2281 2097 2320 cano-

521 2368 642 2422 nice
686 2373 740 2420 et
788 2363 997 2434 legibus
1045 2367 1402 2415 memoratum
1453 2358 1841 2412 monasterium
1897 2357 2096 2412 habere

519 2455 882 2526 conquisitum
911 2460 966 2507 et
995 2450 1358 2506 evindicatum
1383 2466 1395 2502 :
1427 2447 1521 2502 sed
1547 2447 1614 2501 de
1646 2447 1766 2501 istis
1798 2447 2093 2511 monachis,

515 2549 610 2619 qui
642 2546 804 2602 modo
841 2561 902 2600 se
931 2543 1232 2598 reclamant
1258 2539 1463 2608 ejectos
1491 2552 1612 2593 esse
1653 2537 1720 2593 de
1746 2552 1934 2595 eorum
1975 2553 2093 2593 mo-

508 2641 778 2705 nasterio,
831 2638 974 2708 quod
1004 2637 1233 2691 domnus
1270 2634 1567 2702 imperator
1617 2631 1773 2685 nobis
1819 2630 2094 2700 inquirere

517 2731 793 2802 praecepit,
843 2727 1004 2784 modo
1044 2724 1313 2796 agendum
1356 2729 1458 2777 est.
1495 2720 1603 2776 Sed
1651 2728 1937 2790 postquam
1967 2733 2091 2788 per—

519 2831 818 2880 scrutatum
865 2828 948 2874 est
994 2817 1340 2890 praescriptos
1395 2813 1691 2869 monachos
1741 2811 1942 2867 nullius
1979 2811 2091 2882 eje-

518 2915 714 2979 etione,
763 2925 865 2966 nec
906 2908 1086 2978 aliqua
1135 2905 1447 2976 indigentia,
1482 2918 1582 2959 nec
1623 2902 1779 2972 culpa
1825 2911 1920 2958 aut
1948 2901 2095 2956 facto

519 3004 759 3075 praedicti
788 3001 989 3058 Aldrici
1023 2997 1263 3071 episcopi
1287 2997 1469 3052 exisse
1499 2995 1568 3051 ab
1590 3009 1780 3050 eorum
1822 3001 2095 3049 monaste-

2205 462 2515 510 sanctorum
2529 455 2753 510 Patrum
2776 454 3099 510 traditiones
3120 464 3385 525 potestate
3404 469 3793 526 permaneant,

2203 561 2378 616 neque
2409 560 2506 616 per
2534 546 2931 602 contumaciam
2958 546 3028 600 ab
3057 547 3310 617 episcopo
3349 562 3450 603 suo
3491 548 3792 604 dissiliant.

2201 637 2304 704 Qui
2349 651 2481 690 vero
2527 637 2726 692 audent
2755 642 2999 691 evertere
3042 635 3352 704 huiusmodi
3386 637 3620 692 formam
3651 655 3819 710 quo-.

2202 741 2413 796 cunque
2438 729 2619 790 modo,
2649 742 2748 782 nec
2771 727 2995 797 proprio
3020 727 3384 798 subjiciuntur
3414 731 3696 800 episcopo,
3745 731 3794 784 si

2201 820 2417 887 quidem
2447 819 2632 874 clerici
2659 826 2804 884 sunt,
2831 833 3101 873 canonum
3128 816 3565 890 correptionibus
3604 823 3795 891 subja-

2201 911 2428 973 cebunt;
2461 911 2507 964 si
2537 925 2665 964 vero
2695 910 2819 965 laici
2863 911 2950 964 vel
2979 912 3233 966 monachi
3282 911 3503 977 fuerint,
3546 930 3795 967 commu-

2201 999 2361 1053 nione
2403 999 2703 1068 priventur.
2744 1019 2764 1051 ι
2809 999 3054 1055 Perlecta
3106 1009 3288 1056 autem
3337 1003 3441 1058 hac
3488 1005 3788 1066 sententia,

2204 1089 2395 1142 iterum
2438 1090 2755 1159 interrogati
2789 1098 2915 1146 sunt
2957 1091 3002 1144 si
3043 1091 3222 1146 adhuc
3257 1103 3438 1147 essent
3481 1093 3560 1147 ita
3595 1093 3789 1147 inube-

2200 1180 2412 1234 dientes
2452 1189 2512 1233 ut
2539 1180 2712 1248 prius.
2743 1179 2823 1234 llli
2869 1195 2997 1236 vero
3034 1181 3087 1234 in
3117 1183 3306 1236 eadem
3337 1183 3646 1252 pertinacia
3671 1199 3794 1253 per-

2201 1280 2502 1336 manentes,
2530 1281 2657 1325 tunc
2681 1271 2888 1341 judicio
2912 1271 3152 1325 omnium
3180 1272 3559 1341 episcoporum
3585 1282 3647 1327 et
3673 1275 3794 1328 uni-

2199 1362 2426 1416 versalis
2470 1362 2642 1417 sancti
2672 1362 2887 1417 concilii
2933 1363 3229 1418 secundum
3273 1365 3415 1418 hanc
3453 1364 3794 1419 sententiam

2201 1454 2267 1507 ab
2295 1455 2549 1508 omnibus
2593 1453 2862 1524 episcopis
2900 1464 2956 1509 et
3002 1455 3230 1526 reliquis
3278 1457 3661 1512 sacerdotibus
3696 1475 3794 1512 ex-

2200 1544 2333 1599 clusi
2367 1553 2492 1598 sunt
2533 1544 2602 1598 ah
2627 1546 2773 1598 omni
2801 1545 3126 1600 sacerdotali
3167 1546 3417 1618 catalogo
3443 1557 3501 1601 et
3543 1563 3795 1603 comma.

2200 1636 2380 1701 nione,
2433 1645 2490 1691 et
2530 1644 2800 1701 extorres,
2831 1636 2876 1690 si
2925 1636 3309 1691 irrevocabiles
3331 1639 3721 1706 persistereut,
3761 1656 3794 1694 a

2126 1706 2171 1764 Β
2198 1727 2464 1782 catholica
2494 1727 2736 1783 Ecclesia
2765 1725 2895 1782 facti
2920 1735 3067 1782 sunt.
3102 1727 3255 1784 Tunc
3277 1743 3408 1798 ergo
3433 1729 3504 1783 ab
3531 1731 3794 1786 omnibus

2195 1819 2464 1888 episcopis
2476 1828 2530 1874 et
2544 1819 2768 1890 reliquis
2781 1819 2875 1874 Dei
2897 1820 3074 1874 servis
3086 1818 3202 1874 sive
3215 1834 3244 1873 a
3265 1820 3502 1891 generali
3517 1829 3793 1875 conventu

2190 1909 2494 1978 iudicatum
2534 1920 2620 1966 est
2664 1918 2726 1965 ut
2765 1911 3031 1979 reciperet
3069 1909 3326 1980 praefatus
3379 1911 3638 1966 Aldricus
3677 1913 3794 1981 cpi-

2195 2017 2390 2070 scapus
2439 2018 2566 2058 suos
2599 2003 2917 2064 monachos,
2964 2011 3019 2056 et
3059 2002 3267 2057 faceret
3303 2017 3371 2056 ex
3413 2004 3496 2058 eis
3521 2004 3788 2073 quidquid

2195 2094 2246 2147 ei
2286 2094 2497 2148 libitum
2530 2093 2717 2158 fuerit,
2759 2103 2815 2147 et
2854 2092 3020 2164 aliqui
3063 2093 3114 2148 ei
3153 2107 3253 2162 per
3297 2109 3493 2150 manus
3534 2109 3566 2148 a
3595 2105 3794 2149 sancto

2195 2187 2426 2242 concilio
2470 2187 2666 2243 redditi
2707 2195 2852 2242 sunt.
2895 2185 2963 2242 Et
2994 2185 3300 2255 iudicatum
3341 2195 3427 2243 est
3465 2188 3513 2242 ei
3557 2186 3630 2240 ab
3657 2189 3787 2242 nni-

2196 2291 2356 2332 versa
2385 2285 2574 2331 sancta
2606 2277 2815 2348 synodo
2855 2278 2998 2347 quod
3038 2277 3250 2349 legibus
3287 2278 3653 2332 evindicatam
3695 2280 3792 2333 ha-

2196 2367 2358 2422 bebat
2427 2382 2584 2422 suam
2652 2382 2872 2422 causam
2935 2375 2991 2422 et
3051 2366 3337 2438 psmfatum
3392 2369 3789 2422 monasterium

2196 2473 2319 2514 cum
2349 2459 2601 2513 omnibus
2631 2459 2700 2515 ad
2742 2472 2801 2513 se
2826 2459 3221 2529 pertinentibus
3256 2461 3518 2515 canonice
3565 2470 3627 2514 et
3655 2459 3789 2528 ἰθεῖα

2196 2551 2299 2606 bus
2325 2550 2710 2620 conquisitum,
2756 2557 2812 2606 et
2837 2549 3080 2606 ecclesiae
3109 2551 3214 2606 sibi
3244 2552 3554 2606 commissae
3583 2550 3786 2606 futuris

2196 2642 2532 2713 temporibus
2558 2643 2779 2713 suisque
2805 2643 3212 2699 successoribus
3231 2641 3528 2710 lucratum,
3551 2655 3611 2700 et
3629 2646 3788 2714 quid—

2195 2735 2326 2804 quid
2357 2734 2483 2789 inde
2515 2734 2887 2790 ecclesiastico
2930 2734 3121 2790 ordine
3165 2734 3348 2790 facere
3389 2744 3445 2791 et
3492 2736 3789 2806 disponere

2198 2823 2426 2878 Domino
2475 2833 2750 2880 annuente
2794 2824 3118 2891 decreverit,
3165 2823 3391 2879 liberam
3421 2826 3479 2880 in
3525 2827 3784 2880 omnibus

2197 2914 2396 2968 habeat
2420 2921 2749 2983 potestatem
2799 2913 3051 2969 faciendi.
3087 2913 3296 2970 Idcirco
3331 2929 3552 2969 necesse
3596 2915 3785 2970 fuitut

2195 3003 2454 3074 praefatus
2481 3005 2766 3074 epiSCOpuS
2812 3013 2868 3059 et
2913 3004 3148 3059 ministri
3187 3019 3299 3059 suae
3343 3005 3490 3060 sedis
3534 3005 3781 3060 ecclesia

521 3101 632 3163 rio,
661 3097 757 3153 sed
781 3108 970 3150 eorum
1000 3092 1157 3148 libitu
1185 3097 1238 3145 et
1267 3087 1606 3146 contumacia
1651 3087 1754 3142 hoc
1783 3101 1877 3140 eos
1901 3099 2092 3155 perpe-

2197 3096 2297 3150 hoc
2325 3095 2689 3151 evindicatum
2713 3094 2798 3150 vel
2827 3096 2968 3150 hanc
2994 3094 3241 3149 notitiam
3275 3094 3508 3149 consilio
3532 3103 3590 3150 et
3623 3095 3777 3162 judi-

519 3198 713 3252 trassc,
744 3193 800 3240 et
821 3193 880 3240 ut
900 3182 1012 3252 jam
1043 3181 1245 3236 dictum
1273 3176 1662 3235 monasterium
1689 3174 1953 3245 praedicto
1975 3174 2092 3244 epi-

520 3294 682 3348 ειοηρο
727 3274 1006 3330 auferrent
1033 3279 1090 3327 et
1131 3285 1162 3325 a
1185 3268 1308 3340 jure
1345 3284 1458 3325 suae
1485 3267 1629 3324 sedis
1669 3265 1912 3322 ecclesiae
1954 3280 2062 3336 quo

519 3384 624 3439 quo
650 3367 809 3422 modo
838 3363 1140 3434 potuissent
1166 3361 1548 3417 subtraherent
1574 3357 1660 3414 vel
1693 3357 1998 3412 alienarent
2019 3357 2092 3410 si-

521 3464 681 3532 bique
709 3457 1100 3520 evindicarent,
1128 3460 1255 3508 tunc
1272 3451 1352 3506 eis
1376 3457 1705 3521 praeceptum
1727 3457 1809 3503 est
1833 3457 1895 3503 ut
1919 3463 2096 3503 rever-

527 3565 773 3608 terentur
814 3547 883 3604 ad
933 3560 1120 3601 eorum
1172 3540 1558 3599 monasterium
1605 3553 1714 3607 quo
1752 3540 2096 3593 renuntlave-

520 3653 667 3710 runt,
720 3642 903 3710 ibique
949 3635 1168 3706 jejuniis
1214 3643 1270 3690 et
1313 3631 1648 3689 orationibus
1679 3630 1994 3686 insisterent
2040 3637 2094 3684 et

522 3736 747 3795 Domino
784 3729 1103 3803 regulariter
1129 3727 1441 3783 militarent.
1487 3723 1568 3780 Illi
1595 3736 1723 3778 vero
1761 3732 1950 3776 contra
1979 3730 2093 3778 sto-

522 3824 824 3886 machando
841 3819 1420 3890 responderunt,atque
1437 3813 1562 3869 illuc
1579 3812 1777 3868 reverti
1795 3811 1938 3867 nolle
1949 3811 2094 3865 dixe-

523 3926 669 3973 runt.
699 3914 852 3969 Tunc
881 3910 1127 3966 videntes
1161 3923 1253 3964 eos
1285 3920 1477 3962 omnes
1505 3904 1745 3975 episcopi
1789 3913 1844 3958 et
1898 3902 2091 3971 reliqui

520 4009 829 4067 sacerdotes
847 4014 1009 4061 tanta:
1036 4001 1276 4059 stultitiae
1299 4015 1418 4056 esse
1431 4007 1485 4053 et
1510 3997 1694 4053 taliter
1707 3996 1906 4050 domno
1926 3994 2095 4064 impe-

521 4102 687 4158 ratori
715 4108 771 4157 et
798 4098 946 4155 omni
971 4103 1176 4152 sancta:
1204 4091 1429 4164 synodo,
1455 4097 1618 4158 atque
1660 4102 1849 4144 eorum
1873 4085 2094 4158 proprio

519 4193 772 4264 episcopo
798 4187 1166 4245 inobedientes
1187 4184 1419 4240 existere
1441 4194 1737 4249 eorumque
1761 4176 2095 4248 jussionihus

519 4299 576 4364 et
604 4290 708 4360 piis
735 4301 800 4341 ac
827 4284 992 4357 iustis
1030 4279 1270 4342 consiliis
1299 4277 1571 4341 resistere,
1599 4281 1977 4346 praeceperunt
2014 4271 2096 4329 af-

522 4379 664 4439 ferre
688 4377 929 4450 regulam
960 4373 1131 4430 sancti
1173 4369 1449 4426 Benedicti
1473 4376 1530 4422 et
1555 4368 1609 4422 in
1636 4373 1928 4436 conspectu
1975 4379 2092 4418 om-

2194 3186 2281 3243 cio
2309 3186 2553 3241 omnium
2582 3184 2651 3239 ad
2696 3183 3006 3255 pradictam
3050 3182 3317 3254 synodu
3343 3184 3786 3239 convenientium

2193 3276 2569 3345 episcoporum
2599 3282 2655 3329 et
2687 3274 3015 3344 reliquorum
3052 3272 3394 3328 sacerdotum
3420 3274 3781 3342 acciperent;

2193 3377 2255 3422 ut
2279 3368 2324 3423 si
2349 3375 2472 3436 post
2517 3367 2662 3421 hunc
2687 3366 2849 3429 diem,
2888 3365 3035 3434 quod
3071 3364 3186 3419 fieri
3216 3365 3443 3420 minime
3471 3365 3787 3422 credimus.

2193 3459 2260 3514 de
2287 3458 2389 3514 hac
2425 3471 2591 3512 causa
2621 3455 2801 3527 aliqua
2829 3456 3075 3512 causatio
3100 3455 3187 3512 vel
3216 3455 3466 3526 repetitio
3511 3454 3600 3510 vel
3627 3470 3782 3526 qua:-

2192 3550 2317 3605 dam
2343 3549 2611 3606 calumnia
2634 3549 3014 3621 instigantibus
3026 3548 3308 3604 malevolis
3325 3547 3639 3602 hominibus
3660 3559 3787 3602 orta

2195 3639 2383 3708 fuerit,
2431 3654 2618 3694 coram
2647 3637 2900 3696 omnibus
2945 3639 3063 3692 haec
3105 3637 3298 3693 notitia
3339 3635 3418 3691 vel
3445 3636 3788 3691 evindicatio

2196 3730 2472 3786 declarata
2503 3738 2784 3800 appareat,
2813 3735 2874 3784 ut
2901 3727 3050 3800 quod
3075 3727 3274 3797 repetit
3318 3725 3629 3782 evindicare
3671 3741 3786 3781 non

2196 3822 2391 3886 valeat,
2446 3822 2540 3877 sed
2580 3833 2820 3891 praesens
2847 3820 3179 3890 conscriptio
3223 3819 3373 3875 omni
3412 3826 3664 3887 tempore
3699 3819 3788 3872 vel

2195 3914 2389 3969 notitia
2418 3914 2574 3969 firma
2603 3921 2659 3968 et
2685 3911 2891 3967 stabilis
2918 3919 3257 3980 permaneat.
3295 3907 3392 3964 llis
3416 3907 3788 3978 prasentibns

2195 4013 2378 4060 actum
2408 4002 2527 4058 fuit.
2560 4003 2735 4073 Drogo
2767 4000 3210 4070 archiepiscopus
3248 4009 3302 4054 et
3335 3999 3518 4053 senior
3538 3997 3785 4068 capella—

2196 4108 2298 4148 nus
2345 4091 2686 4161 subscripsit.
2731 4088 3026 4144 Autcarius
3055 4088 3489 4160 archiepiswpus
3533 4086 3787 4141 subscri-

2195 4183 2324 4254 psit.
2383 4181 2698 4253 Agobardus
2751 4179 3191 4248 archiepiscopus
3239 4175 3582 4245 subscripsit.
3638 4173 3790 4228 Ber-

2193 4276 2396 4332 nardus
2475 4272 2912 4342 archiepiscopus
2976 4268 3320 4337 subscripsit.
3402 4265 3783 4333 Bel-negantis

2199 4363 2702 4440 [Bartholomaeus]
2732 4361 3103 4418 Narbonensis
3153 4357 3597 4428 archiepiscopus
3651 4355 3791 4410 sub-

524 4429 1041 4530 iuum-‘éngntias
1084 4465 1201 4538 ejus
1251 4463 1429 4532 legere
1452 4501 1468 4527 ,
1514 4459 1711 4529 quibus
1737 4429 1792 4512 in
1841 4456 2093 4512 omnibus
2118 4429 2173 4490 D
2198 4429 2437 4526 scripsit.
2505 4429 2752 4526 Agiulfus
2803 4452 3059 4507 Biturica:
3123 4450 3278 4506 urbis
3335 4445 3793 4538 archiepiscopus

511 4561 915 4638 repugnabant,
973 4567 1028 4612 et
1079 4555 1147 4612 ad
1207 4553 1456 4608 ultimum
1485 4549 1551 4605 de
1593 4546 1920 4604 humilitatis
1965 4561 2090 4638 gra-

510 4637 682 4714 dibus
752 4649 1076 4710 sententiam
1134 4645 1314 4716 legere
1373 4641 1698 4712 jusserunt,
1762 4638 1829 4694 de
1897 4637 2096 4708 quibus

523 4751 604 4806 eis
652 4746 856 4802 nullum
905 4751 1094 4799 tenere
1130 4737 1308 4793 visum
1345 4741 1463 4799 est,
1511 4732 1608 4787 sed
1650 4729 1822 4800 magis
1861 4727 2097 4799 propriis

515 4839 891 4898 voluntatibus
931 4831 1196 4892 insanire
1236 4835 1292 4884 et
1331 4839 1520 4882 eorum
1562 4822 1728 4878 libido
1756 4820 2017 4876 inservire
2043 4827 2099 4874 et

528 4932 798 4988 insistere.
822 4924 1019 4992 .Quam
1074 4917 1313 4990 regulam
1346 4924 1476 4969 tunc
1503 4912 1910 4968 considerantes
1946 4908 2098 4964 dixe—

526 5031 672 5091 runt,
697 5016 960 5088 quoniam
1003 5028 1064 5066 ea
1111 5024 1233 5080 qua:
1262 5007 1367 5061 levi
1411 5012 1467 5060 et
1504 5002 1698 5059 blando
1743 4999 2099 5091 medicamine

525 5089 708 5170 sanari
752 5122 858 5163 non
888 5108 1134 5176 possunt,
1175 5097 1322 5153 ferro
1359 5094 1607 5151 abscindi
1637 5105 1856 5147 necesse
1883 5099 1986 5146 est.
2031 5089 2099 5144 Et

516 5206 898 5277 ,prazceperunt
935 5193 1129 5251 afferre
1147 5203 1408 5260 ,canoues,
1458 5200 1489 5240 e
1529 5184 1727 5254 quibus
1769 5184 1822 5237 in
1863 5195 2102 5251 praesen-

518 5272 600 5354 lia
625 5272 867 5352 omnium
897 5289 952 5343 in
981 5281 1220 5356 plenaria
1259 5277 1461 5349 synodo
1489 5274 1688 5329 relecto
1717 5281 1800 5327 est
1829 5272 2095 5328 sententia

519 5387 743 5445 concilii
772 5373 1230 5441 Chalcedonensis
1257 5371 1326 5427 de
1364 5367 1578 5426 clericis
1605 5366 1699 5436 qui
1720 5372 1960 5436 praesunt
1987 5371 2102 5436 pto-

522 5480 665 5535 chiis
693 5477 778 5532 vel
809 5467 1172 5531 monasteriis,
1228 5462 1519 5532 capitulum
1555 5459 1589 5515 8
1627 5467 1910 5514 continens
1939 5457 2093 5511 haec:

536 5589 554 5618 ι
598 5569 792 5625 Clerici
832 5561 922 5634 qui
953 5559 1317 5632 prmficiuntur
1344 5553 1597 5625 ptochiis,
1624 5550 1704 5605 vel
1729 5549 1820 5618 qui
1846 5547 2100 5603 ordinan-

535 5673 621 5714 tur
656 5662 708 5713 in
751 5653 1096 5710 rnonastcriis
1123 5660 1176 5704 ct
1201 5646 1451 5724 basilicis
1495 5653 1812 5703 martvrum,
1861 5639 1960 5694 sub
1988 5639 2100 5709 epi-

2199 4549 2540 4619 subscripsit.
2574 4545 2752 4601 Notho
2785 4542 3119 4600 Arelatensis
3160 4538 3603 4611 archiepiscopus
3653 4535 3794 4590 sub-

2202 4639 2440 4711 scripsit.
2471 4637 2714 4694 Abtadus
2737 4633 3076 4690 Genevensis
3103 4631 3389 4701 episcopus
3433 4626 3789 4693 subscripsit.

2204 4728 2561 4787 Harinbertus
2605 4724 2914 4796 Baiocensis
2943 4723 3232 4792 episcopus
3277 4716 3619 4784 subscripsit.
3652 4713 3792 4772 Fre-

2205 4823 2382 4880 culfus
2405 4820 2754 4877 Lexoviensis
2782 4819 3070 4888 episcopus
3100 4811 3442 4882 subscripsit.
3476 4809 3788 4864 Theodori-

2201 4932 2298 4972 cus
2344 4912 2755 4972 Cameracensis
2799 4911 3088 4981 episcopus
3141 4904 3479 4975 subscripsit.
3539 4903 3791 4957 Enr-dus

2204 5006 2534 5078 Tungrensis
2568 5003 2854 5074 episcopus
2880 4998 3222 5070 subscripsit.
3267 4995 3609 5068 Ragenarius
3647 4996 3788 5049 Am—

2200 5098 2478 5154 bianensis
2505 5096 2790 5168 episcopus
2819 5091 3158 5163 subscripsit.
3185 5087 3460 5145 Eccardus
3486 5085 3791 5140 Novium:—

2203 5187 2385 5242 c'cnsis
2411 5189 2697 5257 episcopus
2739 5184 3082 5252 subscripsit.
3110 5180 3380 5237 Ebroinus
3423 5177 3793 5234 Pietaviensis

2203 5278 2490 5348 episcopus
2549 5274 2884 5345 subscripsit.
2957 5271 3286 5329 Gundaeher
3343 5265 3792 5322 Limetieinensis

2203 5369 2487 5438 episcopus
2516 5365 2856 5436 subscripsit.
2882 5368 3050 5418 Jonas
3065 5357 3474 5416 Aurelianensis
3501 5355 3793 5424 urbis-epi-

2205 5475 2400 5530 scopus
2426 5457 2762 5525 subscripsit.
2818 5454 3102 5510 Moduinus
3131 5448 3530 5508 0studunensis
3579 5447 3791 5519 episco-

2206 5565 2308 5620 pus
2349 5547 2689 5614 subscripsit.
2723 5544 3046 5600 Heribaldus
3091 5541 3542 5598 Altisiodoreusis
3571 5538 3788 5610 episeo-

2207 5657 2308 5711 pns
2351 5639 2686 5707 subscripsit.
2735 5637 3057 5692 Adalbertus
3105 5634 3448 5690 Tricaceusis
3499 5635 3788 5705 episcopus
