4006 6178
324 245 457 301 1293

1426 267 1430 270 ·
1487 243 1878 298 DlPLOMATA
1920 241 2467 301 ECCLESIASTICA.

3430 250 3564 304 ηειι

323 357 659 428 subscripsit.
695 354 842 410 Dodo
884 354 1286 425 Andegavensis
1319 356 1606 426 episc0pus
1648 356 1886 411 subscri—
1917 369 1966 426 Α
1992 360 2148 414 rabili
2175 359 2391 416 Aldrico
2421 362 2672 431 episcopo
2701 363 2767 417 ad
2788 370 2998 431 patrem
3024 365 3347 436 praescripta:
3394 361 3564 421 eccle-

321 454 448 522 psit.
498 447 912 505 Herchenradus
958 446 1247 501 Parisiacaa
1276 447 1428 501 urbis
1453 449 1738 518 episcopus
1771 449 1897 502 sub-

322 542 550 612 scripsit.
602 539 934 593 Humbertus
961 537 1182 592 humilis
1214 539 1502 608 epise0pus
1550 539 1889 609 subscripsit.

321 634 600 690 Fulcarius
625 633 848 687 humilis
869 633 1158 701 episcopus
1184 633 1522 702 subscripsit.
1556 633 1896 689 Godofredus

321 725 642 781 Senlitensis
668 724 954 794 episc0pus
976 723 1320 792 subscripsit.
1363 722 1544 778 Favvo
1573 723 1895 778 Cavilonen-

318 817 396 870 sis
422 815 709 885 episc0pus
735 813 1074 882 subscripsit.
1108 812 1252 867 Hildi
1283 813 1641 869 Virdunensis
1677 815 1892 884 episco-

317 922 415 975 pus
445 905 786 973 subscripsit.
825 903 1007 974 Lupus
1044 901 1432 958 Cadolonensis
1471 904 1754 974 episcOpus
1774 904 1896 959 sub-

317 996 555 1064 scripsit.
607 993 919 1064 Stephanus
962 993 1184 1047 bumilis
1227 993 1512 1063 episcopus
1552 994 1889 1065 subscripsit.

319 1087 469 1140 Wala
477 1086 647 1140 fridus
661 1087 919 1140 diaconus
939 1093 1156 1153 rogatus
1169 1086 1464 1154 recognovi
1495 1093 1550 1139 et
1566 1086 1888 1156 subscripsi.

387 1175 520 1227 Data
543 1191 637 1228 vin
683 1173 807 1228 ldus
838 1173 1172 1243 Septembris
1203 1189 1366 1238 anno,
1393 1174 1611 1230 Christo
1633 1178 1888 1246 propitio,

318 1262 529 1333 imperii
576 1264 757 1318 domni
805 1263 1061 1320 Ludovici
1089 1265 1318 1334 piissimi
1365 1265 1598 1336 Augusti.
1632 1267 1724 1331 25,
1757 1269 1894 1324 indi-

315 1357 497 1410 ctione
525 1357 576 1409 l.
607 1357 798 1411 Actum
831 1357 1154 1428 Aquisgrani
1182 1358 1386 1428 palatio
1412 1360 1564 1430 regio
1589 1360 1644 1414 in
1676 1361 1772 1416 Dei
1801 1375 1894 1415 no-

317 1448 462 1502 mine
492 1446 744 1502 feliciter.
774 1447 964 1503 Amen.

975 1539 1249 1596 CCXXlV.

315 1646 416 1686 1³Βο
440 1646 687 1688 εοοιεειιι
717 1647 1064 1688 CENOIANICB
1087 1649 1243 1690 υιιιιιε
1283 1651 1354 1691 ΕΤ
1382 1652 1611 1693 Αιωιιοο
1634 1652 1756 1692 υυδ
1779 1653 1894 1691 EPI-

1006 1718 1187 1760 SCOPO.

927 1773 1099 1842 (Anno
1128 1775 1278 1846 838.)

809 1861 987 1933 [Apud
1009 1862 1194 1918 Baluz.
1225 1864 1379 1938 ibid.]

384 1948 438 2002 ln
469 1951 685 2005 nomine
734 1951 948 2007 Domini
985 1954 1082 2007 Dei
1125 1965 1180 2008 et
1221 1953 1519 2010 Salvatoris
1561 1956 1731 2011 nostri
1764 1953 1893 2010 Jesu

310 2036 529 2105 Christi,
549 2040 868 2109 Ludovicus,
884 2043 1062 2096 divina
1077 2044 1464 2114 reprOpitiante
1477 2045 1784 2111 clementia,
1800 2046 1894 2100 im-

309 2138 529 2198 perator
557 2129 848 2202 Augustus.

381 2216 440 2272 Si
471 2217 706 2272 ﬁdelium
737 2228 1046 2274 nostrorum
1073 2221 1252 2290 justas
1284 2232 1339 2278 et
1361 2225 1709 2279 rationabiles
1753 2226 1890 2294 peti-

309 2305 484 2362 tiones
508 2324 571 2362 ac
592 2310 1002 2377 postulationes,
1026 2329 1160 2380 quas
1176 2329 1275 2382 pro
1290 2315 1520 2370 utilitate
1534 2325 1587 2369 et
1609 2317 1892 2371 exactione

308 2405 509 2450 sancta:
535 2397 631 2451 Dei
657 2397 913 2454 Ecclesiae
935 2410 1251 2471 exposcunt,
1290 2403 1356 2457 ad
1377 2412 1619 2472 optatum
1640 2405 1890 2460 effectum

305 2487 668 2556 perducimus,
719 2503 825 2543 non
872 2491 1044 2544 solum
1086 2493 1288 2562 regiam
1333 2503 1495 2562 atque
1557 2493 1888 2564 imperialem

306 2579 743 2633 consuetudinem
769 2580 823 2634 in
848 2580 952 2636 hoc
975 2597 1316 2648 exercemus,
1347 2583 1441 2638 sed
1468 2583 1631 2639 etiam
1675 2600 1768 2639 eos
1789 2601 1888 2640 no-

304 2663 388 2721 bis
411 2669 789 2738 promptiores,
832 2680 892 2725 ut
918 2673 1210 2739 credimus,
1245 2683 1408 2744 atque
1426 2675 1733 2730 devotiores
1761 2674 1891 2732 faci-

304 2769 441 2810 mus.
487 2756 692 2812 ldcireo
717 2759 963 2814 omnibus
985 2760 1229 2819 ﬁdelibus
1259 2773 1460 2818 sanctae
1488 2765 1585 2819 Dei
1628 2764 1886 2820 Ecclesiae

304 2853 360 2898 et
386 2850 604 2918 nostris,
628 2852 984 2919 praesentibus
1005 2855 1213 2910 scilicet
1239 2863 1292 2910 et
1312 2855 1533 2924 futuris,
1554 2867 1738 2912 notum
1764 2874 1884 2913 esse

302 2937 549 2992 volumus
589 2940 711 3008 quia
754 2941 896 2996 Davo
925 2944 1185 3000 vassallus
1225 2954 1412 3002 noster
1460 2949 1616 3004 nobis
1656 2950 1884 3004 innotuit

304 3027 446 3094 quod
489 3030 778 3098 quamdam
826 3033 1005 3088 villam
1037 3036 1195 3090 sitam
1242 3039 1294 3092 in
1333 3054 1472 3110 pago
1525 3039 1884 3096 Cenomanico

302 3118 516 3172 nomine
549 3118 856 3178 Tridentem
885 3125 950 3179 de
965 3123 1086 3193 jure
1112 3127 1484 3202 Cenomanica:
1505 3131 1694 3185 matris
1715 3131 1882 3188 eccle-

303 3209 394 3263 sia:
424 3225 520 3282 per
551 3224 792 3270 nostrum
817 3217 1135 3274 beneﬁcium
1166 3224 1489 3290 possideret,
1530 3226 1596 3278 de
1641 3240 1744 3294 qua
1783 3243 1881 3296 per

303 3298 539 3366 singulos
569 3317 738 3358 annos
763 3321 935 3361 nonas
967 3315 1022 3362 et
1047 3309 1284 3366 decimas
1311 3320 1366 3367 et
1385 3313 1653 3384 legitimos
1689 3330 1881 3372 census

301 3389 542 3454 partibus
581 3392 816 3459 praefata:
844 3398 1033 3452 matris
1063 3400 1306 3455 ecclesiae
1332 3410 1388 3456 et
1415 3403 1658 3472 ejusdem
1701 3415 1878 3461 recto-

305 3476 454 3532 ribus
500 3482 849 3550 persolveret.
879 3485 994 3552 Qua
1024 3487 1090 3544 de
1129 3503 1186 3543 re
1214 3502 1544 3548 memoratus
1569 3492 1714 3549 Bavo
1757 3510 1882 3565 per-

301 3573 539 3625 tractans
562 3586 744 3628 casum
767 3573 1073 3644 fragilitatis
1115 3580 1376 3642 humanm,
1414 3591 1468 3634 et
1491 3597 1784 3650 pavescens
1807 3584 1880 3637 ul-

299 3660 488 3715 timum
538 3665 838 3719 vocationis
864 3665 1028 3732 diem,
1069 3668 1371 3735 timensque
1403 3685 1469 3722 ne
1507 3671 1732 3738 prmfata
1757 3672 1878 3726 villa

295 3752 477 3822 aliquo
506 3756 814 3825 cupiditatis
845 3771 953 3810 suae
993 3757 1210 3812 stimulo
1257 3759 1341 3812 vel
1378 3760 1619 3828 quolibet
1663 3761 1879 3829 ingenio

298 3860 327 3896 a
344 3844 467 3912 jure
492 3845 726 3914 praefata:
753 3848 942 3903 matris
967 3849 1208 3904 ecclesize
1239 3851 1471 3906 alienata
1497 3852 1674 3918 ﬁeret,
1727 3853 1876 3908 ideo-

298 3947 400 4001 que
454 3934 634 3989 divino
678 3935 891 3991 fervens
955 3953 1160 4004 amore,
1205 3941 1338 3995 adiit
1381 3941 1725 3998 clementiam
1780 3959 1878 3998 no-

299 4033 490 4090 stram,
535 4027 849 4097 suppliciter
874 4030 1170 4100 deprecans
1217 4041 1276 4087 nt
1312 4043 1665 4089 memoratam
1695 4035 1874 4090 villam

297 4115 514 4170 nomine
538 4112 846 4173 Tridentém
878 4134 1000 4174 cum
1029 4121 1276 4176 erunibus
1304 4124 1370 4176 ad
1400 4138 1459 4177 se
1483 4125 1876 4193 pertinentibus

297 4208 542 4275 partibus
584 4209 854 4278 prmdictm
898 4210 1276 4269 Cenomanica:
1312 4216 1504 4270 matris
1535 4217 1779 4272 ecclesiae
1823 4227 1878 4273 et

294 4293 515 4354 Aldrico
540 4299 782 4368 ejusdem
811 4302 962 4358 urbis
992 4305 1284 4360 venerabili
1309 4307 1551 4376 pontiﬁci
1589 4317 1876 4378 praesenta-

1994 453 2088 507 εἴτε
2108 467 2218 508 suae
2256 454 2649 523 prrssentaliter
2673 455 3020 522 reddidimus,
3067 459 3198 512 utin
3245 467 3564 529 perpetuum

1994 542 2050 596 in
2095 542 2356 598 utilitates
2376 551 2430 598 et
2449 543 2687 614 ejusdem
2722 545 2964 601 ecclesia:
2995 547 3232 616 episcopi
3263 548 3479 617 Deoque
3509 549 3564 601 in

1991 648 2055 687 ea
2095 633 2515 690 deservientium
2540 645 2874 706 permaneat.
2917 636 3124 692 idcirco
3151 639 3566 708 suggerentibus

1993 735 2158 796 atque
2181 727 2454 784 humiliter
2477 729 2875 798 postulantibus
2910 728 3181 798 p'rmdictis
3205 728 3451 784 ﬁdelibus
3471 743 3565 781 no-

1993 821 2143 887 stris,
2187 830 2486 876 memorato
2510 821 2761 878 videlicet
2787 822 3008 877 Aldrieo
3033 822 3284 892 episcopo
3309 828 3366 876 et
3401 819 3569 874 Bavo—

1992 928 2059 967 ne
2085 912 2313 968 vassallo
2353 922 2559 979 nostro,
2600 915 2704 969 hoc
2725 921 2922 968 nostra
2941 911 3365 968 conﬁrmationis
3405 918 3568 980 atque

1993 1003 2310 1060 redditionis
2358 1013 2688 1076 praeceptum
2733 1005 3020 1076 smpedicto
3065 1003 3282 1058 Aldrico
3317 1003 3570 1072 episcopo

1991 1095 2074 1148 vel
2127 1097 2195 1149 ad
2219 1105 2428 1165 partem
2459 1095 2572 1164 jam
2611 1096 2766 1151 dieue
2807 1095 2958 1150 urbis
2989 1095 3108 1151 ﬁeri
3148 1093 3426 1163 jussimus,
3473 1107 3571 1163 per

1993 1184 2135 1256 quod
2151 1187 2490 1242 decernimus
2513 1195 2674 1257 atque
2694 1187 2944 1257 jubemus
2963 1193 3022 1241 ut
3043 1185 3224 1241 nullus
3237 1185 3337 1241 sub
3365 1185 3568 1240 ditione

1994 1277 2203 1347 imperii
2235 1279 2404 1333 nostri
2439 1279 2636 1348 degens
2662 1277 2769 1333 ullo
2793 1292 3029 1348 unquam
3067 1284 3306 1346 tempore
3343 1276 3408 1331 de
3431 1289 3568 1344 prm-

1993 1368 2138 1422 dicta
2180 1367 2306 1422 villa
2327 1368 2410 1422 vel
2439 1369 2508 1423 de
2544 1367 2794 1423 omnibus
2824 1368 2893 1422 ad
2934 1382 3055 1422 eam
3084 1365 3476 1435 pertinentibus
3515 1365 3568 1418 iu

1993 1459 2399 1530 quibuscunque
2427 1459 2676 1529 pagisvel
2709 1459 2840 1514 locis
2861 1458 3148 1528 saepedicto
3191 1455 3410 1511 Aldrico
3452 1454 3567 1524 epi-

1993 1566 2156 1622 scopo
2193 1552 2412 1624 suisque
2451 1552 2857 1607 successoribus
2903 1550 3015 1605 ullo
3057 1563 3291 1619 unquam
3328 1555 3571 1617 tempore

1996 1643 2418 1713 inquietudinem
2447 1642 2625 1699 facere
2653 1653 2748 1698 aut
2789 1642 3082 1713 quamlibet
3125 1640 3448 1695 calumniam
3487 1640 3571 1692 iu-

1921 1723 1966 1782 Β
1995 1749 2182 1804 gerere
2219 1744 2541 1803 praesumat;
2565 1735 2661 1788 sed
2681 1734 2841 1790 liceat
2860 1734 2909 1788 ei
2949 1739 3004 1789 et
3025 1729 3430 1787 successoribus
3453 1730 3570 1799 ejus

1995 1827 2180 1896 quieto
2222 1827 2410 1881 ordine
2435 1836 2790 1881 memoratam
2826 1825 3006 1880 villam
3048 1839 3169 1880 eum
3209 1822 3460 1878 omnibus
3499 1821 3572 1876 lo-

1993 1916 2073 1970 cis
2101 1925 2158 1971 et
2191 1917 2483 1971 territoriis
2531 1916 2644 1972 sive
2676 1917 2958 1987 mancipiis
2995 1923 3195 1970 etcum
3233 1914 3483 1969 omnibus
3504 1914 3571 1968 ad

1993 2020 2053 2060 se
2072 2007 2466 2076 pertinentibus
2490 2006 2615 2076 jure
2651 2007 3019 2063 ecclesiastico
3045 2015 3230 2061 tenere
3251 2015 3304 2060 et
3331 2006 3570 2075 posside-

1991 2112 2073 2162 re,
2123 2106 2177 2153 et
2203 2099 2466 2168 quidquid
2508 2113 2608 2168 pro
2635 2099 3038 2170 opportunitate
3068 2105 3124 2153 et
3168 2096 3559 2152 commoditate

1988 2189 2227 2259 praefatae
2268 2191 2414 2245 sedis
2457 2190 2700 2245 ecclesiae
2739 2189 2934 2245 exinde
2984 2189 3165 2245 facere
3209 2189 3569 2254 decreverint,

1991 2279 2215 2335 liberam
2236 2281 2288 2334 iu
2311 2281 2560 2336 omnibus
2579 2281 2816 2337 habeant
2839 2281 3037 2335 futuris
3060 2279 3393 2350 temporibus
3417 2287 3569 2350 pote-

1990 2380 2186 2426 statem
2211 2373 2465 2427 faciendi.
2495 2373 2561 2426 Et
2588 2380 2649 2426 ut
2667 2374 2782 2427 haec
2818 2380 3016 2426 nostra:
3035 2371 3357 2425 redditionis
3387 2379 3572 2425 aucto-

1988 2463 2125 2517 ritas
2146 2473 2460 2532 perpetuam
2484 2462 2723 2516 obtineat
2762 2461 3100 2526 ﬁrmitatem,
3156 2477 3317 2514 manu
3351 2453 3571 2531 propria

1989 2555 2176 2610 subter
2199 2569 2320 2608 eam
2343 2553 2695 2617 ﬁrmavimus,
2725 2560 2780 2608 et
2805 2551 2873 2607 de
2905 2551 3100 2607 annulo
3120 2559 3307 2607 nostro
3345 2549 3570 2622 sigillari

1982 2643 2264 2715 iussimus.

2061 2735 2284 2807 Signum
2312 2735 2569 2791 Ludovici
2592 2734 2926 2792 serenissimi
2965 2736 3330 2806 imperatoris.

2058 2828 2455 2882 Hirminmarus
2477 2827 2720 2882 notarius
2748 2829 2817 2883 ad
2837 2827 3008 2882 vicem
3038 2827 3279 2899 Hugouis
3311 2841 3570 2899 recogno-

1983 2919 2037 2974 vi
2068 2927 2124 2973 et
2143 2917 2461 2987 subscripsi.

2060 3009 2191 3065 Data
2219 3026 2276 3065 It
2324 3010 2549 3065 Kalend.
2597 3009 2764 3064 Maias
2789 3023 2950 3076 anno,
2977 3009 3196 3065 Christo
3221 3010 3475 3080 propitio,
3497 3009 3569 3065 25

1910 3068 1955 3130 (ἶ
1987 3101 2200 3170 imperii
2265 3101 2448 3156 domui
2515 3100 2773 3156 Ludovici
2823 3068 3051 3170 piissimi
3110 3068 3370 3172 Augusti,
3424 3068 3567 3154 indi-

1983 3191 2162 3244 ctione
2191 3191 2387 3260 prima.

2051 3281 2242 3337 Actum
2274 3281 2598 3353 Aquisgrani
2620 3281 2820 3352 palatio
2842 3281 2990 3353 regio
3011 3281 3066 3336 in
3094 3281 3188 3337 Dei
3215 3282 3431 3338 nomine
3454 3281 3574 3336 feli-

1981 3374 2140 3428 citer.
2163 3372 2356 3427 Amen.

2643 3464 2898 3521 CCXXV.

2464 3575 2566 3614 1³Βο
2601 3574 2776 3613 EADEM
2811 3573 3080 3612 ECCLESIA.

2591 3651 2765 3719 (Anno
2799 3650 2947 3718 858.)

2312 3743 2489 3814 [Apud
2514 3741 2726 3805 Baluz.,
2750 3740 2902 3804 ibid.,
2934 3755 3055 3811 pag.
3096 3739 3239 3812 li7.]

2053 3854 2111 3908 ιιι
2148 3853 2362 3909 nomine
2406 3853 2618 3908 Domini
2655 3851 2749 3907 Dei
2776 3860 2830 3907 et
2879 3851 3178 3907 Salvatoris
3219 3853 3389 3907 nostri
3433 3838 3560 3907 Iesu

1979 3947 2208 4013 Christi,
2251 3946 2576 4010 Ludovicus,
2602 3945 2783 3999 divina
2831 3943 3218 4015 reprOpitiante
3249 3943 3558 4008 clementia,

1980 4041 2278 4110 imperator
2304 4038 2596 4110 Augustus.

2051 4131 2108 4186 Si
2152 4129 2402 4200 precibus
2440 4129 2804 4193 sacerdotum,
2833 4127 3047 4196 quando
3073 4142 3172 4198 pro
3209 4127 3323 4182 suis
3350 4125 3436 4182 vel
3462 4141 3555 4182 ec,

1978 4224 2264 4280 clesiarum
2307 4222 2407 4278 sibi
2449 4221 2862 4278 commissarum
2910 4219 3326 4276 necessitatibus
3355 4218 3556 4290 aliquid

1979 4315 2235 4369 intimare
2259 4311 2548 4376 voluerint,
2588 4326 2773 4365 aurem
2806 4308 3041 4365 libenter
3063 4310 3551 4370 accommodamus.

297 4387 422 4484 liter
468 4399 664 4484 nostra
689 4393 958 4462 imperiali
1017 4397 1336 4452 auctoritate
1391 4399 1756 4468 redderemus,
1819 4409 1874 4456 et
1900 4423 1952 4484 D
1978 4421 2275 4476 eorumque
2301 4405 2478 4475 justas
2504 4418 2568 4458 ac
2591 4401 2940 4457 rationabiles
2965 4401 3254 4471 petitiones
3279 4417 3343 4457 ac
3369 4408 3553 4471 postu—

293 4476 436 4535 hanc
476 4480 832 4538 redditionem
880 4500 978 4554 per
1023 4496 1268 4542 nostrum
1300 4498 1632 4559 prmeeptum
1678 4491 1874 4548 futuris

296 4575 626 4642 temporibus
655 4574 864 4630 ﬁrmius
894 4577 1068 4632 eidem
1112 4579 1353 4635 ecclesia:
1398 4581 1618 4652 suisque
1645 4585 1873 4638 rectori-

292 4664 394 4721 bus
418 4667 792 4735 possidendam
823 4671 1318 4749 conﬁrmassemus.
1362 4676 1528 4746 Cujus
1555 4677 1874 4747 petitionem

291 4757 361 4812 ob
403 4773 643 4815 amorem
667 4759 762 4816 Dei
799 4771 852 4817 et
891 4767 1252 4821 reverentiam
1282 4767 1530 4836 ejusdem
1571 4769 1741 4823 sancti
1774 4768 1876 4824 loci

291 4865 677 4922 servorumque
708 4852 800 4908 Dei
823 4852 956 4910 inibi
989 4855 1358 4911 famulantium
1403 4857 1634 4912 libenter
1674 4858 1877 4912 audivi-

292 4960 432 5009 mus,
485 4953 539 5000 et
569 4947 1005 5017 deprecationem
1033 4963 1096 5003 ac
1121 4950 1268 5019 pium
1316 4948 1642 5006 desiderium
1671 4947 1784 5018 ejus
1805 4950 1871 5003 ad

290 5045 532 5105 optatum
559 5038 806 5096 effectum
837 5041 1132 5112 adimplere
1155 5041 1374 5113 dignum
1405 5041 1674 5097 duximus.
1729 5041 1873 5109 Qua-

289 5134 509 5196 propter
544 5143 639 5195 per
692 5127 796 5184 hoc
837 5140 1036 5186 nostrae
1081 5132 1420 5188 auctoritatis
1459 5132 1717 5202 scriptum
1763 5141 1872 5187 sta-

289 5225 501 5274 tuentes
522 5219 858 5276 decernimus
890 5232 1048 5292 atque
1063 5221 1314 5292 jubemus
1334 5231 1394 5277 ut
1420 5223 1868 5293 quemadmodum

289 5309 606 5377 smpedictus
643 5307 790 5362 Bavo
833 5309 1005 5365 ﬁdelis
1046 5321 1227 5368 noster
1277 5321 1632 5366 memoratam
1679 5311 1861 5366 villam

290 5413 413 5452 eum
463 5400 608 5453 omni
654 5400 981 5471 integritate,
1047 5401 1183 5456 sicut
1225 5403 1312 5456 illa
1354 5401 1455 5457 sub
1502 5411 1700 5457 nostrae
1745 5401 1869 5470 jure

289 5487 591 5556 potestatis,
631 5491 844 5559 quando
870 5506 898 5543 a
927 5489 1207 5560 largitione
1253 5501 1435 5546 nostra
1484 5493 1655 5561 ipsum
1705 5491 1871 5545 bene-

290 5578 474 5633 ﬁcium
521 5583 794 5650 accepisse
841 5592 1076 5646 constat,
1129 5599 1226 5653 pro
1273 5583 1636 5638 emolumento
1677 5583 1868 5637 animm

291 5682 490 5728 nostrze
519 5682 571 5728 et
592 5675 881 5729 stabilitate
921 5676 1128 5744 imperii
1157 5676 1324 5729 nostri
1356 5683 1654 5729 memorato
1703 5687 1888 5735 venc-,

1976 4499 2208 4553 lationes
2257 4496 2326 4551 ad
2379 4503 2624 4566 Optatum
2672 4491 2922 4548 eil'ectum
2963 4492 3251 4562 pervenire
3303 4491 3551 4554 facimus,

1977 4606 2085 4645 non
2115 4589 2290 4645 solum
2317 4587 2519 4657 regiam
2553 4594 2713 4655 atque
2747 4583 3080 4655 imperialem
3109 4583 3554 4638 consuetudinem

1977 4683 2030 4734 in
2058 4682 2162 4735 hoc
2191 4694 2527 4741 exercemus,
2558 4677 2652 4730 sed
2681 4676 2846 4729 etiam
2889 4675 3106 4730 eosdem
3146 4674 3456 4729 sacerdotes
3486 4675 3554 4727 ad

1978 4769 2190 4826 Domini
2221 4765 2649 4822 misericordiam
2696 4781 2795 4836 pro
2840 4763 2997 4818 nobis
3020 4763 3348 4818 exorandam
3377 4777 3553 4832 prom-

1981 4863 2186 4934 ptiores
2207 4869 2364 4928 atque
2386 4859 2689 4914 devotiores
2714 4857 2959 4911 facimus.
2991 4854 3198 4910 Idcirco
3222 4861 3406 4914 notum
3435 4851 3549 4908 ﬁeri

1980 4952 2225 5007 volumus
2265 4949 2506 5002 omnium
2544 4947 2780 5002 ﬁdelium
2822 4956 3132 5001 nostrorum
3163 4953 3272 4999 tam
3311 4959 3547 5015 praesen-

1981 5042 2114 5096 tium
2171 5055 2335 5110 quam
2379 5046 2434 5092 et
2486 5037 2789 5090 futurorum
2834 5035 3111 5089 industriae
3132 5034 3257 5103 quia
3301 5033 3551 5090 Aldricus

1978 5131 2303 5187 venerabilis
2359 5127 2731 5184 Cenomanica:
2776 5126 2926 5180 urbis
2967 5125 3250 5195 episcopus
3288 5127 3550 5181 accedens

1979 5224 2044 5279 ad
2075 5237 2234 5278 aures
2268 5228 2466 5277 nostrae
2492 5217 2708 5289 pietatis
2742 5215 2927 5271 retulit
2950 5215 3105 5270 nobis
3135 5215 3200 5269 de
3226 5215 3545 5284 quibusdam

1969 5312 2250 5369 beneﬁciis
2277 5327 2395 5380 quae
2419 5317 2542 5362 ante
2571 5306 2880 5376 complures
2909 5319 3079 5359 annos
3099 5304 3162 5359 de
3185 5304 3307 5375 jure
3331 5321 3440 5359 sum
3462 5320 3548 5359 se-

1971 5403 2053 5456 dis
2077 5416 2199 5456 cum
2227 5398 2556 5469 appendiciis
2586 5411 2773 5450 eorum
2802 5395 3030 5450 fuissent
3075 5394 3349 5450 subtracta
3383 5405 3438 5449 et
3477 5397 3542 5449 ad

1968 5490 2238 5562 publicum
2271 5497 2514 5542 nostrum
2537 5487 2774 5547 redacta,
2809 5499 2927 5553 qua:
2956 5485 3113 5539 modo
3141 5483 3537 5544 Chermundus,

1969 5579 2292 5641 Bertliadus,
2342 5575 2649 5636 Vull‘ardus,
2693 5574 2860 5636 Rodo,
2913 5582 2968 5628 et
3010 5575 3138 5629 socii
3169 5575 3284 5644 ejus
3321 5573 3535 5628 vassalli

1969 5670 2138 5726 nostri
2184 5670 2237 5723 in
2271 5667 2592 5723 beneﬁcium
2635 5667 2757 5722 data
2796 5666 3091 5737 possident,
3132 5675 3184 5721 et
3231 5668 3306 5722 sic
3336 5682 3536 5737 praece-
