4048 6182
514 230 650 287 1295

1645 219 1966 278 ιυυογιαι
2000 219 2022 274 l
2060 213 2534 275 COGNOIIENTO
2572 215 2655 270 PII

3655 214 3793 270 H96

509 346 659 404 denti
689 351 933 415 tempore
970 343 1035 396 de
1066 339 1316 394 manibus
1341 345 1616 392 rectorum
1642 334 1914 406 praedicta
1939 333 2090 389 urbis
2119 333 2168 392 Α
2193 329 2500 387 devotiores
2543 329 2791 386 facimus.
2840 328 3046 384 idcirco
3071 329 3329 385 omnibus
3369 329 3624 386 ﬁdelibus
3669 347 3799 386 sau-

510 444 936 500 memoratorum
969 429 1324 485 vassallorum
1367 425 1631 482 beneﬁcia
1658 440 1780 481 cum
1828 423 2089 495 appendi-

497 529 615 585 .ciis
645 535 701 582 et
727 523 979 581 omnibus
1007 521 1076 576 ad
1101 535 1160 576 se
1187 515 1586 591 pertinentibus
1604 516 1786 587 elapsa
1815 531 1954 574 esse.
1983 515 2092 572 Sed

510 636 633 677 cum
671 633 770 673 nos
791 615 859 671 ad
889 615 966 670 rei
995 614 1284 670 veritatem
1308 612 1622 680 diligentlus
1659 607 2092 680 investigandam

510 710 698 766 ﬁdeles
754 708 951 763 missos
1003 714 1218 760 nostros
1270 702 1680 759 Helisacbarum
1727 699 2091 757 venerabilem

508 802 758 856 abbatem
804 808 859 854 et
882 797 1169 855 Widonem
1209 795 1468 851 comitem
1499 794 1859 856 mitteremus,
1893 806 2092 846 renun-

508 891 781 944 tiaverunt
809 887 968 942 nobis
1000 901 1103 956 .per
1131 885 1314 940 omnia
1359 885 1433 938 ita
1462 897 1650 938 verum
1681 895 1821 937 esse.
1847 880 2091 951 Cumque

493 977 820 1033 .eorumdem
859 976 1119 1031 relatione
1140 975 1523 1046 prmdictorum
1550 973 1903 1029 vassallorum
1928 973 2093 1028 bene-

490 1069 632 1124 ﬁcia
678 1083 785 1122 non
821 1069 907 1122 .ad
941 1067 1218 1137 publicum
1255 1076 1527 1131 nostrum,
1556 1065 1652 1120 sed
1680 1065 1748 1120 ad
1771 1064 1863 1136 jus
1904 1063 2092 1135 praefa-

491 1168 576 1214 ta:
603 1157 977 1214 Cenomanica:
1009 1157 1252 1214 ecclesia:
1274 1157 1420 1228 juste
1453 1156 1726 1227 pertinere
1748 1156 2091 1226 cognovisse-

503 1265 644 1313 mus,
683 1251 1010 1321 complacuit
1035 1249 1338 1306 clementiaa
1363 1258 1564 1306 nostra:
1597 1250 2089 1323 suprascriptorum

505 1339 857 1396 vassallorum
903 1339 1164 1396 beneﬁcia
1191 1357 1315 1396 cum
1341 1342 1488 1395 omni
1544 1341 1874 1411 integritate,
1902 1356 2090 1409 quem-

495 1430 796 1486 admodum
825 1431 972 1502 ipsos
1005 1447 1069 1486 ea
1095 1447 1192 1502 per
1217 1432 1429 1503 singula
1458 1432 1576 1486 loca
1613 1447 1645 1486 a
1676 1431 1966 1503 largitione
1994 1446 2092 1485 uo-

504 1532 617 1577 stra
653 1523 933 1594 accepisse
963 1532 1198 1590 constat,
1243 1539 1343 1593 pro
1371 1523 1738 1578 emolumento
1767 1523 1962 1577 anima!
1993 1538 2090 1577 no-

502 1625 632 1671 strte
660 1625 960 1673 memorato
993 1617 1288 1673 venerabili
1327 1618 1549 1674 Aldrico
1575 1619 1832 1688 episcopo
1869 1617 1938 1673 ad
1963 1632 2090 1686 par-

2191 432 2293 480 ctaa
2324 424 2420 480 Dei
2461 423 2720 479 Ecclesia:
2751 430 2806 478 et
2835 421 3062 490 nostris,
3090 422 3453 491 prasentibus
3482 431 3539 476 et
3569 423 3798 488 futuris,

2192 525 2382 572 notum
2415 532 2536 574 esse
2562 516 2810 573 volumus
2841 517 2967 586 quia
2990 517 3260 588 Agbertus
3283 533 3471 574 comes
3513 528 3569 575 et
3613 523 3793 575 ostia-

2194 611 2312 668 rius
2339 618 2504 682 atque
2552 609 2897 666 consiliarius
2939 619 3127 664 noster
3156 609 3314 666 nobis
3353 611 3596 666 innotuit
3643 615 3797 684 quod

2190 703 2484 773 quamdam
2510 703 2693 760 villam
2723 704 2884 759 sitam
2915 703 2970 758 in
3002 718 3144 775 pago
3167 702 3541 761 Cenomanico
3569 709 3800 763 nomine

2191 793 2500 851 Calisamen
2525 797 2595 851 de
2615 795 2740 866 jure
2773 794 3154 850 Cenomanica
3196 795 3393 851 matris
3422 797 3676 854 ecclesiae
3697 815 3802 869 per

2192 894 2440 942 nostrum
2464 885 2789 942 beneﬁcium
2823 885 3148 956 possideret,
3188 887 3255 942 de
3280 901 3390 956 qua
3416 903 3519 958 per
3543 889 3799 961 singulos

2192 995 2365 1035 annos
2394 995 2568 1035 nonas
2587 987 2644 1036 et
2665 979 2908 1036 decimas
2936 988 3100 1048 atque
3136 977 3411 1049 legitimos
3435 996 3642 1036 census
3669 998 3799 1052 par-—

2194 1071 2338 1126 tibus
2372 1069 2613 1141 praefatae
2653 1070 2846 1124 matris
2880 1069 3125 1124 ecclesiae
3158 1077 3216 1123 et
3268 1067 3513 1138 ejusdem
3542 1070 3794 1125 ecclesia:

2192 1161 2498 1216 rectoribus
2541 1160 2898 1231 persolveret.
2937 1158 3054 1226 Qua
3104 1159 3172 1214 de
3202 1174 3263 1214 re
3305 1169 3648 1214 memoratus
3691 1163 3801 1231 Ag-

2192 1253 2380 1308 bertus
2447 1261 2792 1322 pertractans
2855 1265 3045 1306 casum
3109 1248 3424 1318 fragilitatis
3495 1249 3758 1305 humanm
3783 1293 3799 1312 .

2190 1353 2248 1398 et
2279 1355 2577 1414 pavescens
2617 1341 2869 1397 ultimum
2925 1339 3228 1396 vocationis
3280 1339 3446 1405 diem,
3478 1341 3798 1410 timensque

2193 1449 2261 1490 ne
2291 1433 2518 1504 prmfata
2554 1432 2682 1488 villa
2729 1433 2914 1502 aliquo
2956 1432 3272 1502 cupiditatis
3297 1446 3410 1486 suae
3453 1433 3686 1489 stimulo
3715 1435 3803 1489 vel

2191 1522 2430 1592 quolibet
2464 1522 2679 1594 ingenio
2724 1538 2756 1576 a
2778 1519 2905 1589 jure
2933 1521 3266 1591 praescripta:
3304 1521 3496 1576 matris
3533 1521 3793 1578 ecclesia:

2193 1613 2430 1668 alienata
2461 1611 2649 1676 ﬁeret;
2691 1611 2922 1682 ideoque
2955 1611 3140 1666 divino
3166 1612 3384 1668 fervens
3411 1599 3628 1679 amore,
3661 1615 3800 1670 adiit

504 1715 611 1761 tem
641 1709 913 1776 praedictae
937 1709 1180 1765 ecclesiae
1209 1725 1319 1764 suae
1367 1685 1623 1775 reddere,
1653 1717 1712 1763 ut
1741 1685 2001 1779 perpetuo
2035 1709 2087 1762 in
2119 1685 2164 1744 Β
2193 1702 2539 1758 clementiam
2585 1711 2830 1758 nostram
2877 1701 3195 1772 suppliciter
3240 1701 3550 1774 deprecans
3578 1717 3648 1760 ut
3688 1721 3800 1760 me-

503 1796 766 1852 utilitates
803 1808 860 1853 et
885 1814 1017 1854 usus
1044 1798 1285 1868 ejusdem
1318 1800 1562 1856 ecclesite
1585 1802 1805 1871 Deoque
1825 1801 1883 1856 in
1909 1815 1973 1856 ea
1996 1801 2090 1856 de-

501 1889 880 1945 servientium'
911 1901 1248 1961 permaneat.
1302 1893 1509 1948 idcirco
1555 1901 1879 1962 suggerente
1929 1901 2091 1962 atque

503 1988 731 2050 rogante
773 1982 1034 2050 praedicto
1074 1983 1370 2038 venerabili
1416 1984 1671 2053 episcopo
1714 1984 1854 2038 hanc
1890 1990 2090 2037 nostra:

501 2071 941 2129 conﬁrmationis
981 2082 1144 2144 atque
1194 2075 1512 2130 redditionis
1566 2076 1984 2145 praeceptionem
2034 2077 2090 2130 ei

501 2163 584 2216 vel
616 2165 683 2218 ad
733 2155 944 2234 partem
989 2167 1261 2236 praedictae
1303 2167 1454 2222 urbis
1501 2167 1616 2222 ﬁeri
1645 2167 1942 2237 jussimus;
1994 2183 2092 2239 per

502 2269 664 2322 quam
693 2255 1036 2331 decernimus
1070 2264 1233 2327 atque
1256 2257 1513 2327 jubemus
1542 2267 1602 2312 ut
1633 2257 1812 2313 nullus
1851 2257 2088 2313 ﬁdelium

502 2352 810 2399 nostrorum
843 2346 910 2401 de
945 2344 1228 2414 jamdictis
1269 2347 1552 2404 beneﬁciis
1577 2349 1660 2404 vel
1689 2350 1756 2404 de
1797 2350 1885 2404 his
1908 2350 2087 2406 onmi-

490 2431 602 2486 bus
637 2447 758 2501 qua:
803 2433 873 2488 ad
921 2434 1304 2504 praedictorum
1355 2437 1708 2493 vassallorum
1754 2447 2085 2503 nostrorum,

491 2519 912 2592 quibuscunque
933 2523 988 2578 in
1017 2525 1150 2581 locis
1179 2527 1502 2595 consistant,
1528 2528 1790 2586 beneﬁcia
1815 2532 2088 2602 pertinere

500 2623 818 2681 noscuntur,
864 2626 1164 2673 memorato
1215 2619 1435 2676 Aldrieo
1479 2622 1774 2678 venerabili
1830 2625 2087 2696 episcopo

499 2704 613 2759 sive
657 2707 1064 2764 successoribus
1111 2707 1227 2778 ejus
1266 2711 1376 2766 ullo
1432 2727 1671 2782 unquam
1711 2721 1954 2785 tempore
2006 2715 2087 2770 iu—

497 2799 873 2868 quietudinem
911 2800 1094 2858 facere
1128 2812 1223 2859 aut
1246 2805 1546 2876 quamlibet
1574 2807 1902 2864 calumniam
1934 2809 2087 2882 inge-

502 2903 624 2945 rere
669 2901 981 2962 prarsumat,
1015 2895 1111 2949 sed
1150 2895 1312 2952 liceat
1355 2898 1405 2952 ei
1448 2906 1503 2952 et
1541 2899 1947 2955 successoribus
1969 2899 2088 2969 ejus

495 2982 685 3050 quieto
723 2984 915 3041 ordine
958 2996 1258 3042 memorata
1295 2987 1414 3044 loca
1466 3003 1589 3044 cum
1625 2989 1877 3045 omnibus
1910 2990 1982 3046 ad
2027 3005 2086 3046 se

445 3100 447 3103 -
494 3075 897 3143 pertinentibus
909 3076 1034 3146 jure
1071 3079 1448 3136 ecclesiastico
1482 3089 1672 3137 tenere
1700 3091 1756 3137 et
1783 3083 2082 3153 possidere,

498 3176 555 3222 et
593 3169 853 3240 quidquid
884 3185 983 3241 pro
1009 3173 1416 3243 opportunitate
1459 3182 1514 3229 et
1543 3175 1929 3231 commoditate
1951 3190 2088 3245 prae-

492 3257 625 3314 fata:
642 3259 896 3316 ecclesia:
921 3262 1132 3317 .exinde
1165 3261 1344 3319 facere
1373 3263 1736 3330 decreverint,
1764 3265 1990 3321 liberam
2030 3266 2085 3321 in

497 3349 758 3406 omnibus
787 3352 1023 3407 habeant
1048 3363 1372 3422 potestatem
1392 3354 1644 3411 faciendi.
1678 3356 1746 3411 Et
1773 3364 1831 3411 ut
1851 3358 1969 3413 hzec
1990 3372 2086 3413 au-

501 3443 728 3498 ctoritas
749 3451 933 3498 nostra
957 3453 1275 3514 perpetuam
1299 3445 1543 3503 obtineat
1563 3447 1897 3514 ﬁrmitatem,
1920 3465 2085 3506 manu

502 3531 719 3601 propria
774 3531 960 3588 subter
1007 3533 1379 3603 ﬁrmavimus,
1433 3546 1490 3592 et
1531 3537 1604 3594 de
1657 3538 1856 3593 annulo
1901 3551 2087 3597 nostro

500 3621 758 3687 jussimus
787 3623 1034 3694 sigillari.

574 3713 800 3785 Signum
830 3715 1090 3772 Ludovici
1126 3718 1356 3788 piissimi
1388 3721 1752 3792 imperatoris.

572 3806 969 3864 Hirminmarus
1004 3811 1249 3867 notarius
1298 3813 1365 3868 ad
1420 3813 1594 3870 vicem
1637 3814 1878 3886 llugonis
1929 3832 2084 3872 reco-

502 3898 662 3968 gnovi
693 3906 746 3954 et
774 3899 1094 3972 subscripsi.

575 3987 708 4041 Data
739 4003 835 4042 vm
879 3987 999 4043 Kal.
1036 3988 1208 4046 Julias
1235 4007 1401 4057 anno,
1437 3992 1657 4051 Christo
1685 3995 1940 4066 propitio,
1969 3996 2039 4051 22
2061 4009 2086 4037 ι

504 4078 713 4148 imperii
753 4079 937 4134 domui
987 4079 1245 4139 Ludovici
1274 4084 1505 4154 piissimi
1554 4085 1919 4157 imperatoris,
1950 4089 2090 4145 iudi-

498 4170 682 4227 ctione
712 4171 796 4227 l3.

573 4259 766 4314 Actum
790 4260 1091 4319 Stramtaco
1119 4281 1284 4336 supra
1311 4265 1534 4322 [luvium
1563 4267 1882 4325 Rhodanum
1915 4271 1968 4326 in
1994 4271 2088 4327 Dei

505 4350 724 4407 nomine
754 4349 1003 4408 feliciter.
1041 4353 1236 4410 Amen.

1159 4465 1437 4521 CCXXV].

983 4551 1081 4590 ΡΝ)
1117 4551 1182 4590 ΞΑ
1190 4550 1294 4590 DEI!
1329 4553 1573 4593 ECCLESIA
1583 4577 1598 4591 .

1123 4626 1294 4697 (Anno
1322 4626 1483 4698 838.)

833 4713 1005 4785 [Apud
1049 4714 1259 4779 Baluz.,
1291 4715 1447 4781 ibid.,
1482 4731 1604 4788 pag.
1642 4717 1791 4791 ιω]

564 4797 635 4860 .ln
681 4804 898 4862 nomine
944 4804 1157 4860 Domini
1197 4806 1294 4863 Dei
1321 4816 1378 4864 et
1417 4807 1716 4867 Salvatoris
1755 4815 1927 4869 nostri
1955 4813 2083 4870 Jesu

508 4897 735 4964 Christi,
761 4896 1088 4963 Ludovicus,
1125 4897 1310 4954 divina
1356 4902 1745 4971 repropitiaute
1773 4903 2083 4969 clementia,

511 4992 806 5062 imperator
825 4989 1120 5061 Augustus.

582 5081 639 5137 Si
673 5080 912 5136 ﬁdelium
959 5090 1268 5136 nostrorum
1289 5081 1467 5151 justas
1491 5093 1546 5140 et
1584 5087 1931 5142 rationabiles
1949 5089 2086 5156 peti;

510 5175 687 5230 tiones
715 5189 779 5228 ac
821 5171 1216 5243 postulationes
1241 5188 1376 5242 quas
1405 5189 1504 5243 pro
1532 5175 1767 5230 utilitate
1792 5185 1846 5230 et
1884 5175 2090 5231 exalta-

513 5266 656 5320 tione
695 5271 894 5318 sanctae
935 5261 1029 5316 Dei
1079 5260 1333 5317 Ecclesiae
1369 5271 1689 5332 exposcunt,
1737 5264 1806 5318 ad
1845 5273 2086 5334 optatum

505 5354 757 5409 t-ll‘ectum
796 5352 1166 5424 perducimus,
1215 5367 1320 5408 non
1351 5353 1522 5409 solum
1555 5354 1754 5425 regiam
1799 5365 1960 5427 atque
1988 5359 2088 5412 im-

513 5445 762 5512 pcrialem
821 5445 1268 5500 consuetudinem
1327 5445 1379 5500 in
1433 5445 1534 5501 hoc
1597 5462 1932 5514 exercemus,
1993 5451 2087 5504 sed

512 5536 674 5588 ctiam
723 5553 818 5593 eos
858 5538 1012 5593 nobis
1053 5539 1430 5608 promptiores,
1485 5547 1542 5595 ut
1589 5542 1880 5607 credimus,
1929 5552 2087 5613 atque

583 5656 610 5685 ⁸
631 5647 936 5715 Lugendum
969 5649 1182 5704 videtur
1201 5651 1291 5705 24.

2116 4398 2168 4458 D

2197 1802 2462 1849 moratam
2513 1793 2696 1848 villam
2740 1794 2958 1848 nomine
3001 1793 3309 1850 Calisamen
3364 1809 3491 1850 cum
3537 1797 3801 1853 omnibus

2196 1886 2261 1939 ad
2294 1899 2353 1940 se
2382 1886 2780 1956 pertinentibus
2817 1886 3064 1956 partibus
3103 1887 3375 1956 praedicta
3411 1887 3800 1946 Cenomanitz

2195 1977 2340 2032 sedis
2374 1976 2618 2032 ecclesia:
2659 1986 2715 2032 et
2763 1976 2980 2032 Aldrico
3009 1978 3254 2048 ejusdem
3302 1979 3451 2035 urbis
3491 1984 3796 2038 venerabili

2193 2071 2451 2140 episcopo
2479 2069 2876 2138 przesentaliter
2903 2078 3091 2125 nostra
3145 2070 3416 2142 imperiali
3457 2076 3797 2131 auctoritate

2195 2159 2568 2225 redderemus,
2601 2169 2656 2215 et
2686 2160 2827 2215 hanc
2868 2161 3223 2217 redditionem
3248 2177 3348 2232 per
3374 2174 3618 2220 nostrum
3652 2183 3800 2237 prae-

2194 2263 2410 2324 ceptum
2442 2253 2640 2310 futuris
2687 2256 3026 2326 temporibus
3077 2257 3288 2314 ﬁrmius
3323 2260 3500 2315 eidem
3537 2263 3795 2320 ecclesia:

2192 2343 2416 2414 ejusque
2439 2347 2743 2402 rectoribus
2765 2347 3147 2417 possidendam
3175 2349 3649 2407 conﬁrmaremus.
3679 2352 3784 2408 Cu-

2185 2435 2277 2504 jus
2307 2436 2627 2506 petitionem
2653 2439 2724 2493 ob
2752 2451 2994 2492 amorem
3034 2438 3132 2494 Dei
3174 2449 3224 2495 et
3263 2443 3633 2498 reverentiam
3655 2444 3798 2513 ejus-

2191 2526 2314 2581 dem
2359 2528 2532 2582 sancti
2567 2526 2670 2584 loci
2707 2542 3101 2599 servorumque
3147 2528 3242 2584 Dei
3291 2529 3424 2586 inibi
3455 2530 3690 2589 Domino
3717 2536 3798 2590 fa-

2191 2618 2515 2674 mulantiqu
2545 2618 2778 2675 libenter
2807 2619 3136 2687 audivimus,
3172 2631 3226 2676 et
3255 2622 3702 2694 deprecationem
3726 2643 3792 2682 ac

2190 2707 2340 2779 pium
2361 2707 2691 2765 desiderium
2709 2709 2828 2781 ejus
2853 2708 2922 2763 ad
2943 2718 3189 2779 optatum
3212 2709 3468 2766 effectum
3483 2715 3791 2786 perducere

2190 2799 2413 2871 dignum
2446 2800 2720 2856 duximus.
2748 2799 3092 2872 Quapropter
3116 2816 3216 2874 per
3235 2802 3339 2858 hoc
3366 2815 3571 2858 nostra:
3602 2815 3792 2862 aucto—

2190 2891 2370 2947 ritatis
2405 2900 2733 2963 praeceptum
2773 2901 3080 2948 statuentes
3117 2893 3465 2951 decernimus
3500 2905 3669 2968 atque
3708 2897 3793 2966 ju-

2189 2981 2384 3038 bemus
2406 2989 2467 3037 ut
2506 2981 2964 3052 quemadmodum
3000 2983 3324 3053 saepedictus
3351 2985 3626 3056 Agbertus
3654 2986 3792 3042 ﬁde-

2192 3072 2260 3129 lis
2295 3081 2484 3129 noster
2511 3080 2870 3129 memoratam
2892 3072 3080 3128 villam
3102 3088 3226 3128 cum
3260 3074 3411 3129 omni
3448 3075 3791 3147 integritate,

2191 3168 2333 3224 sicut
2362 3167 2453 3222 illa
2481 3166 2567 3223 die
2592 3168 2694 3223 sub
2713 3165 2841 3236 jure
2879 3174 3081 3223 nostra:
3105 3168 3395 3238 potestatis
3419 3176 3539 3222 erat
3567 3167 3795 3238 quando

2190 3277 2221 3317 a
2246 3261 2530 3332 largitione
2561 3269 2745 3315 nostra
2772 3259 2949 3329 ipsum
2986 3258 3312 3314 beneﬁcium
3347 3261 3624 3332 accepisse
3654 3275 3795 3315 con-

2191 3361 2320 3418 stat,
2352 3368 2450 3424 pro
2475 3352 2843 3408 emolumento
2890 3351 3087 3406 animae
3137 3360 3339 3411 nostra:
3387 3360 3443 3408 et
3491 3351 3794 3408 stabilitate

2192 3441 2402 3512 imperii
2433 3441 2605 3496 nostri
2635 3450 2936 3497 memorato
2959 3441 3259 3496 venerabili
3283 3441 3504 3498 Aldrico
3527 3445 3793 3514 episcopo

2190 3533 2258 3587 ad
2284 3541 2495 3602 partem
2525 3532 2856 3602 praescripto
2887 3547 2998 3587 sua:
3033 3532 3180 3588 sedis
3219 3531 3462 3588 ecclesiae
3485 3543 3793 3602 praesenta-

2191 3623 2313 3679 liter
2345 3622 2701 3689 reddidimus,
2732 3632 2794 3677 ut
2830 3623 2883 3677 in
2915 3631 3176 3694 perpetuo
3206 3623 3259 3678 in
3289 3623 3543 3678 utilitates
3572 3634 3633 3679 et
3660 3641 3794 3682 usus

2190 3713 2430 3785 ejusdem
2461 3713 2704 3768 ecclesiae
2733 3713 2952 3784 Deoque
2992 3713 3046 3768 in
3088 3729 3152 3768 ea
3199 3714 3621 3770 deservientium
3668 3731 3789 3786 per-

2190 3811 2426 3860 maneat.
2467 3803 2675 3859 Idcirco
2714 3803 3134 3875 suggerentibus
3180 3814 3346 3875 atque
3373 3805 3655 3860 humiliter
3690 3823 3792 3876 po-

2191 3894 2514 3950 stulantibus
2543 3893 2815 3966 praedictis
2843 3893 3091 3951 ﬁdelibus
3113 3895 3336 3961 nostris,
3373 3906 3680 3952 memorato
3703 3897 3785 3952 vi-

2191 3986 2386 4043 delicet
2415 3986 2633 4042 Aldrico
2666 3987 2967 4043 venerabili
2997 3987 3253 4058 episcopo
3291 3999 3348 4042 et
3376 3987 3617 4057 Agberto
3644 3988 3794 4058 jam-

2191 4080 2337 4135 dicto
2366 4079 2510 4134 ﬁdeli
2541 4087 2749 4144 nostro,
2775 4079 2880 4136 hoc
2916 4089 3115 4135 nostra
3150 4077 3582 4136 conﬁrmationis
3622 4090 3796 4152 atque

2193 4171 2511 4226 redditionis
2553 4181 2880 4243 praeceptum
2917 4171 3204 4241 smpedicto
3253 4170 3474 4225 Aldrico
3522 4173 3796 4243 episcopo

2193 4262 2278 4317 vel
2316 4262 2385 4317 ad
2423 4271 2634 4334 partem
2661 4263 2776 4334 jam
2820 4263 2978 4319 dicta:
3003 4262 3155 4318 urbis
3202 4262 3320 4317 ﬁeri
3359 4260 3647 4330 jussimus,
3695 4281 3798 4337 per

2193 4353 2336 4423 quod
2379 4353 2723 4409 decernimus
2763 4350 3202 4422 atquejubemus
3244 4360 3303 4405 ut
3357 4351 3534 4405 nullus
3576 4353 3681 4407 sub
3712 4355 3799 4408 di-

2194 4443 2337 4499 tione
2358 4443 2570 4516 imperii
2601 4445 2771 4499 nostri
2802 4444 3006 4514 degens
3049 4443 3157 4498 ullo
3179 4458 3415 4515 unquam
3446 4452 3700 4514 tempore
3726 4447 3798 4501 de

2193 4535 2450 4606 praedicta
2486 4535 2608 4589 villa
2653 4535 2738 4590 vel
2764 4533 2831 4589 de
2859 4535 3110 4590 omnibus
3139 4535 3207 4588 ad
3237 4534 3799 4605 eam.pertinentihus

2195 4627 2248 4681 in
2291 4627 2706 4696 quibuscunque
2746 4625 2896 4697 pagis
2943 4625 3029 4680 vel
3058 4624 3188 4680 locis
3235 4624 3522 4695 saepedicto
3560 4624 3798 4681 Aldrico

2194 4717 2448 4788 episcopo
2495 4717 2716 4787 suisque
2768 4715 3172 4772 successoribus
3217 4714 3325 4770 ullo
3362 4729 3607 4784 unquam
3655 4725 3793 4772 tem-

2194 4823 2326 4879 pore
2355 4808 2786 4880 inquietudinem
2812 4806 2992 4863 facere
3015 4814 3108 4861 aut
3129 4804 3426 4877 quamlibet
3449 4805 3792 4862 calumniam

2191 4899 2440 4971 ingerere
2488 4907 2818 4968 praesumat:
2851 4896 2946 4953 sed
2995 4896 3156 4952 liceat
3193 4897 3245 4952 ei
3279 4904 3335 4951 et
3369 4897 3794 4953 successoribus

2192 4988 2309 5057 ejus
2337 4990 2522 5059 quieto
2551 4989 2741 5045 ordine
2771 4998 3129 5044 memoratam
3161 4987 3342 5042 villam
3364 5002 3488 5042 cum
3526 4989 3795 5043 outnibus

2190 5081 2324 5135 locis
2351 5089 2405 5135 et
2433 5081 2722 5135 territoriis
2750 5081 2864 5135 sive
2892 5080 3174 5151 mancipiis
3201 5090 3258 5134 et
3277 5094 3401 5135 cum
3431 5080 3690 5135 omnibus
3721 5082 3794 5135 ad

2194 5188 2253 5228 se
2277 5173 2675 5244 pertinentibus
2713 5174 2837 5246 jure
2883 5173 3260 5230 ecclesiastico
3293 5182 3478 5228 tenere
3513 5181 3573 5227 et
3611 5176 3794 5244 possi-

2195 5261 2343 5326 dere,
2369 5270 2425 5316 et
2450 5261 2713 5333 quidquid
2752 5277 2853 5334 pro
2882 5263 3286 5334 opportunitate
3315 5270 3372 5317 et
3398 5262 3795 5319 commoditate

2190 5349 2426 5423 praefata:
2477 5352 2623 5408 sedis
2670 5353 2916 5409 ecclesiae
2954 5354 3148 5409 exinde
3192 5353 3370 5408 facere
3414 5353 3792 5417 decreverint,

2187 5443 2414 5500 liberam
2461 5445 2514 5499 in
2545 5447 2799 5502 omnibus
2828 5446 3066 5502 habeant
3091 5445 3288 5502 futuris
3320 5444 3661 5514 temporibus
3693 5462 3792 5515 po-

2193 5543 2439 5592 testatem
2478 5532 2724 5594 faciendi.
2759 5537 2825 5593 Et
2868 5548 2925 5593 ut
2953 5537 3066 5592 hare
3112 5545 3308 5592 nostrze
3338 5534 3670 5591 redditionis
3696 5553 3801 5590 au-
