4048 6182
300 410 324 461 l
335 405 435 461 9.97

1469 356 1866 440 Dll‘LOMA'l‘A
1905 382 2436 443 ECCLESIASTICA

3433 382 3565 439 1298

296 526 521 581 ctoritas
550 528 863 591 perpetuam
891 517 1133 600 obtineat
1187 512 1524 578 ﬁrmitatem,
1569 527 1732 567 manu
1753 524 1878 582 pro-
1904 513 1955 570 A
1980 510 2219 568 dtentem
2268 513 2513 568 un'enire
2551 511 2774 568 minime
2808 521 3014 582 posset,
3052 519 3109 565 ut
3155 511 3383 566 haberet
3412 508 3576 566 licen-

299 616 415 686 pria
438 613 626 669 subter
650 625 774 667 eam
819 605 1176 671 ﬁrmavimus,
1207 612 1263 660 et
1288 604 1354 659 de
1383 600 1584 658 annulo
1610 611 1797 658 nostro
1817 603 1885 657 si-

298 704 473 779 gillari
492 701 774 773 iussimus.

368 796 596 869 Signum
631 788 893 847 Ludovici
919 784 1255 844 serenissimi
1281 782 1644 857 imperatoris.

368 883 699 957 Maginarius
724 880 969 937 notarius
996 877 1067 934 ad
1089 877 1263 933 vicem
1308 874 1552 947 Hugonis
1595 872 1885 946 recognovi

297 985 352 1031 et
385 972 705 1043 subscripsi.

365 1063 739 1123 Dataxvtlial.
763 1061 1096 1127 Decembris,
1115 1074 1257 1115 anno
1269 1059 1511 1125 Christo,
1535 1057 1794 1129 propitio,
1815 1056 1886 1112 26

299 1156 511 1229 imperii
538 1154 725 1212 domui
751 1151 1010 1209 Ludovici
1036 1150 1267 1223 piissimi
1306 1148 1555 1221 Augusti,
1587 1147 1886 1204 indictione

297 1247 555 1306 secunda.
1006 1234 1013 1241 ’
1555 1236 1559 1240 ’

362 1340 565 1396 Actum
620 1336 858 1394 Pictavis
899 1334 1122 1392 civitate
1166 1332 1377 1404 publice
1434 1331 1489 1387 in
1535 1331 1629 1388 Dei
1669 1332 1887 1386 nomine

300 1431 550 1488 feliciter.
573 1430 768 1486 Amen.

941 1515 1238 1574 CCXXVII.

749 1627 849 1667 PRO
886 1623 1114 1665 Αιοιιιςο
1151 1621 1418 1662 ειιιδυοιδο.

914 1698 1087 1769 (Anno
1110 1696 1261 1765 8'58.)

618 1790 797 1865 [Apud
824 1788 1033 1853 Baluz.,
1074 1787 1229 1861 ibid"
1267 1800 1389 1857 pag.
1424 1784 1570 1857 119.]

373 1884 665 1942 lnnomine
711 1881 930 1938 Domini
981 1879 1076 1934 Dei
1118 1887 1174 1933 et
1224 1876 1522 1932 Salvatoris
1559 1876 1729 1932 nostri
1763 1874 1892 1930 Jesu
1922 1865 1967 1924 B

301 1976 525 2039 Christi,
571 1972 899 2035 Ludovicus,
929 1969 1111 2025 divina
1159 1967 1546 2039 repropitiante
1577 1965 1888 2030 clementia,

301 2070 597 2140 imperator
629 2064 926 2136 Augustus.

376 2162 434 2217 Si
467 2159 813 2216 sacerdotum
841 2155 938 2212 Dei
955 2154 1121 2228 justis
1155 2161 1210 2209 et
1239 2152 1656 2210 rationabilibus
1674 2150 1893 2223 petitio-

300 2249 461 2305 nibus
514 2259 701 2302 aurem
744 2243 977 2300 libenter
1017 2241 1525 2307 accommodamus,
1574 2255 1777 2310 easque
1823 2240 1893 2296 ad

303 2346 545 2408 optatum
570 2333 825 2393 eﬁ‘ectum
853 2332 1223 2404 perducimus,
1252 2347 1361 2387 non
1390 2331 1567 2389 solum
1598 2331 1805 2401 regiam
1839 2340 1895 2387 et

302 2424 710 2497 imperatoriam
735 2435 1056 2478 exercemus
1102 2419 1568 2487 consuetudinem,
1595 2420 1693 2476 sed
1728 2420 1895 2476 etiam

302 2517 522 2573 eosdem
569 2530 668 2586 pro
713 2512 918 2569 nostris
966 2510 1282 2568 excessibus
1317 2509 1535 2566 Domini
1586 2509 1895 2567 misericor-

306 2608 452 2663 diam
474 2603 781 2662 exorandos
807 2593 1118 2658 devotiores
1144 2600 1618 2673 promptioresque
1642 2599 1892 2664 facimus,

305 2710 468 2770 atque
504 2713 603 2769 per
636 2697 740 2752 hoc
789 2696 1113 2753 immensam
1152 2694 1249 2753 Dei
1289 2694 1717 2753 misericordiam
1765 2695 1898 2752 faci-

305 2794 409 2847 lius
459 2791 615 2845 nolis
668 2787 1062 2845 conciliandam
1099 2801 1220 2845 esse
1285 2786 1629 2844 conﬁdimus.
1688 2786 1899 2844 Idcirco

306 2891 491 2936 notum
525 2894 647 2936 esse
689 2878 937 2937 volumus
979 2878 1231 2935 omnibus
1271 2877 1521 2935 ﬁdelibus
1555 2886 1761 2936 sanctae
1800 2879 1896 2936 Dei

308 2971 559 3028 Ecclesiae
599 2978 657 3026 et
684 2970 909 3036 nostris,
927 2968 1290 3040 praesentibus
1320 2968 1530 3026 scilicet
1560 2976 1726 3042 atque
1751 2967 1899 3025 futu-

307 3063 406 3131 ris,
444 3062 572 3133 quia
617 3060 868 3116 Aldricus
934 3060 1262 3117 venerabilis
1317 3060 1696 3117 Cenomanica:
1746 3061 1899 3117 urbis

305 3157 591 3233 episcopus
619 3154 861 3211 innotuit
883 3153 1192 3210 celsitudini
1234 3160 1437 3211 nostrae
1458 3153 1603 3226 quod
1636 3154 1805 3211 multa
1831 3169 1899 3210 ex

1992 606 2123 669 tiam
2155 605 2513 676 undecunque
2536 614 2593 662 et
2611 618 2990 676 quemcunque
3009 605 3075 661 de
3101 603 3304 659 nostris
3329 602 3577 659 ﬁdelibus

1990 697 2153 754 vellet
2179 707 2291 754 tam
2322 696 2463 754 infra
2492 697 2755 769 palatium
2793 713 2957 768 quam
2995 704 3149 752 extra
3174 693 3437 765 palatium
3474 694 3579 751 sibi

1990 788 2345 861 ecclesiteque
2375 790 2483 848 sibi
2514 789 2818 861 commissa:
2841 788 3043 859 eligere
3071 785 3372 856 adjutorem
3403 795 3459 843 et
3487 786 3579 842 de-

1990 878 2293 947 fensorem,
2309 889 2367 937 et
2402 881 2839 952 quotiescunque
2873 894 3098 936 necesse
3138 878 3307 935 fuerit
3341 886 3577 944 mutare.

1991 980 2049 1030 et
2087 972 2372 1030 meliorem
2417 973 2501 1029 vel
2530 972 2802 1029 utiliorem
2850 980 3109 1028 statuere.
3139 969 3305 1040 Cujus
3328 970 3582 1041 precibus

1991 1078 2181 1141 aurem
2201 1063 2407 1121 favoris
2426 1064 2786 1121 libentissime
2812 1062 3308 1126 accommodantes,
3324 1061 3579 1132 praeseri-

1989 1155 2100 1226 ptis
2130 1154 2246 1212 suis
2290 1155 2646 1233 petitionibus
2695 1168 2982 1211 assensum
3017 1153 3368 1224 prtebuimus,
3398 1159 3456 1207 et
3492 1168 3585 1224 po-

1992 1247 2311 1303 stulationes
2332 1245 2449 1315 ejus
2473 1245 2543 1303 ad
2566 1243 2821 1302 eﬂ'ectum
2849 1260 3021 1314 usque
3042 1242 3417 1315 perduximus.
3446 1240 3585 1297 Con-

1991 1338 2236 1395 cedimus
2261 1337 2463 1409 quippe
2501 1342 2804 1394 memorato
2828 1333 3073 1406 pontiﬁci
3106 1349 3204 1405 per
3224 1332 3324 1388 bas
3353 1331 3586 1388 auctori-

1993 1428 2122 1484 tatis
2146 1436 2346 1484 nostraa
2374 1426 2607 1492 litteras,
2644 1441 2782 1496 quas
2820 1426 2870 1479 ei
2899 1424 3016 1479 ﬁeri
3036 1424 3324 1495 jussimus,
3359 1434 3585 1478 conces-

1991 1532 2219 1587 sumque
2235 1517 2288 1591 i_u
2306 1515 2489 1572 futuro
2509 1530 2630 1572 esse
2650 1515 2901 1571 volumus
2926 1521 2986 1570 ut
3008 1512 3271 1584 praefatus
3290 1512 3582 1582 episcopus

1991 1608 2198 1681 quiete,
2231 1608 2359 1665 dum
2392 1608 2643 1671 voluerit,
2687 1607 2741 1662 in
2791 1622 2889 1663 sua
2937 1604 3175 1661 resideat
3207 1603 3492 1676 parochia,
3532 1613 3588 1658 et

1992 1713 2092 1769 pro
2117 1698 2274 1755 nobis
2301 1708 2358 1754 et
2395 1713 2495 1770 pro
2524 1697 2818 1754 commisso
2859 1695 3016 1752 nobis
3042 1710 3072 1750 a
3119 1694 3231 1751 Deo
3254 1694 3454 1767 populo
3480 1693 3587 1749 Do-

1995 1788 2201 1844 minum
2255 1799 2465 1856 exoret,
2507 1804 2633 1844 suos
2678 1800 2807 1843 vero
2853 1786 3106 1843 homines
3133 1799 3259 1841 cum
3299 1798 3400 1839 suo
3440 1798 3588 1839 ceco-

1996 1897 2160 1938 nomo
2185 1881 2270 1938 vel
2309 1896 2708 1952 quemcunque,
2756 1889 2810 1935 et
2847 1887 2905 1934 ut
2952 1879 3158 1935 dictum
3201 1882 3308 1943 est,
3334 1875 3585 1947 elegerit,

1997 1975 2308 2045 ubicunque
2336 1981 2523 2030 nostra
2553 1972 2717 2028 fuerit
2733 1971 2911 2042 jnssio
2936 1970 3021 2026 vel
3047 1968 3349 2025 necessitas
3370 1966 3589 2041 ingrue-

1997 2065 2069 2120 rit
2093 2064 2308 2137 dirigat.
2361 2063 2750 2135 Praecipientes
2787 2077 2918 2135 ergo
2967 2076 3067 2133 per
3105 2059 3210 2114 hoc
3244 2067 3445 2115 nostrae
3485 2073 3586 2113 au-

1997 2156 2270 2213 ctoritatis
2317 2162 2651 2226 prazceptum
2681 2152 2931 2209 volumus
2977 2159 3140 2222 atque
3159 2149 3414 2222 iubemus
3444 2148 3589 2220 quod

1996 2248 2041 2303 si
2063 2247 2180 2318 jam
2205 2248 2384 2304 dictus
2404 2246 2691 2318 episcopus
2715 2244 2872 2301 nobis
2898 2251 3179 2315 superstes
3190 2239 3371 2309 fuerit,
3395 2250 3456 2297 ut
3474 2239 3593 2297 nul-

1997 2341 2084 2398 lus
2113 2339 2349 2395 ﬁliorum
2375 2347 2464 2394 aut
2496 2352 2876 2394 successorum
2898 2335 2981 2391 vel
3007 2334 3246 2390 ﬁdelium
3274 2342 3587 2388 nostrorum

1996 2430 2318 2501 praescripto
2348 2426 2594 2499 pontiﬁci
2634 2426 2989 2495 ecclesizeque
3025 2425 3131 2480 sibi
3171 2424 3475 2479 commissae
3508 2423 3591 2478 ul-

1998 2524 2110 2578 lam
2157 2521 2625 2595 perturbationem
2661 2527 2755 2574 aut
2805 2516 3133 2574 calumniam
3174 2516 3423 2587 ingerere
3451 2530 3589 2587 pra:-

1999 2619 2198 2678 sumat,
2245 2618 2338 2666 aut
2386 2608 2571 2666 facere
2612 2606 2918 2664 volentibus
2948 2605 3271 2671 consentiat,
3303 2606 3399 2663 sed
3439 2621 3592 2661 mun-

2000 2701 2303 2758 deburdum
2359 2699 2443 2757 vel
2487 2698 2858 2756 defensionem
2887 2712 2990 2770 pro
3030 2696 3128 2753 Dei
3168 2712 3355 2754 amore
3396 2706 3451 2753 et
3490 2714 3592 2769 pro

2001 2802 2188 2851 nostra
2241 2792 2550 2849 reverentia
2601 2792 2650 2848 ei
2681 2790 2915 2864 pleniter
2958 2791 3183 2859 faciant,
3218 2800 3279 2848 ut
3316 2792 3498 2862 quiete
3537 2799 3591 2847 et

2000 2889 2246 2960 paciﬁce,
2287 2895 2347 2942 ut
2377 2886 2755 2958 praescriptum
2801 2892 2974 2941 estet
2999 2884 3049 2941 ei
3100 2900 3133 2941 a
3179 2884 3336 2941 nobis
3363 2898 3593 2940 concess

2002 2996 2142 3046 sum,
2194 2980 2251 3035 in
2285 2994 2382 3035 sua
2417 2976 2649 3034 ecclesia
2696 2975 2904 3049 absque
2928 2976 3092 3033 ullius
3129 2974 3515 3047 impedimento
3540 2975 3592 3032 ei

2002 3071 2241 3129 residere
2277 3079 2333 3127 et
2379 3085 2536 3127 suum
2578 3068 2943 3125 ministerium
2983 3082 3147 3141 agere
3176 3066 3376 3124 liceat:
3405 3075 3595 3138 quate-

2003 3179 2106 3219 nus
2139 3170 2501 3219 memoratum
2540 3159 2855 3232 pontiﬁcem
2878 3175 2977 3232 pro
3004 3159 3162 3217 nobis
3186 3166 3242 3216 et
3264 3174 3362 3230 pro
3401 3158 3587 3216 liberis

306 3219 393 3307 his
424 3219 545 3318 quae
579 3247 635 3302 in
664 3261 761 3301 sua
803 3244 1061 3317 parocbia
1085 3259 1250 3314 agere
1275 3219 1527 3313 debebat,
1559 3253 1616 3302 et
1639 3245 1709 3302 ad
1737 3260 1895 3302 suum
1926 3219 1971 3281 (ἶ
2004 3252 2209 3309 nostris
2253 3252 2368 3309 sive
2394 3266 2495 3323 pro
2522 3219 2824 3306 stabilitate
2873 3219 2928 3306 et
2962 3264 3096 3322 pace
3127 3219 3343 3320 imperii
3379 3264 3411 3303 a
3433 3249 3593 3309 nobis

308 3336 667 3393 ministerium
696 3335 1022 3407 pertinebat,
1052 3344 1341 3407 propterea
1365 3335 1507 3407 quod
1528 3334 1641 3407 jam
1680 3335 1899 3393 assidue

307 3433 365 3487 in
394 3438 581 3487 nostro
607 3429 830 3486 servitio
872 3429 957 3485 vel
986 3430 1152 3485 etiam
1192 3430 1477 3487 nobiscum
1505 3431 1758 3488 detentus
1783 3440 1897 3488 tan~

310 3524 399 3579 diu
432 3520 893 3590 commorabatur,
940 3523 1184 3596 neglecta
1213 3532 1373 3581 erant
1398 3531 1510 3579 tam
1538 3525 1593 3579 in
1634 3525 1898 3598 praedica-

308 3614 459 3669 tione
484 3628 578 3668 seu
608 3612 1026 3669 confirmatione
1069 3621 1234 3684 atque
1270 3614 1519 3670 doctrina
1564 3631 1729 3684 quam
1752 3624 1807 3673 et
1840 3617 1896 3670 in

307 3702 705 3758 restauratione
737 3700 1116 3767 ecclesiarum,
1159 3700 1241 3755 vel
1284 3717 1580 3771 pravorum
1615 3703 1891 3758 hominum

308 3794 669 3858 correctione,
707 3793 824 3847 sive
855 3792 909 3846 in
933 3791 1056 3848 aliis
1089 3800 1253 3863 atque
1277 3794 1333 3849 in
1375 3794 1497 3850 aliis
1526 3794 1771 3852 ecclesiae
1792 3797 1896 3853 sibi

308 3889 614 3949 commissa;
640 3886 988 3953 utilitatibus,
1016 3896 1072 3943 et
1113 3887 1245 3943 cieri
1272 3887 1355 3944 vel
1379 3888 1562 3960 populi
1602 3889 1898 3946 necessita-

274 4036 279 4043 ,
308 3981 472 4036 tibus.
502 3976 742 4033 lnnotuit
765 3976 931 4032 etiam
961 3977 1106 4046 quod
1132 3985 1306 4034 mater
1328 3977 1558 4035 ecclesia
1589 3978 1732 4034 infra
1750 3994 1894 4050 prte-

310 4072 512 4127 dictam
555 4069 832 4124 civitatem
873 4084 906 4124 a
957 4068 1143 4126 multis
1195 4069 1531 4142 temporibus
1582 4080 1896 4129 constructa

309 4169 531 4233 propter
564 4158 923 4215 maceriarum
950 4157 1377 4216 imbecillitatem
1419 4160 1664 4233 quotidie
1698 4162 1768 4218 ad
1802 4178 1897 4219 ca-

312 4270 429 4307 sum
457 4268 515 4308 se
545 4250 907 4324 praeparabat,
937 4266 1100 4322 quam
1127 4250 1249 4307 ideo
1278 4267 1308 4306 a
1333 4266 1474 4309 novo
1503 4251 1731 4309 fundare
1759 4261 1815 4309 et
1841 4254 1897 4308 in

311 4343 592 4400 meliorem
623 4349 827 4399 statum
854 4348 910 4398 et
957 4341 1135 4398 locum
1163 4343 1434 4403 aedificare
1481 4361 1541 4401 se
1570 4344 1708 4401 velle
1748 4346 1897 4402 diee-

310 4437 422 4492 bat.
455 4433 817 4508 Lacrymabili
841 4449 1061 4513 quoque
1087 4434 1238 4491 vultu
1267 4451 1452 4491 coram
1487 4436 1643 4492 nobis
1675 4444 1731 4493 et
1777 4436 1900 4493 lide-

311 4526 460 4582 libus
486 4526 691 4582 nostris
731 4523 1011 4581 asserebat
1044 4525 1188 4595 quod
1228 4524 1275 4583 si
1311 4524 1469 4581 aliter
1493 4526 1563 4582 ad
1589 4541 1745 4582 suum
1776 4542 1899 4598 per—

314 4616 582 4685 agendum
614 4615 975 4671 ministerium
1002 4614 1172 4671 otium
1204 4630 1234 4671 a
1278 4614 1435 4673 nobis
1468 4617 1760 4687 impetrare
1789 4634 1899 4674 non

311 4715 517 4779 posset,
548 4708 739 4779 magis
761 4706 925 4763 vellet
953 4707 1191 4765 honores
1225 4706 1328 4764 sibi
1372 4708 1599 4765 collatos
1625 4710 1900 4767 dimittere

311 4813 476 4867 quam
498 4797 704 4851 clerum
727 4803 782 4850 et
800 4795 1056 4868 populum
1085 4796 1188 4853 sibi
1223 4798 1576 4855 commissum
1603 4799 1896 4871 negligere,

311 4896 366 4943 et
406 4897 691 4960 propterea
738 4885 793 4944 in
827 4886 1209 4958 perditionem,
1249 4888 1393 4958 quod
1431 4888 1598 4953 absit,
1632 4888 1896 4946 incidere.

312 4977 653 5050 Quapropter
694 4978 975 5035 humiliter
1015 4977 1340 5049 deprecatus
1383 4987 1469 5035 est
1512 4989 1752 5037 nostram
1793 4980 1898 5037 cle-

311 5071 573 5127 mentiam
597 5080 659 5125 ut
681 5070 874 5128 liceret
901 5071 950 5127 ei
975 5070 1132 5140 juxta
1163 5071 1485 5127 canonicam
1514 5073 1895 5129 auctoritatem

310 5162 515 5218 habere
537 5175 884 5219 oeconomum
916 5163 1011 5233 qui
1036 5177 1138 5233 pro
1168 5163 1261 5220 illo
1286 5162 1589 5221 exteriores
1613 5178 1777 5222 utras
1804 5180 1897 5237 ge-

312 5261 477 5319 reret,
505 5260 565 5309 et
591 5262 780 5308 nostra
816 5253 1038 5309 servitia
1068 5263 1231 5325 atque
1262 5254 1481 5321 itinera,
1514 5263 1677 5326 prout
1700 5256 1895 5315 melius

310 5353 516 5411 posset,
548 5359 645 5399 sua
669 5345 787 5399 vice
830 5343 1059 5412 faceret,
1092 5353 1147 5402 et
1182 5347 1474 5416 praedictus
1497 5350 1787 5421 episcopus
1829 5352 1899 5407 ad

310 5449 373 5486 ea
400 5448 524 5503 quae
548 5433 643 5490 Dei
685 5442 813 5490 sunt
840 5435 1147 5493 intenderet
1173 5444 1228 5492 et
1249 5437 1323 5496 ad
1347 5453 1505 5495 suum
1534 5439 1901 5496 ministerium

310 5520 702 5592 perliciendum
731 5534 986 5585 certaret.
1028 5528 1362 5602 Deprecatus
1389 5540 1475 5589 est
1498 5533 1662 5589 etiam
1683 5534 1810 5589 utsi
1842 5535 1897 5589 in

310 5616 533 5685 proprio
562 5617 713 5674 clero
750 5627 807 5674 et
849 5620 904 5676 in
933 5636 1031 5677 sua
1078 5623 1338 5693 parochia
1367 5623 1526 5681 talem
1553 5619 1897 5682 meonomum

310 5707 526 5777 qualem
582 5709 818 5778 volebat,
860 5722 955 5768 aut
1002 5714 1217 5785 qualem
1268 5729 1490 5771 necesse
1512 5725 1650 5783 erat,
1687 5717 1897 5791 sibique

311 5800 607 5857 secundum
657 5819 925 5861 canonum
962 5806 1358 5864 institutionem
1400 5821 1497 5877 per
1548 5808 1729 5865 omnia
1774 5811 1897 5868 obe-

2001 3344 2113 3401 Deo
2141 3343 2423 3413 commissi
2451 3342 2713 3405 attentius
2742 3355 2974 3398 exorare
2994 3341 3246 3400 delectet.
3288 3340 3358 3396 Et
3382 3350 3444 3396 ut
3476 3340 3594 3401 lucc

2000 3442 2187 3492 nostra
2230 3434 2526 3492 auctoritas
2568 3432 2944 3491 inviolabilem
2961 3441 3017 3489 et
3040 3433 3418 3491 inconvulsam
3457 3434 3597 3493 obti-

1999 3534 2128 3582 neat
2169 3525 2509 3592 ﬁrmitatem,
2540 3541 2706 3581 manu
2734 3525 2957 3596 propria
2985 3526 3175 3582 subter
3202 3540 3324 3580 eam
3354 3524 3594 3581 ﬁrmavi-

2000 3632 2141 3681 mus,
2197 3625 2253 3670 et
2301 3616 2489 3671 annuli
2545 3616 2722 3671 nostri
2772 3614 3131 3684 impressione
3174 3615 3438 3686 assignari
3481 3616 3592 3687 jus-

1998 3708 2189 3762 simus.

2073 3794 2301 3867 Signum
2333 3794 2589 3850 Ludovici
2615 3792 2855 3865 piissimi
2888 3792 3250 3863 imperatoris.

2073 3886 2407 3959 Maginarius
2438 3885 2696 3942 notarius.
2711 3885 2779 3941 ad
2806 3884 2980 3940 vicem
3019 3885 3263 3959 Hugonis
3288 3872 3590 3959 recognovi

1999 3987 2055 4035 et
2089 3977 2411 4048 subscripsi.

2072 4068 2207 4125 Data
2220 4083 2288 4123 xv
2304 4067 2425 4124 Kal.
2441 4066 2682 4134 Martias,
2698 4083 2861 4134 anno,
2878 4066 3096 4125 Christo
3113 4071 3366 4142 propitio,
3388 4072 3458 4129 27
3480 4074 3582 4130 im-

1999 4162 2138 4234 perii
2180 4161 2364 4218 domui
2411 4160 2668 4219 Ludovici
2714 4161 2946 4232 piissimi
2988 4162 3241 4235 Augusti,
3286 4156 3591 4225 indictione

2003 4253 2185 4309 tertia.

2071 4344 2268 4401 Actum
2303 4344 2542 4401 Pictavis
2575 4344 2797 4404 civitate
2829 4347 3045 4418 publica
3072 4348 3127 4404 in
3148 4347 3243 4405 Dei
3271 4352 3490 4409 nomine
3512 4352 3591 4408 fe-

2001 4439 2196 4496 liciter.
2231 4438 2429 4496 Amen.

2632 4531 2931 4590 CCXXVII]
2940 4574 2959 4587 ι

2397 4641 2496 4682 P80
2522 4639 2783 4682 ’ECCLESIA
2833 4640 3192 4684 CENOIIAMCA.

2614 4715 2790 4787 (Anna
2838 4716 2991 4789 838.)

2501 4808 2677 4881 [Apud
2705 4810 3086 4884 Balttz.,ibid.l,

2071 4903 2129 4958 lu
2176 4903 2397 4957 nomine
2433 4902 2647 4959 Domini
2692 4902 2791 4959 Dei
2823 4914 2880 4959 et
2909 4905 3208 4963 Salvatorts
3242 4910 3413 4964 nostri
3450 4908 3580 4967 Jesu

1999 4993 2226 5058 Christi,
2278 4992 2605 5058 Ludovicus,
2626 4994 2807 5050 divina
2838 4998 3235 5068 repropitiante
3273 5000 3584 5065 clementia,

1998 5084 2297 5154 imperator
2317 5083 2611 5156 Angustus.

2072 5173 2131 5230 Si
2165 5174 2405 5230 ﬁdelium
2442 5183 2754 5232 nostrorum
2780 5177 2959 5249 justas
2989 5188 3046 5235 et
3078 5181 3430 5239 rationabiles
3452 5185 3589 5255 peti-

1998 5267 2176 5323 tiones
2197 5275 2254 5322 et
2277 5266 2695 5337 postulationes,
2731 5285 2869 5340 quas
2896 5286 2997 5341 pro
3031 5271 3264 5329 utilitate
3289 5282 3345 5329 et
3377 5275 3587 5331 exalta-

1999 5356 2150 5414 tione
2189 5367 2396 5415 sancta:
2441 5359 2539 5416 Dei
2576 5359 2838 5417 Ecclesiae
2881 5377 3203 5433 exposcunt,
3228 5368 3297 5423 ad
3340 5378 3588 5441 optatum

2002 5447 2252 5504 eﬂectum
2299 5448 2667 5519 perducimus,
2700 5466 2809 5508 non
2843 5452 3018 5510 solum
3058 5457 3263 5527 regiam
3297 5468 3461 5533 atque
3488 5462 3588 5519 im-

2005 5538 2261 5610 perialem
2317 5542 2764 5621 consuetudinem
2818 5544 2872 5600 in
2910 5544 3014 5602 hoc
3076 5563 3427 5621 exercemus,
3491 5556 3586 5612 sed

2004 5629 2167 5685 etiam
2217 5645 2312 5686 eos
2353 5620 2509 5689 nobis
2543 5634 2925 5705 promptiores,
2967 5648 3029 5692 ut
3077 5637 3369 5708 credimus,
3423 5653 3587 5719 atque

2004 5723 2309 5781 devotiores
2334 5725 2582 5782 facimus.
2607 5727 2813 5785 Idcirco
2839 5732 3091 5788 omnibus
3115 5735 3359 5793 lidelibus
3382 5749 3587 5796 sanctae

2007 5814 2101 5872 Dei
2140 5815 2394 5875 Ecclesia:
2426 5827 2478 5875 et
2502 5819 2725 5885 nostris,
2753 5823 3112 5892 praesentibus
3139 5828 3344 5887 scilicet
3363 5838 3417 5887 et
3438 5829 3583 5886 futu-
