4048 6182
473 365 613 424 1299
1586 348 1910 408 LUDOVICI
1947 346 1968 401 ι
2004 341 2471 402 COGNOMENTO
2508 340 2597 399 PII
3606 336 3753 397 1,200

476 481 577 547 ris,
606 485 793 534 notum
823 488 945 530 esse
979 471 1228 527 volumus
1249 469 1375 538 quia
1426 466 1748 522 Adalbertus
1788 476 1971 517 comes
1997 468 2052 514 et
2081 464 2130 525 Α
2151 455 2274 525 jure
2303 453 2676 547 ecclesiastico
2725 461 2911 508 tenere
2961 460 3017 506 et
3044 450 3365 547 possidere:
3395 459 3457 505 et
3483 450 3755 547 quidquid

482 540 821 626 consiliarius
864 571 1050 618 noster
1100 559 1255 615 nobis
1301 557 1534 612 innotuit
1578 555 1722 626 quod
1764 551 2055 624 quamdam
2162 564 2262 618 pro
2289 545 2696 618 opportunitate
2724 552 2778 601 et
2812 542 3198 599 commoditate
3225 542 3467 613 prmfatae
3489 540 3638 595 sedis
3668 555 3755 594 ec-

476 659 657 714 villam
685 656 843 712 sitam
872 655 926 709 in
951 668 1089 724 pago
1116 650 1462 706 Carmicense
1488 646 1707 701 nomine
1735 640 1957 699 Bonalla
1989 639 2055 694 de

469 752 488 820 j
497 766 590 806 ure
613 747 986 804 Cenomanicae
1014 742 1204 799 matris
1226 740 1467 796 ccclesize
1489 752 1589 809 per
1613 743 1857 792 nostrum
1885 733 2054 788 bene-

477 840 656 895 ﬁcium
686 839 1010 913 possideret,
1039 836 1104 891 de
1133 848 1238 906 qua
1270 849 1368 904 per
1408 829 1649 901 singulos
1680 839 1852 881 annos
1880 835 2057 878 nonas

474 942 528 988 et
542 932 782 987 decimas
818 939 871 985 et
895 928 1166 999 legitimos
1187 940 1381 980 census
1406 919 1652 992 partibus
1675 914 1915 989 praefatae
1937 924 2052 968 ma—

475 1024 576 1078 tris
602 1021 846 1078 ecclesiae
870 1027 925 1073 et
950 1017 1190 1088 ejusdem
1241 1014 1483 1072 ecclesiae
1517 1008 1821 1067 rectoribus
1857 1002 2059 1077 persol-

472 1124 645 1171 veret.
671 1112 785 1181 Qua
812 1112 879 1167 de
900 1125 961 1166 re
985 1110 1125 1164 idem
1154 1106 1477 1162 Adalbertus
1502 1107 1846 1176 pertractans
1869 1110 2054 1153 casum

474 1209 729 1262 humanae
759 1201 1089 1275 fragilitatis,
1123 1207 1177 1253 ct
1197 1209 1495 1271 pavescens
1535 1192 1787 1248 ultimum
1825 1186 2060 1244 vocatio-

477 1298 564 1352 nis
595 1297 758 1362 diem,
785 1295 1090 1363 timensque
1117 1306 1184 1345 ne
1229 1288 1455 1361 praefata
1484 1287 1610 1341 villa
1641 1285 1824 1354 aliquo
1858 1278 2062 1351 cupidi-

480 1386 609 1441 tatis
660 1400 771 1441 sua‘.
801 1383 1021 1439 stimulo
1069 1379 1154 1436 vel
1192 1377 1435 1452 quolibet
1478 1375 1697 1447 ingenio
1729 1370 1897 1441 ajure
1922 1383 2058 1440 prae-

481 1475 695 1547 scripta:
726 1472 916 1528 matris
954 1469 1197 1527 ecclesia:
1237 1467 1472 1524 alienata
1511 1460 1957 1531 ﬁeret;ideoque
1985 1458 2065 1513 di-

481 1567 610 1622 vino
637 1566 854 1624 fervens
882 1579 1067 1620 amore
1108 1561 1177 1616 ad
1205 1558 1547 1616 clementiam
1588 1562 1832 1612 nostram
1861 1549 2062 1623 suppli-

481 1658 620 1715 citer
685 1658 983 1729 deprecans
1047 1652 1278 1709 accessit
1341 1659 1402 1708 ut
1456 1654 1811 1704 memoratam
1877 1641 2059 1697 villam

482 1749 699 1805 nomine
727 1747 1002 1803 Bonallam
1044 1761 1167 1801 cum
1197 1744 1451 1801 omnibus
1478 1740 1546 1797 ad
1580 1756 1639 1796 se
1668 1735 2065 1810 pertinentibus

480 1839 727 1910 partibus
775 1838 1043 1910 praedicta:
1086 1833 1465 1893 Cenomanicae
1508 1831 1698 1888 matris
1737 1827 1981 1885 ecclesiae
2010 1835 2067 1882 et
2092 1814 2139 1875 Β

480 1931 702 1989 Aldrico
730 1929 969 2001 ejusdem
1015 1928 1166 1985 urbis
1196 1926 1492 1984 venerabili
1537 1923 1781 1998 pontiﬁci
1830 1936 2066 1994 praesen—

482 2022 667 2079 taliter
711 2030 896 2078 nostra
946 2019 1211 2091 imperiali
1240 2019 1565 2075 auctoritate
1600 2015 1966 2077 redderemus,
2010 2020 2066 2067 et

482 2117 627 2174 banc
666 2114 1020 2170 redditioncm
1062 2129 1162 2185 per
1204 2119 1451 2167 nostrum
1501 2096 1831 2181 praeceptum
1866 2104 2065 2159 futuris

481 2205 817 2275 temporibus
857 2203 1067 2258 ﬁrmius
1093 2203 1269 2258 eidem
1307 2201 1553 2258 ecclesia:
1578 2199 1798 2269 suisque
1839 2195 2066 2252 rectori-

482 2299 586 2354 bus
611 2299 989 2373 possidendam
1025 2296 1522 2354 conﬁrmassemus.
1549 2294 1714 2367 Cujus
1747 2292 2064 2365 petitionem

483 2390 553 2443 ob
594 2405 834 2445 amorem
892 2389 989 2445 Dei
1032 2398 1088 2444 et
1124 2388 1487 2447 reverentiam
1538 2386 1710 2457 ipsius
1752 2384 1926 2441 sancti
1964 2383 2065 2439 loci

484 2497 874 2554 servorumque
931 2482 1028 2537 Dei
1068 2481 1202 2537 inibi
1245 2481 1357 2537 Deo
1401 2479 1781 2535 famulantium
1830 2477 2063 2532 libenter

484 2572 808 2639 audivimus,
861 2583 916 2629 et
962 2573 1401 2644 deprecationem
1444 2587 1507 2627 ac
1545 2571 1695 2642 pium
1740 2568 2067 2626 desiderium

485 2659 603 2730 ejus
632 2660 700 2716 ad
742 2669 987 2732 optatum
1017 2660 1267 2719 eil‘ectum
1318 2660 1615 2732 adimplere
1658 2659 1880 2730 dignum
1916 2656 2071 2713 duxi-

2155 639 2335 693 clesiae
2362 637 2560 693 exinde
2586 634 2768 691 facere
2813 633 3178 699 decreverint,
3206 632 3436 687 liberam
3478 632 3540 685 in
3571 632 3761 685 omni—

2154 730 2255 784 bus
2281 727 2478 784 futuris
2502 726 2839 797 temporibus
2861 724 3103 780 habeant
3127 729 3456 794 potestatem
3490 718 3759 774 faciendi.

2156 819 2225 876 Et
2250 824 2311 871 ut
2354 819 2472 872 hac
2509 814 2715 871 nostra!
2741 813 3063 869 redditionis
3106 812 3408 867 auctoritas
3434 818 3759 880 perpetuam

2156 910 2401 966 obtineat
2445 907 2784 972 ﬁrmitatem,
2831 919 2997 959 manu
3026 905 3247 974 propria
3289 903 3482 958 subter
3511 916 3638 956 eam
3669 900 3766 957 ﬁr-

2156 999 2447 1065 mavimus,
2476 1007 2534 1053 et
2559 997 2628 1053 de
2663 996 2864 1051 annulo
2898 1004 3088 1051 nostro
3113 994 3495 1064 sigillavimus.

2229 1089 2459 1161 Signum
2486 1087 2744 1144 Ludovici
2774 1087 3107 1142 serenissimi
3145 1086 3521 1156 imperatoris.

2228 1179 2641 1236 Hermiumarus
2652 1179 2898 1235 notarius
2922 1180 2990 1235 ad
3005 1179 3179 1234 vicem
3195 1177 3439 1250 [lagonis
3459 1176 3761 1249 recognovi

2160 1280 2216 1328 et
2238 1271 2562 1343 subscripsi.

2232 1364 2368 1419 Data
2390 1379 2459 1418 xv
2488 1362 2715 1419 Kalend.
2742 1362 2933 1429 Maias,
2951 1377 3118 1427 anno,
3148 1362 3369 1418 Christo
3398 1361 3669 1433 propitio,
3691 1362 3762 1416 27

2162 1454 2375 1524 imperii
2417 1453 2601 1509 domui
2625 1452 2885 1509 Ludovici
2915 1451 3145 1522 piissimi
3170 1451 3425 1522 Augusti,
3454 1451 3768 1506 indictione

2161 1560 2357 1616 pnma.

2235 1636 2429 1691 Actum
2457 1635 2785 1706 Aquisgrani
2809 1634 3015 1705 palatio
3046 1634 3099 1687 in
3131 1632 3228 1688 Dei
3251 1634 3472 1688 nomine
3503 1631 3762 1688 feliciter.

2166 1726 2361 1781 Amen.

2815 1814 3097 1872 CCXXIX.

2165 1914 2191 1973 ί
2230 1946 2569 1993 CONCAHBIUI
2609 1948 2640 1986 Α
2682 1945 2934 1986 τλττοκε
2974 1945 3180 1984 ΑΒΒΔΤΕ
3228 1942 3618 1983 ελιιιιωοςεςει
3660 1943 3767 1984 CUI

2390 2016 2639 2058 WANINGO
2672 2016 2873 2056 οοιιιτε
2914 2015 3104 2055 INITUI
3137 2012 3548 2055 CONFIRIATUR.

2619 2091 2793 2164 (Anno
2830 2092 2957 2156 838,
2992 2090 3062 2145 M
3097 2090 3299 2161 Junii.)

2236 2182 2418 2257 [Apud
2439 2176 2746 2254 Neutgart.,
2771 2179 2951 2235 Codex
2971 2178 3362 2243 Alamannicus,
3393 2194 3512 2250 pag.
3538 2177 3695 2249 23L]

2234 2274 2294 2329 in
2336 2276 2554 2330 nomine
2590 2273 2802 2330 Domini
2842 2272 2938 2328 Dei
2975 2281 3032 2327 et
3082 2270 3387 2328 Salvatoris
3429 2272 3596 2326 nostri
3630 2268 3769 2326 .Iesa

2166 2364 2398 2431 Christi,
2428 2364 2755 2431 Ludovicus,
2780 2364 2965 2420 divina
3008 2364 3403 2437 repropitiante
3448 2363 3768 2428 clementia,

2168 2454 2467 2528 imperator
2493 2455 2790 2526 Augustus.

2239 2546 2297 2602 Si
2323 2564 2385 2603 ea
2414 2563 2535 2618 qua:
2574 2546 2759 2603 ﬁdeles
2787 2547 3085 2619 nostripro
3110 2562 3300 2603 eorum
3337 2534 3768 2618 opportunitati.

2167 2639 2270 2694 bus
2311 2638 2458 2694 inter
2487 2653 2548 2693 se
2592 2639 3083 2705 commutaverint,
3128 2638 3333 2695 nostris
3378 2640 3773 2695 conﬁrmamus

483 2727 627 2809 mus.
668 2727 1011 2824 Qua-propter
1044 2770 1145 2825 per
1185 2756 1291 2810 hoc
1337 2727 1536 2813 nostra:
1563 2727 1903 2807 auctoritatis
1926 2763 2067 2820 prae-
2169 2727 2399 2825 fidiciisv
2441 2729 2800 2825 impefiflienl
2829 2728 3153 2825 θιοιξοθιιξυξ
3196 2730 3675 2794 Consuetudinem,
3716 2738 3774 2785 ει

486 2820 711 2915 ceptum
751 2820 1062 2900 statuentes
1107 2844 1452 2900 decernimus
1495 2850 1662 2912 atque
1706 2841 1961 2911 juhemus
2011 2844 2068 2891 ut

2182 2821 2275 2878 hoc
2301 2822 2357 2876 in
2403 2822 2749 2891 postmodum
2781 2820 2906 2891 jure
2936 2820 3249 2877 ﬁrmissimo
3281 2836 3602 2876 mansurum
3646 2837 3771 2875 esse

488 2912 944 3003 quemadmodum
975 2932 1296 3004 saepedictus
1321 2930 1650 2987 Adalbertus
1684 2927 1859 2984 fidelis
1884 2933 2068 2982 noster

2182 2912 2437 2971 volumus.
2456 2913 2660 2969 Idcirco
2677 2912 2888 2970 noverit
2908 2914 3150 2970 omnium
3165 2913 3405 2971 ﬁdelium
3425 2924 3764 2979 nostrorum,

488 3029 847 3078 memoratam
872 3023 1054 3078 villam
1100 3038 1224 3078 cum
1250 3023 1397 3078 omni
1427 3020 1758 3093 integritate,
1793 3018 1934 3074 sicut
1981 3016 2070 3071 illa
2173 3015 2283 3061 tam
2310 3005 2659 3076 Ρηεερηιῖιιῐῐι
2685 3021 2847 3077 quam
2879 3014 2934 3060 et
2960 3005 3291 3070 futurorum,
3320 3006 3611 3070 industria,
3643 3008 3770 3077 quia

490 3113 576 3168 die
617 3114 719 3168 sub
747 3111 872 3182 jure
900 3122 1100 3170 nostra:
1144 3112 1432 3184 potestatis
1465 3120 1584 3168 erat
1609 3110 1825 3182 quando
1851 3125 1881 3164 a
1911 3108 2071 3181 largi-
2097 3162 2139 3184 η
2170 3097 2401 3153 (mecum
2437 3096 2579 3151 ﬁlius
2623 3104 2677 3151 el
2714 3097 3027 3167 ωαυὶνοουε
3074 3104 3260 3152 noster
3301 3095 3611 3152 LMOViCﬂS
3653 3098 3769 3169 glo-

489 3201 637 3258 tione
689 3162 875 3258 no‘slm
918 3202 1097 3275 ipsum
1146 3162 1471 3259 Beneﬁcium
1508 3162 1787 3273 accgpisse
1835 3162 2065 3261 consist,
2095 3162 2141 3224 Ω
2174 3190 2352 3246 riosus
2386 3204 2480 3245 rex
2508 3190 2663 3245 nobis
2706 3189 2939 3244 innotuit
2976 3204 3042 3245 eo
3070 3189 3214 3261 quod
3252 3189 3415 3245 Tatto
3444 3191 3773 3246 venerabilis

489 3304 590 3363 pro
617 3291 983 3347 emolumento
1005 3293 1200 3348 anima:
1222 3302 1423 3349 nostra!
1450 3301 1507 3348 et
1530 3293 1826 3348 stabilitate
1856 3289 2071 3360 imperii
2174 3283 2344 3338 abbas
2386 3281 2706 3338 monasterii
2755 3282 3021 3338 vocabulo
3047 3281 3399 3353 Campidona,
3436 3297 3539 3338 nec
3578 3298 3685 3337 non
3712 3293 3770 3338 et

492 3383 664 3441 nostri
688 3391 990 3438 memorato
1009 3383 1306 3440 venerabili
1332 3384 1551 3440 Aldrico
1576 3385 1832 3454 episcopo
1857 3381 1925 3436 ad
1946 3396 2074 3451 par-

486 3476 603 3525 tem
649 3472 980 3541 praascriptae
1030 3487 1143 3527 suae
1196 3471 1340 3529 sedis
1378 3471 1622 3529 ecclesiae
1678 3470 2073 3544 prmsentaliter

494 3560 847 3626 reddidimus,
874 3569 935 3616 ut
954 3560 1009 3616 in
1037 3571 1298 3634 perpetuo
1319 3562 1372 3618 in
1402 3562 1667 3619 utilitates
1695 3569 1752 3618 et
1776 3576 1907 3617 usus
1931 3559 2074 3629 ejus~

494 3651 617 3707 dem
655 3638 898 3707 ccclesiis
939 3651 1160 3722 Deoque
1192 3652 1247 3708 in
1292 3667 1355 3708 ea
1396 3652 1815 3709 descrvientium
1858 3664 2072 3722 perma-

495 3752 638 3800 neat.
671 3744 883 3800 Idcirco
917 3745 1330 3817 suggerentibus
1371 3753 1533 3816 atque
1576 3745 1859 3803 humiliter
1893 3750 2074 3814 postu~

493 3834 733 3890 lantibus
764 3835 1038 3904 praedictis
1075 3834 1322 3893 ﬁdelibus
1348 3836 1567 3901 nostris,
1597 3842 1897 3891 memorato
1923 3835 2071 3890 vide-

493 3925 622 3981 licet
646 3924 866 3981 Aidrico
892 3926 1145 3998 episcopo
1178 3936 1234 3984 et
1258 3927 1553 3984 Adalberto
1594 3928 1707 3999 jam
1751 3927 1899 3983 dicto
1926 3927 2072 3984 ﬁdeli

495 4025 701 4083 nostro,
740 4018 843 4073 hoc
871 4026 1072 4075 nostra:
1095 4019 1523 4077 conﬁrmationis
1559 4027 1722 4091 auue
1756 4019 2073 4076 redditionis

493 4116 822 4179 praeceptum
856 4110 1148 4179 saepedicto
1173 4109 1389 4167 Aldrico
1412 4111 1666 4182 episcopo
1691 4118 1747 4167 et
1769 4111 1837 4167 ad
1857 4120 2069 4183 partem

491 4197 603 4268 iam
629 4200 787 4263 dictae
816 4202 967 4257 urbis
998 4200 1115 4257 ﬁeri
1133 4199 1417 4271 iussimus,
1442 4218 1539 4275 per
1559 4203 1703 4274 quod
1729 4202 2073 4259 decernimus

496 4296 662 4357 atque
680 4287 936 4357 iubemus
962 4296 1024 4343 ut
1068 4289 1245 4346 nullus
1285 4291 1384 4347 sub
1413 4292 1617 4348 ditioue
1656 4292 1868 4365 imperii
1903 4292 2071 4346 nostri

2172 3370 2477 3443 Waningus
2510 3388 2693 3428 comes
2722 3373 2750 3412 ιι
2777 3374 3041 3444 quasdam
3071 3386 3159 3427 res
3194 3387 3290 3442 pro
3322 3373 3609 3427 ambarum
3644 3390 3772 3445 par-

2174 3462 2309 3516 tium
2348 3463 2761 3532 Opportunitate
2798 3470 3245 3518 commutassent.
3291 3462 3447 3520 Dedit
3484 3465 3653 3534 igitur
3676 3479 3775 3520 no-

2175 3563 2289 3611 stro
2313 3556 2585 3626 permissu
2628 3556 2918 3627 przedictus
2953 3555 3113 3610 Tatto
3143 3550 3311 3610 abbas
3341 3571 3408 3610 ex
3438 3552 3603 3611 rebus
3633 3572 3776 3628 pne»

2175 3647 2305 3704 dicti
2337 3650 2649 3705 monasterii
2670 3649 2750 3704 sui
2772 3652 3169 3722 praenominato
3194 3648 3457 3719 Waningo
3478 3651 3678 3703 comiti
3704 3646 3774 3704 ad

2174 3738 2452 3810 pr0prium
2477 3739 2739 3809 quidquid
2764 3736 2910 3809 juris
2932 3740 3173 3810 ejusdem
3200 3739 3511 3796 monasterii
3536 3741 3591 3795 in
3629 3741 3773 3798 locis

2173 3845 2293 3902 qum
2317 3830 2573 3886 dicuntur
2597 3831 2791 3888 Plezza
2822 3843 2872 3898 ο,
2916 3831 3259 3888 Pazeinbova
3285 3830 3313 3870 ἀ
3331 3875 3346 3899 ,
3398 3833 3696 3889 Horuuanc
3720 3847 3770 3898 ο,

2174 3928 2229 3975 et
2256 3922 2309 3975 in
2340 3919 2626 3977 Suntheim
2658 3922 2677 3961 τ
2707 3923 3034 3989 habebatur,
3065 3930 3293 3994 excepta
3325 3923 3513 3979 marka
3538 3925 3694 3981 silvae
3716 3935 3775 3982 et

2174 4016 2378 4082 curtiii,
2412 4031 2533 4087 qum
2567 4031 2667 4087 pro
2688 4014 2909 4072 Aldrico
2942 4020 2968 4058 ε
2999 4016 3068 4071 ad
3098 4027 3453 4073 memoratum
3490 4030 3771 4075 monaste-

2174 4112 2313 4166 rium
2346 4111 2586 4182 delegata
2624 4119 2728 4172 est,
2766 4096 2819 4165 et
2856 4110 3101 4183 exceptis
3125 4111 3233 4168 illis
3266 4113 3435 4184 pratis
3462 4112 3519 4168 in
3555 4111 3767 4169 Gundi-

2173 4202 2354 4258 lensee
2392 4203 2452 4268 h,
2502 4210 2558 4257 et
2600 4201 2945 4257 Cuttinvvanc
2978 4203 3024 4268 ί,
3062 4202 3270 4273 reliqua
3298 4204 3511 4269 omnia,
3541 4218 3669 4274 quae
3706 4205 3764 4258 in

2176 4310 2338 4366 supra
2362 4295 2520 4350 dictis
2551 4293 2685 4350 locis
2719 4293 2773 4349 in
2805 4294 2929 4364 jure
2954 4295 3256 4367 praescripti
3295 4296 3617 4351 monasterii
3646 4311 3775 4365 pos-

496 4383 701 4453 degens
721 4380 1087 4452 uliounquam
1114 4389 1353 4455 tempore
1375 4386 1441 4441 de
1465 4385 1720 4456 prmdicta
1749 4385 1875 4442 villa
1903 4382 1986 4440 vel
2007 4386 2074 4442 de
2175 4384 2491 4440 sidebantur
2519 4425 2533 4450 ,
2597 4399 2721 4439 cum
2769 4382 2973 4441 markis
3018 4392 3073 4439 et
3122 4384 3379 4442 omnibus
3428 4386 3772 4457 appendiciis

497 4470 750 4527 omnibus
776 4471 846 4529 ad
869 4487 991 4527 eam
1020 4473 1418 4543 pertinentibus
1454 4477 1506 4530 iu
1530 4476 1940 4546 quibuscunque
1971 4492 2069 4546 pa-
2098 4504 2152 4563 Β
2177 4477 2290 4531 suis
2320 4476 2576 4546 praedicto
2601 4475 2873 4549 Waningo
2901 4477 3085 4532 comiti
3108 4476 3491 4534 commutando
3516 4478 3771 4541 tradidit,

497 4565 579 4635 gis
606 4573 660 4621 et
688 4564 822 4622 locis
851 4567 1142 4636 saepedicto
1168 4564 1386 4623 Aldrico
1414 4569 1668 4639 episcopo
1696 4570 1917 4639 suisque
1954 4585 2074 4625 suc-
2175 4574 2229 4621 et
2255 4582 2286 4621 e
2306 4566 2568 4621 contrain
2598 4565 3041 4637 compensatione
3061 4568 3378 4623 earumdem
3403 4582 3585 4621 rerum
3613 4567 3767 4622 dedit

498 4659 806 4715 cessoribus
833 4659 939 4714 ullo
961 4673 1200 4730 unquam
1238 4667 1487 4731 tempore
1525 4659 1953 4730 inquietudinem
1993 4660 2073 4716 fa-

497 4764 623 4805 cere
656 4758 751 4804 aut
782 4748 1075 4821 quamlibet
1099 4749 1425 4807 calumniam
1466 4751 1713 4823 ingerere
1741 4759 2067 4821 praesumat;

497 4839 593 4895 sed
616 4838 777 4894 liceat
799 4840 849 4894 ei
875 4847 931 4895 et
956 4839 1365 4896 successoribus
1392 4839 1509 4910 eius
1534 4840 1718 4910 quieto
1744 4843 1935 4897 ordine
1962 4857 2074 4896 me-

496 4937 765 4985 moratam
809 4929 990 4985 villam
1036 4945 1161 4985 cum
1205 4930 1457 4987 omnibus
1502 4931 1635 4986 locis
1680 4939 1737 4986 et
1787 4932 2076 4987 territoriis

498 5019 613 5076 sive
655 5019 941 5089 mancipiis
969 5026 1022 5074 et
1047 5034 1171 5075 cum
1200 5020 1453 5075 omnibus
1494 5019 1561 5074 ad
1592 5033 1652 5074 se
1682 5020 2078 5090 pertinentibus

571 5208 596 5237 ι
627 5193 709 5249 Ex
744 5193 1082 5250 ehartuiario
1115 5193 1493 5263 antiquissimo
1530 5194 1763 5263 abbatis:
1788 5191 2077 5262 Campide-

498 5264 684 5337 neusis
712 5265 766 5337 in
788 5265 960 5322 lucem
984 5261 1339 5337 produsitﬁ.
1354 5263 1416 5322 P.
1442 5261 1727 5337 Rasslcrus
1753 5264 1806 5318 in
1829 5261 2078 5333 Append.

500 5335 565 5388 ad
604 5335 874 5406 Vindicat.
906 5333 1095 5406 contra
1118 5334 1350 5399 Vindic.,
1374 5333 1623 5406 ωδε-Ἦ,

573 5406 600 5443 b
628 5405 972 5486 _V_Vaui_qguni
1013 5405 1156 5486 inter
1199 5402 1799 5486 comitesjiﬁibeigovize
1844 5418 2074 5486 censep,

501 5475 654 5595 ἓιῖἷὲ
677 5476 732 5531 in
773 5474 896 5530 aliis
923 5476 1131 5532 chartis
1164 5484 1349 5546 aperte
1373 5476 1441 5531 ad
1474 5474 1678 5530 dictum
1708 5488 1908 5545 pagum
1938 5474 2075 5531 refe-

500 5555 561 5595 l'll
571 5555 672 5596 lill‘.

575 5620 598 5691 ξ
636 5611 782 5691 Eleas
799 5652 812 5676 ,
836 5615 1177 5691 ad‘dextram
1204 5616 1397 5691 Ililarze
1421 5615 1499 5682 ﬁ.,
1528 5615 1667 5691 in_f_t_'a
1695 5616 2072 5691 _.ll_emmingen.

574 5676 598 5758 si
630 5678 1211 5758 ﬁgtzeuflofcntprope
1244 5676 1540 5757 Augustam
1571 5676 1989 5745 Vindelicoruni.

587 5756 614 5782 σι
645 5742 965 5810 Ηυτῡιδηῄιρη
982 5742 1088 5815 ,il').

2174 4672 2316 4727 sche
2338 4656 2513 4711 dictus
2538 4652 2843 4726 Waningus
2867 4671 3050 4711 comes
3078 4662 3143 4713 ex
3174 4658 3337 4715 rebus
3350 4657 3647 4713 comitatus
3685 4658 3768 4712 sui

2175 4759 2301 4804 ante
2313 4748 2457 4803 dicto
2477 4746 2693 4803 'l‘attoni
2718 4740 2909 4804 abbati
2925 4750 2991 4804 ad
3015 4757 3225 4819 partem
3252 4751 3633 4825 praenominati
3654 4764 3770 4804 mo-

2175 4837 2399 4894 nasterii
2425 4839 2509 4895 sui
2547 4838 2808 4908 quidquid
2835 4839 2889 4893 in
2915 4837 3068 4904 villa,
3095 4841 3360 4895 vocabulo
3391 4841 3571 4897 Reoda
3602 4840 3618 4889 ἱ
3654 4851 3765 4895 tam

2176 4929 2338 4984 terris
2359 4943 2523 4997 quam
2557 4937 2613 4984 et
2651 4930 2847 5000 pratis,
2887 4939 3050 5001 atque
3091 4933 3256 4986 etiam
3287 4933 3458 5001 silvis,
3488 4934 3682 5004 aquis,
3711 4944 3769 4988 et

2176 5018 2399 5085 markis,
2429 5018 2512 5074 vel
2532 5021 2783 5075 omnibus
2821 5022 2981 5077 rebus
3010 5037 3073 5075 ex
3103 5021 3225 5091 jure
3255 5024 3545 5080 comitatus
3566 5024 3655 5080 sui
3679 5025 3764 5079 in-

2253 5194 2275 5236 ί
2307 5192 2621 5262 Sundheim,
2655 5195 2723 5250 ad
2756 5195 3000 5251 Gunzam
3031 5196 3155 5252 ﬂuv.

2249 5269 2275 5307 κ
2304 5265 2556 5337 Aldricns
2597 5267 2904 5337 presbyter,
2945 5265 3100 5335 cujus
3149 5267 3283 5323 cella
3330 5279 3671 5324 menmratur
3704 5269 3763 5324 i

2177 5338 2285 5393 alio
2314 5336 2568 5405 Ludovici
2597 5335 2907 5405 diplomate.

2246 5407 2273 5447 δ
2302 5404 2468 5473 Culpa
2499 5404 2869 5471 amanuensis,
2892 5415 2953 5459 ut
2977 5406 3211 5471 videtur,
3232 5424 3336 5473 pro
3362 5407 3764 5473 Gundilensee;

2179 5476 2339 5533 hodie
2368 5474 2661 5539 Cuntzeck,
2693 5476 2835 5530 inter
2869 5474 3106 5531 Hilarum
3134 5487 3185 5531 et
3220 5474 3486 5533 Cnnzam.

2254 5550 2272 5587 ί
2308 5546 2771 5617 Gottenauprope
2806 5546 3113 5617 Sundheim.
3157 5547 3300 5603 Loca
3342 5550 3627 5617 hucusque
3677 5563 3767 5603 re-

2176 5618 2383 5741 flepsita
2435 5615 2516 5738 adt
2551 5616 2828 5673 dimcesim
2865 5615 3232 5687 Augustanam
3266 5615 3572 5687 pertinent,
3615 5628 3765 5674 mna

2225 5702 2413 5741 tarum
2452 5702 2572 5740 sia.

2225 5694 2413 5742 ilaram
2452 5694 2572 5740 sita.

2250 5754 2264 5805 i
2309 5755 2523 5823 Ricden,
2551 5772 2706 5827 supra
2731 5754 3085 5811 conﬂuentem
3116 5756 3381 5811 Eitraclm‘
3416 5770 3469 5811 et
3504 5757 3720 5815 lliiara‘.

3792 5162 3803 5225 i
