4006 6178
345 300 479 358 {30!

1476 289 1870 346 DlPLOMATA
1906 288 2457 345 ECCLESIASTiCA.

3459 279 3596 339 {502

346 416 423 472 ibi
464 412 737 484 possidere
780 409 1146 480 dignoscitur,
1194 404 1446 460 similiter
1476 411 1531 459 et
1562 402 1824 474 quidquid
1865 403 1920 457 in
1947 405 1999 464 Α
2024 405 2413 459 monachorum
2442 403 2572 459 inibi
2595 403 2704 461 Deo
2734 401 3112 456 famulantium
3146 398 3462 463 fuicien’das,
3494 414 3586 452 no-
3614 456 3629 473 _

347 505 467 561 loco
496 502 588 574 qui
618 500 816 555 dicitur
842 498 1069 555 Eitraha
1101 509 1128 537 ι
1162 497 1229 552 de
1245 494 1372 566 jure
1397 484 1606 565 praefati
1634 493 1924 549 comitatus

348 595 431 653 sui
457 592 786 665 possidebat.
818 590 972 647 Unde
996 598 1051 645 et
1071 588 1206 644 duas
1227 587 1679 644 commutationes
1700 585 1819 657 pari
1845 592 1924 641 te-

348 699 480 740 nore
516 681 875 748 conscriptas,
902 678 1261 748 manibusque
1299 690 1519 733 suorum
1543 718 1558 741 ,
1606 684 1663 731 et
1692 675 1924 732 aliorum

343 778 611 832 bonorum
634 772 914 829 hominum
942 770 1194 826 manibus
1217 770 1518 836 roboratas,
1541 783 1653 840 pra:
1677 765 1926 823 manibus

342 882 402 923 se
424 865 629 920 habere
651 860 928 933 professus
952 867 1056 927 est,
1080 860 1176 915 sed
1191 874 1291 932 pro
1315 858 1527 928 integra
1555 857 1812 913 firmitate
1834 871 1928 927 pe-

342 957 430 1011 tiit
456 952 835 1010 celsitudinem
860 957 1107 1007 nostram
1131 955 1194 1005 ut
1223 949 1445 1005 easdem
1472 947 1925 1004 commutationes

342 1048 519 1103 denuo
530 1059 634 1115 per
660 1051 862 1100 nostra
889 1041 1322 1100 mansuetudinis
1348 1046 1677 1112 [inceptum
1712 1040 1926 1111 plenius

341 1137 668 1193 confirmare
693 1136 1038 1202 deberemus,
1072 1137 1228 1207 cujus
1253 1133 1505 1205 petitioni
1535 1133 1805 1204 denegare
1824 1146 1924 1187 no-

343 1230 539 1285 luimus
559 1270 573 1295 ,
607 1229 702 1285 sed
735 1228 878 1284 sicut
900 1227 1197 1299 unicuique
1223 1224 1467 1283 fidelium
1494 1233 1806 1281 nostrorum
1833 1219 1923 1291 ju-

343 1328 427 1376 ste
446 1328 501 1374 et
528 1318 932 1376 rationabiliter
963 1319 1299 1389 petentium,
1329 1317 1406 1373 ita
1430 1328 1539 1373 nos
1570 1314 1679 1372 illis
1704 1328 1927 1371 conces—

343 1412 479 1466 sisse
505 1452 520 1476 ,
570 1418 734 1481 atque
775 1409 833 1466 iu
885 1410 1142 1467 omnibus
1192 1410 1547 1466 conﬁrmasse
1593 1407 1922 1480 cognoscite.

339 1498 722 1569 Praecipientes
751 1514 882 1575 ergo
900 1500 1186 1572 iubemus,
1227 1507 1291 1555 ut
1328 1498 1590 1571 quidquid
1627 1499 1926 1571 parsjuste

336 1597 392 1643 et
429 1588 833 1645 rationabiliter
864 1589 1021 1646 alteri
1055 1589 1198 1662 parti
1222 1590 1486 1656 contulit,
1514 1603 1617 1660 per
1642 1588 1783 1644 hanc
1820 1603 1923 1643 no-

338 1689 509 1736 stram
538 1681 919 1738 auctoritatem
971 1683 1232 1753 deinceps
1249 1682 1374 1752 jure
1400 1681 1713 1738 firmissimo
1743 1688 1924 1737 teneat

2026 499 2155 548 Strze
2202 493 2541 549 auctoritatis
2573 498 2904 564 prmeeptum
2947 492 3192 553 tradere,
3245 498 3407 559 atque
3443 496 3503 544 ut
3545 490 3597 544 in

2026 582 2144 653 ejus
2172 581 2297 652 jure
2337 590 2600 655 perpetuo
2640 584 2902 638 consistat
2922 594 3020 653 per
3045 580 3291 637 eamdem
3318 581 3605 636 auctorita-

2027 678 2136 728 tem
2167 674 2417 746 delegare
2433 715 2448 741 ,
2476 688 2605 730 cum
2639 674 2890 729 omnibus
2911 673 2978 729 ad
3001 686 3060 728 se
3081 670 3499 743 pertinentibus,
3523 671 3606 726 vi-

2025 763 2221 821 delicet
2267 764 2545 833 domibus,
2579 764 2822 836 utrisque
2862 764 3136 831 adificiis,
3171 764 3366 830 terris,
3407 764 3603 827 vineis,

2027 854 2197 922 silvis,
2248 856 2438 929 pratis,
2479 857 2688 928 campis
2714 899 2730 925 ,
2767 857 3005 929 pascuis,
3055 857 3209 928 aquis
3233 871 3607 928 aquarumque

2026 947 2365 1016 decursibus,
2404 950 2565 1006 cultis
2589 949 2725 1006 locis
2748 959 2804 1006 et
2833 950 3052 1006 incultis
3070 991 3085 1018 ,
3127 949 3417 1007 mobilibus
3441 947 3608 1005 rebus

2025 1050 2083 1098 et
2124 1043 2519 1111 immobilibus,
2568 1058 2632 1099 ac
2667 1045 2874 1115 seipsas
2912 1043 3283 1108 moventibus,
3320 1041 3607 1111 mancipiis

2026 1135 2310 1204 utriusque
2351 1150 2514 1191 sexus
2561 1142 2618 1191 et
2644 1135 2856 1201 aetatis,
2908 1142 3080 1189 totum
3121 1142 3178 1189 et
3200 1132 3269 1189 ad
3312 1134 3604 1203 integrum,

2026 1227 2113 1282 vel
2152 1228 2207 1282 in
2240 1228 2572 1299 exquisitum
2600 1235 3077 1297 quantumcunque
3103 1226 3171 1282 ad
3192 1240 3319 1281 cum
3352 1225 3607 1295 praesenti

2029 1316 2433 1387 temporejustc
2458 1326 2514 1371 et
2550 1316 2798 1389 legaii‘ter
2820 1315 3095 1387 pertinere
3130 1315 3505 1385 cognoscitur,
3542 1327 3609 1367 ac

2024 1424 2122 1480 per
2148 1409 2251 1465 hoc
2290 1409 2448 1466 libuit
2476 1408 2782 1466 ceisitudiui
2823 1416 3021 1465 nostra:
3047 1414 3401 1462 memoratam
3430 1405 3610 1460 muni-

2026 1501 2259 1557 ficentiae
2316 1509 2514 1557 nostra:
2545 1501 2935 1558 liberalitatem
2976 1498 3241 1570 imperiali
3281 1498 3607 1553 auctoritate

2026 1594 2243 1651 firmare
2264 1637 2279 1662 ,
2331 1604 2386 1651 et
2433 1595 2599 1668 regali
2648 1595 2930 1651 sanctione
2977 1592 3291 1650 solemniter
3324 1592 3604 1647 roborare.

2023 1681 2259 1740 Proinde
2308 1683 2410 1740 hos
2446 1693 2649 1741 nostra:
2690 1678 2993 1754 majestatis
3044 1684 3225 1755 apices
3267 1681 3409 1745 fieri,
3444 1689 3609 1751 atque

337 1781 502 1844 atque
529 1775 826 1845 possideat,
858 1785 912 1831 et
940 1776 1202 1847 quidquid
1227 1777 1424 1833 exinde
1447 1776 1626 1831 facere
1663 1775 1924 1831 decreve-
1952 1764 2002 1826 Β
2028 1773 2302 1843 Audacro,
2326 1774 2421 1845 qui
2450 1791 2594 1830 nunc
2618 1775 2759 1831 idem
2782 1774 3175 1831 monasterium
3203 1787 3392 1844 regere
3421 1773 3611 1842 digno~

338 1865 432 1930 rit,
473 1864 643 1920 libero
678 1866 732 1920 in
760 1866 1014 1923 omnibus
1035 1868 1279 1937 potiatur
1300 1868 1531 1924 arbitrio
1561 1865 1818 1922 faciendi.
1854 1864 1925 1921 Et

335 1963 396 2009 ut
430 1957 543 2011 haec
572 1964 774 2010 nostrae
799 1957 1230 2013 conﬁrmationis
1259 1959 1557 2014 auctoritas
1595 1957 1923 2014 inviolabilis

333 2046 778 2114 perseveret,,de
818 2047 1018 2103 annulo
1059 2057 1248 2104 nostro
1285 2048 1475 2104 subter
1506 2064 1626 2104 eam
1658 2048 1923 2119 jussimus

335 2135 595 2207 sigillare.

406 2225 633 2297 Signum
655 2229 838 2283 domui
865 2229 1121 2285 Ludovici
1146 2230 1492 2300 imperatoris
1515 2231 1765 2303 Augusti.

404 2314 833 2374 Barthoiomacus
863 2321 890 2360 ιι
920 2321 1167 2375 notarius
1203 2322 1271 2376 ad
1302 2322 1476 2377 vicem
1510 2321 1750 2392 ilugonis
1776 2336 1925 2377 reco-

334 2408 495 2479 gnovi
513 2451 529 2476 ,
567 2418 623 2466 et
649 2410 963 2483 subscripsi.

405 2497 540 2553 Data
563 2514 697 2553 xviii
726 2497 844 2553 Kal.
877 2497 1023 2565 Julii,
1042 2515 1204 2566 anno,
1222 2501 1440 2557 Christo
1460 2501 1713 2572 propitio,
1737 2501 1922 2558 25im-

333 2591 469 2659 perii
495 2590 701 2646 domini
726 2590 1008 2647 Ludovicii
1035 2604 1057 2632 ο
1089 2593 1319 2664 piissimi
1344 2595 1596 2666 Augusti,
1625 2595 1923 2652 indictione

332 2683 511 2753 prima
540 2683 592 2738 ει.
626 2682 820 2738 Actum
863 2683 1199 2757 Noviomago
1231 2698 1254 2726 θ
1294 2686 1499 2758 palatio
1547 2689 1697 2759 regio
1723 2689 1777 2744 in
1825 2689 1922 2746 Dei

333 2774 551 2830 nomine
579 2772 828 2830 feliciter.
858 2775 1052 2831 Amen.
1370 2778 1373 2785 '

991 2865 1249 2923 CCXXX.

650 2969 753 3012 ιηιο
795 2970 1133 3012 MONASTERIO
1164 2970 1605 3012 CORIEKIACENSI.

952 3046 1126 3119 (Anno
1152 3046 1301 3120 858.)

2026 1865 2195 1920 scitur
2221 1906 2235 1931 ,
2292 1865 2807 1936 successoribusque
2855 1863 3005 1936 ejus,
3055 1865 3303 1937 patribus
3358 1862 3612 1919 videlicet

2025 1956 2264 2027 ejusdem
2290 1957 2461 2024 cellze,
2492 1958 2621 2014 dare
2645 1958 3010 2027 decrevimus,
3033 1973 3132 2030 per
3166 1973 3303 2029 quos
3331 1942 3607 2016 sancimus

2025 2056 2188 2120 atque
2230 2047 2556 2103 omnimodis
2614 2048 2990 2122 praecipimus,
3038 2055 3099 2104 ut
3133 2056 3434 2105 memorata
3481 2049 3609 2106 vilia

2024 2154 2149 2196 cum
2177 2141 2262 2196 sui
2287 2139 2599 2212 integritate
2630 2140 2831 2197 abhinc
2851 2141 2905 2195 in
2936 2139 3178 2196 futurum
3206 2140 3258 2195 in
3279 2140 3404 2212 jure
3426 2149 3483 2197 et
3510 2142 3610 2196 do-

2023 2234 2322 2289 minatione
2350 2240 2666 2290 memorata:
2712 2233 2864 2290 celize
2920 2234 3423 2306 monachorumque
3476 2233 3611 2290 inibi

2022 2325 2135 2380 Deo
2153 2339 2254 2394 per
2274 2326 2647 2380 successiones
2668 2324 3046 2388 famulantium
3070 2325 3354 2391 consistat,
3379 2331 3433 2380 et
3453 2322 3611 2394 quid-

2023 2414 2152 2483 quid
2179 2413 2411 2483 publicis
2439 2413 2523 2468 vel
2545 2413 2773 2484 privatis
2795 2410 3094 2483 obsequiis,
3121 2412 3407 2470 abbatibus
3429 2422 3609 2469 recto—

2024 2505 2282 2575 ribusque
2331 2503 2615 2560 memorati
2654 2505 2968 2560 monasterii
3023 2502 3082 2559 S.
3114 2502 3350 2559 Martini
3399 2504 3609 2576 impen-

2022 2597 2151 2653 dere
2200 2596 2407 2662 debuit,
2463 2600 2634 2653 totum
2687 2596 2754 2652 ad
2788 2594 2886 2665 ~jus
2931 2603 2986 2652 et
3030 2595 3331 2669 profectum
3375 2596 3612 2669 praefata:

2022 2686 2169 2743 cella:
2196 2685 2469 2758 proficiat,
2489 2702 2653 2761 quam
2675 2685 2731 2742 in
2749 2686 2957 2744 honore
2979 2686 3038 2743 S.
3058 2686 3212 2743 Pauli
3238 2686 3469 2744 dicatam
3491 2703 3612 2745 esse

2020 2776 2290 2843 diximus,
2330 2784 2598 2848 quatenus
2627 2777 2849 2834 fabricas
2878 2777 3118 2848 ejusdem
3138 2820 3154 2845 ,
3184 2780 3607 2838 monachorum-

2022 2883 2127 2939 que
2158 2868 2292 2923 inibi
2330 2870 2517 2926 usibus
2554 2871 2666 2927 Deo
2695 2868 3068 2928 famulantium
3106 2872 3408 2942 deserviat,
3446 2882 3610 2944 atque

2023 2959 2077 3014 in
2119 2961 2425 3031 augmentis
2469 2961 2718 3031 proficiat
2741 3003 2755 3028 ,
2807 2970 2864 3018 et
2902 2963 3144 3036 ejusdem
3190 2964 3334 3021 beati
3375 2965 3609 3036 apostoli

2021 3050 2224 3106 Christi
2262 3052 2514 3124 gloriosis
2551 3053 3042 3111 interventionibus
3079 3055 3236 3112 nobis
3277 3055 3460 3113 divina
3483 3072 3609 3132 pro-

400 3138 577 3211 [Apud
600 3136 831 3192 Marten.
852 3178 867 3203 ,
900 3115 1055 3193 Thes.
1090 3115 1312 3204 Anecd.,
1341 3149 1471 3194 tom.
1501 3140 1542 3205 ι,
1570 3155 1693 3212 pag.
1721 3138 1841 3212 28.]
1898 3156 1909 3167 ί
1947 3115 1993 3178 C
2023 3142 2238 3213 pitiatio
2263 3115 2550 3216 gloriosius
2572 3160 2707 3200 cu...
2727 3145 2795 3201 Et
2817 3155 2878 3201 ut
2898 3147 3015 3202 haec
3031 3156 3234 3204 nostra!
3253 3115 3609 3222 delegaticni-s

400 3228 456 3283 ln
504 3229 722 3286 nomine
760 3231 971 3287 Domini
1011 3231 1106 3286 Dei
1142 3238 1196 3285 et
1235 3229 1536 3289 Salvatoris
1574 3233 1746 3289 nostri
1787 3231 1917 3288 Jesl

326 3320 551 3386 Christi,
600 3319 927 3386 Ludovicus,
978 3320 1160 3377 divina
1210 3322 1538 3393 propitiante
1589 3323 1914 3388 clementia,

326 3411 627 3482 imperator
656 3412 955 3484 Augustus.
1656 3412 1661 3421 '

397 3501 457 3556 Si
491 3515 777 3557 servorum”
806 3496 905 3558 Dei
941 3517 1237 3574 eorumque
1280 3504 1672 3570 necessitates,
1718 3504 1811 3576 qui
1847 3520 1915 3561 ex

325 3599 441 3649 toto
478 3591 736 3647 surculum
781 3591 1071 3659 reliquisse
1110 3599 1441 3655 noscuntur,
1472 3592 1825 3660 consulimus,
1862 3603 1919 3649 et

321 3684 540 3753 caspia
570 3680 934 3738 sollicitudine
965 3688 1020 3735 et
1051 3679 1317 3750 imperiali
1349 3682 1688 3751 providentia
1715 3698 1916 3753 procu-

324 3778 510 3829 ramus
527 3815 542 3839 ,
570 3772 639 3828 ad
660 3758 1091 3828 emolumentum
1112 3771 1307 3827 animae
1333 3779 1538 3829 nostras
1565 3780 1621 3826 et
1645 3772 1713 3828 ad
1753 3782 1914 3830 aster-

324 3879 454 3921 nam
494 3864 888 3920 beatitudinem
929 3863 1320 3934 capessendam
1372 3864 1478 3919 hoc
1523 3863 1713 3935 procul
1750 3864 1915 3920 dubio

323 3955 599 4028 pertinere
643 3953 988 4010 confidimus.
1029 3950 1238 4010 Idcirco
1280 3961 1467 4010 notum
1496 3952 1615 4009 fieri
1640 3952 1912 4024 volumus,

322 4049 436 4105 Deo
465 4049 783 4119 disponente
805 4089 819 4113 ,
857 4048 1264 4105 successoribus
1305 4049 1532 4116 nostris,
1580 4050 1914 4106 rectoribus-

321 4155 445 4212 que,
480 4148 645 4211 atque
672 4140 979 4209 agentibus,
1014 4140 1331 4196 monasterii
1358 4140 1415 4196 S.
1450 4140 1668 4197 Martini
1696 4144 1912 4213 patroni

320 4234 494 4289 nostri
520 4275 535 4299 ,
596 4231 686 4287 ubi
739 4232 855 4303 ipse
904 4234 1334 4303 pretiosissimas
1380 4233 1584 4291 Christi
1633 4234 1913 4293 confessor

319 4339 548 4396 corpore
594 4324 909 4397 requiescit,
951 4326 1309 4396 praesentibus
1338 4335 1396 4381 et
1419 4327 1641 4391 futuris,
1669 4327 1795 4398 quia
1829 4328 1911 4383 di-

320 4418 447 4473 vino
490 4417 621 4473 tacti
671 4431 858 4472 amore
884 4458 900 4484 ,
956 4418 1287 4488 complacuit
1332 4419 1638 4476 celsitudini
1681 4428 1904 4487 nostrae,

318 4511 609 4582 quamdam
652 4508 835 4565 villam
857 4508 1281 4581 juris'ejusdem
1326 4513 1646 4569 monasterii
1686 4513 1906 4570 neruine

318 4603 611 4658 Cuseiacus
636 4601 706 4656 ad
742 4600 934 4656 cellam
973 4599 1160 4657 Sancti
1187 4601 1371 4668 Pauli,
1416 4617 1537 4673 quae
1572 4603 1779 4659 rustico
1808 4614 1904 4658 no-

316 4695 466 4750 mine
495 4691 841 4749 Cormaricus
880 4691 1108 4757 dicitur,
1147 4704 1307 4764 quam
1352 4694 1586 4751 ltherius
1631 4695 1904 4765 quondam

317 4783 488 4841 abbas
519 4782 763 4854 ejusdem
808 4784 1126 4839 monasterii
1165 4785 1222 4838 in
1269 4784 1501 4854 propriis
1551 4786 1714 4841 rebus
1761 4801 1901 4845 novo

314 4891 481 4949 opere
503 4876 840 4940 construxit,
873 4883 1037 4945 atque
1066 4884 1368 4930 memorato
1394 4875 1730 4930 monasterio
1756 4875 1902 4931 deie-

315 4972 495 5040 gavit,
532 4969 601 5022 ob
629 4966 893 5021 utilitates
941 4962 1182 5034 ejusdem
1230 4963 1396 5027 cellae,
1446 4973 1503 5018 et
1543 4966 1901 5022 necessitates

387 5131 413 5160 ι
442 5116 683 5183 Eitrach,
711 5116 865 5172 vicus
893 5116 965 5171 ib.
998 5116 1051 5179 in
1083 5115 1305 5173 dioecesi
1333 5111 1615 5185 Cpnstant.
1802 5184 1807 5185 ί
1845 5180 1867 5185 ,η

385 5188 416 5228 ιι
452 5186 639 5256 Refert
669 5180 1049 5256 'Scliannatus,
1074 5254 1078 5256 Α
1102 5185 1310 5241 Tradit.
1340 5183 1633 5256 iFuldens“
1667 5198 1720 5256 p.
1764 5180 1895 5256 H6,

314 5258 460 5314 aliud
489 5254 723 5328 diploma
768 5253 1027 5309 Ludovici
1060 5254 1142 5328 Pii
1165 5271 1271 5328 xui
1310 5255 1429 5328 Ital.
1461 5253 1683 5311 Martias
1707 5271 1794 5328 an.
1827 5254 1899 5328 ‘26

315 5324 785 5396 imperii—datum,
831 5332 1009 5396 atque,
1048 5340 1078 5378 a
1128 5325 1522 5382 Bartholomaeo
1574 5324 1897 5396 notarioad

315 5393 490 5452 vicem
528 5394 769 5466 Hugonis
797 5393 1134 5466 recognitum
1158 5395 1629 5466 etsubscriptum.
1675 5393 1903 5450 Bartho-

315 5467 564 5524 lomaeum
588 5462 838 5521 abbatem
879 5462 949 5519 εξ
971 5462 1188 5520 Martini
1224 5464 1279 5525 in
1312 5462 1490 5519 Insula
1508 5465 1747 5519 Barbara
1776 5465 1903 5520 dice-

315 5535 456 5597 cesis
491 5534 864 5605 Lugdunensis
896 5532 1061 5590 fuisse
1087 5534 1348 5605 arbitror,
1379 5535 1464 5590 liis
1499 5535 1679 5589 verbis
1717 5533 1770 5590 in
1820 5535 1903 5588 iu-

314 5606 436 5664 dice
471 5603 790 5660 societatum
831 5604 1146 5659 monasterii
1178 5603 1464 5672 Augiensis
1490 5615 1846 5658 memoratum
1884 5619 1899 5657 :

321 5695 341 5731 ι
367 5677 444 5734 Ex
460 5675 785 5733 monasterio
807 5674 864 5732 S.
886 5674 1103 5731 Martini
1126 5674 1317 5730 lusulze
1341 5672 1592 5729 Barbara:
1627 5674 1903 5733 Bartholo-

2020 3236 2320 3292 auctoritas
2348 3237 2628 3308 perpetuis
2663 3236 3062 3308 temporibus...
3101 3237 3169 3296 de
3197 3240 3397 3296 annulo
3422 3247 3609 3296 nostro

2017 3327 2205 3382 subter
2231 3342 2354 3383 eam
2385 3325 2651 3397 jussimus
2678 3327 2935 3399 sigillare.

2091 3416 2494 3476 iiirminmarus
2509 3419 2754 3477 notarius
2773 3420 2840 3477 ad
2863 3421 3037 3479 vicem
3058 3421 3298 3496 Hugonis
3316 3429 3604 3499 recognovi

2017 3516 2073 3564 et
2104 3509 2421 3579 subscripsi.
2779 3527 2814 3561 ο

2088 3598 2225 3651 Data
2246 3613 2335 3652 xv:
2348 3597 2618 3655 Kalendas
2644 3598 2792 3667 Julii,
2821 3616 2986 3668 anno,
3013 3601 3230 3660 Christo
3252 3594 3509 3677 propitio,
3535 3607 3605 3663 24

2019 3683 2233 3755 imperii
2248 3686 2431 3742 domui
2445 3687 2705 3744 Ludovici
2720 3689 2969 3763 Augusti,
2992 3691 3284 3749 indictione
3298 3695 3384 3751 15.
3404 3696 3602 3754 Actum

2019 3772 2328 3833 Theodonis
2348 3777 2473 3833 villa
2497 3777 2700 3849 palatio
2727 3779 2876 3852 regio
2897 3780 2952 3835 in
2980 3780 3075 3836 Dei
3103 3782 3320 3841 nomine
3347 3783 3597 3843 feliciter.

2677 3889 2956 3948 CCXXXI.

2016 3997 2392 4040 CONFIBIATUB
2462 3999 2817 4041 COIlUTATIO
2873 4000 3201 4049 ρυοιιωίιωι
3276 4005 3599 4050 rumowu

2086 4069 2246 4109 INTER
2284 4070 2580 4111 BILDUINUI
2619 4069 2866 4110 ΑΒΒΔΤΕΙ
2890 4073 3243 4114 ωοαῖειλιωι
3277 4077 3347 4117 ΕΤ
3386 4078 3595 4119 ERIEN-

2086 4139 2301 4180 1110033!
2340 4136 2664 4182 ABBATISSAI
2701 4140 3027 4183 ιοτιιεπεειι.

2627 4216 2803 4290 (Anno
2840 4216 2992 4293 859.)

2119 4306 2307 4381 [Apud
2333 4308 2557 4376 Mabiii.,
2577 4309 2645 4365 de
2669 4310 2748 4366 Re
2783 4308 3144 4383 diplomata,
3172 4327 3294 4386 pag.
3322 4315 3488 4389 645.]

2082 4400 2142 4456 In
2169 4400 2388 4457 nomine
2429 4400 2641 4458 Domini
2678 4402 2774 4458 Dei
2808 4410 2865 4458 et
2897 4400 3197 4459 Salvatoris
3248 4407 3419 4463 nostri
3467 4404 3593 4466 Iesu

2010 4493 2245 4559 Christi,
2286 4492 2612 4562 Ludovicus,
2647 4492 2830 4549 divina
2859 4494 3250 4565 repropitiante
3285 4496 3592 4567 clementia,

2008 4586 2303 4657 imperator
2332 4585 2629 4659 Augustus.

2081 4681 2142 4738 Si
2179 4681 2325 4737 enim
2354 4696 2415 4737 ea
2438 4696 2559 4752 qua
2585 4679 2770 4737 fideles
2816 4680 3031 4751 imperii
3056 4680 3227 4759 nostri
3281 4697 3381 4754 pro
3405 4699 3591 4741 eorum

2007 4773 2503 4848 opportunitatibus
2541 4773 2683 4829 inter
2734 4788 2793 4828 se
2844 4772 3296 4829 commutaverint
3317 4814 3334 4842 ,
3390 4776 3592 4832 nostris

2007 4865 2394 4923 confirmamus
2429 4865 2644 4929 edictis,
2674 4862 3009 4933 imperiaiem
3029 4878 3348 4921 exercemus
3365 4881 3592 4923 consue-

2006 4959 2268 5023 tudinem,
2288 4964 2345 5015 et
2378 4957 2482 5012 hoc
2506 4954 2560 5010 in
2586 4955 2927 5027 postmodum
2947 4952 3071 5025 jure
3100 4952 3415 5010 ﬁrmissimo
3438 4971 3587 5011 man-

2006 5129 2173 5170 maaus
2228 5113 2399 5170 abbas
2445 5133 2466 5166 ι
2509 5108 2816 5177 Mabillon.,
2855 5108 2977 5166 Vet.
3013 5109 3285 5176 Aualect.,
3324 5108 3414 5171 fol.
3458 5111 3581 5179 426,

2004 5185 2105 5294 calt;
2131 5184 2331 5338 Errare
2375 5253 2657 5338 scriptoris
2691 5249 3020 5338 'ehartularii
3068 5263 3168 5319 pro
3202 5248 3484 5334 Ludovici;
3524 5265 3583 5309 ut

2003 5326 2253 5397 superius
2282 5324 2465 5378 marica
2486 5320 2545 5378 et
2567 5320 2785 5388 maritis,
2820 5337 2920 5393 pro
2948 5334 3155 5386 marca,
3180 5321 3398 5377 marcis.

2073 5394 2101 5434 «ι
2132 5394 2289 5449 Anno
2311 5392 2416 5449 838
2433 5433 2447 5458 ,
2476 5392 2738 5462 vicesimo
2763 5390 2955 5462 quinto
2979 5389 3238 5448 Ludovici
3263 5389 3368 5459 Pii,
3397 5409 3580 5453 curre-

2000 5466 2098 5525 bat
2131 5463 2356 5543 i_ndi_ctit_)
2383 5463 2433 5516 i.
2510 5460 2581 5543 'm
3287 5531 3301 5543 ο

2080 5547 2102 5575 ε
2143 5534 2475 5590 Ludovicum
2523 5529 2678 5587 Pium
2736 5529 3014 5602 filiumque
3058 5531 3429 5602 cognominem
3479 5533 3579 5589 hoc

2006 5620 2190 5661 mense
2226 5602 2539 5673 Noviomagi
2576 5611 2821 5673 versath
2848 5599 3017 5673 fuisse
3049 5599 3265 5673 constat
3290 5618 3355 5673 ex
3383 5603 3578 5660 Annal.

2002 5676 2206 5730 Bcrtiu.
2229 5675 2296 5730 ad
2326 5674 2467 5728 hunc
2491 5669 2716 5728 annum.
2741 5669 2822 5727 Cf.
2840 5670 3035 5726 Annal.
3053 5670 3299 5743 Meteus.,
3316 5671 3568 5731 ιεἀιειριιδ.
