4006 6178
470 296 604 354 1503

1580 291 1899 348 LUDOVICI
1936 293 1958 347 l
1994 288 2458 348 COGNOMENTO
2493 289 2579 344 Pl!

3575 293 3718 349 130%

463 427 646 468 surum
677 424 799 464 esse
821 407 1082 462 volumus.
1113 406 1319 460 ldcirco
1365 405 1577 459 noverit
1617 405 1858 460 omnium
1905 403 2034 460 (ide-
2062 405 2115 465 Α
2209 401 2400 455 Datum
2436 417 2471 456 ι
2504 400 2622 454 Kal.
2661 400 2946 468 Februar.,
2973 400 3261 456 indictione
3294 416 3353 468 ιι,
3384 401 3439 455 in
3476 401 3572 458 Dei
3613 416 3716 454 no-

459 501 592 557 lium
641 509 977 560 nostrorum,
1011 505 1120 550 tam
1167 495 1512 565 prmsentium
1540 511 1702 566 quam
1741 508 1798 550 et
1836 496 2036 550 futuro-

461 611 601 659 rum,
633 591 924 657 industria,
951 590 1074 658 quia
1101 588 1386 644 Hilduinus
1404 588 1489 642 vir
1521 587 1845 644 venerabilis
1868 628 1883 652 ,
1920 602 2034 642 mo-

459 683 681 740 nasterii
729 679 915 735 Sancti
969 678 1208 749 Dionysii
1261 680 1462 737 abbas.
1516 679 1672 733 nobis
1705 677 1936 733 innotuit
1969 693 2034 732 eo

458 774 600 842 quod
629 787 750 826 cum
788 770 1134 824 Ermentrudi
1160 769 1474 824 monasterii
1506 776 1708 824 sancta:
1737 768 1919 823 Maria:
1948 768 2035 824 Jo-

457 863 704 919 derensis
732 861 1006 916 abbatissa
1034 875 1134 929 pro
1160 860 1439 915 ambarum
1463 860 1699 929 partium
1723 860 2035 928 opportuni-

457 963 569 1008 tate
605 953 672 1008 de
710 951 1030 1022 quibusdam
1069 951 1230 1006 rebus
1283 951 1757 1005 commutationem
1795 948 2030 1005 fecisset.

457 1045 616 1099 Dedit
638 1044 800 1113 igitur
825 1050 1010 1096 nostro
1059 1040 1324 1112 permissu
1365 1042 1620 1110 praedicta
1665 1041 2035 1096 Ermentrudis

457 1136 732 1192 abbatissa
781 1133 848 1188 de
894 1134 1057 1187 rebus
1107 1132 1318 1187 Sanctae
1363 1132 1546 1186 Mariae
1592 1132 1694 1187 sibi
1733 1133 2036 1186 commissis

456 1230 703 1300 partibus
731 1224 1044 1281 monasterii
1094 1224 1280 1279 Sancti
1309 1224 1550 1294 Dionysii
1577 1224 1660 1278 vel
1690 1223 2036 1278 llilduini-ab—

456 1320 600 1375 hatis
624 1319 677 1372 in
700 1332 838 1388 pago
866 1316 1122 1371 Meldensi
1149 1324 1202 1371 et
1232 1316 1284 1369 in
1307 1315 1433 1369 villa
1451 1330 1570 1384 qua:
1598 1323 1826 1369 vocatur
1849 1314 2036 1368 Cucia—

456 1426 553 1466 cus
574 1409 796 1464 curtiles
821 1424 880 1471 ιι,
895 1408 1153 1461 habentes
1174 1406 1315 1460 inter
1340 1406 1484 1476 ipsos
1509 1404 1729 1459 curtiles
1749 1413 1806 1459 et
1825 1404 2034 1457 vineam

455 1506 576 1576 plus
593 1505 772 1558 minus
791 1501 1119 1557 bunuarium
1139 1515 1304 1554 unum
1325 1506 1380 1553 et
1399 1512 1695 1568 arpennum
1718 1511 1917 1560 unum;
1955 1496 2038 1548 in-

457 1605 542 1650 ter
571 1602 770 1648 terram
793 1587 1053 1644 arabilem
1092 1595 1146 1641 et
1174 1593 1390 1656 pratum
1419 1600 1483 1640 ac
1507 1585 1744 1640 concites
1771 1583 2036 1637 bunuaria

456 1698 513 1737 ιι
537 1690 592 1735 et
620 1694 919 1750 arpcnnum
959 1693 1145 1732 unum.
1180 1676 1382 1731 Contra
1440 1676 1496 1730 in
1537 1674 2037 1744 recompensatione

456 1774 616 1843 hujus
639 1774 819 1828 meriti
846 1772 993 1827 dedit
1013 1771 1128 1840 jam
1157 1771 1330 1826 dictus
1358 1769 1442 1823 vir
1489 1769 1815 1824 venerabilis
1837 1767 2039 1821 llildni-
2063 1752 2111 1812 Β

456 1882 560 1922 nus
583 1866 750 1920 abbas
775 1880 842 1921 ex
865 1866 1026 1919 rebus
1052 1862 1368 1918 monasterii
1410 1861 1492 1916 sui
1523 1861 1637 1930 jam
1674 1860 1770 1914 fati
1799 1860 2040 1929 partibus

458 1959 674 2016 Sancta:
718 1958 901 2013 Maria:
923 1955 1234 2012 monasterii
1262 1953 1573 2009 Joderensis
1604 1969 1698 2008 seu
1728 1953 2044 2006 Ermentru-

457 2055 542 2110 dis
563 2051 852 2107 abbatissa:
887 2051 940 2104 in
968 2049 1083 2119 ipso
1112 2063 1250 2118 pago
1276 2055 1330 2101 et
1353 2047 1405 2100 in
1431 2045 1555 2099 villa
1581 2060 1700 2114 qua;
1731 2044 1930 2100 dicitur
1951 2043 2041 2097 Li-

456 2143 667 2206 niacus,
701 2139 769 2194 de
809 2139 972 2193 rebus
1017 2136 1203 2192 Sancti
1229 2135 1472 2206 Dionysii
1500 2134 1722 2189 curtiles
1756 2141 1898 2196 tres,
1944 2132 2043 2187 ba-

455 2238 647 2290 bentes
678 2233 823 2287 inter
848 2231 995 2302 ipsos
1024 2229 1250 2285 curtiles
1270 2235 1326 2282 et
1367 2229 1580 2282 vineam
1605 2226 1724 2297 plus
1745 2227 1924 2280 minus
1944 2226 2042 2280 bu-

455 2323 711 2378 nuarium
739 2336 904 2375 unum
931 2328 989 2375 et
1015 2319 1320 2384 dimidium,
1349 2319 1490 2372 inter
1516 2326 1730 2387 pratum
1762 2327 1814 2372 et
1843 2327 2041 2372 terram

457 2410 715 2469 arabilem
745 2409 1009 2465 bunuaria
1040 2424 1094 2462 ιι
1139 2415 1194 2464 et
1233 2423 1532 2478 arpennum
1562 2424 1750 2463 unum.
1801 2408 1954 2464 Unde
1987 2417 2043 2464 et

457 2505 592 2560 duas
615 2502 1068 2559 commutationes
1124 2500 1242 2570 pari
1279 2508 1466 2556 tenore
1495 2501 1848 2571 conscriptas,
1871 2501 2042 2555 mani-

443 2596 666 2662 ‘busque
693 2593 958 2647 bonorum
987 2591 1265 2646 hominum
1305 2591 1588 2645 roboratas
1642 2605 1700 2645 se
1737 2607 1848 2661 pne
1877 2591 2043 2645 mani-

457 2685 559 2739 bus
596 2683 795 2738 habere
822 2681 1098 2751 professus
1136 2690 1251 2736 est°
1286 2681 1380 2736 sed
1415 2697 1514 2752 pro
1536 2682 1743 2752 integra
1785 2682 2041 2738 firmitate

455 2773 612 2843 petiit
635 2772 1010 2828 celsitudinem
1060 2781 1300 2829 nostram
1327 2780 1388 2829 ut
1415 2772 1634 2827 easdem
1661 2774 2043 2828 commutatio-

457 2878 557 2918 nes
585 2863 759 2917 denuo
784 2877 880 2931 per
902 2870 1103 2916 nostra:
1120 2863 1550 2916 mansuetudinis
1577 2872 1904 2934 praeceptum
1929 2864 2040 2935 ple-

462 2953 586 3008 nius
632 2953 955 3010 conﬁrmare
998 2953 1335 3008 deberemus.
1380 2951 1545 3024 Cujus
1597 2956 1844 3024 petitioni
1885 2956 2042 3012 dene-

457 3065 586 3122 gare
613 3051 920 3118 noluimus;
953 3053 1047 3108 sed
1081 3051 1220 3108 sicut
1245 3053 1538 3124 unicuique
1568 3052 1805 3108 fidelium
1831 3060 2040 3106 nostro-

457 3156 579 3194 rum
600 3140 745 3211 juste
775 3148 829 3195 et
875 3127 1271 3198 rationabiliter
1319 3144 1652 3214 petentium,
1695 3143 1770 3197 ita
1794 3159 1893 3198 nos
1936 3143 2040 3198 illis

459 3231 795 3286 concessisse
825 3239 987 3302 atque
1039 3233 1094 3287 in
1142 3234 1392 3290 omnibus
1438 3235 1799 3290 conﬁrmasse
1847 3248 2043 3302 cogno-

464 3322 621 3375 scite.
647 3321 1032 3391 Praecipientes
1078 3339 1207 3396 ergo
1230 3326 1482 3395 jubemus
1510 3337 1570 3382 ut
1617 3327 1875 3397 quidquid
1919 3342 2043 3403 pars

459 3409 600 3478 iuste
626 3417 682 3463 et
707 3411 1100 3466 rationabiliter
1128 3412 1283 3468 alteri
1314 3415 1541 3470 contulit
1574 3417 1738 3485 parti,
1791 3417 2044 3485 deinceps

460 3513 558 3568 per
599 3499 741 3553 hanc
765 3507 1008 3554 nostram
1039 3501 1416 3584 auctoritatem
1465 3513 1644 3560 teneat
1685 3514 1847 3577 atque
1873 3506 2045 3574 possi—

459 3589 604 3656 deat,
628 3597 683 3645 et
710 3588 872 3644 faciat
899 3593 1096 3647 exinde
1113 3592 1237 3662 jure
1255 3595 1626 3652 ecclesiastico
1654 3598 1914 3667 quidquid
1937 3597 2044 3652 ele-

459 3680 617 3752 gerit.
649 3679 716 3734 Et
755 3691 816 3735 ut
844 3681 960 3737 bmc
1002 3685 1298 3741 auctoritas
1350 3689 1788 3746 eommutationis
1839 3689 2045 3746 ﬁrmior

459 3770 746 3838 habeatur,
775 3780 830 3828 et
879 3787 977 3844 per
1004 3772 1184 3829 futura
1216 3783 1458 3847 tempora
1508 3779 1719 3850 plenius
1759 3795 2045 3836 conserve-

461 3870 572 3923 tur,
607 3861 673 3915 de
701 3861 900 3916 annulo
937 3871 1124 3919 nostro
1149 3879 1271 3920 eam
1301 3868 1488 3922 subter
1499 3867 1760 3937 jussimus
1785 3871 2041 3942 sigillare.

531 3951 750 4008 Glorius
793 3953 1038 4009 notarius
1073 3955 1142 4011 ad
1171 3957 1342 4011 vicem
1389 3957 1627 4031 Hugonis
1654 3962 1937 4032 recognovi
1990 3971 2046 4016 et

463 4041 782 4110 subscripsi.

534 4130 728 4185 Actum
768 4130 1038 4187 Attiniaco
1101 4131 1300 4203 palatio
1327 4134 1514 4206 regio,
1560 4152 1702 4193 anno
1721 4137 1791 4192 26
1834 4138 2042 4208 imperii

463 4220 648 4276 domui
683 4221 853 4275 nostri
893 4220 1149 4276 Ludovici
1177 4224 1404 4294 piissimi
1434 4226 1797 4296 imperatoris.

538 4343 562 4370 τι
587 4329 864 4405 [ntegrum
893 4347 958 4405 ex
988 4333 1158 4405 veteri
1181 4335 1510 4405 cbartulario
1535 4337 1775 4405 vulgavit
1810 4338 1871 4392 P.
1909 4339 2045 4394 [las-

538 4343 562 4370 τ·
588 4337 864 4454 lntexrum
893 4347 958 4386 ex
988 4337 1158 4387 veteri
1181 4337 1510 4392 chartulario
1535 4337 1775 4405 vulgavit
1810 4338 1871 4392 P.
1909 4339 2036 4394 [las-

465 4401 576 4479 slgr
604 4401 657 4453 in
749 4400 944 4479 ppend.
986 4401 1052 4455 ad
1093 4400 1582 4479 Yindicat._contra
1626 4408 1862 4472 Vimlic.,
1913 4425 2036 4479 mg.

463 4468 566 4548 g9;
597 4468 1448 4548 emendatius_vero‘lllabillonius
1471 4492 1538 4530 ex
1570 4478 1684 4546 ipso
1722 4468 2038 4548 archetpr

474 4537 591 4617 Yet.
617 4539 853 4594 Analect.
885 4541 978 4596 fol.
1005 4541 1346 4617 44-8._Exsta_t
1374 4537 1813 4617 quoque'lnendis
1825 4537 2047 4617 quibus;

467 4609 592 4663 dam
619 4624 1079 4687 compersumAap.
1129 4609 1442 4687 Lunigium,
1499 4609 1764 4687 Spicil’eg.
1823 4609 2043 4684 eccles.,

469 4688 601 4760 ton}.
626 4678 712 4744 111,
738 4678 861 4752 pag.
894 4678 1103 4760 ίζοεζθι
1129 4678 1568 4742 Βειι.Ἐ1)ει·ι1].’
1594 4678 1809 4759 Bai-ing.
1865 4678 2047 4745 Clavis

467 4745 907 4857 “‘t‘i.".‘;.:.l’.;}.'1;
929 4750 1066 4857 ,Ξὲῗὲ

595 4819 902 4892 Drusonem
929 4823 1240 4892 episcopum
1264 4823 1580 4888 Metensem,
1611 4827 1833 4880 fratrem
1863 4827 2044 4882 Ludo-

467 4887 572 4963 vici
596 4887 896 4963 P_ii,;etia_m
925 4887 1580 4963 archiepiscopiencomio
1606 4896 2047 4953 celebratauctor

467 4957 665 5039 Annal.
700 4958 1003 5039 Bertin._ad
1024 4957 1130 5016 an:
1159 4957 1290 5039 8__55,_
1325 4971 1381 5018 et
1409 4963 1733 5039 lliucmarus
1759 4968 2048 5039 _in_poste-

471 5031 615 5082 riore
639 5043 802 5098 opere
860 5031 1122 5086 adversus
1169 5031 1602 5098 Gothescalcum,
1633 5053 1681 5090 c.
1712 5037 1800 5091 56.
1835 5031 2047 5092 Primus

469 5097 633 5173 etiam
688 5100 1009 5173 subscripsit
1049 5101 1200 5173 Actis
1249 5105 1520 5173 generalis
1577 5115 1892 5171 conventus,
1952 5122 2042 5160 an.

469 5166 575 5222 838
600 5168 654 5222 in
685 5166 963 5244 Carisiaco
1003 5170 1206 5244 palatio
1245 5166 1438 5244 habiti.
1484 5191 1526 5244 «ί
1558 5175 1734 5244 Drogo
1779 5166 2049 5244 archiepi-

471 5242 747 5364 mpufggt
767 5240 962 5364 ἓξὲξἰοῖ
981 5241 1348 5364 cgpellanus.»
1375 5241 1476 5313 Ap.
1502 5240 1765 5314 Bouquet,
1795 5255 1927 5300 tom.
1955 5240 2044 5313 Vl,

580 5346 594 5360 .
730 5350 743 5364 .
899 5326 929 5364 e
980 5327 1014 5364 ο
1092 5349 1105 5363 .

469 5323 594 5378 pag.
623 5309 743 5374 197,
767 5308 873 5362 εδδ
899 5319 954 5365 et
980 5308 1105 5365 502.
1421 5308 1442 5313 -
1632 5308 1652 5314 -
1751 5308 1760 5311 -
2029 5308 2040 5313 -

479 5388 568 5463 se“
589 5378 817 5463 Εξξὲἒηῑ
840 5395 1001 5463 supra
1029 5379 1239 5463 θίὲηίτθ
1253 5380 1662 5463 σθωρίόοῃειιη,
1680 5387 1746 5463 ad
1766 5387 2048 5463 sinistram

469 5461 622 5522 oram
650 5447 1034 5522 _ljilarm,_'duo
1052 5450 1178 5516 vici,
1206 5447 1461 5522 iquorum
1503 5447 1657 5510 alter
1694 5455 2043 5522 Martiuszell,

471 5514 892 5588 alterAKrugzell
936 5514 1178 5575 vocatur.
1203 5514 1446 5578 Priorem
1476 5525 1565 5580 hic
1625 5526 1849 5580 indicari
1889 5514 2046 5582 vero;

473 5583 706 5660 similius
754 5583 984 5652 videtur,
1038 5592 1180 5659 quod
1228 5607 1599 5662 possessorum
1647 5597 1862 5652 nomina
1914 5597 2047 5652 locis

474 5662 760 5730 conjuncta
789 5671 1170 5730 nonnunquam
1207 5661 1487 5730 immutata
1515 5664 1732 5728 fuerint,

547 5718 572 5757 δ
597 5719 765 5774 Ho’die
801 5718 1042 5792 Algovia;
1072 5727 1264 5797 Algaii.

2135 492 2280 547 mine
2307 490 2556 546 feliciter.
2589 491 2780 546 Amen.

2763 579 3067 636 CCXXXII.

2484 685 2585 725 PRO
2613 687 2843 729 ΔΒΒΔΤΙΛ
2879 687 3266 726 CA‘IPIDONENSI
3307 685 3354 725 ⁸.

2590 761 2761 832 (Anno
2789 763 2913 828 859,
2953 764 3020 818 18
3065 762 3258 837 April.)

2190 851 2367 924 [Apud
2397 851 2694 923 Neutgart.,
2726 851 2903 906 Codex
2924 852 3313 919 Alemannt'cus,
3348 870 3470 927 pag.
3502 857 3658 930 257.]

2203 963 2262 1017 In
2281 963 2498 1017 nomine
2531 962 2744 1018 Domini
2793 962 2889 1018 Dei
2933 974 2990 1018 et
3032 963 3330 1021 Salvatoris
3375 969 3545 1022 nostri
3586 969 3715 1024 Iesu

2135 1053 2354 1116 Christi,
2377 1052 2701 1118 Ludovicus,
2739 1053 2923 1108 divina
2959 1057 3345 1125 repropitiante
3399 1058 3717 1126 clementia,

2135 1143 2429 1212 imperator
2451 1143 2744 1212 Angustus.
3187 1209 3194 1216 ι

2207 1233 2265 1288 Si
2296 1234 2428 1289 locis
2461 1235 2570 1292 Deo
2594 1235 2940 1304 dicatis,etc.
2978 1237 3183 1294 Idcirco
3203 1242 3411 1296 noverit
3450 1243 3720 1299 industria

2135 1325 2375 1380 omnium
2397 1324 2635 1382 fidelium
2673 1335 3005 1394 nostrorum,
3047 1331 3396 1400 praesentium
3419 1333 3636 1390 scilicet
3664 1346 3725 1391 et

2139 1415 2466 1481 futurorum,
2496 1416 2622 1485 quia
2653 1416 2719 1470 ad
2747 1418 3183 1486 deprecationem
3229 1421 3564 1476 dilectissimi
3603 1424 3724 1479 fra-

2139 1504 2238 1559 tris
2265 1504 2435 1560 nostri
2480 1505 2744 1575 Drogonis
2774 1505 2802 1545 δ
2834 1507 3159 1564 venerabilis
3186 1511 3607 1584 archiepiscopi,
3626 1530 3720 1569 sa-

2137 1595 2326 1664 crique
2349 1594 2534 1664 palatii
2557 1596 2728 1649 nostri
2759 1597 2956 1651 summi
2975 1597 3262 1668 capellani,
3291 1604 3580 1669 quamdam
3605 1606 3720 1660 cel-

2139 1684 2304 1740 lulam
2330 1684 2651 1756 appellatam
2678 1670 2882 1740 Aldrici
2911 1685 3045 1742 cella
3072 1699 3120 1752 ε,
3147 1703 3265 1758 qua:
3293 1691 3510 1745 domino
3535 1708 3608 1748 ac
3629 1711 3723 1765 ge-

2140 1775 2306 1831 nitori
2369 1783 2554 1830 nostro
2612 1775 2808 1831 Carolo
2874 1779 3321 1846 prmstantissimo
3404 1783 3725 1852 imperatori

2143 1866 2337 1921 tradita
2365 1874 2468 1930 est,
2509 1881 2629 1936 quae
2674 1867 2729 1920 in
2765 1867 2965 1923 ducatu
3007 1869 3345 1928 Alamanniae
3382 1873 3484 1928 sita
3522 1887 3610 1930 est
3667 1880 3723 1931 in

2139 1975 2278 2030 pago
2315 1958 2527 2030 Albigoi
2560 1957 2586 1997 ἀ
2637 1960 2707 2013 ad
2739 1962 3006 2030 quoddam
3039 1965 3425 2020 monasterium
3459 1968 3606 2036 quod
3639 1969 3720 2023 di-

2142 2051 2283 2105 citur
2311 2049 2662 2120 Campidona.
2690 2052 2782 2106 ubi
2811 2053 3063 2122 praesenti
3090 2061 3331 2124 tempore
3388 2058 3723 2116 venerabilis

2142 2142 2302 2197 Tatto
2314 2141 2482 2196 abbas
2495 2151 2712 2210 praeest,
2741 2143 2811 2199 ob
2830 2143 3254 2200 emolumentum
3274 2147 3468 2203 anima:
3493 2159 3721 2215 nostra,

2139 2242 2195 2290 et
2220 2241 2436 2289 aeternae
2471 2234 2840 2291 retributionis
2873 2235 3110 2292 fructum
3131 2237 3385 2304 subdere,
3408 2248 3459 2294 et
3495 2239 3560 2296 de
3617 2257 3728 2296 no—

2143 2333 2257 2381 stro
2281 2325 2428 2394 jure,
2470 2324 2526 2377 in
2556 2322 2646 2391 jus
2672 2333 2726 2379 et
2749 2333 3072 2395 potestatem
3110 2327 3352 2397 praedicti
3405 2333 3727 2388 mnasterii

2141 2415 2367 2471 solemni
2399 2416 2689 2472 donatione
2711 2416 2866 2470 nobis
2901 2416 3198 2472 transferre
3222 2418 3445 2487 placuit.
3474 2421 3583 2476 Pro
3621 2424 3729 2478 hoc

2140 2505 2322 2575 itaque
2359 2514 2545 2562 nostro
2568 2505 2752 2561 favore
2779 2515 2944 2576 atque
2971 2507 3190 2562 licentia
3217 2509 3495 2579 deditjam
3540 2514 3726 2569 dictus

2141 2602 2468 2669 venerabilis
2515 2601 2685 2656 abbas
2728 2601 2887 2656 Tatto
2923 2617 2990 2657 ex
3023 2604 3230 2658 ratione
3268 2607 3583 2661 monasterii
3638 2611 3726 2664 sui

2141 2696 2358 2751 Ratulfo
2380 2698 2697 2767 presbytero
2725 2705 2887 2766 atque
2930 2697 3205 2767 capellano
3233 2681 3438 2764 nosth
3463 2702 3558 2770 qui
3601 2703 3720 2772 jam

2140 2789 2350 2859 pridem
2384 2789 2629 2842 eamdem
2656 2786 2907 2841 cellulam
2948 2797 3134 2844 nostra
3185 2788 3471 2859 largitione
3517 2793 3719 2857 tenuit,

2142 2880 2211 2934 ad
2245 2877 2550 2933 habendum
2573 2876 2627 2930 in
2658 2876 2978 2931 beneficium
3010 2877 3198 2932 diebus
3223 2877 3348 2932 vita:
3369 2893 3479 2933 suae
3506 2880 3560 2933 in
3577 2896 3717 2950 pago

2141 2969 2474 3025 Keltensteiu
2504 2979 2550 3033 ε,
2574 2967 2628 3021 in
2668 2966 2786 3022 loco
2813 2967 2906 3036 qui
2936 2966 3135 3022 dicitur
3177 2966 3642 3024 Hruodoldisbova
3669 2969 3715 3035 ί,

2144 3077 2238 3117 sex
2261 3061 2392 3116 ohas
2415 3061 2639 3114 vestitas
2673 3060 2775 3113 sub
2804 3058 3116 3129 integritate
3149 3073 3361 3124 earnm,
3411 3069 3470 3114 et
3508 3060 3562 3114 in
3609 3061 3718 3116 alio
3779 3105 3788 3114 .

2143 3151 2262 3206 loco
2290 3151 2344 3204 in
2373 3165 2509 3222 pago
2523 3148 2817 3219 Augustgoi
2845 3151 2870 3188 ε
2909 3148 3198 3218 quamdam
3225 3149 3478 3206 cellulam
3505 3165 3712 3205 nuncm-

2141 3249 2326 3312 patam
2351 3238 2696 3294 Herilescella
2730 3239 2758 3277 ιι
2788 3253 2912 3293 cum
2942 3238 3194 3293 omnibus
3211 3238 3280 3294 ad
3300 3254 3359 3293 se
3383 3241 3709 3310 pertinenti-

2142 3334 2260 3394 bus,
2293 3347 2360 3387 eo
2385 3331 2636 3386 videlicet
2674 3330 2832 3385 modo
2860 3337 2920 3382 ut
2942 3328 3195 3400 praefatae
3247 3345 3334 3385 res
3379 3332 3721 3396 monasterii,

2144 3423 2331 3483 diebus
2382 3429 2591 3476 tantum
2633 3421 2760 3474 vitae
2806 3416 2916 3474 suis
2968 3419 3184 3484 habeat,
3244 3429 3300 3474 et
3353 3429 3474 3491 post
3513 3421 3724 3476 obitum

2144 3528 2301 3569 suum
2329 3518 2668 3566 revertantur
2711 3511 2780 3566 ad
2832 3511 3282 3580 pramominatum
3325 3513 3721 3567 monasterium

2141 3602 2529 3673 perpetualiter
2558 3602 2917 3674 possidendas.

2217 3689 2441 3759 Signum
2453 3689 2715 3745 Ludovici
2738 3691 3068 3750 serenissimi
3082 3691 3431 3762 imperatoris.

2215 3784 2602 3840 Hirminmaris
2636 3787 2652 3826 ί
2689 3786 2938 3842 notarius
2968 3787 3037 3844 ad
3063 3788 3236 3845 vicem
3289 3788 3524 3860 llugonis
3568 3804 3727 3844 reco-

2145 3873 2304 3943 gnovi
2324 3882 2378 3929 et
2401 3874 2720 3943 subscripsi.

2215 3963 2352 4020 Data
2394 3979 2487 4020 xxv
2524 3965 2644 4020 Kal.
2678 3964 2866 4031 Maias,
2919 3981 3083 4032 anno,
3128 3967 3345 4024 Christo
3373 3970 3627 4039 propitio,
3655 3968 3729 4024 26

2145 4056 2360 4127 imperii
2383 4055 2566 4112 domui
2598 4056 2860 4113 Ludovici
2883 4057 3114 4128 piissimi
3149 4059 3399 4129 Augusti,
3429 4060 3726 4115 indictione

2141 4146 2401 4215 secunda.
2431 4147 2626 4202 Actum
2646 4148 2882 4210 Bodoma
2925 4146 2939 4199 ἱ
2974 4149 3120 4220 regio
3141 4151 3344 4220 palatio
3384 4153 3438 4205 in
3488 4151 3580 4206 Dei
3627 4167 3727 4205 no—

2144 4236 2293 4292 mine
2318 4235 2571 4293 feliciter.
2603 4237 2795 4293 Amen.

2220 4361 2243 4389 ε
2267 4348 2444 4421 Pagus
2477 4367 2506 4404 a
2533 4351 2650 4405 rivo
2674 4351 2938 4424 Geltnach
2981 4353 3181 4420 dictus,
3234 4355 3325 4424 qui
3388 4355 3444 4409 in
3493 4355 3725 4410 diecesi

2145 4419 2456 4492 Augustaua
2497 4437 2660 4491 supra
2709 4423 2962 4492 oppidum
3013 4419 3359 4482 Kaufbeuren
3405 4426 3600 4480 oritur.
3633 4425 3720 4479 Cf.

2146 4489 2347 4563 Chron.
2373 4489 2649 4563 Gottvvi'cq
2684 4489 2880 4555 lib—Civ,
2907 4508 3035 4563 pag,
3061 4494 3185 4548 649.

2225 4559 2245 4634 ξ
2268 4550 2849 4634 Eudertshofeuprope
2867 4550 3252 4634 'Kanlfbeuren.

2217 4631 2244 4670 ⁸
2268 4628 2552 4700 Terminos
2572 4628 2745 4698 hujus
2773 4628 2895 4700 pagi
2921 4628 3022 4686 ita'
3045 4635 3302 4690 describit
3336 4635 3728 4691 reverendissb

2147 4715 2268 4771 mus
2306 4699 2578 4771 Bessclius
2609 4717 2621 4753 :
2662 4720 2680 4752 ε
2716 4699 3014 4771 Augustovv
3045 4713 3254 4759 tractus
3299 4704 3387 4758 ille
3417 4715 3576 4759 terra:
3606 4721 3726 4760 esse

2146 4769 2359 4842 videtur
2387 4769 2476 4842 qui
2509 4769 2981 4842 hpdiedumsupra
3010 4773 3305 4842 Augustam
3327 4773 3723 4830 Vindelicorum

2147 4839 2292 4892 inter
2315 4839 2514 4920 fluvios.
2539 4839 2747 4920 Licum,
2778 4839 3043 4920 \tNertac-li
3063 4839 3121 4896 et
3139 4843 3324 4920 Sinltel
3362 4846 3722 4913 protenditur,

2145 4908 3557 5058 ³⁰ιδ⁰ἶ¹ἑ¹ἒῗζὲιῖῑξιῗξιξὲἔῖςζῖῖῗεᾷᾏῖ¹ὲιῗξῖνεῗξῗῗέιῗῖὶτκηι

2224 5047 2239 5087 ί
2269 5047 2370 5115 Ap.
2397 5047 2710 5102 Rasslerum
2740 5048 2880 5103 male
2913 5049 3346 5106 [limiti/tardus.

2219 5114 2232 5166 i
3380 5123 3447 5176 ad
3484 5122 3726 5178 inﬁmam
3755 5091 3768 5172 1

2145 5202 2298 5262 oram
2330 5185 2808 5262 lacus_1_30_damic_i,
2837 5187 2963 5262 villa
2990 5190 3131 5262 olim
3149 5193 3296 5261 regia
3315 5185 3392 5247 ac
3433 5193 3721 5262 palatium,

2144 5256 2404 5330 omissum
2431 5272 2462 5310 a
2496 5257 2801 5330 Mabillonio
2833 5256 3272 5330 deltediploni,
3296 5261 3388 5316 lib.
3418 5256 3490 5316 l'v.
3517 5262 3736 5317 Bedon-

2145 5327 2233 5382 nia
2265 5326 2588 5401 vocaturgb
2618 5336 2842 5401 auctore
2857 5328 3011 5401 AVitze
3039 5326 3308 5401 Ludovici
3330 5331 3436 5396 Pii,
3467 5347 3554 5401 ap.
3588 5331 3731 5386 Bon-

2145 5405 2320 5466 queL,
2351 5404 2460 5450 tom
2506 5396 2595 5460 Vl,
2625 5413 2747 5466 pag.
2784 5395 2904 5450 122.
2936 5398 3264 5455 Ludovicum
3289 5395 3441 5456 Pium
3488 5395 3733 5466 thinpore

2145 5416 2320 5466 quet.,
2351 5416 2460 5450 ιο111
2516 5416 2595 5460 γι,
2663 5416 2747 5465 3g.
2784 5416 2904 5450 ⁸122..
2936 5416 3264 5455 ιιυυογιοιιω
3289 5416 3441 5456 ιἰιιιη
3488 5416 3594 5456 tem
3671 5417 3733 5456 re

2145 5467 2585 5536 Quadragcsimm
2622 5416 2917 5521 Bodomam
2965 5471 3200 5534 venisse,
3251 5488 3314 5526 ac
3351 5470 3545 5526 festum
3597 5416 3735 5525 ῗξερ

2145 5536 2322 5590 chatis
2339 5535 2537 5591 ibidem
2563 5535 2665 5591 hoc
2687 5551 2830 5591 anno
2860 5537 3185 5604 celebrasse,
3237 5549 3502 5596 testantur
3541 5542 3738 5594 Anna-

2144 5606 2225 5662 les
2251 5605 2639 5673 Bertiniani,et
2661 5606 3003 5664 Hermannus
3030 5609 3350 5667 Contractus
3377 5611 3440 5666 ad
3469 5615 3616 5666 hunc
3638 5629 3739 5668 an-

2152 5691 2298 5733 num.
