4006 6178
953 473 1226 531 CCXXIII.

631 598 731 639 PRO
764 597 1100 638 ΙΟΝΔΒΤΕΜΟ
1134 598 1539 640 εΑιιιηυοΝεκςι.
1581 597 1606 626 ⁸

736 693 912 764 (Anno
933 693 1059 761 859,
1098 694 1124 748 1
1161 693 1447 768 Septemb.)

390 804 568 879 [Apud
591 802 849 875 Netigart,
876 803 1054 860 Codex
1081 805 1470 871 Alamannicus,
1499 821 1624 877 pag.
1650 806 1804 879 259.]

275 908 278 911 ’
373 917 432 971 ln
462 917 684 971 nomine
710 916 926 971 Domini
965 915 1063 972 Dei
1090 926 1147 972 et
1193 915 1491 972 Salvatoris
1535 916 1708 971 nostri
1755 914 1884 973 Iesu

302 1007 527 1072 Christi,
565 1005 890 1073 Ludovicus,
931 1007 1112 1062 divina
1133 1007 1419 1062 ordinante
1455 1006 1794 1076 providentia
1828 1008 1880 1074 ι’,

306 1098 603 1168 imperator
626 1095 920 1167 Augustus.

375 1186 432 1241 Si
468 1201 596 1257 erga
618 1187 736 1242 loca
761 1187 956 1242 divinis
984 1186 1218 1242 cultibus
1265 1188 1594 1259 mancipata,
1633 1196 1740 1244 etc.
1791 1187 1879 1245 ld-

304 1276 450 1329 circo
473 1283 660 1344 notum
688 1289 808 1331 esse
836 1276 1087 1332 volumus
1122 1277 1333 1332 cunctis
1361 1277 1608 1333 ﬁdelibus
1653 1279 1880 1343 nostris,

302 1367 660 1435 praesentibus
705 1365 916 1420 scilicet
967 1375 1023 1420 et
1065 1365 1281 1431 futuris,
1334 1367 1462 1438 quia
1510 1367 1881 1422 concessimus

303 1454 653 1520 monasterio,
682 1456 826 1523 quod
854 1454 1054 1509 dicitur
1075 1454 1424 1526 Campidona,
1457 1457 1603 1526 quod
1633 1464 1719 1511 est
1751 1470 1880 1510 con-

302 1550 567 1597 structum
587 1544 641 1597 in
669 1542 874 1599 honore
901 1551 1104 1600 sancta:
1149 1545 1335 1600 Mariae
1363 1541 1582 1616 semper
1608 1545 1836 1616 virginis
1861 1584 1876 1610 ,

300 1640 356 1684 ct
393 1639 705 1688 sanctorum
746 1632 1026 1698 Gordiani,
1061 1642 1116 1689 et
1166 1635 1444 1704 Epimachi
1474 1643 1772 1707 martme
1815 1646 1838 1674 ο

301 1739 439 1793 quos
456 1726 611 1780 bonae
639 1727 914 1781 meritoria:
940 1725 1265 1798 Hildegarda
1291 1735 1468 1781 mater
1522 1735 1710 1782 nostra
1757 1725 1784 1766 ά
1811 1726 1880 1780 ad

301 1817 551 1870 eumdem
590 1817 788 1882 locum,
817 1833 917 1888 pro
958 1818 1157 1874 divinis
1199 1821 1280 1873 eis
1325 1817 1518 1874 ciliciis
1561 1817 1880 1873 adhibendis
1905 1825 1955 1884 Β
1981 1840 2067 1896 γει
2097 1817 2293 1897 θείως,

299 1907 605 1975 collocavit,
644 1909 734 1963 ubi
763 1918 818 1964 et
841 1925 986 1964 nunc
1011 1911 1338 1966 venerabilis
1363 1911 1530 1966 abbas
1555 1911 1715 1966 Tatto
1741 1925 1882 1981 prm-

297 2008 382 2054 est
410 2041 425 2066 ,
463 2010 524 2056 ut
570 2001 1002 2072 quandocunque
1049 2003 1230 2058 divina
1278 2005 1558 2059 vocatione
1590 2005 1882 2075 praedictus

299 2091 462 2146 abbas
487 2091 568 2148 vel
594 2107 938 2148 successores
965 2078 1093 2164 ejus.
1109 2093 1176 2148 de
1200 2095 1303 2148 hac
1325 2095 1444 2150 luce
1477 2096 1837 2168 migraverint
1861 2136 1878 2162 ,

299 2195 396 2251 pro
446 2181 640 2237 divinat
702 2183 1045 2238 auctoritatis
1086 2185 1261 2252 gratia
1311 2192 1366 2240 et
1411 2198 1598 2239 amore
1638 2185 1880 2255 prmfata:

300 2271 639 2342 Hildegarda:
681 2273 873 2328 matris
899 2282 1117 2341 nostrae,
1135 2277 1383 2331 monachi
1408 2277 1609 2331 ibidem
1636 2278 1745 2332 Deo
1773 2278 1875 2331 mi-

299 2362 516 2417 litantes
545 2363 816 2418 licentiam
847 2365 1108 2431 habeant,
1155 2368 1395 2436 quandiu
1445 2368 1584 2422 inter
1631 2383 1689 2422 se
1742 2368 1879 2424 tales

298 2451 538 2506 invenire
570 2454 878 2523 potuerint,
921 2455 1015 2526 qui
1061 2456 1233 2526 ipsam
1279 2457 1748 2527 congregationem
1789 2473 1878 2512 se-

297 2545 531 2598 cundum
584 2547 824 2617 regulam
871 2549 1045 2604 sancti
1073 2547 1353 2604 Benedicti
1383 2564 1574 2622 regere
1620 2550 1875 2617 valeant,

297 2651 396 2708 per
436 2639 575 2694 hanc
617 2650 867 2714 nostram
912 2643 1289 2699 auctoritatem
1317 2651 1374 2699 et
1426 2659 1754 2701 consensum
1783 2645 1878 2701 eli-

297 2729 455 2797 gendi
493 2729 736 2795 abbates,
773 2739 876 2787 etc.

369 2815 594 2887 Signum
628 2819 886 2878 Ludovici
915 2823 1247 2880 serenissimi
1271 2825 1638 2895 imperatoris.

368 2907 748 2966 llirminmaris
792 2913 1040 2972 notarius
1085 2914 1155 2970 ad
1197 2915 1372 2972 vicem
1429 2915 1670 2988 liugonis
1722 2932 1875 2974 reco-

299 3000 456 3068 gnovi
486 3009 542 3056 et
563 3003 879 3074 subscripsi.

369 3090 502 3144 Data
533 3091 758 3150 Kalend.
789 3095 1145 3166 Septembris,
1176 3113 1336 3163 anno,
1369 3098 1586 3156 Christo
1612 3101 1867 3172 propitio,

1444 361 1837 421 DlPLOMA'l‘A
1877 359 2422 420 ECCLESIASTICA.

1909 482 1962 541 Α
2058 474 2116 531 Si
2141 473 2483 530 liberalitatis
2503 485 2702 533 nostrte
2729 494 2952 535 munere
2988 481 3056 536 de
3085 483 3363 540 beneﬂciis
3389 502 3419 539 a
3450 488 3560 544 Deo

3417 369 3554 425 1506

1988 567 2144 624 nobis
2172 564 2400 628 collatis,
2434 565 2568 622 locis
2596 568 2706 624 Deo
2727 570 2922 626 dicatis
2960 571 3162 640 aliquid
3191 577 3516 632 conterimus
3539 619 3554 644 ,

1987 658 2041 714 id
2067 659 2222 715 nobis
2256 665 2311 716 et
2351 660 2418 715 ad
2452 660 2733 716 mortalem
2779 661 2945 716 vitam
2983 661 3212 718 feliciter
3258 667 3558 738 transigen-

1985 748 2132 816 dam,
2157 760 2212 806 et
2245 753 2312 808 ad
2339 761 2596 806 mternam
2639 752 3026 822 perpetualiter
3059 752 3406 809 obtinendam
3434 772 3558 827 pro-

1985 837 2228 896 futurum
2260 841 2465 912 liquido
2492 841 2783 896 credimus.
2815 840 3021 900 Idcirco
3045 851 3228 898 notum
3259 859 3380 900 esse
3400 845 3556 900 volu-

1985 945 2104 985 mus
2142 933 2354 987 cunctis
2383 932 2630 986 ﬁdelibus
2661 940 2863 988 sanctae
2887 933 2982 988 Dei
3009 934 3253 990 ecclesiae
3273 943 3330 992 et
3356 937 3560 993 nostris

1985 1021 2119 1094 [tam
2149 1025 2506 1094 praesentibus
2529 1039 2691 1094 quam
2712 1033 2768 1080 et
2792 1024 3033 1098 futuris,]
3065 1027 3191 1097 quia
3217 1027 3401 1082 divino
3426 1029 3556 1083 tacti

1983 1129 2168 1168 amore
2213 1115 2538 1170 contulimus
2581 1116 2651 1172 ad
2695 1117 3084 1172 monasterium
3134 1119 3290 1184 Deas,
3344 1120 3400 1174 in
3449 1136 3559 1191 quo

1982 1213 2202 1260 sanctus
2245 1205 2573 1262 Philibertus
2626 1205 2906 1263 confessor
2942 1206 3146 1262 Christi
3203 1223 3428 1279 corpore
3470 1227 3558 1267 re-

1980 1294 2232 1363 quiescit,
2260 1305 2632 1352 constructum
2668 1297 2725 1352 in
2759 1299 2963 1353 honore
2993 1299 3430 1356 beatissimorum
3457 1300 3558 1359 Pe-

1980 1385 2050 1438 tri
2080 1393 2136 1440 et
2156 1384 2304 1441 Pauli
2327 1387 2712 1457 apostolorum,
2735 1390 2827 1445 ubi
2850 1392 3174 1446 venerabilis
3195 1393 3276 1447 vir
3299 1391 3560 1452 Hilbodus

1981 1475 2148 1531 abbas
2191 1491 2426 1547 praeesse
2463 1478 2818 1548 dignoscitur,
2869 1480 3159 1548 quamdam
3194 1481 3377 1537 villam
3416 1484 3558 1554 juris

1979 1569 2170 1635 nostri,
2203 1569 2420 1624 nomine
2446 1569 2684 1636 Scobrit,
2718 1585 2839 1640 qua:
2875 1581 2960 1627 est
2986 1572 3041 1626 in
3070 1587 3208 1642 pago
3237 1573 3476 1643 Pictavo,
3501 1576 3557 1632 in

1861 1674 1877 1731 ξ
1979 1658 2184 1714 vicaria
2209 1658 2464 1727 Racinse,
2509 1675 2632 1714 cum
2672 1661 2924 1716 omnibus
2959 1661 3028 1715 ad
3073 1675 3131 1717 se
3164 1663 3559 1731 pertinentibus

1979 1748 2065 1802 vel
2093 1750 2498 1819 aspicientibus,
2524 1759 2580 1805 et
2605 1766 2723 1806 cum
2759 1751 3045 1822 mancipiis
3087 1753 3370 1824 utriusque
3396 1771 3559 1813 sexus

2339 1842 2689 1899 Memoratam
2717 1845 2902 1914 itaque
2921 1845 3126 1912 villam,
3157 1861 3280 1901 cum
3327 1848 3556 1906 ecclesia

1983 1931 2172 1988 Sancti
2210 1934 2418 2001 Vitalis,
2455 1935 2704 1991 domibus
2730 1936 3048 2006 ueterisque
3085 1938 3350 2006 aediliciis,
3396 1942 3558 2000 terris

1977 2024 2140 2080 cultis
2167 2035 2224 2080 et
2260 2027 2496 2093 incultis,
2523 2028 2718 2094 vineis,
2743 2029 2935 2099 pratis,
2966 2029 3204 2100 pascuis,
3231 2030 3404 2097 silvis,
3427 2033 3556 2088 sali-

1979 2117 2086 2182 nis,
2123 2117 2467 2183 molendinis,
2513 2119 2746 2174 exitibus
2777 2125 2834 2173 et
2868 2121 3228 2190 regressibus,
3263 2131 3554 2192 quantum-

1978 2220 2191 2276 cunque
2215 2207 2282 2262 ad
2307 2207 2620 2277 praedictam
2649 2207 2834 2262 villam
2849 2209 3108 2277 pertinet,
3134 2218 3190 2264 et
3214 2210 3389 2266 nostri
3414 2209 3556 2279 juris

1977 2305 2141 2369 atque
2165 2299 2522 2368 possessionis
2539 2299 2664 2368 jure
2689 2299 3040 2372 proprietatis
3063 2307 3169 2365 est,
3199 2309 3373 2357 totum
3404 2311 3459 2357 et
3488 2304 3556 2359 ad
3650 2352 3659 2360 .

1975 2388 2249 2459 integrum
2275 2390 2360 2443 vel
2394 2390 2804 2457 inexquisitum,
2836 2391 2902 2444 de
2922 2399 3111 2445 nostro
3145 2388 3270 2460 jure
3294 2393 3353 2446 in
3377 2393 3468 2464 jus
3501 2403 3556 2449 et

1977 2477 2399 2534 dominationem
2430 2478 2673 2548 praedicti
2693 2479 3007 2534 monasterii
3031 2479 3406 2538 transierimus
3430 2501 3443 2537 :
3475 2484 3553 2543 ita

1975 2567 2229 2623 videlicet
2256 2577 2319 2623 ut
2363 2567 2628 2639 quidquid
2667 2568 2736 2624 ab
2764 2570 3029 2628 hodierno
3076 2572 3163 2628 die
3196 2581 3253 2628 et
3301 2574 3555 2646 deinceps

1975 2665 2220 2714 rectores
2242 2668 2406 2730 atque
2429 2660 2666 2716 ministri
2693 2658 2932 2730 ejusdem
2967 2664 3281 2718 monasterii
3312 2664 3378 2718 de
3419 2681 3557 2735 pras-

1976 2748 2121 2804 dicta
2146 2749 2294 2814 villa,
2325 2749 2411 2804 vel
2435 2749 2524 2822 [de
2573 2750 2664 2824 iis]
2693 2767 2813 2821 qua:
2861 2752 2931 2807 ad
2971 2765 3094 2806 eam
3130 2753 3427 2823 pertinent,
3476 2754 3555 2809 la-

1976 2853 2124 2904 cere,
2151 2838 2404 2894 ordinare
2425 2849 2587 2910 atque
2607 2841 2676 2895 ad
2697 2841 2985 2896 utilitatem
3010 2841 3251 2910 ejusdem
3282 2855 3554 2902 monaste-

1974 2929 2046 2986 rii
2078 2931 2260 2986 facere
2300 2931 2584 3003 elegerint,
2614 2932 2844 2988 liberam
2895 2941 3059 3002 atque
3087 2932 3452 2990 ﬁrmissimam
3497 2937 3552 2992 in

1973 3023 2222 3079 omnibus
2244 3025 2480 3080 habeant
2514 3033 2838 3097 potestatem
2863 3025 3116 3080 faciendi.
3146 3026 3214 3080 Et
3237 3033 3296 3080 ut
3321 3027 3436 3083 hate
3457 3044 3556 3083 uo-

1975 3123 2103 3170 εει-ξιξ
2135 3115 2438 3186 largitionis
2471 3126 2635 3187 atque
2681 3117 3048 3173 concessionis
3081 3117 3424 3192 [auctoritas]
3459 3135 3556 3189 per

296 3178 368 3277 29
389 3180 600 3277 ίηιικῖτίί
640 3184 822 3277 domui
863 3186 1122 3244 LudOViCi
1163 3189 1395 3259 Ρίίεείωί
1438 3169 1688 3261 Ausus“.
1716 3169 1874 3248 -ίηάί-
1897 3169 1944 3231 C
1976 3169 2250 3261 diuturna"
2265 3215 2510 3277 tempora
2535 3169 2918 3266 inviolabilem
2971 3169 3134 3276 atqde
3181 3169 3553 3264 inconvullsam

298 3273 477 3328 ctione
513 3275 548 3330 2
581 3287 625 3331 ο.
650 3276 843 3334 Actum
858 3279 1169 3342 Cabalauno
1195 3281 1216 3321 ί
1250 3283 1471 3340 civitate
1503 3285 1703 3355 palatio
1724 3285 1873 3356 regio

298 3362 353 3416 in
379 3364 474 3418 Dei
501 3367 715 3424 nomine
742 3368 993 3426 feliciter.
1016 3371 1209 3428 Amen.

911 3501 1235 3561 CCXXX”.

705 3607 801 3647 rso
839 3608 1176 3648 uoxasrsnro
1212 3609 1397 3649 υειιιιει
1426 3597 1480 3639 l‘-

903 3679 1082 3758 (Anno
1116 3681 1266 3753 859.)

294 3788 472 3864 [Apud
485 3788 810 3864 Chimetium
832 3790 885 3844 in
908 3791 1120 3864 probat.
1139 3791 1205 3864 ad
1230 3791 1372 3846 Hist.
1391 3791 1510 3846 ιιὺὸ.
1524 3791 1869 3864 Iunoniet:-

363 3860 488 3982 ἥθ’
508 3875 630 3984 patg).
667 3859 790 3984 ίξὶθἰ
839 3861 1146 4006 ezapgdzsb].
1177 3862 1461 3934 Bouquet.,
1512 3862 1729 3918 Recueil
1775 3865 1867 3920 des

421 3945 466 3982 is
494 3969 536 3994 .,
620 3945 694 3983 ιιι.
795 3970 812 3996 ,
838 3947 874 4002 p
909 3947 962 4002 g.
1101 3971 1115 3985 .

362 4039 419 4093 ln
460 4039 676 4094 nomine
713 4039 926 4096 Domini
950 4041 1047 4096 Dei
1079 4050 1136 4098 et
1178 4041 1474 4099 Salvatoris
1516 4045 1689 4100 nostri
1739 4045 1866 4102 Jesu

293 4128 520 4196 Christi,
562 4129 886 4199 Ludovicus,
928 4132 1109 4188 divina
1140 4135 1524 4206 repropitiante
1553 4135 1862 4204 clementia,

293 4222 586 4293 imperator
611 4221 904 4294 Augustus.

369 4454 395 4481 ι
431 4439 624 4497 Exstat
642 4443 780 4512 apud
806 4443 1104 4511 Mabillon.,
1132 4444 1252 4501 Vet.
1285 4445 1552 4509 Analect.,
1598 4461 1722 4501 nov.
1773 4448 1858 4504 ed.

292 4510 384 4588 [01.
414 4511 539 4578 M8,
572 4507 936 4588 et‘llunigium
961 4507 1446 4588 Spieileg.eccles.,
1469 4507 1613 4588 part.
1642 4533 1859 4588 m,cap.
1889 4507 1944 4568 D

291 4581 362 4646 5,
405 4598 530 4705 pa‘f.
577 4582 698 4639 169.
757 4581 1140 4657 Fragmentum
1163 4581 1400 4642 'exhibet
1444 4581 1508 4642 D.
1551 4581 1824 4660 Bouquet:
1842 4629 1860 4654 ,

293 4659 425 4705 tom.
503 4651 543 4705 1.
567 4668 686 4705 nan.
711 4654 836 4705 626.

293 4651 425 4723 tom;
455 4651 543 4716 γι,
567 4668 686 4723 pag.
711 4654 836 4710 626.

361 4722 853 4806 1>lnsolitaqnidem
875 4725 1096 4806 esthtec
1116 4725 1494 4806 formulapost
1515 4727 1855 4806 annum

293 4790 468 4866 Supra
479 4793 625 4866 enim
645 4790 878 4866 vidimus
904 4795 1045 4852 aliud
1057 4797 1308 4852 Ludovici
1324 4790 1404 4851 Pii
1427 4797 1679 4866 diploma,
1696 4797 1858 4852 abba-

291 4862 382 4916 tite
398 4863 811 4932 Campidonensi
833 4879 1168 4929 concessum,
1187 4883 1242 4920 ιι.
1256 4867 1384 4930 332,
1412 4862 1502 4922 ubi
1519 4877 1775 4924 consueta
1790 4869 1858 4923 ab

289 4945 354 4988 eo
379 4941 621 5008 tempore
649 4935 896 5003 habetur,
935 4935 1853 5008 ιζὲυἱηαῨνερνορὶιὶαηιερϊιεηιεηίὶα,

287 5017 500 5074 quaque
511 5003 764 5078 deinceps
776 5022 931 5078 usum
946 5005 1110 5078 fuisse
1122 5003 1448 5078 Ludovicum
1463 5007 1613 5062 Pium
1631 5003 1856 5078 ipsemet

289 5072 519 5148 testatur
545 5072 903 5148 Iabillonius,
925 5077 992 5133 de
1024 5076 1099 5134 Re
1121 5077 1342 5148 diplom.
1362 5077 1398 5130 Ι.
1433 5093 1492 5142 ιι,
1520 5092 1568 5133 c.
1598 5072 1736 5146 ὄξει.
1762 5079 1850 5133 l3.

286 5141 496 5196 Asserit
514 5151 697 5198 tamen
725 5146 811 5199 vir
843 5141 1238 5204 eruditissimus
1278 5148 1334 5202 in
1360 5163 1458 5202 suo
1481 5141 1678 5204 itinere
1719 5148 1855 5204 Ger-

288 5213 522 5290 manico,
550 5211 822 5290 Analectis
850 5218 1146 5290 praemisso,
1174 5233 1234 5274 se
1253 5219 1509 5290 pleraque
1535 5220 1735 5276 vidisse
1754 5222 1852 5275 hu-

281 5279 370 5360 jus
411 5281 642 5336 abbatis:
668 5279 990 5360 diplomata,
1042 5279 1205 5342 etiam
1241 5279 1571 5354 authentica,
1621 5306 1851 5360 quorum

285 5351 487 5430 aligua,
517 5365 638 5430 qua;
667 5351 810 5430 inter
837 5363 894 5408 et
905 5369 1162 5430 praesens
1183 5367 1289 5430 est,
1317 5361 1381 5430 in
1399 5351 1852 5430 consequentibus

287 5419 568 5501 referenda
594 5422 722 5501 sint:
748 5419 1119 5501 Nequidquam
1151 5419 1315 5501 igitur
1355 5429 1421 5501 de
1450 5419 1856 5501 integraphujus

285 5490 596 5559 diplomatis
641 5493 744 5550 ﬁde
779 5490 1117 5550 addubitavit
1160 5490 1243 5550 vir
1271 5498 1325 5552 in
1371 5490 1738 5556 discernendis
1765 5490 1856 5555 in-

285 5563 603 5634 strumentis
630 5565 858 5634 publicis
883 5566 1258 5634 peritissimus.
1715 5601 1721 5610 ι

357 5641 379 5669 ο
405 5631 646 5702 Corpora
672 5636 865 5690 horum
879 5631 1185 5690 sanctorum
1218 5653 1306 5691 an.
1326 5637 1428 5692 774
1459 5639 1627 5694 Roma
1647 5640 1700 5694 in
1733 5639 1852 5696 Ale-

286 5701 558 5778 manuiam
603 5721 667 5759 ac
723 5705 941 5775 quidem
991 5706 1044 5760 in
1094 5706 1522 5778 Campidonense
1579 5722 1850 5765 monaste-

287 5772 435 5842 rium
479 5790 667 5832 recens
697 5772 888 5846 nempe
914 5772 1269 5847 exstructum,
1309 5779 1480 5834 delata
1509 5794 1647 5846 esse,
1679 5790 1846 5838 testa-

1972 3297 2213 3352 obtineat
2236 3297 2570 3365 ﬁrmitatem,
2596 3314 2758 3353 manu
2781 3303 2999 3370 propria
3021 3308 3204 3355 nostra
3225 3315 3345 3356 eam
3365 3301 3554 3356 subter
3634 3365 3637 3368 _

1972 3389 2330 3458 ﬁrmavimus,
2366 3401 2423 3446 et
2447 3391 2634 3446 annuli
2675 3391 2847 3446 nostri
2899 3391 3252 3462 impressione
3283 3392 3550 3462 assignari

1966 3480 2244 3550 iussimus.

2041 3593 2266 3665 Signum
2296 3595 2552 3650 Ludovici
2585 3594 2914 3649 serenissimi
2934 3593 3296 3662 imperatoris.

2041 3685 2154 3754 Ego
2177 3683 2500 3755 Meginarius
2522 3684 2767 3739 notarius
2793 3683 2862 3738 ad
2900 3683 3074 3739 vicem
3120 3683 3362 3755 liugonis
3397 3702 3548 3743 reco-

1971 3773 2131 3842 gnovi
2158 3781 2215 3827 et
2241 3774 2558 3844 subscripsi.

2044 3881 2178 3936 Data
2191 3899 2226 3937 v
2240 3882 2507 3939 Kalendas
2519 3885 2854 3952 Decembris,
2870 3901 3032 3952 anno,
3051 3886 3271 3943 Christo
3289 3889 3543 3959 propitio,

1969 3970 2040 4025 26
2066 3971 2276 4043 imperii
2308 3974 2491 4030 domui
2519 3974 2776 4032 Ludovici
2803 3977 3140 4033 serenissimi
3162 3978 3506 4049 imperatoris
3527 4023 3544 4048 ,

1970 4059 2264 4118 indictione
2289 4065 2470 4120 tertia.
2496 4067 2689 4122 Actum
2715 4066 2951 4124 Pictavis
2979 4067 3033 4124 in
3079 4068 3173 4124 Dei
3205 4070 3424 4128 nomine
3469 4073 3542 4128 re-

1968 4149 2164 4208 liciter.
2193 4152 2385 4210 Amen.

1970 4460 2060 4507 tur
2101 4450 2444 4506 Hermannus
2480 4450 2637 4507 Cont.
2669 4453 2724 4507 in
2771 4452 2971 4509 Chron.
3006 4455 3074 4510 ad
3126 4458 3271 4517 hunc
3315 4479 3536 4521 annum.

2037 4522 2062 4562 ἀ
2095 4521 2210 4599 N_o_n
2233 4521 2462 4576 obscure
2484 4523 2676 4599 v_el_e_x_
2697 4524 2800 4579 hoc
2826 4523 3242 4599 loco_coll_igitur
3263 4533 3536 4592 abbatiam

1967 4590 2450 4675 gampidonensem
2471 4592 2899 4675 abilildegarde,
2925 4590 3312 4675 Caroli'llagni
3345 4590 3536 4675 uxore,

1967 4661 2453 4738 (nudatamluisse,
2482 4663 2698 4738 etiamsi
2720 4661 2850 4738 'pro
2878 4668 3112 4738 genuino
3139 4661 3252 4726 ιιοιῖ
3275 4661 3540 4734 habeatur

1965 4731 2201 4815 diploma
2223 4729 2462 4815 ejusdem
2478 4729 3062 4815 im_peratoris_,_e'ditum
3079 4739 3132 4815 in
3146 4729 3538 4815 Lunigii'Spici:

1965 4800 2069 4875 leg.
2087 4801 2218 4875 eccl.
2232 4803 2337 4875 loc.
2362 4803 2480 4869 cit.,
2507 4800 2600 4859 ubi
2627 4819 2800 4860 annus
2815 4805 2919 4862 775
2949 4823 3072 4863 cum
3095 4800 3536 4875 indictibneﬁgad

1965 4871 2126 4947 linem
2140 4871 2355 4942 legitur,
2375 4881 2565 4947 contra
2587 4890 2794 4931 morem
2805 4876 2924 4947 ejus
2947 4879 3067 4932 aevi.
3089 4879 3353 4941 Patronus
3368 4871 3536 4944 simul

1963 4958 2028 5029 ac
2056 4943 2904 5029 impugnatoresjl‘lius‘recens'et
2932 4948 3200 5029 υιιιιηῐέῖςιἶ
3227 4943 3531 5029 Bal-insi“,

1960 5013 2111 5085 Clav_.
2137 5012 2357 5085 diplom.
2388 5030 2441 5085 p.
2471 5014 2561 5081 38,
2585 5014 2672 5070 ed.
2699 5015 2903 5073 Hanov.
2938 5034 3028 5072 an.
3068 5020 3226 5077 1754.

2024 5082 2312 5210 ἕὲεὲιὶοιίο
2339 5082 2463 5140 etim
2487 5099 2630 5141 anno
2660 5087 2875 5158 imperii
2904 5087 3164 5150 Ludovici
3209 5093 3291 5151 Pii
3330 5099 3534 5167 optime

1955 5162 2210 5210 cohaeret.

2033 5226 2054 5264 ί
2087 5225 2143 5280 ld
2172 5234 2257 5280 est
2298 5224 2577 5291 Cabilone,
2621 5225 3199 5287 Chdlons-sur-Sadne.
3253 5234 3534 5294 Consentit

1925 5341 1927 5344 i
1957 5304 2147 5378 auctor
2167 5299 2291 5351 vita:
2311 5296 2566 5378 Ludovici
2595 5296 2830 5378 Pii,_cap.
2852 5299 2939 5355 6|.
2973 5299 3216 5378 Narratis
3240 5307 3384 5361 enim
3412 5325 3534 5378 quae

1958 5367 2063 5446 hoc
2086 5381 2229 5446 anno
2256 5367 2600 5446 acciderant;
2637 5386 2655 5418 ι
2691 5368 2987 5437 Imperator
3018 5370 3235 5446 itaque,
3253 5391 3416 5446 porro
3429 5367 3506 5434 'ad

1957 5436 2054 5500 dit,
2074 5435 2169 5506 uti
2197 5436 2534 5506 condixerat,
2584 5435 2825 5506 tempore
2864 5435 3158 5498 autumnali
3211 5435 3531 5503 Cabilonen-

1957 5521 2069 5560 sem
2093 5505 2279 5560 urbem
2308 5505 2482 5588 petiit,
2516 5516 2569 5560 et
2598 5505 2708 5588 tam
2739 5508 3104 5566 ecclesiastica
3131 5529 3292 5584 quam
3317 5520 3526 5588 publica

1955 5591 2054 5646 pro
2077 5591 2174 5646 suo
2202 5590 2351 5646 more
2377 5575 2659 5646 disposuit.
2697 5597 2715 5630 ι

2030 5649 2055 5686 ε
2084 5645 2254 5726 Vulgo
2276 5644 2379 5699 Dee
2425 5644 2519 5726 seu
2549 5645 2932 5725 .Grlmd-Licu,
2965 5669 3106 5708 nunc
3153 5657 3424 5726 prioratus
3471 5660 3526 5717 in

1955 5717 2174 5772 dimcesi
2213 5715 2580 5772 Namnetensi.
