4048 6182
519 352 657 408 4507

1149 456 1458 515 CCXXXV.

1018 585 1119 626 PRO
1139 586 1256 626 ΑειΑ
1277 585 1561 625 ΔΒΒΔτιεὸΛ
1570 608 1582 621 .

1128 680 1301 750 (Anno
1321 679 1470 751 359.)
1539 685 1556 696 ο

527 795 861 866 Prioilegium
906 789 1570 866 Lothoriiljmperatoris,
1616 802 1717 866 quo
1750 786 1889 866 Asia:
1936 785 2097 866 a_bba-

590 855 745 919 tissa."
760 862 1064 917 monasterii
1089 855 1376 914 Ticinensis
1411 855 1638 912 Sancth
1661 855 1870 919 Marica,
1897 856 1982 908 cui
2009 871 2103 908 no-

584 952 705 990 men
738 932 1038 997 Theodotw,
1071 931 1306 984 concedit
1329 941 1526 998 terram
1571 927 1796 998 positam
1828 927 1964 980 inter
1986 941 2102 979 mtt-

588 1021 704 1060 rum
728 1013 774 1058 et
805 1001 1127 1058 antemurale
1179 1000 1402 1055 ciuitatis
1436 997 1745 1053 Ticinensis.

624 1113 932 1184 [Ματαιοτῇ
958 1111 1212 1182 Antiquit.
1244 1108 1467 1175 Indice,
1495 1117 1604 1165 tom
1627 1108 1671 1173 l,
1695 1121 1819 1177 pag.
1845 1104 1996 1177 9-18.]

585 1228 644 1282 In
669 1227 886 1281 nomine
924 1225 1137 1280 Domini
1160 1224 1328 1279 nostri
1360 1221 1491 1277 Jesu
1522 1221 1725 1278 Christi
1753 1219 1846 1275 Dei
1886 1219 2102 1282 aeterni,

515 1318 824 1382 Lotharius,
858 1317 1036 1371 divina
1082 1315 1366 1369 ordinante
1416 1310 1776 1382 providentia,
1813 1312 2106 1380 imperator

515 1409 809 1480 Augustus,
841 1415 945 1461 etc.

584 1500 752 1571 Igitur
785 1499 1024 1555 omnium
1052 1497 1287 1553 ﬁdelium
1317 1505 1517 1551 sanctae
1560 1495 1656 1548 Dei
1707 1492 1963 1548 Ecclesiae
2008 1505 2106 1547 no—

516 1599 862 1658 strorumque
912 1596 1204 1658 cognoscat
1251 1586 1491 1647 solertia,
1538 1583 1790 1654 qualiter.
1820 1623 1832 1636 .
1863 1623 1876 1635 .
1909 1622 1921 1635 .
1971 1620 1983 1633 .
2030 1622 2043 1634 .
2089 1619 2102 1633 .

515 1682 734 1735 nomine
756 1682 879 1734 Asia
901 1681 1036 1735 abba
1060 1679 1124 1734 de
1145 1677 1394 1732 emnobio
1414 1677 1557 1746 quod
1589 1675 1788 1729 dicitur
1805 1673 2103 1737 Theodote,

517 1773 657 1842 quod
683 1772 988 1828 estfactum
1021 1772 1074 1826 in
1103 1773 1308 1826 honore
1337 1769 1430 1824 D.-i
1464 1768 1742 1840 genitricis

515 1865 743 1934 virginis
789 1861 970 1915 Maria:
1019 1864 1220 1932 degens
1264 1862 1364 1916 sub
1411 1860 1594 1930 regula
1644 1857 1829 1912 eximii
1877 1855 2106 1911 sanctis-

517 1955 748 2024 simiquc
773 1953 956 2008 Patris
985 1954 1279 2018 Benedicti,
1335 1953 1490 2023 petiit
1537 1953 1682 2022 piam
1728 1949 2104 2005 celsitudinem

519 2055 760 2101 nostram
792 2053 851 2099 ut
887 2045 956 2099 ob
1008 2044 1100 2098 Dei
1158 2045 1518 2099 reverentiam
1567 2050 1621 2096 et
1668 2041 1861 2096 animm
1907 2050 2107 2094 nostra:

517 2139 849 2202 mercedem,
880 2137 947 2189 ad
976 2144 1324 2206 augmentum
1354 2134 1603 2189 utilitatis
1642 2132 1887 2201 ejusdem
1931 2131 2108 2186 sancti

519 2227 646 2291 loci,
677 2236 732 2281 et
761 2225 1194 2296 supplementum
1225 2225 1611 2280 necessitatum
1641 2224 1839 2278 ibidem
1867 2223 1978 2278 Deo
2027 2221 2109 2277 fa-

519 2319 864 2382 mulantium,
892 2317 1136 2386 quzedam
1168 2327 1311 2371 terra
1358 2317 1559 2372 ibidem
1609 2316 1919 2371 necessaria
1966 2315 2110 2370 inter

517 2419 732 2463 murum
759 2406 995 2461 civitatis
1022 2416 1078 2462 et
1103 2406 1493 2461 antemuralem
1517 2405 1912 2460 conferremus.
1941 2403 2109 2475 Cujus

516 2499 836 2570 petitionem
865 2513 964 2554 nos
1013 2496 1207 2552 anima:
1255 2505 1454 2551 nostra:
1497 2495 1760 2551 mercedis
1810 2495 2109 2564 proﬁcuam

521 2589 821 2645 recolentes
839 2589 1071 2644 libenter
1090 2590 1401 2655 annuimus,
1426 2587 1828 2658 eﬂ‘ectuosaque
1850 2586 2109 2642 delibera-

519 2682 672 2736 tione
716 2682 1032 2751 perenniter
1075 2696 1389 2736 mansurum
1433 2696 1496 2736 ac
1541 2689 1724 2735 nostra
1785 2680 2109 2735 auctoritate

519 2772 879 2842 perfecimus;
909 2771 1003 2826 sed
1031 2778 1089 2825 ut
1115 2770 1294 2826 futura
1316 2785 1416 2841 per
1437 2779 1681 2840 tempora
1711 2768 1913 2824 nullam
1942 2769 2110 2825 refra-

520 2863 792 2933 gationem
847 2863 970 2918 inde
997 2863 1118 2931 quis
1159 2862 1361 2917 inferre
1407 2862 1620 2927 audeat,
1673 2869 1728 2916 et
1775 2862 1852 2917 rei
1900 2860 2111 2916 collata!

519 2954 810 3016 rationem,
839 2962 893 3007 et
922 2953 1054 3022 ipsis
1084 2951 1402 3021 adjaceutiis
1433 2952 1487 3007 in
1518 2954 1619 3008 hac
1654 2961 1837 3007 nostra
1877 2953 2111 3008 auctori-

521 3052 628 3098 tate
656 3044 898 3100 inserere
927 3045 1267 3100 decrevimus
1293 3063 1306 3098 :
1331 3043 1579 3099 termiuia
1610 3059 1740 3099 vero
1769 3045 1837 3100 de
1886 3044 2109 3114 praefata

1653 340 1979 402 LUDOVICI
2014 341 2036 396 Ι
2075 334 2545 398 COGNOMEN'IO
2581 335 2666 390 Pll

2135 458 2188 520 Α
2213 448 2413 504 nullam
2451 447 2652 502 inferre
2681 452 2972 516 przesumat
3001 445 3301 500 molestiam
3351 450 3448 498 aut
3498 446 3798 500 contrarie-

3607 328 3795 382 ’1508

2202 546 2391 604 tatem,
2414 538 2510 592 sed
2535 537 2634 592 sub
2667 537 2813 591 omni
2843 536 3172 606 integritate,
3202 535 3340 590 sicut
3379 534 3586 590 ibidem
3624 550 3658 591 a
3704 552 3798 590 no-

2201 628 2286 683 bis
2310 641 2583 683 concessae
2611 633 2756 692 sunt,
2776 633 2830 680 et
2860 641 2891 678 a
2920 633 3106 680 nostra
3131 611 3451 680 auctoritate
3472 623 3794 681 condonata:

2199 708 2511 786 perenniter
2539 715 2612 771 ibi
2643 715 2696 770 in
2723 714 2956 770 utilitate
2974 713 3214 784 ejusdem
3236 714 3552 768 monasterii
3583 716 3795 785 absque

2203 805 2490 875 cujuslibet
2547 803 2938 875 refragatione,
2985 811 3080 858 aut
3124 801 3365 873 qualibet
3421 801 3796 872 inquietudine

2201 904 2575 968 permaneant.
2603 895 2664 951 Si
2692 895 2816 965 quis
2841 907 2971 949 vero
3001 901 3191 950 contra
3240 893 3400 964 hujus
3445 892 3618 948 nostri
3659 908 3795 962 pra:-

2203 986 2345 1054 cepti
2371 985 2721 1041 securitatem
2739 983 3048 1040 violentiam
3068 983 3308 1053 aliquam
3343 984 3422 1038 vel
3451 983 3793 1038 occasionem

2205 1074 2405 1130 inferre
2437 1074 2746 1138 tentaverit,
2783 1074 2921 1129 sciat
2945 1089 3004 1128 se
3037 1074 3461 1142 compositurum
3493 1073 3614 1128 auri
3661 1074 3792 1142 opti-

2203 1167 2279 1222 mi
2302 1165 2471 1221 libras
2493 1182 2582 1232 u,
2613 1165 2962 1220 medietatem
2982 1164 3184 1236 palatio
3211 1173 3421 1230 nostro,
3475 1173 3532 1218 et
3577 1163 3788 1218 medie—

2207 1265 2373 1314 tatem
2399 1259 2540 1328 parti
2569 1256 2807 1326 ejusdem
2846 1257 3182 1312 monasterii.
3228 1256 3297 1311 Et
3339 1264 3399 1310 ut
3446 1255 3562 1311 haec
3606 1263 3796 1310 nostra

2205 1351 2501 1406 auctoritas
2524 1348 2821 1418 pleniorem
2840 1348 2894 1402 in
2908 1347 3003 1401 Dei
3025 1347 3243 1402 nomine
3259 1347 3501 1406 obtineat
3525 1347 3794 1416 vigorem,

2207 1456 2370 1496 manu
2391 1440 2607 1510 propria
2646 1438 2833 1493 subter
2877 1436 3231 1500 ﬁrmavimus,
3285 1445 3342 1490 et
3385 1434 3571 1490 annuli
3623 1435 3797 1490 nostri

2195 1533 2562 1602 impressione
2595 1530 2860 1600 iussimus
2896 1529 3164 1600 insigniri.

2281 1624 2504 1695 Signum
2534 1622 2776 1682 Lotharii
2802 1618 3133 1676 serenissimi
3164 1617 3408 1691 Augusti.

2282 1715 2656 1770 Dructemirus
2677 1712 3041 1770 subdiaconus
3064 1719 3226 1781 atque
3249 1711 3496 1766 notarius
3516 1711 3586 1767 ad
3627 1711 3799 1767 vicem

1780 1773 2104 1878 ῗῗπξιζῗξίξξθ
2129 1797 2180 1856 Β
2207 1805 2470 1878 Algimari
2499 1805 2834 1876 recognovit.

2277 1895 2412 1952 Data
2454 1895 2630 1965 pridie
2670 1893 2849 1949 Nonas
2890 1891 3077 1957 Maias,
3103 1905 3267 1957 anno,
3296 1889 3515 1946 Christo
3541 1892 3796 1960 propitio,

2209 1990 2422 2060 imperii
2465 1989 2652 2046 damni
2705 1987 2948 2046 Lotharii
2998 1985 3074 2058 pii
3115 1985 3458 2057 imperatoris
3519 1984 3607 2048 t9.
3671 1984 3799 2038 indi-

2209 2080 2474 2230 cui:qu
2507 2172 2672 2243 Papia
2703 2171 2904 2243 palatio
2928 2170 3098 2241 regio,
3130 2169 3186 2224 in
3225 2167 3322 2222 Dei
3366 2167 3578 2221 nomine
3626 2164 3800 2220 felici-

2211 2272 2316 2320 ter.
2343 2264 2538 2320 Amen.

2870 2371 3198 2430 CCXXXVI.

2210 2529 2440 2570 υιΡιοιιΑ
2465 2527 2721 2570 ιοτιυλιιι
2749 2527 2858 2566 IIP.
2888 2524 2989 2564 PRO
3031 2522 3368 2562 HONASTERIO
3394 2520 3719 2561 LUCEILVENSI
3748 2517 3793 2558 ³.

2327 2598 2331 2601 ”
2843 2620 3018 2692 (Anno
3046 2617 3194 2686 859.)

2283 2730 2458 2805 [Apud
2486 2731 2746 2802 Neugart,
2777 2729 2955 2784 Codex
2979 2727 3368 2790 Alamannicus,
3405 2742 3528 2797 pag.
3558 2726 3687 2782 245.
3712 2755 3728 2798 ι

2280 2865 2337 2919 In
2367 2865 2584 2919 nomine
2613 2862 2825 2918 Domini
2863 2858 2990 2916 Jcsu
3038 2859 3238 2915 Christi
3287 2860 3383 2915 Dei
3431 2860 3648 2925 aeterni,
3699 2859 3802 2915 Lo-

2210 2955 2440 3019 tharius,
2473 2955 2653 3009 divina
2675 2953 2961 3008 ordinante
2982 2951 3338 3022 providentia,
3367 2951 3668 3020 imperator
3689 2951 3797 3004 Au-

2209 3055 2420 3119 gustus.
2511 3072 2514 3076 -

522 3143 666 3187 terra
698 3135 814 3188 haec
841 3143 970 3188 sunt
1000 3152 1011 3188 :
1039 3134 1106 3189 de
1134 3135 1397 3203 superiori
1423 3135 1601 3206 capite
1625 3143 1782 3204 porta
1809 3149 1930 3203 quae
1974 3133 2108 3188 dici-
2135 3143 2181 3204 (ζ
2283 3137 2505 3218 Noverit
2555 3137 2817 3192 industria
2891 3137 3133 3192 omnium
3189 3134 3428 3190 ﬁdelium
3491 3143 3800 3189 nostrorum

521 3233 608 3278 tur
638 3223 906 3289 Marenen,
947 3239 1116 3293 usque
1145 3225 1213 3278 ad
1242 3225 1432 3278 turrim
1461 3222 1629 3293 ipsius
1662 3223 2105 3288 monasterii,ubi

520 3322 604 3366 est
636 3315 930 3367 oratorium
964 3315 1018 3367 in
1050 3316 1254 3370 honore
1273 3315 1451 3369 sancti
1476 3314 1782 3384 archangeli
1803 3311 2105 3379 Michaelis,

523 3419 647 3458 cum
679 3404 1010 3473 ingressibus
1041 3413 1095 3457 et
1125 3404 1544 3474 egressibusque
1568 3403 1622 3458 in
1651 3405 1736 3457 via
1757 3403 1988 3472 publica.
2023 3403 2109 3456 ln-

522 3511 684 3564 super
709 3495 870 3548 etiam
898 3510 965 3549 ex
992 3495 1282 3550 subteriori
1308 3503 1462 3564 parte
1489 3494 1654 3548 turris
1671 3491 1784 3562 jam
1813 3493 1971 3548 dieue
2013 3507 2108 3549 us-

525 3603 632 3656 que
661 3587 933 3642 tcrritoria
965 3587 1281 3642 monasterii
1316 3601 1460 3658 saepe
1492 3586 1656 3642 dicti:
1682 3587 1751 3642 de
1793 3601 1901 3642 uno
1941 3586 2109 3647 latere

524 3690 664 3735 terra
693 3681 862 3750 ipsius
897 3682 1234 3746 monasterii,
1277 3682 1344 3737 de
1393 3681 1501 3737 alio
1547 3680 1714 3738 latere
1762 3683 1852 3736 via
1896 3681 2110 3752 publica

524 3770 687 3825 habet
713 3771 765 3824 in
800 3771 958 3842 longo
984 3772 1150 3841 pedes
1176 3786 1400 3826 numero
1434 3787 1572 3824 ωαχ
1601 3779 1657 3826 et
1689 3786 1785 3825 vni
1813 3779 1870 3826 et
1897 3771 1950 3824 in
1999 3769 2111 3824 lato

523 3862 690 3930 pedes
718 3877 868 3917 uix.
901 3861 1062 3918 Petiit
1085 3862 1251 3916 etiam
1274 3862 1621 3918 serenitatem
1645 3861 1896 3918 culminis
1937 3861 2111 3918 nostri

524 3960 585 4006 ut
610 3960 666 4006 et
698 3952 1198 4018 commutationem,
1245 3967 1411 4023 quam
1448 3961 1638 4007 nostra
1683 3952 2008 4008 auctoritate
2051 3967 2113 4008 se

524 4043 747 4114 praefata
788 4045 1082 4110 abbatissa,
1132 4060 1232 4101 nec
1287 4061 1392 4099 non
1449 4053 1505 4099 et
1551 4045 1853 4116 Teutberga
1895 4043 1965 4100 de
2025 4060 2113 4100 res

526 4145 728 4191 sanctae
757 4135 936 4191 Maria:
967 4151 1182 4205 semper
1211 4137 1438 4207 virginis
1482 4138 1548 4192 de
1591 4137 1962 4208 suprascripto
2003 4153 2115 4194 mo-

527 4229 767 4282 nasterio
792 4228 974 4282 Deado
1007 4235 1064 4283 et
1093 4229 1478 4284 monasterium
1502 4244 1720 4294 novum,
1762 4229 1905 4299 quod
1933 4237 2018 4284 est
2041 4230 2114 4285 si-

528 4329 640 4373 tum
656 4319 711 4372 in
728 4321 935 4373 honore
953 4327 1153 4374 sanctae
1172 4318 1415 4390 Agathae,
1431 4335 1723 4391 congruam
1744 4321 2115 4377 commutatio-

529 4427 652 4465 nem
679 4425 742 4465 ac
779 4409 1154 4466 rationabilem
1201 4409 1303 4465 sub
1350 4411 1603 4481 prmscnti
1657 4419 1839 4466 nostra
1879 4413 2114 4467 auctori-

2209 3229 2336 3301 quia
2375 3229 2459 3284 vir
2508 3229 2834 3284 venerabilis
2879 3227 3177 3298 Sigimarus
3221 3228 3249 3266 δ
3298 3227 3469 3282 abbas
3512 3243 3575 3280 ex
3615 3241 3805 3280 mona-

2221 3323 2388 3378 sterio
2423 3322 2567 3392 quod
2595 3322 2793 3376 dicitur
2832 3317 3109 3375 Vivarlum
3131 3319 3562 3389 peregrinorum,
3611 3319 3806 3372 situm-

2210 3427 2314 3482 que
2351 3420 2435 3467 est
2467 3413 2522 3466 in
2549 3412 2747 3466 ducatu
2776 3411 3071 3465 Alsaccnse
3097 3424 3260 3479 super
3288 3406 3511 3462 ﬂuvium
3557 3408 3801 3472 Morbac,

2209 3500 2404 3556 detulit
2435 3500 2592 3555 nobis
2621 3515 2789 3555 sacra:
2837 3500 3117 3556 memoriae
3161 3499 3420 3570 genitoris
3469 3499 3650 3553 nostri
3695 3498 3805 3551 Lu-

2211 3591 2388 3648 dovici
2414 3591 2818 3657 auctoritatem,
2847 3591 2902 3645 in
2927 3606 3035 3660 qua
3079 3599 3202 3646 erat
3257 3590 3513 3646 inscrtum
3571 3589 3810 3658 qualiter

2211 3692 2403 3738 atavus
2428 3691 2614 3738 noster
2638 3682 2922 3753 Pippinus,
2947 3683 3214 3752 quondam
3254 3697 3368 3745 rex,
3395 3689 3448 3734 et
3479 3681 3604 3751 ipse
3656 3690 3807 3750 post-

2209 3773 2432 3828 modum
2459 3773 2515 3830 in
2540 3787 2636 3828 sua
2666 3771 3005 3843 eleemosyna
3025 3772 3387 3827 concessisset
3411 3772 3808 3825 monasterium

2211 3862 2464 3918 Luciaria
2491 3872 2514 3915 ε
2545 3861 2630 3918 vel
2643 3863 2926 3919 monachis
2950 3862 3152 3918 ibidem
3175 3861 3430 3933 degentes
3457 3862 3711 3916 homines
3728 3862 3804 3916 in-

2212 3969 2417 4026 genuos
2447 3953 2686 4023 quinque
2732 3953 2817 4008 bis
2861 3953 3171 4010 nominibus
3218 3953 3571 4016 Vualdonem,
3617 3953 3806 4007 Vult‘a-

2212 4046 2375 4112 rium,
2435 4043 2729 4110 Vulﬁnum,
2800 4043 3148 4100 Vuolfoldum
3186 4052 3244 4101 et
3295 4043 3642 4109 Vulbertnm,
3680 4060 3809 4100 cum

2187 4138 2340 4194 .ﬁtiis
2361 4147 2416 4194 et
2443 4138 2678 4208 posteris
2703 4152 2914 4204 eorum,
2944 4147 3352 4195 commanentes
3393 4139 3449 4192 in
3498 4137 3621 4194 loco
3663 4155 3812 4193 nun-

2213 4237 2446 4298 cupante
2483 4228 2608 4282 villa
2637 4228 2810 4283 Eman
2843 4228 2869 4268 d
2905 4242 3068 4299 super
3096 4227 3314 4286 ﬂuvium
3346 4228 3514 4285 Riusa
3542 4239 3568 4268 ο
3597 4229 3654 4282 in
3670 4245 3815 4299 pago

2212 4320 2459 4390 Aregava
2488 4319 2758 4386 videlicet,
2786 4327 2844 4374 at
2864 4319 2994 4375 illud
3016 4319 3162 4389 quod
3193 4320 3259 4374 ad
3287 4329 3497 4390 partem
3524 4318 3812 4388 publicam

2215 4409 2396 4466 facere
2451 4419 2864 4478 consueverant,
2918 4414 2988 4467 ad
3036 4411 3353 4481 praedictum
3409 4413 3816 4466 monasterium

528 4512 639 4561 tate
665 4503 1134 4569 conlirmaremus,
1157 4518 1220 4558 ac
1249 4501 1560 4558 ﬁrmissimo
1602 4501 1726 4570 jure
1769 4519 1837 4558 ex
1882 4512 2114 4574 utraque
2137 4501 2191 4562 D
2219 4501 2495 4557 fecissent.
2520 4501 2906 4574 Prmcipientes
2935 4499 3100 4573 igitur
3135 4501 3410 4572 jubemus,
3463 4509 3572 4558 etc.
3630 4502 3701 4556 Et
3758 4515 3819 4556 ut

525 4604 682 4666 parte
705 4595 1104 4660 roboraremus,
1145 4595 1302 4650 sicuti
1344 4603 1400 4650 et
1434 4592 1680 4649 fecimus.
1728 4594 2112 4666 Prascipientes

528 4701 658 4758 ergo
685 4686 957 4757 iubemus,
989 4686 1150 4742 sicuti
1176 4696 1232 4741 et
1259 4687 1573 4757 perenniter
1593 4701 1912 4740 mansurum
1958 4686 2110 4741 volu-

530 4793 672 4844 mus,
702 4787 763 4832 ut
787 4793 946 4834 nemo
986 4775 1224 4834 ﬁdelium
1269 4785 1575 4832 nostrorum
1624 4777 1766 4847 parti
1814 4777 2113 4847 praescripti

527 4869 848 4926 ‘mmsmii
875 4869 942 4924 de
961 4869 1048 4923 his
1065 4867 1325 4924 omnibus
1364 4867 1526 4922 rebus
1581 4866 1822 4936 quolibet
1873 4875 2113 4936 tempore

601 5105 630 5134 ι
663 5090 830 5161 Typis
863 5088 1176 5161 mandatis]:
1225 5090 1280 5143 in
1303 5087 1456 5161 _.£_g_.
1507 5087 1762 5161 'l‘schud_ii
1807 5086 1980 5161 Gallia
2005 5088 2112 5142 Co-

532 5156 855 5232 matafpag.
882 5159 1205 5232 M_9,_atque_
1231 5175 1262 5212 a
1290 5156 1830 5232 Quillimanno,_Rer.
1857 5156 2062 5210 Helvet.
2100 5197 2115 5224 ,

535 5237 628 5290 lib.
663 5226 752 5308 ut,
777 5226 898 5302 cap.
922 5226 1269 5308 ;‘Lunigio,
1302 5226 1782 5308 Spi‘cilegz‘eccltes.
1802 5267 1829 5308 .,
1861 5235 2001 5308 part.
2031 5243 2112 5292 Ill,

531 5321 654 5372 cap.
687 5294 743 5367 5,
765 5294 888 5373 pag.
909 5294 1045 5388 ‘178;
1078 5294 1358 5380 Bouquoeto‘
1377 5294 1670 5376 iter.'G.all.
1698 5294 1896 5365 Script.
1936 5337 1951 5362 ,
1980 5305 2113 5379 tom.

535 5375 669 5439 Vlll,
699 5389 823 5444 pag.
855 5373 990 5439 366;
1018 5371 1364 5440 Schmpthne,
1395 5369 1498 5424 loc.
1530 5377 1623 5422 cit.
1654 5407 1669 5432 ,
1696 5383 1762 5423 ex
1807 5369 2117 5424 authentico

535 5444 895 5498 Murbacensi.

608 5514 636 5554 δ
659 5512 960 5583 Sigimarus
986 5511 1354 5583 Murbaccnsis
1384 5508 1699 5583 iucatalogo
1732 5508 1986 5583 abbatum
2015 5511 2113 5564 hu-

535 5579 620 5647 ius
649 5577 979 5639 monasterii.
1005 5598 1166 5652 quem
1199 5584 1255 5636 Ρ.
1289 5579 1576 5636 Bucelinus
1604 5577 1788 5636 Germ.
1821 5577 1943 5635 Sac.
1971 5591 2112 5651 part.

2213 4593 2330 4648 ιιωο
2361 4594 2658 4650 auctoritas
2681 4602 2863 4650 nostra
2890 4593 3097 4650 ﬁrmior
3116 4605 3178 4649 et
3198 4609 3295 4664 per
3316 4593 3499 4649 futura
3553 4604 3816 4664 tempera

2215 4685 2407 4740 melius
2427 4671 2796 4755 conservetur,
2811 4685 2877 4741 de
2895 4685 3097 4741 annulo
3124 4692 3312 4740 nostro
3328 4684 3517 4740 subter
3533 4686 3816 4757 iussimus

2213 4775 2456 4846 sigillari.

2288 4867 2592 4922 Eichardus
2615 4868 2690 4923 ad
2711 4867 2880 4926 vicem
2912 4867 3175 4938 Agilmari
3203 4879 3516 4938 recogito“.

2215 5104 2276 5152 ιι,
2302 5103 2423 5158 pag.
2449 5089 2574 5149 258,
2608 5105 2672 5143 ex
2707 5089 2921 5144 schedia
2943 5089 3046 5144 sibi
3077 5087 3494 5143 communicatis
3535 5086 3822 5157 vulgavit,

2213 5174 2498 5228 perperam
2546 5159 2744 5214 ibidem
2793 5159 2970 5214 dictus
3020 5158 3417 5229 Sigismundus,
3471 5165 3634 5214 sexto
3688 5159 3826 5214 tow

2215 5229 2493 5297 ponendus
2521 5236 2624 5284 est.

2288 5309 2312 5337 ε
2342 5298 2608 5354 Lucerna.

2286 5367 2314 5408 ἀ
2339 5367 2468 5439 Leg.
2492 5370 2662 5423 Eman
2687 5367 2799 5440 (die,
2819 5366 3071 5438 Emmat),
3099 5367 3311 5440 Emma,
3333 5367 3609 5434 Emmeta,
3635 5370 3826 5438 major

2219 5447 2275 5494 et
2298 5438 2494 5505 miner,
2526 5441 2580 5510 in
2619 5438 2757 5510 pago
2783 5438 3134 5510 Lucernensi.

2297 5522 2320 5550 ε
2348 5511 2478 5578 Leg.
2517 5508 2706 5574 Ruﬁn,
2727 5510 2811 5563 vel
2836 5509 3002 5572 Ruso,
3037 5517 3099 5560 ut
3139 5508 3386 5578 legerunt
3415 5508 3744 5566 Tachudius
3773 5521 3828 5565 et

2221 5577 2645 5644 Guillimannus;
2676 5581 2831 5652 vulgo
2849 5581 2933 5633 die
2957 5578 3107 5644 Risit,
3140 5577 3325 5633 Retia.
