4006 6178
342 370 480 426 i509

1773 366 2151 427 EPISTOLE.

3450 355 3583 413 ιω.

406 481 539 535 Data
568 496 658 535 vin
683 480 907 539 Kalend.
938 481 1191 553 Augusti,
1223 498 1387 547 anno,
1415 479 1633 555 Christo
1646 482 1901 552 propitio,
1931 484 1985 544 Α
2006 480 2044 535 3
2084 479 2134 531 δ.
2164 476 2358 535 Actum
2387 476 2646 537 Strazbur
2686 475 2904 532 civitate
2928 474 2987 531 in
3014 474 3109 533 Dei
3154 473 3371 530 nomine
3415 474 3589 535 [ὠσὶν

339 566 547 641 imperii
584 568 767 635 domui
801 570 1042 627 Lotharii
1078 569 1155 639 pii
1180 570 1521 640 imperatoris
1542 568 1606 625 2i
1640 582 1691 637 ει,
1714 569 1902 625 indici.

404 711 431 784 ξ
457 699 603 784 Anni
624 702 776 772 regni
800 700 1113 784 Lothariaui
1153 701 1208 755 in
1232 699 1385 783 italia
1430 700 1500 784 ab
1526 714 1615 784 an_.
1796 717 1908 784 Are-

333 778 608 837 petuntur,
632 771 742 839 quo
788 786 972 843 regem
1023 772 1181 829 istius
1220 772 1519 842 provincia
1566 771 1906 827 declat-anim

332 851 452 923 esse
478 839 795 923 botharium
817 857 1043 923 necesse
1066 848 1184 923 cs_t_;
1221 856 1344 897 cum
1376 842 1434 923 in
1473 841 1613 923 aliis"
1640 841 1904 923 diploma:

335 905 477 962 tibus
506 907 672 983 hujus
687 910 1049 983 imperatoris,
1071 905 1177 983 ubi
1193 926 1387 983 annus
1405 910 1617 980 imperii
1652 905 1715 964 et
1752 911 1904 983 regni

333 979 620 1045 separatim
641 978 1005 1048 designantur,
1031 980 1118 1036 hic
1154 980 1428 1035 vicenario
1479 978 1704 1034 numero
1755 978 1906 1033 illum

332 1060 548 1117 semper
582 1051 828 1117 excedat,
850 1051 1098 1121 quamvis
1129 1051 1276 1106 enim
1313 1048 1661 1106 Bernhardus
1696 1048 1907 1118 Lange-

2012 578 2117 627 ter.
2146 568 2345 625 Amen.

2009 700 2305 756 bardorum
2337 714 2430 755 rex
2452 700 2564 769 jam
2590 713 2732 754 anno
2755 697 2858 756 818
2879 697 3227 769 οιὶῐθήῑιηοη
3251 694 3589 769 tamenillico

2008 766 2733 852 meummeum.
2774 768 2895 852 sie
2950 767 3206 852 ρειηίδιξξ.
3496 776 3591 852 λιιι

2006 835 2563 919 conjicitAChiylgtius
2597 839 2651 919 ig
2683 835 3091 919 probationibus
3121 835 3300 919 Ill.i_st._
3326 835 3586 919 Toruucr,

2007 902 2485 988 pag-526%
2520 910 2585 988 de
2608 902 2766 988 Saint
2794 906 2964 988 itach
2998 902 3212 988 Abrégé;
3252 902 3582 988 chronologi—

2010 972 2109 1050 ἱ]υὲ
2128 977 2190 1032 de
2227 978 2473 1032 Phistoire
2494 976 2733 1048 generale
2777 972 3010 1040 d‘Italie,
3036 972 3168 1029 toni.
3190 972 3232 1041 1,
3278 989 3399 1046 pag.
3460 972 3584 1027 467.

2012 1074 2019 1079 ε
2080 1048 2112 1088 ιι
2138 1048 2362 1104 lndictio
2387 1049 2423 1102 ὅ
2444 1047 2734 1117 respondet
2768 1060 2909 1101 anno
2935 1045 3061 1102 8&0.
3102 1060 3105 1063 '

2012 1074 2019 1079 '
2083 1062 2112 1088 ⁵
2138 1062 2362 1102 rumeno
2387 1062 2423 1102 ὂ
2444 1062 2639 1102 ηεοοη

952 1250 1711 1455 LUDOVICI
1807 1308 2017 1433 PII
2127 1306 2982 1503 EPISTOLIE.

1790 1520 2168 1541 σφάξ’-ὖ*

823 1614 1151 1672 EPISTULA
1189 1610 1403 1668 PRIMA

375 1744 608 1789 LUDOV'lCl
649 1742 716 1782 AD
754 1740 970 1791 IAGNUH
1008 1716 1458 1779 ARCHIEPISCOPCI
1498 1734 1854 1776 SENONENSEI.

334 1822 496 1875 Mittit
547 1813 836 1887 exemplum
867 1814 1117 1887 {regum
1148 1814 1539 1887 Διειιηοηὶεορνιηη
1584 1811 1803 1866 deorsus
1846 1811 1902 1865 in
1931 1811 1963 1873 ἦ

756 1882 998 1940 εοηείίίό
1023 1882 1453 1954 Aquisgrauensi.

866 1965 870 1968 ⁴
940 1972 1124 2045 (Auno
1157 1972 1306 2044 816.)

561 2065 795 2140 [Baluz.,
820 2062 1075 2135 Capitul.,
1107 2070 1239 2119 tom.
1272 2058 1315 2130 l,
1346 2077 1470 2134 pag.
1502 2059 1654 2133 «ιδ-1.]

398 2158 839 2217 Cloriosissimus
862 2154 1188 2216 Ludovicus.
1218 2168 1453 2224 superno
1479 2168 1704 2209 munere
1732 2154 1905 2210 victor

331 2264 540 2319 semper
571 2247 866 2318 Augustus,
893 2242 1189 2299 venerabili
1221 2244 1272 2297 in
1301 2243 1520 2299 Christo
1551 2243 1760 2315 Magno,
1801 2242 1903 2299 Se-

332 2340 538 2394 nonicae
565 2337 718 2392 urbis
740 2333 1170 2403 archiepiscopo,
1200 2334 1257 2387 in
1281 2332 1510 2388 Domino
1534 2333 1783 2387 salutem.

401 2432 553 2488 Sicut
597 2429 751 2485 vobis
798 2427 1109 2497 nuperrime
1139 2426 1194 2480 in
1223 2439 1379 2480 sacro
1404 2432 1705 2490 conventu,
1744 2438 1905 2494 quem

333 2525 443 2582 Deo
495 2529 767 2579 annuente
824 2519 1154 2590 Aquisgrani
1203 2518 1406 2589 palatio
1450 2516 1859 2591 aggregavimus
1887 2556 1903 2582 ,

332 2615 421 2669 ubi
449 2612 637 2678 multa,
662 2609 877 2666 favente
900 2607 1117 2661 Christo
1142 2605 1531 2674 ecclesiastice,
1578 2607 1688 2662 imo
1719 2606 1908 2663 catho-

332 2703 469 2769 lice,
495 2704 802 2764 acta'sunt,
834 2696 1179 2752 meminimus
1217 2696 1566 2767 promisisse,
1614 2696 1860 2752 misimus
1888 2692 1905 2763 ‘,

332 2803 437 2849 tua:
483 2791 805 2848 venerandae
852 2786 1164 2857 pateruitati
1226 2796 1324 2855 per
1372 2795 1664 2856 praesentes
1712 2786 1910 2843 missos

333 2893 565 2949 nostros,
593 2878 1009 2938 Ermenfredum
1046 2877 1297 2934 videlicet
1328 2887 1386 2934 et
1414 2877 1766 2951 iiaymonem',
1792 2877 1905 2933 fori

332 2974 533 3028 mulam
595 2972 869 3029 canonica:
928 2968 1285 3024 institutionis
1340 2982 1503 3038 quam
1557 2968 1699 3024 idem
1748 2962 1908 3023 sacer

331 3073 627 3121 conventus
672 3078 740 3119 ex
781 3069 1094 3117 sanctorum
1139 3058 1360 3115 Patrum
1415 3060 1644 3131 sparsim
1684 3059 1908 3130 digestis

2010 1608 2147 1665 Nam
2174 1620 2231 1666 et
2270 1619 2419 1665 tuam
2456 1606 2807 1664 nihilominus
2852 1607 3131 1679 providam
3178 1608 3424 1664 volumus
3466 1624 3589 1666 esse

2004 1694 2415 1765 beatitudinem,
2432 1704 2492 1753 ut
2509 1702 2629 1754 eam
2645 1698 2831 1755 selertl
2844 1713 2973 1754 cura
2987 1698 3229 1768 pmdicﬁ
3241 1699 3392 1754 missi
3410 1702 3582 1754 nostri

2005 1790 2216 1857 omnes,
2244 1797 2406 1861 prout
2435 1789 2815 1855 insinuaveris,
2847 1789 3215 1845 transcribere
3252 1790 3457 1859 absque
3483 1791 3586 1845 ulla

2007 1881 2389 1952 depravatione
2432 1890 2490 1937 et
2541 1880 2955 1938 detruncatione
3007 1878 3412 1952 praemoneaut;
3457 1898 3589 1953 quo-

2006 1971 2152 2026 niam
2200 1969 2434 2041 qualiter
2482 1970 2767 2043 diligenter
2813 1971 3161 2040 studioseque
3190 2012 3205 2037 ,
3253 1970 3507 2029 distincte
3535 1984 3590 2029 et

2006 2066 2194 2135 aperte
2223 2063 2621 2121 transcribatur
2646 2104 2661 2130 ,
2693 2061 2813 2119 illos
2859 2064 2993 2118 satis
3039 2064 3387 2120 instituimus.
3420 2063 3586 2134 Cujus

2005 2164 2201 2225 nempe
2244 2155 2522 2226 exemplar
2572 2152 2776 2210 idcirco
2828 2155 2883 2210 in
2937 2157 3175 2210 armario
3201 2154 3385 2226 palatii
3417 2159 3586 2212 nostri

2005 2241 2226 2300 recondi
2275 2241 2541 2310 fecimus,
2592 2250 2655 2298 ut
2700 2257 2801 2313 per
2845 2244 2949 2300 hoc
3003 2230 3165 2299 nosse
3208 2252 3265 2299 et
3313 2240 3590 2315 inquirere

1984 2342 2289 2402 possemus
2322 2340 2578 2386 utrumne
2601 2331 2669 2386 ab
2696 2331 2877 2401 alitiue‘
2904 2331 3241 2402 negligenter
3262 2333 3587 2404 transcripta

2007 2421 2203 2488 fuerit;
2242 2421 2367 2489 quia
2394 2461 2409 2486 ,
2443 2427 2506 2475 ut
2534 2423 2932 2490 comperimus,
2974 2422 3101 2476 dum
3129 2421 3184 2475 in
3212 2421 3402 2476 eodem
3431 2436 3586 2478 sacro

2006 2511 2236 2567 concilio
2274 2509 2677 2582 perlegeretur,
2735 2518 3025 2582 antequam
3070 2524 3252 2567 coram
3308 2513 3464 2568 nobis
3517 2514 3586 2569 ab

2007 2598 2196 2656 eodem
2227 2599 2456 2655 Concilio
2477 2596 2688 2671 prolata
2715 2641 2729 2665 ,
2760 2608 2815 2655 et
2840 2600 3069 2655 necdum
3098 2610 3351 2656 mensura
3387 2596 3493 2657 cibi
3535 2610 3591 2659 et

2005 2696 2165 2761 potus
2197 2689 2355 2761 plane
2397 2697 2598 2745 statuta
2635 2687 2828 2746 fuisset
2851 2732 2866 2756 ,
2909 2684 3073 2746 invidi
3104 2688 3299 2762 magna
3338 2704 3405 2746 ex
3431 2690 3589 2762 parte

2008 2776 2156 2836 illam
2183 2776 2566 2837 detruncantes
2588 2821 2604 2848 ,
2641 2778 2889 2852 quzedam
2917 2781 3150 2855 capitula
3182 2782 3481 2838 incensulte
3514 2788 3584 2838 ex

2008 2884 2072 2927 ea
2115 2871 2593 2942 tranécripserunt.
2628 2871 2783 2929 Unde
2822 2878 3048 2929 necesse
3075 2882 3158 2929 est
3188 2881 3249 2929 ut
3275 2875 3321 2929 si
3347 2874 3581 2945 aliquem

2004 2960 2065 3018 in
2089 2970 2181 3018 tua
2198 2962 2427 3020 'ditecesi
2460 2962 2566 3019 tale
2612 2962 2808 3020 fecisse
2855 2965 3124 3035 repereris
3153 3008 3169 3032 ,
3210 2966 3582 3037 hujuscemodi

2008 3048 2212 3106 factum
2255 3063 2437 3107 coram
2482 3052 2895 3123 previncialium
2940 3064 3156 3123 tuorum
3210 3056 3580 3126 episcoporum

332 3152 621 3207 sententiis
670 3151 929 3223 colligere
967 3159 1131 3221 atque
1160 3151 1216 3205 in
1257 3164 1426 3205 unum
1448 3161 1764 3221 'congerere
1791 3157 1907 3204 stu-

2009 3148 2276 3197 couveutu
2304 3164 2331 3208 ,⁴
2373 3149 2429 3197 et
2484 3121 2673 3198 coram
2731 3121 3061 3214 praescriptis
3107 3121 3290 3200 missis
3336 3121 3538 3200 nostris
3572 3184 3586 3210 .

333 3243 448 3297 duit
487 3260 500 3296 :
531 3257 692 3311 quam
721 3242 848 3311 quia
873 3239 1031 3297 vobis
1062 3240 1458 3296 transcribendi
1488 3241 1736 3311 angustia
1767 3249 1903 3295 tem-

328 3333 479 3403 poris
515 3332 826 3388 facultatem
859 3332 1145 3404 denegavit
1170 3332 1371 3399 ,studii
1417 3330 1590 3388 nostri
1640 3330 1755 3387 fuit.
1787 3342 1908 3393 eam

332 3424 621 3495 diligenter
666 3423 955 3480 transcribi
995 3423 1189 3497 jubere
1215 3466 1231 3491 ,
1260 3432 1323 3479 ut
1349 3426 1553 3495 absque
1577 3424 1685 3479 ulla
1716 3424 1909 3493 depra-

329 3516 549 3571 vatione
575 3523 671 3571 aut
702 3516 1118 3593 detruncatlone
1140 3523 1323 3572 textus
1365 3514 1485 3584 ejus
1520 3517 1587 3571 ad
1610 3528 1708 3570 vos
1736 3526 1910 3584 usque

331 3607 617 3662 incolumis
650 3605 1004 3677 perferretur.
1033 3605 1283 3660 Proinde
1304 3606 1405 3659 has
1427 3604 1639 3660 litteras
1664 3607 1732 3659 ad
1760 3615 1906 3659 tuam

331 3696 631 3751 direximus
659 3692 1022 3758 sanctitatem,
1048 3705 1152 3758 per
1176 3704 1315 3760 quas
1332 3690 1585 3758 iubemus
1610 3697 1685 3745 ut
1702 3706 1910 3745 memor

333 3782 717 3839 admonitionis
755 3788 958 3836 nostra:
984 3821 1000 3845 ,
1053 3778 1418 3852 suﬂ'raganeos
1460 3788 1565 3836 ture
1612 3779 1909 3837 diceceseos

332 3875 451 3928 loco
481 3881 536 3928 et
587 3880 829 3941 tempore
877 3871 1207 3947 competenti
1255 3868 1324 3926 ad
1357 3878 1412 3926 te
1447 3884 1746 3927 convocare
1797 3864 1910 3927 stu-

333 3963 484 4026 deas,
514 3969 570 4016 et
598 3960 845 4015 eamdem
865 3959 1265 4015 lnstltutionem
1290 3962 1388 4032 per
1411 3960 1623 4033 singula
1674 3962 1908 4032 capitula

333 4066 516 4106 coram
574 4049 961 4106 ecclesiasticis
1005 4049 1292 4106 ordinibus
1333 4051 1552 4124 praeth
1599 4050 1767 4109 facias
1798 4095 1814 4120 ,
1854 4062 1911 4110 et

333 4139 567 4209 qualiter
595 4154 714 4197 eam
740 4155 896 4196 sacer
924 4150 1223 4196 conventus
1248 4142 1318 4197 ob
1340 4143 1764 4198 emolumentum
1794 4144 1909 4200 ani-

336 4244 546 4284 marum
576 4230 848 4285 instruere
868 4230 1165 4287 saiubriter‘
1193 4233 1480 4297 curaverit,
1510 4241 1759 4303 patenter
1782 4234 1910 4290 edo-

334 4330 570 4383 ceas,et
613 4321 700 4375 his
747 4321 842 4391 qui
888 4322 1167 4378 canonica:
1219 4322 1571 4391 professionis
1619 4332 1910 4381 censentur

334 4409 573 4476 nomine,
616 4411 911 4466 secundum
939 4410 1299 4468 ministerium
1334 4413 1432 4469 tibi
1456 4415 1712 4471 divinitus
1746 4415 1909 4471 colla-

336 4510 471 4567 tum,
500 4510 554 4555 et
580 4510 781 4557 nostra:
810 4503 1148 4560 auctoritatis
1174 4513 1500 4576 praeceptum
1525 4548 1541 4574 ,
1574 4521 1755 4563 coram
1795 4523 1910 4563 me—

335 4593 561 4647 moratis
610 4593 797 4649 missis
855 4594 1057 4650 nostris
1124 4595 1512 4652 observandam
1564 4583 1903 4668 percenseas.

334 4681 536 4735 Eorum
576 4690 757 4738 autem
791 4683 884 4753 qui
934 4684 1193 4740 tardioris
1237 4691 1364 4740 sunt
1407 4687 1642 4758 ingenii,
1698 4697 1754 4742 et
1787 4703 1908 4743 eam

334 4772 475 4827 forte
506 4772 665 4843 plene
691 4774 992 4845 intelligere
1035 4784 1340 4845 nequeunt,
1385 4785 1479 4833 tuo
1521 4778 1634 4833 sive
1661 4794 1909 4850 compro-

332 4852 646 4921 vincialium
677 4872 891 4921 tuorum
930 4866 1306 4935 episcoporum
1349 4867 1493 4922 dono
1520 4868 1762 4923 scientiae
1789 4869 1907 4940 pol-

335 4956 558 5011 lentium
596 4956 808 5023 studio,
854 4956 972 5027 ejus
1005 4954 1199 5011 notitia
1232 4957 1481 5012 sensibus
1536 4954 1903 5027 perfundatur.

404 5116 432 5144 ι
474 5102 922 5177 Ταωημιιιάεὼίιθ
962 5106 1221 5164 Ludovici
1259 5105 1341 5161 Pii
1388 5107 1670 5162 consilium
1703 5147 1718 5172 ,
1765 5110 1909 5177 quod

338 5182 591 5246 auctores
619 5173 829 5246 illorum
850 5184 1148 5244 temporum
1176 5190 1518 5246 summopere
1544 5173 1905 5244 celebrarunt,

336 5243 446 5319 alii,
478 5258 538 5298 rc
593 5244 769 5319 minus
819 5243 1159 5319 considerata
1188 5287 1204 5312 ,
1244 5243 1609 5319 reprobarunt
1643 5248 1909 5319 posterio-

337 5313 765 5385 ribussazculis;
815 5322 872 5385 et
912 5321 974 5367 ut
1014 5315 1257 5385 opinioni
1302 5313 1413 5370 sua:
1449 5313 1712 5385 potiorem
1745 5318 1907 5372 fidem

335 5383 717 5457 conciliarent,
745 5383 967 5457 quidam
1012 5383 1287 5457 tinxerunt
1323 5383 1510 5457 vocem
1550 5387 1749 5457 insigni
1779 5402 1907 5457 pro-

337 5451 483 5525 digio
521 5451 732 5525 coalitus
765 5451 959 5509 eidem
988 5452 1367 5525 _e_xprobras_se
1407 5451 1687 5512 Ludovico
1702 5495 1718 5520 ,
1765 5451 1906 5525 quod

338 5520 604 5595 Ecclesia:
620 5538 885 5595 venenum
904 5592 915 5595 Α
935 5520 1249 5595 addidisset.
1279 5521 1616 5595 Quapropter
1658 5520 1906 5595 Coitftius

338 5592 606 5665 anno8l7
635 5633 649 5657 ,
678 5606 826 5665 num.
844 5592 958 5665 A140
990 5601 1045 5647 et
1072 5607 1248 5665 seqq_.,
1271 5592 1544 5648 examinat
1563 5594 1687 5665 quid
1715 5593 1905 5651 Petrus

339 5661 606 5734 Damiani,
630 5663 720 5734 qui
748 5663 969 5734 scripsit
992 5662 1309 5734 opusculum
1342 5678 1472 5734 xxiv
1509 5661 1696 5719 contra
1745 5679 1906 5719 cano-

338 5730 508 5791 uicos.
538 5734 625 5801 qui
652 5730 785 5788 licet
831 5730 882 5786 in
933 5730 1216 5789 commune
1264 5731 1524 5788 fructibus
1551 5734 1902 5790 ecclesiarum

2008 3230 2290 3288 frustreris
2316 3273 2331 3299 ,
2360 3240 2418 3287 et
2449 3231 2593 3289 hanc
2617 3234 2987 3289 authenticam
3013 3276 3028 3300 ,
3078 3242 3140 3290 ut
3178 3234 3538 3305 praemisimus
3564 3277 3578 3300 ,

2009 3319 2333 3391 diligenter,
2381 3322 2522 3378 sicut
2568 3320 2741 3378 ‘missi
2792 3322 2968 3379 nostri
3018 3323 3097 3380 eis
3139 3322 3584 3389 insinuaverint,

2011 3409 2301 3466 transcribi
2320 3406 2664 3481 percenseas.
2698 3408 2960 3468 Volumus
2986 3422 3118 3482 ergo
3140 3420 3203 3468 ut
3237 3428 3427 3469 omnes
3447 3429 3586 3485 pra:-

2009 3498 2103 3552 tati
2131 3500 2515 3555 canonicorum
2542 3499 2829 3571 diligenter
2852 3498 3009 3555 illam
3026 3502 3417 3567 transcribant,
3472 3509 3585 3556 stu-

2009 3589 2161 3644 diose
2186 3590 2505 3660 intelligant,
2536 3589 2849 3652 efficaciter,
2899 3600 3160 3659 quantum
3203 3591 3464 3647 Dominus
3508 3592 3589 3647 cii

2008 3684 2171 3746 posse
2211 3677 2422 3733 dederit
2444 3719 2460 3743 ,
2506 3680 2579 3734 ob
2617 3688 2772 3734 suam
2811 3680 3257 3750 subditoruqu
3297 3682 3587 3737 utilitatem

2010 3780 2175 3836 opere
2211 3766 2508 3838 adimplere
2547 3776 2883 3839 procurent;
2925 3777 2988 3824 ut
3018 3771 3236 3840 quando
3262 3786 3365 3827 nos
3388 3811 3404 3837 ,
3446 3772 3590 3827 sicut

2008 3860 2067 3915 in
2115 3863 2303 3916 eorum
2349 3872 2509 3918 sacro
2540 3869 2598 3918 et
2636 3863 2933 3919 venerabili
2990 3864 3220 3920 concilio
3262 3867 3590 3937 generaliter

2007 3950 2261 4007 omnibus
2293 3950 2548 4019 diximus,
2581 3952 2778 4008 missos
2818 3961 3036 4010 nostros
3068 3955 3227 4023 hujus
3251 3958 3453 4029 negotii
3504 3959 3588 4014 in-

2010 4038 2259 4109 quirendi
2292 4042 2466 4113 gratis
2492 4054 2592 4113 per
2621 4041 2931 4099 universum
2980 4045 3266 4116 imperium
3298 4056 3540 4104 noStmm
3568 4092 3584 4118 ,

2010 4130 2265 4187 Kalendis
2291 4132 2626 4202 Septembris
2649 4134 2924 4201 venturis,
2960 4134 3337 4203 direxerimus,
3374 4154 3583 4205 omnes,

2008 4220 2218 4290 palati
2261 4221 2513 4278 videlicet
2558 4234 2616 4277 et
2650 4221 2881 4290 subditi,
2936 4222 3091 4294 juxta
3138 4227 3494 4295 capacitatem
3532 4238 3587 4283 et

2009 4308 2427 4378 possibilitatem
2456 4324 2611 4366 suam
2635 4350 2650 4377 ,
2676 4312 2867 4367 eadem
2914 4312 3272 4369 instrectlone
3312 4315 3585 4372 infamati

2017 4409 2178 4472 atque
2240 4403 2489 4458 iustntcti
2514 4444 2530 4469 ,
2590 4401 2831 4471 ejusdem
2874 4412 3193 4474 operatores
3244 4407 3587 4462 inveniantur

2010 4492 2236 4547 strenui.
2258 4491 2525 4559 Quoniam
2550 4492 2793 4563 diligenti
2821 4492 3096 4565 indagine,
3120 4495 3233 4549 vita
3257 4496 3474 4560 comite,
3504 4497 3584 4550 iu-

2009 4580 2224 4651 quirere
2249 4580 2560 4651 jubebimus
2584 4580 2821 4651 qualiter
2854 4583 3223 4654 unusquisque
3242 4585 3583 4655 praelatorum

2008 4673 2368 4729 ministerium
2398 4688 2554 4729 suum
2582 4674 2837 4745 expleat,
2874 4677 3107 4752 qualiter
3127 4677 3357 4747 iussioni
3386 4688 3583 4735 nostrae

2009 4769 2064 4823 in
2089 4768 2343 4824 claustris
2367 4776 2423 4824 et
2447 4769 2658 4824 ceteris
2694 4770 3080 4825 canonicorum
3115 4774 3444 4829 necessariis
3481 4774 3577 4828 hac

2008 4859 2365 4914 bitationibus
2388 4899 2403 4918 .
2432 4867 2487 4914 et
2514 4860 2569 4913 in
2612 4874 2800 4914 eorum
2829 4862 3113 4930 stipendiis
3140 4863 3332 4918 dandis
3358 4903 3372 4927 ,
3405 4872 3460 4918 et
3496 4879 3582 4919 re-

2008 4947 2303 5018 ceptaculis
2341 4962 2634 5018 pauperum
2677 4951 3043 5021 praeparandis
3068 4952 3583 5022 obtemperaverint,

2008 5108 2313 5179 alerentur,
2336 5108 2625 5179 pecuniam
2662 5108 2880 5179 aliaque
2909 5111 3050 5167 bona
3077 5124 3320 5165 seorsum
3344 5109 3585 5179 posside-

2008 5179 2170 5242 bant;
2220 5178 2348 5248 quid
2386 5177 2630 5249 Joannes
2650 5248 2657 5249 ί
2678 5177 3006 5249 Mauburuus
3030 5219 3046 5243 ,
3090 5179 3187 5249 qui
3249 5177 3582 5249 Livriacensi

2009 5246 2337 5303 monasterio
2368 5248 2618 5302 ditecesis
2645 5246 2964 5303 Parisiensis
3001 5246 3229 5318 prmerat
3245 5262 3395 5318 anno
3422 5246 3587 5315 1500,

2008 5318 2063 5372 in
2093 5318 2334 5388 regulam
2367 5318 2859 5388 Aquisgranensem
2890 5326 2944 5388 et
2970 5316 3022 5369 in
3047 5318 3221 5386 ipsum
3244 5316 3583 5388 Ludovicum

2008 5387 2227 5456 scripsit
2258 5404 2272 5441 :
2306 5400 2510 5455 eosque
2555 5387 2661 5441 hac
2698 5388 2756 5456 in
2790 5402 2851 5440 re
2893 5387 3149 5456 deceptos
3178 5398 3300 5441 esse
3316 5387 3583 5451 ostendit,

2008 5466 2067 5511 ut
2096 5454 2294 5528 ibidem
2323 5454 2511 5528 legere
2526 5464 2631 5511 est.
2656 5455 2791 5528 Vide
2811 5454 3222 5528 etiamPagium
3246 5456 3315 5528 ad
3344 5459 3582 5521 an.8lti,

2009 5541 2156 5581 num.
2188 5524 2256 5580 16
2278 5530 2337 5598 et
2367 5524 2453 5598 {:I.
2486 5525 2629 5598 Duas
2652 5525 2787 5580 alias
2816 5524 3163 5598 epistolas'de
3193 5525 3381 5598 eodem
3427 5544 3578 5598 argu-

2006 5603 2189 5668 mento
2217 5594 2703 5668 misit_Ludovicus
2730 5636 2748 5668 ,_
2781 5593 3004 5668 alteram
3044 5593 3295 5668 Siebario
3332 5593 3575 5668 ,arcbiép.

2007 5665 2385 5735 Burdegalensi
2452 5680 2551 5734 per
2618 5664 3007 5735 Adalelrnum,
3075 5665 3297 5721 alteram
3371 5664 3583 5723 Antoni

2008 5733 2241 5805 archiep.
2287 5733 2663 5807 Salzburgensi
2693 5752 2788 5805 per
2819 5733 3136 5793 Nothnncm.

2806 5828 2843 5845 θ
