4048 6182
471 383 601 438 45η

1570 374 1890 432 LUDOVICI
1928 375 1948 429 l
1987 373 2455 432 COGNOMENTO
2492 378 2574 433 Pll

3583 381 3728 435 1512

467 502 554 556 vel
583 500 707 570 quis
731 496 934 553 clerum
971 508 1128 551 suum
1156 493 1452 549 secundum
1494 489 1653 559 huius
1693 487 2046 546 institutionis
2073 489 2123 548 Α
2147 496 2208 543 ut
2257 489 2492 544 sciamus
2551 492 2750 562 quibus
2821 494 3116 563 gratiarum
3170 494 3414 550 actiones
3476 493 3689 550 referre
3715 536 3729 558 ,

468 605 714 648 normam
761 596 818 643 et
858 594 1054 642 caetera
1118 582 1384 656 spiritalia
1442 581 1700 638 exercitia
1749 580 2046 636 informare

468 681 774 744 studuerit,
805 685 899 734 aut
924 679 968 732 si
999 677 1123 747 quis
1143 691 1305 746 quem
1334 689 1521 731 eorum
1553 687 1690 743 quos
1720 672 1776 727 in
1800 671 1898 726 Dei
1927 683 2044 726 ser-

467 774 598 830 vitio
627 769 1020 828 rationabiliter
1045 767 1350 837 gubernare
1374 763 1586 836 potuit,
1612 777 1777 817 causa
1802 759 2045 822 avaritia:

468 863 730 933 abiecerit
779 880 792 915 :
825 862 949 931 quia
974 868 1034 915 ut
1070 860 1188 914 hac
1231 873 1353 927 quae
1401 855 1763 927 praemisimus
1785 894 1800 917 ,
1838 851 2045 922 absque

465 953 628 1010 ullius
684 951 1017 1008 diﬂicultatis
1064 948 1404 1020 oppositione
1429 986 1446 1012 ,
1482 945 1536 1000 in
1577 945 1710 1000 locis
1752 944 1810 998 in
1849 942 2046 1013 quibus

467 1048 612 1102 facta
640 1046 869 1104 necdum
907 1051 1063 1098 erant
1085 1083 1100 1109 ,
1143 1041 1261 1095 fieri
1301 1036 1755 1110 Opportunissime
1787 1041 2043 1105 possent,

466 1140 625 1193 unius
653 1135 777 1190 anni
804 1133 1036 1204 spatium
1061 1173 1076 1196 ,
1129 1132 1271 1186 sicut
1313 1129 1478 1194 nosti,
1506 1129 1573 1182 ad
1597 1128 1713 1183 haec
1740 1123 2046 1198 peragenda

469 1226 777 1281 tribuimus.
820 1222 924 1288 Qui
977 1235 1108 1276 vero
1160 1220 1264 1274 hoc
1309 1233 1492 1272 annuo
1522 1225 1766 1285 tempore
1805 1222 2006 1268 nostrae
2030 1251 2045 1278 ,

468 1317 685 1383 imoque
737 1313 831 1367 Dei
869 1309 1125 1381 iussioni,
1169 1309 1322 1380 juxta
1359 1309 1506 1363 vires
1544 1309 1919 1377 obtemperare
1956 1321 2052 1360 ne-

468 1406 712 1478 glexerit,
743 1403 987 1469 caeteris,
1020 1417 1091 1458 ne
1121 1401 1249 1457 talia
1277 1400 1456 1455 facere
1482 1400 1753 1462 audeant,
1784 1405 2048 1452 terrorem

468 1496 666 1568 procul
691 1494 854 1549 dubio
894 1493 1136 1548 incutiet.
1190 1491 1433 1546 Misimus
1477 1489 1662 1558 itaque
1696 1488 1792 1542 tibi
1829 1487 2047 1541 institu-

468 1585 630 1641 tionis
688 1581 922 1639 formam
955 1598 1116 1653 quam
1170 1581 1317 1636 idem
1370 1594 1585 1647 sacrum
1639 1587 1698 1633 et
1744 1577 2050 1633 venerabile

469 1675 758 1729 concilium
787 1688 855 1742 ex
885 1682 1195 1728 sanctorum
1217 1671 1440 1725 Patrum
1465 1669 1747 1725 sententiis
1765 1668 2052 1740 diligenter

470 1766 764 1836 excerpsit,
789 1773 845 1820 et
877 1763 1380 1820 sanctiinonialibus
1408 1763 1463 1817 in
1485 1777 1592 1818 uno
1621 1761 1850 1833 collegio
1886 1775 2051 1816 cano-

2143 595 2387 650 quosque
2412 582 2575 636 etiam
2617 583 2796 654 dignis
2825 585 3266 655 'correptionibus
3304 586 3586 657 corrigere
3631 586 3729 641 de-

2144 670 2386 727 beamus.
2413 672 2471 728 Si
2507 689 2631 730 vero
2658 674 2856 745 aliquis
2884 684 2990 732 tua:
3014 677 3270 734 diecesis
3297 677 3476 734 eidem
3508 678 3729 734 instituo

2145 763 2277 818 tioni
2311 777 2613 836 nostraeque
2633 768 2990 824 admonitioni
3011 769 3317 838 procaciter
3355 769 3518 823 reniti
3541 769 3731 824 volne-

2147 856 2238 922 rit,
2268 865 2324 911 et
2347 873 2410 912 ea
2435 873 2556 927 qua:
2574 860 2644 914 ab
2674 862 2865 915 eodem
2892 875 3051 916 sacro
3078 869 3135 917 et
3173 860 3468 916 venerabili
3496 861 3730 917 concilio

2144 947 2437 1002 constituta
2476 957 2638 1018 atque
2673 954 2893 1006 decreta
2941 959 3068 1009 sunt
3089 993 3106 1019 ,
3156 961 3419 1021 quantum
3467 952 3731 1008 Dominus

2147 1037 2226 1092 eis
2259 1052 2419 1108 posse
2444 1039 2681 1106 dederit,
2709 1041 3001 1097 observare
3027 1031 3418 1112 centempserit
3440 1079 3457 1106 ,
3481 1041 3733 1112 precipi-

2146 1144 2266 1184 mus
2289 1137 2348 1182 ut
2382 1129 2426 1185 si
2465 1139 2622 1185 antea
2667 1130 2974 1200 huiusmodi
3003 1148 3110 1188 non
3135 1148 3194 1189 se
3226 1133 3533 1187 correxerit
3553 1173 3570 1197 ,
3612 1133 3734 1202 qui-

2147 1232 2358 1287 cunque
2403 1219 2492 1274 ille
2539 1229 2642 1285 est,
2691 1230 2819 1277 ante
2863 1223 3207 1293 praesentiam
3251 1230 3496 1277 nostram
3524 1229 3621 1276 tua
3650 1223 3737 1278 vel

2148 1307 2439 1363 missorum
2467 1320 2780 1366 nostrorum
2827 1313 3196 1368 admonitione
3246 1313 3433 1368 venire
3464 1312 3733 1379 festinet;

2147 1407 2414 1466 quatenus
2464 1416 2496 1453 a
2543 1399 2699 1456 nobis
2737 1402 2891 1472 juxta
2939 1404 3299 1472 quantitatem
3351 1403 3524 1474 culpa:
3572 1405 3739 1473 digne

2148 1489 2472 1558 corrigatur.
2511 1490 2818 1545 Direximus
2846 1502 3107 1561 praeterea
3142 1493 3239 1546 tibi
3269 1491 3478 1562 pondus
3501 1502 3557 1547 et
3583 1509 3739 1549 men-

2148 1595 2333 1634 suram
2375 1580 2675 1635 secundum
2704 1597 2867 1652 quam
2901 1581 3117 1638 clericis
3147 1591 3204 1638 et
3233 1584 3740 1639 sanctimonialibus

2148 1671 2305 1740 panis
2330 1679 2385 1726 et
2410 1681 2569 1742 potus
2596 1673 2878 1744 mqualiter
2907 1673 3192 1728 tribuenda
3229 1682 3374 1739 sunt,
3419 1690 3543 1745 quae
3577 1683 3642 1728 ut
3672 1676 3740 1729 ab

2149 1762 2398 1816 omnibus
2447 1761 2756 1818 firmissime
2803 1772 2964 1834 atque
3029 1763 3414 1820 inviolabiliter
3488 1776 3740 1820 teneatur

470 1857 592 1910 nice
638 1856 955 1926 degentibus
1004 1853 1397 1911 observandam
1447 1852 1756 1923 percensuit
1814 1869 1828 1904 :
1881 1865 2046 1922 quam
2075 1853 2122 1912 B
2152 1851 2297 1925 [Leg.
2325 1852 2430 1906 vid.
2465 1852 2790 1926 teneantur]
2815 1893 2830 1918 ,
2882 1853 3248 1920 decernimus,
3277 1864 3333 1910 et
3368 1871 3437 1910 ne
3476 1857 3608 1926 quid
3657 1859 3738 1911 in-

470 1945 586 2000 sive
613 1960 711 2015 per
749 1953 803 1999 te
827 1985 842 2008 ,
893 1945 1008 2000 sive
1039 1960 1139 2015 per
1175 1943 1662 2016 comprovinciales
1685 1951 1806 1999 tuos
1831 1943 2046 2014 episco-

469 2051 599 2106 pos,
629 2035 682 2090 in
713 2035 965 2092 omnibus
994 2043 1102 2090 tuae
1143 2035 1439 2090 dioeceseos
1470 2033 1804 2104 puellaribus
1830 2049 2049 2090 monas-

472 2129 651 2194 teriis,
683 2129 739 2183 in
767 2129 966 2200 quibus
991 2127 1252 2183 canonice
1279 2126 1498 2193 vivitur,
1529 2126 1773 2182 studiose
1797 2125 2049 2197 praescri-

468 2227 620 2289 ptam
655 2217 842 2274 haberi
891 2216 1159 2273 volumus.
1217 2217 1326 2272 Sed
1376 2224 1433 2271 et
1468 2217 1573 2272 hoc
1605 2216 1950 2272 decernimus
1989 2223 2052 2270 ut

470 2328 501 2362 a
536 2310 688 2365 vobis
718 2317 826 2364 tam
854 2308 1147 2364 abbatissis
1171 2323 1333 2378 quam
1361 2307 1574 2363 caeteris
1621 2306 2049 2363 sanctimoniali-

469 2401 572 2458 bus
597 2399 862 2464 tradatur,
891 2407 948 2454 et
974 2397 1204 2469 qualiter
1233 2412 1355 2453 eam
1389 2405 1575 2458 tenere
1602 2396 1833 2453 debeant
1864 2405 2050 2454 vestro

471 2490 648 2547 studio
673 2487 1049 2545 informentur.
1079 2485 1348 2544 Caeterum
1393 2486 1500 2543 nisi
1540 2484 1777 2556 aliquam
1805 2485 2049 2542 abbatis-

472 2594 658 2636 sarum
681 2579 894 2648 quando
951 2592 1051 2635 nos
1091 2578 1162 2635 ad
1193 2577 1538 2650 praesentiam
1577 2585 1819 2633 nostram
1860 2577 2051 2633 venire

469 2668 823 2738 iusserimus,
874 2666 981 2722 alio
1039 2675 1282 2737 tempore
1333 2665 1584 2722 volumus
1636 2673 1698 2720 ut
1759 2665 2051 2744 abbatissae

470 2759 705 2830 propriis
755 2759 810 2814 in
868 2757 1215 2813 monasteriis
1265 2756 1544 2813 resideant
1566 2795 1583 2822 ,
1643 2763 1699 2810 et
1751 2755 2048 2812 secundum

471 2851 617 2906 hanc
657 2847 1013 2904 institutionis
1061 2844 1293 2903 formam
1325 2846 1508 2902 vivere
1549 2845 1760 2916 sibique
1783 2843 2054 2914 subiectas

471 2942 775 3014 gubernare
835 2938 1151 3005 decertent;
1207 2945 1264 2993 et
1319 2936 1480 2993 nullis
1522 2935 1734 2992 illarum
1769 2950 1870 3008 per
1896 2934 2054 2992 villas

471 3031 768 3097 resideudi,
799 3042 893 3086 aut
919 3029 1068 3086 foras
1091 3029 1334 3102 qualibet
1359 3029 1647 3086 occasione
1675 3036 1898 3100 accepta
1925 3043 2051 3084 eva-

469 3125 630 3197 gandi
655 3164 671 3188 ,
699 3123 920 3194 suisque
947 3121 1319 3194 voluptatibus
1363 3120 1730 3188 deserviendi,
1777 3120 2052 3176 licentiam

470 3215 794 3269 attribuant.
843 3211 1165 3284 Quanquam
1207 3213 1354 3270 enim
1407 3212 1651 3270 nonnulli
1697 3211 1884 3268 clerici
1938 3227 2056 3268 mo-
2080 3218 2129 3282 ο

470 3303 714 3359 nasteria
776 3302 1080 3373 puellarum
1103 3342 1120 3366 ,
1159 3310 1216 3358 et
1250 3303 1493 3358 nonnulli
1543 3301 1666 3358 laici
1719 3301 2047 3358 monasteria

472 3394 718 3448 virorum
751 3393 916 3449 etiam
970 3407 1036 3448 ac
1091 3391 1391 3462 puellarum
1429 3393 1706 3458 habeant,
1742 3399 1842 3448 tua‘.
1867 3401 2047 3448 tamen

475 3485 639 3544 debet
703 3484 990 3556 providere
1040 3483 1396 3541 solertissima
1433 3483 1702 3540 industria
1749 3493 1811 3539 ut
1844 3484 1899 3539 in
1930 3499 2047 3538 om-

471 3580 636 3636 nibus
687 3578 824 3634 locis
882 3578 984 3635 sub
1039 3585 1133 3634 tua
1163 3578 1384 3634 dioecesi
1413 3577 1723 3634 constitutis
1744 3616 1762 3643 ,
1819 3576 2047 3632 ubicun-

470 3688 580 3744 que
621 3671 1074 3744 congregationes
1117 3669 1440 3728 clericorum
1471 3677 1528 3728 et
1553 3667 2048 3726 sanctimonialium

472 3771 620 3828 sunt,
645 3761 804 3833 iuxta
836 3760 1247 3834 possibilitatem
1281 3768 1338 3817 et
1385 3758 1699 3816 facultatem
1733 3773 1915 3814 rerum
1967 3772 2053 3813 se-

473 3853 710 3909 cundum
767 3851 927 3922 hujus
972 3851 1329 3908 institutionis
1371 3850 1606 3907 formam
1650 3849 1866 3915 vivant;
1925 3848 2052 3919 quia

473 3943 624 3999 nulla
644 3950 728 3999 est
755 3943 976 3998 omnino
1003 3941 1234 3998 ecclesia
1257 3981 1274 4007 ,
1313 3956 1436 4012 quae
1477 3939 1764 3997 facultates
1808 3939 2006 3996 habeat
2032 3978 2050 4004 ,

474 4030 566 4086 ubi
597 4047 703 4086 non
731 4031 940 4100 possint
964 4038 1045 4085 tot
1070 4029 1313 4100 talesque
1340 4027 1634 4100 gubernari
1672 4029 1766 4100 qui
1813 4029 2056 4106 divinum

474 4121 725 4192 expleant
751 4120 1008 4187 cilicium,
1034 4129 1089 4177 et
1113 4121 1204 4177 ubi
1227 4120 1567 4192 hospitalitas
1590 4119 1749 4190 iuxta
1777 4121 1922 4177 vires
1945 4137 2055 4177 non

474 4213 648 4284 possit
681 4213 852 4286 diligi.
902 4212 1014 4270 Nos
1062 4229 1280 4284 quoque
1319 4213 1576 4286 praefatos
1602 4214 1798 4272 missos
1838 4225 2058 4273 nostros

477 4307 548 4364 ad
571 4316 720 4363 tuam
749 4307 1095 4364 sanctitatem
1129 4307 1254 4366 ideo
1279 4308 1576 4366 direximus
1602 4351 1618 4377 ,
1664 4319 1724 4367 ut
1765 4318 1918 4368 tuum
1959 4327 2061 4368 caa-

479 4408 832 4468 terorumque
883 4398 1376 4456 ecclesiasticarum
1419 4401 1475 4456 in
1523 4409 1616 4456 tua
1667 4402 1890 4460 ὀίωοεεὶ
1926 4417 2057 4460 con-

2148 1945 2412 1999 crementi
2455 1952 2548 1999 aut
2577 1945 2888 2001 detrimenti
2917 1962 2946 2000 a
2978 1961 3251 2016 quoquam
3293 1948 3591 2016 patiantur,
3620 1961 3738 2002 mo-

2148 2035 2234 2091 dis
2258 2034 2513 2090 omnibus
2543 2036 2869 2092 inhibemus.
2907 2036 3080 2092 Tuam
3131 2037 3300 2106 igitur
3328 2037 3383 2091 in
3409 2037 3557 2092 calce
3578 2036 3736 2106 hujus

2149 2124 2391 2196 epistolae
2425 2125 2781 2182 admonemus
2807 2128 3175 2192 sanctitatem,
3207 2135 3268 2181 ut
3298 2128 3590 2183 secundum
3638 2129 3740 2183 mi-

2153 2213 2439 2269 nisterium
2481 2214 2574 2269 tibi
2614 2215 2795 2270 divino
2844 2230 3071 2271 munere
3121 2215 3410 2283 collatum,
3441 2225 3636 2272 nostra:
3679 2219 3736 2271 in

2155 2304 2258 2360 hoc
2304 2306 2521 2376 negotio
2579 2305 2953 2362 saluberrimae
3010 2307 3367 2362 admonitioni
3423 2307 3738 2362 obedienter

2155 2407 2318 2468 atque
2344 2395 2784 2452 inexcusabiliter
2807 2412 3001 2466 pareas
3029 2439 3044 2463 ,
3081 2406 3137 2452 et
3163 2399 3373 2453 caeteris
3403 2400 3453 2452 in
3496 2399 3739 2469 parendo

2154 2485 2460 2557 exemplum
2509 2487 2709 2542 bonum
2749 2488 2979 2544 tribuas.
3036 2488 3266 2558 Dignum
3309 2490 3509 2559 quippe
3554 2501 3643 2544 est
3682 2499 3741 2544 ut

2153 2585 2358 2648 quanto
2402 2576 2686 2634 sublimius
2739 2579 3032 2633 sacerdotii
3078 2579 3336 2648 dignitate
3387 2579 3509 2633 aliis
3551 2595 3739 2648 supcr-

2153 2667 2392 2735 emines,
2453 2677 2509 2722 et
2563 2683 2594 2722 a
2633 2668 2792 2724 nobis
2838 2668 3224 2725 venerabiliter
3256 2669 3537 2741 diligeris,
3591 2679 3740 2724 tanto

2152 2759 2328 2828 magis
2378 2758 2446 2815 ad
2498 2758 2597 2814 Dei
2640 2768 2990 2829 nostramque
3035 2760 3366 2816 voluntatem
3435 2759 3740 2815 faciendam

2153 2850 2485 2906 devotiorem
2547 2857 2602 2905 te
2643 2859 2807 2921 atque
2855 2853 3246 2922 promptiorem
3289 2852 3565 2908 exhibeas.
3615 2853 3740 2906 Vale

2155 2941 2211 2998 in
2239 2940 2492 3008 Domino,
2524 2949 2580 2997 et
2603 2955 2700 2996 ora
2727 2956 2826 3013 pro
2854 2941 3033 2997 nobis.

2731 3053 3066 3112 EPISTOLA
3102 3055 3143 3111 ll

2421 3161 2666 3204 ιυυονιοι
2692 3163 2778 3212 ΑΒ.
2813 3163 3088 3203 ΙοΝΑσιιοδ
3120 3164 3455 3204 Ακιηεκεεε.

2768 3238 2946 3306 (Anno
2979 3238 3132 3310 821.)

2152 3327 2348 3400 [Apud
2371 3329 2436 3384 D.
2467 3329 2774 3410 Bouquet._,
2825 3327 3044 3410 .Recueil
3091 3329 3194 3410 des-
3213 3328 3382 3410 Ιζὲδιη
3398 3342 3527 3386 tom.
3555 3329 3650 3396 γι,
3675 3347 3750 3388 ex

2607 3397 2876 3454 tabulario
2899 3397 3258 3471 Anianensi.]

2220 3491 2278 3544 lu
2304 3490 2523 3546 nomine
2564 3488 2779 3544 Domini
2826 3486 2922 3543 Dei
2950 3496 3007 3543 et
3033 3487 3332 3545 Salvatons
3387 3492 3556 3545 nostri
3613 3490 3748 3548 Jesu

2151 3581 2375 3649 Christi,
2398 3580 2701 3637 Ludovicus
2722 3579 3021 3652 imperator
3034 3579 3308 3652 Augustus
3339 3584 3749 3639 venerabilibus

2152 3673 2410 3730 fratribus
2420 3673 2476 3728 in
2487 3673 2702 3730 Aniano
2717 3674 2832 3730 sive
2843 3671 3067 3730 Gcllone
3078 3675 3402 3730 monasterio
3411 3675 3750 3732 constitutis-

2223 3757 2475 3818 Proxime
2496 3761 2707 3817 accedit
2735 3774 2770 3823 ι,
2799 3761 3150 3834 Agobardum
3175 3763 3638 3833 archiepiscopum
3681 3766 3752 3818 ad

2154 3858 2398 3906 nostram
2421 3852 2704 3909 devenisse
2727 3853 3095 3922 praesentiam,
3122 3855 3370 3915 indicans
3409 3855 3564 3912 nobis
3616 3872 3753 3927 quo-

2154 3942 2316 4000 modo
2347 3958 2414 4002 eo
2453 3953 2721 4016 praesente
2746 3953 2803 4004 et
2850 3944 3096 4022 Nibridio
3129 3948 3534 4021 archiepiscopo
3557 3989 3574 4013 ,
3631 3951 3756 4005 sine

2156 4050 2311 4092 mora
2333 4051 2523 4093 omnes
2558 4037 2676 4108 pari
2707 4053 2977 4094 consensu
3006 4039 3420 4096 Tructesindum
3454 4054 3620 4108 super
3650 4055 3756 4094 vos

2157 4123 2461 4197 elegissetis
2491 4126 2764 4183 abbatem.
2791 4126 2891 4182 Cui
2936 4125 3102 4194 facto,
3132 4129 3262 4198 quia
3291 4127 3609 4184 rationabile
3653 4145 3759 4184 no-

2159 4218 2242 4274 bis
2279 4218 2582 4285 videbatur,
2615 4234 2898 4275 assensum
2960 4221 3208 4290 praebere
3249 4236 3360 4277 non
3405 4219 3713 4276 distulimus
3735 4263 3752 4285 ,

2161 4307 2535 4366 desiderantes
2555 4324 2621 4364 ac
2643 4318 2899 4380 optantes
2919 4318 2982 4365 ut
3007 4311 3182 4380 pietas
3202 4310 3386 4366 divina
3410 4312 3461 4366 id
3487 4310 3553 4366 ad
3592 4326 3757 4366 suam

2162 4406 2217 4452 et
2240 4398 2310 4453 ad
2333 4406 2570 4453 vestram
2605 4415 2948 4456 communem
2976 4400 3202 4457 salutem
3228 4400 3493 4470 proﬁcere
3535 4399 3705 4455 faciat
3734 4419 3750 4465 ;

478 4489 786 4544 sistentium
814 4488 1100 4561 diligenter
1127 4497 1291 4560 atque
1331 4488 1603 4546 subtiliter
1629 4491 1682 4546 in
1712 4492 1816 4546 hoc
1845 4493 2062 4564 negotio
2087 4560 2122 4564 κ
2163 4499 2218 4544 et
2257 4489 2348 4544 ille
2383 4491 2556 4560 patris
2581 4506 2644 4546 ac
2681 4494 2917 4562 pastoris
2946 4493 3093 4548 inter
3121 4510 3216 4550 vos
3254 4495 3431 4550 locum
3463 4494 3710 4549 obtineat
3737 4535 3756 4558 ,

477 4578 820 4633 intuerentur
849 4560 1086 4635 studium
1113 4619 1129 4644 ,
1163 4587 1222 4634 et
1252 4578 1350 4636 tibi
1379 4595 1539 4651 opem
1569 4582 1626 4635 in
1665 4583 1878 4638 caeteris
1908 4560 2057 4638 com-
2085 4560 2138 4620 Ῑ)
2163 4587 2218 4634 et
2245 4595 2363 4644 vos,
2391 4588 2451 4634 ut
2471 4560 2850 4648 Christi—oves,
2879 4583 2996 4652 pari
3026 4583 3333 4638 humilitate
3359 4592 3416 4640 et
3441 4583 3756 4650 devotione,

478 4667 762 4724 monendis
810 4666 1049 4734 ferrent;
1085 4669 1180 4740 qui
1209 4675 1268 4726 et
1314 4668 1471 4726 nobis
1514 4669 1782 4726 referrent
1825 4672 2060 4742 qualiter

478 4761 687 4830 przelati
719 4768 775 4816 et
807 4761 1043 4833 praelata
1089 4775 1211 4817 eam
1265 4761 1496 4819 libenter
1523 4764 1886 4834 susceperint,
1937 4764 2060 4820 dili—

478 4861 774 4923 genterque
804 4852 1172 4909 transcribere
1199 4853 1522 4920 studuerint,
1552 4863 1611 4910 et
1657 4855 1848 4912 devote
1891 4856 2061 4912 adim-

480 4944 632 5014 plere
670 4941 828 5012 iuxta
875 4944 1021 5000 vires
1065 4943 1413 5010 curaverint;
1444 4944 1702 5016 quoniam
1734 4947 1919 5001 tandiu
1945 4946 2064 5001 illos

482 5037 535 5091 in
566 5046 656 5090 tua
685 5034 768 5089 vel
798 5034 1334 5106 comprovincialium
1366 5044 1581 5092 tuorum
1606 5036 1826 5091 dioecesi
1863 5035 2069 5092 morari

479 5137 537 5184 et
616 5127 930 5182 discurrere
1001 5141 1107 5180 una
1185 5141 1309 5180 cum
1383 5126 1551 5181 misso
1611 5135 1705 5181 tuo
1759 5125 2062 5196 iussimus,

481 5218 655 5272 donec
698 5215 765 5270 ab
803 5215 1054 5270 omnibus
1083 5221 1398 5270 memoratae
1443 5213 1691 5270 formula:
1741 5215 2066 5269 transcribe-

481 5318 702 5375 rentur;
762 5315 822 5362 ut
861 5307 1116 5364 videlicet
1153 5315 1349 5363 cuncta
1391 5314 1745 5375 procurantes
1766 5347 1782 5372 ,
1842 5307 2063 5378 diligen-

481 5405 673 5470 terque
723 5407 976 5454 taxantes
998 5439 1014 5465 ,
1071 5414 1195 5454 cum
1250 5399 1319 5453 ad
1365 5412 1470 5453 nos
1516 5396 1637 5453 illos
1681 5397 1861 5452 redire
1906 5414 2070 5470 opere

481 5491 697 5560 expleto
724 5498 939 5560 tempus
963 5491 1272 5561 permiserit
1298 5529 1313 5556 ,
1369 5497 1565 5546 cuncta
1613 5505 1733 5560 qua:
1773 5498 1893 5544 acta
1945 5499 2072 5546 sunt

485 5594 666 5638 vestro
696 5593 1053 5656 utrorumque
1080 5585 1283 5654 scripto
1313 5592 1588 5645 notentur,
1615 5591 1775 5653 atque
1802 5599 1900 5654 per
1927 5583 2070 5652 ipsos

480 5680 750 5740 tuumque
787 5675 1009 5729 missum
1038 5684 1240 5730 nostrae
1277 5674 1662 5745 dignoscentiae
1708 5674 2065 5740 intimentur;

2165 4669 2307 4750 sicut
2325 4669 2545 4741 dignum
2583 4681 2638 4726 et
2663 4680 2869 4728 rectum
2921 4681 3024 4739 est,
3053 4673 3254 4728 subditi
3280 4685 3338 4730 et
3363 4673 3678 4730 obedientes
3700 4677 3755 4729 ei

2167 4761 2306 4816 sitis.
2373 4761 2440 4816 Et
2473 4761 2589 4817 haec
2643 4763 2949 4818 obedientia
2987 4763 3071 4817 vel
3105 4764 3429 4820 humilitatis
3486 4765 3752 4834 subiectio

2166 4851 2448 4907 charitatis
2473 4853 2772 4909 munimine
2796 4861 2882 4910 est
2915 4853 3248 4919 roboranda;
3291 4870 3413 4925 qua:
3440 4856 3556 4910 sine
3585 4857 3755 4911 simu-

2169 4941 2368 4997 latione
2395 4941 2545 4998 falsa:
2570 4945 2908 5000 extrinsecus
2935 4945 3315 5002 ostentationis
3341 4946 3397 5000 in
3441 4946 3595 5000 vobis
3635 4946 3760 5004 fieri

2168 5048 2391 5088 necesse
2426 5041 2526 5088 est.
2562 5033 2670 5090 Vos
2716 5036 2860 5089 enim
2902 5036 3106 5105 optime
3159 5037 3334 5092 nostis
3387 5052 3510 5093 cum
3550 5047 3761 5106 quanto

2165 5124 2345 5179 studio
2369 5139 2432 5178 ac
2457 5124 2654 5179 sudore
2677 5141 2708 5179 a
2739 5125 2911 5180 beata:
2937 5126 3214 5182 memoria:
3241 5127 3436 5182 domno
3463 5127 3766 5181 Benedicto

2168 5215 2325 5269 Patre
2345 5224 2528 5270 vestro
2564 5217 2713 5272 locus
2740 5217 2842 5272 iste
2866 5219 3044 5288 primo
3066 5219 3353 5274 inchoatus
3393 5228 3479 5274 est
3506 5234 3571 5273 ac
3625 5235 3766 5274 con-

2169 5313 2408 5360 structus
2457 5315 2577 5361 est:
2615 5305 2811 5363 deinde
2842 5323 2949 5378 qua
2971 5308 3249 5380 diligentia
3271 5309 3361 5364 ille
3390 5310 3768 5374 nitebatur,ut

2173 5411 2287 5459 vos,
2321 5411 2458 5466 quos
2483 5397 2663 5452 divina
2685 5399 2904 5468 superni
2931 5399 3171 5455 Pastoris
3198 5401 3370 5471 gratia
3394 5416 3493 5470 per
3517 5415 3632 5455 suae
3661 5400 3767 5455 de.

2172 5487 2739 5544 votionisinstautiam
2792 5489 2925 5544 inibi
2973 5489 3404 5554 coadunaverat,
3459 5490 3768 5545 secundu

2171 5578 2481 5634 monasticae
2509 5578 2632 5633 vitae
2663 5580 2902 5650 regulam
2926 5591 3072 5637 recte
3100 5582 3581 5637 conversaremini.
3608 5582 3769 5649 Quod

2171 5681 2221 5727 et
2251 5671 2362 5726 Deo
2390 5670 2671 5739 largiente,
2691 5671 2847 5739 iuxta
2890 5674 2961 5739 id,
2987 5675 3129 5745 quod
3166 5675 3517 5739 desideravit,
3541 5675 3611 5728 ad
3636 5674 3767 5729 cile

563 5795 587 5820 ι
632 5782 943 5841 Ariobardus
998 5787 1371 5854 Lugdunensis
1420 5797 1538 5842 erat
1596 5789 2062 5857 archiepiscopus,
2103 5786 2375 5844 Nihridius
2398 5785 2779 5842 Narbonensis.
