4048 6182
311 215 464 289 45η)⁸

1755 207 2114 268 ειηδτοωε
2125 249 2138 263 .

3429 212 3554 265 15η

310 340 456 386 etum
483 331 753 400 perduxit.
786 329 893 385 Sed
929 339 984 385 et
1020 330 1086 385 de
1132 338 1484 385 sacrosancto
1517 329 1707 384 eodem
1755 341 1882 381 exa-
1910 326 1960 383 Α
1989 330 2124 384 tres,
2156 319 2447 375 statuimus
2493 317 2785 374 admonere
2811 327 2871 373 ut
2898 317 2953 373 in
2981 317 3234 380 omnibus
3261 319 3443 377 abbati
3473 337 3564 380 ve-

309 425 454 478 mine
479 437 578 492 per
614 423 898 492 imperium
923 437 956 476 a
999 421 1110 477 Deo
1141 422 1299 478 nobis
1327 421 1680 476 commissum
1729 419 1886 489 longe

310 516 522 586 lateque
550 517 651 585 piae
673 515 1100 570 conversationis
1122 529 1368 570 normam
1408 513 1750 583 eoadoptavit
1770 552 1785 576 ,
1833 519 1888 564 et

309 607 462 660 vobis
518 605 872 661 disseminare
901 617 926 646 ι
956 619 1062 660 non
1095 604 1322 660 destitit.
1371 603 1439 658 Et
1478 616 1600 657 cum
1643 600 1886 672 profecto

306 696 381 749 ita
407 711 465 750 se
491 710 580 752 res
601 695 829 759 habeat!
848 695 1071 766 dignum
1100 711 1197 751 vos
1227 696 1519 750 admonere
1560 692 1850 748 statuimus
1866 731 1881 757 ,

302 796 363 840 ut
389 786 498 840 Deo
523 795 850 856 cooperante
879 787 933 840 id
962 784 1173 842 efﬁcere
1197 785 1480 850 studeatis,
1504 798 1574 839 ne
1612 783 1667 838 in
1695 783 1884 837 diebus

303 879 502 933 vestris
531 893 620 933 res
641 887 750 932 tam
777 879 990 950 egregie
1033 877 1283 933 inchoata
1311 887 1366 932 et
1390 877 1458 931 ad
1484 877 1883 931 incrementum

300 971 582 1040 perducta,
620 968 860 1039 quolibet
909 983 1039 1024 casu
1095 969 1388 1038 quidquam
1447 965 1756 1022 detrimenti
1790 981 1883 1020 su-

301 1069 455 1116 mat:
489 1060 585 1115 sed
631 1061 766 1116 tales
819 1074 1033 1130 semper
1055 1075 1156 1131 per
1176 1059 1273 1114 Dei
1307 1057 1741 1114 misericordiam
1762 1070 1882 1112 esse

301 1153 585 1217 studeatis,
613 1160 672 1207 ut
703 1153 769 1207 de
805 1151 960 1207 vobis
986 1151 1217 1221 possint,
1241 1151 1380 1205 sicut
1406 1148 1557 1220 prius
1580 1189 1595 1211 ,
1637 1145 1881 1217 magistri

299 1251 356 1298 et
378 1243 628 1300 doctores
653 1252 854 1299 sanctae
891 1259 997 1299 non
1019 1243 1192 1298 solum
1219 1241 1483 1312 regularis
1514 1239 1666 1302 vitae,
1695 1251 1880 1291 verum

299 1335 478 1390 omnis
510 1333 767 1404 spiritalis
792 1349 995 1389 norma:
1022 1341 1078 1388 et
1115 1331 1372 1403 praecipui
1417 1329 1585 1400 apicis
1635 1326 1837 1382 assumi
1864 1366 1879 1389 ,

300 1428 610 1498 ubicunque
678 1429 978 1483 necessitas
1037 1426 1122 1483 vel
1168 1425 1417 1481 voluntas
1481 1422 1661 1477 fuerit.
1711 1419 1882 1474 Porro

299 1519 714 1574 Tructesindum
745 1517 996 1574 abbatem
1025 1525 1264 1572 vestrum
1286 1513 1618 1569 admonitum
1645 1525 1765 1566 esse
1791 1523 1882 1564 vo-

295 1609 478 1664 lumus
504 1616 564 1663 ut
605 1609 749 1664 circa
789 1624 886 1664 vos
909 1618 1194 1678 paternum
1225 1612 1480 1660 exerceat
1524 1615 1789 1665 amorem,
1826 1605 1882 1653 et

1989 416 2106 464 stro
2130 416 2187 464 et
2219 407 2524 463 senioribus
2552 407 2744 462 vestris
2761 408 3076 466 obedientes
3098 410 3218 466 sitis
3231 419 3286 470 et
3310 411 3565 480 humiles,

1989 515 2095 554 non
2123 499 2380 568 protervi,
2408 512 2515 552 non
2544 504 2990 562 murmuratores,
3017 498 3113 552 sed
3142 512 3270 554 cum.
3287 501 3436 556 omni
3468 502 3568 557 hu-

1988 590 2214 644 militate
2253 603 2316 644 ac
2375 588 2787 644 mansuetudine
2829 597 3043 643 servate
3092 590 3427 659 propositum
3476 607 3569 646 ve-

1987 686 2182 733 strum.
2222 675 2356 730 Nam
2376 676 2424 731 si
2450 691 2607 732 secus
2635 676 2876 745 egeritis,
2891 685 2952 730 ut
2981 677 3176 747 aliquis
3207 686 3448 734 vestrum
3472 682 3566 734 ad-

1985 783 2176 823 versus
2197 767 2446 823 abbatem
2468 777 2523 822 et
2551 766 2748 822 fratres
2770 767 3007 832 infletur,
3029 778 3085 822 et
3109 783 3215 824 non
3235 769 3409 824 solum
3438 771 3563 833 sibi.

1975 859 2081 921 sed
2106 858 2271 912 etiam
2302 857 2422 912 aliis
2450 872 2716 926 perversae
2762 857 3206 927 transgressionis
3235 858 3400 914 fuerit
3434 861 3568 914 invi-

1986 957 2308 1014 tamentum,
2332 958 2387 1004 et
2416 964 2520 1004 non
2557 949 2641 1003 sui
2679 949 2888 1002 abbatis
2912 957 2967 1002 et
2995 949 3224 1004 fratrum
3248 952 3568 1008 sustinuerit

1985 1038 2398 1103 correctionem,
2413 1037 2556 1092 hunc
2577 1037 2733 1092 nobis
2759 1053 2879 1092 cum
2895 1039 3240 1094 festinatione
3263 1040 3406 1094 mitti
3426 1056 3566 1111 pne-
3597 1048 3600 1050 ⁷

1985 1129 2236 1198 cipimus,
2266 1137 2323 1183 ut
2353 1143 2478 1183 eum
2516 1130 2568 1183 in
2618 1129 2781 1184 talem
2818 1129 2994 1185 locum
3042 1130 3369 1201 dirigamus,
3420 1134 3562 1188 unde

1986 1217 2074 1272 ille
2102 1219 2256 1273 vobis
2285 1220 2509 1273 minime
2533 1221 2705 1288 possit
2731 1220 3023 1289 quidquam
3074 1220 3276 1277 inferre
3299 1223 3560 1278 scandali.

1984 1308 2112 1365 Haec
2158 1311 2312 1365 vobis
2367 1311 2489 1366 ideo
2527 1312 2764 1367 scribere
2802 1310 3093 1379 jussimus,
3145 1321 3205 1367 ut
3239 1329 3565 1385 cognoscere

1983 1398 2205 1468 possitis
2233 1408 2488 1468 quantam
2517 1416 2702 1454 curam
2753 1417 2818 1457 ac
2841 1402 3259 1459 sollicitudinem
3295 1405 3363 1460 de
3411 1406 3566 1460 vobis

1983 1488 2184 1545 habere
2211 1490 2604 1546 desideramus.
2657 1492 2913 1548 Eamdem
2939 1495 3080 1549 enim
3108 1493 3527 1550 familiaritatem
3551 1536 3566 1559 ,

1983 1597 2145 1650 quam
2172 1597 2296 1638 cum
2323 1583 2425 1653 pia:
2449 1584 3142 1642 recordationisBenedicto
3157 1587 3353 1642 abbate
3383 1595 3566 1643 vestro

296 1698 605 1753 consideret
633 1667 928 1754 secundum
975 1705 1212 1760 aetatem,
1247 1695 1331 1750 vel
1358 1692 1720 1749 valetudinem
1754 1705 1878 1746 cor-

1981 1673 2185 1730 habere
2213 1674 2314 1728 visi
2343 1689 2552 1740 sumus,
2579 1675 2625 1730 si
2653 1686 2923 1745 prmeepta
2977 1675 3093 1744 ejus
3138 1677 3414 1733 custodire
3439 1680 3569 1732 obe-

296 1789 468 1858 poris,
495 1789 580 1843 vel
607 1788 938 1844 inﬁrmitatis
963 1787 1246 1856 cujuslibet
1294 1785 1598 1842 molestiam
1627 1784 1758 1853 quid
1791 1783 1878 1838 cui

297 1880 587 1934 conveniat
609 1895 676 1935 ex
705 1878 962 1948 subjectis
985 1879 1109 1942 sibi,
1143 1886 1199 1933 et
1237 1884 1430 1932 caveat
1457 1873 1784 1933 omnimodis
1810 1887 1878 1928 ne

297 1968 354 2021 in
388 1967 723 2039 negligentes
752 1968 888 2022 adeo
939 1965 1146 2021 fervida
1185 1967 1284 2021 zeli
1332 1965 1618 2036 castigatio
1660 1963 1877 2018 modum

296 2055 541 2122 excedat,
566 2065 627 2112 ut
654 2072 748 2113 eos
773 2057 1146 2127 pusillanimes
1191 2055 1409 2122 reddat;
1444 2071 1546 2110 nec
1593 2055 1734 2125 apud
1783 2054 1878 2109 ob-

296 2159 576 2205 servantes
595 2151 846 2206 mandata
873 2149 969 2205 Dei
1001 2149 1124 2206 talis
1143 2149 1236 2214 sit,
1261 2157 1322 2204 ut
1345 2155 1563 2218 torpore
1589 2155 1645 2201 et
1671 2145 1877 2201 desidia

297 2240 354 2294 in
384 2241 463 2294 eis
489 2241 723 2312 rigorem
745 2241 1063 2297 constantiae
1088 2239 1332 2312 frangat;
1385 2240 1480 2295 sed
1509 2238 1743 2294 maxima
1769 2238 1880 2295 dis-

299 2332 539 2387 cretione
566 2331 721 2400 juxta
750 2332 1063 2402 Apostolum
1091 2333 1162 2387 sit
1182 2330 1436 2387 omnibus
1471 2331 1651 2385 omnia
1682 2329 1874 2394 factus,

300 2433 361 2478 ut
385 2409 574 2480 omnes
600 2423 668 2478 ad
717 2438 777 2479 se
819 2424 1151 2493 pertinentes
1184 2423 1394 2478 salvare
1422 2422 1614 2491 possit.
1649 2419 1803 2487 Quod
1831 2420 1876 2473 si

298 2516 439 2570 forte
464 2514 726 2581 evenerit,
754 2513 896 2586 quod
930 2528 1031 2568 nos
1062 2529 1169 2569 non
1215 2520 1483 2583 optamus,
1511 2519 1571 2566 ut
1609 2510 1698 2566 ille
1723 2519 1878 2565 extra

302 2606 542 2676 regulam
572 2604 724 2661 vobis
761 2620 793 2659 a
832 2613 1130 2660 memorato
1154 2603 1446 2659 Benedicto
1474 2603 1676 2674 optime
1707 2602 1876 2657 tradi-

300 2707 412 2754 tam
456 2699 511 2754 in
564 2697 741 2768 aliquo
789 2695 1126 2761 deviaverit',
1173 2704 1228 2752 et
1267 2695 1442 2766 magis
1477 2695 1706 2750 voluerit
1759 2710 1879 2764 qua:

299 2792 504 2861 agenda
527 2798 654 2845 sunt
680 2791 900 2861 pr0prio
926 2789 1150 2845 arbitrio
1192 2798 1247 2844 et
1275 2789 1553 2844 voluntate
1594 2803 1755 2858 quam
1781 2802 1872 2842 vc-

299 2889 412 2936 stro
436 2882 707 2936 communi
734 2881 960 2937 consilio
981 2896 1158 2952 agere,
1191 2897 1287 2937 vos
1308 2896 1454 2946 eum,
1479 2887 1538 2934 ut
1570 2879 1878 2934 charissimi

301 2971 496 3028 fratres
529 2980 584 3028 et
607 2972 722 3038 filii,
745 2987 868 3028 cum
891 2974 1037 3027 omni
1076 2972 1489 3029 mansuetudine
1524 2978 1580 3026 et
1619 2970 1876 3042 patientia

297 3063 572 3133 corrigite.
599 3063 665 3116 Et
695 3063 741 3118 si
766 3063 919 3119 vobis
948 3079 1228 3119 assensum
1253 3062 1561 3134 prmbuerit,
1581 3071 1636 3117 et
1663 3077 1760 3132 per
1781 3075 1876 3116 vos

297 3162 576 3209 correctus
622 3153 817 3220 fuerit,
875 3155 976 3211 hoc
1003 3154 1099 3210 Dei
1138 3154 1281 3210 dono
1323 3153 1619 3208 tribuatis:
1653 3152 1698 3207 si
1740 3166 1870 3207 vero

297 3247 386 3303 ille
420 3246 752 3318 pertinacior
781 3246 834 3302 in
863 3261 979 3310 sua,
1011 3261 1118 3316 quo
1141 3245 1303 3310 absit,
1329 3257 1655 3316 permanere
1687 3243 1876 3298 volue-

297 3338 369 3395 rit
394 3338 682 3402 sententia,
711 3345 842 3393 tunc
868 3337 1023 3393 nobis
1043 3336 1098 3392 id
1124 3335 1417 3408 significari
1450 3334 1601 3406 prius
1629 3332 1842 3388 faciatis
1859 3371 1874 3397 ,

297 3442 460 3498 quam
490 3427 624 3484 foris
650 3428 844 3491 vicinis
864 3428 1061 3484 vestris
1103 3436 1289 3483 notum
1316 3428 1413 3482 flat
1435 3466 1450 3492 ,
1481 3426 1607 3496 quia
1655 3441 1776 3481 cum
1823 3425 1879 3478 in

295 3518 418 3574 aliis
447 3517 678 3590 regalem
693 3535 1044 3576 exerceamus
1069 3527 1416 3590 potestatem,
1443 3517 1498 3572 in
1516 3516 1670 3572 vobis
1698 3524 1876 3570 tamen

293 3619 581 3682 paternum
627 3627 842 3683 semper
883 3611 1133 3666 volumus
1187 3609 1431 3664 obtinere
1485 3606 1756 3662 affectum.
1815 3605 1884 3659 Et

296 3704 542 3774 quamvis
569 3703 684 3757 haec
711 3699 928 3755 licentia
960 3714 990 3752 a
1014 3697 1169 3751 nobis
1196 3697 1267 3751 sit
1291 3695 1444 3749 vobis
1475 3707 1757 3758 concessa,
1797 3700 1882 3746 ta-

295 3809 420 3846 men
468 3803 812 3856 summopere
856 3786 1154 3842 cavendum
1199 3792 1283 3839 est
1324 3798 1391 3838 ne
1424 3784 1489 3838 de
1537 3781 1776 3853 qualibet
1821 3794 1881 3835 re

297 3881 556 3935 adversus
583 3877 835 3932 abbatem
868 3883 1108 3932 vestrum
1154 3874 1256 3928 levi
1293 3873 1373 3927 ira
1405 3881 1498 3927 aut
1547 3888 1712 3942 parva
1753 3887 1880 3940 per-

299 3971 606 4026 turbatione
626 3968 964 4032 inflammati,
992 3967 1191 4022 frustra
1232 3965 1497 4035 pertinaci
1536 3963 1758 4018 audacia
1787 3963 1880 4018 ad-

296 4079 488 4118 versus
515 4077 639 4116 eum
669 4057 1141 4116 commoveamini.
1184 4055 1317 4109 Nam
1346 4055 1389 4108 si
1426 4053 1617 4123 aliquis
1641 4061 1880 4107 vestrum

299 4156 417 4211 sine
443 4156 650 4210 ratione
674 4154 934 4208 adversus
957 4167 1079 4206 eum
1128 4147 1550 4204 inflammabitur
1574 4154 1628 4201 et
1667 4155 1880 4201 nostras

298 4263 457 4302 aures
482 4247 597 4301 sine
618 4260 780 4300 causa
809 4241 1132 4316 pulsaverit,
1175 4256 1274 4297 nos
1303 4237 1562 4294 adversus
1583 4251 1641 4292 se
1669 4234 1880 4291 noverit

299 4337 545 4392 districta
572 4334 1039 4391 animadversione
1060 4347 1179 4388 esse
1200 4341 1553 4394 commotum,
1584 4336 1643 4383 ut
1670 4327 1759 4382 ille
1785 4326 1874 4397 qui

299 4428 556 4497 ejusmodi
585 4437 668 4485 est
690 4429 901 4484 caeteris
936 4427 1030 4481 flat
1063 4427 1477 4495 documentum;
1510 4437 1579 4478 ne
1609 4422 1664 4476 in
1690 4428 1872 4490 poste-

300 4536 420 4575 rum
449 4519 643 4590 aliquis
677 4518 871 4574 audeat
910 4517 1168 4574 adversus
1197 4516 1517 4587 magistrum
1559 4528 1714 4569 suum
1746 4508 1878 4576 inju—

299 4621 383 4666 ste
405 4625 751 4682 consurgere.
779 4610 888 4665 Vos
932 4623 1166 4680 quoque,
1198 4607 1472 4668 seniores,
1525 4603 1579 4658 in
1628 4603 1877 4657 omnibus

301 4702 550 4772 adjuvate
573 4718 718 4769 eum,
743 4710 852 4758 tam
886 4702 940 4756 in
971 4699 1304 4757 districtione
1321 4697 1599 4768 juniorum
1625 4692 1874 4758 fratrum,

300 4807 461 4862 quam
490 4791 652 4846 etiam
673 4799 727 4845 et
753 4790 959 4860 reliqua
986 4790 1219 4844 utilitate
1248 4785 1698 4851 monasterii,nec
1726 4783 1874 4836 illum

300 4881 472 4938 solum
503 4881 604 4936 sub
629 4880 762 4935 tanti
793 4880 1046 4950 ponderis
1096 4893 1262 4934 onere
1291 4876 1505 4948 gravari
1550 4872 1830 4957 patiamini
1860 4891 1874 4926 :

303 4972 407 5027 Sed
430 4973 581 5042 juxta
607 4971 921 5042 Apostolum
948 4971 1164 5025 invicem
1187 4985 1346 5023 onera
1371 4975 1593 5037 portate,
1623 4971 1671 5018 ει
1687 4964 1763 5018 sic
1785 4963 1879 5016 ad-

300 5063 576 5135 implebitis
625 5061 785 5133 legem
835 5062 1050 5118 Christi.
1089 5061 1197 5118 Vos
1225 5069 1406 5116 autem
1433 5100 1447 5124 ,
1498 5057 1743 5129 iuniores
1771 5055 1880 5110 fra-

362 5205 399 5272 fl
438 5189 675 5260 Corrigit
695 5189 939 5246 Cointius
963 5231 978 5256 ,
1021 5190 1333 5245 coadunavit
1363 5205 1390 5243 ε
1416 5188 1558 5244 vobis
1585 5227 1599 5253 ,
1645 5194 1694 5241 et
1725 5185 1885 5239 disse-

301 5278 533 5385 “iani;
549 5328 854 5399 Ludovicus
883 5325 1011 5382 Pius
1041 5335 1267 5399 vocatur
1308 5329 1604 5399 imperator
1642 5327 1877 5399 Franco-

305 5415 446 5462 rum,
473 5415 582 5454 non
611 5413 741 5453 vero
778 5398 1070 5468 imperator
1099 5395 1483 5468 Romanorum.
1517 5397 1690 5468 Graeci
1729 5395 1874 5468 enim

308 5483 408 5524 nec
427 5468 677 5523 Carolum
701 5464 950 5537 Magnum
975 5480 1076 5521 nec
1094 5464 1209 5534 ejus
1237 5467 1291 5521 in
1317 5467 1600 5535 imperium
1623 5465 1879 5537 Occiden-

308 5537 414 5594 tale
441 5533 820 5604 successores,
873 5545 1355 5607 quantumcunque
1381 5533 1459 5591 eis
1505 5533 1871 5606 inriiguerint,

1983 1765 2196 1821 dientes
2222 1765 2522 1832 volueritis,
2555 1765 2838 1822 vobiscum
2878 1767 3127 1822 similiter
3161 1767 3363 1822 habere
3407 1768 3564 1823 volu-

1981 1870 2122 1922 mus,
2148 1865 2203 1910 et
2227 1871 2415 1910 curam
2453 1857 2619 1912 vestri
2667 1856 2944 1926 ipsiusque
2985 1857 3300 1912 monasterii
3351 1871 3569 1926 semper

1981 1960 2162 2016 agere.
2179 1938 2246 2000 Et
2267 1946 2394 2015 quia
2408 1953 2619 2002 constat
2638 1959 2738 2016 per
2753 1946 2998 2000 chartam
3013 1946 3315 2002 donationis
3323 1945 3569 2015 praedicti

1981 2031 2158 2088 Patris
2181 2032 2347 2088 vestri
2375 2034 2625 2089 eumdem
2667 2035 3056 2089 monasterium
3101 2034 3360 2106 genitoris
3396 2036 3569 2090 nostri

1980 2123 2152 2194 prius,
2184 2133 2240 2180 et
2268 2125 2444 2180 denuo
2466 2133 2713 2180 nostrum
2733 2139 2854 2179 esse
2875 2124 3107 2192 alodem,
3132 2125 3379 2181 eamdem
3400 2123 3566 2179 licen-

1982 2218 2135 2283 tiam,
2169 2233 2331 2289 quam
2357 2219 2473 2288 ipse
2499 2219 2652 2289 prius
2671 2226 2727 2274 et
2754 2234 2855 2274 nos
2877 2219 3131 2289 deinceps
3153 2235 3253 2290 per
3297 2228 3567 2290 praecepta

1981 2308 2338 2363 immunitatis
2367 2307 2468 2362 visi
2502 2323 2688 2363 sumus
2717 2309 3032 2372 concedere,
3061 2309 3336 2379 perpetuis
3361 2317 3567 2379 tempo-

1982 2397 2135 2452 ribus
2163 2397 2393 2450 firmiter
2412 2397 2707 2451 observare
2751 2404 2806 2450 et
2828 2395 3209 2451 inviolabiliter
3241 2411 3568 2452 conservare

1978 2485 2390 2558 promittimus:
2443 2493 2506 2540 ut
2556 2484 2985 2556 quandocunque
3035 2484 3216 2540 divina
3280 2486 3565 2542 vocatione

1979 2577 2273 2649 praedictus
2302 2577 2472 2634 abbas
2494 2577 2578 2634 vel
2603 2591 2946 2633 successores
2973 2574 3090 2645 ejus
3117 2577 3182 2632 de
3202 2577 3305 2632 hac
3328 2576 3449 2632 luce
3474 2578 3568 2633 mi-

1979 2669 2276 2739 graveriut,
2290 2668 2531 2739 quandiu
2557 2669 2700 2724 inter
2719 2682 2816 2724 vos
2838 2667 2973 2724 tales
2999 2668 3241 2724 invenire
3260 2670 3564 2740 potueritis,

1979 2762 2070 2832 qui
2105 2761 2276 2830 ipsam
2296 2761 2770 2834 congregationem
2801 2761 3094 2818 secundum
3125 2761 3362 2832 regulam
3389 2761 3563 2817 sancti

1972 2852 2253 2916 Benedicti
2282 2867 2469 2924 regere
2495 2852 2728 2918 valeant,
2773 2867 2873 2922 per
2909 2865 3052 2922 saepe
3085 2852 3343 2922 scriptam
3387 2860 3443 2906 et
3477 2867 3566 2907 ro-

1979 2945 2226 3002 boratam
2253 2952 2500 3002 nostram
2554 2946 2932 3002 auctoritatem
2983 2945 3258 3001 licentiam
3318 2945 3566 3001 habeatis

1904 3013 1950 3077 θ’
1981 3055 2194 3111 semper
2241 3040 2472 3113 eligendi
2505 3039 2776 3116 abbatem.
2825 3039 3088 3110 Optamus
3123 3054 3222 3094 vos
3269 3053 3371 3108 pro
3404 3039 3566 3094 nobis

1978 3143 2196 3188 orantes
2228 3147 2295 3188 ac
2333 3139 2580 3188 sanctum
2604 3131 2936 3203 propositum
2980 3138 3224 3187 vestrum
3259 3129 3567 3186 custodien-

1980 3232 2061 3280 tes
2088 3239 2303 3295 semper
2327 3224 2465 3281 bene
2484 3224 2687 3279 valere.
2718 3224 2911 3278 Amen.

2527 3335 2865 3392 EPISTOLA
2907 3334 2994 3390 lll.

1981 3444 2264 3486 ΙΙΟΕΔΕΜΒ
2298 3446 2368 3485 ετ
2408 3443 2694 3485 τιιεοιιιιιιι
2733 3442 2862 3482 “LII
2901 3439 3150 3482 οιιεκτιε
3181 3440 3563 3482 ιιίηιιλτοιιυι

2441 3515 2511 3554 AD
2557 3513 2857 3554 ιυυονιοωι
2896 3512 3043 3552 PIUI.

2621 3589 2796 3658 (Anno
2832 3587 2982 3656 824.)

1983 3681 2172 3752 [Apud
2208 3679 2272 3732 D.
2301 3679 2588 3748 Bouquet.,
2625 3678 2779 3752 ibid.,
2809 3676 3140 3752 e_x_Baronio
3184 3677 3240 3731 in
3269 3675 3561 3732 Annalibus

2561 3739 2943 3801 ecclesiasticis.
2959 3739 2980 3816 ἶ

2050 3861 2107 3914 In
2143 3861 2363 3916 nomine
2391 3860 2607 3927 Patris,
2659 3867 2714 3916 et
2769 3859 2921 3924 Filii,
2968 3870 3024 3915 et
3069 3860 3303 3930 Spiritus
3355 3863 3558 3928 sancti,

1980 3951 2142 4005 unius
2167 3950 2267 4005 soli
2311 3950 2425 4006 veri
2451 3950 2568 4015 Dei,
2595 3950 2820 4005 Michael
2845 3959 2902 4004 et
2927 3950 3254 4022 Theophilus
3280 3951 3464 4008 ﬁdeles
3501 3953 3559 4008 in

1983 4042 2099 4112 ipso
2125 4041 2236 4096 Deo
2265 4041 2620 4112 imperatores
2663 4040 3030 4096 Romanorum
3075 4041 3269 4098 dilecto
3307 4051 3364 4098 et
3391 4043 3558 4099 bono-

1982 4133 2140 4188 rabili
2163 4132 2321 4188 fratri
2348 4130 2620 4188 Ludovico
2647 4130 2880 4201 glorioso
2906 4131 3016 4202 regi
3035 4130 3390 4197 Francorum,
3413 4132 3554 4188 Lon-

1980 4223 2360 4293 gobardorum,
2388 4229 2444 4278 et
2476 4223 2503 4262 ι»
2532 4229 2726 4276 vocato
2754 4235 2943 4276 eorum
2987 4221 3300 4291 imperatori
3333 4233 3379 4276 ο.

2055 4351 2069 4364 .
2099 4349 2114 4366 .
2143 4351 2156 4366 .
2182 4351 2196 4365 .
2231 4311 2258 4352 d
2294 4311 2373 4366 Ex
2414 4327 2479 4368 eo
2509 4320 2752 4381 tempore
2781 4326 2968 4367 omnes
3011 4311 3306 4366 Christiani
3349 4312 3556 4383 imperii

1979 4403 2152 4459 nostri
2179 4404 2246 4458 ad
2298 4403 2447 4472 pacis
2478 4403 2741 4458 unitatem
2794 4411 2850 4457 et
2895 4402 3177 4472 pristinam
3214 4403 3556 4458 concordiam

1979 4498 2276 4562 redierunt,
2303 4496 2670 4567 glorificantes
2699 4504 2755 4550 et
2800 4494 3211 4565 magniﬁcantes
3259 4511 3557 4566 propugna-

1981 4598 2153 4645 torem
2185 4595 2429 4643 nostrum
2465 4585 2750 4640 Dominum
2802 4582 2985 4639 Jesum
3033 4583 3306 4640 Christum
3351 4585 3442 4655 qui
3488 4587 3555 4640 ad

1979 4680 2243 4736 unitatem
2271 4677 2392 4733 ﬁdei
2417 4677 2721 4732 coadunare
2745 4675 2998 4746 populum
3023 4690 3180 4730 suum
3195 4674 3447 4745 dignatus
3474 4683 3557 4730 est
3621 4725 3626 4729 .

1976 4774 2031 4828 in
2055 4769 2442 4839 subjectionem
2488 4766 2631 4838 quod
2658 4767 2727 4821 ab
2764 4779 2829 4820 eo
2854 4774 2938 4820 est
2959 4763 3169 4834 imperii
3198 4763 3387 4818 nostri.
3415 4764 3558 4830 Quo-

1980 4861 2125 4916 circa
2156 4860 2376 4930 dignum
2401 4855 2826 4912 existimavimus
2854 4853 2970 4908 lucc
2990 4851 3144 4921 quasi
3170 4851 3395 4920 paciﬁca
3423 4851 3556 4906 ami-

1980 4971 2045 5012 co
2091 4964 2146 5011 et
2195 4953 2423 5025 spiritali
2455 4950 2607 5006 fratri
2635 4956 2856 5014 nostro,
2885 4954 2960 5011 et,
2980 4954 3041 4999 ut
3088 4945 3380 5008 credimus,
3406 4943 3556 4998 socio

1981 5046 2160 5119 gaudii
2183 5061 2214 5100 a
2246 5045 2356 5100 Deo
2385 5039 2596 5111 imperii
2623 5037 2796 5095 nostri
2843 5035 3127 5091 manifesta
3177 5033 3356 5089 facere
3377 5073 3392 5100 ,
3435 5046 3556 5103 qua:

1982 5182 2256 5248 Angustos
2282 5186 2337 5234 et
2383 5178 2738 5248 imperatores
2777 5172 3144 5230 Romanorum
3190 5183 3424 5241 unquam
3459 5182 3549 5238 ap-

1983 5251 2320 5374 pellam-i3...
2342 5315 2564 5372 Michael
2593 5316 2781 5386 imper.
2832 5319 3012 5368 motus
3039 5326 3069 5366 a
3101 5309 3304 5386 Thema
3328 5306 3554 5386 viresc-

1984 5390 2180 5460 ditioso
2201 5389 2524 5460 concitatos,
2552 5377 2775 5454 ejus'que
2816 5398 3005 5460 necem
3035 5400 3050 5436 :
3083 5381 3250 5436 multa
3295 5377 3555 5460 mentitur

1982 5460 2047 5514 de
2065 5458 2264 5528 Leonis
2301 5458 2490 5526 imper.
2534 5453 2726 5517 morte,
2767 5453 3181 5528 et_de_adeptoa
3221 5463 3280 5504 se
3306 5453 3552 5528 imperio.

2049 5526 2077 5567 ἀ
2116 5528 2172 5582 Id
2198 5536 2283 5583 est
2309 5521 2429 5598 post
2462 5531 2790 5596 reportatam
2818 5523 2882 5579 de
2907 5521 3112 5577 Tboma
3135 5529 3364 5592 tyranno
3390 5521 3552 5573 view-

1984 5599 2140 5655 riam.
