4006 6178
480 224 612 283 1515

464 451 572 508 que
599 433 722 490 ﬁdei
754 439 808 486 et
833 426 1110 499 religionis
1133 420 1432 479 cultoribus
1483 417 1662 471 facere
1686 421 1920 508 oportet,
1940 411 2059 508 lau-

467 505 624 581 dibus
649 529 705 577 et
750 517 966 591 hymnis
997 514 1364 570 collaudemus
1400 520 1455 566 et
1473 509 1838 582 gloriﬁcemus
1864 505 2056 561 Salva-

468 625 639 672 torem
680 619 925 667 nostrum
970 607 1154 663 Jesum
1191 606 1489 662 Christum.
1541 603 1870 673 Oportuerat
1911 599 2056 654 enim

467 703 653 759 statim
678 713 704 742 ι
730 700 784 754 in
811 696 1034 754 exordio
1061 695 1274 765 imperii
1301 694 1493 757 nostri,
1527 693 1668 747 sicut
1696 689 1923 762 spiritali
1954 688 2060 741 fra—

467 793 538 846 tri
565 798 754 845 nostro
773 794 828 842 et
857 785 1087 856 paciﬁco
1115 784 1292 838 amico
1322 823 1336 846 ,
1389 797 1489 852 per
1529 795 1688 834 veros
1739 780 1920 849 apices
1963 791 2061 830 no-

468 891 632 946 stros,
659 892 780 950 quae
808 891 937 946 erga
963 889 1064 928 nos
1089 881 1241 944 gesta
1292 879 1419 927 sunt
1451 870 1608 925 vobis
1662 868 2057 924 manifestare:

468 973 584 1036 sed,
609 971 750 1026 sicut
773 981 935 1037 supra
965 966 1169 1020 dictum
1201 970 1286 1017 est
1312 1005 1327 1027 ,
1374 962 1587 1032 prrefati
1620 960 1839 1031 tyranni
1869 967 1926 1013 et
1973 973 2060 1012 re—

470 1062 627 1119 bellis
651 1076 714 1115 ac
737 1058 881 1128 turpi
909 1066 1082 1112 morte
1122 1053 1466 1110 condemnati
1495 1051 1716 1106 Thomaa
1743 1049 1936 1106 seditio
1983 1048 2062 1102 fa-

471 1166 596 1208 cere
620 1148 914 1221 prohibuit.
953 1145 1031 1200 Ac
1053 1159 1186 1200 vero
1209 1159 1352 1198 nunc
1407 1142 1555 1197 dedit
1584 1140 1727 1196 Deus
1772 1141 1930 1196 nobis
1956 1141 2061 1194 hoc

471 1257 713 1314 praesens
735 1249 792 1296 et
815 1245 1176 1310 opportunum
1199 1246 1410 1306 tempus
1445 1242 1566 1304 post
1592 1234 1708 1303 ejus
1731 1233 2063 1288 interfectio.

473 1350 618 1397 nem,
647 1339 702 1388 et
725 1329 1178 1386 coadunationem
1202 1337 1258 1381 et
1275 1327 1622 1382 concordiam
1656 1325 1841 1395 populi
1863 1325 2058 1380 nostri.

473 1427 539 1480 Et
567 1426 688 1480 ideo
734 1425 939 1493 justum
987 1419 1417 1475 existimavimus
1452 1419 1671 1473 mittere
1707 1418 1774 1472 ad
1823 1425 2062 1472 vestram

473 1518 697 1589 gloriam
751 1513 1093 1569 Theodorum
1147 1510 1643 1581 protospatbarium
1706 1517 1956 1564 nostrum
2004 1516 2061 1564 et

1582 201 1906 263 LUDOV'ICI
1946 202 1967 256 Ι
2007 195 2478 255 COGNOMENTO
2514 195 2597 251 ΡΠ

463 343 750 402 nobiscum
777 344 897 393 acta
929 340 1077 397 sunt,
1107 338 1169 386 ut
1195 329 1424 401 pariter,
1443 327 1588 382 sicut
1604 323 1768 378 cuius
1785 319 2058 390 ejusdem-
2085 319 2139 378 Α

3619 189 3765 244 1516

2737 309 3071 368 EPISTOLA
3111 311 3178 366 IV

2159 424 2406 465 LUDOVICI
2456 424 2524 463 AD
2563 421 2884 462 BADUBADUI
2925 417 3407 460 PADERBORNENSSI
3436 416 3763 457 I’J'ISCOPCI.

2232 500 2299 556 In
2336 501 2562 571 gratiam
2608 497 2914 552 monasterii
2961 495 3285 549 Corbeieasis
3327 495 3384 548 in
3416 491 3692 547 Salonio.

2777 585 2951 656 (Anno
2976 584 3128 655 824.)

2161 679 2354 752 [Apud
2376 679 2439 732 D.
2471 679 2761 752 Bouquet._,
2804 677 2960 752 ibid.,
3006 675 3380 752 ex__Schaten.
3411 673 3615 728 Annal.
3653 671 3768 727 Pa-

2713 747 2885 810 derb.,
2915 762 3040 816 pag.
3068 745 3194 817 78.]

2231 841 2290 895 In
2321 841 2539 896 nomine
2569 839 2663 894 Dei
2693 849 2750 892 et
2780 837 3076 892 Salvatoris
3130 839 3302 893 nostri
3329 836 3458 892 Jesu
3505 840 3722 897 Christi
3748 886 3765 906 ,

2163 933 2488 996 Ludovicus,
2511 932 2693 987 divina
2729 930 3017 985 ordinante
3067 930 3428 1002 providentia,
3461 932 3767 1003 imperator

2162 1026 2440 1096 Augustus
2457 1023 2746 1078 Badurado
2777 1023 3031 1094 episcopo
3058 1029 3112 1085 et
3134 1021 3302 1076 misso
3329 1031 3539 1077 nostro.

2233 1116 2404 1173 Nosse
2433 1123 2486 1169 te
2522 1131 2630 1172 non
2678 1115 2990 1170 dubitamus
3016 1114 3252 1184 qualiter
3301 1122 3484 1170 nostra
3510 1113 3762 1183 iussione

2161 1207 2500 1263 Adelhardus
2539 1205 2811 1276 quondam
2842 1205 3010 1259 abbas
3048 1204 3317 1274 quoddam
3367 1208 3764 1260 monasterium

2165 1301 2218 1355 in
2255 1299 2550 1356 Saxonia‘a
2579 1314 2718 1354 novo
2750 1313 2914 1369 opere
2967 1298 3295 1362 construxit,
3325 1306 3380 1352 et
3408 1299 3582 1368 aliqui
3631 1300 3762 1353 boni

2165 1392 2414 1448 homines
2439 1393 2506 1446 de
2527 1391 2849 1461 quibusdam
2892 1391 3057 1445 rebus
3085 1389 3312 1444 solemni
3342 1391 3635 1445 donatione
3671 1391 3767 1446 do-

2164 1485 2432 1550 tavimus;
2459 1483 2525 1539 de
2546 1481 2743 1552 quibus
2770 1481 3023 1536 omnibus
3048 1480 3211 1535 rebus
3227 1489 3428 1536 nostrae
3456 1483 3766 1537 auctorita-

475 1571 769 1680 ztmtigon,
827 1607 1073 1661 Nicetam
1136 1603 1537 1658 sanctissimum
1584 1600 2059 1671 metropolitanum

2184 1578 2236 1632 is
2256 1584 2587 1647 preceptum
2633 1575 2779 1631 circa
2827 1575 2971 1629 idem
2997 1573 3387 1628 monasterium
3425 1572 3542 1628 fieri
3589 1571 3764 1641 jussi-

478 1662 778 1773 Myredsem
807 1698 986 1770 Lycim
1010 1697 1040 1736 ι»
1077 1694 1436 1749 Fortunatum
1463 1662 1928 1761 archiepiscopum
1951 1690 2060 1747 Ve-
2089 1683 2140 1744 B
2165 1682 2317 1773 “ius;
2337 1674 2400 1721 ιιι
2417 1675 2678 1773 {erimina
2705 1664 3005 1773 δδίνξηξοηθ
3035 1664 3087 1773 ξπ
3287 1662 3530 1773 ῗίιιεξίῗξη
3573 1680 3768 1773 ωξιὲ³’

477 1753 1072 1858 ηέιέτέζτὴεόἀοηιω
1125 1753 1666 1844 reverendiss-imnm'
1684 1753 1970 1840 diae-onum
2005 1793 2063 1840 et
2165 1757 2322 1815 sterii
2347 1755 2549 1812 eadem
2576 1771 2664 1811 res
2693 1755 3074 1811 consisterent.
3105 1753 3234 1818 Sed,
3261 1763 3323 1808 ut
3344 1753 3612 1810 relatione
3634 1757 3768 1809 Wa—

476 1898 816 1939 meonomum
859 1882 1016 1937 istius
1047 1880 1402 1936 sanctissima:
1437 1877 1532 1932 Dei
1558 1877 1840 1933 catholicae
1866 1886 1921 1932 et
1949 1893 2064 1932 ma-

476 1988 595 2042 gna:
619 1971 862 2028 ecclesiae
903 1971 961 2025 S.
995 1970 1232 2041 Sophia),
1259 1978 1312 2024 et
1342 1968 1577 2023 Leonem
1612 1975 1855 2022 nostrum
1879 1969 2064 2024 candi-

475 2064 682 2119 datum.
708 2064 776 2117 Et
795 2078 903 2116 non
943 2070 1153 2115 tantum
1183 2075 1278 2129 per
1303 2060 1402 2114 has
1450 2058 1705 2129 syllabas,
1735 2059 1828 2112 sed
1858 2067 1913 2113 et
1966 2074 2066 2130 per

479 2160 623 2229 ipsos
651 2157 798 2211 viros
829 2154 1211 2210 annuntiamus
1249 2161 1444 2206 vestra:
1496 2150 1682 2219 gloriae
1726 2150 1906 2204 omnia
1946 2165 2067 2220 qua:

477 2251 751 2321 proposita
784 2256 932 2312 sunt,
965 2255 1023 2301 ut
1052 2254 1161 2300 tam
1185 2260 1286 2316 per
1313 2258 1406 2299 eos
1435 2257 1706 2314 quamque
1730 2251 1784 2297 et
1818 2257 1916 2313 per
1938 2243 2068 2298 mis-

421 2341 426 2346 ⁷
478 2361 567 2399 sos
595 2345 741 2398 viros
769 2345 966 2398 iterum
1017 2341 1157 2396 scire
1204 2331 1488 2410 possemus
1535 2345 1732 2393 vestrm
1766 2335 2068 2393 dilectionis

478 2435 786 2498 sanitatem,
819 2431 1084 2500 simulque
1114 2429 1350 2484 ﬁdelium
1382 2435 1690 2483 vestrorum
1723 2425 2067 2482 incolumita-

478 2536 612 2590 tem,
646 2539 747 2579 nec
777 2537 881 2577 non
909 2529 963 2577 et
990 2521 1232 2578 omnium
1264 2535 1448 2575 rerum
1468 2527 1774 2574 vestrarum
1808 2516 1948 2588 apud
1971 2532 2070 2573 vos

478 2613 886 2670 consistendum
928 2609 1364 2681 prosperitatem.
1392 2609 1565 2664 Porro
1602 2623 1702 2679 per
1729 2609 1828 2662 has
1857 2615 2070 2663 nostras

479 2719 636 2760 veras
664 2711 720 2759 et
760 2702 949 2757 ﬁdeles
992 2701 1225 2774 syllabas
1252 2700 1673 2757 corroboramus
1696 2707 1751 2754 et
1773 2697 2068 2754 conﬁrma—

481 2813 600 2852 mus
645 2797 883 2866 priorem
912 2809 1101 2866 pacem
1127 2802 1182 2850 et
1211 2793 1505 2849 amicitiam
1553 2793 1698 2847 inter
1725 2807 1824 2847 vos
1874 2797 1929 2845 et
1971 2805 2071 2846 nos

480 2890 849 2952 constitutam,
881 2886 1239 2956 deprecantes
1277 2885 1629 2940 mediatorem
1660 2881 1901 2952 ejusdem
1921 2880 2071 2952 pacis

481 2981 756 3036 dominum
785 2979 877 3050 qui
907 2977 1044 3033 dixit
1078 2996 1090 3032 :
1126 2975 1322 3032 Pacem
1353 2993 1521 3031 meam
1577 2975 1645 3029 do
1668 2975 1842 3040 vobis,
1889 2988 2069 3042 pacem

482 3090 650 3127 meam
679 3071 914 3142 relinquo
944 3069 1088 3124 vobis
1119 3068 1298 3141 (Joan.
1319 3084 1429 3133 xw,
1453 3067 1575 3139 ‘27);
1605 3065 1854 3122 eamdem
1877 3080 1945 3138 pa

481 3163 902 3233 splendidiorem
948 3168 1004 3216 et
1048 3160 1406 3216 robustiorem
1433 3159 1611 3214 facere
1636 3198 1650 3224 ,
1699 3164 1755 3213 et
1787 3156 2075 3213 ostendere

482 3255 815 3323 temporibus
864 3261 920 3309 et
955 3252 1316 3324 potestatibus
1367 3249 1688 3321 praeteritis,
1725 3249 1979 3319 quoniam
2014 3256 2077 3302 et

485 3358 587 3396 nos
613 3335 694 3397 sic
717 3351 963 3397 tenemus
987 3351 1044 3398 et
1073 3355 1360 3410 speramus
1387 3340 1530 3408 quod
1556 3347 1611 3393 et
1648 3346 1829 3392 vestra
1880 3337 2075 3408 glorio-

479 3430 697 3484 sissima
719 3438 962 3500 potestas
983 3432 1056 3485 ita
1081 3429 1409 3493 consentiat,
1438 3429 1582 3483 sicut
1605 3437 1662 3482 et
1691 3438 1898 3484 nostra.
1925 3469 1941 3482 .
1969 3467 1984 3484 .
2012 3467 2030 3482 .
2055 3469 2070 3483 .

559 3519 666 3575 Sed
692 3527 746 3575 et
772 3521 874 3575 hoc
899 3528 1095 3575 vestrae
1117 3517 1334 3574 Christo
1353 3517 1570 3572 amabili
1600 3517 1874 3573 dilectioni
1903 3518 2075 3571 mani-

483 3607 769 3677 festamus,
799 3610 927 3680 quia
975 3609 1129 3663 multi
1179 3608 1245 3663 de
1295 3606 1678 3663 ecclesiasticis
1715 3622 1810 3663 seu
1838 3614 1894 3662 et
1922 3606 2074 3662 laicis

483 3701 638 3767 viris,
664 3700 825 3756 alieni
854 3700 920 3756 de
943 3699 1256 3771 apostolicis
1285 3699 1668 3755 traditionibus
1701 3697 1850 3765 facti,
1877 3705 1933 3753 et
1980 3713 2076 3756 ne-

483 3805 590 3861 que
614 3799 871 3862 paternos
891 3791 1152 3845 terminos
1173 3789 1555 3855 custodientes,
1579 3788 1706 3844 facti
1738 3797 1869 3844 sunt
1889 3789 2077 3843 inven-

483 3890 633 3938 tores
683 3881 950 3936 malarum
1005 3893 1187 3934 rerum
1222 3890 1268 3932 ο.
1298 3917 1315 3933 .
1341 3919 1356 3933 .
1383 3918 1397 3932 .
1423 3919 1438 3934 .
1465 3919 1481 3935 .
1509 3921 1522 3934 .
1549 3919 1566 3934 .
1607 3878 1762 3935 Unde
1813 3879 2074 3935 hOnorem

483 3972 742 4028 Ecclesiae
771 3971 975 4027 Christi
1008 3979 1332 4041 quaerentes,
1362 3968 1591 4025 fecimus
1610 3969 1821 4024 litteras
1849 3969 1918 4022 ad
1951 3981 2075 4022 san-

483 4064 785 4118 ctissimum
817 4076 1010 4132 papam
1041 4061 1275 4129 antiquae
1299 4061 1518 4127 Romae,
1576 4068 1632 4116 et
1679 4074 1772 4116 eas
1826 4059 2075 4114 misimus

483 4167 585 4224 per
611 4153 900 4226 praedictos
929 4153 1124 4208 missos
1163 4160 1381 4207 nostros
1415 4153 1482 4208 ad
1520 4166 1665 4207 eum.
1695 4192 1708 4206 .
1735 4191 1750 4206 .
1777 4190 1791 4205 .
1815 4191 1828 4204 .
1867 4151 1944 4205 De
1967 4166 2073 4205 caa-

487 4258 602 4302 tcro
636 4245 851 4299 ordinet
901 4252 1080 4298 vestra
1101 4243 1362 4314 Spiritalis
1385 4243 1603 4298 dilectio
1630 4252 1690 4298 ut
1714 4257 1837 4298 cum
1868 4242 2076 4296 honore

484 4335 631 4390 omni
662 4342 718 4390 et
743 4333 1000 4388 illaesione
1036 4334 1105 4388 ad
1139 4349 1263 4388 eum
1307 4336 1545 4389 veniant.
1573 4375 1586 4388 .
1611 4375 1624 4389 .
1653 4373 1665 4387 .
1694 4375 1708 4388 .
1760 4333 1936 4390 Causa
1961 4348 2076 4388 me.

484 4423 672 4478 moria:
700 4421 1005 4478 dilectionis
1033 4435 1151 4492 qua:
1181 4423 1323 4477 inter
1369 4437 1469 4478 nos
1494 4433 1578 4478 est
1608 4464 1624 4488 ,
1678 4424 1928 4480 misimus
1976 4437 2076 4492 per

486 4515 774 4586 praedictos
803 4514 999 4570 missos
1047 4525 1264 4571 nostros
1296 4515 1710 4586 prasinovultim
1749 4531 1940 4582 unum,
1973 4515 2074 4569 mi-

463 4603 790 4663 ‘linovultim
824 4622 994 4662 unum
1019 4606 1070 4674 ά,
1115 4607 1274 4678 Tyria
1311 4619 1334 4648 ο
1364 4608 1704 4673 duo,blattas
1727 4621 1886 4664 veras
1914 4607 2072 4674 duas,

485 4697 745 4753 Dirodina
780 4696 800 4736 ί
833 4697 960 4763 duo,
989 4698 1206 4752 diventa
1237 4701 1262 4740 ε
1283 4700 1408 4753 duo.

556 4787 814 4843 Absoluta
849 4803 1034 4843 mense
1061 4789 1252 4860 Aprili,
1281 4789 1369 4843 die
1408 4789 1638 4852 decima,
1663 4789 1956 4845 indictione
1981 4803 2073 4845 se-

485 4881 686 4944 cunda,
712 4894 741 4933 a
775 4881 886 4936 Deo
907 4887 1224 4936 consebrata
1251 4881 1397 4952 regia
1425 4882 1558 4935 urbe
1583 4881 1633 4934 ιι.

558 5135 588 5196 9
626 5120 856 5196 -ῌίοὶιαει
888 5122 1480 5196 regnare_cmpit_anno
1515 5120 1639 5175 820.

2100 4392 2154 4452 D

2165 1848 2273 1904 rini
2323 1847 2650 1903 venerabilis
2705 1844 2945 1914 ejusdem
3007 1843 3321 1900 monasterii
3368 1846 3762 1916 cognovimus,

2164 1937 2386 2009 quidam
2408 1937 2636 1994 comites
2660 1941 3020 1990 memoratum
3041 1942 3368 2004 praeceptum
3409 1945 3662 1988 nostrum
3686 1937 3766 1989 in-

2165 2027 2403 2100 fringere
2430 2035 2486 2083 et
2533 2026 2840 2083 convellere
2879 2024 3089 2090 volunt,
3141 2024 3196 2078 in
3246 2040 3312 2080 eo
3332 2023 3587 2080 videlicet
3617 2026 3765 2095 quod

2166 2121 2414 2178 homines
2440 2127 2548 2174 tam
2587 2119 2788 2174 liberos
2811 2133 2974 2189 quam
3006 2125 3064 2172 et
3103 2117 3256 2182 litos,
3306 2117 3399 2187 qui
3454 2132 3618 2186 super
3656 2126 3765 2171 ter-

2168 2227 2284 2266 ram
2315 2211 2556 2282 ejusdem
2588 2208 2904 2264 monasterii
2952 2207 3293 2272 consistunt,
3338 2207 3391 2260 in
3419 2208 3625 2261 hostem
3687 2207 3768 2260 ire

2167 2302 2490 2374 compellant
2542 2310 2600 2356 et
2651 2301 2976 2371 distringere
3026 2299 3186 2355 modo
3225 2297 3510 2367 judiciario
3555 2299 3765 2362 velint;

2169 2395 2313 2462 quod
2343 2393 2593 2448 nolumus
2618 2401 2679 2447 ut
2727 2392 2945 2446 faciant.
2994 2389 3062 2445 Et
3095 2390 3216 2445 ideo
3247 2406 3344 2460 per
3398 2391 3498 2445 has
3552 2390 3770 2445 litteras

2169 2494 2384 2540 nostras
2410 2484 2505 2538 tibi
2533 2483 2876 2553 prtecipimus
2902 2489 2961 2534 ut
2981 2490 3036 2534 tu
3067 2479 3191 2534 illud
3222 2488 3576 2549 praeceptum,
3595 2481 3764 2549 quod,

2171 2576 2313 2630 sicut
2338 2575 2596 2639 diximus,
2627 2575 2803 2628 eidem
2833 2572 3163 2627 monasterio
3200 2569 3450 2634 fecimus,
3478 2586 3765 2634 assumas,

2171 2664 2227 2720 el
2273 2666 2326 2720 in
2383 2665 2670 2735 prmsentia
2713 2663 3026 2718 eorumdcm
3081 2663 3370 2728 comitum,
3433 2661 3487 2715 in
3529 2677 3767 2730 quomm

2172 2755 2492 2811 ministeriis
2529 2771 2617 2810 res
2645 2754 2884 2825 prmdicti
2914 2753 3229 2808 monasterii
3272 2767 3392 2806 esse
3425 2762 3763 2815 noscuntur,

2173 2846 2338 2916 relegi
2368 2845 2556 2911 facias,
2585 2855 2639 2901 et
2663 2861 2728 2900 ex
2759 2853 2944 2899 nostra
2980 2844 3307 2900 auctoritate
3349 2843 3429 2898 eis
3479 2844 3767 2914 praecipias

2173 2945 2237 2992 ut
2255 2937 2482 2992 ulterius
2497 2945 2694 2991 nostrae
2725 2933 3064 2989 auctoritatis
3084 2943 3416 3003 prmceptum
3431 2931 3637 2986 violare
3659 2948 3768 2985 non

1951 3026 2068 3119 θέω
2096 3041 2141 3104 C
2172 3036 2526 3098 praesumant,
2550 3027 2641 3082 sed
2669 3027 2867 3098 potius,
2895 3026 3035 3081 sicut
3063 3026 3117 3079 iu
3140 3026 3329 3080 eodem
3350 3039 3624 3094 praecepto
3642 3040 3768 3079 con-

2177 3119 2400 3182 tinetur,
2430 3116 2559 3170 illud
2591 3129 2916 3170 conservare
2969 3114 3247 3173 studeant.
3303 3114 3347 3168 si
3385 3115 3618 3185 gratiam
3670 3130 3770 3168 no-

2177 3217 2346 3266 stram
2377 3209 2577 3262 habere
2600 3206 2785 3260 velint.

2750 3337 3084 3394 EPISTOLA
3127 3339 3192 3395 γ.

2175 3445 2410 3486 ινιεοοῐδι
2451 3445 2503 3483 IN
2539 3444 2818 3484 CONVENTU
2855 3444 3147 3483 PARISIENSI
3185 3443 3518 3485 εοκςιεελτι
3566 3445 3634 3483 ΔΙ)
3673 3445 3766 3484 ω·

2249 3515 2484 3556 ιδονιουι
2507 3514 2632 3554 1⁵11311
2662 3515 2731 3553 ΕΤ
2759 3514 3068 3554 ιοτιιλιιιωι
3105 3514 3173 3553 DE
3201 3515 3372 3555 CIIL'I'U
3401 3515 3695 3554 IIAGIKCI.

2787 3590 2970 3662 (Anno
2998 3590 3164 3662 825.)

2178 3684 2708 3756 (ligati-“epistolam
2727 3753 2745 3756 A
2765 3683 2896 3756 ride
2960 3683 3178 3756 hujusce
3241 3681 3554 3756 [analogia
3626 3693 3769 3756 tanta

2247 3751 2341 3808 XC
2356 3751 2521 3818 ῑἯῚ,
2551 3753 2652 3808 col.
2689 3753 2848 3819 1299,
2879 3754 3015 3808 inter
3031 3751 3215 3824 Opera
3244 3751 3420 3807 Caroli
3452 3751 3698 3821 Magni.)

2755 3885 3088 3941 EPISTOLA
3131 3885 3197 3942 Vl

2177 3991 2424 4031 LUDOVICI
2466 3993 2533 4030 AD
2566 3990 2866 4030 IIIEREIIAI
2904 3990 3244 4031 SENONENSEI
3278 3991 3348 4031 ΕΤ
3386 3989 3554 4030 ΙΟΝΑΙ
3593 3990 3770 4030 Αιῖιε-

2644 4063 2937 4100 ιιΑΝΕΝεεΙ
2979 4061 3290 4101 ενιεεορωι.

2179 4135 2649 4208 Commonitorium
2676 4138 2802 4208 ipsis
2829 4137 3012 4191 datum
3043 4153 3160 4208 cunt
3189 4135 3350 4208 legati
3378 4134 3599 4189 Romam
3628 4138 3771 4190 irent

2304 4208 2374 4262 ad
2406 4206 2704 4278 Eugenium
2737 4206 2801 4260 ΙΙ
2822 4225 3012 4278 papam
3037 4207 3090 4259 in
3121 4222 3284 4260 causa
3310 4207 3618 4276 imaginum.

2797 4297 2971 4367 (Anno
2997 4296 3150 4370 824.)

2180 4387 2412 4462 [Baluz.,
2446 4387 2866 4462 Capitul._,_tom.
2899 4388 2950 4462 Ι,
2979 4404 3048 4462 ex
3071 4387 3586 4462 Goldast‘.‘,_Constit.
3614 4390 3767 4454 imm,

2575 4469 2631 4514 et
2668 4459 2966 4524 Sirmond.,
2997 4457 3158 4514 Cone.
3198 4457 3370 4530 Gall.]

2254 4572 2540 4629 Hieremiae
2587 4580 2644 4626 et
2689 4570 2838 4627 Jonm
2864 4612 2878 4635 ,
2938 4571 3341 4626 venerabilibus
3372 4571 3674 4641 episcopis,
3713 4572 3765 4625 in

2180 4665 2410 4721 Domino
2432 4663 2683 4720 salutem.

2253 4758 2533 4813 Venerunt
2587 4756 2656 4808 ad
2704 4752 3052 4823 prmsentiam
3100 4761 3342 4808 nostram
3385 4753 3400 4793 ί
3436 4751 3766 4822 llalitgarius

2181 4854 2235 4900 et
2280 4844 2587 4898 Amalarius
2617 4841 2854 4914 episcopi
2901 4858 2996 4896 vut
3049 4841 3172 4896 ldus
3219 4839 3570 4904 Decembris,
3619 4840 3764 4894 defe-

2187 4945 2365 4993 rentes
2421 4933 2771 4990 collectiones
2817 4932 2882 4987 de
2928 4927 3086 4986 libris
3125 4940 3438 4986 sanctorum
3498 4931 3720 4984 Patrum
3749 4972 3764 4990 ,

2213 5113 2890 5175 nhvoB).a'zmv.Pt'asinum
2930 5114 3134 5181 viride,
3194 5112 3455 5168 melinum
3516 5107 3723 5164 luteum
3747 5150 3762 5172 ,

560 5139 588 5162 ι
627 5139 856 5178 mcuaet
888 5139 1113 5196 regnare
1141 5139 1306 5192 cmptt
1338 5139 1480 5175 anno
1515 5139 1639 5175 δΖυ.
2213 5139 2585 5175 mune/armo.
2609 5139 2890 5171 rt'asmutu
2935 5139 2997 5168 vu

560 5193 588 5234 δ
626 5192 958 5250 Fortunatus
983 5234 999 5260 ,
1072 5193 1266 5247 itinere
1318 5191 1544 5245 Romam
1589 5204 1736 5260 cum
1767 5187 2072 5260 oratoribus
2173 5139 2714 5260 ﬁlauavermiculus,
2737 5200 2997 5260 purpura.

489 5265 768 5320 Michaelis
792 5257 994 5330 imper.
1035 5270 1307 5330 suscepto,
1345 5266 1699 5330 mortuusest
1727 5259 1781 5312 in
1818 5257 2068 5330 Erancia.

565 5345 587 5373 ο
626 5334 821 5390 Postea
852 5327 1077 5390 Michael
1124 5327 1374 5401 imperat.
1433 5328 1728 5401 catholicos
1763 5327 2074 5401 calumnia-

487 5413 597 5468 tur,
623 5405 899 5475 multaque
935 5410 1122 5459 narrat
1161 5399 1296 5456 falsa
1324 5408 1381 5457 et
1417 5414 1538 5471 quae
1562 5400 1738 5454 virum
1762 5399 2074 5453 luereticum

873 5543 1110 5616 Cangius
1137 5543 1238 5597 has
1259 5541 1395 5616 duas
1418 5555 1581 5596 voces
1603 5537 2000 5616 prasinopultim
2022 5545 2078 5616 et

495 5610 856 5667 milinovumm
890 5610 1199 5670 etToi-matas
1229 5627 1297 5668 ex
1332 5610 1521 5667 Graeco
1559 5610 1998 5686 πρασινοῦάττην
2023 5614 2079 5662 et

2252 5268 2274 5325 φ
2313 5255 2556 5325 Tyrium,
2588 5254 2823 5325 purpura
2850 5254 3033 5324 Tyria,
3061 5269 3272 5325 pannus
3298 5265 3621 5325 purpureus.

2253 5324 2272 5364 τ
2290 5317 2624 5390 Dirodinuni,
2642 5317 2739 5394 pro
2751 5317 3148 5389 diarliodinu'm,
3163 5317 3382 5394 pallium
3395 5317 3533 5378 rosei
3543 5317 3769 5375 coloris.

2249 5404 2276 5443 ι
2318 5395 2625 5457 Diventum,
2652 5412 2755 5450 vox
2779 5395 2979 5465 ignota.

2251 5466 2278 5544 1}
2307 5465 2483 5548 Elegia
2504 5467 2659 5546 urbe,
2688 5462 2852 5545 id.th
2878 5462 3364 5548 Constantinopoli.

2261 5537 2276 5574 ί
2307 5530 2635 5605 Halitgarius
2675 5536 2962 5604 episcopus
2999 5547 3115 5588 erat
3143 5530 3572 5597 Cameracensis,
3604 5530 3768 5586 Ama-

2191 5606 2358 5660 larius
2389 5606 2746 5660 Trcvirensis.
