4006 6178
316 207 448 263 1517

1783 207 2162 266 ΕΡΙΞΤΟιᾹΞ.

3440 221 3579 277 1318

315 335 452 392 quas
481 321 533 374 in
570 332 594 359 α
637 325 902 373 conventu
940 317 1081 386 apud
1127 317 1363 372 Parisios
1393 318 1580 372 habito
1608 317 1766 371 simul
1801 333 1900 387 po-
1925 325 1975 385 Ᾱ
2000 321 2223 379 Christo
2245 323 2396 378 Patri
2423 324 2686 395 Eugenio,
2709 339 2922 381 mmmo
2943 328 3185 396 pontifici
3209 339 3266 386 et
3285 335 3580 396 universali

316 411 404 464 siti
425 407 738 479 collegistis,
761 419 896 475 quas
925 406 1091 460 etiam
1124 420 1308 460 coram
1340 405 1496 460 nobis
1529 404 1730 474 perlegi
1765 404 1896 460 feci-

318 515 456 554 mus.
514 499 582 552 Et
629 497 754 566 quia
799 495 1144 565 placuerunt,
1200 503 1256 550 et
1307 495 1375 549 ad
1421 495 1473 549 id
1507 503 1730 564 propter
1753 495 1896 563 quod

318 587 551 644 collecta
599 594 728 641 sunt
757 584 1081 639 necessariae
1125 591 1288 652 atque
1313 583 1473 638 utiles
1502 599 1532 636 a
1563 584 1720 637 nobis
1756 582 1899 651 judi-

319 685 509 732 cantur
538 717 554 741 ,
603 676 705 730 sub
733 675 880 730 omni
915 673 1199 729 celeritate
1226 673 1380 728 vobis
1406 673 1717 727 censuimus
1762 672 1896 726 diri-

317 766 535 836 gendas.
584 764 793 819 Idcirco
847 763 1188 818 admonendo
1260 762 1606 832 praecipimus
1661 761 1900 817 solertiae

318 863 513 910 vestrae
550 862 612 909 ut
637 854 958 924 priusquam
988 855 1054 909 de
1082 851 1168 908 his
1201 852 1404 922 aliquid
1449 853 1647 906 domno
1685 860 1899 922 aposto—

315 948 422 1002 lico
473 948 745 1014 indicetis,
791 947 1034 1019 diligenti
1073 962 1202 1002 cura
1252 947 1443 1002 eadem
1477 962 1575 1030 vos
1612 961 1900 1003 recensere

316 1039 539 1103 curetis,
565 1046 620 1092 et
646 1053 708 1093 ea
739 1053 860 1108 quas
883 1039 1076 1094 melius
1103 1046 1158 1092 et
1188 1039 1367 1108 aptius
1400 1039 1653 1107 praesenti
1679 1040 1898 1107 negotio

317 1128 609 1182 convenire
658 1125 1006 1194 inveneritis,
1055 1143 1351 1198 excerpere
1380 1137 1543 1198 atque
1596 1131 1903 1184 describere

319 1219 503 1288 illique
526 1219 595 1274 ad
620 1218 905 1290 legendum
949 1218 1146 1276 offerre
1195 1219 1500 1285 studeatis;
1541 1220 1667 1289 quia
1707 1221 1851 1275 enim
1883 1260 1898 1284 ,

319 1316 379 1362 ut
423 1308 594 1362 nostis
620 1349 634 1373 ,
664 1323 765 1363 nos
798 1309 866 1363 ab
897 1322 964 1363 eo
1001 1309 1294 1379 petivimus
1333 1309 1604 1364 licentiam
1637 1318 1903 1378 quatenus

320 1399 421 1453 has
448 1398 793 1454 collectiones
820 1413 851 1453 a
883 1399 1260 1454 sacerdotibus
1283 1401 1486 1454 nostris
1515 1400 1632 1454 fieri
1671 1401 1899 1469 permit-

321 1497 476 1546 teret.
511 1489 580 1544 Et
605 1489 726 1544 ideo
757 1505 865 1545 non
892 1491 1089 1560 poterit
1115 1491 1455 1560 praetermitti
1478 1491 1608 1560 quin
1635 1492 1687 1545 ei
1713 1499 1900 1546 osten-

320 1581 482 1632 datur
523 1579 667 1647 quod
715 1593 783 1633 ex
840 1579 1012 1648 ipsius
1055 1579 1414 1648 permissione
1473 1579 1757 1633 collectum
1794 1587 1896 1633 est.-

321 1667 454 1723 lllud
491 1675 672 1722 tamen
720 1683 1065 1739 summopere
1115 1671 1444 1738 prazvidete,
1506 1680 1565 1724 ut
1601 1685 1664 1724 ea
1713 1670 1790 1724 illi
1835 1670 1902 1725 de
1930 1672 1976 1730 B

320 1758 404 1813 his
427 1758 726 1814 ostendatis
756 1775 864 1829 que
899 1761 1094 1814 rationi
1147 1761 1216 1815 de
1262 1761 1586 1832 imaginibus
1643 1763 1902 1854 habepdm

318 1863 416 1917 per
441 1851 622 1904 omnia
649 1851 992 1916 conveniant,
1032 1862 1088 1908 et
1113 1856 1256 1923 quod
1293 1855 1405 1924 ipse
1431 1856 1514 1909 vel
1548 1857 1630 1911 sui
1680 1851 1904 1924 rejiccre

320 1940 540 1995 minime
565 1942 800 1996 valeant.
831 1942 936 1997 Sed
967 1951 1022 1998 et
1048 1959 1144 1998 vos
1204 1945 1306 2014 ipsi
1360 1955 1468 2000 tam
1520 1947 1791 2015 patienter
1838 1961 1904 2001 ac

323 2028 566 2084 modeste
589 2043 710 2083 cum
741 2043 806 2084 eo
835 2032 902 2085 de
931 2031 1032 2086 hac
1063 2047 1228 2087 causa
1261 2035 1676 2104 disputationem
1699 2038 1901 2092 habea-

319 2116 412 2182 tis,
462 2125 524 2171 ut
573 2133 915 2188 summOpere
943 2122 1182 2176 caveatis
1217 2137 1285 2177 ne
1321 2124 1483 2178 nimis
1509 2125 1559 2179 ei
1594 2126 1901 2182 resistendo

325 2221 447 2262 eum
469 2209 521 2262 in
547 2208 781 2278 aliquam
805 2210 1213 2267 irrevocabilem
1230 2214 1587 2282 pertinaciam
1610 2216 1638 2255 ι)
1661 2216 1904 2272 incidere

323 2298 657 2366 compellatis
681 2315 696 2363 ;
727 2300 819 2354 sed
845 2301 1100 2365 paulatim
1129 2341 1145 2367 ,
1186 2304 1369 2357 verbis
1396 2302 1514 2370 ejus
1559 2306 1714 2372 quasi
1743 2308 1903 2361 obse-

323 2387 560 2456 quendo,
589 2388 763 2458 magis
793 2403 956 2456 quam
986 2399 1174 2458 aperte
1203 2392 1511 2447 resistendo
1539 2434 1554 2458 ,
1585 2395 1653 2448 ad
1681 2409 1904 2450 mensu-

323 2493 441 2532 ram
466 2492 586 2547 quze
615 2479 668 2532 in
707 2479 971 2536 habendis
999 2481 1325 2551 imaginibus
1348 2483 1633 2538 retinenda
1669 2492 1755 2540 est
1781 2498 1906 2538 eum

323 2568 589 2624 deducere
613 2569 862 2636 valeatis,
885 2579 941 2626 et
965 2572 1087 2627 ideo
1114 2573 1294 2643 potius
1321 2573 1536 2629 efﬁcere
1559 2575 1902 2631 contendatis

323 2665 384 2712 ut
421 2658 694 2728 negotium
722 2659 789 2714 de
815 2675 924 2730 quo
969 2661 1148 2732 agitur
1196 2663 1266 2718 ad
1310 2663 1588 2721 meliorem
1632 2679 1794 2735 quam
1837 2667 1906 2721 ad

323 2745 560 2818 pejorem
607 2757 808 2804 statum
865 2766 987 2806 cum
1047 2752 1142 2809 Dei
1208 2753 1476 2822 adjutorio
1556 2757 1902 2825 perducatur.

323 2840 616 2912 Postquam
643 2857 774 2898 vero
803 2843 945 2900 hanc
969 2846 1233 2901 rationem
1259 2847 1328 2902 de
1351 2848 1667 2904 earumdem
1711 2849 1904 2919 imagi-

325 2945 455 2984 num
484 2945 646 2986 causa
669 2935 1176 2990 consummaveritis
1197 2975 1213 3000 ,
1249 2936 1294 2990 si
1324 2945 1502 2991 tamen
1536 2938 1641 2992 hoc
1666 2938 1736 2992 ad
1759 2938 1904 2994 nihi-

326 3017 436 3072 luin
467 3019 708 3074 Romana
749 3023 1052 3090 pertinacia
1100 3026 1448 3093 permiserit,
1499 3035 1562 3082 ut
1598 3027 1736 3083 ratio
1764 3029 1908 3088 inter
1932 3017 1978 3079 C

324 3122 422 3163 vos
462 3108 648 3165 habita
685 3110 868 3181 aliquo
895 3113 1038 3168 bono
1073 3123 1128 3169 et
1177 3117 1516 3172 convenienti
1552 3117 1658 3174 ﬁne
1684 3118 1906 3176 clauda-

328 3205 436 3265 tur,
467 3205 523 3252 et
571 3199 661 3255 ille
702 3202 856 3256 vobis
913 3203 1230 3260 indicaverit
1258 3209 1401 3277 quod
1438 3208 1646 3280 legatos
1672 3225 1800 3266 suos
1835 3211 1906 3269 ob

324 3288 569 3342 eamdem
607 3303 826 3344 causam
858 3291 913 3344 in
935 3291 1198 3350 Graeciam
1227 3297 1447 3354 mittere
1481 3300 1632 3366 velit,
1654 3300 1906 3358 volumus

325 3382 387 3427 ut
413 3391 534 3431 eum
566 3377 910 3450 interrogetis
951 3383 996 3437 si
1050 3383 1125 3438 illi
1166 3386 1378 3456 placeat
1426 3397 1487 3444 ut
1524 3391 1702 3448 nostri
1744 3391 1906 3464 legati

324 3468 533 3537 pariter
565 3485 686 3525 cum
714 3472 828 3528 suis
849 3473 904 3528 in
949 3473 1215 3533 Greciam
1241 3489 1490 3553 pergant.
1533 3483 1604 3538 Et
1644 3484 1694 3540 si
1726 3485 1830 3542 hoc
1855 3485 1906 3542 ei

327 3560 519 3614 melius
547 3561 720 3622 visum
748 3561 932 3629 fuerit,
953 3579 1120 3634 seque
1144 3570 1364 3624 omnino
1384 3571 1521 3625 velle
1543 3574 1906 3642 responderit,

329 3657 455 3704 tunc
483 3650 734 3705 volumus
770 3666 805 3704 ιι
869 3651 972 3706 sub
996 3654 1143 3707 omni
1168 3653 1514 3713 festinatione
1554 3659 1752 3717 litteris
1788 3677 1909 3718 ves-

330 3739 428 3793 tris
457 3755 489 3793 a
514 3739 666 3794 vobis
691 3739 759 3792 ad
790 3754 891 3795 nos
918 3740 1139 3798 directis
1161 3758 1260 3799 nos
1285 3746 1411 3801 inde
1446 3757 1627 3805 certos
1656 3749 1865 3808 faciatis
1887 3791 1906 3819 ,

330 3825 598 3896 simulque
620 3835 675 3882 et
699 3827 768 3884 de
788 3836 968 3885 vestro
997 3830 1230 3888 adventu
1250 3833 1317 3888 ad
1339 3851 1470 3903 nos;
1497 3847 1559 3894 ut
1577 3853 1642 3896 eo
1667 3849 1908 3912 tempore

332 3931 440 3986 quo
467 3932 565 3971 vos
602 3917 670 3972 ad
697 3927 941 3974 nostram
975 3922 1232 3979 veneritis
1269 3929 1630 3995 praesentiam,
1669 3931 1910 4003 Halitga-

333 4007 470 4059 rium
497 4015 551 4061 et
576 4007 910 4064 Amalarium
936 4013 1214 4068 nobiscum
1251 4016 1558 4074 inveniatis.
1587 4022 1695 4077 Vos
1724 4030 1908 4080 autem

333 4111 453 4150 cum
477 4097 674 4152 domno
689 4091 984 4168 apostolico
1005 4103 1344 4160 considerate
1359 4107 1449 4162 uhi
1476 4107 1565 4164 ille
1586 4110 1670 4165 vel
1691 4113 1907 4180 quando

333 4187 461 4241 velit
489 4198 546 4242 ut
573 4189 655 4244 sui
681 4205 746 4245 ac
773 4194 943 4247 nostri
972 4194 1130 4264 legati
1159 4197 1224 4251 ad
1260 4213 1427 4253 naves
1467 4201 1908 4260 conscendendas

333 4292 390 4331 se
411 4275 636 4348 jungere
676 4280 930 4349 debeant,
954 4291 1009 4338 et
1053 4285 1156 4340 hoc
1193 4287 1349 4342 nobis
1375 4302 1474 4357 per
1500 4291 1864 4360 nosmetipsos
1887 4332 1902 4357 ,

332 4383 453 4422 cum
484 4369 593 4424 Deo
624 4370 836 4426 volente
863 4373 1142 4438 veneritis,
1179 4377 1502 4432 annuntiare
1530 4380 1776 4448 potestis.

886 4479 1216 4536 EPISTOLA
1255 4482 1364 4538 VII.

635 4562 878 4602 LUDOVICI
918 4567 985 4602 AD
1023 4566 1292 4606 EUGENIUI
1331 4569 1369 4607 ΙΙ
1406 4570 1574 4609 ΡΑΡΛΠ
1607 4597 1623 4622 ,

333 4629 497 4685 Missa
535 4650 627 4703 per
655 4633 981 4714 Hieremiam
992 4706 1003 4714 _
1021 4648 1075 4714 et
1096 4639 1289 4714 Ionam
1315 4643 1600 4714 episcopos,
1625 4662 1744 4701 cum
1772 4649 1904 4703 actis

816 4706 1003 4775 synodi
1034 4706 1373 4766 Parisiensia.

945 4776 1119 4847 (Anno
1145 4778 1297 4852 824.)

912 4867 1145 4940 [Baluz.,
1169 4871 1324 4944 ibid.]

397 4957 750 5017 Sanetissimo
814 4977 878 5017 ac
949 4965 1399 5022 reverendissimo
1471 4967 1670 5024 domno
1722 4980 1777 5025 et
1848 4971 1904 5026 in

394 5122 422 5150 ιι
451 5108 762 5189 Conventus
781 5114 881 5189 iste
893 5115 1220 5189 Parisiensis
1244 5118 1467 5174 habitus
1494 5129 1578 5176 est
1604 5136 1748 5177 anno
1770 5123 1897 5189 825,

322 5187 383 5264 ut
407 5186 555 5264 patet
573 5195 649 5264 ex
671 5183 906 5264 epistola
945 5187 1334 5264 episcoporum
1339 5191 1414 5264 _i_n_
1451 5205 1514 5246 eo
1541 5183 1896 5264 congregan

323 5247 538 5331 miliaad
573 5247 901 5331 Ludovicum
934 5247 1255 5331 Augustum.
1283 5256 1443 5331 (Vide
1479 5260 1624 5331 epist.

393 5318 424 5358 δ
451 5319 718 5393 Batonius
743 5322 810 5374 ad
835 5318 1047 5393 annum'
1079 5325 1183 5379 825
1229 5318 1471 5384 referens
1497 5318 1646 5385 hunc
1688 5318 1887 5393 lecum,

323 5398 381 5441 ut
416 5389 773 5470 eum.molliat
793 5431 808 5452 .
851 5392 966 5470 haec
1009 5393 1239 5470 adnotat
1271 5398 1327 5470 in
1358 5400 1603 5470 margine
1629 5414 1644 5453 :
1674 5418 1694 5450 ι
1723 5389 1899 5454 Persii-

323 5457 475 5540 βαρέα
512 5471 610 5540 pro
656 5457 992 5540 Constantia_
1009 5461 1347 5540 boclsaaculo
1389 5457 1643 5540 usurpari
1687 5471 1845 5526 solita
1877 5509 1895 5536 ,

323 5524 464 5608 inter
508 5527 642 5581 alios
685 5538 905 5608 sanctus
951 5531 1206 5608 Eulogius
1250 5537 1362 5590 suis
1405 5524 1621 5608 scriptis
1651 5524 1829 5603 docet.
1868 5524 1888 5594 ί

1997 5337 2213 5400 bulum,
2271 5339 2576 5407 ubicunque
2626 5341 2928 5460 rﬁperitur,
2990 5337 3101 5395 sem

1997 5415 2208 5460 partem
2238 5407 2535 5460 accipiatur
2557 5448 2571 5460 .
2606 5408 2656 5460 di
2699 5409 2818 5460 tcile
2855 5419 2939 5460 est
2965 5412 3101 5460 exist

1996 5415 2208 5529 partem
2238 5407 2535 5487 accipiatur
2557 5407 2712 5488 ,‘diﬂi

2015 5479 2200 5529 rabere
2244 5491 2402 5529 posse
2456 5476 2712 5529 significat

2001 427 2151 483 papa:
2174 413 2480 469 Ludovicus
2503 422 2561 469 et
2589 413 2900 481 Lotbariua,
2937 416 3117 471 divina
3145 422 3429 478 ordinante
3451 439 3584 495 pro.

1999 505 2256 570 videntia,
2288 505 2639 574 imperatores
2663 505 2920 576 Augusti,
2954 507 3227 578 spiritales
3260 511 3368 567 filii
3387 513 3582 585 vestri,

1999 594 2382 662 sempiternam
2423 596 2476 650 in
2524 595 2753 652 Domino
2801 606 2988 653 nostro
3035 597 3161 654 Jesu
3221 601 3442 661 Christo
3494 625 3584 665 sa-

2001 683 2186 737 lutém.

2071 793 2207 861 Quia
2231 798 2498 851 veraciter
2520 812 2619 852 nos
2639 797 2910 854 debitores
2924 814 3044 855 esse
3061 804 3410 873 cognovimus
3421 814 3480 860 ut
3497 808 3584 863 his

2000 886 2195 954 quibus
2222 888 2461 956 regimen
2500 888 2861 943 Ecclesiarum
2890 897 2945 944 et
2965 892 3146 945 ovium
3177 892 3580 950 Dominiearum

2001 994 2130 1035 cura
2163 980 2452 1034 commissa
2491 988 2611 1046 est,
2657 981 2711 1035 in
2755 982 3007 1036 omnibus
3036 984 3214 1039 causis
3244 986 3312 1040 ad
3343 987 3583 1042 divinum

2001 1070 2203 1124 cultum
2254 1071 2653 1139 pertinentibus
2707 1086 2862 1141 opem
2911 1080 3074 1143 atque
3121 1076 3382 1131 auxilium
3415 1118 3430 1143 ,
3487 1094 3585 1148 pro

2000 1159 2259 1229 qualitate
2298 1160 2494 1214 virium
2531 1169 2840 1216 nostrarum
2865 1169 2920 1216 et
2946 1161 3248 1220 intellectus
3275 1167 3450 1223 nostri
3487 1184 3580 1224 ca-

2000 1251 2270 1321 pacitate,
2314 1251 2550 1307 feramus
2581 1293 2595 1316 ,
2647 1253 2850 1310 idcirco
2887 1258 3304 1323 praetermittere
3343 1261 3585 1329 nequivi-

2001 1358 2121 1397 mus
2143 1343 2270 1412 quin
2307 1352 2432 1400 tunc
2461 1385 2474 1409 ,
2501 1344 2716 1414 quando
2745 1345 2907 1414 legati
2944 1345 3254 1401 Graecorum
3286 1350 3442 1405 nobis
3469 1367 3586 1405 ma-

2002 1431 2397 1489 nifeslaverunt
2457 1435 2672 1505 qualem
2748 1436 2816 1490 ad
2866 1451 2962 1492 vos
3031 1438 3289 1493 deberent
3343 1441 3584 1511 perferre

2003 1521 2345 1591 legationem,
2368 1541 2573 1579 summa
2600 1542 2729 1581 cura
2751 1542 2815 1582 ac
2837 1527 3197 1584 sollicitudine
3220 1540 3582 1587 tractarenms

2005 1615 2164 1685 quale
2216 1619 2369 1672 vobis
2423 1619 2748 1689 adiutorium
2786 1619 2840 1673 in
2891 1621 2993 1676 hoc
3040 1623 3257 1693 negotio
3311 1639 3435 1678 cum
3483 1624 3579 1679 Dei

2005 1708 2208 1762 amilio
2256 1709 2515 1764 exhibere
2565 1710 2946 1781 potuissemus.
2980 1711 3047 1764 Et
3075 1713 3144 1768 ob
3175 1713 3277 1767 hoc
3322 1729 3352 1767 a
3399 1725 3579 1768 vestra

2004 1797 2293 1851 sanctitate
2329 1797 2618 1867 petivimus
2649 1809 2707 1853 ut
2737 1799 3108 1856 sacerdotibus
3154 1803 3353 1858 nostris
3401 1802 3586 1859 liceret

2003 1887 2069 1942 de
2123 1888 2277 1943 libris
2332 1897 2647 1943 sanctorum
2700 1889 2920 1945 Patrum
2992 1892 3289 1947 sententias
3342 1909 3585 1962 quaerere

2003 1984 2163 2047 atque
2191 1975 2442 2048 colligere
2465 1995 2584 2048 qua:
2614 1980 2679 2034 ad
2707 1981 2951 2034 eamdem
2988 1996 3102 2035 rem
3139 1997 3238 2050 pro
3277 1997 3381 2051 qua
3421 1983 3583 2037 iidem

2003 2067 2163 2137 legati
2203 2083 2298 2122 vos
2328 2068 2627 2123 consulturi
2675 2079 2832 2124 erant
2861 2111 2875 2136 ,
2925 2072 3194 2126 veraciter
3223 2073 3582 2128 deliniendam

2003 2159 2292 2212 convenire
2311 2159 2617 2227 potuissent
2645 2175 2657 2212 :
2686 2175 2823 2229 quas
2847 2175 2967 2214 cum
2997 2159 3070 2214 illi
3088 2159 3242 2230 juxta
3269 2179 3585 2218 concessam

2004 2248 2168 2302 etiam
2213 2262 2244 2302 a
2299 2249 2452 2303 vobis
2503 2249 2778 2303 licentiam
2828 2249 3056 2304 solerter
3101 2252 3482 2322 inquirerent,
3531 2265 3587 2308 et

2007 2336 2189 2391 divina
2219 2337 2521 2405 opitulante
2548 2338 2718 2407 gratia
2740 2339 3001 2408 quidquid
3033 2340 3274 2395 invenire
3296 2350 3406 2397 tam
3433 2343 3584 2399 brevi

2007 2428 2266 2497 temporis
2300 2428 2476 2498 spatio
2505 2435 2841 2497 potuerunt,
2894 2429 3276 2499 collegissent,
3319 2435 3476 2488 nobis
3519 2449 3586 2490 ea

2003 2514 2328 2586 perlegenda
2356 2517 2692 2571 direxerunt.
2733 2514 2939 2582 Quibus
2967 2518 3222 2587 perlectis
3248 2560 3263 2585 ,
3295 2535 3356 2574 ea
3391 2531 3586 2578 vestra:

2007 2606 2286 2661 sanctitati
2313 2606 2536 2677 legenda
2566 2615 2727 2676 atque
2748 2609 3104 2663 examinanda
3127 2625 3222 2680 per
3249 2610 3348 2666 hos
3378 2611 3588 2684 legatos

2006 2705 2222 2751 nostros
2245 2737 2259 2760 ,
2316 2696 2645 2752 Hieremiam
2691 2697 2901 2754 scilicet
2939 2709 2994 2754 et
3021 2698 3213 2756 Jonam
3249 2703 3583 2761 venerabiles

2009 2789 2314 2858 episcopos,
2341 2789 2557 2844 mittere
2584 2791 2925 2857 curavimus;
2959 2807 3080 2847 cum
3105 2793 3301 2863 quibus
3326 2795 3369 2850 si
3405 2804 3584 2851 vestra

2006 2880 2307 2952 paternitas
2335 2880 2554 2952 dignum
2585 2881 2829 2944 duxerit,
2856 2883 2922 2937 de
2951 2885 3138 2939 eadem
3176 2885 3439 2956 legatione
3468 2902 3587 2958 quas

2008 2972 2064 3025 in
2101 2970 2363 3027 Graeciam
2406 2987 2437 3026 a
2473 2973 2627 3027 vobis
2674 2973 2934 3029 mittenda
2979 2984 3062 3031 est
3086 3017 3102 3042 ,
3143 2993 3248 3032 non
3303 2979 3584 3044 inutilem,

2007 3062 2104 3118 sed
2129 3061 2310 3132 potius
2331 3060 2630 3132 prolicuam
2658 3061 2998 3119 collationem
3051 3066 3251 3123 habere
3306 3070 3533 3137 potestis
3566 3087 3582 3135 ;

2009 3152 2135 3222 quia
2157 3151 2290 3208 etin
2319 3151 2491 3207 sacris
2515 3158 2638 3206 sunt
2665 3150 2863 3208 litteris
2889 3153 3178 3209 admodum
3204 3157 3419 3224 eruditi,
3444 3167 3499 3212 et
3530 3159 3582 3214 in

2008 3243 2308 3299 rationibus
2353 3243 2723 3313 disputatoriis
2782 3258 2889 3300 non
2941 3245 3226 3303 minimum
3279 3251 3584 3305 exercitati.

2009 3335 2154 3404 Quos
2166 3351 2271 3391 non
2296 3335 2367 3390 ob
2385 3335 2490 3391 hoc
2510 3335 2576 3390 ad
2598 3345 2792 3392 vestrm
2812 3336 3072 3394 almitatis
3096 3342 3438 3408 praesentiam
3462 3359 3586 3398 cum

2009 3425 2320 3481 memoratis
2353 3425 2742 3480 sententiarum
2793 3425 3202 3484 collectionibus
3241 3430 3489 3486 misimus
3525 3440 3584 3485 ut

2007 3515 2099 3570 hic
2126 3513 2307 3584 aliquo
2335 3515 2484 3568 velut
2514 3515 2814 3584 magisterii
2852 3515 3027 3572 ofﬁcio
3060 3517 3416 3588 fungerentur
3444 3561 3460 3586 ,
3491 3532 3586 3578 aut

2008 3605 2116 3657 huc
2163 3604 2390 3657 docendi
2431 3603 2605 3671 gratia
2646 3604 2835 3658 directi
2873 3613 3234 3675 putarentur:
3266 3611 3414 3678 quia,
3446 3611 3586 3667 sicut

2002 3694 2117 3764 jam
2159 3695 2564 3748 commemorati
2593 3710 2780 3751 sumus
2819 3713 2919 3753 nos
2949 3699 3221 3757 debitores
3265 3703 3497 3760 existere
3527 3716 3586 3761 ut

2009 3785 2137 3840 huic
2180 3786 2562 3842 sacratissima:
2617 3788 2732 3843 sedi
2794 3788 2846 3844 in
2893 3791 3304 3865 quibuscunque
3352 3800 3586 3868 negotiis

2009 3878 2267 3933 auxilium
2303 3877 2446 3933 ferre
2489 3879 2815 3947 debeamus,
2853 3883 2973 3938 ideo
3015 3885 3202 3941 ethos
3249 3889 3480 3956 missos,
3531 3901 3584 3947 et

2008 3985 2145 4040 quas
2168 3967 2414 4025 deferunt
2452 3969 2661 4026 litteras
2691 4012 2707 4036 ,
2740 3973 2783 4026 si
2816 3974 2944 4044 quid
2990 3975 3144 4032 vobis
3168 3978 3419 4048 adjutorii
3450 3999 3582 4037 con-

2008 4059 2152 4115 ferre
2206 4060 2553 4130 potuissent,
2605 4063 2818 4118 mittere
2869 4065 3090 4135 dignum
3142 4069 3415 4128 duximus.
3468 4073 3581 4130 llos

2007 4156 2202 4204 vestrae
2242 4149 2513 4204 sanctitati
2566 4153 3010 4209 commendamus
3038 4196 3051 4220 ,
3093 4166 3152 4211 ut
3197 4167 3250 4213 et
3295 4161 3580 4234 benignam

2008 4241 2150 4310 apud
2181 4255 2277 4296 vos
2319 4243 2681 4312 receptionem
2725 4251 2781 4299 et
2810 4244 3149 4303 familiariter
3183 4250 3457 4308 vobiscum
3505 4258 3583 4312 lo-

1930 4333 2206 4415 unendi
2261 4332 2438 4390 locum
2493 4335 2825 4390 inveniant:
2881 4339 3029 4393 novit
3080 4343 3277 4413 quippe
3325 4350 3582 4406 sanctitas

2006 4431 2186 4478 vestra
2214 4425 2444 4494 qualiter
2470 4427 2698 4496 populus
2730 4427 3037 4485 Grtecorum
3071 4433 3126 4487 in
3158 4435 3259 4490 hac
3288 4437 3578 4510 imaginum

2007 4514 2358 4570 veneratione
2395 4515 2603 4570 divisus
2645 4517 2733 4571 sit.
2792 4518 2916 4574 Ideo
2960 4536 3213 4592 rogamus
3257 4534 3318 4580 ut
3362 4527 3580 4586 almitas

2006 4612 2186 4658 vestra
2220 4619 2406 4660 curam
2433 4614 2488 4662 et
2515 4606 2841 4678 diligentiam
2876 4611 3132 4667 adhibere
3167 4601 3430 4686 dignetur
3447 4635 3579 4689 quo-

2005 4694 2164 4749 modo
2197 4707 2294 4764 per
2342 4703 2574 4750 vestram
2611 4697 3018 4754 saluberrimam
3070 4702 3370 4760 doetrinam
3415 4717 3580 4778 atque

2004 4783 2429 4838 admonitionem
2458 4785 2630 4856 magis
2653 4786 2720 4841 ad
2746 4789 3090 4843 concordiam
3119 4799 3173 4844 et
3200 4794 3462 4851 unitatem
3493 4815 3577 4852 re-

2003 4879 2228 4927 vocetur
2250 4913 2264 4937 ,
2292 4887 2454 4942 quam
2480 4882 2701 4944 propter
2727 4875 2830 4931 hoc
2871 4878 2938 4932 ad
2967 4879 3225 4948 majorem
3251 4885 3574 4942 discordiam

2002 4971 2067 5044 et.
2081 4963 2470 5021 dissensionem
2495 4965 2816 5036 impellatur.
2847 4968 2914 5024 Et
2940 4970 3061 5027 idco
3098 4975 3411 5033 cautissime
3446 4996 3577 5034 con-

2000 5125 2292 5200 Baronium
2334 5143 2442 5200 non
2495 5143 2690 5200 passus
2737 5139 2822 5187 est
2893 5131 3182 5191 Goldastus
3233 5137 3335 5194 sibi
3384 5139 3568 5195 elabi:

2009 5215 2027 5248 ι
2075 5197 2218 5270 Sane
2267 5197 2620 5270 pertinaciam
2660 5204 3078 5270 perseverantiae
3113 5203 3397 5261 finitimam
3449 5225 3572 5264 esse

2000 5267 2218 5341 scripsit
2258 5267 2454 5341 alicubi
2497 5267 2720 5337 Tullius,
2770 5272 2862 5325 sed
2908 5288 3030 5326 cum
3074 5276 3386 5341 pertinaciae
3411 5293 3573 5334 voca-

3176 5360 3202 5397 r
3253 5343 3306 5398 in
3371 5348 3566 5402 malam

2717 5409 2818 5462 cile
2855 5419 2939 5464 est
2965 5409 3275 5468 existimare
3302 5415 3388 5469 hic
3410 5418 3568 5472 aliam

2035 5479 2200 5556 abere
2244 5491 2422 5556 posse
2456 5476 2941 5556 significationem,
3002 5483 3304 5556 pnesertim
3358 5487 3402 5538 si
3451 5490 3574 5556 (μιᾶς

1996 5545 2529 5616 singulas-epistolae
2585 5556 2767 5616 partes
2835 5545 3043 5606 attente
3098 5554 3423 5610 consideret.
3471 5545 3572 5613 'lta

323 5592 482 5647 Istam
517 5605 872 5666 opportunam
917 5592 1258 5660 occasionem
1297 5592 1607 5694 insurgendi
1637 5592 1892 5668 adversus
1997 5592 2264 5671 lia-ﬁrmus.
