  <div class='ocr_page' id='page_1' title='image "/cluster/home/n/w/nwhite01/storage/ocr_20150623/104/hvd.32044052819794/665.png"; bbox 0 0 4006 6178; ppageno 0'>
   <div class='ocr_carea' id='block_1_1' title="bbox 551 208 684 271">
    <p class='ocr_par' dir='ltr' id='par_1_1' title="bbox 551 208 684 271">
     <span class='ocr_line' id='line_1_1' title="bbox 551 208 684 271; baseline -0.053 0"><span class='ocrx_word' id='word_1_1' title='bbox 551 208 684 271; x_wconf 74' lang='grc'><strong>1519</strong></span> 
     </span>
    </p>
   </div>
   <div class='ocr_carea' id='block_1_2' title="bbox 1645 185 2655 258">
    <p class='ocr_par' dir='ltr' id='par_1_2' title="bbox 1645 185 2655 258">
     <span class='ocr_line' id='line_1_2' title="bbox 1645 185 2655 258; baseline -0.014 -2"><span class='ocrx_word' id='word_1_2' title='bbox 1645 197 1965 258; x_wconf 82' lang='lat' dir='ltr'><strong>LUDOVICI</strong></span> <span class='ocrx_word' id='word_1_3' title='bbox 2003 195 2025 250; x_wconf 88' lang='lat' dir='ltr'><strong>l</strong></span> <span class='ocrx_word' id='word_1_4' title='bbox 2061 185 2532 249; x_wconf 79' lang='lat' dir='ltr'><strong>COGNOMENTO</strong></span> <span class='ocrx_word' id='word_1_5' title='bbox 2571 185 2655 242; x_wconf 79' lang='lat' dir='ltr'><strong>Pl!</strong></span> 
     </span>
    </p>
   </div>
   <div class='ocr_carea' id='block_1_3' title="bbox 3657 183 3789 237">
    <p class='ocr_par' dir='ltr' id='par_1_3' title="bbox 3657 183 3789 237">
     <span class='ocr_line' id='line_1_3' title="bbox 3657 183 3789 237; baseline 0.008 -1"><span class='ocrx_word' id='word_1_6' title='bbox 3657 183 3678 236; x_wconf 80' lang='grc'><strong>1</strong></span> <span class='ocrx_word' id='word_1_7' title='bbox 3689 184 3789 237; x_wconf 75' lang='grc' dir='ltr'><strong>5Ξο</strong></span> 
     </span>
    </p>
   </div>
   <div class='ocr_carea' id='block_1_4' title="bbox 547 291 3794 390">
    <p class='ocr_par' dir='ltr' id='par_1_4' title="bbox 547 291 3794 390">
     <span class='ocr_line' id='line_1_4' title="bbox 547 291 3794 390; baseline -0.012 -6"><span class='ocrx_word' id='word_1_8' title='bbox 547 327 790 385; x_wconf 83' lang='lat' dir='ltr'><strong>siderare</strong></span> <span class='ocrx_word' id='word_1_9' title='bbox 823 321 1030 379; x_wconf 88' lang='lat' dir='ltr'><strong>debetis</strong></span> <span class='ocrx_word' id='word_1_10' title='bbox 1057 329 1117 375; x_wconf 89' lang='lat' dir='ltr'><strong>ut</strong></span> <span class='ocrx_word' id='word_1_11' title='bbox 1150 317 1351 390; x_wconf 85' lang='lat' dir='ltr'><strong>legatio</strong></span> <span class='ocrx_word' id='word_1_12' title='bbox 1379 324 1555 370; x_wconf 87' lang='lat' dir='ltr'><strong>vestra</strong></span> <span class='ocrx_word' id='word_1_13' title='bbox 1585 353 1602 380; x_wconf 95' lang='lat'><strong>,</strong></span> <span class='ocrx_word' id='word_1_14' title='bbox 1631 328 1794 384; x_wconf 84' lang='lat' dir='ltr'><strong>quam</strong></span> <span class='ocrx_word' id='word_1_15' title='bbox 1832 311 1959 366; x_wconf 86' lang='lat' dir='ltr'><strong>illuc</strong></span> <span class='ocrx_word' id='word_1_16' title='bbox 1983 305 2115 364; x_wconf 88' lang='lat' dir='ltr'><strong>diri-</strong></span> <span class='ocrx_word' id='word_1_17' title='bbox 2141 305 2192 364; x_wconf 80' lang='grc' dir='ltr'>Α</span> <span class='ocrx_word' id='word_1_18' title='bbox 2216 297 2472 390; x_wconf 78' lang='lat' dir='ltr'><strong>possibile</strong></span> <span class='ocrx_word' id='word_1_19' title='bbox 2527 297 2831 390; x_wconf 75' lang='lat' dir='ltr'><strong>invenirent</strong></span> <span class='ocrx_word' id='word_1_20' title='bbox 2892 295 3287 390; x_wconf 60' lang='lat' dir='ltr'><strong>praesentaliter</strong></span> <span class='ocrx_word' id='word_1_21' title='bbox 3318 291 3641 390; x_wconf 74' lang='lat' dir='ltr'><strong>[Sirmond.,</strong></span> <span class='ocrx_word' id='word_1_22' title='bbox 3665 382 3676 390; x_wconf 38' lang='lat' dir='ltr'><strong>I</strong></span> 
     </span>
    </p>
   </div>
   <div class='ocr_carea' id='block_1_5' title="bbox 546 398 2115 490">
    <p class='ocr_par' dir='ltr' id='par_1_5' title="bbox 546 398 2115 490">
     <span class='ocr_line' id='line_1_5' title="bbox 546 398 2115 490; baseline -0.017 -15"><span class='ocrx_word' id='word_1_23' title='bbox 546 431 675 490; x_wconf 82' lang='lat' dir='ltr'><strong>gere</strong></span> <span class='ocrx_word' id='word_1_24' title='bbox 700 413 984 484; x_wconf 73' lang='lat' dir='ltr'><strong>disponitis</strong></span> <span class='ocrx_word' id='word_1_25' title='bbox 1008 451 1022 475; x_wconf 91' lang='lat'><strong>,</strong></span> <span class='ocrx_word' id='word_1_26' title='bbox 1054 416 1203 464; x_wconf 88' lang='lat' dir='ltr'><strong>tanta</strong></span> <span class='ocrx_word' id='word_1_27' title='bbox 1232 406 1520 476; x_wconf 85' lang='lat' dir='ltr'><strong>prudentia</strong></span> <span class='ocrx_word' id='word_1_28' title='bbox 1558 413 1814 472; x_wconf 85' lang='lat' dir='ltr'><strong>tantoque</strong></span> <span class='ocrx_word' id='word_1_29' title='bbox 1864 398 2115 455; x_wconf 58' lang='lat' dir='ltr'><strong>moderao</strong></span> 
     </span>
    </p>
   </div>
   <div class='ocr_carea' id='block_1_6' title="bbox 548 491 2117 562">
    <p class='ocr_par' dir='ltr' id='par_1_6' title="bbox 548 491 2117 562">
     <span class='ocr_line' id='line_1_6' title="bbox 548 491 2117 562; baseline -0.015 -1"><span class='ocrx_word' id='word_1_30' title='bbox 548 507 695 561; x_wconf 87' lang='lat' dir='ltr'><strong>mine</strong></span> <span class='ocrx_word' id='word_1_31' title='bbox 731 500 946 558; x_wconf 80' lang='lat' dir='ltr'><strong>suﬂ&#39;ulta</strong></span> <span class='ocrx_word' id='word_1_32' title='bbox 970 500 1042 553; x_wconf 90' lang='lat' dir='ltr'><strong>sit</strong></span> <span class='ocrx_word' id='word_1_33' title='bbox 1059 506 1118 552; x_wconf 90' lang='lat' dir='ltr'><strong>ut</strong></span> <span class='ocrx_word' id='word_1_34' title='bbox 1142 512 1173 550; x_wconf 92' lang='lat' dir='ltr'><strong>a</strong></span> <span class='ocrx_word' id='word_1_35' title='bbox 1200 495 1414 552; x_wconf 83' lang='lat' dir='ltr'><strong>nemine</strong></span> <span class='ocrx_word' id='word_1_36' title='bbox 1438 535 1454 559; x_wconf 96' lang='lat'><strong>,</strong></span> <span class='ocrx_word' id='word_1_37' title='bbox 1484 508 1658 562; x_wconf 89' lang='lat' dir='ltr'><strong>neque</strong></span> <span class='ocrx_word' id='word_1_38' title='bbox 1683 491 1872 546; x_wconf 70' lang='lat' dir='ltr'><strong>Graeco</strong></span> <span class='ocrx_word' id='word_1_39' title='bbox 1895 528 1910 553; x_wconf 88' lang='lat'><strong>,</strong></span> <span class='ocrx_word' id='word_1_40' title='bbox 1940 497 2117 554; x_wconf 90' lang='lat' dir='ltr'><strong>neque</strong></span> 
     </span>
    </p>
   </div>
   <div class='ocr_carea' id='block_1_7' title="bbox 551 579 2118 658">
    <p class='ocr_par' dir='ltr' id='par_1_7' title="bbox 551 579 2118 658">
     <span class='ocr_line' id='line_1_7' title="bbox 551 579 2118 658; baseline -0.014 -8"><span class='ocrx_word' id='word_1_41' title='bbox 551 597 814 655; x_wconf 82' lang='lat' dir='ltr'><strong>Romano,</strong></span> <span class='ocrx_word' id='word_1_42' title='bbox 841 589 986 658; x_wconf 93' lang='lat' dir='ltr'><strong>iuste</strong></span> <span class='ocrx_word' id='word_1_43' title='bbox 1009 587 1184 642; x_wconf 77' lang='lat' dir='ltr'><strong>valeat</strong></span> <span class='ocrx_word' id='word_1_44' title='bbox 1206 585 1527 654; x_wconf 82' lang='lat' dir='ltr'><strong>reprehendi</strong></span> <span class='ocrx_word' id='word_1_45' title='bbox 1554 624 1570 648; x_wconf 89' lang='lat'><strong>,</strong></span> <span class='ocrx_word' id='word_1_46' title='bbox 1597 584 1692 638; x_wconf 89' lang='lat' dir='ltr'><strong>sed</strong></span> <span class='ocrx_word' id='word_1_47' title='bbox 1727 581 1850 636; x_wconf 88' lang='lat' dir='ltr'><strong>talis</strong></span> <span class='ocrx_word' id='word_1_48' title='bbox 1885 579 1956 633; x_wconf 87' lang='lat' dir='ltr'><strong>sit</strong></span> <span class='ocrx_word' id='word_1_49' title='bbox 1982 592 2118 645; x_wconf 87' lang='lat' dir='ltr'><strong>qua-</strong></span> 
     </span>
    </p>
   </div>
   <div class='ocr_carea' id='block_1_8' title="bbox 550 672 2120 749">
    <p class='ocr_par' dir='ltr' id='par_1_8' title="bbox 550 672 2120 749">
     <span class='ocr_line' id='line_1_8' title="bbox 550 672 2120 749; baseline -0.008 -16"><span class='ocrx_word' id='word_1_50' title='bbox 550 684 653 736; x_wconf 90' lang='lat' dir='ltr'><strong>lem</strong></span> <span class='ocrx_word' id='word_1_51' title='bbox 683 694 897 749; x_wconf 86' lang='lat' dir='ltr'><strong>semper</strong></span> <span class='ocrx_word' id='word_1_52' title='bbox 933 679 1086 732; x_wconf 82' lang='lat' dir='ltr'><strong>decet</strong></span> <span class='ocrx_word' id='word_1_53' title='bbox 1129 676 1183 730; x_wconf 92' lang='lat' dir='ltr'><strong>in</strong></span> <span class='ocrx_word' id='word_1_54' title='bbox 1209 675 1458 729; x_wconf 92' lang='lat' dir='ltr'><strong>omnibus</strong></span> <span class='ocrx_word' id='word_1_55' title='bbox 1485 674 1664 729; x_wconf 83' lang='lat' dir='ltr'><strong>causis</strong></span> <span class='ocrx_word' id='word_1_56' title='bbox 1690 672 1758 725; x_wconf 90' lang='lat' dir='ltr'><strong>ab</strong></span> <span class='ocrx_word' id='word_1_57' title='bbox 1795 672 1897 725; x_wconf 89' lang='lat' dir='ltr'><strong>ista</strong></span> <span class='ocrx_word' id='word_1_58' title='bbox 1937 682 2120 722; x_wconf 62' lang='lat' dir='ltr'><strong>sacra.</strong></span> 
     </span>
    </p>
   </div>
   <div class='ocr_carea' id='block_1_9' title="bbox 549 758 2121 835">
    <p class='ocr_par' dir='ltr' id='par_1_9' title="bbox 549 758 2121 835">
     <span class='ocr_line' id='line_1_9' title="bbox 549 758 2121 835; baseline -0.008 -12"><span class='ocrx_word' id='word_1_59' title='bbox 549 770 754 823; x_wconf 90' lang='lat' dir='ltr'><strong>tissima</strong></span> <span class='ocrx_word' id='word_1_60' title='bbox 785 767 911 822; x_wconf 90' lang='lat' dir='ltr'><strong>sede</strong></span> <span class='ocrx_word' id='word_1_61' title='bbox 932 764 1224 835; x_wconf 91' lang='lat' dir='ltr'><strong>proﬁcisci.</strong></span> <span class='ocrx_word' id='word_1_62' title='bbox 1247 764 1316 818; x_wconf 90' lang='lat' dir='ltr'><strong>Et</strong></span> <span class='ocrx_word' id='word_1_63' title='bbox 1348 764 1394 818; x_wconf 90' lang='lat' dir='ltr'><strong>si</strong></span> <span class='ocrx_word' id='word_1_64' title='bbox 1433 772 1627 818; x_wconf 55' lang='lat' dir='ltr'><strong>vestrae</strong></span> <span class='ocrx_word' id='word_1_65' title='bbox 1649 760 1922 815; x_wconf 79' lang='lat' dir='ltr'><strong>sanctitati</strong></span> <span class='ocrx_word' id='word_1_66' title='bbox 1945 758 2121 827; x_wconf 84' lang='lat' dir='ltr'><strong>placet</strong></span> 
     </span>
    </p>
   </div>
   <div class='ocr_carea' id='block_1_10' title="bbox 548 850 2119 929">
    <p class='ocr_par' dir='ltr' id='par_1_10' title="bbox 548 850 2119 929">
     <span class='ocr_line' id='line_1_10' title="bbox 548 850 2119 929; baseline -0.008 -15"><span class='ocrx_word' id='word_1_67' title='bbox 548 869 608 914; x_wconf 92' lang='lat' dir='ltr'><strong>ut</strong></span> <span class='ocrx_word' id='word_1_68' title='bbox 657 876 754 929; x_wconf 91' lang='lat' dir='ltr'><strong>pro</strong></span> <span class='ocrx_word' id='word_1_69' title='bbox 795 860 898 913; x_wconf 88' lang='lat' dir='ltr'><strong>hac</strong></span> <span class='ocrx_word' id='word_1_70' title='bbox 935 858 1050 927; x_wconf 88' lang='lat' dir='ltr'><strong>ipsa</strong></span> <span class='ocrx_word' id='word_1_71' title='bbox 1090 855 1359 926; x_wconf 80' lang='lat' dir='ltr'><strong>legatione</strong></span> <span class='ocrx_word' id='word_1_72' title='bbox 1400 854 1552 908; x_wconf 89' lang='lat' dir='ltr'><strong>missi</strong></span> <span class='ocrx_word' id='word_1_73' title='bbox 1591 852 1761 907; x_wconf 88' lang='lat' dir='ltr'><strong>nostri</strong></span> <span class='ocrx_word' id='word_1_74' title='bbox 1788 850 1947 906; x_wconf 88' lang='lat' dir='ltr'><strong>simul</strong></span> <span class='ocrx_word' id='word_1_75' title='bbox 1995 862 2119 904; x_wconf 90' lang='lat' dir='ltr'><strong>cum</strong></span> 
     </span>
    </p>
   </div>
   <div class='ocr_carea' id='block_1_11' title="bbox 547 942 2118 1014">
    <p class='ocr_par' dir='ltr' id='par_1_11' title="bbox 547 942 2118 1014">
     <span class='ocr_line' id='line_1_11' title="bbox 547 942 2118 1014; baseline -0.005 -13"><span class='ocrx_word' id='word_1_76' title='bbox 547 949 745 1004; x_wconf 85' lang='lat' dir='ltr'><strong>vestris</strong></span> <span class='ocrx_word' id='word_1_77' title='bbox 774 947 893 1002; x_wconf 88' lang='lat' dir='ltr'><strong>illas</strong></span> <span class='ocrx_word' id='word_1_78' title='bbox 915 946 968 1000; x_wconf 92' lang='lat' dir='ltr'><strong>in</strong></span> <span class='ocrx_word' id='word_1_79' title='bbox 992 954 1176 1014; x_wconf 90' lang='lat' dir='ltr'><strong>partes</strong></span> <span class='ocrx_word' id='word_1_80' title='bbox 1198 944 1519 1014; x_wconf 74' lang='lat' dir='ltr'><strong>dirigantur,</strong></span> <span class='ocrx_word' id='word_1_81' title='bbox 1547 951 1603 998; x_wconf 92' lang='lat' dir='ltr'><strong>et</strong></span> <span class='ocrx_word' id='word_1_82' title='bbox 1631 942 1732 997; x_wconf 92' lang='lat' dir='ltr'><strong>hoc</strong></span> <span class='ocrx_word' id='word_1_83' title='bbox 1756 956 1855 996; x_wconf 90' lang='lat' dir='ltr'><strong>nos</strong></span> <span class='ocrx_word' id='word_1_84' title='bbox 1877 950 2118 1010; x_wconf 88' lang='lat' dir='ltr'><strong>tempore</strong></span> 
     </span>
    </p>
   </div>
   <div class='ocr_carea' id='block_1_12' title="bbox 548 1029 2119 1112">
    <p class='ocr_par' dir='ltr' id='par_1_12' title="bbox 548 1029 2119 1112">
     <span class='ocr_line' id='line_1_12' title="bbox 548 1029 2119 1112; baseline -0.007 -16"><span class='ocrx_word' id='word_1_85' title='bbox 548 1055 788 1112; x_wconf 89' lang='lat' dir='ltr'><strong>congruo</strong></span> <span class='ocrx_word' id='word_1_86' title='bbox 830 1039 968 1093; x_wconf 90' lang='lat' dir='ltr'><strong>seire</strong></span> <span class='ocrx_word' id='word_1_87' title='bbox 1014 1037 1338 1107; x_wconf 85' lang='lat' dir='ltr'><strong>permittite;</strong></span> <span class='ocrx_word' id='word_1_88' title='bbox 1375 1042 1430 1089; x_wconf 92' lang='lat' dir='ltr'><strong>et</strong></span> <span class='ocrx_word' id='word_1_89' title='bbox 1476 1050 1584 1089; x_wconf 92' lang='lat' dir='ltr'><strong>non</strong></span> <span class='ocrx_word' id='word_1_90' title='bbox 1636 1034 1808 1088; x_wconf 92' lang='lat' dir='ltr'><strong>solum</strong></span> <span class='ocrx_word' id='word_1_91' title='bbox 1853 1031 1978 1097; x_wconf 90' lang='lat' dir='ltr'><strong>hoc,</strong></span> <span class='ocrx_word' id='word_1_92' title='bbox 2023 1029 2119 1086; x_wconf 92' lang='lat' dir='ltr'><strong>sed</strong></span> 
     </span>
    </p>
   </div>
   <div class='ocr_carea' id='block_1_13' title="bbox 546 1121 2119 1194">
    <p class='ocr_par' dir='ltr' id='par_1_13' title="bbox 546 1121 2119 1194">
     <span class='ocr_line' id='line_1_13' title="bbox 546 1121 2119 1194; baseline -0.006 -9"><span class='ocrx_word' id='word_1_93' title='bbox 546 1131 709 1185; x_wconf 91' lang='lat' dir='ltr'><strong>etiam</strong></span> <span class='ocrx_word' id='word_1_94' title='bbox 765 1129 810 1184; x_wconf 92' lang='lat' dir='ltr'><strong>si</strong></span> <span class='ocrx_word' id='word_1_95' title='bbox 847 1127 975 1181; x_wconf 91' lang='lat' dir='ltr'><strong>ituri</strong></span> <span class='ocrx_word' id='word_1_96' title='bbox 1034 1134 1190 1190; x_wconf 92' lang='lat' dir='ltr'><strong>sunt,</strong></span> <span class='ocrx_word' id='word_1_97' title='bbox 1245 1125 1337 1179; x_wconf 90' lang='lat' dir='ltr'><strong>ubi</strong></span> <span class='ocrx_word' id='word_1_98' title='bbox 1385 1132 1441 1178; x_wconf 89' lang='lat' dir='ltr'><strong>et</strong></span> <span class='ocrx_word' id='word_1_99' title='bbox 1485 1124 1701 1194; x_wconf 85' lang='lat' dir='ltr'><strong>quando</strong></span> <span class='ocrx_word' id='word_1_100' title='bbox 1743 1138 1867 1177; x_wconf 91' lang='lat' dir='ltr'><strong>eum</strong></span> <span class='ocrx_word' id='word_1_101' title='bbox 1920 1121 2119 1177; x_wconf 86' lang='lat' dir='ltr'><strong>vestris</strong></span> 
     </span>
    </p>
   </div>
   <div class='ocr_carea' id='block_1_14' title="bbox 549 1210 2120 1288">
    <p class='ocr_par' dir='ltr' id='par_1_14' title="bbox 549 1210 2120 1288">
     <span class='ocr_line' id='line_1_14' title="bbox 549 1210 2120 1288; baseline -0.006 -14"><span class='ocrx_word' id='word_1_102' title='bbox 549 1219 731 1274; x_wconf 89' lang='lat' dir='ltr'><strong>missis</strong></span> <span class='ocrx_word' id='word_1_103' title='bbox 759 1233 816 1273; x_wconf 91' lang='lat' dir='ltr'><strong>se</strong></span> <span class='ocrx_word' id='word_1_104' title='bbox 831 1217 1059 1288; x_wconf 82' lang='lat' dir='ltr'><strong>iungere</strong></span> <span class='ocrx_word' id='word_1_105' title='bbox 1080 1215 1331 1270; x_wconf 84' lang='lat' dir='ltr'><strong>debeant.</strong></span> <span class='ocrx_word' id='word_1_106' title='bbox 1351 1213 1467 1269; x_wconf 88' lang='lat' dir='ltr'><strong>Non</strong></span> <span class='ocrx_word' id='word_1_107' title='bbox 1489 1214 1608 1270; x_wconf 90' lang='lat' dir='ltr'><strong>ideo</strong></span> <span class='ocrx_word' id='word_1_108' title='bbox 1629 1221 1809 1266; x_wconf 89' lang='lat' dir='ltr'><strong>tamen</strong></span> <span class='ocrx_word' id='word_1_109' title='bbox 1841 1211 1908 1266; x_wconf 91' lang='lat' dir='ltr'><strong>de</strong></span> <span class='ocrx_word' id='word_1_110' title='bbox 1940 1210 2120 1265; x_wconf 88' lang='lat' dir='ltr'><strong>missis</strong></span> 
     </span>
    </p>
   </div>
   <div class='ocr_carea' id='block_1_15' title="bbox 549 1303 2120 1376">
    <p class='ocr_par' dir='ltr' id='par_1_15' title="bbox 549 1303 2120 1376">
     <span class='ocr_line' id='line_1_15' title="bbox 549 1303 2120 1376; baseline -0.006 -14"><span class='ocrx_word' id='word_1_111' title='bbox 549 1310 752 1363; x_wconf 89' lang='lat' dir='ltr'><strong>nostris</strong></span> <span class='ocrx_word' id='word_1_112' title='bbox 794 1307 921 1362; x_wconf 91' lang='lat' dir='ltr'><strong>illuc</strong></span> <span class='ocrx_word' id='word_1_113' title='bbox 949 1305 1243 1376; x_wconf 76' lang='lat' dir='ltr'><strong>dirigendis</strong></span> <span class='ocrx_word' id='word_1_114' title='bbox 1271 1305 1664 1374; x_wconf 75' lang='lat' dir='ltr'><strong>interrogamus</strong></span> <span class='ocrx_word' id='word_1_115' title='bbox 1692 1303 1846 1371; x_wconf 92' lang='lat' dir='ltr'><strong>quasi</strong></span> <span class='ocrx_word' id='word_1_116' title='bbox 1873 1315 2120 1355; x_wconf 89' lang='lat' dir='ltr'><strong>necessa-</strong></span> 
     </span>
    </p>
   </div>
   <div class='ocr_carea' id='block_1_16' title="bbox 547 1388 2120 1464">
    <p class='ocr_par' dir='ltr' id='par_1_16' title="bbox 547 1388 2120 1464">
     <span class='ocr_line' id='line_1_16' title="bbox 547 1388 2120 1464; baseline -0.006 -13"><span class='ocrx_word' id='word_1_117' title='bbox 547 1399 690 1464; x_wconf 84' lang='lat' dir='ltr'><strong>rium</strong></span> <span class='ocrx_word' id='word_1_118' title='bbox 735 1395 889 1450; x_wconf 91' lang='lat' dir='ltr'><strong>nobis</strong></span> <span class='ocrx_word' id='word_1_119' title='bbox 917 1394 1162 1449; x_wconf 88' lang='lat' dir='ltr'><strong>videatur</strong></span> <span class='ocrx_word' id='word_1_120' title='bbox 1189 1433 1204 1459; x_wconf 96' lang='lat'><strong>,</strong></span> <span class='ocrx_word' id='word_1_121' title='bbox 1254 1401 1347 1446; x_wconf 88' lang='lat' dir='ltr'><strong>aut</strong></span> <span class='ocrx_word' id='word_1_122' title='bbox 1378 1408 1477 1447; x_wconf 91' lang='lat' dir='ltr'><strong>nos</strong></span> <span class='ocrx_word' id='word_1_123' title='bbox 1501 1399 1712 1446; x_wconf 88' lang='lat' dir='ltr'><strong>vestros</strong></span> <span class='ocrx_word' id='word_1_124' title='bbox 1746 1389 1942 1444; x_wconf 92' lang='lat' dir='ltr'><strong>missos</strong></span> <span class='ocrx_word' id='word_1_125' title='bbox 1979 1388 2120 1442; x_wconf 90' lang='lat' dir='ltr'><strong>hanc</strong></span> 
     </span>
    </p>
   </div>
   <div class='ocr_carea' id='block_1_17' title="bbox 548 1480 2122 1557">
    <p class='ocr_par' dir='ltr' id='par_1_17' title="bbox 548 1480 2122 1557">
     <span class='ocr_line' id='line_1_17' title="bbox 548 1480 2122 1557; baseline -0.004 -17"><span class='ocrx_word' id='word_1_126' title='bbox 548 1487 868 1557; x_wconf 78' lang='lat' dir='ltr'><strong>legationem</strong></span> <span class='ocrx_word' id='word_1_127' title='bbox 905 1499 1002 1554; x_wconf 91' lang='lat' dir='ltr'><strong>per</strong></span> <span class='ocrx_word' id='word_1_128' title='bbox 1027 1499 1086 1539; x_wconf 94' lang='lat' dir='ltr'><strong>se</strong></span> <span class='ocrx_word' id='word_1_129' title='bbox 1127 1481 1387 1553; x_wconf 90' lang='lat' dir='ltr'><strong>perﬁcere</strong></span> <span class='ocrx_word' id='word_1_130' title='bbox 1423 1481 1769 1546; x_wconf 88' lang='lat' dir='ltr'><strong>dubitemus;</strong></span> <span class='ocrx_word' id='word_1_131' title='bbox 1818 1480 1913 1535; x_wconf 92' lang='lat' dir='ltr'><strong>sed</strong></span> <span class='ocrx_word' id='word_1_132' title='bbox 1941 1480 2122 1549; x_wconf 88' lang='lat' dir='ltr'><strong>potius</strong></span> 
     </span>
    </p>
   </div>
   <div class='ocr_carea' id='block_1_18' title="bbox 547 1571 2120 1648">
    <p class='ocr_par' dir='ltr' id='par_1_18' title="bbox 547 1571 2120 1648">
     <span class='ocr_line' id='line_1_18' title="bbox 547 1571 2120 1648; baseline -0.004 -18"><span class='ocrx_word' id='word_1_133' title='bbox 547 1585 764 1648; x_wconf 88' lang='lat' dir='ltr'><strong>propter</strong></span> <span class='ocrx_word' id='word_1_134' title='bbox 792 1577 897 1630; x_wconf 91' lang='lat' dir='ltr'><strong>hoc</strong></span> <span class='ocrx_word' id='word_1_135' title='bbox 927 1589 1022 1630; x_wconf 91' lang='lat' dir='ltr'><strong>eos</strong></span> <span class='ocrx_word' id='word_1_136' title='bbox 1065 1575 1218 1629; x_wconf 86' lang='lat' dir='ltr'><strong>vobis</strong></span> <span class='ocrx_word' id='word_1_137' title='bbox 1260 1571 1538 1628; x_wconf 77' lang='lat' dir='ltr'><strong>offerimus</strong></span> <span class='ocrx_word' id='word_1_138' title='bbox 1577 1579 1640 1625; x_wconf 92' lang='lat' dir='ltr'><strong>ut</strong></span> <span class='ocrx_word' id='word_1_139' title='bbox 1681 1571 1869 1625; x_wconf 87' lang='lat' dir='ltr'><strong>sciatis</strong></span> <span class='ocrx_word' id='word_1_140' title='bbox 1917 1584 2016 1625; x_wconf 91' lang='lat' dir='ltr'><strong>nos</strong></span> <span class='ocrx_word' id='word_1_141' title='bbox 2065 1571 2120 1625; x_wconf 91' lang='lat' dir='ltr'><strong>in</strong></span> 
     </span>
    </p>
   </div>
   <div class='ocr_carea' id='block_1_19' title="bbox 2221 381 3792 458">
    <p class='ocr_par' dir='ltr' id='par_1_19' title="bbox 2221 381 3792 458">
     <span class='ocr_line' id='line_1_19' title="bbox 2221 381 3792 458; baseline -0.004 -18"><span class='ocrx_word' id='word_1_142' title='bbox 2221 384 2562 458; x_wconf 80' lang='lat' dir='ltr'><strong>semetipsos]</strong></span> <span class='ocrx_word' id='word_1_143' title='bbox 2586 394 2773 440; x_wconf 90' lang='lat' dir='ltr'><strong>nostra</strong></span> <span class='ocrx_word' id='word_1_144' title='bbox 2799 384 3121 440; x_wconf 87' lang='lat' dir='ltr'><strong>auctoritate</strong></span> <span class='ocrx_word' id='word_1_145' title='bbox 3149 384 3483 452; x_wconf 84' lang='lat' dir='ltr'><strong>corrigerent</strong></span> <span class='ocrx_word' id='word_1_146' title='bbox 3509 399 3530 445; x_wconf 85' lang='lat'><strong>;</strong></span> <span class='ocrx_word' id='word_1_147' title='bbox 3557 388 3612 435; x_wconf 89' lang='lat' dir='ltr'><strong>et</strong></span> <span class='ocrx_word' id='word_1_148' title='bbox 3633 382 3679 436; x_wconf 92' lang='lat' dir='ltr'><strong>si</strong></span> <span class='ocrx_word' id='word_1_149' title='bbox 3705 381 3792 434; x_wconf 87' lang='lat' dir='ltr'><strong>ali-</strong></span> 
     </span>
    </p>
   </div>
   <div class='ocr_carea' id='block_1_20' title="bbox 2218 472 3792 546">
    <p class='ocr_par' dir='ltr' id='par_1_20' title="bbox 2218 472 3792 546">
     <span class='ocr_line' id='line_1_20' title="bbox 2218 472 3792 546; baseline -0.004 -16"><span class='ocrx_word' id='word_1_150' title='bbox 2218 491 2326 546; x_wconf 88' lang='lat' dir='ltr'><strong>qua</strong></span> <span class='ocrx_word' id='word_1_151' title='bbox 2351 475 2637 530; x_wconf 81' lang='lat' dir='ltr'><strong>difﬁcultas</strong></span> <span class='ocrx_word' id='word_1_152' title='bbox 2687 477 2739 528; x_wconf 88' lang='lat' dir='ltr'><strong>in</strong></span> <span class='ocrx_word' id='word_1_153' title='bbox 2769 474 3011 544; x_wconf 84' lang='lat' dir='ltr'><strong>qualibet</strong></span> <span class='ocrx_word' id='word_1_154' title='bbox 3051 487 3111 526; x_wconf 86' lang='lat' dir='ltr'><strong>re</strong></span> <span class='ocrx_word' id='word_1_155' title='bbox 3151 473 3234 528; x_wconf 91' lang='lat' dir='ltr'><strong>eis</strong></span> <span class='ocrx_word' id='word_1_156' title='bbox 3256 472 3565 534; x_wconf 84' lang='lat' dir='ltr'><strong>obsisteret,</strong></span> <span class='ocrx_word' id='word_1_157' title='bbox 3612 472 3679 524; x_wconf 90' lang='lat' dir='ltr'><strong>ad</strong></span> <span class='ocrx_word' id='word_1_158' title='bbox 3705 487 3792 525; x_wconf 86' lang='lat' dir='ltr'><strong>no-</strong></span> 
     </span>
    </p>
   </div>
   <div class='ocr_carea' id='block_1_21' title="bbox 2221 562 3787 633">
    <p class='ocr_par' dir='ltr' id='par_1_21' title="bbox 2221 562 3787 633">
     <span class='ocr_line' id='line_1_21' title="bbox 2221 562 3787 633; baseline -0.003 -15"><span class='ocrx_word' id='word_1_159' title='bbox 2221 575 2388 618; x_wconf 87' lang='lat' dir='ltr'><strong>stram</strong></span> <span class='ocrx_word' id='word_1_160' title='bbox 2418 565 2665 619; x_wconf 89' lang='lat' dir='ltr'><strong>notitiam</strong></span> <span class='ocrx_word' id='word_1_161' title='bbox 2689 562 2900 618; x_wconf 90' lang='lat' dir='ltr'><strong>deferre</strong></span> <span class='ocrx_word' id='word_1_162' title='bbox 2941 573 3219 618; x_wconf 75' lang='lat' dir='ltr'><strong>curarent.</strong></span> <span class='ocrx_word' id='word_1_163' title='bbox 3273 563 3613 633; x_wconf 84' lang='lat' dir='ltr'><strong>Quapropter</strong></span> <span class='ocrx_word' id='word_1_164' title='bbox 3644 563 3787 615; x_wconf 80' lang='lat' dir='ltr'><strong>volu-</strong></span> 
     </span>
    </p>
   </div>
   <div class='ocr_carea' id='block_1_22' title="bbox 2221 652 3796 724">
    <p class='ocr_par' dir='ltr' id='par_1_22' title="bbox 2221 652 3796 724">
     <span class='ocr_line' id='line_1_22' title="bbox 2221 652 3796 724; baseline -0.003 -13"><span class='ocrx_word' id='word_1_165' title='bbox 2221 672 2341 711; x_wconf 83' lang='lat' dir='ltr'><strong>lllllS</strong></span> <span class='ocrx_word' id='word_1_166' title='bbox 2380 665 2442 710; x_wconf 79' lang='grc' dir='ltr'><strong>ιιι</strong></span> <span class='ocrx_word' id='word_1_167' title='bbox 2485 670 2580 710; x_wconf 68' lang='grc' dir='ltr'><strong>νοε</strong></span> <span class='ocrx_word' id='word_1_168' title='bbox 2621 669 2833 719; x_wconf 90' lang='lat' dir='ltr'><strong>omnes,</strong></span> <span class='ocrx_word' id='word_1_169' title='bbox 2875 663 3095 724; x_wconf 89' lang='lat' dir='ltr'><strong>propter</strong></span> <span class='ocrx_word' id='word_1_170' title='bbox 3119 668 3452 708; x_wconf 74' lang='lat' dir='ltr'><strong>communem</strong></span> <span class='ocrx_word' id='word_1_171' title='bbox 3483 652 3715 707; x_wconf 87' lang='lat' dir='ltr'><strong>salutem</strong></span> <span class='ocrx_word' id='word_1_172' title='bbox 3744 662 3796 706; x_wconf 77' lang='grc' dir='ltr'>ει</span> 
     </span>
    </p>
   </div>
   <div class='ocr_carea' id='block_1_23' title="bbox 2221 743 3794 819">
    <p class='ocr_par' dir='ltr' id='par_1_23' title="bbox 2221 743 3794 819">
     <span class='ocr_line' id='line_1_23' title="bbox 2221 743 3794 819; baseline -0.003 -17"><span class='ocrx_word' id='word_1_173' title='bbox 2221 749 2372 819; x_wconf 87' lang='lat' dir='ltr'><strong>regni</strong></span> <span class='ocrx_word' id='word_1_174' title='bbox 2420 749 2679 802; x_wconf 87' lang='lat' dir='ltr'><strong>honorem</strong></span> <span class='ocrx_word' id='word_1_175' title='bbox 2727 761 2793 800; x_wconf 89' lang='lat' dir='ltr'><strong>ac</strong></span> <span class='ocrx_word' id='word_1_176' title='bbox 2821 745 3003 815; x_wconf 84' lang='lat' dir='ltr'><strong>populi</strong></span> <span class='ocrx_word' id='word_1_177' title='bbox 3049 745 3360 808; x_wconf 86' lang='lat' dir='ltr'><strong>utilitatem,</strong></span> <span class='ocrx_word' id='word_1_178' title='bbox 3407 743 3712 798; x_wconf 87' lang='lat' dir='ltr'><strong>obedientes</strong></span> <span class='ocrx_word' id='word_1_179' title='bbox 3739 751 3794 797; x_wconf 86' lang='lat' dir='ltr'><strong>et</strong></span> 
     </span>
    </p>
   </div>
   <div class='ocr_carea' id='block_1_24' title="bbox 2221 836 3793 911">
    <p class='ocr_par' dir='ltr' id='par_1_24' title="bbox 2221 836 3793 911">
     <span class='ocr_line' id='line_1_24' title="bbox 2221 836 3793 911; baseline -0.001 -18"><span class='ocrx_word' id='word_1_180' title='bbox 2221 841 2498 911; x_wconf 85' lang='lat' dir='ltr'><strong>adjutores</strong></span> <span class='ocrx_word' id='word_1_181' title='bbox 2523 838 2708 893; x_wconf 84' lang='lat' dir='ltr'><strong>missis</strong></span> <span class='ocrx_word' id='word_1_182' title='bbox 2736 838 2938 893; x_wconf 89' lang='lat' dir='ltr'><strong>nostris</strong></span> <span class='ocrx_word' id='word_1_183' title='bbox 2968 838 3022 892; x_wconf 94' lang='lat' dir='ltr'><strong>in</strong></span> <span class='ocrx_word' id='word_1_184' title='bbox 3053 839 3305 892; x_wconf 89' lang='lat' dir='ltr'><strong>omnibus</strong></span> <span class='ocrx_word' id='word_1_185' title='bbox 3330 851 3431 906; x_wconf 91' lang='lat' dir='ltr'><strong>pro</strong></span> <span class='ocrx_word' id='word_1_186' title='bbox 3455 836 3649 890; x_wconf 87' lang='lat' dir='ltr'><strong>viribus</strong></span> <span class='ocrx_word' id='word_1_187' title='bbox 3668 850 3793 891; x_wconf 82' lang='lat' dir='ltr'><strong>esse</strong></span> 
     </span>
    </p>
   </div>
   <div class='ocr_carea' id='block_1_25' title="bbox 2220 927 3796 1002">
    <p class='ocr_par' dir='ltr' id='par_1_25' title="bbox 2220 927 3796 1002">
     <span class='ocr_line' id='line_1_25' title="bbox 2220 927 3796 1002; baseline -0.005 -16"><span class='ocrx_word' id='word_1_188' title='bbox 2220 948 2328 987; x_wconf 91' lang='lat' dir='ltr'><strong>non</strong></span> <span class='ocrx_word' id='word_1_189' title='bbox 2372 930 2698 1002; x_wconf 75' lang='lat' dir='ltr'><strong>neghgatis;</strong></span> <span class='ocrx_word' id='word_1_190' title='bbox 2748 929 3016 998; x_wconf 87' lang='lat' dir='ltr'><strong>simulque</strong></span> <span class='ocrx_word' id='word_1_191' title='bbox 3063 928 3248 984; x_wconf 87' lang='lat' dir='ltr'><strong>sciatis</strong></span> <span class='ocrx_word' id='word_1_192' title='bbox 3288 927 3360 983; x_wconf 92' lang='lat' dir='ltr'><strong>ob</strong></span> <span class='ocrx_word' id='word_1_193' title='bbox 3403 927 3543 980; x_wconf 89' lang='lat' dir='ltr'><strong>hanc</strong></span> <span class='ocrx_word' id='word_1_194' title='bbox 3579 942 3796 980; x_wconf 83' lang='lat' dir='ltr'><strong>causam</strong></span> 
     </span>
    </p>
   </div>
   <div class='ocr_carea' id='block_1_26' title="bbox 2220 1017 3798 1092">
    <p class='ocr_par' dir='ltr' id='par_1_26' title="bbox 2220 1017 3798 1092">
     <span class='ocr_line' id='line_1_26' title="bbox 2220 1017 3798 1092; baseline -0.006 -14"><span class='ocrx_word' id='word_1_195' title='bbox 2220 1039 2318 1079; x_wconf 88' lang='lat' dir='ltr'><strong>nos</strong></span> <span class='ocrx_word' id='word_1_196' title='bbox 2343 1023 2482 1078; x_wconf 88' lang='lat' dir='ltr'><strong>velle</strong></span> <span class='ocrx_word' id='word_1_197' title='bbox 2502 1037 2600 1092; x_wconf 89' lang='lat' dir='ltr'><strong>per</strong></span> <span class='ocrx_word' id='word_1_198' title='bbox 2632 1021 2874 1092; x_wconf 84' lang='lat' dir='ltr'><strong>singulas</strong></span> <span class='ocrx_word' id='word_1_199' title='bbox 2901 1019 3268 1074; x_wconf 89' lang='lat' dir='ltr'><strong>hebdomadas</strong></span> <span class='ocrx_word' id='word_1_200' title='bbox 3305 1033 3413 1072; x_wconf 88' lang='lat' dir='ltr'><strong>uno</strong></span> <span class='ocrx_word' id='word_1_201' title='bbox 3443 1017 3531 1072; x_wconf 87' lang='lat' dir='ltr'><strong>die</strong></span> <span class='ocrx_word' id='word_1_202' title='bbox 3559 1018 3614 1070; x_wconf 90' lang='lat' dir='ltr'><strong>in</strong></span> <span class='ocrx_word' id='word_1_203' title='bbox 3652 1017 3798 1085; x_wconf 86' lang='lat' dir='ltr'><strong>pala-</strong></span> 
     </span>
    </p>
   </div>
   <div class='ocr_carea' id='block_1_27' title="bbox 2219 1108 3802 1178">
    <p class='ocr_par' dir='ltr' id='par_1_27' title="bbox 2219 1108 3802 1178">
     <span class='ocr_line' id='line_1_27' title="bbox 2219 1108 3802 1178; baseline -0.004 -10"><span class='ocrx_word' id='word_1_204' title='bbox 2219 1116 2297 1170; x_wconf 92' lang='lat' dir='ltr'><strong>tio</strong></span> <span class='ocrx_word' id='word_1_205' title='bbox 2321 1123 2507 1168; x_wconf 89' lang='lat' dir='ltr'><strong>nostro</strong></span> <span class='ocrx_word' id='word_1_206' title='bbox 2532 1113 2600 1166; x_wconf 89' lang='lat' dir='ltr'><strong>ad</strong></span> <span class='ocrx_word' id='word_1_207' title='bbox 2628 1127 2822 1167; x_wconf 88' lang='lat' dir='ltr'><strong>causas</strong></span> <span class='ocrx_word' id='word_1_208' title='bbox 2872 1110 3168 1165; x_wconf 89' lang='lat' dir='ltr'><strong>audiendas</strong></span> <span class='ocrx_word' id='word_1_209' title='bbox 3211 1110 3422 1174; x_wconf 89' lang='lat' dir='ltr'><strong>sedere,</strong></span> <span class='ocrx_word' id='word_1_210' title='bbox 3452 1117 3510 1162; x_wconf 91' lang='lat' dir='ltr'><strong>ut</strong></span> <span class='ocrx_word' id='word_1_211' title='bbox 3535 1123 3636 1178; x_wconf 87' lang='lat' dir='ltr'><strong>per</strong></span> <span class='ocrx_word' id='word_1_212' title='bbox 3663 1108 3802 1162; x_wconf 74' lang='lat' dir='ltr'><strong>huiic</strong></span> 
     </span>
    </p>
   </div>
   <div class='ocr_carea' id='block_1_28' title="bbox 2220 1198 3802 1271">
    <p class='ocr_par' dir='ltr' id='par_1_28' title="bbox 2220 1198 3802 1271">
     <span class='ocr_line' id='line_1_28' title="bbox 2220 1198 3802 1271; baseline -0.006 -11"><span class='ocrx_word' id='word_1_213' title='bbox 2220 1213 2313 1260; x_wconf 89' lang='lat' dir='ltr'><strong>aut</strong></span> <span class='ocrx_word' id='word_1_214' title='bbox 2337 1203 2486 1258; x_wconf 89' lang='lat' dir='ltr'><strong>illum</strong></span> <span class='ocrx_word' id='word_1_215' title='bbox 2513 1202 2768 1257; x_wconf 88' lang='lat' dir='ltr'><strong>comitem</strong></span> <span class='ocrx_word' id='word_1_216' title='bbox 2797 1210 2852 1256; x_wconf 91' lang='lat' dir='ltr'><strong>et</strong></span> <span class='ocrx_word' id='word_1_217' title='bbox 2887 1200 3228 1271; x_wconf 85' lang='lat' dir='ltr'><strong>providentia</strong></span> <span class='ocrx_word' id='word_1_218' title='bbox 3271 1199 3562 1254; x_wconf 88' lang='lat' dir='ltr'><strong>missorum</strong></span> <span class='ocrx_word' id='word_1_219' title='bbox 3594 1206 3654 1251; x_wconf 92' lang='lat' dir='ltr'><strong>et</strong></span> <span class='ocrx_word' id='word_1_220' title='bbox 3680 1198 3802 1251; x_wconf 87' lang='lat' dir='ltr'><strong>obe-</strong></span> 
     </span>
    </p>
   </div>
   <div class='ocr_carea' id='block_1_29' title="bbox 2220 1287 3804 1362">
    <p class='ocr_par' dir='ltr' id='par_1_29' title="bbox 2220 1287 3804 1362">
     <span class='ocr_line' id='line_1_29' title="bbox 2220 1287 3804 1362; baseline -0.006 -13"><span class='ocrx_word' id='word_1_221' title='bbox 2220 1294 2421 1350; x_wconf 88' lang='lat' dir='ltr'><strong>dientia</strong></span> <span class='ocrx_word' id='word_1_222' title='bbox 2449 1291 2634 1362; x_wconf 89' lang='lat' dir='ltr'><strong>populi</strong></span> <span class='ocrx_word' id='word_1_223' title='bbox 2659 1291 2818 1346; x_wconf 88' lang='lat' dir='ltr'><strong>nobis</strong></span> <span class='ocrx_word' id='word_1_224' title='bbox 2841 1287 3182 1344; x_wconf 79' lang='lat' dir='ltr'><strong>manifestius</strong></span> <span class='ocrx_word' id='word_1_225' title='bbox 3204 1295 3482 1358; x_wconf 86' lang='lat' dir='ltr'><strong>appareat.</strong></span> <span class='ocrx_word' id='word_1_226' title='bbox 3511 1287 3578 1342; x_wconf 83' lang='lat' dir='ltr'><strong>Et</strong></span> <span class='ocrx_word' id='word_1_227' title='bbox 3606 1295 3669 1340; x_wconf 90' lang='lat' dir='ltr'><strong>ut</strong></span> <span class='ocrx_word' id='word_1_228' title='bbox 3690 1287 3804 1340; x_wconf 46' lang='lat' dir='ltr'><strong>hare</strong></span> 
     </span>
    </p>
   </div>
   <div class='ocr_carea' id='block_1_30' title="bbox 2220 1379 3802 1449">
    <p class='ocr_par' dir='ltr' id='par_1_30' title="bbox 2220 1379 3802 1449">
     <span class='ocr_line' id='line_1_30' title="bbox 2220 1379 3802 1449; baseline -0.006 -9"><span class='ocrx_word' id='word_1_229' title='bbox 2220 1385 2402 1440; x_wconf 82' lang='lat' dir='ltr'><strong>omnia</strong></span> <span class='ocrx_word' id='word_1_230' title='bbox 2428 1397 2739 1439; x_wconf 86' lang='lat' dir='ltr'><strong>successum</strong></span> <span class='ocrx_word' id='word_1_231' title='bbox 2774 1382 3030 1444; x_wconf 86' lang='lat' dir='ltr'><strong>habeant,</strong></span> <span class='ocrx_word' id='word_1_232' title='bbox 3069 1380 3316 1435; x_wconf 90' lang='lat' dir='ltr'><strong>volumus</strong></span> <span class='ocrx_word' id='word_1_233' title='bbox 3340 1389 3402 1432; x_wconf 91' lang='lat' dir='ltr'><strong>ut</strong></span> <span class='ocrx_word' id='word_1_234' title='bbox 3426 1379 3678 1449; x_wconf 80' lang='lat' dir='ltr'><strong>generale</strong></span> <span class='ocrx_word' id='word_1_235' title='bbox 3703 1380 3802 1432; x_wconf 83' lang='lat' dir='ltr'><strong>tri-</strong></span> 
     </span>
    </p>
   </div>
   <div class='ocr_carea' id='block_1_31' title="bbox 2222 1471 3805 1546">
    <p class='ocr_par' dir='ltr' id='par_1_31' title="bbox 2222 1471 3805 1546">
     <span class='ocr_line' id='line_1_31' title="bbox 2222 1471 3805 1546; baseline -0.007 -11"><span class='ocrx_word' id='word_1_236' title='bbox 2222 1477 2738 1546; x_wconf 87' lang='lat' dir='ltr'><strong>duanumiejnnium</strong></span> <span class='ocrx_word' id='word_1_237' title='bbox 2780 1475 3014 1530; x_wconf 87' lang='lat' dir='ltr'><strong>secunda</strong></span> <span class='ocrx_word' id='word_1_238' title='bbox 3045 1472 3178 1528; x_wconf 88' lang='lat' dir='ltr'><strong>feria</strong></span> <span class='ocrx_word' id='word_1_239' title='bbox 3202 1481 3326 1542; x_wconf 89' lang='lat' dir='ltr'><strong>post</strong></span> <span class='ocrx_word' id='word_1_240' title='bbox 3349 1473 3575 1526; x_wconf 87' lang='lat' dir='ltr'><strong>octabas</strong></span> <span class='ocrx_word' id='word_1_241' title='bbox 3608 1471 3805 1525; x_wconf 82' lang='lat' dir='ltr'><strong>Pente-</strong></span> 
     </span>
    </p>
   </div>
   <div class='ocr_carea' id='block_1_32' title="bbox 2225 1562 3805 1633">
    <p class='ocr_par' dir='ltr' id='par_1_32' title="bbox 2225 1562 3805 1633">
     <span class='ocr_line' id='line_1_32' title="bbox 2225 1562 3805 1633; baseline -0.006 -8"><span class='ocrx_word' id='word_1_242' title='bbox 2225 1579 2411 1625; x_wconf 89' lang='lat' dir='ltr'><strong>eosten</strong></span> <span class='ocrx_word' id='word_1_243' title='bbox 2467 1567 2847 1623; x_wconf 86' lang='lat' dir='ltr'><strong>celebrandum</strong></span> <span class='ocrx_word' id='word_1_244' title='bbox 2903 1566 3188 1628; x_wconf 86' lang='lat' dir='ltr'><strong>indicetur,</strong></span> <span class='ocrx_word' id='word_1_245' title='bbox 3240 1572 3296 1618; x_wconf 89' lang='lat' dir='ltr'><strong>et</strong></span> <span class='ocrx_word' id='word_1_246' title='bbox 3357 1563 3686 1633; x_wconf 72' lang='lat' dir='ltr'><strong>generaliter</strong></span> <span class='ocrx_word' id='word_1_247' title='bbox 3736 1562 3805 1616; x_wconf 86' lang='lat' dir='ltr'><strong>ab</strong></span> 
     </span>
    </p>
   </div>
   <div class='ocr_carea' id='block_1_33' title="bbox 545 1649 3807 1736">
    <p class='ocr_par' dir='ltr' id='par_1_33' title="bbox 545 1649 3807 1736">
     <span class='ocr_line' id='line_1_33' title="bbox 545 1649 3807 1736; baseline -0.005 -15"><span class='ocrx_word' id='word_1_248' title='bbox 545 1669 798 1722; x_wconf 90' lang='lat' dir='ltr'><strong>omnibus</strong></span> <span class='ocrx_word' id='word_1_249' title='bbox 838 1681 957 1722; x_wconf 88' lang='lat' dir='ltr'><strong>esse</strong></span> <span class='ocrx_word' id='word_1_250' title='bbox 995 1673 1213 1736; x_wconf 91' lang='lat' dir='ltr'><strong>paratos</strong></span> <span class='ocrx_word' id='word_1_251' title='bbox 1239 1679 1359 1734; x_wconf 68' lang='lat' dir='ltr'><strong>quae</strong></span> <span class='ocrx_word' id='word_1_252' title='bbox 1384 1661 1544 1732; x_wconf 82' lang='lat' dir='ltr'><strong>huius</strong></span> <span class='ocrx_word' id='word_1_253' title='bbox 1568 1661 1948 1717; x_wconf 76' lang='lat' dir='ltr'><strong>sacratissima:</strong></span> <span class='ocrx_word' id='word_1_254' title='bbox 1973 1662 2116 1718; x_wconf 85' lang='lat' dir='ltr'><strong>sedis</strong></span> <span class='ocrx_word' id='word_1_255' title='bbox 2142 1649 2191 1708; x_wconf 84' lang='grc' dir='ltr'><strong><em>Β</em></strong></span> <span class='ocrx_word' id='word_1_256' title='bbox 2216 1661 2469 1717; x_wconf 76' lang='lat' dir='ltr'><strong>erunibus</strong></span> <span class='ocrx_word' id='word_1_257' title='bbox 2491 1673 2616 1713; x_wconf 91' lang='lat' dir='ltr'><strong>eum</strong></span> <span class='ocrx_word' id='word_1_258' title='bbox 2643 1671 2849 1711; x_wconf 89' lang='lat' dir='ltr'><strong>summa</strong></span> <span class='ocrx_word' id='word_1_259' title='bbox 2880 1655 3167 1710; x_wconf 88' lang='lat' dir='ltr'><strong>devotione</strong></span> <span class='ocrx_word' id='word_1_260' title='bbox 3211 1654 3547 1708; x_wconf 79' lang='lat' dir='ltr'><strong>observetur.</strong></span> <span class='ocrx_word' id='word_1_261' title='bbox 3587 1652 3652 1706; x_wconf 80' lang='lat' dir='ltr'><strong>Et</strong></span> <span class='ocrx_word' id='word_1_262' title='bbox 3677 1651 3807 1722; x_wconf 84' lang='lat' dir='ltr'><strong>quia</strong></span> 
     </span>
    </p>
   </div>
   <div class='ocr_carea' id='block_1_34' title="bbox 547 1752 2119 1824">
    <p class='ocr_par' dir='ltr' id='par_1_34' title="bbox 547 1752 2119 1824">
     <span class='ocr_line' id='line_1_34' title="bbox 547 1752 2119 1824; baseline -0.003 -12"><span class='ocrx_word' id='word_1_263' title='bbox 547 1760 840 1814; x_wconf 88' lang='lat' dir='ltr'><strong>necessitas</strong></span> <span class='ocrx_word' id='word_1_264' title='bbox 891 1767 982 1812; x_wconf 90' lang='lat' dir='ltr'><strong>aut</strong></span> <span class='ocrx_word' id='word_1_265' title='bbox 1021 1756 1273 1812; x_wconf 89' lang='lat' dir='ltr'><strong>voluntas</strong></span> <span class='ocrx_word' id='word_1_266' title='bbox 1299 1753 1672 1824; x_wconf 89' lang='lat' dir='ltr'><strong>postulaverit.</strong></span> <span class='ocrx_word' id='word_1_267' title='bbox 1701 1752 1962 1823; x_wconf 82' lang='lat' dir='ltr'><strong>Optamus</strong></span> <span class='ocrx_word' id='word_1_268' title='bbox 1996 1769 2119 1808; x_wconf 86' lang='lat' dir='ltr'><strong>san-</strong></span> 
     </span>
    </p>
   </div>
   <div class='ocr_carea' id='block_1_35' title="bbox 544 1845 2116 1916">
    <p class='ocr_par' dir='ltr' id='par_1_35' title="bbox 544 1845 2116 1916">
     <span class='ocr_line' id='line_1_35' title="bbox 544 1845 2116 1916; baseline -0.004 -13"><span class='ocrx_word' id='word_1_269' title='bbox 544 1859 687 1904; x_wconf 88' lang='lat' dir='ltr'><strong>ctam</strong></span> <span class='ocrx_word' id='word_1_270' title='bbox 733 1857 788 1903; x_wconf 91' lang='lat' dir='ltr'><strong>et</strong></span> <span class='ocrx_word' id='word_1_271' title='bbox 820 1846 1180 1902; x_wconf 87' lang='lat' dir='ltr'><strong>venerabilem</strong></span> <span class='ocrx_word' id='word_1_272' title='bbox 1208 1861 1273 1900; x_wconf 91' lang='lat' dir='ltr'><strong>ac</strong></span> <span class='ocrx_word' id='word_1_273' title='bbox 1296 1845 1442 1916; x_wconf 87' lang='lat' dir='ltr'><strong>piam</strong></span> <span class='ocrx_word' id='word_1_274' title='bbox 1471 1845 1855 1914; x_wconf 88' lang='lat' dir='ltr'><strong>paternitatem</strong></span> <span class='ocrx_word' id='word_1_275' title='bbox 1880 1853 2116 1898; x_wconf 85' lang='lat' dir='ltr'><strong>vestram</strong></span> 
     </span>
    </p>
   </div>
   <div class='ocr_carea' id='block_1_36' title="bbox 547 1935 2121 2006">
    <p class='ocr_par' dir='ltr' id='par_1_36' title="bbox 547 1935 2121 2006">
     <span class='ocr_line' id='line_1_36' title="bbox 547 1935 2121 2006; baseline -0.002 -14"><span class='ocrx_word' id='word_1_276' title='bbox 547 1952 761 2006; x_wconf 87' lang='lat' dir='ltr'><strong>semper</strong></span> <span class='ocrx_word' id='word_1_277' title='bbox 786 1937 841 1991; x_wconf 90' lang='lat' dir='ltr'><strong>in</strong></span> <span class='ocrx_word' id='word_1_278' title='bbox 869 1935 1086 1991; x_wconf 90' lang='lat' dir='ltr'><strong>Christo</strong></span> <span class='ocrx_word' id='word_1_279' title='bbox 1110 1936 1248 1991; x_wconf 90' lang='lat' dir='ltr'><strong>bene</strong></span> <span class='ocrx_word' id='word_1_280' title='bbox 1274 1936 1456 1990; x_wconf 86' lang='lat' dir='ltr'><strong>valere</strong></span> <span class='ocrx_word' id='word_1_281' title='bbox 1473 1975 1488 1999; x_wconf 95' lang='lat'><strong>,</strong></span> <span class='ocrx_word' id='word_1_282' title='bbox 1531 1943 1586 1989; x_wconf 89' lang='lat' dir='ltr'><strong>et</strong></span> <span class='ocrx_word' id='word_1_283' title='bbox 1624 1936 1793 1990; x_wconf 91' lang='lat' dir='ltr'><strong>nostri</strong></span> <span class='ocrx_word' id='word_1_284' title='bbox 1822 1951 1886 1989; x_wconf 90' lang='lat' dir='ltr'><strong>ac</strong></span> <span class='ocrx_word' id='word_1_285' title='bbox 1909 1944 2121 1990; x_wconf 89' lang='lat' dir='ltr'><strong>nostro-</strong></span> 
     </span>
    </p>
   </div>
   <div class='ocr_carea' id='block_1_37' title="bbox 548 2025 2118 2091">
    <p class='ocr_par' dir='ltr' id='par_1_37' title="bbox 548 2025 2118 2091">
     <span class='ocr_line' id='line_1_37' title="bbox 548 2025 2118 2091; baseline 0.001 -11"><span class='ocrx_word' id='word_1_286' title='bbox 548 2043 666 2080; x_wconf 88' lang='lat' dir='ltr'><strong>rum</strong></span> <span class='ocrx_word' id='word_1_287' title='bbox 686 2026 925 2082; x_wconf 89' lang='lat' dir='ltr'><strong>omnium</strong></span> <span class='ocrx_word' id='word_1_288' title='bbox 949 2025 1004 2080; x_wconf 91' lang='lat' dir='ltr'><strong>in</strong></span> <span class='ocrx_word' id='word_1_289' title='bbox 1025 2025 1390 2080; x_wconf 87' lang='lat' dir='ltr'><strong>sacrosanctis</strong></span> <span class='ocrx_word' id='word_1_290' title='bbox 1416 2025 1752 2081; x_wconf 88' lang='lat' dir='ltr'><strong>orationibus</strong></span> <span class='ocrx_word' id='word_1_291' title='bbox 1781 2026 2118 2091; x_wconf 88' lang='lat' dir='ltr'><strong>meminisse,</strong></span> 
     </span>
    </p>
   </div>
   <div class='ocr_carea' id='block_1_38' title="bbox 547 2114 1523 2173">
    <p class='ocr_par' dir='ltr' id='par_1_38' title="bbox 547 2114 1523 2173">
     <span class='ocr_line' id='line_1_38' title="bbox 547 2114 1523 2173; baseline -0.002 -1"><span class='ocrx_word' id='word_1_292' title='bbox 547 2116 884 2173; x_wconf 88' lang='lat' dir='ltr'><strong>sanctissime</strong></span> <span class='ocrx_word' id='word_1_293' title='bbox 912 2131 977 2171; x_wconf 90' lang='lat' dir='ltr'><strong>ac</strong></span> <span class='ocrx_word' id='word_1_294' title='bbox 1002 2114 1315 2172; x_wconf 89' lang='lat' dir='ltr'><strong>beatissime</strong></span> <span class='ocrx_word' id='word_1_295' title='bbox 1341 2115 1523 2172; x_wconf 88' lang='lat' dir='ltr'><strong>Pater.</strong></span> 
     </span>
    </p>
   </div>
   <div class='ocr_carea' id='block_1_39' title="bbox 1075 2223 1592 2281">
    <p class='ocr_par' dir='ltr' id='par_1_39' title="bbox 1075 2223 1592 2281">
     <span class='ocr_line' id='line_1_39' title="bbox 1075 2223 1592 2281; baseline 0 -2"><span class='ocrx_word' id='word_1_296' title='bbox 1075 2223 1415 2281; x_wconf 82' lang='lat' dir='ltr'><strong>EPISTOLA</strong></span> <span class='ocrx_word' id='word_1_297' title='bbox 1459 2224 1592 2281; x_wconf 78' lang='lat' dir='ltr'><strong>VIII.</strong></span> 
     </span>
    </p>
   </div>
   <div class='ocr_carea' id='block_1_40' title="bbox 681 2309 1977 2351">
    <p class='ocr_par' dir='ltr' id='par_1_40' title="bbox 681 2309 1977 2351">
     <span class='ocr_line' id='line_1_40' title="bbox 681 2309 1977 2351; baseline -0.001 -1"><span class='ocrx_word' id='word_1_298' title='bbox 681 2310 940 2351; x_wconf 60' lang='grc' dir='ltr'><strong>ιιηετοιλ</strong></span> <span class='ocrx_word' id='word_1_299' title='bbox 971 2309 1343 2351; x_wconf 64' lang='grc' dir='ltr'>ςειηειιλιιτειι</span> <span class='ocrx_word' id='word_1_300' title='bbox 1368 2309 1570 2351; x_wconf 72' lang='grc' dir='ltr'><strong>Ρορυιο</strong></span> <span class='ocrx_word' id='word_1_301' title='bbox 1597 2311 1685 2350; x_wconf 75' lang='lat' dir='ltr'><strong>DEI</strong></span> <span class='ocrx_word' id='word_1_302' title='bbox 1718 2310 1977 2351; x_wconf 71' lang='lat' dir='ltr'><strong>LEGENDA.</strong></span> 
     </span>
    </p>
   </div>
   <div class='ocr_carea' id='block_1_41' title="bbox 772 2387 1897 2460">
    <p class='ocr_par' dir='ltr' id='par_1_41' title="bbox 772 2387 1897 2460">
     <span class='ocr_line' id='line_1_41' title="bbox 772 2387 1897 2460; baseline 0.003 -17"><span class='ocrx_word' id='word_1_303' title='bbox 772 2387 851 2444; x_wconf 82' lang='lat' dir='ltr'><strong>De</strong></span> <span class='ocrx_word' id='word_1_304' title='bbox 884 2390 1252 2444; x_wconf 78' lang='lat' dir='ltr'><strong>convocatione</strong></span> <span class='ocrx_word' id='word_1_305' title='bbox 1279 2399 1508 2460; x_wconf 84' lang='lat' dir='ltr'><strong>quatuor</strong></span> <span class='ocrx_word' id='word_1_306' title='bbox 1534 2391 1897 2446; x_wconf 79' lang='lat' dir='ltr'><strong>conciliorum.</strong></span> 
     </span>
    </p>
   </div>
   <div class='ocr_carea' id='block_1_42' title="bbox 1157 2476 1510 2550">
    <p class='ocr_par' dir='ltr' id='par_1_42' title="bbox 1157 2476 1510 2550">
     <span class='ocr_line' id='line_1_42' title="bbox 1157 2476 1510 2550; baseline 0.006 -21"><span class='ocrx_word' id='word_1_307' title='bbox 1157 2476 1330 2549; x_wconf 79' lang='lat' dir='ltr'><strong>(Anno</strong></span> <span class='ocrx_word' id='word_1_308' title='bbox 1359 2477 1510 2550; x_wconf 74' lang='lat'><strong>828.)</strong></span> 
     </span>
    </p>
   </div>
   <div class='ocr_carea' id='block_1_43' title="bbox 969 2565 1706 2641">
    <p class='ocr_par' dir='ltr' id='par_1_43' title="bbox 969 2565 1706 2641">
     <span class='ocr_line' id='line_1_43' title="bbox 969 2565 1706 2641; baseline 0.005 -23"><span class='ocrx_word' id='word_1_309' title='bbox 969 2565 1214 2632; x_wconf 82' lang='lat' dir='ltr'><strong>_lBaluz.,</strong></span> <span class='ocrx_word' id='word_1_310' title='bbox 1235 2566 1387 2633; x_wconf 81' lang='lat' dir='ltr'><strong>ibid.,</strong></span> <span class='ocrx_word' id='word_1_311' title='bbox 1406 2582 1527 2639; x_wconf 88' lang='lat' dir='ltr'><strong>pag.</strong></span> <span class='ocrx_word' id='word_1_312' title='bbox 1557 2568 1706 2641; x_wconf 66' lang='lat'><strong>654.]</strong></span> 
     </span>
    </p>
   </div>
   <div class='ocr_carea' id='block_1_44' title="bbox 616 2657 2122 2718">
    <p class='ocr_par' dir='ltr' id='par_1_44' title="bbox 616 2657 2122 2718">
     <span class='ocr_line' id='line_1_44' title="bbox 616 2657 2122 2718; baseline 0.002 -3"><span class='ocrx_word' id='word_1_313' title='bbox 616 2659 672 2715; x_wconf 83' lang='lat' dir='ltr'><strong>in</strong></span> <span class='ocrx_word' id='word_1_314' title='bbox 698 2669 914 2715; x_wconf 83' lang='lat' dir='ltr'><strong>nomine</strong></span> <span class='ocrx_word' id='word_1_315' title='bbox 933 2657 1156 2714; x_wconf 76' lang='lat' dir='ltr'><strong>tDomini</strong></span> <span class='ocrx_word' id='word_1_316' title='bbox 1203 2659 1299 2714; x_wconf 88' lang='lat' dir='ltr'><strong>Dei</strong></span> <span class='ocrx_word' id='word_1_317' title='bbox 1340 2669 1395 2714; x_wconf 88' lang='lat' dir='ltr'><strong>et</strong></span> <span class='ocrx_word' id='word_1_318' title='bbox 1438 2659 1741 2717; x_wconf 90' lang='lat' dir='ltr'><strong>Salvatoris</strong></span> <span class='ocrx_word' id='word_1_319' title='bbox 1791 2662 1962 2717; x_wconf 87' lang='lat' dir='ltr'><strong>nostri</strong></span> <span class='ocrx_word' id='word_1_320' title='bbox 1993 2662 2122 2718; x_wconf 83' lang='lat' dir='ltr'><strong>Jesu</strong></span> 
     </span>
    </p>
   </div>
   <div class='ocr_carea' id='block_1_45' title="bbox 543 2749 2195 2819">
    <p class='ocr_par' dir='ltr' id='par_1_45' title="bbox 543 2749 2195 2819">
     <span class='ocr_line' id='line_1_45' title="bbox 543 2749 2195 2819; baseline 0.002 -13"><span class='ocrx_word' id='word_1_321' title='bbox 543 2749 767 2806; x_wconf 87' lang='lat' dir='ltr'><strong>Christi.</strong></span> <span class='ocrx_word' id='word_1_322' title='bbox 817 2749 1123 2805; x_wconf 88' lang='lat' dir='ltr'><strong>Ludovicus</strong></span> <span class='ocrx_word' id='word_1_323' title='bbox 1167 2758 1222 2805; x_wconf 90' lang='lat' dir='ltr'><strong>et</strong></span> <span class='ocrx_word' id='word_1_324' title='bbox 1269 2750 1578 2819; x_wconf 89' lang='lat' dir='ltr'><strong>Lotharius,</strong></span> <span class='ocrx_word' id='word_1_325' title='bbox 1609 2753 1789 2808; x_wconf 88' lang='lat' dir='ltr'><strong>divina</strong></span> <span class='ocrx_word' id='word_1_326' title='bbox 1836 2755 2124 2810; x_wconf 90' lang='lat' dir='ltr'><strong>ordinante</strong></span> <span class='ocrx_word' id='word_1_327' title='bbox 2191 2753 2195 2758; x_wconf 80' lang='grc'><em>’</em></span> 
     </span>
    </p>
   </div>
   <div class='ocr_carea' id='block_1_46' title="bbox 545 2840 2124 2912">
    <p class='ocr_par' dir='ltr' id='par_1_46' title="bbox 545 2840 2124 2912">
     <span class='ocr_line' id='line_1_46' title="bbox 545 2840 2124 2912; baseline 0.003 -16"><span class='ocrx_word' id='word_1_328' title='bbox 545 2841 899 2911; x_wconf 90' lang='lat' dir='ltr'><strong>providentia,</strong></span> <span class='ocrx_word' id='word_1_329' title='bbox 931 2840 1283 2910; x_wconf 88' lang='lat' dir='ltr'><strong>imperatores</strong></span> <span class='ocrx_word' id='word_1_330' title='bbox 1311 2841 1558 2912; x_wconf 85' lang='lat' dir='ltr'><strong>Augusti,</strong></span> <span class='ocrx_word' id='word_1_331' title='bbox 1589 2843 1843 2898; x_wconf 90' lang='lat' dir='ltr'><strong>omnibus</strong></span> <span class='ocrx_word' id='word_1_332' title='bbox 1873 2843 2124 2900; x_wconf 87' lang='lat' dir='ltr'><strong>ﬁdelibus</strong></span> 
     </span>
    </p>
   </div>
   <div class='ocr_carea' id='block_1_47' title="bbox 545 2929 1488 2987">
    <p class='ocr_par' dir='ltr' id='par_1_47' title="bbox 545 2929 1488 2987">
     <span class='ocr_line' id='line_1_47' title="bbox 545 2929 1488 2987; baseline -0.003 -1"><span class='ocrx_word' id='word_1_333' title='bbox 545 2940 747 2986; x_wconf 64' lang='lat' dir='ltr'><strong>sancta:</strong></span> <span class='ocrx_word' id='word_1_334' title='bbox 776 2931 869 2987; x_wconf 91' lang='lat' dir='ltr'><strong>Dei</strong></span> <span class='ocrx_word' id='word_1_335' title='bbox 901 2929 1157 2986; x_wconf 84' lang='lat' dir='ltr'><strong>Ecclesiae</strong></span> <span class='ocrx_word' id='word_1_336' title='bbox 1185 2937 1240 2985; x_wconf 92' lang='lat' dir='ltr'><strong>et</strong></span> <span class='ocrx_word' id='word_1_337' title='bbox 1267 2931 1488 2986; x_wconf 89' lang='lat' dir='ltr'><strong>nostris.</strong></span> 
     </span>
    </p>
   </div>
   <div class='ocr_carea' id='block_1_48' title="bbox 617 3021 2124 3090">
    <p class='ocr_par' dir='ltr' id='par_1_48' title="bbox 617 3021 2124 3090">
     <span class='ocr_line' id='line_1_48' title="bbox 617 3021 2124 3090; baseline 0.002 -14"><span class='ocrx_word' id='word_1_338' title='bbox 617 3021 913 3078; x_wconf 82' lang='lat' dir='ltr'><strong>Recordari</strong></span> <span class='ocrx_word' id='word_1_339' title='bbox 940 3037 1037 3077; x_wconf 93' lang='lat' dir='ltr'><strong>vos</strong></span> <span class='ocrx_word' id='word_1_340' title='bbox 1061 3021 1332 3078; x_wconf 88' lang='lat' dir='ltr'><strong>credimus</strong></span> <span class='ocrx_word' id='word_1_341' title='bbox 1352 3022 1587 3090; x_wconf 89' lang='lat' dir='ltr'><strong>qualiter</strong></span> <span class='ocrx_word' id='word_1_342' title='bbox 1608 3023 1710 3078; x_wconf 89' lang='lat' dir='ltr'><strong>hoc</strong></span> <span class='ocrx_word' id='word_1_343' title='bbox 1731 3039 1874 3078; x_wconf 90' lang='lat' dir='ltr'><strong>anno</strong></span> <span class='ocrx_word' id='word_1_344' title='bbox 1899 3024 2124 3079; x_wconf 89' lang='lat' dir='ltr'><strong>consilio</strong></span> 
     </span>
    </p>
   </div>
   <div class='ocr_carea' id='block_1_49' title="bbox 547 3113 2128 3186">
    <p class='ocr_par' dir='ltr' id='par_1_49' title="bbox 547 3113 2128 3186">
     <span class='ocr_line' id='line_1_49' title="bbox 547 3113 2128 3186; baseline 0.001 -16"><span class='ocrx_word' id='word_1_345' title='bbox 547 3115 890 3170; x_wconf 87' lang='lat' dir='ltr'><strong>sacerdotum</strong></span> <span class='ocrx_word' id='word_1_346' title='bbox 928 3121 984 3169; x_wconf 89' lang='lat' dir='ltr'><strong>et</strong></span> <span class='ocrx_word' id='word_1_347' title='bbox 1013 3113 1240 3170; x_wconf 89' lang='lat' dir='ltr'><strong>aliorum</strong></span> <span class='ocrx_word' id='word_1_348' title='bbox 1270 3113 1510 3169; x_wconf 90' lang='lat' dir='ltr'><strong>ﬁdelium</strong></span> <span class='ocrx_word' id='word_1_349' title='bbox 1539 3121 1846 3170; x_wconf 88' lang='lat' dir='ltr'><strong>nostrorum</strong></span> <span class='ocrx_word' id='word_1_350' title='bbox 1879 3115 2128 3186; x_wconf 86' lang='lat' dir='ltr'><strong>generale</strong></span> 
     </span>
    </p>
   </div>
   <div class='ocr_carea' id='block_1_50' title="bbox 545 3209 2128 3284">
    <p class='ocr_par' dir='ltr' id='par_1_50' title="bbox 545 3209 2128 3284">
     <span class='ocr_line' id='line_1_50' title="bbox 545 3209 2128 3284; baseline 0.003 -22"><span class='ocrx_word' id='word_1_351' title='bbox 545 3209 803 3284; x_wconf 74' lang='lat' dir='ltr'><strong>ieiunium</strong></span> <span class='ocrx_word' id='word_1_352' title='bbox 832 3225 930 3280; x_wconf 87' lang='lat' dir='ltr'><strong>per</strong></span> <span class='ocrx_word' id='word_1_353' title='bbox 973 3216 1142 3265; x_wconf 88' lang='lat' dir='ltr'><strong>totum</strong></span> <span class='ocrx_word' id='word_1_354' title='bbox 1171 3225 1398 3279; x_wconf 85' lang='lat' dir='ltr'><strong>regnum</strong></span> <span class='ocrx_word' id='word_1_355' title='bbox 1427 3218 1674 3266; x_wconf 85' lang='lat' dir='ltr'><strong>nostrum</strong></span> <span class='ocrx_word' id='word_1_356' title='bbox 1715 3211 1992 3266; x_wconf 86' lang='lat' dir='ltr'><strong>celebrare</strong></span> <span class='ocrx_word' id='word_1_357' title='bbox 2009 3210 2128 3280; x_wconf 84' lang='lat' dir='ltr'><strong>ius-</strong></span> 
     </span>
    </p>
   </div>
   <div class='ocr_carea' id='block_1_51' title="bbox 548 3299 2126 3370">
    <p class='ocr_par' dir='ltr' id='par_1_51' title="bbox 548 3299 2126 3370">
     <span class='ocr_line' id='line_1_51' title="bbox 548 3299 2126 3370; baseline 0.001 -17"><span class='ocrx_word' id='word_1_358' title='bbox 548 3300 734 3361; x_wconf 89' lang='lat' dir='ltr'><strong>simus,</strong></span> <span class='ocrx_word' id='word_1_359' title='bbox 769 3301 1046 3368; x_wconf 90' lang='lat' dir='ltr'><strong>Deumque</strong></span> <span class='ocrx_word' id='word_1_360' title='bbox 1089 3306 1199 3354; x_wconf 88' lang='lat' dir='ltr'><strong>tota</strong></span> <span class='ocrx_word' id='word_1_361' title='bbox 1232 3300 1514 3355; x_wconf 89' lang='lat' dir='ltr'><strong>devotione</strong></span> <span class='ocrx_word' id='word_1_362' title='bbox 1540 3301 1830 3370; x_wconf 83' lang='lat' dir='ltr'><strong>deposcere</strong></span> <span class='ocrx_word' id='word_1_363' title='bbox 1874 3307 1935 3354; x_wconf 93' lang='lat' dir='ltr'><strong>ut</strong></span> <span class='ocrx_word' id='word_1_364' title='bbox 1969 3299 2126 3355; x_wconf 91' lang='lat' dir='ltr'><strong>nobis</strong></span> 
     </span>
    </p>
   </div>
   <div class='ocr_carea' id='block_1_52' title="bbox 548 3388 2126 3458">
    <p class='ocr_par' dir='ltr' id='par_1_52' title="bbox 548 3388 2126 3458">
     <span class='ocr_line' id='line_1_52' title="bbox 548 3388 2126 3458; baseline 0.004 -18"><span class='ocrx_word' id='word_1_365' title='bbox 548 3389 865 3458; x_wconf 89' lang='lat' dir='ltr'><strong>propitiaret</strong></span> <span class='ocrx_word' id='word_1_366' title='bbox 886 3389 942 3442; x_wconf 92' lang='lat' dir='ltr'><strong>in</strong></span> <span class='ocrx_word' id='word_1_367' title='bbox 972 3388 1164 3457; x_wconf 90' lang='lat' dir='ltr'><strong>quibus</strong></span> <span class='ocrx_word' id='word_1_368' title='bbox 1193 3388 1342 3442; x_wconf 92' lang='lat' dir='ltr'><strong>illum</strong></span> <span class='ocrx_word' id='word_1_369' title='bbox 1372 3390 1608 3444; x_wconf 76' lang='lat' dir='ltr'><strong>maxime</strong></span> <span class='ocrx_word' id='word_1_370' title='bbox 1649 3389 1916 3446; x_wconf 80' lang='lat' dir='ltr'><strong>offensum</strong></span> <span class='ocrx_word' id='word_1_371' title='bbox 1960 3391 2126 3446; x_wconf 83' lang='lat' dir='ltr'><strong>habe-</strong></span> 
     </span>
    </p>
   </div>
   <div class='ocr_carea' id='block_1_53' title="bbox 549 3478 2126 3544">
    <p class='ocr_par' dir='ltr' id='par_1_53' title="bbox 549 3478 2126 3544">
     <span class='ocr_line' id='line_1_53' title="bbox 549 3478 2126 3544; baseline 0.003 -11"><span class='ocrx_word' id='word_1_372' title='bbox 549 3495 730 3535; x_wconf 88' lang='lat' dir='ltr'><strong>remus</strong></span> <span class='ocrx_word' id='word_1_373' title='bbox 756 3479 909 3534; x_wconf 91' lang='lat' dir='ltr'><strong>nobis</strong></span> <span class='ocrx_word' id='word_1_374' title='bbox 934 3478 1303 3544; x_wconf 79' lang='lat' dir='ltr'><strong>manifestare,</strong></span> <span class='ocrx_word' id='word_1_375' title='bbox 1329 3488 1386 3534; x_wconf 91' lang='lat' dir='ltr'><strong>et</strong></span> <span class='ocrx_word' id='word_1_376' title='bbox 1411 3488 1472 3534; x_wconf 93' lang='lat' dir='ltr'><strong>ut</strong></span> <span class='ocrx_word' id='word_1_377' title='bbox 1497 3482 1565 3536; x_wconf 90' lang='lat' dir='ltr'><strong>ad</strong></span> <span class='ocrx_word' id='word_1_378' title='bbox 1605 3483 1999 3537; x_wconf 88' lang='lat' dir='ltr'><strong>correctionem</strong></span> <span class='ocrx_word' id='word_1_379' title='bbox 2031 3499 2126 3538; x_wconf 90' lang='lat' dir='ltr'><strong>no-</strong></span> 
     </span>
    </p>
   </div>
   <div class='ocr_carea' id='block_1_54' title="bbox 548 3557 2122 3645">
    <p class='ocr_par' dir='ltr' id='par_1_54' title="bbox 548 3557 2122 3645">
     <span class='ocr_line' id='line_1_54' title="bbox 548 3557 2122 3645; baseline 0.004 -19"><span class='ocrx_word' id='word_1_380' title='bbox 548 3557 714 3626; x_wconf 71' lang='lat' dir='ltr'><strong>stram</strong></span> <span class='ocrx_word' id='word_1_381' title='bbox 759 3573 1118 3628; x_wconf 85' lang='lat' dir='ltr'><strong>necessariam</strong></span> <span class='ocrx_word' id='word_1_382' title='bbox 1162 3573 1508 3643; x_wconf 89' lang='lat' dir='ltr'><strong>tranquillum</strong></span> <span class='ocrx_word' id='word_1_383' title='bbox 1556 3582 1770 3645; x_wconf 90' lang='lat' dir='ltr'><strong>tempus</strong></span> <span class='ocrx_word' id='word_1_384' title='bbox 1817 3576 1973 3631; x_wconf 86' lang='lat' dir='ltr'><strong>nobis</strong></span> <span class='ocrx_word' id='word_1_385' title='bbox 2022 3577 2122 3632; x_wconf 90' lang='lat' dir='ltr'><strong>tri-</strong></span> 
     </span>
    </p>
   </div>
   <div class='ocr_carea' id='block_1_55' title="bbox 548 3662 2124 3738">
    <p class='ocr_par' dir='ltr' id='par_1_55' title="bbox 548 3662 2124 3738">
     <span class='ocr_line' id='line_1_55' title="bbox 548 3662 2124 3738; baseline 0.004 -20"><span class='ocrx_word' id='word_1_386' title='bbox 548 3663 712 3718; x_wconf 89' lang='lat' dir='ltr'><strong>buere</strong></span> <span class='ocrx_word' id='word_1_387' title='bbox 761 3663 1094 3732; x_wconf 84' lang='lat' dir='ltr'><strong>dignaretur.</strong></span> <span class='ocrx_word' id='word_1_388' title='bbox 1159 3662 1510 3720; x_wconf 84' lang='lat' dir='ltr'><strong>Volueramus</strong></span> <span class='ocrx_word' id='word_1_389' title='bbox 1562 3665 1827 3736; x_wconf 86' lang='lat' dir='ltr'><strong>siquidem</strong></span> <span class='ocrx_word' id='word_1_390' title='bbox 1882 3676 2124 3738; x_wconf 89' lang='lat' dir='ltr'><strong>tempore</strong></span> 
     </span>
    </p>
   </div>
   <div class='ocr_carea' id='block_1_56' title="bbox 548 3753 2121 3827">
    <p class='ocr_par' dir='ltr' id='par_1_56' title="bbox 548 3753 2121 3827">
     <span class='ocr_line' id='line_1_56' title="bbox 548 3753 2121 3827; baseline 0.004 -18"><span class='ocrx_word' id='word_1_391' title='bbox 548 3769 786 3825; x_wconf 88' lang='lat' dir='ltr'><strong>congruo</strong></span> <span class='ocrx_word' id='word_1_392' title='bbox 827 3753 1082 3824; x_wconf 89' lang='lat' dir='ltr'><strong>placitum</strong></span> <span class='ocrx_word' id='word_1_393' title='bbox 1129 3765 1374 3812; x_wconf 86' lang='lat' dir='ltr'><strong>nostrum</strong></span> <span class='ocrx_word' id='word_1_394' title='bbox 1416 3757 1664 3827; x_wconf 86' lang='lat' dir='ltr'><strong>generale</strong></span> <span class='ocrx_word' id='word_1_395' title='bbox 1709 3758 1931 3825; x_wconf 87' lang='lat' dir='ltr'><strong>habere,</strong></span> <span class='ocrx_word' id='word_1_396' title='bbox 1975 3769 2032 3814; x_wconf 89' lang='lat' dir='ltr'><strong>et</strong></span> <span class='ocrx_word' id='word_1_397' title='bbox 2067 3759 2121 3815; x_wconf 92' lang='lat' dir='ltr'><strong>in</strong></span> 
     </span>
    </p>
   </div>
   <div class='ocr_carea' id='block_1_57' title="bbox 547 3844 2123 3918">
    <p class='ocr_par' dir='ltr' id='par_1_57' title="bbox 547 3844 2123 3918">
     <span class='ocr_line' id='line_1_57' title="bbox 547 3844 2123 3918; baseline 0.005 -22"><span class='ocrx_word' id='word_1_398' title='bbox 547 3844 736 3899; x_wconf 89' lang='lat' dir='ltr'><strong>eodem</strong></span> <span class='ocrx_word' id='word_1_399' title='bbox 766 3845 833 3899; x_wconf 92' lang='lat' dir='ltr'><strong>de</strong></span> <span class='ocrx_word' id='word_1_400' title='bbox 859 3845 1132 3900; x_wconf 89' lang='lat' dir='ltr'><strong>communi</strong></span> <span class='ocrx_word' id='word_1_401' title='bbox 1180 3847 1516 3902; x_wconf 88' lang='lat' dir='ltr'><strong>correctione</strong></span> <span class='ocrx_word' id='word_1_402' title='bbox 1561 3862 1766 3918; x_wconf 87' lang='lat' dir='ltr'><strong>agere;</strong></span> <span class='ocrx_word' id='word_1_403' title='bbox 1809 3856 1864 3903; x_wconf 91' lang='lat' dir='ltr'><strong>et</strong></span> <span class='ocrx_word' id='word_1_404' title='bbox 1905 3849 1982 3903; x_wconf 90' lang='lat' dir='ltr'><strong>ita</strong></span> <span class='ocrx_word' id='word_1_405' title='bbox 2012 3848 2123 3905; x_wconf 90' lang='lat' dir='ltr'><strong>Deo</strong></span> 
     </span>
    </p>
   </div>
   <div class='ocr_carea' id='block_1_58' title="bbox 551 3935 2125 4003">
    <p class='ocr_par' dir='ltr' id='par_1_58' title="bbox 551 3935 2125 4003">
     <span class='ocr_line' id='line_1_58' title="bbox 551 3935 2125 4003; baseline 0.003 -15"><span class='ocrx_word' id='word_1_406' title='bbox 551 3935 842 3990; x_wconf 87' lang='lat' dir='ltr'><strong>miserante</strong></span> <span class='ocrx_word' id='word_1_407' title='bbox 885 3935 1062 4002; x_wconf 84' lang='lat' dir='ltr'><strong>ﬁeret,</strong></span> <span class='ocrx_word' id='word_1_408' title='bbox 1106 3935 1210 3991; x_wconf 90' lang='lat' dir='ltr'><strong>nisi</strong></span> <span class='ocrx_word' id='word_1_409' title='bbox 1240 3936 1939 4003; x_wconf 20' lang='lat' dir='ltr'><strong>commotioiinimicorum,</strong></span> <span class='ocrx_word' id='word_1_410' title='bbox 1987 3938 2125 3994; x_wconf 89' lang='lat' dir='ltr'><strong>sicut</strong></span> 
     </span>
    </p>
   </div>
   <div class='ocr_carea' id='block_1_59' title="bbox 548 4025 2124 4098">
    <p class='ocr_par' dir='ltr' id='par_1_59' title="bbox 548 4025 2124 4098">
     <span class='ocr_line' id='line_1_59' title="bbox 548 4025 2124 4098; baseline 0.002 -19"><span class='ocrx_word' id='word_1_411' title='bbox 548 4026 746 4090; x_wconf 89' lang='lat' dir='ltr'><strong>nostis,</strong></span> <span class='ocrx_word' id='word_1_412' title='bbox 788 4027 1155 4096; x_wconf 73' lang='lat' dir='ltr'><strong>prmpedisset.</strong></span> <span class='ocrx_word' id='word_1_413' title='bbox 1199 4025 1305 4082; x_wconf 90' lang='lat' dir='ltr'><strong>Sed</strong></span> <span class='ocrx_word' id='word_1_414' title='bbox 1349 4027 1473 4097; x_wconf 87' lang='lat' dir='ltr'><strong>quia</strong></span> <span class='ocrx_word' id='word_1_415' title='bbox 1506 4035 1634 4083; x_wconf 92' lang='lat' dir='ltr'><strong>tunc</strong></span> <span class='ocrx_word' id='word_1_416' title='bbox 1665 4028 1778 4082; x_wconf 90' lang='lat' dir='ltr'><strong>ﬁeri</strong></span> <span class='ocrx_word' id='word_1_417' title='bbox 1819 4044 1922 4085; x_wconf 90' lang='lat' dir='ltr'><strong>non</strong></span> <span class='ocrx_word' id='word_1_418' title='bbox 1949 4029 2124 4098; x_wconf 88' lang='lat' dir='ltr'><strong>potuit</strong></span> 
     </span>
    </p>
   </div>
   <div class='ocr_carea' id='block_1_60' title="bbox 548 4114 2124 4189">
    <p class='ocr_par' dir='ltr' id='par_1_60' title="bbox 548 4114 2124 4189">
     <span class='ocr_line' id='line_1_60' title="bbox 548 4114 2124 4189; baseline 0.005 -22"><span class='ocrx_word' id='word_1_419' title='bbox 548 4114 696 4181; x_wconf 78' lang='lat' dir='ltr'><strong>iuxta</strong></span> <span class='ocrx_word' id='word_1_420' title='bbox 723 4115 1050 4173; x_wconf 87' lang='lat' dir='ltr'><strong>voluntatem</strong></span> <span class='ocrx_word' id='word_1_421' title='bbox 1075 4125 1335 4183; x_wconf 88' lang='lat' dir='ltr'><strong>nostram,</strong></span> <span class='ocrx_word' id='word_1_422' title='bbox 1361 4118 1534 4172; x_wconf 90' lang='lat' dir='ltr'><strong>visum</strong></span> <span class='ocrx_word' id='word_1_423' title='bbox 1564 4119 1719 4173; x_wconf 90' lang='lat' dir='ltr'><strong>nobis</strong></span> <span class='ocrx_word' id='word_1_424' title='bbox 1747 4118 1848 4174; x_wconf 86' lang='lat' dir='ltr'><strong>fuit</strong></span> <span class='ocrx_word' id='word_1_425' title='bbox 1887 4135 2124 4189; x_wconf 73' lang='lat' dir='ltr'><strong>prmscus</strong></span> 
     </span>
    </p>
   </div>
   <div class='ocr_carea' id='block_1_61' title="bbox 547 4197 2120 4277">
    <p class='ocr_par' dir='ltr' id='par_1_61' title="bbox 547 4197 2120 4277">
     <span class='ocr_line' id='line_1_61' title="bbox 547 4197 2120 4277; baseline 0.005 -20"><span class='ocrx_word' id='word_1_426' title='bbox 547 4205 803 4274; x_wconf 87' lang='lat' dir='ltr'><strong>placitum</strong></span> <span class='ocrx_word' id='word_1_427' title='bbox 831 4197 954 4261; x_wconf 90' lang='lat' dir='ltr'><strong>cum</strong></span> <span class='ocrx_word' id='word_1_428' title='bbox 994 4206 1262 4277; x_wconf 89' lang='lat' dir='ltr'><strong>aliquibus</strong></span> <span class='ocrx_word' id='word_1_429' title='bbox 1291 4223 1355 4262; x_wconf 80' lang='lat' dir='ltr'><strong>ex</strong></span> <span class='ocrx_word' id='word_1_430' title='bbox 1397 4208 1643 4263; x_wconf 89' lang='lat' dir='ltr'><strong>ﬁdelibus</strong></span> <span class='ocrx_word' id='word_1_431' title='bbox 1669 4210 1870 4265; x_wconf 87' lang='lat' dir='ltr'><strong>nostris</strong></span> <span class='ocrx_word' id='word_1_432' title='bbox 1899 4211 2120 4276; x_wconf 89' lang='lat' dir='ltr'><strong>habere,</strong></span> 
     </span>
    </p>
   </div>
   <div class='ocr_carea' id='block_1_62' title="bbox 2221 1742 3806 1818">
    <p class='ocr_par' dir='ltr' id='par_1_62' title="bbox 2221 1742 3806 1818">
     <span class='ocr_line' id='line_1_62' title="bbox 2221 1742 3806 1818; baseline -0.005 -13"><span class='ocrx_word' id='word_1_433' title='bbox 2221 1750 2458 1818; x_wconf 89' lang='lat' dir='ltr'><strong>undique</strong></span> <span class='ocrx_word' id='word_1_434' title='bbox 2505 1748 2753 1803; x_wconf 91' lang='lat' dir='ltr'><strong>inimicos</strong></span> <span class='ocrx_word' id='word_1_435' title='bbox 2799 1756 3002 1800; x_wconf 57' lang='lat' dir='ltr'><strong>sancta).</strong></span> <span class='ocrx_word' id='word_1_436' title='bbox 3030 1745 3126 1800; x_wconf 89' lang='lat' dir='ltr'><strong>Dei</strong></span> <span class='ocrx_word' id='word_1_437' title='bbox 3168 1742 3426 1799; x_wconf 66' lang='lat' dir='ltr'><strong>Ecclesiae</strong></span> <span class='ocrx_word' id='word_1_438' title='bbox 3453 1744 3806 1804; x_wconf 78' lang='lat' dir='ltr'><strong>commoveri,</strong></span> 
     </span>
    </p>
   </div>
   <div class='ocr_carea' id='block_1_63' title="bbox 2221 1832 3810 1910">
    <p class='ocr_par' dir='ltr' id='par_1_63' title="bbox 2221 1832 3810 1910">
     <span class='ocr_line' id='line_1_63' title="bbox 2221 1832 3810 1910; baseline -0.004 -16"><span class='ocrx_word' id='word_1_439' title='bbox 2221 1848 2278 1895; x_wconf 91' lang='lat' dir='ltr'><strong>et</strong></span> <span class='ocrx_word' id='word_1_440' title='bbox 2309 1853 2533 1910; x_wconf 87' lang='lat' dir='ltr'><strong>regnum</strong></span> <span class='ocrx_word' id='word_1_441' title='bbox 2565 1853 2597 1892; x_wconf 94' lang='lat' dir='ltr'><strong>a</strong></span> <span class='ocrx_word' id='word_1_442' title='bbox 2626 1835 2738 1890; x_wconf 91' lang='lat' dir='ltr'><strong>Deo</strong></span> <span class='ocrx_word' id='word_1_443' title='bbox 2784 1835 2942 1889; x_wconf 87' lang='lat' dir='ltr'><strong>nobis</strong></span> <span class='ocrx_word' id='word_1_444' title='bbox 2987 1833 3336 1889; x_wconf 84' lang='lat' dir='ltr'><strong>commissum</strong></span> <span class='ocrx_word' id='word_1_445' title='bbox 3369 1832 3628 1888; x_wconf 81' lang='lat' dir='ltr'><strong>infestare</strong></span> <span class='ocrx_word' id='word_1_446' title='bbox 3671 1833 3810 1888; x_wconf 84' lang='lat' dir='ltr'><strong>velle</strong></span> 
     </span>
    </p>
   </div>
   <div class='ocr_carea' id='block_1_64' title="bbox 2219 1922 3810 2002">
    <p class='ocr_par' dir='ltr' id='par_1_64' title="bbox 2219 1922 3810 2002">
     <span class='ocr_line' id='line_1_64' title="bbox 2219 1922 3810 2002; baseline -0.006 -16"><span class='ocrx_word' id='word_1_447' title='bbox 2219 1930 2619 2002; x_wconf 89' lang='lat' dir='ltr'><strong>cognoscimus,</strong></span> <span class='ocrx_word' id='word_1_448' title='bbox 2665 1925 3010 1998; x_wconf 62' lang='lat' dir='ltr'><strong>praecipimus</strong></span> <span class='ocrx_word' id='word_1_449' title='bbox 3050 1931 3214 1994; x_wconf 81' lang='lat' dir='ltr'><strong>atque</strong></span> <span class='ocrx_word' id='word_1_450' title='bbox 3248 1922 3501 1993; x_wconf 86' lang='lat' dir='ltr'><strong>iubemus</strong></span> <span class='ocrx_word' id='word_1_451' title='bbox 3527 1931 3589 1976; x_wconf 93' lang='lat' dir='ltr'><strong>ut</strong></span> <span class='ocrx_word' id='word_1_452' title='bbox 3619 1935 3810 1976; x_wconf 85' lang='lat' dir='ltr'><strong>omnes</strong></span> 
     </span>
    </p>
   </div>
   <div class='ocr_carea' id='block_1_65' title="bbox 2220 2011 3810 2088">
    <p class='ocr_par' dir='ltr' id='par_1_65' title="bbox 2220 2011 3810 2088">
     <span class='ocr_line' id='line_1_65' title="bbox 2220 2011 3810 2088; baseline -0.008 -12"><span class='ocrx_word' id='word_1_453' title='bbox 2220 2020 2473 2076; x_wconf 89' lang='lat' dir='ltr'><strong>homines</strong></span> <span class='ocrx_word' id='word_1_454' title='bbox 2495 2032 2594 2088; x_wconf 89' lang='lat' dir='ltr'><strong>per</strong></span> <span class='ocrx_word' id='word_1_455' title='bbox 2619 2024 2790 2072; x_wconf 91' lang='lat' dir='ltr'><strong>totum</strong></span> <span class='ocrx_word' id='word_1_456' title='bbox 2820 2030 3046 2084; x_wconf 89' lang='lat' dir='ltr'><strong>regnum</strong></span> <span class='ocrx_word' id='word_1_457' title='bbox 3071 2021 3335 2078; x_wconf 88' lang='lat' dir='ltr'><strong>nostrum,</strong></span> <span class='ocrx_word' id='word_1_458' title='bbox 3364 2013 3460 2082; x_wconf 86' lang='lat' dir='ltr'><strong>qui</strong></span> <span class='ocrx_word' id='word_1_459' title='bbox 3491 2011 3810 2067; x_wconf 74' lang='lat' dir='ltr'><strong>exercitalis</strong></span> 
     </span>
    </p>
   </div>
   <div class='ocr_carea' id='block_1_66' title="bbox 2220 2103 3810 2172">
    <p class='ocr_par' dir='ltr' id='par_1_66' title="bbox 2220 2103 3810 2172">
     <span class='ocr_line' id='line_1_66' title="bbox 2220 2103 3810 2172; baseline -0.006 -6"><span class='ocrx_word' id='word_1_460' title='bbox 2220 2110 2433 2166; x_wconf 89' lang='lat' dir='ltr'><strong>itineris</strong></span> <span class='ocrx_word' id='word_1_461' title='bbox 2479 2108 2750 2164; x_wconf 87' lang='lat' dir='ltr'><strong>debitores</strong></span> <span class='ocrx_word' id='word_1_462' title='bbox 2807 2112 2950 2167; x_wconf 87' lang='lat' dir='ltr'><strong>sunt,</strong></span> <span class='ocrx_word' id='word_1_463' title='bbox 3003 2105 3140 2159; x_wconf 91' lang='lat' dir='ltr'><strong>bene</strong></span> <span class='ocrx_word' id='word_1_464' title='bbox 3187 2103 3299 2157; x_wconf 86' lang='lat' dir='ltr'><strong>sint</strong></span> <span class='ocrx_word' id='word_1_465' title='bbox 3347 2104 3636 2172; x_wconf 69' lang='lat' dir='ltr'><strong>praeparati</strong></span> <span class='ocrx_word' id='word_1_466' title='bbox 3683 2117 3810 2158; x_wconf 84' lang='lat' dir='ltr'><strong>cum</strong></span> 
     </span>
    </p>
   </div>
   <div class='ocr_carea' id='block_1_67' title="bbox 2221 2196 3812 2272">
    <p class='ocr_par' dir='ltr' id='par_1_67' title="bbox 2221 2196 3812 2272">
     <span class='ocr_line' id='line_1_67' title="bbox 2221 2196 3812 2272; baseline -0.005 -15"><span class='ocrx_word' id='word_1_467' title='bbox 2221 2202 2397 2272; x_wconf 86' lang='lat' dir='ltr'><strong>equis,</strong></span> <span class='ocrx_word' id='word_1_468' title='bbox 2441 2201 2630 2265; x_wconf 89' lang='lat' dir='ltr'><strong>armis,</strong></span> <span class='ocrx_word' id='word_1_469' title='bbox 2673 2197 3033 2261; x_wconf 85' lang='lat' dir='ltr'><strong>vestimentis,</strong></span> <span class='ocrx_word' id='word_1_470' title='bbox 3061 2196 3238 2251; x_wconf 87' lang='lat' dir='ltr'><strong>carris</strong></span> <span class='ocrx_word' id='word_1_471' title='bbox 3263 2205 3319 2251; x_wconf 84' lang='lat' dir='ltr'><strong>et</strong></span> <span class='ocrx_word' id='word_1_472' title='bbox 3367 2196 3708 2260; x_wconf 84' lang='lat' dir='ltr'><strong>victualibus,</strong></span> <span class='ocrx_word' id='word_1_473' title='bbox 3746 2209 3812 2250; x_wconf 85' lang='lat' dir='ltr'><strong>ut</strong></span> 
     </span>
    </p>
   </div>
   <div class='ocr_carea' id='block_1_68' title="bbox 2223 2284 3809 2365">
    <p class='ocr_par' dir='ltr' id='par_1_68' title="bbox 2223 2284 3809 2365">
     <span class='ocr_line' id='line_1_68' title="bbox 2223 2284 3809 2365; baseline -0.006 -17"><span class='ocrx_word' id='word_1_474' title='bbox 2223 2306 2553 2365; x_wconf 88' lang='lat' dir='ltr'><strong>quocunque</strong></span> <span class='ocrx_word' id='word_1_475' title='bbox 2583 2299 2824 2359; x_wconf 88' lang='lat' dir='ltr'><strong>tempore</strong></span> <span class='ocrx_word' id='word_1_476' title='bbox 2851 2288 2933 2342; x_wconf 92' lang='lat' dir='ltr'><strong>eis</strong></span> <span class='ocrx_word' id='word_1_477' title='bbox 2957 2302 2988 2340; x_wconf 88' lang='lat' dir='ltr'><strong>a</strong></span> <span class='ocrx_word' id='word_1_478' title='bbox 3030 2286 3186 2342; x_wconf 89' lang='lat' dir='ltr'><strong>nobis</strong></span> <span class='ocrx_word' id='word_1_479' title='bbox 3212 2285 3584 2341; x_wconf 86' lang='lat' dir='ltr'><strong>denuntiatum</strong></span> <span class='ocrx_word' id='word_1_480' title='bbox 3615 2284 3809 2349; x_wconf 82' lang='lat' dir='ltr'><strong>fuerit,</strong></span> 
     </span>
    </p>
   </div>
   <div class='ocr_carea' id='block_1_69' title="bbox 2221 2377 3815 2447">
    <p class='ocr_par' dir='ltr' id='par_1_69' title="bbox 2221 2377 3815 2447">
     <span class='ocr_line' id='line_1_69' title="bbox 2221 2377 3815 2447; baseline -0.006 -7"><span class='ocrx_word' id='word_1_481' title='bbox 2221 2385 2341 2440; x_wconf 84' lang='lat' dir='ltr'><strong>sine</strong></span> <span class='ocrx_word' id='word_1_482' title='bbox 2365 2383 2474 2438; x_wconf 90' lang='lat' dir='ltr'><strong>ulla</strong></span> <span class='ocrx_word' id='word_1_483' title='bbox 2513 2395 2666 2437; x_wconf 89' lang='lat' dir='ltr'><strong>mora</strong></span> <span class='ocrx_word' id='word_1_484' title='bbox 2693 2380 2843 2435; x_wconf 74' lang='lat' dir='ltr'><strong>exire</strong></span> <span class='ocrx_word' id='word_1_485' title='bbox 2886 2386 2942 2434; x_wconf 92' lang='lat' dir='ltr'><strong>et</strong></span> <span class='ocrx_word' id='word_1_486' title='bbox 2974 2377 3027 2432; x_wconf 92' lang='lat' dir='ltr'><strong>in</strong></span> <span class='ocrx_word' id='word_1_487' title='bbox 3057 2392 3439 2447; x_wconf 88' lang='lat' dir='ltr'><strong>quamcunque</strong></span> <span class='ocrx_word' id='word_1_488' title='bbox 3471 2384 3684 2447; x_wconf 86' lang='lat' dir='ltr'><strong>partem</strong></span> <span class='ocrx_word' id='word_1_489' title='bbox 3713 2391 3815 2431; x_wconf 65' lang='lat' dir='ltr'><strong>ne-</strong></span> 
     </span>
    </p>
   </div>
   <div class='ocr_carea' id='block_1_70' title="bbox 2223 2471 3815 2545">
    <p class='ocr_par' dir='ltr' id='par_1_70' title="bbox 2223 2471 3815 2545">
     <span class='ocr_line' id='line_1_70' title="bbox 2223 2471 3815 2545; baseline -0.003 -13"><span class='ocrx_word' id='word_1_490' title='bbox 2223 2475 2452 2532; x_wconf 86' lang='lat' dir='ltr'><strong>cessitas</strong></span> <span class='ocrx_word' id='word_1_491' title='bbox 2473 2473 2847 2545; x_wconf 88' lang='lat' dir='ltr'><strong>postulaverit,</strong></span> <span class='ocrx_word' id='word_1_492' title='bbox 2889 2487 3119 2543; x_wconf 87' lang='lat' dir='ltr'><strong>pergere</strong></span> <span class='ocrx_word' id='word_1_493' title='bbox 3163 2471 3392 2540; x_wconf 88' lang='lat' dir='ltr'><strong>possint,</strong></span> <span class='ocrx_word' id='word_1_494' title='bbox 3432 2480 3488 2527; x_wconf 91' lang='lat' dir='ltr'><strong>et</strong></span> <span class='ocrx_word' id='word_1_495' title='bbox 3522 2471 3707 2526; x_wconf 87' lang='lat' dir='ltr'><strong>tandiu</strong></span> <span class='ocrx_word' id='word_1_496' title='bbox 3737 2472 3815 2527; x_wconf 86' lang='lat' dir='ltr'><strong>ibi</strong></span> 
     </span>
    </p>
   </div>
   <div class='ocr_carea' id='block_1_71' title="bbox 2223 2562 3334 2638">
    <p class='ocr_par' dir='ltr' id='par_1_71' title="bbox 2223 2562 3334 2638">
     <span class='ocr_line' id='line_1_71' title="bbox 2223 2562 3334 2638; baseline -0.008 -13"><span class='ocrx_word' id='word_1_497' title='bbox 2223 2583 2345 2625; x_wconf 86' lang='lat' dir='ltr'><strong>esse</strong></span> <span class='ocrx_word' id='word_1_498' title='bbox 2371 2566 2612 2638; x_wconf 88' lang='lat' dir='ltr'><strong>quandiu</strong></span> <span class='ocrx_word' id='word_1_499' title='bbox 2637 2565 2936 2620; x_wconf 88' lang='lat' dir='ltr'><strong>necessitas</strong></span> <span class='ocrx_word' id='word_1_500' title='bbox 2961 2562 3334 2633; x_wconf 86' lang='lat' dir='ltr'><strong>postulaverit.</strong></span> 
     </span>
    </p>
   </div>
   <div class='ocr_carea' id='block_1_72' title="bbox 2366 2675 3664 2748">
    <p class='ocr_par' dir='ltr' id='par_1_72' title="bbox 2366 2675 3664 2748">
     <span class='ocr_line' id='line_1_72' title="bbox 2366 2675 3664 2748; baseline -0.003 -14"><span class='ocrx_word' id='word_1_501' title='bbox 2366 2677 2497 2734; x_wconf 73' lang='lat' dir='ltr'><strong>Haec</strong></span> <span class='ocrx_word' id='word_1_502' title='bbox 2519 2686 2637 2733; x_wconf 79' lang='lat' dir='ltr'><strong>sunt</strong></span> <span class='ocrx_word' id='word_1_503' title='bbox 2660 2676 2889 2748; x_wconf 78' lang='lat' dir='ltr'><strong>capitula</strong></span> <span class='ocrx_word' id='word_1_504' title='bbox 2911 2675 2975 2730; x_wconf 80' lang='lat' dir='ltr'><strong>de</strong></span> <span class='ocrx_word' id='word_1_505' title='bbox 2997 2676 3340 2730; x_wconf 66' lang='lat' dir='ltr'><strong>instruction</strong></span> <span class='ocrx_word' id='word_1_506' title='bbox 3360 2678 3664 2731; x_wconf 77' lang='lat' dir='ltr'><strong>missorum.</strong></span> 
     </span>
    </p>
   </div>
   <div class='ocr_carea' id='block_1_73' title="bbox 2298 2765 3810 2838">
    <p class='ocr_par' dir='ltr' id='par_1_73' title="bbox 2298 2765 3810 2838">
     <span class='ocr_line' id='line_1_73' title="bbox 2298 2765 3810 2838; baseline -0.003 -15"><span class='ocrx_word' id='word_1_507' title='bbox 2298 2767 2591 2824; x_wconf 87' lang='lat' dir='ltr'><strong>Dicendum</strong></span> <span class='ocrx_word' id='word_1_508' title='bbox 2617 2775 2701 2822; x_wconf 89' lang='lat' dir='ltr'><strong>est</strong></span> <span class='ocrx_word' id='word_1_509' title='bbox 2720 2765 2827 2820; x_wconf 90' lang='lat' dir='ltr'><strong>illis</strong></span> <span class='ocrx_word' id='word_1_510' title='bbox 2856 2766 2981 2835; x_wconf 89' lang='lat' dir='ltr'><strong>quia</strong></span> <span class='ocrx_word' id='word_1_511' title='bbox 3006 2780 3230 2820; x_wconf 89' lang='lat' dir='ltr'><strong>necesse</strong></span> <span class='ocrx_word' id='word_1_512' title='bbox 3253 2774 3337 2821; x_wconf 90' lang='lat' dir='ltr'><strong>est</strong></span> <span class='ocrx_word' id='word_1_513' title='bbox 3365 2773 3427 2820; x_wconf 86' lang='lat' dir='ltr'><strong>ut</strong></span> <span class='ocrx_word' id='word_1_514' title='bbox 3450 2766 3810 2838; x_wconf 77' lang='lat' dir='ltr'><strong>intelligamus</strong></span> 
     </span>
    </p>
   </div>
   <div class='ocr_carea' id='block_1_74' title="bbox 2227 2856 3808 2927">
    <p class='ocr_par' dir='ltr' id='par_1_74' title="bbox 2227 2856 3808 2927">
     <span class='ocr_line' id='line_1_74' title="bbox 2227 2856 3808 2927; baseline -0.003 -11"><span class='ocrx_word' id='word_1_515' title='bbox 2227 2874 2419 2917; x_wconf 82' lang='lat' dir='ltr'><strong>omnes</strong></span> <span class='ocrx_word' id='word_1_516' title='bbox 2436 2857 2796 2914; x_wconf 89' lang='lat' dir='ltr'><strong>communiter</strong></span> <span class='ocrx_word' id='word_1_517' title='bbox 2820 2856 2980 2927; x_wconf 88' lang='lat' dir='ltr'><strong>quale</strong></span> <span class='ocrx_word' id='word_1_518' title='bbox 3004 2857 3304 2926; x_wconf 88' lang='lat' dir='ltr'><strong>periculum</strong></span> <span class='ocrx_word' id='word_1_519' title='bbox 3333 2857 3486 2913; x_wconf 88' lang='lat' dir='ltr'><strong>nobis</strong></span> <span class='ocrx_word' id='word_1_520' title='bbox 3511 2858 3808 2920; x_wconf 84' lang='lat' dir='ltr'><strong>immineat,</strong></span> 
     </span>
    </p>
   </div>
   <div class='ocr_carea' id='block_1_75' title="bbox 2147 2947 3811 3048">
    <p class='ocr_par' dir='ltr' id='par_1_75' title="bbox 2147 2947 3811 3048">
     <span class='ocr_line' id='line_1_75' title="bbox 2147 2947 3811 3048; baseline -0.005 -38"><span class='ocrx_word' id='word_1_521' title='bbox 2147 2980 2200 3048; x_wconf 64' lang='grc' dir='ltr'>α</span> <span class='ocrx_word' id='word_1_522' title='bbox 2227 2955 2285 3010; x_wconf 88' lang='lat' dir='ltr'><strong>in</strong></span> <span class='ocrx_word' id='word_1_523' title='bbox 2326 2967 2394 3008; x_wconf 90' lang='lat' dir='ltr'><strong>eo</strong></span> <span class='ocrx_word' id='word_1_524' title='bbox 2426 2951 2660 3006; x_wconf 79' lang='lat' dir='ltr'><strong>maxime</strong></span> <span class='ocrx_word' id='word_1_525' title='bbox 2704 2949 2846 3018; x_wconf 88' lang='lat' dir='ltr'><strong>quod</strong></span> <span class='ocrx_word' id='word_1_526' title='bbox 2873 2949 2928 3002; x_wconf 93' lang='lat' dir='ltr'><strong>in</strong></span> <span class='ocrx_word' id='word_1_527' title='bbox 2979 2956 3164 3003; x_wconf 90' lang='lat' dir='ltr'><strong>nostra</strong></span> <span class='ocrx_word' id='word_1_528' title='bbox 3205 2947 3531 3018; x_wconf 84' lang='lat' dir='ltr'><strong>negligentia</strong></span> <span class='ocrx_word' id='word_1_529' title='bbox 3577 2956 3726 3004; x_wconf 85' lang='lat' dir='ltr'><strong>tanta</strong></span> <span class='ocrx_word' id='word_1_530' title='bbox 3762 2959 3811 3003; x_wconf 84' lang='lat' dir='ltr'><strong>et</strong></span> 
     </span>
    </p>
   </div>
   <div class='ocr_carea' id='block_1_76' title="bbox 2232 3039 3810 3115">
    <p class='ocr_par' dir='ltr' id='par_1_76' title="bbox 2232 3039 3810 3115">
     <span class='ocr_line' id='line_1_76' title="bbox 2232 3039 3810 3115; baseline -0.004 -15"><span class='ocrx_word' id='word_1_531' title='bbox 2232 3044 2385 3112; x_wconf 90' lang='lat' dir='ltr'><strong>talia,</strong></span> <span class='ocrx_word' id='word_1_532' title='bbox 2412 3058 2511 3115; x_wconf 88' lang='lat' dir='ltr'><strong>per</strong></span> <span class='ocrx_word' id='word_1_533' title='bbox 2540 3057 2660 3112; x_wconf 65' lang='lat' dir='ltr'><strong>quae</strong></span> <span class='ocrx_word' id='word_1_534' title='bbox 2686 3041 2830 3095; x_wconf 88' lang='lat' dir='ltr'><strong>Deus</strong></span> <span class='ocrx_word' id='word_1_535' title='bbox 2859 3039 3056 3096; x_wconf 78' lang='lat' dir='ltr'><strong>oﬁ&#39;endi</strong></span> <span class='ocrx_word' id='word_1_536' title='bbox 3095 3041 3292 3110; x_wconf 89' lang='lat' dir='ltr'><strong>potuit,</strong></span> <span class='ocrx_word' id='word_1_537' title='bbox 3325 3049 3382 3095; x_wconf 91' lang='lat' dir='ltr'><strong>et</strong></span> <span class='ocrx_word' id='word_1_538' title='bbox 3431 3041 3604 3096; x_wconf 84' lang='lat' dir='ltr'><strong>honor</strong></span> <span class='ocrx_word' id='word_1_539' title='bbox 3630 3051 3684 3096; x_wconf 86' lang='lat' dir='ltr'><strong>et</strong></span> <span class='ocrx_word' id='word_1_540' title='bbox 3719 3041 3810 3095; x_wconf 84' lang='lat' dir='ltr'><strong>ho-</strong></span> 
     </span>
    </p>
   </div>
   <div class='ocr_carea' id='block_1_77' title="bbox 2227 3130 3810 3205">
    <p class='ocr_par' dir='ltr' id='par_1_77' title="bbox 2227 3130 3810 3205">
     <span class='ocr_line' id='line_1_77' title="bbox 2227 3130 3810 3205; baseline -0.006 -13"><span class='ocrx_word' id='word_1_541' title='bbox 2227 3144 2414 3192; x_wconf 91' lang='lat' dir='ltr'><strong>nestas</strong></span> <span class='ocrx_word' id='word_1_542' title='bbox 2441 3135 2596 3205; x_wconf 86' lang='lat' dir='ltr'><strong>regni</strong></span> <span class='ocrx_word' id='word_1_543' title='bbox 2636 3133 2970 3196; x_wconf 85' lang='lat' dir='ltr'><strong>decrescere,</strong></span> <span class='ocrx_word' id='word_1_544' title='bbox 3027 3131 3203 3185; x_wconf 88' lang='lat' dir='ltr'><strong>adhuc</strong></span> <span class='ocrx_word' id='word_1_545' title='bbox 3253 3138 3435 3186; x_wconf 86' lang='lat' dir='ltr'><strong>autem</strong></span> <span class='ocrx_word' id='word_1_546' title='bbox 3466 3130 3632 3186; x_wconf 86' lang='lat' dir='ltr'><strong>etiam</strong></span> <span class='ocrx_word' id='word_1_547' title='bbox 3657 3131 3810 3184; x_wconf 87' lang='lat' dir='ltr'><strong>aliam</strong></span> 
     </span>
    </p>
   </div>
   <div class='ocr_carea' id='block_1_78' title="bbox 2226 3223 3810 3294">
    <p class='ocr_par' dir='ltr' id='par_1_78' title="bbox 2226 3223 3810 3294">
     <span class='ocr_line' id='line_1_78' title="bbox 2226 3223 3810 3294; baseline -0.002 -12"><span class='ocrx_word' id='word_1_548' title='bbox 2226 3227 2557 3283; x_wconf 86' lang='lat' dir='ltr'><strong>intellectam</strong></span> <span class='ocrx_word' id='word_1_549' title='bbox 2603 3225 2865 3279; x_wconf 87' lang='lat' dir='ltr'><strong>habemus</strong></span> <span class='ocrx_word' id='word_1_550' title='bbox 2909 3223 3287 3294; x_wconf 86' lang='lat' dir='ltr'><strong>negligentiam</strong></span> <span class='ocrx_word' id='word_1_551' title='bbox 3338 3239 3402 3278; x_wconf 80' lang='lat' dir='ltr'><strong>ex</strong></span> <span class='ocrx_word' id='word_1_552' title='bbox 3454 3224 3624 3294; x_wconf 87' lang='lat' dir='ltr'><strong>priori</strong></span> <span class='ocrx_word' id='word_1_553' title='bbox 3661 3241 3810 3280; x_wconf 80' lang='lat' dir='ltr'><strong>occa-</strong></span> 
     </span>
    </p>
   </div>
   <div class='ocr_carea' id='block_1_79' title="bbox 2227 3313 3810 3387">
    <p class='ocr_par' dir='ltr' id='par_1_79' title="bbox 2227 3313 3810 3387">
     <span class='ocr_line' id='line_1_79' title="bbox 2227 3313 3810 3387; baseline -0.003 -17"><span class='ocrx_word' id='word_1_554' title='bbox 2227 3317 2380 3372; x_wconf 84' lang='lat' dir='ltr'><strong>sione</strong></span> <span class='ocrx_word' id='word_1_555' title='bbox 2424 3325 2607 3371; x_wconf 84' lang='lat' dir='ltr'><strong>notam</strong></span> <span class='ocrx_word' id='word_1_556' title='bbox 2654 3313 2973 3387; x_wconf 79' lang='lat' dir='ltr'><strong>[Simond.,</strong></span> <span class='ocrx_word' id='word_1_557' title='bbox 3010 3313 3237 3386; x_wconf 87' lang='lat' dir='ltr'><strong>natam],</strong></span> <span class='ocrx_word' id='word_1_558' title='bbox 3277 3314 3331 3368; x_wconf 88' lang='lat' dir='ltr'><strong>id</strong></span> <span class='ocrx_word' id='word_1_559' title='bbox 3368 3321 3473 3379; x_wconf 90' lang='lat' dir='ltr'><strong>est,</strong></span> <span class='ocrx_word' id='word_1_560' title='bbox 3506 3315 3654 3384; x_wconf 89' lang='lat' dir='ltr'><strong>quod</strong></span> <span class='ocrx_word' id='word_1_561' title='bbox 3698 3316 3810 3384; x_wconf 84' lang='lat' dir='ltr'><strong>ipsa</strong></span> 
     </span>
    </p>
   </div>
   <div class='ocr_carea' id='block_1_80' title="bbox 2227 3405 3806 3483">
    <p class='ocr_par' dir='ltr' id='par_1_80' title="bbox 2227 3405 3806 3483">
     <span class='ocr_line' id='line_1_80' title="bbox 2227 3405 3806 3483; baseline -0.003 -17"><span class='ocrx_word' id='word_1_562' title='bbox 2227 3409 2424 3483; x_wconf 87' lang='lat' dir='ltr'><strong>legatio</strong></span> <span class='ocrx_word' id='word_1_563' title='bbox 2449 3423 2554 3464; x_wconf 89' lang='lat' dir='ltr'><strong>non</strong></span> <span class='ocrx_word' id='word_1_564' title='bbox 2583 3409 2656 3463; x_wconf 91' lang='lat' dir='ltr'><strong>ita</strong></span> <span class='ocrx_word' id='word_1_565' title='bbox 2675 3417 2894 3477; x_wconf 89' lang='lat' dir='ltr'><strong>peracta</strong></span> <span class='ocrx_word' id='word_1_566' title='bbox 2925 3405 3024 3461; x_wconf 90' lang='lat' dir='ltr'><strong>fuit</strong></span> <span class='ocrx_word' id='word_1_567' title='bbox 3053 3407 3194 3462; x_wconf 91' lang='lat' dir='ltr'><strong>sicut</strong></span> <span class='ocrx_word' id='word_1_568' title='bbox 3221 3408 3336 3477; x_wconf 88' lang='lat' dir='ltr'><strong>ipsa</strong></span> <span class='ocrx_word' id='word_1_569' title='bbox 3382 3408 3683 3462; x_wconf 88' lang='lat' dir='ltr'><strong>necessitas</strong></span> <span class='ocrx_word' id='word_1_570' title='bbox 3713 3410 3806 3462; x_wconf 89' lang='lat' dir='ltr'><strong>de-</strong></span> 
     </span>
    </p>
   </div>
   <div class='ocr_carea' id='block_1_81' title="bbox 2223 3497 3813 3574">
    <p class='ocr_par' dir='ltr' id='par_1_81' title="bbox 2223 3497 3813 3574">
     <span class='ocr_line' id='line_1_81' title="bbox 2223 3497 3813 3574; baseline -0.004 -16"><span class='ocrx_word' id='word_1_571' title='bbox 2223 3502 2520 3574; x_wconf 90' lang='lat' dir='ltr'><strong>poscebat;</strong></span> <span class='ocrx_word' id='word_1_572' title='bbox 2551 3515 2860 3570; x_wconf 88' lang='lat' dir='ltr'><strong>quanquam</strong></span> <span class='ocrx_word' id='word_1_573' title='bbox 2899 3515 2966 3553; x_wconf 77' lang='lat' dir='ltr'><strong>ex</strong></span> <span class='ocrx_word' id='word_1_574' title='bbox 3001 3507 3155 3569; x_wconf 90' lang='lat' dir='ltr'><strong>parte</strong></span> <span class='ocrx_word' id='word_1_575' title='bbox 3191 3513 3285 3552; x_wconf 83' lang='lat' dir='ltr'><strong>vos</strong></span> <span class='ocrx_word' id='word_1_576' title='bbox 3319 3497 3509 3553; x_wconf 86' lang='lat' dir='ltr'><strong>dicatis</strong></span> <span class='ocrx_word' id='word_1_577' title='bbox 3550 3513 3657 3552; x_wconf 91' lang='lat' dir='ltr'><strong>nos</strong></span> <span class='ocrx_word' id='word_1_578' title='bbox 3703 3514 3813 3552; x_wconf 83' lang='lat' dir='ltr'><strong>ma-</strong></span> 
     </span>
    </p>
   </div>
   <div class='ocr_carea' id='block_1_82' title="bbox 2226 3587 3814 3660">
    <p class='ocr_par' dir='ltr' id='par_1_82' title="bbox 2226 3587 3814 3660">
     <span class='ocr_line' id='line_1_82' title="bbox 2226 3587 3814 3660; baseline -0.005 -10"><span class='ocrx_word' id='word_1_579' title='bbox 2226 3595 2419 3652; x_wconf 90' lang='lat' dir='ltr'><strong>teriam</strong></span> <span class='ocrx_word' id='word_1_580' title='bbox 2463 3593 2519 3648; x_wconf 91' lang='lat' dir='ltr'><strong>in</strong></span> <span class='ocrx_word' id='word_1_581' title='bbox 2545 3607 2612 3647; x_wconf 91' lang='lat' dir='ltr'><strong>eo</strong></span> <span class='ocrx_word' id='word_1_582' title='bbox 2659 3591 2872 3646; x_wconf 90' lang='lat' dir='ltr'><strong>dedisse</strong></span> <span class='ocrx_word' id='word_1_583' title='bbox 2899 3590 3042 3660; x_wconf 89' lang='lat' dir='ltr'><strong>quod</strong></span> <span class='ocrx_word' id='word_1_584' title='bbox 3090 3604 3198 3643; x_wconf 90' lang='lat' dir='ltr'><strong>non</strong></span> <span class='ocrx_word' id='word_1_585' title='bbox 3240 3603 3334 3659; x_wconf 90' lang='lat' dir='ltr'><strong>per</strong></span> <span class='ocrx_word' id='word_1_586' title='bbox 3358 3587 3533 3642; x_wconf 89' lang='lat' dir='ltr'><strong>omnia</strong></span> <span class='ocrx_word' id='word_1_587' title='bbox 3565 3588 3637 3642; x_wconf 89' lang='lat' dir='ltr'><strong>ad</strong></span> <span class='ocrx_word' id='word_1_588' title='bbox 3673 3588 3814 3642; x_wconf 86' lang='lat' dir='ltr'><strong>hanc</strong></span> 
     </span>
    </p>
   </div>
   <div class='ocr_carea' id='block_1_83' title="bbox 2225 3677 3816 3752">
    <p class='ocr_par' dir='ltr' id='par_1_83' title="bbox 2225 3677 3816 3752">
     <span class='ocr_line' id='line_1_83' title="bbox 2225 3677 3816 3752; baseline -0.005 -12"><span class='ocrx_word' id='word_1_589' title='bbox 2225 3683 2607 3740; x_wconf 89' lang='lat' dir='ltr'><strong>necessitatem</strong></span> <span class='ocrx_word' id='word_1_590' title='bbox 2637 3681 3013 3751; x_wconf 89' lang='lat' dir='ltr'><strong>inquirendam</strong></span> <span class='ocrx_word' id='word_1_591' title='bbox 3041 3679 3255 3752; x_wconf 86' lang='lat' dir='ltr'><strong>plenam</strong></span> <span class='ocrx_word' id='word_1_592' title='bbox 3300 3678 3450 3733; x_wconf 88' lang='lat' dir='ltr'><strong>vobis</strong></span> <span class='ocrx_word' id='word_1_593' title='bbox 3475 3677 3816 3733; x_wconf 85' lang='lat' dir='ltr'><strong>dedissemus</strong></span> 
     </span>
    </p>
   </div>
   <div class='ocr_carea' id='block_1_84' title="bbox 2226 3770 3812 3848">
    <p class='ocr_par' dir='ltr' id='par_1_84' title="bbox 2226 3770 3812 3848">
     <span class='ocr_line' id='line_1_84' title="bbox 2226 3770 3812 3848; baseline -0.007 -16"><span class='ocrx_word' id='word_1_594' title='bbox 2226 3776 2546 3848; x_wconf 87' lang='lat' dir='ltr'><strong>iussionem.</strong></span> <span class='ocrx_word' id='word_1_595' title='bbox 2562 3774 2686 3828; x_wconf 85' lang='lat' dir='ltr'><strong>Ideo</strong></span> <span class='ocrx_word' id='word_1_596' title='bbox 2709 3786 3049 3842; x_wconf 88' lang='lat' dir='ltr'><strong>summopere</strong></span> <span class='ocrx_word' id='word_1_597' title='bbox 3065 3773 3401 3826; x_wconf 87' lang='lat' dir='ltr'><strong>tractandum</strong></span> <span class='ocrx_word' id='word_1_598' title='bbox 3423 3779 3505 3825; x_wconf 88' lang='lat' dir='ltr'><strong>est</strong></span> <span class='ocrx_word' id='word_1_599' title='bbox 3522 3770 3812 3839; x_wconf 83' lang='lat' dir='ltr'><strong>quomodo,</strong></span> 
     </span>
    </p>
   </div>
   <div class='ocr_carea' id='block_1_85' title="bbox 2225 3861 3810 3935">
    <p class='ocr_par' dir='ltr' id='par_1_85' title="bbox 2225 3861 3810 3935">
     <span class='ocr_line' id='line_1_85' title="bbox 2225 3861 3810 3935; baseline -0.004 -14"><span class='ocrx_word' id='word_1_600' title='bbox 2225 3866 2453 3921; x_wconf 85' lang='lat' dir='ltr'><strong>Domino</strong></span> <span class='ocrx_word' id='word_1_601' title='bbox 2487 3864 2792 3935; x_wconf 87' lang='lat' dir='ltr'><strong>adiuvante,</strong></span> <span class='ocrx_word' id='word_1_602' title='bbox 2823 3871 2880 3918; x_wconf 93' lang='lat' dir='ltr'><strong>et</strong></span> <span class='ocrx_word' id='word_1_603' title='bbox 2908 3863 2962 3917; x_wconf 92' lang='lat' dir='ltr'><strong>in</strong></span> <span class='ocrx_word' id='word_1_604' title='bbox 3005 3863 3254 3933; x_wconf 72' lang='lat' dir='ltr'><strong>pnesenti</strong></span> <span class='ocrx_word' id='word_1_605' title='bbox 3305 3861 3372 3917; x_wconf 90' lang='lat' dir='ltr'><strong>de</strong></span> <span class='ocrx_word' id='word_1_606' title='bbox 3417 3863 3504 3917; x_wconf 89' lang='lat' dir='ltr'><strong>his</strong></span> <span class='ocrx_word' id='word_1_607' title='bbox 3549 3877 3670 3931; x_wconf 68' lang='lat' dir='ltr'><strong>quae</strong></span> <span class='ocrx_word' id='word_1_608' title='bbox 3720 3878 3810 3933; x_wconf 77' lang='lat' dir='ltr'><strong>per</strong></span> 
     </span>
    </p>
   </div>
   <div class='ocr_carea' id='block_1_86' title="bbox 2223 3953 3813 4027">
    <p class='ocr_par' dir='ltr' id='par_1_86' title="bbox 2223 3953 3813 4027">
     <span class='ocr_line' id='line_1_86' title="bbox 2223 3953 3813 4027; baseline -0.004 -15"><span class='ocrx_word' id='word_1_609' title='bbox 2223 3955 2606 4027; x_wconf 83' lang='lat' dir='ltr'><strong>negligentiam</strong></span> <span class='ocrx_word' id='word_1_610' title='bbox 2634 3961 2688 4009; x_wconf 92' lang='lat' dir='ltr'><strong>et</strong></span> <span class='ocrx_word' id='word_1_611' title='bbox 2713 3953 2976 4008; x_wconf 89' lang='lat' dir='ltr'><strong>incuriam</strong></span> <span class='ocrx_word' id='word_1_612' title='bbox 3023 3955 3313 4023; x_wconf 87' lang='lat' dir='ltr'><strong>depravata</strong></span> <span class='ocrx_word' id='word_1_613' title='bbox 3356 3962 3500 4015; x_wconf 90' lang='lat' dir='ltr'><strong>sunt,</strong></span> <span class='ocrx_word' id='word_1_614' title='bbox 3533 3954 3813 4022; x_wconf 74' lang='lat' dir='ltr'><strong>corrigan&#39;</strong></span> 
     </span>
    </p>
   </div>
   <div class='ocr_carea' id='block_1_87' title="bbox 2225 4043 3817 4112">
    <p class='ocr_par' dir='ltr' id='par_1_87' title="bbox 2225 4043 3817 4112">
     <span class='ocr_line' id='line_1_87' title="bbox 2225 4043 3817 4112; baseline -0.004 -11"><span class='ocrx_word' id='word_1_615' title='bbox 2225 4054 2332 4112; x_wconf 90' lang='lat' dir='ltr'><strong>tur,</strong></span> <span class='ocrx_word' id='word_1_616' title='bbox 2367 4056 2423 4101; x_wconf 93' lang='lat' dir='ltr'><strong>et</strong></span> <span class='ocrx_word' id='word_1_617' title='bbox 2459 4061 2526 4100; x_wconf 88' lang='lat' dir='ltr'><strong>ne</strong></span> <span class='ocrx_word' id='word_1_618' title='bbox 2569 4045 2710 4099; x_wconf 85' lang='lat' dir='ltr'><strong>ultra</strong></span> <span class='ocrx_word' id='word_1_619' title='bbox 2758 4045 2884 4099; x_wconf 88' lang='lat' dir='ltr'><strong>talia</strong></span> <span class='ocrx_word' id='word_1_620' title='bbox 2925 4043 3056 4098; x_wconf 83' lang='lat' dir='ltr'><strong>ﬁant</strong></span> <span class='ocrx_word' id='word_1_621' title='bbox 3100 4043 3330 4099; x_wconf 87' lang='lat' dir='ltr'><strong>sollicite</strong></span> <span class='ocrx_word' id='word_1_622' title='bbox 3359 4051 3636 4098; x_wconf 84' lang='lat' dir='ltr'><strong>caveatur.</strong></span> <span class='ocrx_word' id='word_1_623' title='bbox 3689 4043 3817 4098; x_wconf 84' lang='lat' dir='ltr'><strong>Post</strong></span> 
     </span>
    </p>
   </div>
   <div class='ocr_carea' id='block_1_88' title="bbox 2223 4135 3816 4206">
    <p class='ocr_par' dir='ltr' id='par_1_88' title="bbox 2223 4135 3816 4206">
     <span class='ocr_line' id='line_1_88' title="bbox 2223 4135 3816 4206; baseline -0.004 -12"><span class='ocrx_word' id='word_1_624' title='bbox 2223 4139 2340 4194; x_wconf 72' lang='lat' dir='ltr'><strong>hmc</strong></span> <span class='ocrx_word' id='word_1_625' title='bbox 2370 4139 2502 4193; x_wconf 89' lang='lat' dir='ltr'><strong>socii</strong></span> <span class='ocrx_word' id='word_1_626' title='bbox 2529 4136 2910 4192; x_wconf 88' lang='lat' dir='ltr'><strong>denominandi</strong></span> <span class='ocrx_word' id='word_1_627' title='bbox 2951 4145 3095 4200; x_wconf 88' lang='lat' dir='ltr'><strong>sunt,</strong></span> <span class='ocrx_word' id='word_1_628' title='bbox 3139 4145 3194 4190; x_wconf 92' lang='lat' dir='ltr'><strong>ct</strong></span> <span class='ocrx_word' id='word_1_629' title='bbox 3225 4144 3352 4190; x_wconf 90' lang='lat' dir='ltr'><strong>tunc</strong></span> <span class='ocrx_word' id='word_1_630' title='bbox 3404 4136 3580 4206; x_wconf 88' lang='lat' dir='ltr'><strong>qualis</strong></span> <span class='ocrx_word' id='word_1_631' title='bbox 3623 4135 3816 4190; x_wconf 84' lang='lat' dir='ltr'><strong>debeat</strong></span> 
     </span>
    </p>
   </div>
   <div class='ocr_carea' id='block_1_89' title="bbox 2223 4227 3040 4300">
    <p class='ocr_par' dir='ltr' id='par_1_89' title="bbox 2223 4227 3040 4300">
     <span class='ocr_line' id='line_1_89' title="bbox 2223 4227 3040 4300; baseline -0.006 -14"><span class='ocrx_word' id='word_1_632' title='bbox 2223 4245 2344 4286; x_wconf 89' lang='lat' dir='ltr'><strong>esse</strong></span> <span class='ocrx_word' id='word_1_633' title='bbox 2370 4229 2566 4300; x_wconf 87' lang='lat' dir='ltr'><strong>legatio</strong></span> <span class='ocrx_word' id='word_1_634' title='bbox 2593 4227 2913 4298; x_wconf 81' lang='lat' dir='ltr'><strong>injungenda</strong></span> <span class='ocrx_word' id='word_1_635' title='bbox 2941 4236 3040 4281; x_wconf 83' lang='lat' dir='ltr'><strong>est.</strong></span> 
     </span>
    </p>
   </div>
   <div class='ocr_carea' id='block_1_90' title="bbox 549 4297 2124 4395">
    <p class='ocr_par' dir='ltr' id='par_1_90' title="bbox 549 4297 2120 4371">
     <span class='ocr_line' id='line_1_90' title="bbox 549 4297 2120 4371; baseline 0.004 -20"><span class='ocrx_word' id='word_1_636' title='bbox 549 4306 606 4351; x_wconf 91' lang='lat' dir='ltr'><strong>et</strong></span> <span class='ocrx_word' id='word_1_637' title='bbox 632 4297 686 4351; x_wconf 92' lang='lat' dir='ltr'><strong>in</strong></span> <span class='ocrx_word' id='word_1_638' title='bbox 708 4313 773 4354; x_wconf 89' lang='lat' dir='ltr'><strong>eo</strong></span> <span class='ocrx_word' id='word_1_639' title='bbox 797 4297 864 4352; x_wconf 89' lang='lat' dir='ltr'><strong>de</strong></span> <span class='ocrx_word' id='word_1_640' title='bbox 905 4298 990 4353; x_wconf 86' lang='lat' dir='ltr'><strong>his</strong></span> <span class='ocrx_word' id='word_1_641' title='bbox 1017 4312 1136 4368; x_wconf 68' lang='lat' dir='ltr'><strong>qua:</strong></span> <span class='ocrx_word' id='word_1_642' title='bbox 1163 4306 1384 4368; x_wconf 89' lang='lat' dir='ltr'><strong>propter</strong></span> <span class='ocrx_word' id='word_1_643' title='bbox 1405 4301 1724 4370; x_wconf 66' lang='lat' dir='ltr'><strong>praedictum</strong></span> <span class='ocrx_word' id='word_1_644' title='bbox 1767 4302 2120 4371; x_wconf 88' lang='lat' dir='ltr'><strong>impedimen-</strong></span> 
     </span>
    </p>
   </div>
   <div class='ocr_carea' id='block_1_91' title="bbox 2229 4297 3815 4395">
    <p class='ocr_par' dir='ltr' id='par_1_91' title="bbox 2297 4317 3815 4388">
     <span class='ocr_line' id='line_1_91' title="bbox 2297 4317 3815 4388; baseline -0.001 -16"><span class='ocrx_word' id='word_1_645' title='bbox 2297 4318 2338 4372; x_wconf 91' lang='lat' dir='ltr'><strong>l.</strong></span> <span class='ocrx_word' id='word_1_646' title='bbox 2370 4319 2553 4374; x_wconf 87' lang='lat' dir='ltr'><strong>Primo</strong></span> <span class='ocrx_word' id='word_1_647' title='bbox 2604 4317 2987 4388; x_wconf 86' lang='lat' dir='ltr'><strong>iniungendum</strong></span> <span class='ocrx_word' id='word_1_648' title='bbox 3034 4325 3117 4371; x_wconf 90' lang='lat' dir='ltr'><strong>est</strong></span> <span class='ocrx_word' id='word_1_649' title='bbox 3161 4317 3342 4372; x_wconf 88' lang='lat' dir='ltr'><strong>missis</strong></span> <span class='ocrx_word' id='word_1_650' title='bbox 3387 4327 3447 4371; x_wconf 89' lang='lat' dir='ltr'><strong>ut</strong></span> <span class='ocrx_word' id='word_1_651' title='bbox 3493 4317 3594 4372; x_wconf 88' lang='lat' dir='ltr'><strong>hoc</strong></span> <span class='ocrx_word' id='word_1_652' title='bbox 3638 4322 3815 4371; x_wconf 81' lang='lat' dir='ltr'><strong>omni-</strong></span> 
     </span>
    </p>
   </div>
   <div class='ocr_carea' id='block_1_92' title="bbox 552 4390 2123 4465">
    <p class='ocr_par' dir='ltr' id='par_1_92' title="bbox 552 4390 2123 4465">
     <span class='ocr_line' id='line_1_92' title="bbox 552 4390 2123 4465; baseline 0.004 -23"><span class='ocrx_word' id='word_1_653' title='bbox 552 4397 665 4444; x_wconf 90' lang='lat' dir='ltr'><strong>tum</strong></span> <span class='ocrx_word' id='word_1_654' title='bbox 697 4397 1089 4455; x_wconf 89' lang='lat' dir='ltr'><strong>remanserunt,</strong></span> <span class='ocrx_word' id='word_1_655' title='bbox 1116 4390 1346 4462; x_wconf 89' lang='lat' dir='ltr'><strong>qualiter</strong></span> <span class='ocrx_word' id='word_1_656' title='bbox 1371 4393 1440 4446; x_wconf 90' lang='lat' dir='ltr'><strong>ad</strong></span> <span class='ocrx_word' id='word_1_657' title='bbox 1467 4391 1713 4448; x_wconf 76' lang='lat' dir='ltr'><strong>effectum</strong></span> <span class='ocrx_word' id='word_1_658' title='bbox 1757 4396 2123 4465; x_wconf 88' lang='lat' dir='ltr'><strong>pervenirent,</strong></span> 
     </span>
    </p>
   </div>
   <div class='ocr_carea' id='block_1_93' title="bbox 551 4479 2130 4555">
    <p class='ocr_par' dir='ltr' id='par_1_93' title="bbox 551 4479 2130 4555">
     <span class='ocr_line' id='line_1_93' title="bbox 551 4479 2130 4555; baseline 0.005 -21"><span class='ocrx_word' id='word_1_659' title='bbox 551 4479 777 4535; x_wconf 87' lang='lat' dir='ltr'><strong>Domino</strong></span> <span class='ocrx_word' id='word_1_660' title='bbox 827 4480 1135 4550; x_wconf 90' lang='lat' dir='ltr'><strong>adiuvante,</strong></span> <span class='ocrx_word' id='word_1_661' title='bbox 1187 4483 1550 4538; x_wconf 90' lang='lat' dir='ltr'><strong>considerare.</strong></span> <span class='ocrx_word' id='word_1_662' title='bbox 1583 4483 1923 4555; x_wconf 84' lang='lat' dir='ltr'><strong>Quapropter</strong></span> <span class='ocrx_word' id='word_1_663' title='bbox 1971 4502 2130 4542; x_wconf 88' lang='lat' dir='ltr'><strong>nosse</strong></span> 
     </span>
    </p>
   </div>
   <div class='ocr_carea' id='block_1_94' title="bbox 553 4572 2128 4647">
    <p class='ocr_par' dir='ltr' id='par_1_94' title="bbox 553 4572 2128 4647">
     <span class='ocr_line' id='line_1_94' title="bbox 553 4572 2128 4647; baseline 0.007 -23"><span class='ocrx_word' id='word_1_664' title='bbox 553 4573 800 4627; x_wconf 76' lang='lat' dir='ltr'><strong>volumus</strong></span> <span class='ocrx_word' id='word_1_665' title='bbox 841 4572 1117 4630; x_wconf 88' lang='lat' dir='ltr'><strong>solertiam</strong></span> <span class='ocrx_word' id='word_1_666' title='bbox 1164 4581 1400 4629; x_wconf 83' lang='lat' dir='ltr'><strong>vestram</strong></span> <span class='ocrx_word' id='word_1_667' title='bbox 1448 4576 1591 4644; x_wconf 91' lang='lat' dir='ltr'><strong>quod</strong></span> <span class='ocrx_word' id='word_1_668' title='bbox 1625 4576 1678 4630; x_wconf 91' lang='lat' dir='ltr'><strong>in</strong></span> <span class='ocrx_word' id='word_1_669' title='bbox 1727 4577 1830 4633; x_wconf 90' lang='lat' dir='ltr'><strong>isto</strong></span> <span class='ocrx_word' id='word_1_670' title='bbox 1877 4582 2128 4647; x_wconf 68' lang='lat' dir='ltr'><strong>praesenti</strong></span> 
     </span>
    </p>
   </div>
   <div class='ocr_carea' id='block_1_95' title="bbox 551 4660 2133 4743">
    <p class='ocr_par' dir='ltr' id='par_1_95' title="bbox 551 4660 2133 4743">
     <span class='ocr_line' id='line_1_95' title="bbox 551 4660 2133 4743; baseline 0.009 -31"><span class='ocrx_word' id='word_1_671' title='bbox 551 4660 747 4732; x_wconf 79' lang='lat' dir='ltr'><strong>placito</strong></span> <span class='ocrx_word' id='word_1_672' title='bbox 775 4676 896 4716; x_wconf 88' lang='lat' dir='ltr'><strong>cum</strong></span> <span class='ocrx_word' id='word_1_673' title='bbox 923 4661 1166 4716; x_wconf 78' lang='lat' dir='ltr'><strong>fidelibus</strong></span> <span class='ocrx_word' id='word_1_674' title='bbox 1211 4665 1410 4719; x_wconf 91' lang='lat' dir='ltr'><strong>nostris</strong></span> <span class='ocrx_word' id='word_1_675' title='bbox 1437 4665 1896 4725; x_wconf 86' lang='lat' dir='ltr'><strong>consideravimus</strong></span> <span class='ocrx_word' id='word_1_676' title='bbox 1923 4680 1980 4725; x_wconf 92' lang='lat' dir='ltr'><strong>ut</strong></span> <span class='ocrx_word' id='word_1_677' title='bbox 2023 4672 2133 4743; x_wconf 84' lang='lat' dir='ltr'><strong>pri-</strong></span> 
     </span>
    </p>
   </div>
   <div class='ocr_carea' id='block_1_96' title="bbox 553 4752 2128 4831">
    <p class='ocr_par' dir='ltr' id='par_1_96' title="bbox 553 4752 2128 4831">
     <span class='ocr_line' id='line_1_96' title="bbox 553 4752 2128 4831; baseline 0.008 -26"><span class='ocrx_word' id='word_1_678' title='bbox 553 4768 641 4806; x_wconf 89' lang='lat' dir='ltr'><strong>mo</strong></span> <span class='ocrx_word' id='word_1_679' title='bbox 669 4752 909 4806; x_wconf 89' lang='lat' dir='ltr'><strong>omnium</strong></span> <span class='ocrx_word' id='word_1_680' title='bbox 949 4753 1338 4824; x_wconf 87' lang='lat' dir='ltr'><strong>archiepiscopi</strong></span> <span class='ocrx_word' id='word_1_681' title='bbox 1366 4771 1488 4810; x_wconf 91' lang='lat' dir='ltr'><strong>cum</strong></span> <span class='ocrx_word' id='word_1_682' title='bbox 1533 4757 1646 4811; x_wconf 92' lang='lat' dir='ltr'><strong>suis</strong></span> <span class='ocrx_word' id='word_1_683' title='bbox 1688 4759 2042 4831; x_wconf 82' lang='lat' dir='ltr'><strong>sutfraganeis</strong></span> <span class='ocrx_word' id='word_1_684' title='bbox 2077 4764 2128 4818; x_wconf 93' lang='lat' dir='ltr'><strong>in</strong></span> 
     </span>
    </p>
   </div>
   <div class='ocr_carea' id='block_1_97' title="bbox 553 4841 2131 4918">
    <p class='ocr_par' dir='ltr' id='par_1_97' title="bbox 553 4841 2131 4918">
     <span class='ocr_line' id='line_1_97' title="bbox 553 4841 2131 4918; baseline 0.01 -22"><span class='ocrx_word' id='word_1_685' title='bbox 553 4842 685 4897; x_wconf 88' lang='lat' dir='ltr'><strong>locis</strong></span> <span class='ocrx_word' id='word_1_686' title='bbox 713 4841 962 4914; x_wconf 88' lang='lat' dir='ltr'><strong>congruis</strong></span> <span class='ocrx_word' id='word_1_687' title='bbox 986 4851 1224 4915; x_wconf 89' lang='lat' dir='ltr'><strong>tempore</strong></span> <span class='ocrx_word' id='word_1_688' title='bbox 1248 4854 1546 4915; x_wconf 89' lang='lat' dir='ltr'><strong>opportuno</strong></span> <span class='ocrx_word' id='word_1_689' title='bbox 1573 4851 1942 4918; x_wconf 88' lang='lat' dir='ltr'><strong>convenirent,</strong></span> <span class='ocrx_word' id='word_1_690' title='bbox 1973 4862 2029 4909; x_wconf 94' lang='lat' dir='ltr'><strong>et</strong></span> <span class='ocrx_word' id='word_1_691' title='bbox 2056 4856 2131 4911; x_wconf 89' lang='lat' dir='ltr'><strong>ibi</strong></span> 
     </span>
    </p>
   </div>
   <div class='ocr_carea' id='block_1_98' title="bbox 2233 4409 3814 4480">
    <p class='ocr_par' dir='ltr' id='par_1_98' title="bbox 2233 4409 3814 4480">
     <span class='ocr_line' id='line_1_98' title="bbox 2233 4409 3814 4480; baseline 0 -15"><span class='ocrx_word' id='word_1_692' title='bbox 2233 4410 2409 4466; x_wconf 90' lang='lat' dir='ltr'><strong>modis</strong></span> <span class='ocrx_word' id='word_1_693' title='bbox 2435 4417 2679 4475; x_wconf 81' lang='lat' dir='ltr'><strong>caveant,</strong></span> <span class='ocrx_word' id='word_1_694' title='bbox 2711 4423 2776 4464; x_wconf 90' lang='lat' dir='ltr'><strong>ne</strong></span> <span class='ocrx_word' id='word_1_695' title='bbox 2800 4409 2993 4479; x_wconf 90' lang='lat' dir='ltr'><strong>populo</strong></span> <span class='ocrx_word' id='word_1_696' title='bbox 3017 4409 3069 4462; x_wconf 93' lang='lat' dir='ltr'><strong>in</strong></span> <span class='ocrx_word' id='word_1_697' title='bbox 3092 4424 3280 4464; x_wconf 88' lang='lat' dir='ltr'><strong>eorum</strong></span> <span class='ocrx_word' id='word_1_698' title='bbox 3304 4409 3636 4480; x_wconf 80' lang='lat' dir='ltr'><strong>profectione</strong></span> <span class='ocrx_word' id='word_1_699' title='bbox 3661 4414 3814 4466; x_wconf 80' lang='lat' dir='ltr'><strong>oneri</strong></span> 
     </span>
    </p>
   </div>
   <div class='ocr_carea' id='block_1_99' title="bbox 2233 4499 3817 4569">
    <p class='ocr_par' dir='ltr' id='par_1_99' title="bbox 2233 4499 3817 4569">
     <span class='ocr_line' id='line_1_99' title="bbox 2233 4499 3817 4569; baseline 0 -12"><span class='ocrx_word' id='word_1_700' title='bbox 2233 4503 2362 4566; x_wconf 89' lang='lat' dir='ltr'><strong>sint,</strong></span> <span class='ocrx_word' id='word_1_701' title='bbox 2398 4516 2466 4556; x_wconf 92' lang='lat' dir='ltr'><strong>ne</strong></span> <span class='ocrx_word' id='word_1_702' title='bbox 2495 4500 2632 4555; x_wconf 86' lang='lat' dir='ltr'><strong>forte</strong></span> <span class='ocrx_word' id='word_1_703' title='bbox 2661 4501 2856 4569; x_wconf 91' lang='lat' dir='ltr'><strong>quibus</strong></span> <span class='ocrx_word' id='word_1_704' title='bbox 2882 4499 3170 4554; x_wconf 89' lang='lat' dir='ltr'><strong>subvenire</strong></span> <span class='ocrx_word' id='word_1_705' title='bbox 3215 4500 3521 4566; x_wconf 89' lang='lat' dir='ltr'><strong>debuerint,</strong></span> <span class='ocrx_word' id='word_1_706' title='bbox 3563 4501 3817 4558; x_wconf 79' lang='lat' dir='ltr'><strong>afﬂictio-</strong></span> 
     </span>
    </p>
   </div>
   <div class='ocr_carea' id='block_1_100' title="bbox 2234 4589 2633 4645">
    <p class='ocr_par' dir='ltr' id='par_1_100' title="bbox 2234 4589 2633 4645">
     <span class='ocr_line' id='line_1_100' title="bbox 2234 4589 2633 4645; baseline -0.008 0"><span class='ocrx_word' id='word_1_707' title='bbox 2234 4605 2359 4645; x_wconf 92' lang='lat' dir='ltr'><strong>nem</strong></span> <span class='ocrx_word' id='word_1_708' title='bbox 2381 4589 2633 4644; x_wconf 82' lang='lat' dir='ltr'><strong>inferant.</strong></span> 
     </span>
    </p>
   </div>
   <div class='ocr_carea' id='block_1_101' title="bbox 2306 4682 3817 4753">
    <p class='ocr_par' dir='ltr' id='par_1_101' title="bbox 2306 4682 3817 4753">
     <span class='ocr_line' id='line_1_101' title="bbox 2306 4682 3817 4753; baseline 0.002 -16"><span class='ocrx_word' id='word_1_709' title='bbox 2306 4683 2367 4737; x_wconf 90' lang='lat' dir='ltr'><strong>ll.</strong></span> <span class='ocrx_word' id='word_1_710' title='bbox 2396 4682 2466 4738; x_wconf 88' lang='lat' dir='ltr'><strong>Ut</strong></span> <span class='ocrx_word' id='word_1_711' title='bbox 2499 4682 2676 4753; x_wconf 89' lang='lat' dir='ltr'><strong>primo</strong></span> <span class='ocrx_word' id='word_1_712' title='bbox 2722 4690 2962 4737; x_wconf 90' lang='lat' dir='ltr'><strong>nostram</strong></span> <span class='ocrx_word' id='word_1_713' title='bbox 3000 4683 3196 4752; x_wconf 84' lang='lat' dir='ltr'><strong>populo</strong></span> <span class='ocrx_word' id='word_1_714' title='bbox 3242 4683 3571 4740; x_wconf 89' lang='lat' dir='ltr'><strong>voluntatem</strong></span> <span class='ocrx_word' id='word_1_715' title='bbox 3616 4697 3672 4740; x_wconf 85' lang='lat' dir='ltr'><strong>et</strong></span> <span class='ocrx_word' id='word_1_716' title='bbox 3705 4699 3817 4740; x_wconf 85' lang='lat' dir='ltr'><strong>stu—</strong></span> 
     </span>
    </p>
   </div>
   <div class='ocr_carea' id='block_1_102' title="bbox 2236 4761 3818 4849">
    <p class='ocr_par' dir='ltr' id='par_1_102' title="bbox 2236 4761 3818 4849">
     <span class='ocr_line' id='line_1_102' title="bbox 2236 4761 3818 4849; baseline 0.004 -21"><span class='ocrx_word' id='word_1_717' title='bbox 2236 4773 2406 4839; x_wconf 90' lang='lat' dir='ltr'><strong>dium,</strong></span> <span class='ocrx_word' id='word_1_718' title='bbox 2449 4781 2506 4828; x_wconf 92' lang='lat' dir='ltr'><strong>et</strong></span> <span class='ocrx_word' id='word_1_719' title='bbox 2543 4788 2650 4842; x_wconf 90' lang='lat' dir='ltr'><strong>qua</strong></span> <span class='ocrx_word' id='word_1_720' title='bbox 2692 4761 2992 4830; x_wconf 87' lang='lat' dir='ltr'><strong>intentione</strong></span> <span class='ocrx_word' id='word_1_721' title='bbox 3032 4790 3064 4829; x_wconf 89' lang='lat' dir='ltr'><strong>a</strong></span> <span class='ocrx_word' id='word_1_722' title='bbox 3101 4776 3257 4831; x_wconf 87' lang='lat' dir='ltr'><strong>nobis</strong></span> <span class='ocrx_word' id='word_1_723' title='bbox 3305 4777 3412 4831; x_wconf 91' lang='lat' dir='ltr'><strong>sint</strong></span> <span class='ocrx_word' id='word_1_724' title='bbox 3458 4777 3676 4844; x_wconf 83' lang='lat' dir='ltr'><strong>directi,</strong></span> <span class='ocrx_word' id='word_1_725' title='bbox 3723 4796 3818 4849; x_wconf 74' lang='lat' dir='ltr'><strong>per</strong></span> 
     </span>
    </p>
   </div>
   <div class='ocr_carea' id='block_1_103' title="bbox 2231 4865 3815 4935">
    <p class='ocr_par' dir='ltr' id='par_1_103' title="bbox 2231 4865 3815 4935">
     <span class='ocr_line' id='line_1_103' title="bbox 2231 4865 3815 4935; baseline 0.003 -14"><span class='ocrx_word' id='word_1_726' title='bbox 2231 4873 2478 4921; x_wconf 88' lang='lat' dir='ltr'><strong>nostrum</strong></span> <span class='ocrx_word' id='word_1_727' title='bbox 2509 4865 2769 4935; x_wconf 90' lang='lat' dir='ltr'><strong>scriptum</strong></span> <span class='ocrx_word' id='word_1_728' title='bbox 2810 4867 3078 4922; x_wconf 87' lang='lat' dir='ltr'><strong>nuntient.</strong></span> <span class='ocrx_word' id='word_1_729' title='bbox 3127 4867 3427 4924; x_wconf 83' lang='lat' dir='ltr'><strong>instruendi</strong></span> <span class='ocrx_word' id='word_1_730' title='bbox 3474 4880 3603 4926; x_wconf 90' lang='lat' dir='ltr'><strong>sunt</strong></span> <span class='ocrx_word' id='word_1_731' title='bbox 3649 4875 3815 4928; x_wconf 85' lang='lat' dir='ltr'><strong>etiam</strong></span> 
     </span>
    </p>
   </div>
   <div class='ocr_carea' id='block_1_104' title="bbox 554 4934 2678 5026">
    <p class='ocr_par' dir='ltr' id='par_1_104' title="bbox 554 4934 2678 5026">
     <span class='ocr_line' id='line_1_104' title="bbox 554 4934 2678 5026; baseline 0.01 -40"><span class='ocrx_word' id='word_1_732' title='bbox 554 4945 661 4986; x_wconf 90' lang='lat' dir='ltr'><strong>tam</strong></span> <span class='ocrx_word' id='word_1_733' title='bbox 676 4934 740 4988; x_wconf 93' lang='lat' dir='ltr'><strong>dc</strong></span> <span class='ocrx_word' id='word_1_734' title='bbox 753 4948 849 5026; x_wconf 83' lang='lat' dir='ltr'><strong>sua</strong></span> <span class='ocrx_word' id='word_1_735' title='bbox 865 4949 1026 5026; x_wconf 86' lang='lat' dir='ltr'><strong>causa</strong></span> <span class='ocrx_word' id='word_1_736' title='bbox 1039 4950 1198 5004; x_wconf 89' lang='lat' dir='ltr'><strong>quam</strong></span> <span class='ocrx_word' id='word_1_737' title='bbox 1213 4936 1280 4992; x_wconf 90' lang='lat' dir='ltr'><strong>de</strong></span> <span class='ocrx_word' id='word_1_738' title='bbox 1290 4937 1528 4992; x_wconf 91' lang='lat' dir='ltr'><strong>omnium</strong></span> <span class='ocrx_word' id='word_1_739' title='bbox 1543 4949 1785 4995; x_wconf 90' lang='lat' dir='ltr'><strong>nostrum</strong></span> <span class='ocrx_word' id='word_1_740' title='bbox 1798 4945 2133 5002; x_wconf 84' lang='lat' dir='ltr'><strong>correctione</strong></span> <span class='ocrx_word' id='word_1_741' title='bbox 2228 4955 2356 5026; x_wconf 77' lang='lat' dir='ltr'><strong>quid</strong></span> <span class='ocrx_word' id='word_1_742' title='bbox 2386 4934 2678 5023; x_wconf 84' lang='lat' dir='ltr'><strong>inquirant.</strong></span> 
     </span>
    </p>
   </div>
   <div class='ocr_carea' id='block_1_105' title="bbox 551 5025 2127 5090">
    <p class='ocr_par' dir='ltr' id='par_1_105' title="bbox 551 5025 2127 5090">
     <span class='ocr_line' id='line_1_105' title="bbox 551 5025 2127 5090; baseline 0.01 -15"><span class='ocrx_word' id='word_1_743' title='bbox 551 5033 606 5076; x_wconf 87' lang='lat' dir='ltr'><strong>et</strong></span> <span class='ocrx_word' id='word_1_744' title='bbox 659 5025 1036 5080; x_wconf 87' lang='lat' dir='ltr'><strong>emendatione</strong></span> <span class='ocrx_word' id='word_1_745' title='bbox 1099 5026 1394 5080; x_wconf 90' lang='lat' dir='ltr'><strong>secundum</strong></span> <span class='ocrx_word' id='word_1_746' title='bbox 1455 5029 1692 5084; x_wconf 89' lang='lat' dir='ltr'><strong>divinam</strong></span> <span class='ocrx_word' id='word_1_747' title='bbox 1749 5034 2127 5090; x_wconf 80' lang='lat' dir='ltr'><strong>auctoritatem</strong></span> 
     </span>
    </p>
   </div>
   <div class='ocr_carea' id='block_1_106' title="bbox 552 5115 2130 5189">
    <p class='ocr_par' dir='ltr' id='par_1_106' title="bbox 552 5115 2130 5189">
     <span class='ocr_line' id='line_1_106' title="bbox 552 5115 2130 5189; baseline 0.008 -22"><span class='ocrx_word' id='word_1_748' title='bbox 552 5115 840 5182; x_wconf 65' lang='lat' dir='ltr'><strong>quaarendo</strong></span> <span class='ocrx_word' id='word_1_749' title='bbox 869 5115 1193 5181; x_wconf 85' lang='lat' dir='ltr'><strong>invenirent,</strong></span> <span class='ocrx_word' id='word_1_750' title='bbox 1221 5124 1278 5171; x_wconf 92' lang='lat' dir='ltr'><strong>et</strong></span> <span class='ocrx_word' id='word_1_751' title='bbox 1298 5118 1454 5174; x_wconf 90' lang='lat' dir='ltr'><strong>nobis</strong></span> <span class='ocrx_word' id='word_1_752' title='bbox 1475 5128 1636 5189; x_wconf 86' lang='lat' dir='ltr'><strong>atque</strong></span> <span class='ocrx_word' id='word_1_753' title='bbox 1661 5120 1906 5178; x_wconf 84' lang='lat' dir='ltr'><strong>ﬁdelibus</strong></span> <span class='ocrx_word' id='word_1_754' title='bbox 1929 5126 2130 5180; x_wconf 77' lang='lat' dir='ltr'><strong>nostris</strong></span> 
     </span>
    </p>
   </div>
   <div class='ocr_carea' id='block_1_107' title="bbox 553 5207 2128 5274">
    <p class='ocr_par' dir='ltr' id='par_1_107' title="bbox 553 5207 2128 5274">
     <span class='ocr_line' id='line_1_107' title="bbox 553 5207 2128 5274; baseline 0.008 -13"><span class='ocrx_word' id='word_1_755' title='bbox 553 5207 845 5262; x_wconf 87' lang='lat' dir='ltr'><strong>secundum</strong></span> <span class='ocrx_word' id='word_1_756' title='bbox 867 5208 1223 5264; x_wconf 89' lang='lat' dir='ltr'><strong>ministerium</strong></span> <span class='ocrx_word' id='word_1_757' title='bbox 1239 5208 1340 5264; x_wconf 90' lang='lat' dir='ltr'><strong>sibi</strong></span> <span class='ocrx_word' id='word_1_758' title='bbox 1359 5212 1706 5266; x_wconf 89' lang='lat' dir='ltr'><strong>commissum</strong></span> <span class='ocrx_word' id='word_1_759' title='bbox 1726 5215 2128 5274; x_wconf 86' lang='lat' dir='ltr'><strong>adnuntiarent.</strong></span> 
     </span>
    </p>
   </div>
   <div class='ocr_carea' id='block_1_108' title="bbox 553 5295 2132 5380">
    <p class='ocr_par' dir='ltr' id='par_1_108' title="bbox 553 5295 2132 5380">
     <span class='ocr_line' id='line_1_108' title="bbox 553 5295 2132 5380; baseline 0.009 -31"><span class='ocrx_word' id='word_1_760' title='bbox 553 5295 685 5349; x_wconf 85' lang='lat' dir='ltr'><strong>Item</strong></span> <span class='ocrx_word' id='word_1_761' title='bbox 725 5296 1184 5354; x_wconf 88' lang='lat' dir='ltr'><strong>consideravimus</strong></span> <span class='ocrx_word' id='word_1_762' title='bbox 1209 5306 1271 5353; x_wconf 92' lang='lat' dir='ltr'><strong>ut</strong></span> <span class='ocrx_word' id='word_1_763' title='bbox 1306 5299 1502 5356; x_wconf 90' lang='lat' dir='ltr'><strong>missos</strong></span> <span class='ocrx_word' id='word_1_764' title='bbox 1543 5311 1756 5359; x_wconf 87' lang='lat' dir='ltr'><strong>nostros</strong></span> <span class='ocrx_word' id='word_1_765' title='bbox 1794 5319 1892 5374; x_wconf 89' lang='lat' dir='ltr'><strong>per</strong></span> <span class='ocrx_word' id='word_1_766' title='bbox 1915 5308 2132 5380; x_wconf 75' lang='lat' dir='ltr'><strong>univer-</strong></span> 
     </span>
    </p>
   </div>
   <div class='ocr_carea' id='block_1_109' title="bbox 553 5391 2129 5465">
    <p class='ocr_par' dir='ltr' id='par_1_109' title="bbox 553 5391 2129 5465">
     <span class='ocr_line' id='line_1_109' title="bbox 553 5391 2129 5465; baseline 0.01 -26"><span class='ocrx_word' id='word_1_767' title='bbox 553 5401 672 5439; x_wconf 86' lang='lat' dir='ltr'><strong>sum</strong></span> <span class='ocrx_word' id='word_1_768' title='bbox 699 5403 924 5459; x_wconf 88' lang='lat' dir='ltr'><strong>regnum</strong></span> <span class='ocrx_word' id='word_1_769' title='bbox 961 5397 1208 5445; x_wconf 90' lang='lat' dir='ltr'><strong>nostrum</strong></span> <span class='ocrx_word' id='word_1_770' title='bbox 1257 5391 1615 5458; x_wconf 87' lang='lat' dir='ltr'><strong>mitteremus,</strong></span> <span class='ocrx_word' id='word_1_771' title='bbox 1645 5395 1736 5465; x_wconf 86' lang='lat' dir='ltr'><strong>qui</strong></span> <span class='ocrx_word' id='word_1_772' title='bbox 1785 5397 1853 5452; x_wconf 90' lang='lat' dir='ltr'><strong>de</strong></span> <span class='ocrx_word' id='word_1_773' title='bbox 1877 5399 2129 5456; x_wconf 85' lang='lat' dir='ltr'><strong>omnibus</strong></span> 
     </span>
    </p>
   </div>
   <div class='ocr_carea' id='block_1_110' title="bbox 553 5477 2129 5554">
    <p class='ocr_par' dir='ltr' id='par_1_110' title="bbox 553 5477 2129 5554">
     <span class='ocr_line' id='line_1_110' title="bbox 553 5477 2129 5554; baseline 0.011 -26"><span class='ocrx_word' id='word_1_774' title='bbox 553 5477 732 5532; x_wconf 81' lang='lat' dir='ltr'><strong>causis</strong></span> <span class='ocrx_word' id='word_1_775' title='bbox 781 5493 901 5549; x_wconf 69' lang='lat' dir='ltr'><strong>quae</strong></span> <span class='ocrx_word' id='word_1_776' title='bbox 939 5481 1006 5535; x_wconf 91' lang='lat' dir='ltr'><strong>ad</strong></span> <span class='ocrx_word' id='word_1_777' title='bbox 1050 5482 1444 5538; x_wconf 82' lang='lat' dir='ltr'><strong>correctionem</strong></span> <span class='ocrx_word' id='word_1_778' title='bbox 1491 5485 1765 5554; x_wconf 89' lang='lat' dir='ltr'><strong>pertinere</strong></span> <span class='ocrx_word' id='word_1_779' title='bbox 1815 5488 2129 5545; x_wconf 80' lang='lat' dir='ltr'><strong>viderentur</strong></span> 
     </span>
    </p>
   </div>
   <div class='ocr_carea' id='block_1_111' title="bbox 557 5570 2123 5648">
    <p class='ocr_par' dir='ltr' id='par_1_111' title="bbox 557 5570 2123 5648">
     <span class='ocr_line' id='line_1_111' title="bbox 557 5570 2123 5648; baseline 0.011 -30"><span class='ocrx_word' id='word_1_780' title='bbox 557 5574 756 5634; x_wconf 78' lang='lat' dir='ltr'><strong>quanto</strong></span> <span class='ocrx_word' id='word_1_781' title='bbox 800 5570 1098 5639; x_wconf 83' lang='lat' dir='ltr'><strong>potuissent</strong></span> <span class='ocrx_word' id='word_1_782' title='bbox 1134 5573 1314 5628; x_wconf 85' lang='lat' dir='ltr'><strong>studio</strong></span> <span class='ocrx_word' id='word_1_783' title='bbox 1353 5573 1719 5641; x_wconf 82' lang='lat' dir='ltr'><strong>decertarent,</strong></span> <span class='ocrx_word' id='word_1_784' title='bbox 1769 5585 1821 5632; x_wconf 88' lang='lat' dir='ltr'><strong>et</strong></span> <span class='ocrx_word' id='word_1_785' title='bbox 1867 5579 2123 5648; x_wconf 86' lang='lat' dir='ltr'><strong>quidquid</strong></span> 
     </span>
    </p>
   </div>
   <div class='ocr_carea' id='block_1_112' title="bbox 2301 5043 3817 5120">
    <p class='ocr_par' dir='ltr' id='par_1_112' title="bbox 2301 5043 3817 5120">
     <span class='ocr_line' id='line_1_112' title="bbox 2301 5043 3817 5120; baseline 0.003 -21"><span class='ocrx_word' id='word_1_786' title='bbox 2301 5043 2386 5099; x_wconf 75' lang='lat' dir='ltr'><strong>lli.</strong></span> <span class='ocrx_word' id='word_1_787' title='bbox 2415 5045 2471 5099; x_wconf 85' lang='lat' dir='ltr'><strong>In</strong></span> <span class='ocrx_word' id='word_1_788' title='bbox 2501 5045 2689 5114; x_wconf 88' lang='lat' dir='ltr'><strong>primis</strong></span> <span class='ocrx_word' id='word_1_789' title='bbox 2716 5045 2818 5100; x_wconf 85' lang='lat' dir='ltr'><strong>hoc</strong></span> <span class='ocrx_word' id='word_1_790' title='bbox 2861 5046 3096 5103; x_wconf 83' lang='lat' dir='ltr'><strong>maxime</strong></span> <span class='ocrx_word' id='word_1_791' title='bbox 3139 5048 3411 5119; x_wconf 90' lang='lat' dir='ltr'><strong>inquirant</strong></span> <span class='ocrx_word' id='word_1_792' title='bbox 3457 5051 3734 5120; x_wconf 87' lang='lat' dir='ltr'><strong>quomodo</strong></span> <span class='ocrx_word' id='word_1_793' title='bbox 3763 5053 3817 5104; x_wconf 82' lang='lat' dir='ltr'><strong>bi</strong></span> 
     </span>
    </p>
   </div>
   <div class='ocr_carea' id='block_1_113' title="bbox 2231 5134 3820 5209">
    <p class='ocr_par' dir='ltr' id='par_1_113' title="bbox 2231 5134 3820 5209">
     <span class='ocr_line' id='line_1_113' title="bbox 2231 5134 3820 5209; baseline 0.004 -23"><span class='ocrx_word' id='word_1_794' title='bbox 2231 5134 2321 5202; x_wconf 84' lang='lat' dir='ltr'><strong>qui</strong></span> <span class='ocrx_word' id='word_1_795' title='bbox 2344 5134 2599 5203; x_wconf 87' lang='lat' dir='ltr'><strong>populum</strong></span> <span class='ocrx_word' id='word_1_796' title='bbox 2625 5150 2813 5205; x_wconf 88' lang='lat' dir='ltr'><strong>regere</strong></span> <span class='ocrx_word' id='word_1_797' title='bbox 2842 5136 3059 5202; x_wconf 88' lang='lat' dir='ltr'><strong>debent,</strong></span> <span class='ocrx_word' id='word_1_798' title='bbox 3099 5139 3470 5209; x_wconf 88' lang='lat' dir='ltr'><strong>unusquisque</strong></span> <span class='ocrx_word' id='word_1_799' title='bbox 3495 5139 3549 5193; x_wconf 90' lang='lat' dir='ltr'><strong>in</strong></span> <span class='ocrx_word' id='word_1_800' title='bbox 3585 5155 3689 5194; x_wconf 91' lang='lat' dir='ltr'><strong>suo</strong></span> <span class='ocrx_word' id='word_1_801' title='bbox 3716 5141 3820 5195; x_wconf 87' lang='lat' dir='ltr'><strong>mi-</strong></span> 
     </span>
    </p>
   </div>
   <div class='ocr_carea' id='block_1_114' title="bbox 2231 5223 3820 5299">
    <p class='ocr_par' dir='ltr' id='par_1_114' title="bbox 2231 5223 3820 5299">
     <span class='ocr_line' id='line_1_114' title="bbox 2231 5223 3820 5299; baseline 0.006 -23"><span class='ocrx_word' id='word_1_802' title='bbox 2231 5223 2456 5278; x_wconf 88' lang='lat' dir='ltr'><strong>nisterio</strong></span> <span class='ocrx_word' id='word_1_803' title='bbox 2484 5238 2544 5279; x_wconf 90' lang='lat' dir='ltr'><strong>se</strong></span> <span class='ocrx_word' id='word_1_804' title='bbox 2578 5226 2904 5280; x_wconf 88' lang='lat' dir='ltr'><strong>custoditum</strong></span> <span class='ocrx_word' id='word_1_805' title='bbox 2931 5227 3146 5294; x_wconf 87' lang='lat' dir='ltr'><strong>habeat,</strong></span> <span class='ocrx_word' id='word_1_806' title='bbox 3174 5234 3235 5282; x_wconf 90' lang='lat' dir='ltr'><strong>ut</strong></span> <span class='ocrx_word' id='word_1_807' title='bbox 3259 5230 3351 5299; x_wconf 89' lang='lat' dir='ltr'><strong>qui</strong></span> <span class='ocrx_word' id='word_1_808' title='bbox 3393 5231 3532 5286; x_wconf 88' lang='lat' dir='ltr'><strong>bene</strong></span> <span class='ocrx_word' id='word_1_809' title='bbox 3567 5227 3820 5286; x_wconf 80' lang='lat' dir='ltr'><strong>faciendo</strong></span> 
     </span>
    </p>
   </div>
   <div class='ocr_carea' id='block_1_115' title="bbox 2231 5312 3821 5390">
    <p class='ocr_par' dir='ltr' id='par_1_115' title="bbox 2231 5312 3821 5390">
     <span class='ocr_line' id='line_1_115' title="bbox 2231 5312 3821 5390; baseline 0.004 -24"><span class='ocrx_word' id='word_1_810' title='bbox 2231 5312 2526 5384; x_wconf 87' lang='lat' dir='ltr'><strong>gratiarum</strong></span> <span class='ocrx_word' id='word_1_811' title='bbox 2553 5314 2767 5370; x_wconf 88' lang='lat' dir='ltr'><strong>actione</strong></span> <span class='ocrx_word' id='word_1_812' title='bbox 2792 5315 2939 5384; x_wconf 87' lang='lat' dir='ltr'><strong>digni</strong></span> <span class='ocrx_word' id='word_1_813' title='bbox 2965 5325 3091 5371; x_wconf 85' lang='lat' dir='ltr'><strong>sunt</strong></span> <span class='ocrx_word' id='word_1_814' title='bbox 3117 5332 3528 5388; x_wconf 82' lang='lat' dir='ltr'><strong>cognoscamus,</strong></span> <span class='ocrx_word' id='word_1_815' title='bbox 3559 5320 3654 5390; x_wconf 78' lang='lat' dir='ltr'><strong>qui</strong></span> <span class='ocrx_word' id='word_1_816' title='bbox 3683 5335 3821 5374; x_wconf 81' lang='lat' dir='ltr'><strong>vero</strong></span> 
     </span>
    </p>
   </div>
   <div class='ocr_carea' id='block_1_116' title="bbox 2231 5405 3820 5478">
    <p class='ocr_par' dir='ltr' id='par_1_116' title="bbox 2231 5405 3820 5478">
     <span class='ocr_line' id='line_1_116' title="bbox 2231 5405 3820 5478; baseline 0.003 -21"><span class='ocrx_word' id='word_1_817' title='bbox 2231 5405 2617 5459; x_wconf 85' lang='lat' dir='ltr'><strong>correctionem</strong></span> <span class='ocrx_word' id='word_1_818' title='bbox 2673 5413 2730 5460; x_wconf 91' lang='lat' dir='ltr'><strong>et</strong></span> <span class='ocrx_word' id='word_1_819' title='bbox 2780 5405 3200 5475; x_wconf 88' lang='lat' dir='ltr'><strong>increpationem</strong></span> <span class='ocrx_word' id='word_1_820' title='bbox 3256 5423 3356 5478; x_wconf 90' lang='lat' dir='ltr'><strong>pro</strong></span> <span class='ocrx_word' id='word_1_821' title='bbox 3401 5423 3589 5463; x_wconf 81' lang='lat' dir='ltr'><strong>eorum</strong></span> <span class='ocrx_word' id='word_1_822' title='bbox 3616 5432 3618 5434; x_wconf 61' lang='grc' dir='ltr'><strong><em>τ</em></strong></span> <span class='ocrx_word' id='word_1_823' title='bbox 3642 5409 3820 5478; x_wconf 81' lang='lat' dir='ltr'><strong>negli-</strong></span> 
     </span>
    </p>
   </div>
   <div class='ocr_carea' id='block_1_117' title="bbox 2229 5491 3818 5562">
    <p class='ocr_par' dir='ltr' id='par_1_117' title="bbox 2229 5491 3818 5562">
     <span class='ocr_line' id='line_1_117' title="bbox 2229 5491 3818 5562; baseline 0.003 -16"><span class='ocrx_word' id='word_1_824' title='bbox 2229 5491 2424 5562; x_wconf 85' lang='lat' dir='ltr'><strong>gentiis</strong></span> <span class='ocrx_word' id='word_1_825' title='bbox 2453 5501 2750 5558; x_wconf 88' lang='lat' dir='ltr'><strong>merentur,</strong></span> <span class='ocrx_word' id='word_1_826' title='bbox 2791 5495 3114 5550; x_wconf 88' lang='lat' dir='ltr'><strong>omnimodis</strong></span> <span class='ocrx_word' id='word_1_827' title='bbox 3148 5497 3303 5550; x_wconf 89' lang='lat' dir='ltr'><strong>nobis</strong></span> <span class='ocrx_word' id='word_1_828' title='bbox 3338 5497 3611 5552; x_wconf 84' lang='lat' dir='ltr'><strong>manifesti</strong></span> <span class='ocrx_word' id='word_1_829' title='bbox 3660 5497 3818 5551; x_wconf 84' lang='lat' dir='ltr'><strong>ﬁant.</strong></span> 
     </span>
    </p>
   </div>
   <div class='ocr_carea' id='block_1_118' title="bbox 2227 5581 3818 5657">
    <p class='ocr_par' dir='ltr' id='par_1_118' title="bbox 2227 5581 3818 5657">
     <span class='ocr_line' id='line_1_118' title="bbox 2227 5581 3818 5657; baseline 0.004 -23"><span class='ocrx_word' id='word_1_830' title='bbox 2227 5581 2504 5650; x_wconf 69' lang='lat' dir='ltr'><strong>Inquisitio</strong></span> <span class='ocrx_word' id='word_1_831' title='bbox 2543 5591 2720 5638; x_wconf 82' lang='lat' dir='ltr'><strong>autem</strong></span> <span class='ocrx_word' id='word_1_832' title='bbox 2751 5584 2851 5639; x_wconf 86' lang='lat' dir='ltr'><strong>hoc</strong></span> <span class='ocrx_word' id='word_1_833' title='bbox 2890 5585 3047 5642; x_wconf 83' lang='lat' dir='ltr'><strong>modo</strong></span> <span class='ocrx_word' id='word_1_834' title='bbox 3077 5585 3185 5640; x_wconf 84' lang='lat' dir='ltr'><strong>fiat.</strong></span> <span class='ocrx_word' id='word_1_835' title='bbox 3233 5586 3513 5657; x_wconf 85' lang='lat' dir='ltr'><strong>Eligantur</strong></span> <span class='ocrx_word' id='word_1_836' title='bbox 3550 5602 3650 5656; x_wconf 81' lang='lat' dir='ltr'><strong>per</strong></span> <span class='ocrx_word' id='word_1_837' title='bbox 3700 5591 3818 5646; x_wconf 78' lang='lat' dir='ltr'><strong>sin-</strong></span> 
     </span>
    </p>
   </div>
  </div>
