4048 6182
376 276 505 337 1521
1794 285 1893 342 liPl
1906 291 2145 350 5TOL.’E

371 383 526 452 gulos
556 385 845 442 comitatus
869 388 958 455 qui
999 388 1249 444 meliores
1276 399 1330 444 et
1355 395 1659 450 veraciores
1684 405 1826 451 sunt.
1879 399 1943 453 Et
1974 407 2023 465 Α

375 473 419 526 si
440 473 635 546 aliquis
664 475 910 533 inventus
935 477 1097 534 fuerit
1121 480 1187 534 de
1211 482 1338 553 ipsis
1361 483 1451 551 qui
1483 484 1789 541 ﬁdelitatem
1817 504 1943 560 pro-

373 565 592 619 missam
623 569 798 621 adhuc
831 570 984 625 nobis
1021 586 1126 624 non
1154 573 1368 637 habeat,
1398 578 1697 644 promittat.
1728 580 1793 636 Et
1819 590 1943 636 tunc

372 651 669 730 instruendi
712 666 837 712 sunt
879 659 1111 727 qualiter
1153 662 1320 734 ipsam
1349 663 1507 720 ﬁdem
1545 683 1668 738 erga
1714 685 1811 725 nos
1840 672 1943 726 sal-

280 763 300 815 ,
369 755 497 796 vare
543 724 812 808 debeant;
959 760 1063 814 est,
1095 724 1502 825 ut'quicunque
1542 772 1609 810 ex
1655 758 1739 814 his
1781 761 1939 818 talem

365 845 585 886 causam
629 834 730 888 scit
777 835 830 889 in
861 836 967 892 illis
997 841 1299 901 rectoribus
1323 851 1376 896 et
1415 845 1643 901 diversis
1680 849 1940 905 ministris

364 921 455 988 qui
497 923 752 992 populum
799 942 990 998 regere
1033 937 1088 986 et
1135 932 1347 988 salvare
1392 935 1608 1012 debent,
1650 939 1716 992 de
1745 941 1938 1008 quibus

361 1010 677 1084 interrogati
705 1015 920 1080 fuerint,
967 1036 1087 1091 quae
1113 1024 1178 1078 ad
1208 1027 1386 1096 populi
1411 1010 1662 1084 damnum
1692 1042 1746 1087 et
1768 1034 1935 1090 detri-

361 1111 599 1158 mentum
636 1108 922 1175 pertineat,
950 1121 1004 1166 et
1044 1124 1266 1185 propter
1292 1118 1395 1173 hoc
1438 1121 1593 1184 nobis
1639 1125 1931 1192 periculum

357 1193 552 1249 anima:
606 1200 821 1255 evenire
871 1205 1040 1272 possit
1084 1215 1141 1261 et
1196 1207 1556 1275 inbonoratio,
1602 1215 1842 1280 omnino,
1887 1221 1930 1274 si

358 1284 562 1340 salvam
599 1290 830 1346 voluerit
873 1309 1022 1350 suam
1083 1297 1242 1353 ﬁdem
1284 1308 1339 1354 et
1376 1304 1786 1370 promissionem
1837 1310 1932 1367 ba—
2030 1279 2231 1413 “ac”:
2257 1273 2625 1378 De'FCCIeS'J’
2651 1288 2707 1382 εξ
2726 1284 2946 1339 ηθδίτίδ·
2972 1375 2984 1386 .
3417 1387 3562 1413 MM:

362 1375 487 1413 ham
539 1379 880 1413 munitam...“
915 1385 1068 1413 εζητ...
1147 1389 1205 1413 ις·-
1240 1391 1280 1413 -2
1322 1401 1440 1413 ..-Α
1491 1395 1637 1413 .Jm,
1743 1397 1758 1413 .
1893 1401 1906 1413 .
2149 1363 2390 1413 ecordari
2425 1381 2522 1413 vus
2550 1370 2820 1413 credimus
2843 1375 3072 1413 niinlitm-
3100 1378 3200 1413 I-Inn
3230 1397 3369 1413 ...ι-υ.

670 1379 680 1390 .
1001 1387 1012 1398 .
1269 1391 1280 1402 .
1376 1363 1392 1370 ·
1861 1363 1864 1364 ⁷
1893 1363 1906 1413 ζ
2099 1363 2392 1419 Recordari
2425 1381 2522 1422 vos
2550 1370 2820 1426 credimus
2843 1375 3072 1442 qualiter
3098 1378 3201 1434 hoc
3229 1397 3387 1445 anno,
3415 1387 3598 1447 consi-

358 1375 506 1438 bere,
539 1380 880 1437 manifestum
913 1385 1092 1442 faciat.
1145 1389 1210 1443 Et
1239 1406 1280 1445 Si
1322 1401 1442 1460 post
1490 1395 1647 1453 talem
1693 1397 1930 1461 admont-
2028 1453 2062 1461 __
2301 1457 2314 1461 _

379 1464 390 1475 .
970 1477 981 1488 .
1274 1481 1284 1492 .
1322 1453 1338 1460 '
1695 1453 1701 1456 '
1747 1453 1774 1516 ,“
2027 1453 2100 1509 1ἱο
2129 1457 2468 1513 sacerdotum
2491 1469 2546 1515 et
2566 1461 2793 1520 aliorum
2816 1465 3054 1524 ﬁdelium
3083 1481 3410 1539 nostrorum,
3434 1492 3594 1552 gene-

379 1479 550 1519 ionem
597 1477 652 1523 et
697 1481 1166 1544 contestationem,
1218 1479 1375 1536 aliter
1417 1499 1578 1552 quam
1627 1501 1684 1546 se
1727 1497 1928 1546 temtas
2091 1544 2106 1552 ,
2163 1547 2175 1552 _
2215 1545 2226 1552 .
2311 1549 2322 1552 _

353 1473 550 1519 "onem
597 1477 652 1523 et
697 1477 1166 1544 contestationem,
1218 1479 1375 1536 aliter
1417 1499 1578 1555 quam
1627 1501 1684 1546 se
1727 1489 1928 1546 vernas
2027 1473 2100 1509 uo
2129 1473 2468 1556 saceraowm
2491 1473 2546 1515 et
2566 1473 2793 1520 auorum
2816 1473 3054 1524 ﬁdelium
3083 1481 3593 1552 nostrorum,gene-

353 1556 547 1610 habeat
586 1559 785 1616 dixisse
828 1564 1022 1628 aliauis
1063 1569 1429 1628 deprehensus
1473 1574 1654 1628 fuerit.
1699 1579 1835 1628 sciat
1867 1597 1927 1628 se
2028 1544 2140 1599 mle
2156 1561 2418 1616 mumum
2444 1565 2541 1627 Per
2571 1560 2741 1609 totum
2773 1572 2996 1628 regnum
3030 1571 3272 1623 nostrum
3316 1569 3593 1626 celebrare

2019 1633 2302 1704 jussimus,
2333 1641 2609 1712 Deumque
2640 1652 2753 1700 tota
2784 1647 3068 1705 devotione
3093 1653 3384 1728 deposcere
3410 1671 3466 1714 ut
3492 1677 3590 1723 no-

1948 1745 1996 1804 Β
2023 1725 2108 1780 bis
2152 1729 2456 1796 propitiari,
2485 1742 2540 1787 et
2573 1734 2627 1788 in
2655 1736 2850 1805 quibus
2873 1739 3019 1795 illum
3051 1725 3282 1801 maxime
3311 1749 3592 1811 offenderi-

3485 313 3616 380 l3‘2‘3

2606 411 2928 469 EPI.STOLA
2973 416 3058 470 IX.

2046 507 2298 548 EPISTOLA
2327 511 2577 552 CAESAREA
2606 516 2979 558 GENERALITEB
3011 521 3210 563 POPULG
3236 525 3320 564 DEI
3349 528 3608 579 LEGENDA.

2047 580 2217 645 Quam
2246 584 2538 675 .Ludoaic'ns
2567 589 2708 675 Pius.
2717 594 3002 674 imperator
3021 613 3084 650 ea:
3109 597 3299 675 placito
3320 601 3612 675 Aquisgrn-

2114 655 2260 735 mensi
2287 657 2428 741 misit
2443 658 2506 713 de
2543 662 2775 715 conciliis
2792 655 3152 741 episcoporum
3193 655 3610 741 in'quat'uoraim:

2108 724 2240 790 perii
2269 728 2505 795 partibus
2527 724 2924 800 congregandis.
2955 743 2957 745 ’

2637 821 2808 892 (Anna
2856 825 3005 896 828.)

2453 909 2658 982 [Baluz.
2697 913 2850 981 ξω,
2877 932 3002 989 pag.
3038 919 3183 994 658.]

2107 994 2163 1048 ln
2202 997 2416 1053 nomine
2468 1002 2680 1056 Domini
2729 1005 2824 1059 Dei
2854 1017 2908 1060 et
2930 1007 3225 1066 Salvatoris
3253 1015 3423 1068 nostri
3471 1015 3596 1070 Jesu

2034 1083 2258 1152 Christi,
2271 1088 2573 1148 Ludovicus
2585 1104 2639 1148 et
2653 1095 2956 1184 Lotharius,
2971 1100 3150 1158 divina
3173 1105 3458 1162 ordinante
3476 1124 3601 1185 pro-

2033 1175 2291 1244 videntia,
2347 1181 2701 1258 imperatores
2724 1175 2949 1258 Augusti
2979 1232 2994 1257 ,
3049 1195 3298 1260 omnibus
3356 1175 3601 1263 ﬁdelibus

350 1556 547 1610 habeat
586 1559 785 1616 dixisse
828 1564 1022 1636 aliquis
1063 1569 1429 1642 deprehensus
1473 1574 1654 1642 fuerit,
1699 1579 1835 1633 sciat
1867 1597 1927 1637 se

349 1646 492 1701 inter
512 1649 753 1708 inﬁdeles
781 1670 899 1716 esse
925 1663 1298 1729 reputantium.

349 1753 478 1811 Haec
493 1770 616 1813 sunt
640 1764 868 1833 Capitula
883 1785 999 1838 qua?
1018 1771 1255 1830 volumus
1271 1786 1324 1829 ut
1337 1778 1610 1850 diligenter
1626 1783 1913 1853 inquirant.

415 1848 645 1919 (Collata
683 1873 799 1910 cum
850 1848 1655 1947 codicenTiliano“peruetusto,
1693 1848 1784 1946 qui
1812 1878 1914 1947 fuit

589 1930 894 1983 monasterii
924 1930 984 1985 S.
1020 1931 1244 2004 Remigii
1282 1930 1631 2014 Rhemensis.)

412 2005 594 2063 Primo
623 2011 687 2066 de
717 2015 982 2088 episcopis
1008 2059 1022 2086 ,
1053 2026 1322 2089 quomodo
1354 2044 1509 2084 suum
1550 2005 1913 2099 ministerium

340 2097 610 2166 expleant,
640 2109 694 2156 et
719 2105 892 2178 qualis
926 2109 996 2164 sit
1036 2111 1251 2172 illorum
1274 2124 1638 2192 conversatio,
1663 2127 1750 2182 vel
1775 2145 1912 2200 quo-

339 2185 498 2240 modo
522 2189 780 2249 ecclesias
806 2202 859 2250 et
873 2195 1074 2256 clerum
1093 2202 1195 2260 sibi
1223 2210 1572 2268 commissum
1600 2185 1910 2280 ordinaium

338 2271 573 2339 habeant
609 2289 770 2356 atque
803 2285 1120 2357 dispositum
1149 2332 1163 2357 ,
1197 2295 1280 2353 vel
1329 2299 1524 2368 quibus
1553 2271 1912 2366 rebusin—iani:

337 2378 424 2418 me
452 2368 720 2442 studeant,
772 2375 826 2429 in
874 2379 1206 2448 epiritalibus
1250 2387 1500 2446 videlicet
1527 2403 1622 2448 aut
1653 2397 1708 2451 in
1735 2415 1908 2458 suaen-

335 2453 538 2513 laribus
581 2466 825 2541 negotiis.
859 2466 1062 2530 Deinde
1109 2474 1299 2545 quales
1346 2479 1459 2535 sint
1490 2453 1908 2552 adjutorest—i-

332 2547 538 2604 nisterii
591 2568 802 2624 eorum,
852 2559 905 2614 id
941 2569 1023 2616 est
1057 2604 1070 2627 ,
1113 2566 1483 2642 chorcpiscopi
1514 2547 1908 2654 [archipresby-

335 2637 432 2689 teri
449 2637 518 2709 a],
536 2643 927 2713 archidiaconi,
959 2659 1015 2704 et
1036 2637 1381 2722 vicedomini,
1405 2637 1460 2714 et
1481 2637 1783 2736 presbyteri
1807 2637 1906 2739 per

327 2727 616 2791 parochias
641 2747 849 2800 eorum,
896 2740 1052 2807 quale
1075 2743 1283 2800 scilicet
1316 2727 1554 2806 studium
1583 2727 1824 2812 habeant-
1845 2759 1900 2821 in

327 2813 592 2884 doctrina,
621 2821 705 2875 vel
743 2826 958 2892 qualem
985 2829 1184 2887 famam
1216 2835 1451 2892 habeant
1482 2843 1776 2899 secundum
1813 2863 1904 2902 ve-

328 2905 540 2962 ritatem
574 2911 626 2964 in
656 2916 870 2984 populo.
897 2919 1157 2978 Similiter
1180 2925 1247 2981 de
1273 2930 1526 2990 omnibus
1555 2940 1901 2994 monasteriis

2021 1831 2141 1872 mus
2161 1819 2317 1875 nobis
2343 1822 2706 1895 manifestare,
2735 1836 2790 1881 et
2824 1829 2892 1882 ad
2917 1835 3308 1892 correctionem
3351 1853 3589 1896 nostram

2017 1910 2379 1964 necessariam
2427 1917 2780 1984 tranquillum
2809 1928 3019 1993 tempus
3043 1928 3196 1982 nobis
3227 1931 3466 1988 tribuere
3510 1937 3590 1989 di-

2015 2009 2294 2068 gnaretur.
2343 2003 2700 2065 Volueramus
2743 2013 3006 2084 siquidem
3055 2027 3297 2092 tempore
3353 2042 3583 2099 congrua

2012 2086 2267 2158 placitum
2299 2101 2544 2154 nostrum
2572 2102 2823 2170 generale
2849 2105 3069 2175 habere,
3093 2119 3146 2166 et
3165 2086 3232 2168 in
3261 2131 3327 2175 eo
3353 2117 3417 2171 de
3446 2086 3590 2174 com-

2013 2183 2162 2236 muni
2189 2187 2526 2242 correctione
2545 2204 2737 2260 agere;
2771 2202 2827 2249 et
2848 2195 2922 2253 ita
2944 2198 3054 2254 Deo
3076 2201 3369 2260 miserante
3414 2207 3588 2274 ﬁeret,

2012 2271 2117 2326 nisi
2142 2277 2433 2332 commotio
2452 2279 2818 2350 inimicorum,
2843 2286 2984 2342 sicut
3004 2293 3190 2356 nostis,
3213 2299 3584 2366 praepedisset.

2011 2360 2120 2416 Sed
2133 2365 2258 2432 quia
2280 2374 2411 2421 tunc
2440 2368 2558 2422 ﬁeri
2587 2387 2694 2425 non
2722 2376 2897 2442 potuit
2913 2377 3069 2449 juxta
3099 2360 3428 2442 volu'ntaiem
3456 2407 3584 2446 nos-

2009 2457 2168 2519 tram,
2205 2455 2380 2512 visum
2434 2461 2590 2517 nobis
2618 2462 2721 2518 l'uit
2742 2481 2982 2535 praesens
3032 2471 3289 2544 placitum
3333 2495 3455 2539 eum
3486 2482 3582 2538 aii-

2006 2545 2199 2613 quibus
2229 2563 2296 2603 ex
2341 2549 2591 2608 ﬁdelibus
2632 2559 2835 2614 nostris
2865 2560 3085 2629 habere,
3113 2573 3168 2619 et
3205 2567 3260 2621 in
3303 2584 3370 2624 eo
3401 2572 3466 2627 de
3495 2573 3582 2630 his

2005 2650 2125 2704 qua:
2149 2649 2369 2709 propter
2385 2644 2702 2712 praedictum
2728 2647 3168 2720 impedimentum
3184 2673 3580 2732 remanserunt,

2004 2722 2236 2795 qualiter
2259 2732 2327 2786 ad
2350 2731 2598 2790 eﬁ‘ectum
2627 2742 2996 2812 pervenirent,
3036 2746 3265 2805 Domino
3295 2722 3581 2823 adjuvante

2001 2820 2365 2878 considerare.
2408 2824 2749 2898 Quapropter
2801 2847 2960 2890 nosse
3009 2838 3254 2897 volumus
3303 2845 3576 2911 solertiam

2003 2918 2239 2965 vestram
2285 2917 2427 2982 quod
2454 2917 2506 2970 in
2548 2918 2652 2974 isto
2676 2927 2928 2991 praesenti
2957 2928 3156 2997 placito
3180 2947 3302 2996 cum
3334 2934 3577 2997 ﬁdelibus

325 2995 599 3063 inquirant
617 2999 772 3070 juxta
801 3009 1222 3085 uniuscujusque
1265 3020 1580 3090 qualitatem
1609 3034 1664 3081 et
1689 3028 1900 3099 profes-

325 3084 526 3122 cinnom
555 3106 568 3119 .
615 3091 865 3122 simu“-..
891 3107 937 3122 ..ι
972 3101 1027 3122 J-
1061 3113 1178 3122 ,μμ
1222 3109 1233 3119 .
1392 3111 1406 3122 .
1476 3114 1506 3122 ..

2001 3003 2202 3057 nostris
2228 3007 2688 3066 consideravimus
2728 3022 2788 3067 ut
2819 3017 2996 3086 primo
3019 3022 3261 3080 omnium
3309 3027 3578 3104 arqbiepi-

2001 3091 2145 3122 anna:
2187 3107 2306 3122 nn...
2339 3097 2448 3122 ρης..
2491 3099 2841 3122 ---m..-_-_---
2874 3105 2888 3122 ρ
2970 3107 2984 3122 ι
3058 3111 3070 3122 .
3360 3115 3371 3122 .

323 3084 526 3139 sionem
555 3106 568 3140 :
614 3091 865 3152 similiter
887 3107 937 3154 et
967 3101 1031 3157 de
1053 3084 1538 3169 cmtcris'ecclesiis
1565 3084 1748 3174 nostra
1771 3135 1897 3176 auc-
1925 3088 1969 3151 Ο
2000 3091 2148 3159 scopi
2186 3107 2308 3147 cum
2338 3097 2451 3151 suis
2490 3099 2845 3173 sumasne“
2874 3105 2930 3160 in
2969 3107 3101 3164 locis
3149 3115 3404 3184 congruis
3443 3126 3581 3174 lem.

317 3363 561 3422 gravent,
599 3368 691 3412 aut
713 3365 909 3432 popqu
947 3373 1097 3426 oneri
1146 3377 1272 3442 sint,
1303 3389 1359 3434 et
1399 3382 1444 3436 si
1475 3386 1544 3439 ab
1572 3387 1704 3458 ipsis
1733 3401 1829 3450 aut
1859 3411 1890 3450 a

318 3441 581 3501 ministris
608 3463 792 3506 eorum
855 3456 1090 3518 indebita
1116 3441 1326 3536 (exenia
1358 3471 1513 3544 [Ms.,
1542 3441 1830 3556 exrsenia])
1860 3500 1890 3544 a

318 3532 644 3556 ..-μιωημ
681 3539 754 3556 _,.
876 3554 882 3556 _
1005 3549 1056 3556 --

315 3532 648 3602 presbyteris
669 3539 972 3612 exigantur.
1003 3532 1174 3606 Simili
1200 3532 1452 3616 modo‘de
1479 3532 1786 3626 comitibusJ
1806 3532 1888 3626 in-

312 3619 532 3686 quirant
555 3664 570 3689 ,
599 3628 757 3696 quale
788 3637 1022 3693 studium
1056 3642 1121 3695 de
1149 3661 1246 3700 suo
1275 3647 1511 3714 habeant
1557 3657 1883 3725 ministerio,

314 3711 491 3805 utqui
545 3713 684 3772 bene
735 3723 930 3779 eximie
976 3727 1104 3785 facit
1159 3711 1570 3805 cognoscamus.
1615 3711 1672 3800 Si
1707 3711 1886 3805 aliter

313 3795 442 3851 t‘acit
471 3839 488 3864 ,
517 3811 571 3856 et
604 3805 707 3862 hoe
735 3826 894 3868 nosse
919 3820 1144 3877 omnino
1174 3827 1420 3884 volumus
1446 3848 1459 3895 ;
1500 3833 1552 3887 id
1577 3845 1682 3900 est,
1711 3839 1756 3892 si
1787 3857 1884 3910 po-

313 3886 464 3910 ...nln-
495 3905 588 3910 -—-——
621 3909 628 3910 κ
896 3904 927 3910 “

310 3886 468 3950 pulus
492 3905 590 3958 per
613 3909 767 3952 suam
790 3904 1168 3975 negligentiam
1207 3923 1263 3968 et
1293 3886 1552 3976 desidiam
1585 3886 1884 3992 justitiarct

458 3994 660 4092 careat,
692 3999 787 4046 aut
831 3995 877 4049 si
914 3997 1028 4071 ipse
1061 4004 1239 4062 sciens
1266 4018 1360 4064 aut
1405 3990 1655 4074 nesciens
1679 4021 1880 4092 aliquid

309 4064 503 4172 injuste
529 4071 730 4172 factum
762 4064 978 4142 habeat.
1009 4089 1209 4151 Deinde
1228 4111 1356 4170 ergo

307 4157 504 4264 habeat
523 4165 589 4264 ad
613 4171 905 4240 regendum
932 4181 1188 4248 populum
1214 4157 1879 4273 velvmilssos,_ut—ruinvju‘s:

306 4255 358 4301 te
380 4263 448 4304 an
477 4251 674 4323 injuste
701 4262 754 4316 in
785 4263 916 4334 ipsis
945 4271 1260 4333 ministeriis
1294 4292 1457 4352 agant
1490 4325 1505 4344 .
1527 4251 1633 4350 aut
1654 4251 1878 4349 consen-

304 4340 472 4454 tilente
525 4351 606 4454 vel
636 4357 936 4429 negligente
958 4369 1154 4428 comite
1173 4387 1203 4425 a
1228 4340 1454 4435 veritate
1481 4389 1537 4436 et
1553 4382 1765 4454 justitia
1789 4388 1878 4442 de-

299 4432 521 4491 clinent.
555 4441 684 4508 Quae

299 4521 434 4579 biles
463 4529 529 4582 ad
570 4540 910 4600 prmsentiam
946 4556 1185 4605 nostram
1229 4521 1412 4611 venire
1459 4560 1734 4631 debeant,
1764 4521 1873 4621 dlis-

297 4619 626 4718 eerneudum
653 4637 755 4718 est.
788 4629 1037 4704 Exceptis
1062 4640 1350 4713 episcOpis,
1376 4647 1679 4718 abbatibus,

297 4704 442 4761 tibus
465 4747 480 4772 ,
511 4712 602 4779 qui
633 4715 699 4769 ad
725 4719 919 4788 placita
951 4704 1136 4783 nostra
1164 4704 1380 4804 semper
1422 4741 1607 4795 venire
1655 4704 1868 4810 debent,

297 4794 385 4850 isti
427 4801 665 4892 venient,
716 4809 759 4861 si
801 4810 854 4866 in
905 4815 1100 4875 talibus
1141 4794 1314 4892 culpis
1354 4833 1410 4881 et
1437 4829 1750 4887 criminibus
1779 4794 1869 4889 de:

293 4886 542 4953 prehensi
578 4891 771 4953 fuerint
797 4903 984 4971 quales
1013 4886 1248 4966 inferius
1264 4915 1532 4972 adnotatas
1561 4930 1703 4976 sunt.

359 5318 384 5346 ⁸
418 5307 574 5365 DeeSt
601 5313 652 5367 in
673 5315 859 5370 codice
881 5333 978 5375 ms.

359 5375 387 5459 ξι
415 5376 550 5459 χωρ
570 5382 805 5459 F_rqtar.,
837 5386 978 5441 Tull.
1013 5388 1219 5459 Episc.,
1248 5394 1330 5450 18.

356 5455 383 5537 ξ
413 5447 521 5528 Has
551 5450 764 5537 'clades,
793 5447 951 5537 V'quas
985 5447 1301 5537 abIaliquot:
1315 5447 1472 5537 annis
1518 5471 1862 5537 patiebantur

935 5510 946 5512 _
1024 5510 1044 5513 ἡ
1193 5510 1280 5516 _--
1315 5510 1472 5523 _.......
1555 5510 1828 5529 .............u

284 5510 500 5580 Franci,
531 5510 775 5600 diabolus
798 5510 898 5580 hoc
923 5529 1042 5600 ipso
1063 5510 1205 5584 annjo
1235 5532 1338 5589 828
1364 5536 1505 5592 inter
1518 5510 1859 5600 texercitium;

281 5595 380 5672 per
423 5600 484 5639 os
537 5588 811 5672 cujusdam
837 5588 1028 5672 puellae
1066 5602 1301 5672 obsessa:
1346 5588 1665 5672 declaravit;
1695 5622 1751 5665 ut
1781 5616 1858 5667 vi-

283 5650 411 5706 dere
433 5664 508 5708 est
540 5650 677 5726 apud
701 5650 1854 5742 Eginharduminiii)?"lude-"ﬁanslailiniie

567 5750 835 5811 ΡΑττιοι..
883 5756 1019 5819 CIV.

1997 3194 2128 3248 pore
2156 3194 2460 3252 opportuno
2505 3193 2856 3249 convenirent
2900 3194 2952 3266 δ,
2995 3208 3052 3253 et
3096 3200 3170 3254 ibi
3219 3211 3329 3258 tam
3364 3206 3430 3261 de
3479 3223 3574 3267 sua

1997 3286 2160 3342 quam
2201 3276 2267 3330 de
2318 3279 2560 3336 omnium
2605 3292 2850 3343 nostrum
2875 3293 3213 3353 correctione
3239 3304 3294 3349 et
3319 3300 3564 3353 emenda-

1995 3366 2139 3421 tione
2163 3370 2456 3426 secundum
2483 3372 2718 3430 divinam
2755 3383 3137 3439 auctoritatem
3167 3388 3459 3455 quterendo
3491 3389 3559 3451 in-

1994 3458 2256 3521 venirent,
2285 3469 2340 3515 et
2378 3463 2532 3518 nobis
2560 3473 2722 3536 atque
2753 3468 2998 3528 ﬁdelibus
3048 3477 3248 3532 nostris
3273 3481 3569 3537 secundum

1990 3551 2348 3608 ministerium
2398 3557 2501 3611 sibi
2561 3562 2911 3621 commissum
2968 3571 3372 3626 annuntiarent.
3440 3574 3569 3643 Quis

1989 3642 2131 3694 enim
2155 3659 2262 3697 non
2290 3648 2488 3702 sentiat
2522 3649 2689 3705 Deum
2721 3655 2923 3710 nostris
2964 3659 3303 3728 pravissimis
3356 3665 3567 3726 actibus

1987 3743 2107 3783 esse
2133 3731 2414 3800 oﬁ‘ensum,
2463 3747 2518 3792 et
2565 3740 2632 3795 ad
2662 3741 2994 3801 iracundiam
3029 3761 3400 3824 provocatum,
3438 3772 3560 3815 cum

1985 3818 2167 3873 videat
2191 3829 2271 3876 tot
2312 3825 2469 3883 annis
2521 3827 2832 3892 multifariis
2878 3818 3101 3909 ﬂagellis
3127 3840 3262 3898 iram
3319 3818 3463 3906 illius
3506 3849 3559 3909 in

1977 3924 2152 3980 regno
2179 3913 2334 3974 nobis
2360 3916 2430 3972 ab
2467 3932 2533 3974 eo
2569 3923 2858 3979 commisso
2902 3927 3178 4000 desaevire,
3232 3935 3476 3993 videlicet
3506 3939 3556 3998 in

1983 3999 2126 4057 tame
2169 4006 2444 4074 continua,
2493 4009 2549 4064 in
2577 4015 2905 4072 mortalitate
2945 4021 3274 4093 animalium,
3310 4030 3361 4084 in
3393 4036 3557 4106 pesti-

1981 4091 2148 4148 lentia
2178 4095 2478 4166 hominum,
2507 4101 2563 4155 in
2587 4096 2869 4162 sterilitate
2898 4125 3033 4178 pene
3052 4091 3290 4171 omnium
3321 4091 3551 4194 frugum,

1979 4192 2033 4238 et
2066 4194 2126 4238 ut
2154 4184 2230 4240 ita
2282 4187 2528 4255 dixerim,
2564 4191 2948 4254 diversissimis
2975 4204 3282 4262 morborum
3310 4184 3553 4275 cladibus

1982 4284 2004 4313 ο
2029 4285 2192 4346 atque
2216 4277 2525 4350 ingentibus
2543 4286 2784 4351 penuriis
2813 4291 3062 4360 pepulum
3096 4295 3251 4352 istius
3276 4303 3422 4377 regni
3451 4305 3553 4377 mi-

1979 4366 2283 4421 serabiliter
2328 4379 2578 4426 vexatum
2613 4384 2668 4428 et
2706 4375 2978 4444 amictum,
3017 4391 3176 4452 atque
3206 4366 3359 4444 omni
3382 4366 3551 4456 abi-ui-

728 4463 994 4548 personae,
1027 4458 1110 4512 vel
1141 4460 1207 4516 de
1251 4467 1445 4539 quibus
1473 4436 1874 4548 canitiei};-

1994 4454 2160 4510 iantia
2188 4471 2367 4512 rerum
2413 4462 2648 4530 quodam
2695 4465 2855 4522 modo
2879 4436 3252 4531 exinanitum?
3282 4479 3390 4538 Nec
3420 4485 3549 4542 illud

1974 4547 2138 4601 etiam
2179 4548 2485 4607 dubitamus
2531 4568 2596 4608 ex
2641 4555 2786 4625 justa
2828 4560 3067 4618 vindicta
3118 4566 3260 4624 illius
3307 4576 3545 4644 evenire,

1973 4639 2116 4707 quod
2141 4654 2282 4717 saape
2318 4645 2568 4700 scandala
2617 4665 2716 4718 per
2745 4660 3003 4722 tyrannos
3038 4658 3089 4712 in
3125 4661 3227 4716 hoc
3259 4680 3422 4735 regno
3451 4639 3544 4726 ex;

1973 4741 2220 4802 surgunt,
2275 4735 2366 4804 qui
2415 4751 2603 4806 pacem
2634 4743 2812 4811 pepuli
2865 4744 3158 4804 Christiani
3201 4762 3257 4808 et
3283 4759 3539 4823 unitatem
3589 4779 3591 4781 ί

1973 4818 2182 4894 imperii
2205 4836 2300 4876 sua
2330 4827 2597 4893 pravitate
2620 4831 2863 4887 nituntur
2882 4837 3145 4894 scindere.
3173 4841 3304 4899 Nam
3330 4859 3385 4903 et
3416 4818 3542 4909 illud

1970 4908 2320 4968 nihilominus
2347 4918 2585 4983 peccatis
2614 4923 2813 4977 nostris
2843 4925 3210 5010 deputandum
3236 4945 3319 4999 est
3349 4979 3364 5002 ,
3397 4944 3540 5010 quod

1968 4995 1992 5033 ἀ
2022 4996 2225 5053 inimici
2259 5001 2459 5058 Chris:i
2484 5009 2716 5065 numinis
2756 5017 3031 5082 praeterito
3081 5007 3224 5078 anno
3251 5025 3302 5079 in
3337 5028 3438 5084 hoc
3461 5047 3542 5086 re-

1967 5102 2130 5156 gnum
2161 5092 2387 5161 ingrcssi
2410 5097 2856 5168 depraedationes,
2887 5107 3131 5165 incendia
3167 5117 3538 5188 ecclesiarum,

1967 5188 2023 5235 ct
2075 5185 2465 5254 captivationes
2515 5189 2944 5258 Christianormn
2977 5243 2989 5266 ,
3029 5215 3080 5260 ct
3135 5185 3538 5276 interfectiones

1969 5331 2482 5438 ﬁéEmMa‘tfelllii'iivet
2511 5345 2654 5406 Petri
2693 5359 3007 5422 martyrum,
3041 5373 3164 5428 cap.
3201 5363 3286 5421 15.
3322 5364 3540 5438 (Patro-

1968 5403 2270 5483 log_i¢e__tom.
2297 5409 2474 5483 Civ.)

2032 5473 2059 5511 «ι
2094 5473 2208 5555 His.
2235 5479 2413 5575 verbis
2455 5473 2816 5575 'd‘csignalntur
2869 5501 2976 5572 tam
3013 5494 3290 5575 Saraceni,
3341 5507 3536 5575 quibus

1961 5542 2980 5649 aestati-‘3:eamaerata;
3003 5542 3430 5643 sIJSH-Téiiiaaiil
3438 5542 3532 5649 iiii

1959 5611 2289 5675 Pannoniam
2323 5628 2595 5676 vastarunt
2622 5611 2911 5689 minutiis—7‘;

3019 5797 3096 5863 A2
