4006 6178
486 318 507 373 ’l
519 314 623 372 3223

1587 316 1903 371 LUDOVILLI
1943 318 1958 370 l
1999 313 2470 377 COGNOMENTO
2510 320 2592 375 Pll

3588 318 3619 378 Ἰ
3630 317 3735 381 ἰιέἰ

2850 386 2877 401 Ι

483 440 763 484 servorum
800 427 891 479 Dei
923 429 1185 482 audenter
1213 434 1267 481 et
1314 427 1551 495 impune,
1606 405 1713 480 imo
1742 426 2050 487 crudeliter,
2084 430 2130 486 Α
2163 426 2479 499 [Sirmond.,
2514 430 2937 503 metropolitani]
2987 432 3271 504 Autgarius
3297 476 3309 498 ,
3346 434 3683 491 Hadabaldus
3713 480 3729 500 ,

481 523 745 576 fecerunt.
785 519 978 583 Agitur
1020 519 1283 590 siquidem
1312 517 1461 587 justo
1478 518 1682 588 judicio
1722 519 1816 573 Dei
1855 520 2057 587 utquia

480 613 532 666 in
567 610 776 667 cunctis
821 602 1208 682 delinquimus,
1254 611 1482 666 interius
1515 611 1676 666 simul
1720 618 1775 666 et
1817 611 2057 666 exterius

480 699 830 773 flagellenntr.
879 702 1167 757 Beneficiis
1188 704 1385 774 quippe
1413 704 1508 758 Dei
1553 703 1832 758 evidenter
1870 703 2058 758 existi-

478 810 599 849 mus
626 793 847 869 ingrati,
869 797 1122 865 quoniam
1146 796 1230 850 his
1256 813 1361 851 non
1386 796 1451 850 ad
1466 796 1794 850 voluntatem
1818 796 1935 859 Dei,
1962 796 2057 850 sed

477 888 544 940 ad
584 887 799 943 libitum
829 897 1073 943 nostrum
1103 888 1375 943 carnalem
1407 888 1481 941 uti
1526 888 1849 943 invenimur.
1881 887 1946 942 Et
1976 889 2056 943 id-

480 978 628 1034 circo
662 978 861 1033 merito
896 987 1155 1034 creaturae
1190 979 1284 1034 Dei
1312 979 1469 1034 nobis
1496 975 1755 1034 divinitus
1785 994 2056 1036 concessae

482 1085 578 1137 pro
608 1069 719 1124 Deo
763 1079 952 1126 contra
1000 1085 1100 1124 nos
1146 1070 1385 1141 ingratos
1413 1077 1674 1139 pugnant,
1696 1068 1852 1138 juxta
1883 1069 2051 1126 illud:

487 1158 748 1229 f’ugnabit
792 1177 888 1230 pro
928 1178 987 1214 eo
1041 1160 1179 1219 orbis
1226 1170 1488 1214 terrarum
1534 1170 1718 1215 contra
1761 1162 2054 1219 intentato:

481 1252 635 1322 (ειη).
665 1268 718 1315 v,
746 1252 858 1323 2f).
891 1253 1089 1306 Verum
1121 1254 1247 1324 quia
1282 1260 1360 1307 tot
1395 1254 1567 1308 modis
1597 1269 1860 1309 vexamur
1892 1264 2055 1324 atque

481 1343 815 1412 percutimur
843 1384 857 1405 ,
888 1343 954 1397 ad
997 1358 1121 1397 eum
1150 1358 1179 1397 a
1228 1358 1335 1412 quo
1367 1343 1702 1412 perculimur
1750 1352 1863 1400 toto
1892 1347 2056 1400 corde

478 1434 699 1505 dignum
735 1434 1208 1505 necessariumque
1232 1444 1316 1489 est
1343 1444 2054 1508 utrevertamur,quatenus

479 1527 605 1583 illud
636 1526 1008 1599 propheticum
1048 1529 1098 1582 in
1144 1528 1297 1583 nobis
1345 1529 1633 1600 impleatur
1662 1545 1771 1600 quo
1807 1531 2048 1587 dicitur:

481 1617 608 1675 Sola
636 1620 843 1674 vexatio
891 1618 1209 1673 intellectum
1254 1618 1396 1673 dabit
1429 1621 1636 1675 (ιιιάὶιαί
1686 1621 1825 1694 (lsa.
1860 1639 2049 1691 xxvm,

481 1709 591 1782 l9).
646 1708 754 1767 Sed
782 1710 906 1781 quia
936 1712 1056 1780 pius
1096 1719 1150 1765 et
1177 1711 1415 1766 clemens
1454 1711 1716 1768 Dominus
1757 1715 1835 1769 sic
1875 1713 2051 1784 ipsum

2163 520 2344 585 Hethi,
2377 521 2678 576 Bernuinns
2704 562 2717 585 ,
2764 537 2884 575 cum
2918 521 3273 593 suffraganeis
3312 526 3440 579 suis.
3485 525 3735 581 Secundo

2161 625 2374 680 quoque
2401 611 2452 665 in
2478 610 2807 666 Parisiorum
2834 613 2985 679 urbe,
3020 615 3109 668 ubi
3143 613 3352 669 futurus
3374 617 3601 671 antistes
3631 615 3737 673 Se-

2159 701 2406 765 nonicus,
2444 707 2499 755 et
2516 694 2695 766 Ebbo,
2724 701 3082 772 Ragnoardus
3107 710 3163 757 et
3206 703 3577 758 Landramnus
3606 722 3735 759 cum

2158 790 2515 862 suffraganeis
2544 791 2657 846 suis
2687 792 3029 846 conveniant.
3059 791 3246 846 Tertio
3274 806 3402 846 vero
3431 795 3569 862 apud
3598 793 3738 863 Lug-

2157 880 2379 946 dunum,
2408 880 2501 935 ubi
2528 876 2864 950 Agobardus,
2894 879 3219 943 Bernardus,
3252 880 3518 945 Andreas,
3560 880 3736 935 Bene-

2156 971 2353 1037 dictus,
2377 969 2638 1040 Agericus
2663 985 2784 1025 cum
2807 969 3163 1038 suffraganeis
3192 970 3307 1025 suis
3331 970 3583 1025 similiter
3605 985 3739 1024 cono

2154 1063 2391 1119 veniant.
2409 1062 2611 1131 Quarto
2634 1063 2799 1117 etiam
2819 1063 2958 1133 apud
2969 1062 3219 1117 Tolosam
3230 1063 3441 1128 urbem,
3457 1078 3562 1133 quo
3575 1062 3740 1117 simul

2155 1157 2477 1212 conveniant
2489 1153 2684 1221 Notbo,
2701 1154 3142 1220 Bartbolomaeus,
3154 1154 3476 1219 Adalelmus,
3492 1153 3742 1225 Agiulfns

2155 1262 2276 1305 cum
2293 1248 2645 1322 suffraganeis
2669 1249 2798 1303 suis.
2816 1246 2871 1300 ln
2895 1246 3090 1318 quibus
3102 1247 3451 1302 conventibus
3473 1253 3740 1309 tractare,

2154 1356 2419 1413 quaerere,
2470 1347 2525 1396 et
2572 1355 2694 1395 cum
2727 1340 2820 1394 Dei
2853 1339 3122 1407 adjutorio
3167 1340 3411 1394 invenire
3446 1338 3643 1392 debent
3669 1338 3743 1392 de

2154 1432 2333 1489 causis
2378 1432 2445 1489 ad
2482 1432 2794 1503 religionem
2823 1432 3187 1487 Christianam
3217 1439 3271 1487 et
3320 1446 3506 1485 eorum
3541 1446 3736 1486 curam

2156 1527 2574 1599 pertinentibus,
2616 1528 2745 1597 quid
2767 1544 2796 1581 a
2823 1528 3160 1597 principibus
3198 1535 3253 1585 et
3275 1528 3483 1596 reliquo
3504 1528 3729 1598 populo,

2155 1619 2240 1673 vel
2266 1619 2343 1673 ita
2375 1627 2435 1672 ut
2481 1618 2662 1674 divina
2700 1618 2998 1673 auctoritas
3033 1619 3191 1673 docet
3220 1625 3314 1683 aut
3353 1617 3513 1672 aliter
3553 1626 3740 1673 tenea-

2158 1718 2263 1774 tur,
2290 1709 2377 1764 vel
2397 1708 2525 1778 quid
2557 1709 2684 1763 inde
2722 1724 2789 1763 ex
2813 1717 2970 1778 parte
2996 1708 3078 1763 vel
3106 1725 3169 1763 ex
3205 1716 3316 1763 toto
3358 1709 3638 1762 dimissum
3668 1706 3746 1763 sit

479 1801 743 1874 flagellum
767 1802 1077 1858 moderatur
1108 1812 1166 1858 ut
1192 1818 1298 1858 non
1329 1805 1398 1857 ad
1428 1803 1730 1870 interitum,
1754 1806 1848 1862 sed
1876 1807 2055 1876 potius
2085 1789 2129 1847 Β
2161 1812 2221 1859 ut
2247 1818 2353 1857 non
2414 1811 2683 1857 teneatur.
2734 1802 2937 1856 Deinde
2983 1801 3111 1871 quid
3142 1802 3194 1854 in
3226 1801 3467 1870 ipsorum
3502 1800 3592 1870 qui
3624 1814 3744 1870 pas-

479 1895 545 1953 ad
564 1895 963 1951 correctionem
989 1904 1229 1951 nostram
1279 1884 1481 1951 inferre
1506 1895 1770 1965 videatur,
1799 1898 2060 1955 debemus

481 1986 534 2040 in
571 1994 864 2056 conspectu
912 1985 1029 2055 ejus
1056 1986 1324 2041 veraciter
1346 1987 1643 2053 humiliari,
1689 1997 1743 2043 et
1770 1987 1963 2047 faciem
1992 1988 2057 2046 il-

481 2079 582 2134 lius
621 2078 675 2132 in
702 2077 1037 2133 confessione
1066 2079 1384 2147 prmvcnire,
1412 2078 1637 2150 ejusque
1663 2081 1918 2151 pietatem
1942 2098 2061 2152 pro-

482 2171 564 2226 nis
597 2171 867 2225 mentibus
902 2185 1169 2235 exorare;
1203 2180 1259 2224 nt
1301 2172 1391 2240 qui
1437 2170 1566 2226 fecit
1614 2188 1713 2227 nos
1751 2170 2058 2240 justissima

481 2260 884 2331 dispensatione
929 2259 1137 2330 ﬂagella
1180 2262 1416 2327 sentire,
1475 2262 1617 2317 sciat
1642 2262 1798 2319 nobis
1839 2273 2061 2333 peccata

481 2358 663 2407 nostra
699 2390 715 2417 ,
765 2366 864 2422 pro
902 2352 1099 2421 quibus
1141 2350 1286 2421 juste
1337 2354 1406 2409 ab
1456 2368 1523 2408 eo
1555 2352 1923 2425 ﬂagellamur,
1971 2371 2062 2411 co-

480 2457 761 2510 gnoscere,
794 2448 850 2497 et
878 2442 933 2498 in
960 2442 1156 2512 quibus
1180 2444 1417 2510 maxime
1444 2444 1595 2499 illum
1642 2444 1982 2510 offendimus,
2005 2455 2062 2503 et

482 2533 617 2587 iram
653 2528 795 2589 illius
842 2534 1256 2605 provocavimus
1280 2573 1297 2600 ,
1350 2533 1689 2590 manifestius
1717 2535 2016 2607 intelligere
2044 2577 2058 2601 ,

482 2630 537 2675 ut
565 2631 719 2691 post,
741 2637 807 2679 eo
827 2622 1139 2690 miserante,
1178 2639 1345 2695 prava
1373 2625 1671 2681 deserendo
1701 2634 1757 2682 et
1786 2627 2063 2696 corrigen-

480 2712 569 2779 do,
605 2714 744 2769 bona
774 2713 938 2768 etiam
968 2715 1249 2781 sectando,
1282 2721 1338 2770 et
1362 2722 1472 2770 tota
1501 2731 1625 2772 cum
1656 2716 1943 2774 devotione
1965 2735 2063 2774 ex-

483 2806 784 2877 sequendo,
822 2806 1098 2862 valeamus
1117 2822 1216 2878 per
1242 2807 1494 2878 spiritum
1518 2807 1842 2865 humilitatis
1870 2820 1924 2866 et
1944 2811 2064 2866 ani-

482 2912 624 2952 mam
661 2897 949 2953 contritam
999 2896 1328 2953 sacrificium
1369 2898 1482 2955 Deo
1533 2899 1774 2955 debitum
1819 2901 2015 2958 offerre
2042 2943 2060 2969 ,

482 2992 726 3060 iramque
748 2988 892 3045 illius
920 2988 1306 3059 indignationis
1330 2990 1560 3045 evadere
1587 3030 1602 3055 ,
1631 2997 1689 3046 et
1713 3005 1811 3061 per
1845 2991 2061 3063 dignam

481 3093 882 3154 congruamque
936 3083 1330 3139 correctionem
1357 3123 1373 3149 ,
1424 3093 1481 3138 et
1515 3083 1781 3141 bonorum
1836 3100 2063 3155 operum

480 3175 865 3231 cxbibitioncm
894 3214 909 3241 ,
942 3176 1173 3247 gratiam
1199 3176 1316 3246 ejus
1341 3176 1741 3246 propitiationis
1770 3216 1787 3243 ,
1813 3176 1939 3233 licet
1976 3176 2060 3233 in-

485 3264 652 3334 digni,
704 3265 1027 3350 promereri.
1089 3265 1164 3320 At
1203 3266 1329 3336 quia
1367 3281 1466 3322 nos
1489 3264 1666 3338 magis
1688 3267 1742 3321 in
1786 3267 1890 3323 hoc
1944 3283 2067 3337 pec-

485 3365 637 3406 casse
666 3352 1068 3421 cognoscimus,
1102 3352 1396 3421 qui'forma
1434 3353 1628 3409 salutis
1658 3355 1910 3412 omnibus
1948 3372 2067 3413 esse

485 3442 790 3507 debuimus,
817 3449 871 3496 et
895 3442 1133 3496 omnium
1148 3456 1332 3496 curam
1357 3456 1564 3511 gerere,
1582 3452 1637 3499 et
1657 3459 1753 3514 per
1777 3447 2068 3502 auctorita-

487 3545 594 3588 tem
618 3533 951 3603 imperialem
1001 3549 1291 3604 pravorum
1317 3543 1461 3602 acta,
1514 3551 1585 3592 ne
1620 3545 1829 3593 tantum
1856 3552 2068 3595 accres-

483 3632 690 3689 cerent,
724 3623 1016 3695 corrigere,
1046 3626 1292 3694 cupimus
1320 3666 1335 3690 ,
1369 3626 1601 3683 Domino
1628 3628 1785 3684 nobis
1808 3629 2063 3699 propitio,

485 3717 537 3771 in
561 3725 848 3787 conspectu
873 3716 1086 3788 pietatis
1113 3716 1256 3772 illius
1283 3732 1380 3788 per
1396 3718 1614 3789 dignam
1634 3718 2065 3776 satisfactionem

488 3807 697 3862 veniam
734 3806 980 3878 adipisci,
1006 3814 1061 3861 et
1094 3822 1190 3877 per
1204 3807 1620 3864 saluberrimam
1647 3811 2064 3877 correctionem,

488 3898 571 3954 vel
596 3915 694 3970 per
706 3900 906 3955 bonum
931 3888 1192 3965 studium,
1216 3900 1358 3970 quod
1384 3909 1570 3955 nostra
1592 3902 1795 3957 desidia
1827 3912 1883 3958 et
1912 3904 2065 3975 igno-

488 3991 663 4045 rantia
724 3992 987 4046 hactenus
1018 3990 1323 4062 neglectum
1382 3998 1497 4055 est,
1535 3992 1784 4048 consultu
1827 3992 2064 4049 fidelium

488 4090 729 4151 tempore
763 4092 1086 4152 opportuno,
1116 4092 1378 4151 quantum
1404 4082 1457 4136 in
1483 4083 1638 4137 nobis
1661 4093 1766 4149 est,
1789 4085 2071 4143 studiosis-

488 4173 622 4229 sime
646 4173 957 4237 emendare,
1004 4181 1059 4228 et
1086 4182 1326 4229 nostram
1366 4174 1421 4228 in
1462 4175 1567 4229 hoc
1595 4175 1930 4231 voluntatem
1953 4192 2070 4231 om-

489 4261 647 4317 nibus
668 4260 1007 4316 manifestam
1024 4259 1201 4318 facere
1241 4261 1584 4333 Quapropter
1600 4263 1892 4321 statuimus
1908 4271 2071 4334 atque

491 4354 827 4410 decrevimus
852 4368 973 4409 cum
996 4353 1246 4411 consultu
1271 4355 1612 4412 sacerdotum
1642 4364 2073 4427 caaterorumque

493 4446 731 4501 fidelium
758 4454 1094 4513 nostrorum,
1126 4446 1288 4518 hujus
1311 4446 1389 4501 rei
1416 4446 1611 4516 gratia,
1643 4446 1715 4501 ob
1741 4446 2066 4517 placandum

493 4538 700 4594 scilicet
710 4545 896 4593 contra
914 4552 1011 4593 nos
1025 4537 1287 4607 nobisque
1299 4534 1570 4605 subjectos
1579 4537 1793 4593 Domini
1807 4535 2065 4602 furorem,

494 4636 788 4685 conventus
802 4643 930 4685 eoru
938 4627 1115 4684 mdem
1129 4628 1502 4698 episcoporum
1521 4626 1576 4682 in
1599 4636 1832 4698 quatuor
1855 4626 2068 4696 imperii

495 4718 665 4773 nostri
709 4719 842 4773 locis
864 4718 1351 4789 congruentissime
1375 4716 1514 4772 fieri.
1542 4716 1727 4772 Primo
1774 4716 1988 4772 scilicet
2013 4716 2070 4773 in

497 4808 918 4880 Moguntiacensi
960 4809 1092 4865 urbe
1118 4849 1133 4873 ,
1174 4808 1267 4863 ubi
1305 4808 1631 4862 conveniant
1678 4804 2067 4876 archiepiscopi

571 4962 703 5018 tEx
750 4960 1272 5032 prmfationehujus
1315 4959 1505 5032 synodi
1558 4958 1807 5032 quaedam
1864 4957 2069 5032 referre

496 5035 646 5106 juvat
672 5049 687 5087 :
721 5027 912 5108 (Cum
941 5029 1142 5100 liquido
1171 5027 1359 5108 pateat
1376 5027 1694 5108 Ecclesi’am,
1722 5043 1887 5108 quam
1916 5027 2071 5108 ﬁbri-

499 5098 637 5170 stus,
666 5104 759 5172 qui
781 5117 903 5172 eam
928 5098 1268 5172 suoproprio
1286 5100 1550 5172 sanguine
1577 5098 1826 5172 redemit,
1851 5098 2071 5172 suisque

498 5166 817 5230 ortb'odoxis
858 5166 1072 5227 famulis
1094 5166 1366 5225 Ludovico
1396 5166 1469 5222 'et
1514 5167 1773 5223 Lothario
1822 5166 2071 5236 gloriosis

500 5243 756 5315 Augustis
793 5242 1082 5315 regendam
1116 5240 1470 5315 tuendamque
1495 5235 1841 5315 committere
1860 5235 2070 5290 occulta

501 5305 1021 5387 suafdispensatione
1048 5311 1235 5387 voluit,
1272 5305 1608 5387 diversorum
1636 5305 1948 5387 morborum
1979 5320 2072 5376 ge-

504 5375 724 5441 neribus
760 5381 918 5446 allici,
948 5380 1192 5436 cladibus
1231 5376 1537 5434 multifariis
1568 5375 1794 5439 conteri,
1828 5375 2068 5446 divinum

502 5463 693 5509 contra
729 5468 790 5509 se
839 5443 1150 5506 mucronem
1191 5449 1415 5503 interius
1451 5446 1816 5517 exteriusque,
1862 5443 2069 5517 meritis

503 5523 866 5592 exigentibus,
895 5519 1472 5592 grassari,‘plagasque
1502 5532 1638 5592 quas
1665 5514 1925 5592 Dominus
1954 5514 2069 5569 suis

502 5585 666 5659 jussis
704 5585 924 5647 obedire
954 5585 1298 5652 nolentibus:
1327 5585 1423 5643 sed
1470 5585 1649 5659 potius
1680 5586 1747 5640 ad
1777 5585 1916 5639 mala
1951 5599 2072 5653 qua:

505 5656 676 5714 vetuit
713 5660 1015 5714 labentibus
1053 5659 1434 5714 interminatus
1469 5656 1574 5721 est,
1616 5656 1955 5711 incessanter
1978 5668 2073 5708 ex-

506 5728 703 5791 periri;
749 5728 906 5781 iidem
940 5728 1047 5783 Deo
1087 5728 1226 5797 pleni
1263 5728 1533 5797 principes
1561 5727 1773 5783 ccelitus
1800 5724 2066 5793 inspirati,

2163 1903 2308 1950 tores
2332 1893 2514 1964 populi
2541 1891 2822 1948 constituti
2864 1898 2994 1946 sunt
3042 1890 3305 1957 moribus,
3334 1891 3744 1945 conversatione

2159 1994 2214 2041 et
2243 1985 2454 2041 actibus
2482 1983 2712 2039 inveniri
2736 1982 2909 2053 possit
2929 1982 3072 2053 quod
3098 1981 3295 2036 divina:
3342 1980 3536 2052 regula:
3580 1989 3745 2051 atque

2159 2076 2469 2133 auctoritati
2499 2091 2605 2131 non
2632 2075 2922 2130 concordet
2950 2091 2965 2137 ;
2999 2072 3269 2144 simulque
3310 2072 3588 2126 inveniant
3612 2089 3736 2142 qua:

2159 2168 2472 2225 occasiones
2519 2167 2573 2220 in
2627 2172 2859 2235 utroque
2911 2164 3104 2219 ordine
3174 2164 3227 2218 id
3262 2162 3544 2218 effecerint
3602 2171 3661 2216 ut
3707 2178 3743 2215 a

2162 2267 2311 2314 recto
2336 2256 2553 2311 tramite
2583 2254 2859 2311 deviatum
2893 2255 2982 2309 sit.
3009 2253 3077 2308 Et
3097 2253 3359 2324 quidquid
3389 2253 3454 2307 de
3489 2252 3566 2307 his
3603 2267 3740 2305 can—

2161 2352 2237 2408 sis
2264 2351 2541 2406 inventum
2575 2347 2758 2415 fuerit,
2788 2355 2898 2401 tam
2928 2346 3113 2403 solerti
3139 2361 3274 2401 cura
3310 2344 3642 2400 custodiatur
3678 2354 3745 2397 ut

2163 2444 2467 2500 nullatenus
2490 2441 2555 2515 ad
2591 2440 2822 2499 aliormn
2851 2439 3100 2494 notitiam
3120 2438 3405 2509 pervenire
3427 2436 3747 2507 permittant

2161 2541 2288 2589 ante
2335 2542 2544 2603 tempus
2598 2531 2973 2586 constitutum.
3035 2528 3103 2583 Et
3154 2527 3277 2584 ideo
3314 2543 3450 2582 unus
3498 2525 3749 2581 notarius

2163 2626 2305 2682 inter
2325 2639 2511 2681 omnes
2541 2623 2771 2694 eligatur
2801 2621 2893 2695 qui
2917 2621 3059 2691 quod
3074 2621 3172 2691 ipsi
3208 2620 3513 2675 invenerint
3538 2618 3749 2673 descri-

2162 2719 2277 2782 bat,
2299 2722 2354 2771 et
2381 2716 2495 2786 ipse
2507 2714 2607 2769 sub
2623 2711 2934 2783 juramento
2956 2712 3285 2768 constrictus
3303 2727 3366 2765 ea
3388 2725 3505 2780 quas
3522 2711 3746 2765 inventa

2163 2813 2220 2860 et
2245 2802 2451 2879 digesta
2482 2801 2683 2858 fuerint
2707 2801 2994 2873 diligenter
3011 2801 3349 2871 ﬁdeliterque
3371 2808 3651 2855 conservet

2730 2911 3065 2969 EPISTOLA
3104 2911 3172 2967 X.

2164 3023 2398 3066 391860?!
2419 3023 2471 3063 IN
2500 3018 2526 3049 ιι
2550 3021 2752 3062 svsono
2780 3021 3077 3073 raalstssst
3112 3020 3254 3060 anno
3276 3004 3382 3060 829
3410 3019 3746 3061 concussa“

2304 3095 2373 3134 AD
2420 3091 2721 3133 ιυυονιεωι
2749 3092 2818 3131 ΕΤ
2857 3091 3172 3131 LOTIIABIUI
3210 3090 3599 3131 IMPERATOBES.
3690 3152 3697 3158 ι

2766 3165 2954 3240 (Anno
2992 3166 3147 3235 829.)

2167 3259 2345 3388 [Agud
2370 3260 2434 3316 D.
2469 3259 2769 3331 Bouquet.,
2814 3258 3031 3343 Recueil.
3049 3261 3138 3314 des
3176 3260 3324 3342 ἡξει..
3370 3270 3502 3314 tom.
3548 3259 3639 3322 Vi,
3675 3274 3750 3315 ex

2279 3332 2548 3388 irmondo.
2591 3339 2736 3387 tomo
2775 3329 2818 3385 fl
2869 3326 3068 3384 Cancri.
3101 3326 3312 3388 Gallus,
3356 3344 3479 3388 pag.
3521 3328 3673 3388 542.]

2279 3332 2548 3397 irmondo,
2591 3326 2736 3387 t'omo
2775 3329 2818 3385 Il
2869 3326 3068 3384 Concil.
3101 3326 3312 3396 Gallina,
3356 3344 3479 3401 pag.
3521 3328 3673 3403 542.]

2202 3438 2206 3447 ’
2238 3442 2480 3500 Dominis
2498 3442 2963 3515 prcestantissimis
2988 3449 3040 3498 et
3060 3442 3278 3512 pietatis
3297 3440 3465 3513 gratia
3484 3440 3752 3511 praeditis,

2168 3534 2440 3591 Ludovico
2468 3544 2522 3590 et
2546 3532 2805 3589 Lothario
2834 3532 3153 3589 ortbodoxis
3181 3540 3336 3602 atque
3370 3533 3753 3590 invictissimi:

2168 3629 2443 3702 Augustis.

2239 3721 2351 3777 Nos
2388 3719 2574 3775 famuli
2609 3719 2795 3784 vestri,
2840 3718 3088 3789 quamvis
3123 3717 3357 3790 indigni,
3400 3727 3576 3773 tamen
3620 3719 3752 3788 epi-

2170 3812 2340 3882 sc0pi,
2406 3812 2518 3867 Deo
2561 3809 2838 3865 humiliter
2893 3817 3074 3878 grates
3123 3809 3479 3880 persolvimus
3524 3807 3752 3879 ejusque

2171 3905 2490 3960 immensam
2543 3904 2805 3973 pietatem
2847 3909 2904 3958 et
2944 3902 3332 3969 benignitatem
3384 3901 3751 3959 collaudatus

2169 4001 2225 4049 et
2252 3994 2631 4063 praedicamus,
2674 3992 2765 4061 qui
2793 4006 2891 4048 vos
2926 3990 3062 4046 adeo
3092 3991 3144 4045 in
3178 3987 3260 4045 sui
3296 4006 3539 4047 amorem
3579 3991 3746 4046 devo-

2172 4083 2410 4138 tissimos
2458 4082 2685 4137 famulos
2716 4096 2842 4137 suos
2871 4080 3102 4152 flagrare
3133 4080 3282 4145 facit,
3323 4091 3385 4136 ut
3417 4082 3484 4136 de
3505 4078 3746 4151 profectu

2170 4184 2224 4229 et
2250 4174 2578 4229 exaltatione
2604 4180 2806 4229 sanctae.
2835 4187 2947 4226 suae
2980 4171 3235 4227 Ecclesia
3264 4171 3629 4227 indesinenter
3651 4185 3745 4225 eo-

2171 4266 2375 4337 gitetis,
2407 4278 2636 4333 eamque
2662 4271 2872 4333 utpote
2897 4256 3126 4316 matrem
3171 4262 3490 4330 spiritalem,
3518 4261 3656 4315 sicut
3676 4259 3745 4314 ἢν

2173 4355 2318 4411 delos
2345 4360 2401 4409 et
2438 4353 2618 4410 dilecti
2657 4351 2928 4422 spiritales
2954 4350 3073 4415 filii,
3111 4351 3179 4405 ad
3205 4350 3429 4407 meliora
3457 4359 3510 4406 et
3536 4349 3743 4420 potiora

2176 4457 2387 4515 semper
2406 4444 2701 4519 provehere
2726 4441 3006 4497 studeatis.
3025 4440 3162 4496 Nam
3182 4456 3305 4496 cum
3325 4455 3512 4497 mucro
3532 4439 3748 4495 divinus

2175 4542 2460 4612 imperium
2490 4539 2644 4594 vobis
2670 4535 2925 4593 divinitus
2959 4535 3307 4591 commissum
3350 4532 3572 4588 interius
3595 4542 3747 4586 este,

2178 4633 2414 4700 riusqne,
2444 4628 2639 4687 merito
2677 4636 2878 4682 nostra:
2904 4624 3203 4694 iniquitatis
3224 4662 3241 4687 ,
3268 4621 3577 4677 multifariis
3601 4629 3747 4677 aue-

2177 4736 2320 4782 reret
2350 4722 2607 4785 cladibus,
2633 4719 2926 4790 prudenter
2955 4716 3445 4770 animadvertentes
3465 4713 3606 4781 quod
3630 4712 3749 4767 hac

2177 4816 2390 4873 nonnisi
2414 4812 2562 4885 justo
2587 4809 2683 4866 Dei
2703 4808 2908 4879 judicio
2933 4805 3231 4870 evenirent,
3259 4803 3402 4858 illico
3427 4801 3644 4872 scriptis
3661 4815 3749 4857 se»

2178 4951 2423 5007 consulto
2459 4949 2527 5021 ad
2556 4946 2730 5021 Deum
2769 4944 2984 5016 dignam
3025 4941 3440 5021 conversionem.
3469 4938 3749 5021 judicare-

2179 5032 2305 5077 runt
2328 5036 2448 5075 esse
2469 5011 2880 5072 faciendam...'..
2904 5028 3092 5068 eorum
3116 5011 3293 5074 saluti,
3325 5011 3478 5076 juxta
3505 5011 3747 5062 ministe-

2179 5093 2318 5146 rium
2347 5089 2502 5144 nobis
2532 5087 2804 5157 collatum,
2836 5082 3115 5157 consulere
3140 5083 3463 5157 cupientes,
3496 5092 3640 5131 anno
3661 5077 3749 5157 in-

2177 5159 2507 5216 carnationis
2532 5155 2741 5211 Domini
2776 5148 3058 5216 ucccxxtx,
3087 5148 3360 5205 LudOvieo
3393 5148 3605 5217 filioque
3629 5148 3748 5213 ejus

2177 5231 2454 5293 Lothario,
2495 5228 2596 5281 sub
2619 5226 2707 5281 die
2737 5239 2831 5277 vm
2868 5222 3071 5293 Iduum;
3090 5219 3393 5283 Iuniarum,
3420 5231 3519 5272 nos
3540 5216 3745 5285 indigni

2175 5291 2533 5370 episcopi,’e§
2567 5294 2787 5370 dimcesi
2813 5292 3019 5370 scilicet
3046 5291 3482 5370 Duyocoyto‘vu‘m
3511 5300 3745 5370 necnon

2179 5347 2767 5424 é‘i'dideEEsi'scB‘dhiéa
2789 5372 2845 5418 et
2858 5347 3313 5428 r’l‘uronica'atqtie
3335 5347 3743 5428 Rotbomagica,

2178 5423 2677 5508 apndParisiorum
2724 5434 2910 5508 urbem
2937 5423 3287 5508 convenimus
3329 5435 3391 5508 et_
3425 5423 3652 5508 quali-ter
3676 5423 3746 5477 dc

2177 5496 2335 5577 paulo
2358 5506 2604 5577 superius
2623 5502 2915 5577 praemissis
2936 5500 3135 5577 causis,
3148 5497 3305 5577 juxta
3320 5496 3745 5577 admonitionem

2177 5568 2491 5632 earumdem
2520 5568 2844 5646 principum,
2884 5571 3152 5646 egerimus
3188 5568 3288 5646 vel
3313 5568 3742 5646 tractaverimus,

2180 5649 2231 5701 in
2290 5633 2742 5727 subsequcntibu's
2793 5633 3029 5697 breviter
3086 5636 3417 5710 capitulatim
3483 5633 3746 5687 adnotare

2178 5732 2500 5772 ευηνιιιηιδ.
2539 5735 2557 5768 ι
