4006 6178
367 271 390 322 1
402 271 506 323 5‘25

1704 236 1707 239 ’
1778 271 2157 341 erasmus,

3489 282 3628 353 ίόθὲἠὶ

362 388 613 443 renitatis
646 395 837 440 vestrae
863 400 1003 438 anno
1040 385 1312 453 prmterito
1349 392 1572 439 cunctos
1595 385 1942 440 ecclesiarum
1973 390 2014 447 Α
2049 400 2389 457 nequaquam
2422 397 2602 443 tamen
2632 388 2748 444 haec
2790 404 2912 458 qua:
2949 391 3254 461 specialiter
3288 395 3357 449 ad
3387 404 3627 475 vestram

359 489 609 552 pastores
636 477 1012 540 admonuistis,
1042 484 1100 529 ut
1128 477 1252 545 quia
1293 476 1579 531 constabat
1617 492 1712 531 eos
1751 491 1944 546 specu-

2049 492 2336 547 personam
2392 480 2861 550 ministeriumque
2914 482 3185 550 pertinere
3244 486 3630 559 cognovimus,

361 574 561 629 latores
594 572 806 633 Domini
846 571 1106 634 existere,
1147 578 1202 624 et
1228 570 1461 641 gladium
1493 571 1736 631 divinum
1780 586 1947 640 super
2046 568 2302 625 oblivioni
2346 570 2667 625 tradidimus
2696 572 2827 627 :sed
2854 572 3035 641 potius
3069 580 3263 627 vestra:
3299 562 3458 632 saluti
3495 592 3628 649 prof
3673 593 3680 600 -

359 676 581 729 terram,
612 664 666 719 id
694 673 778 719 est
813 679 976 733 super
999 672 1336 732 peccatores,
1376 664 1636 735 grassari,
1682 665 1944 718 memine-

356 757 467 812 rint
490 754 877 830 speculationis
896 770 1006 809 sua:
1023 762 1077 808 et
1096 751 1302 821 jejunio
1330 754 1582 809 triduano
1601 754 1669 808 ab
1693 754 1943 809 omnibus

355 848 685 918 generaliter
713 856 956 917 peracto,
988 846 1361 915 unusquisque
1396 846 1450 900 in
1485 847 1726 917 quolibet
1751 848 1941 904 ordine

356 938 587 1008 positus,
616 935 905 1006 diligenter
926 936 1312 995 conscientiam
1340 951 1496 991 suam
1523 938 1856 1003 conveniret,
1885 948 1941 994 et
1975 923 1985 933 ’

357 1029 448 1085 ubi
485 1043 544 1083 se
580 1027 750 1095 Deum
781 1026 1073 1081 offendisse
1117 1026 1478 1096 cognoscebat
1522 1036 1795 1083 maturato
1840 1044 1940 1098 per

355 1121 688 1190 put-nitentia).
731 1118 1153 1175 satisfactionem
1190 1112 1466 1188 corrigére
1517 1133 1623 1172 non
1671 1117 1931 1175 diﬁ‘errct.

356 1211 412 1265 In
438 1211 634 1281 quibus
680 1211 845 1265 etiam
871 1209 1115 1280 apicibus
1146 1208 1387 1263 inserere
1428 1208 1581 1263 vobis
1621 1208 1825 1279 placuit
1852 1218 1930 1276 ut,

354 1304 400 1360 si
437 1305 581 1359 Deus
621 1318 813 1374 pacem
841 1303 1078 1373 undique
1103 1309 1158 1357 et
1180 1303 1350 1357 otium
1378 1303 1529 1360 vobis
1565 1302 1847 1368 tribueret,
1877 1304 1931 1359 in

354 1400 458 1450 hoc
479 1393 734 1463 placitum
749 1402 987 1447 vestrum
1011 1391 1261 1463 generale
1274 1406 1592 1447 consumere
1607 1392 1928 1463 voluissetis,

353 1492 413 1538 ut
438 1483 671 1553 primum
701 1483 959 1553 quidquid
986 1483 1040 1537 in
1079 1483 1254 1550 vobis,
1307 1483 1359 1538 id
1393 1491 1478 1538 est
1525 1499 1579 1537 ιιι
1614 1498 1845 1553 persona
1875 1493 1930 1540 et

353 1578 655 1635 ministerio
672 1586 876 1643 vestro,
907 1578 1288 1649 corrigendum
1315 1578 1668 1644 inveniretur,
1699 1577 1928 1634 Domino

350 1668 645 1723 auxiliante
674 1668 1043 1740 corrigeretis.
1069 1667 1274 1723 Deinde
1301 1683 1633 1738 qumcunque
1661 1669 1718 1722 in
1747 1670 1925 1726 omni-

2044 662 2335 731 spicientes
2355 703 2371 727 ,
2404 662 2658 717 nonnulla
2688 664 2927 740 capitula
2964 665 3273 719 necessaria
3301 665 3358 735 in
3386 670 3628 738 secundo

2043 751 2202 821 hujus
2231 753 2410 823 operis
2441 751 2639 828 libello,
2673 754 2739 808 ad
2784 769 2980 809 nomen
3013 756 3480 829 ministeriumque
3500 775 3623 825 ves:

2043 852 2183 899 trum
2229 846 2587 917 pertinentia,
2630 849 3039 919 periculumque
3072 851 3405 919 cavendum,
3437 853 3624 932 solerti

2038 939 2218 994 studio
2263 941 2650 1011 congessimus,
2693 950 2747 996 et
2797 942 2949 997 vobis
2998 940 3342 999 familiariter
3380 947 3626 1009 admonie

2039 1029 2203 1084 tionis
2230 1030 2402 1101 gratia
2429 1031 2761 1119 porrigenda
2800 1031 3132 1099 devovimus,
3162 1040 3221 1087 ut
3247 1048 3310 1088 ea
3338 1034 3626 1106 diligenter

2035 1120 2370 1195 aspicienda,
2405 1120 2632 1191 legendo
2679 1128 2735 1176 et
2767 1119 3054 1187 audiendo,
3096 1129 3281 1192 aperte
3322 1132 3484 1194 atque
3511 1127 3625 1183 dis-

2035 1216 2201 1273 tincte
2252 1225 2437 1276 vestra
2462 1226 2755 1290 cognoscat
2799 1218 3080 1285 celsitudo,
3111 1216 3180 1273 de
3209 1217 3406 1288 quibus
3431 1225 3487 1273 et
3512 1232 3612 1288 pro

2033 1311 2228 1381 quibus
2255 1311 2308 1365 in
2334 1311 2650 1379 memoratis
2681 1312 3035 1373 conventibus
3070 1313 3294 1377 nostris,
3322 1313 3615 1369 secundum

2032 1400 2228 1455 virium
2263 1411 2572 1458 nostrarum
2599 1402 3012 1475 possibilitatem
3044 1401 3275 1458 ﬁdeliter
3295 1401 3617 1458 salubriter-

2031 1505 2135 1561 que
2182 1491 2470 1563 egerimus.
2518 1490 2730 1562 Abhinc
2770 1499 3072 1563 sequuntur
3114 1492 3359 1561 quaedam
3397 1506 3517 1562 qua:
3550 1506 3618 1565 es

2031 1580 2282 1651 capitulis
2302 1591 2599 1644 conventus
2626 1582 2798 1637 nostri
2818 1582 3056 1637 breviter
3080 1581 3468 1651 decerpsimus,
3497 1593 3617 1650 qua:

2029 1671 2095 1724 ad
2126 1679 2371 1725 nostram
2404 1679 2461 1725 et
2480 1670 2716 1727 ﬁdelium
2738 1681 3045 1727 vestrorum
3076 1670 3336 1733 laicorum
3360 1668 3619 1725 observa-

348 1758 449 1814 bus
477 1758 758 1829 ordinibus
793 1759 1003 1829 imperii
1032 1759 1197 1813 vestri
1242 1757 1351 1814 Deo
1375 1750 1722 1830 diSpliCerent
1750 1760 1928 1831 inqui—
1956 1754 2002 1813 Β
2033 1760 2234 1816 tionem
2266 1769 2321 1816 et
2359 1761 2587 1815 salutem
2620 1761 2982 1846 pertinentia,
3013 1762 3317 1816 necessaria
3348 1774 3469 1815 esse
3492 1773 3616 1829 per-

345 1849 561 1913 reretis,
595 1857 651 1905 et
677 1850 970 1917 secundum
1003 1847 1121 1918 ejus
1146 1851 1481 1906 voluntatem
1500 1865 1624 1905 cum
1657 1864 1928 1906 consensu

348 1941 582 1996 ﬁdelium
610 1952 914 2005 vestrorum
938 1942 1006 1996 ad
1035 1942 1310 2009 tramitem
1342 1942 1682 2014 rectitudinis
1705 1957 1929 2005 revoca-

342 2029 512 2096 retis;
552 2030 760 2093 scilicet
806 2038 867 2085 ut
890 2046 1013 2086 eum
1060 2030 1213 2086 vobis
1242 2032 1545 2101 populoque
1585 2032 1739 2088 vobis
1772 2046 1925 2091 com-

346 2121 515 2176 misso
538 2122 827 2191 propitium
846 2119 1119 2183 faceretis.
1146 2120 1253 2176 Sed
1274 2122 1399 2192 quia
1420 2122 1633 2192 témpus
1653 2130 1918 2191 optatum,

343 2214 703 2270 exterioribus
720 2214 1119 2268 incursionibus
1134 2213 1605 2283 prtepezlientibus,
1627 2214 1922 2269 secundum

342 2306 667 2361 desiderium
697 2315 933 2376 vestrum
961 2306 1104 2360 nacti
1129 2320 1234 2359 non
1265 2306 1420 2372 estis,
1452 2305 1607 2360 libuit
1639 2308 1922 2367 serenitati

343 2403 536 2451 vestrae
581 2409 703 2450 cum
755 2394 1075 2467 quibusdam
1111 2392 1356 2448 ﬁdelibus
1396 2395 1594 2453 vestris
1646 2397 1922 2469 praeterita

342 2490 521 2545 hieme
539 2487 798 2558 placitum
825 2487 1047 2553 habere,
1071 2494 1125 2540 et
1157 2486 1224 2541 de
1252 2485 1337 2539 bis
1359 2499 1479 2555 quae
1498 2478 1775 2555 praemissa
1798 2493 1924 2553 sunt

341 2581 632 2651 diligenter
670 2586 925 2645 tractare,
957 2577 1163 2646 Deique
1196 2562 1531 2632 voluntatem
1566 2590 1832 2644 quaerere,
1868 2584 1924 2632 et

340 2670 598 2727 Ecclesiae
624 2670 777 2725 vobis
807 2669 1109 2723 commissa:
1132 2667 1422 2737 utilitatem
1442 2666 1746 2736 providere.
1777 2666 1923 2735 Qua-

338 2770 561 2833 propter
585 2761 653 2815 de
676 2760 925 2829 omnibus
951 2774 1067 2828 quae
1098 2759 1164 2813 ad
1201 2766 1412 2827 tempus
1440 2741 1816 2821 emendatione
1839 2756 1920 2824 di-

339 2867 443 2922 gna
471 2852 586 2906 visa
627 2857 768 2914 sunt,
802 2862 1041 2923 congrua
1069 2845 1308 2917 capitula
1340 2845 1606 2913 serenitas
1635 2852 1818 2899 vestra
1845 2843 1909 2905 di-

284 2931 288 2934 j
338 2942 527 3012 gessit,
559 2939 872 3009 legatosque
895 2945 1147 2993 strenuos
1172 2935 1460 3007 delegavit,
1497 2943 1558 2989 ut
1593 2949 1692 3005 per
1727 2935 1919 3003 eadem

338 3029 577 3101 capitula
605 3038 662 3085 et
692 3028 891 3101 ﬂagitia
927 3028 1195 3090 malorum
1234 3026 1515 3082 hominum
1547 3026 1823 3096 punirent,
1862 3034 1920 3079 et

335 3122 605 3177 bonorum
634 3120 846 3187 laudem
875 3127 1071 3175 vestrm
1099 3118 1404 3174 celsitudini
1433 3125 1794 3185 notescerent.
1834 3114 1921 3185 ln-

337 3222 422 3270 ter
440 3228 561 3283 quae
590 3212 756 3279 etiam
778 3210 1067 3275 statuistis,
1095 3209 1151 3275 in
1176 3217 1410 3280 quatuor
1433 3205 1679 3278 partibus
1705 3204 1917 3276 imperii

335 3306 503 3361 vestri
532 3302 832 3375 conventus
872 3303 1254 3373 episcoporum
1296 3316 1405 3357 uno
1433 3301 1735 3369 eodemque
1781 3307 1920 3365 tem-

336 3413 469 3470 pore
500 3398 637 3468 ﬁeri,
676 3397 728 3466 in
757 3397 954 3467 quibus
1003 3401 1317 3467 tractarent,
1366 3400 1706 3464 qutererent,
1758 3400 1919 3460 atque

334 3503 459 3544 cum
487 3486 579 3558 Dei
603 3483 871 3563 adiutorio
896 3485 1202 3540 invenirent
1221 3483 1287 3552 de
1312 3483 1493 3538 causis
1513 3482 1580 3537 ad
1602 3480 1916 3567 religionem

334 3579 723 3645 Christianam,
767 3589 1065 3646 eorumque
1107 3590 1295 3631 curam
1335 3573 1755 3644 pertinentibus,
1787 3572 1915 3640 quid

333 3685 365 3726 a
402 3669 738 3741 principibus
775 3674 830 3720 et
870 3666 1078 3735 reliquo
1123 3664 1323 3734 populo
1356 3664 1441 3718 vel
1483 3664 1589 3728 ita,
1644 3670 1706 3715 ut
1734 3656 1916 3714 divina

334 3744 629 3832 auctoritas
650 3759 827 3824 docet,
856 3767 948 3811 aut
976 3744 1135 3808 aliter
1163 3760 1440 3808 teneretur
1470 3768 1484 3805 :
1516 3750 1601 3806 vel
1626 3750 1756 3820 quid
1783 3749 1911 3803 inde

332 3865 399 3920 ex
412 3858 587 3919 parte,
615 3856 710 3902 aut
736 3860 802 3903 ex
820 3854 931 3909 toto
943 3844 1225 3913 dimissum
1251 3851 1416 3907 esset,
1444 3848 1503 3896 ut
1528 3855 1631 3895 non
1648 3848 1913 3909 teneatur.

333 3924 538 4010 Deinde
567 3939 696 4010 quid
727 3939 782 3993 in
810 3940 1076 4009 ipsorum,
1109 3936 1200 4007 qui
1231 3943 1480 4005 pastores
1501 3932 1684 4011 populi
1713 3931 1916 3987 consti-

335 4033 437 4097 tuti
463 4038 608 4101 sunt,
638 4028 900 4098 moribus,
930 4025 1342 4097 conversatione
1364 4034 1421 4081 et
1441 4016 1652 4089 actibus
1680 4022 1913 4103 inveniri

331 4131 538 4195 posset,
594 4123 739 4192 quod
785 4121 981 4175 divina:
1006 4118 1206 4190 regulae
1249 4125 1412 4188 atque
1460 4112 1770 4172 auctoritati
1806 4128 1912 4169 non

331 4210 686 4279 concordaret
715 4226 728 4263 :
762 4209 1031 4279 simulque
1059 4209 1415 4276 inveniretur,
1444 4222 1566 4278 quae
1598 4205 1915 4260 occasiones

333 4304 388 4373 in
433 4312 664 4373 utroque
691 4300 880 4357 ordine
920 4300 976 4355 id
1006 4298 1317 4374 eﬁ‘ccerint,
1349 4307 1410 4364 ut
1442 4314 1473 4369 a
1517 4304 1667 4353 recto
1694 4294 1914 4350 tramite

331 4395 680 4464 deviassent;
728 4401 783 4448 et
824 4392 1081 4463 quidquid
1131 4392 1197 4448 de
1235 4391 1322 4446 his
1365 4391 1642 4457 inventum
1695 4386 1907 4451 fuisset,

330 4498 525 4551 vestra:
551 4486 857 4545 celsitudini
905 4495 1089 4541 notum
1143 4484 1403 4541 facerent.
1459 4483 1645 4553 Quod,
1685 4489 1744 4553 ut
1772 4484 1913 4539 Deus

333 4592 492 4646 posse
538 4576 717 4642 dedit,
762 4592 863 4631 nos
901 4576 1203 4632 ﬁdelissimi
1248 4592 1312 4631 ac
1341 4575 1671 4647 devotissimi
1724 4574 1914 4646 salutis

330 4676 526 4722 vestra:
547 4676 949 4743 procuratores,
968 4666 1122 4736 juxta
1145 4666 1470 4737 parvitatem
1500 4680 1692 4721 sensus
1718 4664 1911 4731 nostri,

329 4769 493 4832 prout
511 4760 750 4821 brevitas
772 4761 1030 4830 temporis
1056 4760 1321 4831 permisit,
1346 4760 1640 4831 secundum
1665 4769 1911 4832 sanctam

330 4853 672 4909 devotionem
702 4859 757 4906 et
792 4853 1186 4908 ordinationem
1214 4862 1447 4908 vestram
1467 4894 1482 4918 ,
1530 4854 1597 4908 de
1624 4854 1805 4909 causis
1842 4853 1913 4911 ad

270 4942 279 4947 ’
328 4945 644 5015 religionem
673 4944 1038 5006 Christianam
1066 4953 1421 5014 nostrumque
1448 4945 1803 5005 ministerium
1829 4958 1911 5001 at-

330 5050 435 5104 que
472 5036 769 5105 periculum
797 5036 1214 5107 pertinentibus,
1244 5051 1345 5091 nec
1368 5051 1474 5090 non
1500 5044 1556 5091 et
1589 5036 1656 5092 de
1682 5035 1767 5093 his
1789 5050 1910 5107 qua

331 5125 401 5180 ad
437 5134 680 5180 nostram
730 5127 1127 5183 correctionem
1162 5137 1219 5183 et
1259 5127 1690 5183 emendationem
1741 5128 1910 5199 perti-

328 5231 461 5272 nere
483 5218 886 5287 perspeximus,
927 5220 1042 5285 sive
1067 5220 1134 5275 de
1175 5221 1261 5278 his
1290 5235 1409 5290 quae
1436 5221 1647 5291 populis
1675 5236 1907 5293 genera-

326 5306 454 5364 liter
495 5308 866 5380 annuntianda
895 5316 952 5364 et
983 5310 1320 5367 admouenda
1354 5312 1721 5382 praevidimus,
1760 5311 1909 5382 capio

327 5398 542 5458 tu'latim
614 5399 669 5456 in
733 5400 1167 5470 praecedentibus
1233 5402 1611 5472 adnotavimus
1665 5402 1862 5458 libellis
1888 5443 1905 5470 ,

326 5498 632 5561 vestraeque
672 5492 949 5563 serenitati
978 5492 1235 5562 legenda,
1267 5494 1376 5548 imo
1402 5494 1680 5564 probanda
1713 5492 1911 5548 obtuli-

330 5599 467 5639 mus.
492 5584 560 5638 Et
581 5599 887 5654 quanquam
910 5585 975 5639 de
1001 5585 1088 5638 his
1110 5600 1229 5653 qua:
1253 5585 1532 5655 praamissa
1555 5593 1702 5650 sunt,
1727 5593 1910 5640 vestro

326 5674 707 5731 ardentissimo
740 5674 1009 5731 desiderio
1036 5674 1186 5741 prius
1224 5673 1538 5730 satisfacere
1562 5674 1905 5747 elegerimus,

2027 1851 2324 1920 speximus.
2357 1851 2561 1907 Dehinc
2605 1840 2909 1922 sequuntur
2935 1850 3037 1906 alia
3064 1866 3184 1921 quae
3208 1860 3403 1906 vestra:
3426 1840 3616 1920 pietati

2025 1942 2363 2022 depascenda
2392 1942 2548 2007 valde
2575 1942 2810 1998 salubria
2840 1958 2961 2000 esse
2980 1939 3362 2017 indicavimus.

2587 2052 2916 2126 EPISTOLA
2956 2052 3044 2127 xi.

2095 2138 2341 2190 ιυυονιοι
2380 2141 2448 2178 ΑΙ)
2476 2139 2744 2180 Αιυιιιεωι
2775 2140 3067 2199 ΕΡΙδΩΟΡῌᾏ
3097 2139 3537 2182 (ΞΕΝΟΙΙΑΝΕΝΞΙ.

2167 2223 2246 2291 De
2266 2224 2581 2297 quibusdam
2610 2226 2764 2280 rebus
2795 2226 3043 2281 alienatis
3074 2226 3189 2300 ejus
3217 2226 3468 2282 ecclesia.

2629 2317 2805 2390 (Anno
2848 2318 2999 2391 855.)

2273 2403 2507 2477 [Baluz.,
2536 2405 2630 2461 lib.
2669 2424 2729 2473 tu
2759 2405 2983 2469 Misce".
3005 2446 3019 2472 ,
3063 2421 3185 2477 pag.
3213 2403 3359 2478 165.]

2091 2495 2150 2565 in
2183 2496 2401 2565 nomine
2439 2495 2651 2567 Domini
2683 2498 2779 2553 Dei
2816 2506 2872 2553 et
2913 2494 3216 2567 Salvatoris
3262 2497 3434 2553 nostri
3477 2495 3606 2556 Iesu

2023 2584 2248 2655 Christi,
2286 2585 2610 2655 Ludovicus,
2659 2589 2838 2644 divina
2867 2589 3254 2660 repropitiante
3294 2588 3604 2654 clementia,

2023 2690 2317 2759 imperator
2353 2689 2648 2763 Augustus,
2694 2688 2914 2761 Alarico
2957 2689 3253 2759 venerabili
3275 2690 3529 2761 episcopo
3553 2699 3609 2747 et

2021 2778 2165 2849 ﬁdeli
2194 2787 2381 2835 nostro
2409 2780 2659 2835 salutem.

2091 2870 2313 2936 Noverit
2356 2879 2446 2926 tua
2497 2871 2763 2943 industria
2807 2870 2935 2949 quia
2964 2870 3166 2935 missus
3208 2878 3330 2928 tuus
3359 2881 3604 2945 nostram

2020 2962 2154 3025 adiit
2189 2961 2531 3032 praesentiam
2580 2960 2925 3033 innotescens
2951 2962 3096 3032 quod
3137 2962 3358 3032 quidam
3389 2960 3605 3038 vassalli

2023 3054 2215 3121 nostri,
2240 3051 2646 3120 Ghermundus,
2677 3050 2993 3119 Vulfardus,
3024 3051 3358 3118 Berchadus,
3381 3053 3530 3109 Bodo
3552 3065 3609 3117 et

2026 3143 2207 3199 socius
2236 3157 2384 3211 suus,
2412 3140 2676 3199 beneﬁcia
2703 3157 2772 3198 ex
2809 3151 2900 3208 tuo
2922 3142 3199 3216 episcopio
3228 3144 3450 3219 habent,
3488 3160 3607 3215 quae

2024 3235 2152 3290 olim
2201 3249 2299 3306 per
2338 3235 2615 3311 precarias
2663 3233 2788 3292 inde
2827 3223 3060 3290 alienata
3114 3224 3353 3290 luerunt.
3396 3234 3512 3303 Qua
3542 3237 3608 3294 de

2027 3341 2086 3381 re
2112 3313 2361 3393 volumus
2411 3332 2470 3392 ut
2474 3332 2549 3404 .tu
2587 3332 2774 3392 nostra
2805 3324 3130 3381 auctoritate
3178 3325 3410 3395 recipias
3439 3339 3609 3395 usque

2024 3417 2093 3472 ad
2123 3424 2364 3484 nostram
2391 3417 2756 3488 praesentiam,
2802 3424 2859 3483 et
2892 3415 2959 3482 de
2986 3423 3174 3470 nostra
3204 3413 3461 3470 ﬁdelitate
3495 3428 3608 3469 ma-

2024 3522 2183 3578 gnam
2213 3523 2400 3563 curam
2426 3523 2639 3578 semper
2662 3507 2903 3579 habeas;
2937 3506 3079 3578 sicut
3119 3505 3384 3571 hactenus
3415 3513 3468 3559 te
3511 3504 3610 3565 ha:-

2021 3603 2151 3656 bere
2178 3600 2550 3673 cognovimus.
2584 3598 2721 3654 Nam
2759 3607 3091 3663 memoratus
3119 3598 3317 3652 missus
3346 3605 3473 3651 tuus
3510 3612 3608 3659 no:-

2022 3701 2197 3747 stram
2233 3693 2556 3762 deprecatus
2585 3703 2667 3749 est
2708 3694 2967 3770 pietatem
2997 3700 3056 3761 ut
3093 3691 3328 3762 aliquem
3377 3691 3605 3767 missum

2022 3781 2116 3837 tibi
2171 3774 2479 3839 dederimus
2520 3783 2612 3854 qui
2658 3784 2942 3855 praedictas
2986 3798 3075 3845 res
3116 3783 3213 3861 tibi
3248 3782 3607 3853 Ecclesiazque

2022 3875 2117 3947 tibi
2147 3877 2450 3932 commissaa
2476 3877 2820 3955 consignaret
2839 3919 2854 3944 ,
2876 3887 2933 3935 et
2964 3879 3283 3934 vestituram
3308 3877 3603 3953 legitimam

2020 3965 2241 4022 faceret.
2267 3967 2383 4036 Qua
2404 3970 2485 4024 .de
2520 3984 2578 4023 re
2612 3967 2968 4026 Helisacharo
2997 3969 3163 4039 misso
3194 3978 3380 4023 nostro
3410 3968 3604 4037 praeci¢

2016 4059 2196 4131 pimus
2238 4068 2299 4116 ut
2342 4062 2408 4117 de
2453 4062 2782 4132 supradictis
2827 4060 3106 4134 beneﬁciis
3149 4060 3242 4132 tibi
3286 4059 3603 4134 vestituram

2019 4136 2200 4223 iaciat,
2227 4153 2444 4223 quando
2479 4151 2600 4223 illas
2627 4152 2684 4226 in
2711 4160 2896 4223 partes
2921 4167 2953 4226 ξι
2980 4151 3136 4206 nobis
3159 4150 3397 4221 directus
3416 4147 3602 4223 fuerit,

2019 4241 2280 4309 Volumus
2310 4244 2477 4307 etiam
2502 4252 2564 4298 ut
2590 4224 2753 4314 quam
2782 4224 2946 4299 citius
2968 4240 3175 4314 poteris
3203 4241 3426 4296 missum
3457 4248 3602 4303 tuum

2016 4337 2155 4394 bene
2196 4336 2408 4393 ﬁdelem
2446 4337 2515 4393 ad
2560 4351 2660 4392 nos
2698 4336 2920 4408 dirigas,
2957 4334 3047 4409 qui
3090 4349 3189 4391 nos
3220 4342 3401 4403 certos
3441 4330 3600 4399 faciat

1937 4454 1991 4515 Ι)
2021 4430 2254 4502 qualiter
2294 4445 2423 4506 erga
2461 4444 2559 4484 vos
2585 4436 2641 4483 et
2689 4427 2927 4497 reliquos
2965 4422 3152 4481 ﬁdeles
3186 4432 3399 4482 nostros
3445 4422 3604 4515 modo

2015 4531 2230 4595 agatur,
2283 4530 2342 4578 et
2391 4521 2521 4592 quid
2573 4521 2639 4577 de
2681 4519 2787 4581 illis
2824 4519 3006 4575 causis
3039 4519 3240 4589 factum
3286 4531 3409 4587 quae
3452 4513 3603 4588 vobiq

2017 4627 2176 4688 agere
2199 4613 2578 4697 praecepimus.
2620 4611 2766 4667 Bene
2793 4609 2912 4674 vale
2936 4617 2991 4679 et
3012 4624 3107 4664 ora
3134 4622 3235 4679 pro
3256 4606 3430 4673 nobis.

2566 4722 2907 4785 EPISTOLA
2942 4721 3057 4793 xu.

2131 4834 2379 4889 LUDQVICI
2417 4835 2486 4876 ΔΙ)
2521 4832 2820 4875 ιιιιυυιιιυι
2859 4828 3105 4872 ΔΒΒΔἸῈΗ
3141 4828 3188 4870 8.
3230 4825 3480 4868 NONVS".

2016 4912 2425 4995 "velitisne"
2456 4912 2512 4966 εκ
2546 4924 2930 4995 υηνηξρονρυεε
2958 4909 3024 4964 iis
3054 4897 3173 4989 ηξιαε
3211 4903 3598 4995 ἱηέίξίξοίέἴὲἔη

2083 4982 2317 5041 historiis
2355 4983 2422 5038 de
2449 4992 2633 5053 sancto
2673 4982 2928 5052 Dionysio
2967 4982 3164 5051 passim
3210 4984 3409 5046 scripta
3450 4989 3597 5044 rape:

2085 5064 2245 5108 rerat.

2615 5141 2790 5218 (Anno
2844 5139 2994 5213 835.)

2009 5238 2193 5310 [Apud
2218 5239 2283 5294 D.
2306 5238 2597 5310 Bouquet.,
2621 5202 2793 5310 ibid“
2824 5202 3181 5310 (ειῂδριῇοήαὰ
3208 5230 3351 5304 diem
3373 5228 3409 5285 9
3430 5226 3597 5299 ﬂeto:

2446 5301 2460 5323 ⁷
2536 5301 2697 5373 bris,
2735 5321 2858 5376 pag.
2889 5301 3039 5376 7l6.]

2082 5401 2142 5454 In
2185 5398 2407 5454 nomine
2436 5396 2649 5452 Domini
2679 5396 2775 5451 Dei
2822 5403 2878 5461 et
2927 5393 3227 5456 Salvatoris
3264 5389 3437 5446 nostri
3462 5388 3593 5449 Jesu

2011 5490 2233 5557 Christi,
2286 5489 2616 5555 Ludovicus,
2643 5488 2825 5545 divina
2848 5474 3237 5557 reprupitiante
3282 5482 3591 5564 clementia,

2013 5582 2306 5652 imperator
2332 5580 2627 5651 Augustus,
2651 5578 2907 5634 llilduino
2940 5575 3236 5631 venerabili
3267 5575 3453 5641 abbati
3476 5588 3591 5639 mo,-

2013 5671 2237 5743 nasterii
2268 5670 2738 5741 sanctissimorum
2791 5675 3090 5739 martyrum
3144 5679 3207 5739 ac
3272 5663 3587 5750 speciaiiuttt
