4048 6182
368 272 517 340 ﬁl?

1518 267 1837 328 LUDOV'ICI
1867 264 1895 321 ~l
1934 262 2405 321 COGNOME'NTO
2442 264 2526 321 PII

3507 263 3646 321 1528

375 404 744 467 protectorum
807 387 1047 458 Dionysii
1092 384 1317 456 pretiosi
1379 396 1763 451 sociorumque
1819 391 1957 449 ejus,
1986 378 2037 436 Α
2067 389 2188 430 men
2210 375 2273 431 in
2292 376 2552 431 humana:
2578 376 2855 467 varietatis
2880 384 3099 467 eventu,
3127 392 3236 447 quo
3258 376 3379 443 Dei,
3406 387 3467 434 ut
3504 394 3652 436 senio

376 499 636 546 :eternam
669 484 722 539 in
752 480 971 537 Christo
1001 477 1251 533 salutem.

446 579 716 647 Quantum
753 570 997 628 muneris
1024 585 1088 624 ac
1122 568 1360 639 praesidii
1390 583 1498 621 non
1525 566 1685 621 modo
1713 563 1871 621 nobis
1899 578 1963 618 ac

376 662 871 739 praadeccssoribus
905 676 999 717 seu
1021 659 1480 730 progenitoribus
1519 658 1741 720 nostris,
1772 669 1962 710 verum

377 760 541 815 etiam
595 756 761 811 totius
798 752 1006 822 imperii
1046 751 1217 806 nostri
1256 749 1495 820 populis,
1528 746 1759 803 Domini
1785 745 1965 819 provi-

378 848 559 904 dentia
613 860 711 917 per
769 841 1144 898 beatissimum
1192 839 1504 911 Dionysium
1552 850 1961 907 smpenumero,

380 942 488 996 imo
528 938 785 994 continue
808 935 863 989 in
900 933 1109 1001 magnis
1129 932 1431 1002 gratiarum
1460 929 1804 986 ubertatibus
1830 943 1964 983 con-

382 1031 584 1097 tulerit,
616 1039 833 1084 cunctte.
860 1043 956 1098 per
977 1033 1250 1090 transacta
1286 1032 1533 1092 tempora
1562 1020 1783 1077 Gallica:
1804 1034 1967 1090 gene-

382 1124 949 1181 rationes'senserunt,
980 1122 1101 1186 qua:
1130 1114 1248 1183 ejus
1284 1112 1485 1184 insigni
1510 1109 1818 1181 apostolatu
1842 1107 1966 1164 fidei

387 1214 692 1271 rudimenta
723 1216 1093 1280 sumpserunt,
1124 1215 1180 1261 et
1208 1204 1401 1261 salutis
1429 1202 1669 1259 subsidia
1710 1213 1967 1271 percepe-

383 1311 529 1358 runt.
585 1298 1020 1355 Praedecessores
1071 1302 1253 1349 autem
1306 1292 1480 1349 nostri
1524 1291 1753 1363 gloriam
1807 1287 1968 1358 hujus

381 1391 568 1450 eximii
587 1390 741 1447 testis
761 1396 817 1445 et
835 1387 995 1443 amici
1017 1386 1112 1441 Dei
1137 1400 1243 1439 non
1274 1385 1513 1439 inaniter
1542 1382 1848 1448 coluerunt,
1873 1381 1966 1452 qui

383 1485 510 1541 dum
540 1482 657 1552 ejus
689 1495 874 1536 sacras
900 1477 1123 1533 exuvias
1155 1476 1207 1530 in
1240 1475 1405 1529 terris
1434 1473 1505 1528 ob
1529 1488 1767 1528 amorem
1793 1481 1848 1527 et
1873 1473 1969 1528 ho-

384 1589 574 1632 notem
622 1570 835 1628 Domini
888 1568 1063 1624 nostri
1092 1565 1219 1621 Jesu
1247 1564 1453 1620 Christi
1505 1564 1718 1634 opibus,
1772 1563 1969 1632 quibus

384 1672 654 1737 poterant,
686 1663 1110 1723 honoraverunt,
1141 1672 1237 1726 per
1261 1655 1379 1725 ejus
1406 1669 1597 1725 preces
1619 1654 1968 1724 dignissimas

2065 479 2164 535 per
2191 465 2468 521 fatendum
2496 473 2601 529 est,
2620 464 2778 535 .justo
2796 464 3019 535 judicio,
3059 467 3113 523 in
3140 469 3292 538 virga
3326 470 3653 529 eruditionis

2064 569 2177 610 stne
2208 553 2437 620 visitati,
2471 562 2527 608 et
2557 553 2750 608 baculo
2789 555 3048 623 speciosae
3065 556 3463 613 misericordiae
3511 557 3651 627 eius,

2066 653 2195 699 ante
2212 645 2595 715 praescriptum
2627 644 2801 700 altare
2821 661 2921 715 per
2958 647 3149 702 merita
3180 656 3236 703 et
3261 649 3512 705 solatium
3549 653 3651 708 do-

2066 735 2197 791 mini
2226 752 2290 792 ac
2318 737 2547 806 piissimi
2578 728 2759 793 Patris
2782 737 2953 793 nostri
2980 730 3246 810 Dionysii,
3288 741 3492 798 virtute
3515 745 3653 799 divi-

2067 842 2134 880 na
2155 826 2460 881 recreatiel
2475 827 2709 882 restituti
2731 843 2919 882 sumus
2946 827 3071 899 (An.
3094 828 3242 898 854),
3271 830 3651 904 cingulumque

2067 918 2302 974 militare
2347 916 2555 987 judicio
2608 928 2771 989 atque
2826 921 3150 977 auctoritate
3217 923 3513 996 episcopali
3567 943 3655 984 re-

2067 1010 2419 1082 sumpsimus,
2464 1021 2521 1066 et
2574 1028 2745 1083 usque
2793 1013 2862 1067 ad
2898 1029 3140 1084 praesens
3187 1016 3360 1087 ipsius
3406 1021 3656 1091 gratioso

2068 1094 2337 1170 adjutorio
2384 1112 2776 1159 sustentamur.
2808 1104 3039 1171 Idcirco,
3092 1109 3419 1164 venerabilis
3472 1120 3657 1167 custos

2070 1205 2135 1245 ac
2159 1190 2334 1245 cultor
2361 1190 2533 1263 ipsius
2554 1193 2853 1263 provisoris
2881 1202 2937 1250 et
2964 1194 3232 1266 adjutoris
3252 1199 3425 1254 nostri
3450 1201 3655 1257 domini

2067 1280 2332 1354 Dionysii,
2358 1298 2583 1339 monere
2612 1292 2665 1339 te
2689 1285 2935 1340 volumus
2961 1294 3021 1340 ut
3041 1287 3302 1358 quidquid
3327 1290 3394 1345 de
3418 1289 3535 1358 ejus
3555 1308 3654 1347 no—

2070 1372 2190 1426 titia
2238 1387 2305 1426 ex
2358 1371 2674 1429 Graecorum
2712 1375 2956 1431 historiis
3000 1392 3098 1446 per
3149 1378 3651 1450 interpretationem

2071 1473 2344 1534 sumptum
2392 1463 2476 1520 vel
2508 1465 2651 1535 quod
2696 1481 2763 1521 ex
2812 1455 2966 1521 libris
2992 1467 3061 1521 ab
3100 1484 3166 1523 eo
3190 1473 3370 1539 patrio
3405 1488 3655 1531 sermone

2070 1556 2418 1629 conscriptis,
2448 1568 2503 1614 et
2537 1561 2880 1615 auctoritatis
2928 1564 3412 1632 nostmejussioue,
3463 1583 3529 1623 ac
3564 1578 3657 1623 tuo

2072 1647 2253 1718 sagaci
2306 1649 2508 1715 studio,
2559 1650 3024 1723 interpretumquc
3066 1656 3261 1711 sudore
3313 1657 3366 1711 in
3410 1667 3654 1714 nostram

385 1753 608 1812 honoris
633 1750 914 1825 privilegio
944 1747 1103 1820 potiri
1130 1755 1186 1803 et
1220 1747 1277 1802 in
1312 1746 1547 1802 terrenis
1568 1754 1623 1801 et
1654 1745 1708 1799 in
1739 1744 1972 1800 emlesti-
1999 1747 2045 1806 Β
2074 1741 2311 1812 linguam
2341 1742 2646 1813 explicatis,
2678 1745 2806 1799 huic
2844 1747 3061 1818 negotio
3112 1749 3277 1804 inseri
3326 1749 3493 1806 fuerit
3509 1766 3654 1809 cons

388 1846 492 1902 bus
522 1849 860 1908 meruerunt,
890 1849 948 1896 ut
971 1837 1225 1894 videlicet
1253 1850 1393 1891 unus
1417 1851 1486 1890 ex
1512 1835 1711 1907 priscis
1732 1833 1971 1889 Franco-

390 1952 510 1993 rum
557 1935 798 2005 regibus,
838 1930 1190 2003 Dagobertus,
1234 1929 1327 1998 qui
1354 1930 1603 1984 eumdem
1637 1924 1968 1999 pretiosissi-

393 2041 542 2083 mum
575 2022 776 2079 Christi
821 2029 1115 2091 martyrem
1147 2024 1437 2074 veneratus
1484 2033 1590 2072 non
1628 2015 1976 2072 mediocriter

392 2117 595 2183 fuerat,
620 2123 677 2171 et
712 2115 767 2170 in
795 2111 1011 2170 mortali
1035 2118 1117 2167 est
1150 2110 1262 2165 vita
1289 2108 1636 2174 sublimatus,
1656 2114 1715 2163 et
1737 2121 1839 2179 per
1858 2104 1977 2175 ejus

394 2207 744 2279 adiutorium,
786 2206 927 2260 sicut
953 2202 1133 2257 divina
1163 2216 1229 2256 ac
1262 2199 1494 2255 celebris
1520 2211 1545 2239 ι
1580 2198 1822 2254 ostensio
1850 2211 1975 2266 per-

394 2301 572 2365 hibet,
594 2315 623 2353 a
653 2295 830 2369 pinnis
850 2301 935 2350 est
961 2292 1243 2356 liberatus,
1270 2291 1435 2360 inque
1455 2289 1564 2343 vita
1588 2287 1816 2359 perenni
1837 2285 1980 2342 desi-

398 2390 716 2449 derabiliter
740 2385 1093 2443 constitutus.
1128 2380 1511 2453 Progenitores
1552 2393 1765 2450 quoque
1806 2378 1978 2433 nostri

397 2481 713 2537 mellillunm
756 2482 954 2533 nomen
984 2460 1457 2543 dominiDionysii
1482 2472 1584 2542 (sic
1612 2471 1756 2526 enim
1795 2469 1979 2525 verbis

397 2587 460 2628 ac
508 2569 727 2641 scriptis
755 2556 868 2624 suis
913 2581 1037 2621 eum
1074 2563 1346 2636 appellare
1373 2560 1726 2634 consuevere)
1757 2577 1865 2617 non
1884 2554 1977 2615 ﬂin-

2076 1849 2291 1906 gruum,
2315 1837 2565 1908 quodque
2586 1838 2750 1893 etiam
2779 1838 2831 1894 in
2858 1838 3068 1896 Latinis
3086 1842 3367 1898 codicibus
3391 1843 3507 1910 jam
3533 1845 3657 1901 inde

2077 1924 2245 1980 babes
2276 1926 2578 1993 inventum,
2612 1928 2882 2000 adjunctis
2929 1932 3008 1986 eis
3048 1948 3170 2001 qua:
3202 1933 3256 1988 in
3304 1934 3495 1990 libello
3532 1934 3659 2005 ejus

2077 2017 2344 2086 passionis
2389 2019 2717 2085 continetur,
2755 2036 2858 2077 nec
2900 2037 3006 2077 non
3033 2029 3088 2076 et
3127 2022 3232 2078 illis
3256 2040 3378 2094 qua:
3408 2026 3462 2080 in
3495 2028 3659 2083 tomis

2078 2108 2163 2164 vel
2190 2110 2397 2165 chartis
2416 2111 2800 2168 vetustissimis
2821 2114 3043 2169 armari‘i
3074 2114 3363 2172 Parisiacae
3388 2118 3653 2183 ecclesiae,

2078 2216 2250 2259 sacrm
2288 2202 2541 2260 videlicet
2568 2206 2718 2262 sedis
2740 2222 2875 2270 suae,
2900 2207 3128 2278 prolatis
3151 2208 3456 2277 iuvenci-as,
3486 2219 3542 2266 et
3559 2211 3659 2268 ob.»

2079 2294 2285 2351 tatibus
2336 2304 2539 2353 nostra
2606 2298 2917 2354 serenitatis
2964 2302 3302 2367 ostenderas,
3363 2298 3659 2358 secundum

2079 2385 2225 2456 quod
2272 2400 2479 2453 rerum,
2516 2404 2805 2444 causarum
2835 2390 2999 2446 etiam
3043 2407 3107 2446 ac
3138 2402 3437 2463 temporum
3466 2409 3663 2450 conve-

2082 2480 2341 2536 nientiam
2392 2483 2633 2551 noveris,
2674 2484 2729 2539 in
2759 2499 2960 2556 corpus
3002 2502 3170 2541 unum
3219 2486 3453 2559 redigas,
3500 2496 3665 2558 atque

2080 2568 2403 2624 uniformcm
2432 2579 2635 2627 textum
2662 2573 2857 2630 exinde
2881 2590 3193 2645 componas,
3219 2585 3488 2649 quatenus
3508 2591 3661 2633 eom-

393 2679 626 2738 cougrue
670 2663 757 2733 pia
785 2659 1073 2717 dilectione
1118 2666 1174 2713 et
1202 2655 1558 2712 dilectissime
1603 2655 1807 2725 pietate
1855 2669 1973 2708 am—
2077 2659 2392 2729 pendiosius
2425 2661 2639 2717 valeant
2672 2662 2973 2731 innotesci,
3001 2675 3058 2720 et
3094 2664 3389 2724 ιθειίιῆοείε
3416 2668 3664 2724 minus“,

392 2756 533 2828 νιεχί
565 2763 709 2811 sunt.
764 2752 904 2821 Quia
955 2766 1188 2822 proavus
1238 2756 1427 2804 noster
1471 2746 1696 2803 Carolus
1723 2747 1976 2819 princeps
2080 2751 2368 2819 capacibus
2398 2751 2482 2806 vel
2521 2753 2779 2809 studiosis
2804 2754 3053 2813 lectionis
3078 2757 3261 2827 possit
3294 2757 3511 2814 tmdiutn
3535 2757 3665 2813 sub-

394 2847 725 2902 Francorum
770 2843 1006 2914 inclytus
1039 2857 1137 2912 per
1175 2841 1453 2895 orationes
1485 2839 1655 2910 ipsius
1700 2836 1977 2895 excellen-
2078 2840 2296 2905 levari,
2348 2845 2659 2916 pariterque
2714 2849 2968 2905 omnibus
3018 2850 3407 2906 'mdilicationis
3456 2850 3664 2906 utilitas

298 2922 301 2925 Ἴ
394 2936 586 2993 tissimi
634 2934 887 3005 martyris
931 2933 1205 3003 indeptum
1271 2946 1331 2988 se
1360 2929 1525 2985 fuisse
1556 2924 1856 3002 gratulatus
1893 2937 1979 2986 est
2081 2933 2376 3003 provideri.
2407 2934 2506 2991 His
2550 2937 2624 2991 ita
2659 2940 2953 3007 contextis,
2998 2940 3250 2998 volumus
3285 2950 3346 2997 ut
3373 2942 3664 2999 revelatio-

397 3029 611 3099 apicem
647 3024 1003 3096 principatus,
1043 3022 1329 3093 eidemque
1355 3021 1585 3077 decurso
1631 3013 1977 3077 mortalitatis
2017 3098 2043 3102 ᾧ
2085 3037 2212 3078 nem
2262 3031 2537 3082 ostensam
2588 3027 2751 3084 beato
2796 3044 2948 3100 papae
2998 3029 3278 3102 Stephano
3330 3032 3384 3087 in
3437 3032 3663 3090 ecclesia

399 3098 640 3192 tempore
669 3115 789 3192 (An.
825 3117 972 3190 741),
996 3117 1139 3188 quod
1169 3116 1390 3172 charius
1423 3115 1599 3185 potuit
1646 3115 1849 3171 habere
1884 3115 1975 3171 de-
2002 3098 2047 3160 C
2078 3111 2323 3183 ejusdem
2369 3117 2697 3174 sanctissimi
2741 3098 3002 3193 Dionysii,
3055 3098 3195 3178 sicut
3246 3125 3315 3179 ab
3346 3138 3413 3180 eo
3464 3124 3663 3179 dictata

395 3212 651 3282 positum,
704 3224 902 3280 corpus
938 3208 1147 3263 scilicet
1196 3208 1495 3278 proprium,
1552 3206 1606 3260 in
1663 3206 1840 3277 magni
1889 3197 1977 3260 die
2080 3213 2183 3269 est,
2241 3215 2297 3259 rt
2343 3214 2496 3277 gesta
2552 3223 2673 3279 quin
2721 3210 2897 3266 eidem
2950 3212 3191 3267 subnexa
3221 3221 3364 3276 sunt,
3395 3229 3500 3270 una
3540 3229 3664 3270 cum

391 3300 581 3375 judicii
618 3302 1008 3366 suscitandum,
1042 3309 1096 3356 et
1126 3301 1364 3355 animam
1388 3300 1617 3355 Domino
1644 3308 1977 3371 praesentan-

398 3395 519 3449 dam
546 3388 773 3447 ﬁdeliter
814 3390 1235 3452 commendavit,
1265 3404 1329 3444 ac
1348 3405 1446 3459 per
1477 3390 1579 3444 ll'oc
1615 3389 1853 3444 maxime
1880 3389 1976 3444 de-

396 3483 668 3540 votionem
697 3489 860 3550 atque
887 3477 1139 3534 ﬁduciam
1171 3478 1352 3533 cerdis
1379 3477 1460 3532 sui
1491 3492 1619 3548 erga
1648 3477 1974 3547 peculiarem

389 3585 684 3647 patronum
713 3580 961 3646 patenter
982 3571 1241 3628 ostendit.
1275 3569 1489 3626 Sancta:
1515 3568 1865 3625 nihilominus
1893 3583 1978 3623 re-

399 3652 729 3727 cordationis
753 3681 885 3721 avus
906 3674 1091 3720 noster
1109 3661 1372 3734 Pippinus
1392 3668 1617 3732 propter
1641 3659 1813 3715 altare
1833 3658 1979 3730 quod

408 3772 532 3821 ante
555 3750 865 3831 sepulcrum
908 3753 1167 3828 saepefati
1211 3755 1515 3826 saepiusque
1541 3752 1749 3807 dicendi
1776 3743 1981 3807 domini

410 3852 780 3925 Dionysii'per
800 3847 1049 3905 ‘divinam
1078 3855 1133 3903 et
1158 3844 1563 3901 memorabilem
1600 3843 1981 3899 revelationem

397 3944 552 4013 jussu
574 3928 767 4014 -ip'sius
795 3936 1126 3996 sanctissimi
1158 3935 1414 4007 martyris
1442 3936 1493 3989 in
1519 3935 1777 3990 honorem
1805 3933 1902 3989 Dei
1931 3942 1986 3988 et

404 4033 769 4106 apostolorum
813 4029 960 4085 Petri
989 4038 1043 4084 et
1073 4026 1245 4094 Pauli,
1285 4026 1376 4097 qui
1403 4033 1702 4095 prmsentes
1728 4024 1983 4080 ostende-

403 4126 621 4190 bantur,
664 4138 695 4178 a
723 4124 882 4178 beato
907 4127 962 4176 et
1006 4119 1248 4191 angelico
1286 4118 1405 4172 viro
1454 4116 1733 4187 Stephano
1775 4131 1987 4171 summo

403 4214 658 4285 pontifice
681 4212 989 4269 dedicatum
1012 4217 1095 4265 est
1119 4208 1242 4278 (An.
1270 4205 1421 4279 754),
1451 4206 1595 4262 inter
1617 4221 1772 4261 sacra
1795 4206 1987 4261 missa-

413 4321 529 4360 rum
564 4301 822 4359 solemnia
857 4315 962 4355 una
994 4315 1113 4354 cum
1145 4297 1354 4352 duobus
1400 4295 1548 4363 filiis,
1591 4295 1988 4352 Carolomanno

406 4396 656 4452 videlicet
699 4401 753 4448 et
776 4393 912 4446 divae
946 4389 1219 4446 memoria:
1248 4387 1466 4442 domino
1496 4401 1559 4442 ac
1606 4387 1850 4459 genitore
1891 4401 1988 4441 no-

407 4495 520 4544 stro
570 4484 784 4549 Carolo,
818 4481 942 4553 jure
981 4480 1371 4553 prainomlnato
1417 4478 1630 4549 Magno,
1679 4477 1747 4532 ab
1789 4477 1977 4533 eodem

408 4575 701 4648 apostolico
723 4588 861 4645 papa
889 4572 940 4627 in
968 4582 1145 4642 regem
1185 4568 1516 4625 Francorum
1546 4578 1762 4633 unctus,
1789 4582 1979 4640 super-

409 4667 462 4722 ni
514 4663 754 4720 muneris
807 4659 1238 4717 benedictionem
1285 4658 1553 4730 percepit.
1594 4657 1803 4729 Quique
1857 4674 1981 4713 cum

408 4765 609 4830 quanta
632 4772 690 4813 se
712 4754 1016 4811 humilitate
1041 4751 1374 4808 ante-limina
1409 4750 1645 4807 basilicae
1668 4762 1981 4807 sanctorum

410 4857 731 4921 martyrum,
779 4843 1036 4901 defuncto
1074 4842 1235 4914 hujus
1262 4842 1389 4897 vita:
1422 4840 1980 4912 ~curriculo,~sepeliri

409 4936 726 5011 praceperit
756 4934 881 5007 (Au.
920 4933 1065 5001 768),
1104 4933 1289 4989 titulus
1311 4932 1477 4988 etiam
1495 4932 1675 5003 ipsius
1700 4932 1985 4987 conditorii

412 5025 718 5084 innotescit.
749 5023 858 5080 Sed
884 5030 938 5078 et
968 5037 1068 5078 nos
1095 5021 1279 5077 multis
1324 5036 1389 5076 ac
1431 5020 1804 5092 frequentibus
1818 5020 1989 5091 largi-

413 5116 651 5174 tionibus
692 5111 952 5170 beneﬁcia
981 5109 1099 5180 ejus
1121 5124 1307 5165 sumus
1348 5110 1577 5180 experti,
1608 5110 1879 5180 pracipue
1913 5119 1991 5161 ta—

491 5283 518 5314 ι
561 5269 712 5342 Visio
755 5280 917 5342 quam
964 5261 1261 5342 monachus
1300 5258 1815 5342 Sun-Dionysianus,
1849 5267 1988 5339 'post

418 5328 986 5414 Dagobertinobitum,
1038 5331 1231 5414 {panni
1288 5329 1527 5414 eremitze
1556 5328 1737 5384 Siculo
1778 5329 1987 5399 primus

412 5402 688 5467 οθιὶοειω
711 5409 887 5470 tinxit,
918 5403 1113 5459 fabulis
1132 5402 1481 5458 accensenda.

488 5480 700 5536 l'ﬂisce
747 5469 943 5533 litteris
988 5472 1271 5529 Hilduinus
1317 5470 1515 5541 adjecit
1558 5469 1988 5525 lncubrationern

418 5549 549 5617 satis
575 5547 864 5617 prolixam,
890 5547 1081 5617 inqua
1112 5538 1399 5617 contendit
1417 5539 1724 5611 Dionysium
1758 5540 1990 5617 Areopa-

419 5609 606 5680 gitam',
659 5609 881 5668 dimisso
937 5609 1245 5667 Atheniensi
1293 5609 1623 5679 episcopatu,
1671 5617 1832 5679 atque
1880 5609 1985 5663 alio

2082 3296 2298 3365 hymnis
2337 3312 2475 3367 quos
2519 3298 2586 3357 de
2620 3299 2723 3356 hoc
2771 3300 3164 3370 gloriosissimo
3213 3312 3456 3375 martyre
3503 3313 3667 3376 atque
3732 3300 3737 3305 “

2078 3382 2338 3451 pontiﬁce
2380 3386 2568 3451 habes,
2597 3398 2653 3442 et
2703 3388 2937 3444 ollicium
2982 3392 3307 3449 nocturnale
3335 3393 3665 3465 subiungas;

2080 3471 2173 3523 sed
2194 3479 2250 3525 et
2271 3472 2604 3541 dill‘erenter,
2634 3492 2698 3532 ac
2715 3493 2845 3533 cum
2874 3480 3179 3550 integritate
3209 3483 3317 3546 sui,
3342 3500 3573 3554 qumque
3598 3502 3668 3542 ex

2082 3576 2148 3616 eo
2174 3571 2388 3633 reperta
2415 3573 2561 3634 sunt,
2593 3568 2648 3622 in
2693 3568 2865 3624 altero
2899 3570 3172 3627 volumine
3209 3571 3453 3642 colligas,
3484 3576 3671 3632 nobis-

2082 3669 2190 3725 que
2243 3655 2502 3714 distincte
2550 3666 2609 3715 et
2661 3669 2908 3716 corrccte
2969 3663 3293 3733 transcripta
3345 3668 3672 3734 quantocius

2087 3746 2291 3817 dirigas
2315 3756 2733 3828 autprresentcs
2758 3769 2771 3806 :
2804 3753 3059 3822 quoniam
3088 3755 3382 3810 maximum
3406 3756 3671 3828 valibque

2088 3837 2458 3896 dulcissimum
2506 3823 2702 3913 pigrius
2746 3843 3120 3901 desiderabilis
3169 3848 3469 3916 praesentiae
3527 3823 3673 3916 illius

2089 3928 2291 3987 domini
2343 3938 2399 3985 et
2447 3930 2780 3988 solatiatoris
2832 3935 3028 3999 nostri,
3075 3937 3382 4006 ubicunque
3443 3936 3669 4000 scimus,

2090 4020 2408 4077 haberenos
2427 4022 2718 4087 credimus,
2741 4023 2785 4077 si
2812 4039 2933 4079 cum
2955 4040 3041 4089 eo,
3073 4024 3151 4079 vel
3185 4026 3250 4081 de
3279 4042 3363 4092 eo,
3396 4037 3488 4081 aut
3512 4027 3581 4082 ab
3600 4042 3670 4081 eo

2089 4108 2272 4173 dictis,
2304 4111 2586 4177 oratione,
2630 4112 2943 4179 collatione,
3007 4114 3237 4170 lectione
3287 4116 3665 4186 colloquimur.

2091 4200 2224 4255 Vale
2248 4201 2302 4255 in
2323 4202 2559 4268 Christo,
2588 4203 2672 4258 vir
2696 4203 2813 4271 Dei,
2842 4206 2893 4260 in
2922 4206 3091 4261 sacris
3114 4207 3452 4263 orationibus
3465 4208 3670 4279 jugiter

2092 4306 2302 4347 memor
2325 4293 2516 4347 nostri.

2617 4361 2903 4421 EPISTOL
2921 4368 2946 4420 λ
2996 4356 3127 4421 Xtu.

2013 4436 2065 4497 Ι)
2124 4448 2363 4488 ιιιιυυικι
2399 4448 2621 4489 ABBATIS
2658 4451 2701 4487 5.
2756 4448 2980 4491 DIONYSII
3027 4454 3093 4490 ΑΙ)
3143 4454 3441 4493 ιλιτυονιειῖδι
3485 4454 3629 4495 PIUII.

2090 4522 2425 4600 Qua’qunque
2455 4527 2703 4600 memoria
2721 4525 2938 4600 librique
2964 4545 3071 4600 pra‘
3096 4530 3333 4600 munibus
3360 4531 3522 4583 habili
3542 4548 3668 4600 sup—

2122 4617 2136 4628 ο
2154 4594 2530 4668 peditaruntde
2555 4606 2732 4649 sancto
2760 4594 3031 4668 Dionysio,
3062 4599 3221 4651 simul
3250 4600 3464 4654 collecta
3489 4594 3667 4654 trana-

2155 4665 2333 4719 mittit.

2210 4792 2215 4797 ,
2252 4804 2309 4807 ,ᾼ
2363 4804 2394 4807 _
2686 4734 2871 4807 (Anno
2916 4734 3065 4807 856.)

2091 4804 2264 4878 [Apud
2282 4804 2343 4860 D.
2363 4804 2651 4875 Bouquet.,
2675 4804 2829 4878 iniit,
2855 4823 2918 4861 ex
2944 4804 3176 4871 Cointio,
3203 4820 3311 4864 tom
3337 4808 3446 4865 Vlll
3469 4811 3658 4866 Ammr.

2605 4873 2812 4957 σεεμς..
2843 4892 2962 4999 pag.

2608 4962 2699 4999 cui
2730 4956 2817 4999 ate
2871 4962 2899 4999 a
2942 4950 3132 4999 mirafi

2166 4947 2444 5002 δι)οωίηο
2484 4946 2699 5016 benigni
2730 4956 2817 4999 ate
2871 4946 3172 5000 admirafili
3224 4956 3278 5001 et
3327 4950 3667 5004 auctoritatis
3728 4956 3733 4960 ’

2094 5039 2397 5096 reverentia
2424 5036 2741 5100 honorabili,
2761 5035 3032 5090 Ludovico
3055 5036 3155 5090 Pio
3178 5052 3393 5106 semper
3406 5039 3663 5110 Augusto,

2094 5128 2380 5184 Hilduinus
2421 5129 2640 5183 humilis
2681 5127 2883 5183 Christi
2928 5127 3176 5188 fainulus,
3226 5138 3281 5182 et
3307 5131 3508 5185 domini
3564 5132 3668 5185 mei

2091 5283 2345 5353 episcopo
2375 5279 2426 5335 in
2467 5280 2582 5353 ejus
2631 5280 2803 5353 locum
2851 5280 3096 5343 sull'ecto,
3148 5282 3374 5336 Romam
3424 5284 3670 5349 venisse;

2093 5351 2447 5419 eitmdcmque
2490 5351 2806 5420 Dionysium
2861 5353 2911 5404 in
2943 5353 3159 5411 Gallias,
3208 5355 3297 5405 ubi
3349 5353 3668 5422 martyrium

2092 5432 2279 5494 postea
2307 5422 2717 5494 consuummrit,
2747 5437 2775 5474 a
2802 5422 3082 5494 Clemente
3136 5423 3374 5494 “onmno
3416 5423 3674 5494 pontiﬁce

2093 5490 2320 5549 missum
2392 5493 2576 5547 fuisse.
2640 5492 2873 5546 llilduini
2932 5492 3361 5545 lllt‘tlill‘ttlltlllélll
3419 5490 3673 5550 confutet

2092 5564 2338 5620 Quintius
2362 5566 2427 5618 ad
2447 5578 2534 5616 an.
2563 5562 2689 5627 855,
2722 5577 2867 5615 num.
2905 5562 3002 5615 115
3044 5579 3089 5614 c.
3121 5579 3270 5631 seqq.
