4048 6182
360 395 505 455 1529⁵

1788 372 1828 423 ιι
1837 370 1973 422 l’lb'l
1989 368 2146 419 ULAL
2156 402 2171 420 .

3486 355 3621 412 H30

358 506 597 581 Dionysii
637 502 865 577 pretiosi
911 515 976 555 ac
1027 497 1299 555 sociorum
1344 493 1461 564 ejus
1511 485 1936 547 matricularins,
1968 474 2015 532 A
2045 480 2232 526 nostro
2258 470 2534 540 Dionysio,
2558 484 2677 539 quae
2716 470 2978 581 hactenus
3026 472 3203 525 minus
3246 472 3620 543 cognovimus,

1800 580 1809 581 κ
2047 560 2196 581 ___l.2_
2254 559 2401 581 -..:-...
2450 559 2501 581 2..
2552 573 2716 581 ....--_..
2776 558 2852 581 Δ..1
2880 567 2991 581 ..-ιη
3050 559 3263 581 ...ει-ι.-,.
3295 560 3515 581 ..Α--ε.εκ
3576 566 3620 581 ,ι

361 580 663 671 vestraeque
690 593 953 666 imperiali
985 588 1339 646 dominationi
1382 587 1436 641 in
1491 582 1742 640 omnibus
1780 580 1945 635 devo-

362 694 625 756 tissimus,
657 693 978 760 praesentem
1010 684 1063 737 in
1091 680 1307 736 Christo
1344 676 1757 748 prosperitatem
1782 680 1945 741 atque

362 794 579 839 aeternae
655 776 932 833 felicitatis
1006 770 1440 828 benedictionem
1506 772 1659 837 optat
1714 773 1763 820 et
1828 762 1946 833 glo—

366 876 524 930 riam.

438 960 740 1017 Essultavil.
769 975 864 1014 cor
889 972 1069 1013 meum
1105 956 1160 1010 in
1185 952 1434 1016 Domino,
1473 960 1528 1007 et
1550 949 1844 1007 exaltatum
1866 956 1951 1004 est

370 1071 537 1112 cornu
579 1068 757 1108 meum
788 1051 841 1106 in
872 1052 983 1106 Deo
1010 1063 1154 1103 meo.
1202 1045 1493 1100 Diiatatum
1524 1050 1608 1096 est
1634 1056 1697 1096 os
1743 1054 1948 1101 meum,

370 1156 427 1204 et
453 1146 762 1219 gaudebunt
791 1143 953 1209 labia,
981 1150 1041 1197 ut
1082 1139 1395 1195 annuntiem
1433 1136 1702 1208 praeconia
1745 1132 1950 1187 domini

376 1241 480 1297 mei
505 1237 874 1312 gloriosissimi
904 1235 1161 1306 martyris
1185 1232 1422 1304 Dionysii
1450 1231 1518 1286 ab
1542 1227 1741 1285 eximio
1787 1228 1954 1295 impe-

376 1340 559 1386 ratore
592 1328 808 1384 domino
857 1342 980 1381 meo
1002 1324 1218 1394 jussus;
1244 1339 1364 1394 quae
1396 1322 1626 1377 reticere
1655 1335 1762 1375 non
1800 1327 1953 1389 pote-

377 1437 513 1485 ram,
542 1421 708 1480 etiam
736 1419 779 1475 si
811 1434 841 1473 a
871 1431 1141 1487 quoquam
1198 1414 1418 1470 fuissem
1459 1411 1597 1467 forte
1624 1410 1951 1482 prohibitus.

377 1514 444 1568 Et
476 1527 664 1571 revera
691 1524 887 1580 magna
909 1508 1166 1571 milti'est.
1180 1505 1318 1560 ratio
1343 1501 1670 1575 gratulandi,
1701 1499 1956 1570 quoniam

379 1603 704 1663 cumulatius
722 1600 854 1656 mibi
886 1598 1136 1655 eﬂ'eetum
1166 1594 1420 1661 desiderii
1447 1593 1551 1649 mei
1570 1600 1839 1663 perstare
1859 1606 1955 1645 vo-

380 1695 482 1750 luit
508 1694 688 1749 divina
718 1691 979 1763 dignatio,
1010 1697 1083 1744 ttt
1116 1687 1492 1748 mentismetc
1533 1690 1851 1752 conceptum
1908 1680 1956 1735 ei

380 1788 597 1857 placere
651 1797 1055 1855 cognoscerem,
1106 1778 1413 1848 cumquod
1452 1791 1614 1848 agere
1666 1784 1959 1847 spontanea

383 1876 700 1948 disponebat
740 1889 858 1928 mea
903 1871 1199 1933 humilitas,
1248 1869 1300 1923 in
1353 1867 1562 1937 agendo
1618 1866 1743 1920 data
1799 1880 1961 1919 manu

385 1966 752 2030 auctoritatis,
783 1970 1168 2034 cooperaretur
1196 1968 1374 2014 vestra
1399 1959 1511 2012 Deo
1553 1957 1770 2027 placens
1797 1952 1966 2008 subli-

386 2059 565 2114 mitas.
600 2057 716 2124 Qua
748 2055 815 2109 de
853 2070 913 2109 re
957 2051 1222 2108 bonorum
1252 2065 1475 2121 operum
1521 2056 1575 2102 et
1604 2045 1963 2117 spiri'ualinm

387 2148 631 2203 omnium
660 2144 963 2201 studiorum
987 2143 1137 2198 illum
1163 2148 1441 2196 auctorem
1466 2153 1588 2194 esse
1616 2152 1720 2193 non
1746 2136 1962 2192 duilium

387 2249 494 2303 est,
517 2238 610 2307 qui
633 2251 862 2305 quorum
890 2235 1088 2289 incitat
1110 2241 1338 2294 mentes,
1377 2246 1486 2300 quo
1535 2229 1638 2284 sibi
1685 2229 1861 2297 placet
1911 2225 1963 2280 in

389 2328 604 2395 ingenio
623 2324 840 2393 adjuvat
863 2324 1122 2378 actiones.
1139 2322 1246 2377 Sed
1268 2328 1322 2377 et
1342 2322 1396 2374 in
1421 2320 1526 2374 hoc
1552 2318 1704 2373 valde
1730 2316 1966 2371 exsultat

386 2417 611 2486 spiritus
661 2429 816 2468 meus
869 2413 922 2466 in
952 2411 1063 2467 Deo
1088 2410 1310 2465 salutari
1340 2424 1481 2473 meo,
1525 2409 1780 2479 quoniam
1810 2407 1968 2461 Citri-

387 2509 598 2565 stianus
625 2505 841 2560 animus
859 2511 1040 2559 vester
1061 2502 1140 2557 sic
1162 2501 1567 2555 evidentissime
1590 2514 1718 2569 erga
1750 2513 1807 2551 se
1832 2498 1968 2551 divi-

391 2614 473 2653 na!
502 2596 759 2653 bonitatis
785 2592 1067 2657 beneﬁcia,
1094 2601 1151 2647 et
1176 2599 1487 2648 sanctorum
1514 2588 1792 2659 cognoscit
1829 2588 1968 2641 sola-

390 2690 489 2753 tia,
520 2697 577 2744 et
602 2696 710 2742 tam
736 2684 1141 2756 promptissime
1161 2698 1223 2738 se
1250 2695 1538 2737 accensum
1564 2678 1798 2735 ostendit
1825 2678 1967 2732 circa

392 2779 632 2834 auctoris
652 2785 707 2832 et
735 2774 1068 2847 reparatoris
1097 2772 1177 2827 sui
1208 2787 1303 2828 seu
1349 2769 1663 2841 speeialium
1704 2767 1969 2838 suifraga—

393 2878 570 2923 torum
595 2882 814 2922 suorum
843 2863 1246 2920 venerationem
1294 2869 1456 2932 atque
1478 2859 1821 2929 obsequium.
1853 2856 1969 2912 Non

391 2958 537 3014 enim
569 2957 649 3013 sic
673 2957 741 3011 ab
771 2954 976 3010 intimis
1001 2955 1090 3024 pia
1120 2953 1299 3008 anima
1328 2958 1509 3007 vestra
1536 2950 1715 3004 divina
1744 2947 1970 3003 confite-

396 3057 548 3104 retur
570 3062 699 3103 vera
728 3054 784 3102 et
804 3045 950 3114 justa
973 3044 1198 3115 judicia,
1223 3042 1328 3098 nisi
1358 3057 1418 3097 se
1443 3041 1617 3111 ipsam
1643 3046 1833 3094 sancto
1854 3037 1975 3093 iliu-

394 3138 655 3201 minatam
680 3141 1032 3207 cognosceret
1077 3131 1304 3203 Spiritu,
1347 3145 1448 3187 nec
1503 3130 1579 3184 ita
1624 3127 1973 3187 devotissime

394 3228 553 3284 amici
581 3227 677 3283 Dei
706 3228 845 3283 bene
889 3233 1038 3296 gesta
1088 3230 1142 3280 et
1192 3223 1337 3278 'dicta
1368 3221 1621 3278 maxim
1661 3219 1974 3294 sagacitatis

393 3328 592 3374 vestrae
612 3318 898 3389 prudentia
914 3315 1278 3388 perquireret,
1304 3313 1422 3368 nisi
1455 3325 1723 3367 summum
1748 3310 1972 3370 bonum,

396 3426 556 3481 aquo
571 3418 631 3464 et
653 3425 752 3480 per
775 3424 933 3480 quem
961 3408 1151 3465 omnia
1163 3414 1293 3462 sunt
1319 3404 1483 3470 bona,
1512 3403 1778 3475 diligeret.
1811 3398 1976 3469 Cujus

394 3516 579 3558 amore
600 3500 850 3574 religiosa
874 3500 1088 3557 devotio
1107 3507 1289 3555 vestra
1311 3511 1540 3553 accensa
1560 3508 1679 3551 esse
1699 3490 1973 3564 dignosci-

398 3603 507 3661 tur,
530 3602 589 3649 ut
617 3593 820 3650 Christi
845 3594 1076 3647 militum
1102 3590 1364 3660 gloriosos
1406 3587 1708 3655 triumphos
1737 3584 1978 3651 inquire-

397 3694 502 3740 ret.
529 3685 678 3751 Quos
703 3698 825 3738 cum
848 3682 1083 3742 noverit,
1108 3693 1206 3746 per
1243 3689 1431 3731 eorum
1458 3673 1781 3741 adiutorium
1815 3669 1976 3723 robu-

398 3777 536 3830 stius
579 3781 766 3829 contra
813 3771 946 3826 vitia
991 3769 1356 3835 vitiorumque
1398 3772 1648 3821 auctores
1689 3762 1972 3832 pugnabit,

400 3869 668 3931 quatenus
693 3867 993 3929 martyrum
1022 3854 1269 3925 exempla
1304 3853 1583 3917 sectando,
1614 3851 1705 3921 qui
1747 3851 1976 3906 viriliter

399 3960 698 4013 certavere,
724 3957 777 4002 et
803 3947 1030 4002 ﬁdeliter
1057 3944 1189 4001 satis
1215 3943 1418 4008 vicere,
1459 3941 1526 3996 ad
1567 3941 1823 4011 palmam,
1868 3953 1974 4009 qua

399 4041 476 4096 illi
501 4038 764 4093 munerati
811 4044 956 4099 sunt,
983 4044 1038 4091 et
1063 4035 1176 4106 ipse
1199 4033 1492 4104 pertingat.
1525 4030 1640 4087 Huc
1664 4029 1877 4085 accedit
1902 4030 1971 4086 ad

402 4130 509 4185 voti
524 4138 579 4182 et
597 4127 972 4183 sollicitudinis
989 4132 1184 4180 vestrm
1200 4123 1627 4187 incitamentum,
1643 4119 1767 4190 quia
1775 4118 1989 4183 Esdras,

399 4229 601 4278 sancta:
633 4220 928 4290 Scriptum
954 4222 1254 4287 reparator,
1284 4227 1538 4284 magnum
1586 4211 1981 4267 remuneratio-

2020 2348 2033 2375 \

2047 560 2199 613 vobis
2248 559 2404 613 ocius
2450 559 2503 612 in
2552 573 2719 612 unum
2771 557 2994 612 collecta
3050 559 3265 611 mittere
3295 560 3539 628 poscitis.
3570 566 3628 614 et

2047 652 2402 722 incongruum
2431 650 2682 704 ducimus
2711 649 3057 704 auctoritatis
3111 658 3304 703 vestra:
3357 650 3627 704 tlesiderio

2047 739 2274 805 diﬂerri,
2314 728 2545 810 quodex
2573 740 2757 795 debito
2785 740 3098 794 servitutem
3147 748 3387 795 nostram
3414 748 3631 796 constat

2048 829 2247 885 debere
2276 829 2493 900 largiri;
2516 838 2778 899 quantum
2807 830 3060 884 connivet
3082 830 3322 884 brevitas
3349 830 3624 899 temporis,

2048 925 2306 996 quidquid
2337 927 2416 979 ori
2441 925 2773 997 suggesserit
2792 925 3052 979 memoria
3080 925 3202 979 citae
3219 923 3628 988 recordationis,

2052 1019 2265 1073 favente
2312 1017 2571 1080 Domino,
2618 1016 2878 1071 velociter
2924 1015 3275 1070 scribentium
3323 1014 3631 1071 committe-

2054 1122 2176 1162 mus
2204 1106 2539 1161 notariorum
2568 1106 2830 1169 articulis,
2879 1106 3230 1175 deprecantes
3268 1115 3505 1159 vestram
3535 1104 3636 1159 bu-

2053 1195 2256 1251 militer
2308 1196 2652 1265 sapientiam,
2710 1212 2778 1252 ne
2828 1197 2880 1251 in
2928 1197 3013 1251 bis
3058 1213 3178 1267 quae
3234 1198 3533 1252 reverentia
3580 1206 3637 1252 et

2055 1299 2241 1340 amore
2292 1285 2619 1340 sanctissimi
2684 1286 2959 1356 martyris,
3011 1295 3067 1340 et
3118 1294 3336 1356 propter
3373 1284 3636 1355 jussionis

2055 1382 2250 1431 vestra:
2278 1375 2640 1430 obedientiam
2690 1376 2977 1430 scribenda
3028 1377 3389 1448 aggredimur,
3438 1377 3635 1429 verio-

2058 1483 2177 1522 rum
2206 1468 2621 1538 pompositatem
2653 1476 2747 1520 aut
2760 1467 3083 1522 dictationis
3109 1467 3370 1536 leporem,
3404 1466 3496 1520 sed
3528 1481 3639 1535 .pu-

2059 1558 2289 1614 rissimai
2310 1559 2577 1621 veritatis,
2596 1559 2739 1613 sicut
2757 1558 2826 1612 ab
2855 1558 3200 1627 antiquorum
3229 1557 3388 1611 dictis
3408 1556 3640 1625 sumpsi-

2061 1668 2201 1716 mus,
2231 1666 2474 1722 quaerere
2502 1650 2763 1706 studeatis
2788 1650 3182 1705 sinceritatem.
3213 1646 3429 1716 Nosque
3454 1663 3639 1717 repre-

2063 1741 2300 1795 hendere
2347 1739 2414 1794 de
2460 1754 2707 1803 casuum,
2763 1737 3201 1807 praepositionum
3232 1744 3394 1805 atque
3421 1734 3643 1802 conjun-

1991 1820 2037 1880 B
2065 1831 2302 1884 ctionum
2333 1829 2551 1892 virtute,
2580 1843 2675 1883 seu
2701 1828 3003 1882 litterarmn
3033 1827 3087 1881 in
3122 1828 3510 1895 subsequentes
3538 1825 3642 1879 im-

2066 1922 2382 1985 mutatione,
2417 1921 2499 1977 vel
2552 1930 2877 1990 punctorum
2924 1920 3221 1975 secundum
3265 1927 3436 1973 artem
3468 1933 3645 1989 gratu-

2065 2015 2319 2070 maticam
2349 2014 2618 2084 positione
2664 2013 2862 2078 nolite;
2914 2013 3041 2082 quia
3070 2028 3175 2067 non
3205 2012 3256 2067 id
3302 2011 3642 2074 studendum,

2066 2105 2160 2158 sed
2208 2111 2410 2169 nostrae
2438 2101 2817 2172 deservitionis
2842 2100 3161 2169 obsequium
3216 2114 3279 2154 ac
3303 2098 3647 2153 commenda-

2067 2194 2232 2251 tionis
2282 2199 2478 2247 vestrae
2525 2190 2761 2247 cilicium
2819 2190 3231 2245 accelerandum
3289 2187 3644 2256 suscepimus,

2068 2287 2301 2341 maxime
2326 2301 2448 2341 cum
2481 2286 2595 2339 ha-c
2617 2300 2739 2354 qua:
2762 2285 2831 2339 ab
2856 2283 3030 2338 aliena
3056 2283 3236 2352 lingua
3258 2279 3645 2350 expressimus,

2066 2378 2120 2431 in
2150 2378 2353 2432 tenoris
2374 2377 2536 2441 serie,
2565 2378 2709 2431 sicut
2738 2376 2804 2431 de
2833 2376 3000 2444 praclo
3048 2382 3173 2429 sunt
3213 2374 3468 2443 cliquata,
3502 2380 3650 2427 texe-

2066 2483 2219 2532 mus;
2249 2483 2369 2536 qua:
2394 2467 2523 2523 licet
2547 2467 2599 2521 in
2624 2466 3070 2535 interpretatione
3103 2481 3207 2520 non
3231 2465 3649 2534 redoleantsnp—

2069 2576 2253 2632 parem
2303 2559 2570 2616 sermonis
2598 2559 2839 2621 odorem,
2888 2556 3134 2628 sapidum
3179 2565 3356 2611 tamen
3410 2555 3650 2611 referunt

2069 2650 2314 2704 veritatis
2335 2656 2391 2702 et
2417 2648 2721 2703 intellectus
2748 2647 2829 2702 sui
2858 2662 3126 2716 saporem.
3185 2644 3439 2700 Ordinem
3489 2645 3650 2715 igitur

2071 2742 2340 2806 historiae,
2367 2742 2509 2796 sicut
2532 2748 2710 2794 vestra
2727 2737 2889 2808 jussit
2918 2739 3237 2803 dominatio,
3261 2738 3315 2791 in
3338 2752 3503 2791 unum
3528 2751 3653 2790 con-

2072 2840 2280 2903 gestum
2304 2872 2320 2897 ,
2373 2838 2430 2886 et
2482 2829 2792 2900 singulatim
2848 2837 3035 2899 postea
3088 2827 3475 2898 plenitudinem
3536 2823 3651 2893 ejus

2074 2925 2388 2987 discretam,
2409 2921 2622 2977 cunctis
2644 2920 2946 2992 legentibus
2961 2928 3125 2989 atque
3146 2916 3508 2981 audientibus,
3527 2930 3653 2984 pan-

2075 3016 2285 3076 demus.
2315 3014 2450 3069 Nam
2471 3015 2663 3070 divina:
2688 3014 2794 3074 erit
2821 3012 3190 3083 inspirationis
3207 3019 3263 3065 et
3287 3006 3650 3065 exsceutiouis

2078 3105 2132 3171 id
2164 3106 2306 3176 quod
2337 3105 2709 3163 desideramus
2734 3103 2877 3158 ﬁdeli
2903 3105 3085 3157 animo
3122 3100 3436 3171 propalare;
3467 3113 3651 3154 verum

2076 3204 2237 3267 atque
2251 3195 2529 3267 probabile
2550 3195 2940 3250 demonstrare.
2962 3193 3036 3247 Ex
3064 3208 3170 3261 quo
3190 3190 3653 3247 noslaborandum

2073 3305 2180 3345 non
2213 3303 2540 3360 magnopere
2560 3289 2912 3351 aestimamus,
2963 3287 3089 3359 quia
3116 3285 3243 3358 quid
3272 3286 3561 3342 tenendum
3591 3283 3658 3340 de

2075 3383 2179 3438 hoc
2209 3381 2555 3437 sanctissimo
2591 3391 2829 3457 martyre
2877 3382 3078 3438 Christi
3131 3381 3224 3448 sit,
3273 3381 3402 3452 quid
3432 3379 3659 3441 creden-

2076 3472 2226 3537 dum,
2252 3479 2394 3528 uota:
2412 3478 2473 3529 et.
2495 3472 2890 3549 probatissima:
2919 3485 3164 3542 persona:
3185 3467 3472 3526 veracibus
3499 3465 3658 3521 dictis

2074 3562 2373 3627 declarant.

2609 3648 2939 3712 EPISTOLA
2980 3649 3117 3702 XIV.

2236 3779 2484 3821 ιυιδονιει
2520 3778 2589 3818 PII
2625 3779 2768 3818 JONE
2804 3777 3183 3818 Αυιειιλκιῑκει
3219 3777 3488 3817 εισιδεορα.

2487 3851 2561 3908 De
2588 3854 2904 3909 monasterio
2933 3851 3244 3921 Anisolensi.
3260 3841 3282 3918 ς

2682 3942 2855 4015 (Anno
2914 3940 3067 4012 sse.)

2079 4041 2258 4114 [Apud
2281 4038 2344 4093 D.
2373 4025 2569 4105 Bouq.,
2598 4034 2841 4158 ibid.,aex
2866 4033 3106 4175 ligulam,
3155 4032 3250 4087 lib.
3286 4047 3345 4086 ιιι
3404 4029 3655 4096 Mirum,

2714 4122 2749 4175 Ρ
2783 4120 2835 4175 8ο
2977 4144 2990 4157 ·

2714 4120 2835 4176 pag.
2869 4120 2990 4159 ‘IOI.

2151 4202 2212 4257 in
2258 4201 2482 4258 nomine
2514 4198 2726 4255 Domini
2773 4197 2865 4252 Dei
2906 4205 2962 4251 et
3007 4193 3305 4250 Salvatoris
3335 4190 3661 4247 nostriJesu

403 4314 487 4369 nis
514 4312 709 4366 donum
739 4282 935 4365 exinde
963 4282 1103 4378 apud
1149 4304 1320 4361 Deum
1362 4282 1763 4375 promeruit,et
1790 4297 1983 4365 lauda.-
2081 4291 2307 4357 Cbristi,
2355 4287 2683 4355 Ludovicus,
2713 4288 2892 4344 divina
2935 4286 3322 4357 repropitiante
3349 4282 3656 4347 clementia,

402 4403 509 4459 bile
532 4401 634 4456 sibi
665 4415 859 4455 nomen
882 4399 1021 4469 apud
1061 4396 1311 4452 homines
1358 4391 1663 4463 acquisivit.
1707 4388 1978 4458 Quocirca

2082 4384 2217 4455 imp.
2245 4383 2544 4454 Augustus,
2570 4379 2721 4435 Jonte
2745 4376 3038 4434 venerabili
3066 4376 3319 4445 episcopo
3347 4374 3598 4428 salutem.

401 4504 459 4549 et
482 4502 678 4549 vestrae
702 4462 1006 4548 sedulitatis
1037 4488 1314 4548 instantia.
1341 4462 1471 4541 cum
1488 4499 1587 4554 pro
1608 4498 1800 4554 magna
1838 4486 1981 4542 anti-
2005 4500 2079 4561 ι),
2154 4474 2349 4537 Notum
2378 4487 2500 4535 esse
2526 4469 2925 4543 volumusquia
2978 4474 3295 4538 perventum
3328 4472 3410 4520 est
3454 4462 3521 4518 ad
3563 4478 3664 4517 nos

401 4587 610 4657 quitate
636 4582 797 4653 huius
816 4580 1143 4638 sanctissimi
1188 4578 1367 4634 Patris
1400 4576 1595 4641 nostri,
1623 4583 1888 4655 quantum
1913 4577 1982 4633 ad

403 4674 803 4745 generationem
844 4680 1110 4726 terrenam
1135 4679 1189 4724 et
1218 4666 1625 4724 conversionem
1656 4680 1748 4724 seu
1773 4669 1983 4724 obitum

403 4765 620 4829 attinet,
643 4763 781 4819 mira
800 4761 1089 4819 sanctitate
1108 4767 1172 4815 et
1182 4758 1567 4815 miraculorum
1590 4756 1852 4827 prodigiis
1866 4759 1982 4815 orbi

407 4870 544 4927 pene
569 4863 764 4911 cuncto
789 4852 1045 4916 innotuit,
1061 4850 1253 4904 notitia
1270 4850 1438 4921 ipsius
1459 4848 1648 4920 paucis
1669 4862 1769 4902 nos
1779 4860 1984 4907 trorum

406 4947 639 5017 cognita,
658 4945 904 5017 plurimis
931 4942 1109 4999 adhuc
1147 4956 1373 4996 manens
1418 4938 1710 5010 incognita,
1740 4958 1862 4998 cun.
1892 4956 1991 5012 per

407 5044 646 5089 vestrum
676 5036 921 5090 studium
941 5031 1196 5109 patuerit,
1248 5038 1303 5085 et
1359 5030 1632 5093 meritum,
1684 5041 1750 5089 ut
1797 5031 1990 5088 melius

407 5125 505 5194 ipsi
532 5125 702 5188 scitis,
730 5125 933 5194 grande
966 5123 1118 5179 vobis
1162 5119 1544 5183 conciliabitis,
1574 5127 1628 5172 et
1670 5121 1991 5188 memorante

409 5223 721 5287 perpetuum
750 5214 1061 5283 acquiretis.
1096 5213 1283 5268 Faciat
1302 5220 1480 5269 autem
1513 5210 1865 5272 Dox‘ninusatt
1892 5229 1990 5269 nos

410 5304 584 5359 idonei
618 5312 998 5372 cooperatores
1026 5302 1365 5356 inveniamur
1390 5302 1455 5356 ad
1511 5302 1670 5361 [οπερ
1704 5304 1992 5359 voluntatis

408 5404 601 5450 vestra:
631 5391 1039 5464 perfectionem,
1075 5392 1163 5458 qui
1217 5400 1367 5445 tanto
1394 5394 1511 5445 sine
1567 5395 1741 5463 aliqua
1768 5392 1985 5447 haesita-

409 5488 554 5539 tione
584 5483 780 5537 vestris
803 5480 1140 5548 jussiouibus
1165 5480 1462 5543 obtulimus,
1485 5496 1691 5553 quanto
1722 5483 1807 5536 illa
1836 5497 1986 5550 roga-

411 5576 478 5628 tis
498 5572 667 5627 seduli
696 5581 981 5626 exactores
1008 5585 1128 5639 quae
1158 5569 1483 5628 exhibemus
1514 5571 1796 5627 voluntarii
1836 5587 1985 5625 exsc-

419 5673 650 5721 1utores.
684 5661 891 5718 Idcirco
916 5659 1036 5730 quia
1071 5667 1281 5728 reperta
1313 5674 1546 5731 qtttt'quc
1575 5671 1680 5714 tam
1714 5658 1989 5713 incrtccis

413 5768 576 5824 quam
629 5753 682 5808 in
730 5751 937 5809 Latinis
993 5749 1267 5804 codicibus
1315 5763 1385 5805 ex.
1435 5752 1651 5805 domino
1681 5757 1731 5805 et
1761 5756 1990 5819 patrono

2085 4567 2227 4641 quod
2283 4564 2534 4622 monachi
2583 4578 2671 4633 ex.
2702 4558 3032 4616 monasterio
3083 4557 3283 4613 Sancti
3310 4554 3581 4624 Carilcpbi
3607 4555 3662 4611 in

2085 4655 2705 4730 egressuprtesumptivo
2730 4652 2874 4708 idem
2899 4650 3283 4706 monasterium
3305 4646 3665 4717 expoliassent

2086 4747 2420 4808 ornamentis
2445 4743 2851 4806 ecclesiasticis,
2884 4750 2993 4796 tam
3028 4741 3083 4795 in
3113 4739 3369 4793 thesauro
3391 4748 3662 4805 quamque

2088 4843 2144 4899 in
2160 4841 2307 4907 vasis
2321 4853 2416 4895 seu
2438 4833 2797 4903 vestimentis,
2825 4846 3032 4886 necnon
3053 4836 3108 4884 et
3134 4827 3303 4882 libris.
3322 4827 3665 4896 Quapropter

2090 4932 2187 4986 tibi
2214 4929 2556 5000 praecipimus
2574 4924 2886 4982 etuilenrieo
2915 4921 3095 4977 abbati
3143 4929 3203 4975 ut
3238 4935 3333 4974 vos
3360 4918 3507 4973 omni
3535 4914 3655 4972 dilio

2090 5020 2421 5096 gentiavillud
2449 5017 2757 5088 inquiratis,
2789 5022 2846 5070 et
2870 5028 2994 5069 cum
3043 5010 3191 5068 omni
3241 5010 3549 5081 integritate
3572 5021 3664 5061 res

2090 5109 2485 5168 ecclesiasticas
2534 5107 2711 5163 eidem
2771 5103 3014 5160 ecclesia:
3076 5101 3365 5157 restituere
3429 5096 3661 5153 faciatis.

2094 5202 2243 5267 Vale,
2270 5218 2335 5257 ex
2360 5201 2464 5256 hoc
2495 5196 2693 5254 habeto
2715 5196 2855 5252 sicut
2883 5194 2950 5249 de
2976 5202 3028 5248 te
3067 5193 3206 5249 bene
3238 5189 3664 5261 contidimus,_et

2092 5296 2230 5351 sicut
2261 5295 2314 5349 in
2345 5294 2449 5348 hoc
2481 5296 2720 5345 nostram
2754 5286 3038 5358 cognoscis
3066 5285 3423 5351 voluntatem.

2620 5396 2953 5452 EPISTOLA
3018 5395 3130 5450 XV.

2656 5483 2884 5523 EJUSDEI
2914 5482 3100 5521 ειυιςιι.

2681 5559 2853 5627 (Auno
2870 5557 3096 5623 eodem.)

2552 5651 2563 5721 [
2586 5650 2734 5718 Apud
2785 5650 2990 5712 Ralm”,
3043 5649 3167 5703 ibid.
3190 5649 3206 5719 ἶ

2164 5745 2218 5805 ιιι
2245 5745 2457 5797 nomine
2491 5742 2578 5795 Dei
2609 5755 2659 5795 et
2689 5741 2981 5795 Salvatotis
3011 5742 3137 5795 Jcsu
3178 5740 3401 5802 Christi,
3433 5735 3662 5799 Ltttloﬂ'
