4008 6210
469 264 541 340 is
1038 302 1045 316 ι
1600 270 1603 277 ·
1653 266 1915 343 PHOTII
1956 272 2473 344 PATRIARGH/E
2515 273 2631 345 cp.
3749 264 3820 338 16

465 429 599 475 esse
651 417 955 475 mutatam.
1018 409 1079 474 Io
1131 420 1417 492 praeterea
1449 414 1629 477 tiliam
1660 415 1855 478 amnis
1884 416 2093 487 fuisse,

2182 437 2281 483 σης
2341 418 2401 474 τὸ
2464 418 2722 475 Ποντικὸν
2783 415 3039 495 πέλαγος·
3086 412 3175 493 ἀφ’
3221 435 3285 481 ης
3314 413 3521 470 καὶτὸν
3554 406 3819 486 Βόσπορον

462 501 571 564 sed
615 510 866 564 cornuta
908 499 1077 563 bovis
1106 501 1320 577 forma,
1363 521 1501 565 cum
1549 504 1699 566 asilo
1744 504 2095 583 agitaretur,

460 590 775 655 Ponticum
808 609 970 652 mare
994 597 1446 666 transcurrisse,
1480 594 1644 655 unde
1676 602 1735 655 et
1760 596 2099 673 Bosphorus

462 700 688 744 nomen
734 681 1054 760 acceperit.
1107 680 1178 743 Et
1221 681 1497 745 Caeneum
1532 682 1865 764 Lapitham,
1906 685 2098 765 primo

463 772 780 848 virginem,
804 771 964 832 circa
988 770 1320 850 pubertatis
1346 790 1537 834 annos
1567 791 1633 834 ex
1668 771 1928 835 femineo
1953 792 2099 836 sexu

462 860 526 922 in
553 860 781 921 virilem
814 859 1268 939 transmigrasse
1304 882 1317 923 :
1352 869 1530 942 atque
1579 863 1650 923 ad
1704 872 2096 942 postremum,

463 967 598 1012 cum
618 967 654 1012 a
678 946 976 1011 centauris
998 948 1261 1011 abietum
1285 951 1529 1013 incussu
1549 950 1991 1026 verberaretur,
2017 952 2099 1014 vi-

462 1058 598 1102 vum
631 1047 692 1100 et
715 1045 983 1101 erectum
1017 1036 1273 1102 subiisse
1305 1048 1550 1102 terram.
1585 1041 1661 1103 Et
1689 1040 1935 1118 Ledam,
1968 1042 2100 1122 ejus

459 1148 593 1212 quae
621 1129 683 1190 in
712 1128 998 1191 feminam
1022 1126 1179 1190 cadit
1198 1128 1635 1209 procreationis
1660 1131 1811 1207 loco,
1833 1131 2097 1194 nativum

460 1219 768 1301 peperisse
798 1236 970 1280 ovum
997 1238 1010 1276 :
1037 1218 1199 1280 unde
1229 1218 1420 1280 forma
1448 1220 1549 1281 illa
1569 1228 1650 1281 tot
1674 1220 1886 1300 pugnis
1908 1237 2097 1299 expe-

458 1310 585 1382 tita,
618 1307 865 1382 Helena,
897 1306 1163 1387 inquam,
1198 1308 1506 1371 eﬂ‘ormata
1534 1310 1631 1373 sit.
1658 1308 1892 1372 Hellem
1916 1309 2095 1373 etiam

461 1405 521 1460 et
542 1398 826 1459 Phrixum
850 1395 1053 1457 arietis
1078 1396 1334 1476 pedibus
1351 1398 1639 1475 volantes,
1666 1399 1939 1461 confecto
1963 1417 2100 1462 cur-

457 1506 551 1563 su,
587 1503 755 1547 mare
779 1484 927 1548 illud
959 1484 1033 1546 ad
1068 1495 1390 1566 utrumque
1423 1487 1586 1550 littus
1616 1506 1825 1568 usque,
1861 1487 2098 1550 Helles-

459 1584 705 1656 pontum
721 1574 797 1636 de
812 1591 878 1636 se
891 1574 1424 1648 nominasse.Quid
1438 1576 1595 1657 quod
1612 1575 1904 1639 Hercules
1919 1576 2096 1639 etiam

2185 506 2461 586 εἰληφέναι
2520 508 2618 573 τὴν
2663 505 2875 573 κλῆσιν.
2939 506 3059 561 Ἔτι
3109 504 3302 562 Καινέα
3346 504 3437 558 τὸν
3480 498 3717 567 Λαπίδην
3762 501 3821 554 τὸ

2183 596 2282 671 μὲν
2333 595 2428 651 ἀπ’
2513 596 2691 675 ἀρχῆς
2765 595 3007 672 γενέσθαι
3083 592 3339 673 παρθένον
3408 591 3495 646 καὶ
3565 601 3822 668 γυναῖκα,

2181 683 2458 754 ἡϐήσαντα
2487 682 2542 741 δὲ
2575 687 2648 749 εἰς
2680 684 2838 762 ἄνδρα
2870 687 3223 759 μεταστῆναι,
3270 682 3333 737 τὸ
3394 677 3442 735 δ’
3498 677 3720 735 ὕστατον
3753 678 3825 735 εἰς

2181 774 2280 840 τὴν
2303 774 2404 851 γῆν
2439 775 2536 830 ὕπὸ
2566 781 2674 830 τῶν
2710 775 3015 851 Κενταύρων
3069 770 3376 843 καταδῦναι,
3435 782 3557 831 ταῖς
3605 766 3824 828 nam;

2181 863 2537 941 τυπτόμενον,
2597 862 2748 940 ὀρθόν
2799 884 2857 919 τε
2930 863 3017 917 καὶ
3075 866 3270 932 ζῶντα.
3332 859 3431 917 Καὶ
3490 854 3668 925 Λήδαν
3726 855 3826 929 μὲν

2182 952 2295 1008 ἀντὶ
2323 953 2422 1019 τῆς
2462 954 2801 1019 καθηκούσης
2859 949 3063 1027 γυναικὶ
3118 948 3429 1011 τεκνώσεως
3482 948 3591 1005 ὠοῦ
3643 958 3828 1000 τεκεῖν

2182 1043 2357 1120 φύσιν,
2391 1042 2445 1107 ἐς
2477 1043 2535 1099 οἷ
2567 1042 2627 1099 τὸ
2669 1041 3048 1121 περ’μάχητον
3079 1038 3247 1113 εἶδος,
3275 1038 3370 1105 τὴν
3402 1035 3625 1103 Ἑλένην
3655 1034 3823 1108 λέγω.

2180 1134 2485 1198 τυπωθῆναι
2522 1151 2538 1168 θ
2570 1134 2671 1199 τὴν
2701 1130 2754 1187 δὲ
2786 1130 2996 1197 ’Ἕλλην
3026 1129 3124 1188 καί
3158 1127 3347 1206 Φρίξον
3379 1126 3466 1183 ἐπὶ
3508 1131 3657 1203 κριοῦ
3708 1136 3832 1187 τοῖς

2180 1221 2305 1278 ποσὶ
2374 1220 2700 1295 πετομένους
2771 1218 2857 1294 52,
2928 1221 3018 1277 τὸν
3129 1219 3291 1296 πόρον
3402 1216 3831 1290 κστανύσαντας,

2182 1306 2368 1387 [1328
2399 1308 2507 1389 Β]
2537 1310 2635 1376 τὴν
2692 1309 2776 1390 ἐφ’
2834 1309 3058 1386 ἑκάτερα
3115 1307 3376 1364 θάλατταν
3423 1303 3833 1373 Ἑλλήσποντον

2179 1398 2270 1476 ἀφ’
2303 1400 2502 1455 ἑαυτῶν
2529 1399 2593 1448 33
2623 1401 3065 1478 προσαγορεῦστι,
3099 1399 3198 1454 Τὸν
3244 1394 3287 1451 δ’
3335 1393 3600 1473 Ἠρακλέα
3632 1393 3727 1447 καὶ
3764 1392 3833 1446 τὰ

2180 1487 2391 1566 πελάγη
2452 1489 2571 1567 μὲν,
2633 1492 2692 1544 οὗ
2747 1488 2988 1566 μέγιστοι
3037 1492 3330 1565 χειμῶνες,
3389 1484 3444 1539 ἐν
3487 1479 3829 1547 λέϐητιδια-

2180 1574 2362 1655 πλεῖν,
2396 1574 2538 1655 [720
2569 1575 2667 1654 Η.]
2702 1577 2801 1644 τὴν
2831 1575 2885 1632 δὲ
2919 1573 3119 1643 Λιϐύην
3153 1574 3385 1651 ἄσπορον
3421 1570 3635 1649 ἅνδδρον
3683 1570 3830 1626 ἁπό-

457 1671 621 1726 vasta
645 1662 855 1740 maria,
872 1661 976 1724 ubi
1002 1663 1277 1726 maximae
1300 1665 1575 1727 oriuntur
1602 1674 2009 1747 tempestates,
2035 1666 2095 1727 in

2181 1688 2362 1746 ρευτον
2418 1668 2766 1747 ὑπάρχουσαν
2827 1669 2990 1743 μόνον
3048 1664 3407 1744 διεξέρχεσθαι
3475 1662 3562 1735 54,
3636 1666 3717 1733 τῷ
3774 1658 3833 1716 δὲ

458 1753 581 1818 olla
602 1769 882 1814 emensus
899 1751 1006 1816 sit:
1026 1752 1355 1815 etAfricam
1381 1757 1675 1817 sementis
1688 1764 1745 1816 et
1765 1772 1935 1837 aqua:
1959 1755 2095 1817 viae-

2181 1754 2555 1813 ’Ἃτλαντιτὸν
2609 1756 2926 1824 τηλικοῦτον
2984 1754 3314 1819 διαδέξασθαι
3363 1752 3586 1828 κόσμον,
3655 1750 3828 1829 πρόα-

461 1862 577 1925 que
598 1850 908 1922 expertem
925 1841 1091 1904 solus
1108 1842 1444 1923 peragrarit
1464 1866 1477 1908 :
1499 1852 1556 1906 et
1576 1843 1649 1906 ab
1663 1844 1898 1906 Atlante
1922 1852 2095 1907 tanta!

2180 1846 2574 1924 ταγμαδδμὲν
2606 1848 2700 1903 οὒκ
2759 1846 2983 1925 ἔχοντα,
3050 1846 3210 1923 χάριν
3268 1842 3321 1898 δὲ
3382 1842 3678 1915 τιθέμενον.
3730 1841 3835 1896 Καὶ

459 1930 886 2010 magnitudinis
917 1940 976 1994 et
1005 1933 1305 2008 gravitatis
1335 1932 1623 1995 mundum
1656 1933 1717 1994 in
1749 1951 1813 1995 se
1844 1950 2095 2013 recepe-

2180 1942 2255 2009 τῷ
2285 1935 2383 2010 μὲν
2435 1933 2623 2013 Ὀρφεῖ
2680 1937 2995 2011 κιθαρίζοντι
3053 1932 3137 1990 δια
3196 1931 3541 2012 φιλομουσίαν
3602 1927 3669 1984 τά
3728 1928 3832 2006 ὄρη

454 2022 536 2083 rit
566 2042 581 2082 :
618 2039 736 2082 non
765 2019 922 2100 quod
956 2021 1300 2082 mandatum
1333 2020 1609 2096 haberet,
1635 2022 1742 2084 sed
1773 2030 1998 2084 tantum
2034 2030 2095 2083 ut

2180 2025 2389 2088 καὶτὰς
2444 2025 2640 2100 πέτρας
2693 2024 3029 2101 ἀκολουθεῖν,
3088 2023 3213 2101 κρέα
3268 2020 3323 2077 δὲ
3379 2019 3669 2094 ὀπτώμενα
3723 2024 3834 2074 τῶν

455 2110 702 2189 gratiam
723 2108 945 2171 iniret?
968 2106 1120 2181 Quid
1141 2108 1302 2190 quod
1326 2110 1505 2172 4451)
1527 2109 1777 2191 Orphei,
1806 2111 2095 2173 citharam

2179 2110 2359 2168 Ἧλίο)
2390 2113 2527 2187 βοῶν
2573 2114 2756 2179 φωνὴν
2814 2116 3096 2190 προίεσθαι
3158 2124 3273 2173 τοῖς
3318 2109 3613 2186 ἀνθρώποις
3670 2128 3832 2162 συνε-

461 2199 776 2281 pulsantis,
828 2198 1078 2278 vestigia
1131 2217 1367 2262 montes
1399 2208 1456 2262 et
1485 2200 1745 2280 scopuli,
1798 2218 2004 2263 amore
2034 2208 2095 2263 et

2178 2204 2298 2272 τήν.
2334 2208 2447 2258 Τῶν
2493 2200 2546 2257 δὲ
2578 2201 3004 2282 μετηλλαχότων
3035 2204 3126 2258 τὸν
3155 2202 3265 2277 βίον
3321 2198 3407 2255 ἐπὶ
3450 2198 3664 2277 σχολῆς
3699 2198 3833 2271 πρὸς

456 2290 658 2352 studio
683 2288 930 2351 musicae
955 2288 1205 2350 sectati?
1233 2288 1306 2350 Et
1329 2308 1539 2352 carnes
1564 2289 1741 2351 boum
1769 2291 1914 2352 solis
1938 2291 2095 2352 inter

2178 2288 2429 2349 Ὀδυσσέα
2490 2288 2859 2371 διεξέρχεσθαι
2911 2289 3229 2358 παντοδαπῆ
3284 2286 3350 2338 56
3401 2286 3726 2366 ἀδολεσχίαν
3770 2285 3834 2343 ἐκ

453 2378 775 2442 assandum
795 2395 1006 2439 vocem
1028 2377 1338 2439 hominum
1364 2379 1694 2441 intellectui
1716 2379 1948 2441 obviam
1969 2380 2094 2442 edi-

2178 2386 2276 2448 τῆς
2307 2380 2546 2457 ἀμόρφου
2579 2388 2732 2445 σκιᾶς
2762 2381 2823 2438 τδ
2872 2386 2967 2447 τῆς
3023 2380 3197 2453 ὅψεως
3258 2379 3619 2456 γινώσκοντας
3676 2374 3831 2431 ἰδίω-

454 2468 659 2531 derint
680 2466 713 2523 ‘?
740 2465 811 2527 Et
841 2466 999 2546 quod
1032 2466 1148 2527 vita
1176 2466 1471 2548 defuncti,
1506 2486 1616 2548 per
1638 2467 1847 2543 otium,
1884 2487 2095 2530 omnes

2182 2492 2281 2545 μα,
2317 2471 2403 2525 καὶ
2435 2474 2555 2533 τοὺς
2587 2470 2687 2543 μὲν
2731 2474 2904 2529 αὐτῶν
2961 2470 3069 2525 ἀπὸ
3122 2476 3216 2525 τεῦ
3272 2469 3439 2523 πίνειν
3483 2468 3541 2521 οὖ
3590 2463 3828 2543 κοιλίας,

452 2557 692 2638 generis
722 2572 1036 2618 sermones
1063 2573 1202 2617 cum
1229 2554 1439 2637 Ulysse
1470 2557 1741 2630 credant,
1760 2575 1831 2619 ex
1856 2557 2095 2619 informi

2182 2561 2241 2615 οὗ
2261 2558 2525 2638 βράγχους
2559 2558 2810 2638 ἔχοντας,
2846 2559 3054 2637 ἐτέρους
3102 2555 3155 2613 δὲ
3208 2554 3488 2636 φοϐεῖσθαι
3540 2556 3633 2610 τὸν
3666 2552 3829 2619 σίδη-

454 2647 670 2710 umbra
686 2644 991 2727 proprium
1009 2643 1179 2706 faciei
1192 2645 1871 2727 agnoscentes?Aliique
1884 2647 2095 2709 horum

2183 2669 2272 2726 ρον
2303 2647 2477 2705 οὒκέτι
2508 2646 2570 2695 37
2601 2646 2923 2713 δυναμένους
2967 2649 3255 2726 τρωθῆναι,
3308 2646 3454 2709 τινας
3513 2641 3569 2699 δὲ
3630 2641 3831 2721 πέτρον

370 2774 375 2777 -
456 2734 689 2814 bibant,
717 2753 851 2798 cum
876 2751 986 2797 nec
1009 2734 1175 2795 alvus
1199 2752 1310 2797 nec
1327 2736 1465 2814 gula
1492 2746 1679 2799 restet
1705 2754 1718 2799 :
1746 2734 1846 2797 alii
1869 2736 2095 2798 ferrum

2187 2735 2379 2792 κυλίειν
2408 2738 2514 2792 τῶν
2544 2738 2810 2810 σωμάτων
2853 2735 3018 2794 πάλαί
3074 2734 3577 2813 κατακεκαυμένων,
3629 2730 3831 2797 ἄλλους

454 2825 875 2897 extimescant,
901 2822 1303 2886 vulnerationi
1334 2832 1534 2886 tamen
1554 2842 1675 2887 non
1696 2824 1953 2906 amplius
1980 2824 2093 2885 ob-

2178 2823 2231 2880 δέ
2289 2822 2518 2895 δικάζειν
2572 2826 2772 2901 ἑτέροις
2833 2826 3145 2893 τεθνηκόσιν
3218 2823 3552 2897 ἀδικήματος
3612 2821 3830 2886 οὐδενὸς

451 2915 666 2979 noxii?
694 2911 981 2977 Nonnulli
1013 2929 1221 2973 saxum
1255 2912 1515 2989 volvant,
1550 2931 1804 2994 quorum
1844 2930 2095 2993 corpora

2178 2914 2533 2993 ὑπάρχοντος⁶
2567 2916 2629 2970 τὸ
2688 2913 2734 2970 δ’
2792 2914 3049 2995 ἔσχατον,
3110 2920 3216 2970 τῶν
3267 2914 3449 2972 οὐκάτι
3500 2911 3670 2968 ὄντων
3700 2912 3826 2975 τοὺς

445 3004 571 3084 jam
606 3003 751 3065 olim
781 3000 1272 3078 conﬂagrarunt?
1321 3002 1528 3083 Aliqui
1556 3003 1733 3064 etiam
1760 3003 1863 3082 jus
1896 3003 2095 3064 dicant

2178 3004 2369 3067 τύπους
2402 3004 2457 3059 ἐν
2488 3003 2728 3082 πορθμίδι
2787 3003 3067 3080 διαπλεῖν,
3128 3003 3357 3083 ἔχοντας
3418 3002 3641 3078 Χάρωνα
3688 3000 3827 3056 ναύ-

450 3093 707 3169 caateris,
727 3091 831 3153 ubi
853 3098 1051 3152 tamen
1076 3090 1228 3152 nihil
1250 3092 1603 3170 injuriarum
1633 3100 1721 3153 est
1745 3091 2094 3172 reliquum?

2178 3092 2375 3171 κληρον
2406 3092 2500 3148 καῖ
2552 3091 2906 3170 κυξῗερνήτην,
2957 3092 3050 3149 ἵνα
3094 3093 3174 3168 μὴ
3218 3090 3671 3170 καταστραφέντες
3724 3090 3827 3146 ὲκ-

2282 3189 2306 3198 -
2371 3181 2385 3198 ς
2462 3180 2511 3198 αι
2765 3182 2805 3198 ,η
3126 3183 3138 3198 ι
3289 3182 3301 3198 ,
3389 3179 3483 3198 ,μκ
3810 3182 3825 3198 ι

449 3182 608 3255 Quid
640 3180 881 3243 tandum
916 3178 1074 3259 quod
1108 3197 1315 3242 eorum
1348 3181 1450 3261 qui
1481 3200 1602 3242 non
1632 3180 1886 3260 amplius
1925 3188 2083 3256 sunt,

2178 3189 2337 3262 φορᾶς
2368 3180 2676 3239 ἒπιδέωνται
2707 3182 2892 3243 πάλιν.
2929 3184 3026 3240 Καὶ
3085 3183 3185 3250 τὴν
3240 3182 3338 3257 μὲν
3387 3179 3683 3246 ’Ἄλκηστιν
3731 3182 3829 3237 καὶ

447 3272 767 3333 simulacra
794 3274 856 3329 ln
890 3266 1101 3348 cymba
1125 3269 1445 3347 trajiciant,
1476 3268 1772 3331 Charonte
1804 3269 2088 3331 nauclero

2178 3269 2543 3346 Πρωτεσίλαον
2628 3272 2721 3328 καὶ
2806 3270 3040 3327 Γλαῦκον
3123 3270 3567 3338 τετελευτηκότας
3648 3266 3821 3323 πάλιν

450 3368 509 3424 et
525 3359 955 3439 gubernatore,
984 3364 1046 3418 ut
1068 3375 1142 3418 ne
1165 3358 1466 3422 submersi
1488 3361 1688 3421 denuo
1710 3359 1939 3421 funeris
1961 3357 2088 3420 ela-

2178 3358 2490 3436 ἆναστῆναι,
2553 3360 2653 3429 τὴν
2711 3359 2805 3437 μὲν
2837 3360 2923 3440 ὑφ’
2980 3359 3305 3440 Ἡρακλέους
3339 3360 3691 3438 ἀναχθεῖσαν,
3722 3358 3821 3412 τον

447 3450 612 3511 tione
640 3467 792 3528 opus
822 3446 1125 3510 habeant?
1154 3448 1229 3511 Et
1255 3447 1415 3524 quod
1436 3447 1717 3524 Alcestis,
1740 3455 1798 3509 et
1818 3448 2089 3511 Protesi-

2178 3446 2227 3504 δέ
2254 3447 2337 3505 διὰ
2367 3451 2457 3507 τὸν
2517 3450 2613 3520 τῆς
2672 3452 2922 3528 γδναικὸς
2957 3450 3023 3499 58
3080 3450 3276 3527 ἔρωτα,
3337 3451 3430 3505 τὸν
3461 3446 3514 3503 δέ
3568 3448 3666 3502 ὕπὸ
3726 3453 3828 3503 τοῦ

446 3539 600 3614 laus,
635 3548 698 3599 et
729 3538 1012 3613 Glaucus,
1038 3544 1170 3616 post
1201 3536 1339 3598 vitae
1365 3537 1545 3599 linem
1570 3536 1862 3616 surgant?
1884 3534 2087 3619 Siqui-

2178 3538 2413 3612 μάντεως
2470 3550 2561 3599 τοῦ
2619 3540 3157 3620 συγκατορυχθέντος·
3219 3544 3313 3593 τοῦ
3372 3535 3424 3593 δὲ
3486 3536 3828 3614 Ἀμφιαράου

446 3628 585 3690 dem
618 3626 780 3689 illam
812 3626 1101 3689 Hercules
1128 3625 1383 3703 reducit,
1440 3627 1618 3688 istum
1670 3625 1872 3688 uxoris
1921 3644 2092 3689 amor

2178 3635 2367 3699 ζῶντος
2398 3630 2458 3685 τὸ
2515 3630 2671 3703 σῶμα
2733 3627 3111 3693 καταδέξασθαι
3165 3628 3301 3702 μετᾶ
3354 3632 3460 3682 τῶν
3507 3624 3693 3682 ἵππων
3729 3629 3823 3682 καὶ

445 3715 813 3790 exstimulat,
874 3716 1033 3778 hunc
1061 3724 1222 3778 vates
1259 3734 1379 3778 una
1415 3715 1687 3780 defessus
1721 3718 1960 3778 excitat.
2014 3717 2089 3779 Et

2178 3724 2261 3774 τοῦ
2292 3716 2467 3796 δίφρου
2520 3720 2617 3786 τὴν
2650 3721 2776 3796 γῆν,
2811 3718 2933 3774 "En
2992 3718 3161 3774 τοίνυν
3215 3716 3432 3780 ὀδόντας
3494 3715 3553 3773 ἐκ
3602 3713 3824 3789 Κάδμου

448 3805 606 3888 quod
638 3806 1006 3887 Amphiarai,
1038 3806 1158 3868 vita
1206 3807 1404 3868 adhuc
1435 3806 1687 3884 integra,
1722 3823 1943 3884 corpus
1968 3823 2088 3867 una

2178 3804 2434 3883 σπαρῆναι
2466 3803 2769 3885 δράκοντος,
2804 3805 2864 3861 ἐκ
2897 3804 2948 3861 δέ
3007 3807 3208 3863 τούτων
3267 3804 3488 3869 ὁπλίτας
3530 3802 3823 3862 ἀνατεῖλαι

441 3915 575 3959 cum
602 3896 772 3976 equis
794 3903 853 3957 et
879 3914 1055 3957 curru
1080 3895 1253 3955 tellus
1276 3894 1595 3956 absorbeat
1612 3900 1639 3955 ?
1664 3892 1733 3952 Et
1757 3893 1917 3972 quod
1940 3892 2089 3954 den-

2178 3897 2516 3973 μαχομένους
2570 3894 2849 3964 ἀλλήλοις.
2913 3897 3016 3954 Τὸν
3072 3895 3125 3951 δέ
3185 3895 3373 3953 Τάλων
3441 3897 3534 3952 τὸν
3604 3893 3824 3972 φύλακα

441 3984 605 4046 tibus
634 4002 669 4045 e
700 3982 906 4045 Cadmi
959 3982 1218 4045 dracone
1272 3981 1678 4043 disseminatis
1708 3980 1818 4041 viri
1849 3982 2083 4054 armati,

2178 3989 2263 4040 τοῦ
2287 3983 2352 4032 39
2382 3984 2525 4039 Μίνω
2551 3986 2663 4063 τρὶς
2694 3984 2791 4059 μὲν
2833 3987 2888 4040 ὲν
2930 3986 3106 4065 ἡμέρᾳ
3143 3991 3317 4042 πᾶσαν
3362 3982 3679 4062 περιπολεῖν
3713 3983 3823 4048 τὴν

444 4073 723 4151 interque
745 4088 810 4132 se
832 4070 1267 4149 depugnantes,
1292 4075 1688 4132 enascantur?
1705 4068 1775 4131 Et
1797 4068 1955 4151 quod
1978 4069 2086 4132 Ta-

2178 4071 2409 4153 Κρήτην,
2446 4071 2775 4141 τηλικαύτην
2807 4074 2989 4148 οὖσαν,
3029 4075 3128 4141 τὴν
3180 4074 3232 4129 δὲ
3292 4074 3433 4144 ζωὴν
3492 4073 3655 4148 μόνον
3704 4077 3822 4127 τῶν

443 4160 560 4235 los,
586 4159 805 4222 Minois
825 4168 1049 4234 custes,
1081 4168 1171 4221 ter
1192 4177 1310 4220 uno
1334 4156 1605 4239 quolibet
1634 4160 1732 4236 die
1758 4168 1935 4221 totam
1962 4160 2086 4222 cir-

2178 4161 2433 4241 ἒμψύχων
2462 4169 2647 4220 τοῦτον
2679 4163 2733 4217 ἐν
2789 4171 2868 4237 τῷ
2925 4170 3134 4242 σφυρρῷ
3190 4163 3500 4230 κεκτῆσθαι,
3568 4162 3663 4219 Καὶ
3720 4164 3824 4219 τοῦ

447 4248 856 4323 cumambulet
876 4246 1133 4322 Cretam,
1157 4257 1271 4311 tam
1300 4247 1476 4327 longe
1500 4250 1734 4330 lateque
1761 4256 2085 4331 patentem,

2178 4252 2318 4308 Μίνω
2349 4249 2403 4306 δὲ
2450 4251 2736 4331 ἀμήχανον
2793 4253 2937 4309 εἶναι
2998 4250 3295 4330 παραλῦσαι
3347 4253 3437 4307 τὸν
3490 4252 3622 4327 βίον,
3657 4251 3701 4305 εἰ
3732 4250 3819 4325 μὴ

447 4339 731 4419 solusque
772 4338 1163 4400 animatorum
1215 4341 1272 4399 in
1301 4344 1415 4400 tato
1446 4338 1626 4401 vitam
1654 4339 1994 4419 possideat?
2016 4339 2090 4401 Et

2178 4361 2249 4406 τις
2280 4340 2421 4416 αὒτῷ
2450 4339 2567 4412 ζέον
2596 4339 2731 4420 ὕδωρ
2765 4340 3050 4421 καταχέαι,
3121 4342 3254 4419 Πρὸς
3307 4341 3513 4402 τούτοις
3573 4341 3673 4395 ὑπὸ
3712 4340 3823 4414 μὲν

449 4428 606 4510 quod
629 4427 809 4489 Minoi
832 4433 946 4488 vita
967 4426 1244 4507 abrumpi
1268 4429 1667 4508 nequeat,nisi
1694 4428 1830 4505 quis
1850 4430 2085 4491 ferven-

2178 4435 2269 4499 τῆς
2331 4428 2564 4496 Μηδείας
2616 4430 2839 4509 γέροντα
2910 4432 3056 4508 κριὸν
3129 4428 3367 4504 ἐπῳδαῖς
3440 4430 3820 4506 μεταπεσόντα

447 4526 565 4580 tem
592 4517 647 4579 ei
674 4534 885 4598 aquam
910 4516 1175 4578 atl‘undat
1196 4516 1221 4577 ’ἰ
1242 4518 1333 4579 Ad
1353 4519 1477 4579 hinc
1494 4517 1653 4599 quod
1682 4518 2087 4581 incantatione

2178 4520 2289 4577 νέον
2318 4518 2557 4598 γενέσθαι
2589 4519 2771 4592 πάλιν,
2806 4522 2908 4576 ὑπο
2963 4518 3017 4575 δὲ
3071 4526 3177 4576 τῶν
3235 4518 3505 4576 Πελιάδων
3561 4521 3818 4592 καθεψη-

447 4607 676 4671 Μεόεω
698 4608 1045 4667 immutatus
1065 4623 1247 4667 senex
1267 4608 1470 4668 hircus
1491 4607 1562 4668 ad
1581 4607 1961 4686 jnventutem
1985 4626 2086 4669 re-

2178 4613 2324 4676 θῆναι
2358 4610 2449 4665 τὸν
2480 4607 2683 4686 πατέρα
2714 4608 2930 4683 Πελίαν,
2994 4608 3086 4664 ’ίνα
3147 4609 3368 4687 γένηται
3430 4607 3568 4673 νέος.
3605 4608 3710 4670 Τὰς
3754 4608 3816 4664 δὲ

451 4696 649 4772 dierit,
685 4705 743 4760 et
772 4714 807 4758 a
838 4695 1179 4759 Peliadibus
1206 4695 1476 4757 incoctus
1500 4695 1575 4757 sit
1599 4704 1790 4776 pater,
1826 4705 1889 4757 ut
1919 4697 2089 4779 reju—

2178 4696 2427 4777 Φορκὶδας
2457 4708 2605 4775 τρεῖς
2659 4696 2754 4770 μὲν
2814 4696 2971 4762 οὔσας
3028 4699 3240 4776 γραίας,
3301 4697 3384 4752 ὲνῖ
3414 4694 3467 4753 δὲ
3523 4695 3817 4776 χρωμένας

447 4783 833 4850 venesceret?
847 4784 1083 4867 thuod
1100 4793 1219 4846 tres
1235 4802 1383 4846 anus
1396 4785 1723 4848 Phorcidas
1736 4785 1916 4847 unius
1929 4786 2089 4849 oculi

2178 4787 2450 4868 ἔφθαλμῷ,
2480 4784 2737 4864 διεξάγειν
2768 4788 2857 4845 τὸν
2888 4787 3001 4862 βίον
3042 4786 3234 4843 ἄλυτον
3285 4784 3410 4865 παρ’
3440 4785 3504 4836 40
3554 4784 3817 4855 ἀλλήλων

447 4896 558 4939 usu
578 4877 755 4937 vitam
777 4872 1481 4954 exigant,indissolubilis
1504 4873 1736 4935 interse
1762 4872 1900 4935 fidei
1923 4893 2087 4937 com-

448 4971 747 5028 mutantes
780 4962 1009 5025 vicem?
1060 4962 1206 5025 Item
1237 4964 1394 5044 quod
1426 4962 1705 5029 Arcadia
1734 4964 1997 5027 cultores
2027 4972 2089 5027 et

447 5055 687 5132 Atticae,
720 5053 1035 5132 terrigenae
1065 5052 1186 5115 sint
1207 5062 1265 5114 et
1297 5062 1512 5133 praeter
1538 5060 1809 5114 naturam
1835 5053 1990 5116 orti?
2017 5053 2089 5115 Et

450 5144 611 5227 quod
640 5150 893 5208 mactata
921 5143 984 5204 in
1016 5142 1232 5207 Aulide
1262 5143 1449 5205 vivam
1482 5160 1548 5206 se
1570 5141 1911 5206 exhibuerit
1927 5144 2084 5226 apud

2170 4878 2304 4933 κατὰ
2360 4875 2515 4954 μέρος
2570 4872 2927 4951 ἆμειϐομένας
2990 4877 3186 4939 πίστιν,
3243 4875 3363 4933 ’Έτι
3424 4874 3477 4931 δέ
3533 4876 3655 4937 τοὺς
3705 4876 3814 4942 τὴν

2170 4963 2447 5045 Ἀρκαδίαν
2505 4965 2778 5028 οἰκοῦντας
2837 4968 2922 5022 καὶ
2982 4966 3079 5033 τὴν
3135 4965 3391 5032 ’Δττικὴν
3446 4976 3699 5044 γηγενεῖς
3752 4986 3813 5022 τε

2169 5056 2311 5113 εἶναι
2340 5057 2427 5110 καὶ
2462 5055 2601 5132 παρὰ
2631 5055 2781 5132 φύσιν
2812 5054 3108 5133 γεγονέναι,
3170 5056 3268 5112 Καὶ
3319 5058 3421 5122 τὴν
3462 5055 3559 5131 μὲν
3607 5057 3663 5112 ἓν
3694 5056 3813 5112 Αὔ-

2168 5142 2269 5203 λίδι
2325 5154 2623 5223 σφαγεῖσαν
2681 5142 2737 5200 ἐν
2769 5144 2992 5224 Ταύροις
3055 5143 3386 5225 ἀναφανῆναι
3444 5150 3647 5219 ζῶσαν,
3704 5144 3809 5213 τὴν

1753 5300 2019 5367 νΑΙιΙΑε
2070 5301 2503 5368 LECTIONES.

525 5435 581 5479 33
608 5448 710 5497 an.
769 5431 1120 5508 πετομένουῩ
1199 5427 1255 5474 ³³
1282 5429 1312 5486 ἂ
1356 5428 1372 5453 ⁹
1416 5431 1618 5488 ἑαυτῶν
1674 5427 2038 5499 ἐλλήσποντον
2080 5427 2150 5489 Β.
2233 5426 2290 5471 3‘
2330 5427 2629 5508 διέρχεσθαι
2671 5426 2753 5501 ς.
2838 5425 2893 5470 ³⁵
2934 5428 3253 5507 πρόσταγμα
3293 5427 3420 5507 μὲν]
3466 5448 3806 5507 προστεταγ-

525 5537 582 5567 να
609 5512 680 5567 Α-
766 5510 819 5554 ³6
852 5510 1197 5567 παντοδαπὴν
1228 5509 1295 5567 Β.
1316 5454 1389 5567 tu
1409 5543 1487 5558 —
1518 5511 1876 5567 γινώσκοντας
1908 5541 1987 5555 --
2014 5508 2121 5566 ἀπὸ
2151 5510 2259 5567 soul
2294 5512 2626 5567 γινώσκοντα
2658 5541 2734 5553 -
2763 5506 2998 5567 αἵματος
3028 5507 3445 5567 Hemsterhus.
3476 5506 3722 5567 Lucian.
3759 5525 3805 5567 l.

447 5515 582 5591 μένα
607 5512 680 5575 Α.
766 5510 819 5554 ³6
852 5510 1197 5592 παντοδαπὴν
1228 5509 1296 5592 Β,

446 5590 506 5676 p.
542 5593 686 5695 n407
737 5610 797 5656 α.
863 5590 935 5696 ,⁸7
966 5591 1161 5672 οὖγέτι]
1222 5594 1281 5651 οὒ

440 5674 506 5730 40
535 5673 727 5736 αλυτον
755 5695 861 5756 παρ
912 5691 1031 5740 om.
1055 5672 1128 5740 A.

1356 5533 1389 5567 κ
1409 5511 1876 5636 -ὃέινώσκοντας
1908 5541 1987 5555 --
2014 5508 2121 5566 ἀπὸ
2151 5510 2259 5588 τοῦ]
2294 5506 2626 5587 γινώσκοντα
2658 5541 2734 5553 —-
2763 5506 2998 5585 αἵματος
3028 5506 3445 5571 Ηθωειθιδῒιιιὲ.
3476 5506 3722 5570 Lucian.
3759 5525 3805 5571 1.

1356 5591 1384 5636 ἶ
1572 5592 1664 5636 τὸν
1712 5594 1812 5636 εἰς
1872 5586 1954 5636 ν]
1998 5590 2096 5636 τῖε
2137 5613 2173 5636 ν
2239 5590 2330 5636 τὸν
2382 5590 2445 5636 Δγ
2537 5587 2591 5635 39
2619 5586 2794 5636 τάλων
2826 5590 2918 5636 τὸν
2949 5589 3156 5636 miluum
3188 5598 3277 5636 τοῦ
3322 5592 3358 5636 Δ
3389 5608 3402 5623 ·
3428 5588 3686 5636 ἷταλωτὸυ
3714 5588 3800 5636 Ε.-

1572 5592 1664 5651 τὸν
1712 5594 1812 5660 τῆς
1872 5586 1954 5673 γ.]
1998 5590 2096 5662 τῆς
2137 5613 2197 5672 γ.
2239 5586 2330 5651 τὸν
2372 5590 2451 5657 Α,
2537 5587 2591 5635 39
2619 5586 2794 5651 τᾶλων
2826 5590 2918 5651 τὸν
2949 5589 3156 5675 φύλακα
3188 5598 3277 5650 τοῦ
3317 5592 3362 5653 Α
3389 5608 3403 5655 :
3428 5588 3686 5650 ίταλωτὸν
3714 5588 3802 5666 ς.
