4008 6210
536 369 613 434 43

1729 367 1828 431 ΡΗ
1835 368 1994 432 OTII
2043 361 2559 430 PATRIABCH/E
2601 368 2718 431 GP.
3814 363 3882 431 44

529 507 766 570 fortuna
789 515 848 573 et
866 507 1088 570 infelici
1120 503 1515 586 trepidatione
1539 511 1835 583 anguntur
1862 526 1874 561 :
1905 521 2018 565 nec
2042 520 2147 563 ava

2250 499 2426 579 βλάϐῃ
2473 503 2719 580 σώματος
2754 502 3012 578 πολεμίου
3043 502 3366 583 σφᾶλλονται
3395 501 3456 552 97
3515 501 3611 583 ιδ’]
3646 502 3699 558 ἐν
3754 501 3881 557 ἄτυ-

529 597 680 660 ritim
709 597 904 660 studio
933 597 1117 659 multa
1147 595 1208 657 in
1237 594 1387 657 alios
1418 595 1820 671 committunt;
1868 591 2172 674 multaque

530 693 737 748 contra
783 685 1085 768 recipiunt
1115 683 1189 746 de
1223 682 1393 745 malis
1443 702 1564 746 non
1611 682 1993 746 necessariis.
2045 682 2171 745 Nec

524 773 869 837 inimicitias
893 773 1005 836 sibi
1030 774 1290 836 conﬂant
1321 773 1599 854 majores,
1635 773 1691 834 in
1716 771 1963 834 ferenda
1985 772 2172 833 invisa

525 863 762 944 corpori
793 881 972 946 noxa;
1009 881 1123 926 nec
1144 863 1203 924 in
1226 861 1691 928 domesticorum
1716 861 2057 924 infortuniis
2077 860 2169 921 la-

523 952 793 1030 bascunt,
814 971 925 1015 nec
943 953 1271 1034 navigando
1285 1003 1298 1028 ,
1312 963 1370 1016 et
1392 953 1544 1016 lucri
1568 953 1754 1032 gratia
1774 953 1904 1013 vitae
1929 950 2168 1012 modum

520 1059 701 1123 supra
753 1063 927 1126 quam
989 1045 1076 1107 fas
1135 1051 1224 1107 est
1257 1043 1655 1119 extendendo,
1715 1041 1980 1105 adversis
2037 1041 2171 1102 vitae

516 1133 754 1197 casibus
785 1134 1201 1213 agritudinem
1229 1133 1598 1196 metiuntur:
1633 1133 1741 1194 sed
1773 1132 1913 1194 dum
1943 1130 2170 1210 exiguis

513 1221 814 1303 indigent,
837 1225 1050 1305 exigua
1073 1225 1250 1286 etiam
1279 1223 1508 1287 dolent.
1535 1223 1700 1296 Quod
1726 1222 1885 1285 enim
1911 1220 2058 1284 satis
2081 1226 2171 1284 est

513 1318 744 1390 tenent,
800 1322 857 1376 et
905 1314 1064 1396 quod
1097 1316 1228 1396 plus
1260 1321 1350 1377 est
1380 1333 1498 1376 non
1552 1313 1878 1394 inquirunt.
1932 1310 2166 1374 Unum-

511 1421 818 1485 quemque
847 1413 1045 1467 autem
1076 1403 1383 1485 perturbat
1412 1423 1532 1466 non
1562 1403 1622 1466 id
1655 1403 1812 1485 quod
1838 1403 2091 1480 ignorat,
2116 1403 2165 1463 si

512 1489 687 1570 absit,
723 1494 828 1556 sed
861 1495 1022 1576 quod
1055 1494 1243 1558 libera
1265 1495 1572 1558 voluntate
1601 1494 1850 1576 appetit,
1873 1493 1923 1553 si
1951 1507 2161 1572 prope-

507 1588 678 1646 rante
714 1584 1039 1664 cupiditate
1062 1585 1135 1648 ab
1163 1588 1481 1648 occasione
1508 1583 1753 1647 fruendi
1780 1582 2154 1644 destituatur.

2254 593 2400 672 χίαις
2460 594 2690 650 οἰκείων·
2738 592 2923 673 [135Ξ
2995 595 3090 672 3.]
3136 592 3252 651 οὐδὲ
3297 592 3712 668 ναυτιλλόμενοι,
3758 591 3880 670 κέρ-

2253 680 2370 746 δους
2420 681 2578 740 ἕνεκα
2609 686 2670 740 τὸ
2713 690 2809 760 ζῇν
2835 685 3254 762 ὑπερτείναντες,
3307 682 3738 763 προσπταίσμασι
3793 690 3882 740 τοῦ

2252 773 2367 848 βίου
2429 781 2676 850 μετροῦσι
2744 774 2843 840 τὴν
2901 773 3097 842 λύπηνο
3164 773 3303 830 ἄλλα
3374 779 3578 852 μικρῶν
3646 769 3881 845 δεόμενοι

2256 863 2416 939 μὶκρὰ
2459 865 2544 918 καὶ
2599 867 2866 939 πενθοῦσι,
2905 864 2963 920 td
3008 865 3107 938 μὲν
3163 863 3355 944 ἀρκοῦδ
3410 862 3695 937 κτώμενοι,
3739 862 3799 917 τὸ
3827 857 3883 915 δὲ

2251 950 2414 1008 πλέον
2485 951 2544 1010 οὗ
2606 960 2911 1024 ζητοῦντες,
2987 951 3244 1033 Ἐνοχλετ
3301 951 3342 1009 δ’
3419 951 3643 1010 ἕκαστον
3699 951 3758 1008 οὗ
3821 951 3883 1005 τὸ

2251 1040 2628 1118 ἀγνοούμενον,
2692 1045 2736 1099 εί
2807 1044 2884 1119 μὴ
2943 1045 3220 1118 πάρεστιν,
3280 1041 3416 1098 ἃλλᾶ
3485 1042 3546 1097 τὸ
3601 1039 3878 1118 βουλητὸν,

2253 1128 2379 1187 ὅταν
2433 1132 2672 1209 ὑστερίζῃ
2730 1144 2818 1193 τοῦ
2887 1140 3075 1212 καιροῦ
3122 1133 3220 1200 τῆς
3293 1133 3572 1207 ἐπιθυμίας
3629 1127 3882 1187 σπευδού-

2251 1241 2376 1286 σης.
2432 1221 2631 1280 Οὐκοῦν
2689 1223 2896 1288 ἐκεῖνος
2940 1221 3097 1282 πάντ’
3155 1223 3301 1304 ἔχων
3360 1221 3392 1278 ἂ
3448 1221 3612 1296 θέλει,
3645 1217 3880 1298 advexti-

2251 1331 2331 1366 σει
2377 1310 2441 1360 98
2484 1313 2620 1369 κατὰ
2661 1315 2754 1371 τὸν
2797 1319 2896 1382 τῆς
2941 1317 3146 1393 φύσεως
3189 1313 3472 1392 λογισμὸν,
3508 1311 3567 1368 οὒ
3617 1311 3750 1367 κατὰ
3789 1311 3879 1364 τὸν

2248 1402 2345 1468 τῆς
2413 1401 2590 1470 δόξης.
2653 1405 2854 1480 Νόμοις
2914 1402 2970 1460 δὲ
3035 1405 3093 1461 οὗ
3148 1401 3494 1462 δικαιοῦνται·
3555 1402 3606 1458 τί
3658 1400 3757 1478 γὰρ
3796 1397 3878 1455 δεῖ

2245 1495 2617 1572 προστάγματι
2693 1492 2958 1552 δουλεύειν
3027 1495 3117 1551 τὸν
3191 1495 3358 1574 χωρὶς
3402 1491 3718 1572 γράμματος
3786 1490 3874 1545 εὖ-

2240 1597 2540 1660 γνωμονεῒν
2585 1586 2868 1661 νυνᾶμενον
2901 1604 2916 1658 ;

507 1668 799 1741 Quocirca
844 1671 946 1736 ille
982 1683 1196 1737 cuncta
1245 1673 1474 1737 habens
1508 1693 1639 1755 quae
1689 1672 1854 1748 velit,
1886 1670 2098 1733 beatus
2128 1667 2263 1746 erit,
2297 1671 2400 1750 qui
2455 1673 2529 1733 ad
2563 1681 2810 1756 naturas,
2846 1692 2964 1735 non
3003 1671 3309 1754 opinionis
3333 1669 3628 1752 judicium
3679 1686 3742 1731 se
3772 1685 3874 1730 ac-

503 1761 927 1824 commodabit.
960 1762 1081 1826 Nec
1111 1763 1344 1844 legibus
1374 1764 1475 1844 jus
1507 1764 1869 1843 disceptant.
1903 1759 2053 1832 Quid
2087 1759 2248 1820 enim
2309 1778 2459 1842 opus
2492 1771 2582 1824 est
2613 1763 2808 1826 edicto
2841 1761 3185 1826 subservire
3215 1779 3350 1824 eum
3384 1761 3485 1843 qui
3515 1759 3649 1822 sine
3677 1758 3870 1820 littera

502 1857 724 1911 rectam
757 1852 1004 1928 habere,
1039 1862 1096 1915 et
1128 1853 1299 1917 factis
1331 1853 1621 1916 exhibere
1654 1860 1920 1914 mentem
1966 1855 2162 1931 potest
2189 1853 2219 1910 ?

585 1938 727 2004 CAP.
773 1941 953 2006 XXII.
1000 1944 1354 2024 {Ethiopum
1384 1945 1543 2007 circa
1573 1943 1812 2005 Meroen
1859 1942 2057 2004 victus
2087 1945 2150 2000 et

2313 1941 2461 2022 [734
2509 1942 2616 2026 Η.]
2664 1945 2785 2004 ’Ότι
2831 1946 2964 2021 μετᾶ
3023 1946 3142 2010 τοὺς
3189 1942 3567 2024 ’ἰχθυοφάγους
3597 1941 3737 2017 παρὰ
3786 1941 3878 1996 τὸν

500 2030 840 2096 calamitas.
878 2068 950 2078 —
983 2032 1125 2095 Post
1155 2031 1656 2115 IchtbyOphagos,
1705 2033 1873 2112 juxta
1920 2031 2146 2092 flumen

500 2119 850 2198 Astabaran,
879 2123 980 2203 qui
1013 2142 1118 2203 per
1146 2123 1507 2204 {Ethiopiam
1533 2131 1592 2185 et
1620 2120 1860 2203 Libyam
1884 2119 2149 2182 defertur

495 2208 675 2289 longe
707 2212 841 2275 Nilo
873 2211 1514 2294 submissior,ideoque
1535 2212 1766 2275 alveum
1801 2229 1975 2273 suum
2007 2226 2145 2270 cum

495 2300 724 2379 majore
773 2303 1172 2382 conjungens,
1206 2304 1431 2366 ambitu
1462 2322 1571 2365 suo
1602 2302 1842 2364 Meroen
1888 2298 2146 2361 insulam

494 2387 702 2454 efficit.
753 2388 945 2470 Hujus
996 2391 1176 2470 igitur
1206 2395 1399 2454 amnis
1429 2393 1594 2474 ripas
1642 2401 1921 2472 utrasque
1973 2389 2149 2453 turba

494 2479 766 2556 quaedam
793 2480 1106 2543 hominum
1139 2482 1353 2544 accolit
1383 2501 1500 2545 non
1527 2498 1872 2554 numerosa,
1893 2480 1992 2542 tali
2017 2479 2149 2541 vit-'e

491 2570 728 2632 ratione
753 2591 766 2633 :
794 2571 890 2648 Ex,
903 2570 1098 2632 vicina
1121 2571 1338 2653 palude
1358 2572 1724 2634 arundinum
1749 2569 1984 2632 radices
2007 2569 2146 2631 effo-

493 2656 600 2736 dit,
659 2677 925 2742 pureque
955 2660 1188 2724 ablutas
1218 2665 1373 2726 saxis
1405 2663 1465 2723 in
1498 2661 1756 2723 frustula
1804 2659 2148 2740 confringit.

492 2746 638 2811 Cum
689 2751 770 2812 ibi
818 2751 1022 2813 Iaevem
1058 2759 1119 2814 et
1148 2753 1435 2815 viscosam
1487 2751 1812 2814 reddidere
1864 2768 2146 2832 massam,

2231 2032 2566 2114 Ἀσταϐάραν
2621 2039 2887 2112 ποταμὸν,
2921 2035 2979 2101 ’ὃς
3035 2034 3246 2116 φέρεται
3277 2034 3375 2110 μὲν
3433 2030 3518 2088 διὰ
3546 2033 3644 2098 τῆς
3700 2031 3878 2087 Δίθιο-

2229 2121 2354 2187 πίας
2405 2126 2493 2181 καὶ
2528 2125 2620 2194 τῆς
2678 2125 2899 2200 Λιϐύης,
2935 2125 3048 2182 ἔστι
3083 2124 3134 2180 δὲ
3179 2131 3272 2181 τοῦ
3316 2123 3503 2182 Νείλου
3559 2117 3746 2195 πολλῷ
3775 2142 3876 2177 τα-

2231 2215 2562 2292 πεινότερος,
2597 2215 2914 2291 συμϐάλλων
2973 2214 3027 2272 δὲ
3059 2217 3157 2283 τὴν
3201 2215 3399 2271 οἰκείαν
3430 2211 3602 2292 ὁρμὴν
3631 2217 3708 2285 τῷ
3751 2211 3875 2286 μεί-

2230 2308 2342 2372 ζονι
2392 2303 2576 2383 ῥείθρῳ
2620 2305 2782 2374 νῆσον
2814 2319 2963 2364 ποιεῖ
3011 2311 3080 2382 τῇ
3141 2303 3433 2383 περιῤῥύσει
3480 2302 3578 2370 τὴν
3640 2303 3872 2378 Μερόην,

2232 2425 2309 2438 -
2343 2397 2485 2472 παρὰ
2533 2403 2657 2476 γοῦν
2689 2397 2780 2453 τὸν
2831 2398 3108 2473 εἰρημενον
3143 2396 3386 2467 ποταμὸν
3416 2391 3500 2448 ἐπ’
3553 2390 3870 2471 ἀμφοτέροις

2229 2499 2477 2543 κατοικεῖ
2539 2500 2654 2550 τοῖς
2709 2485 2946 2567 χείλεσιν
2999 2483 3163 2565 ὄχλος
3215 2487 3273 2544 οὗ
3329 2480 3496 2546 πολὺς
3540 2483 3658 2558 μὲν,
3690 2485 3762 2552 τῷ
3805 2478 3864 2535 δὲ

2228 2574 2326 2649 βίῳ
2391 2582 2655 2640 τοιοῦτος·
2701 2577 2796 2632 Ἐκ
2852 2582 2944 2634 τοῦ
3006 2576 3340 2654 παρήκοντος
3399 2571 3549 2634 ἕλους
3603 2571 3668 2626 τὰ
3729 2570 3874 2648 ῥίζας

2235 2669 2342 2718 τῶν
2402 2666 2656 2742 καλάμων
2701 2667 2940 2744 ὃμύττει,
2976 2665 3203 2722 κᾶπειτα
3250 2663 3449 2728 πλύνας
3478 2665 3716 2737 καθαρῶς
3775 2660 3873 2716 ἔκ-

2237 2753 2420 2811 κόπτει
2473 2755 2637 2820 λίθοις
2668 2758 2800 2836 πρὸς
2847 2756 3031 2834 μέρος,
3065 2756 3294 2825 ποιήσας
3342 2752 3396 2809 δὲ
3446 2751 3566 2808 λεϊο
3595 2751 3684 2807 καὶ
3735 2749 3872 2806 κολ-

492 2839 814 2917 particulas
875 2841 1019 2904 inde
1078 2860 1196 2904 non
1231 2843 1475 2903 omnino
1511 2859 1792 2903 manuum
1827 2840 2150 2925 implentes

2242 2841 2396 2909 λῶδες
2447 2844 2744 2904 ἀνέπλασεν
2775 2846 2830 2902 ἐν
2888 2843 3133 2925 μαγίδοε,
3180 2845 3225 2900 εἷ
3257 2845 3343 2900 καὶ
3375 2844 3435 2900 οὗ
3464 2838 3871 2920 χειροπλήθεις,

491 2929 826 3008 eﬂ'ormant,
883 2941 941 2994 et
971 2932 1042 2994 ad
1075 2932 1223 2995 solis
1253 2941 1460 2995 metum
1493 2931 1674 2992 Αὔρα
1705 2938 1931 2994 assatas
1961 2920 2146 2992 edulii

2242 2933 2442 3012 ἴγκους,
2478 2949 2597 2994 εἶτα
2653 2937 2708 2992 ἐν
2756 2943 2832 3011 τῷ
2884 2920 3130 3009 καύματι
3172 2933 3459 3011 παροπτῶν
3488 2931 3684 2998 ταύτην
3741 2928 3866 3010 ἔχει

486 3017 618 3082 loco
640 3031 975 3101 apponunt.
1000 3021 1146 3084 Cum
1168 3022 1321 3085 malo
1345 3022 1766 3083 conflictantur
1787 3020 2137 3096 inevitabili,

2242 3026 2550 3106 τροσφοράν.
2607 3025 2836 3106 Ἔχουσι
2870 3023 2924 3081 δὲ
2957 3027 3104 3082 οὗτοι
3135 3025 3302 3080 κακὸν
3359 3020 3610 3101 ἄφυκτον,
3642 3023 3764 3077 τοὺς
3808 3020 3866 3076 ἐν

485 3117 692 3190 utpote
723 3111 999 3173 leonibus
1031 3112 1092 3172 in
1125 3111 1372 3192 stagnis,
1407 3111 1508 3192 qui
1540 3129 1642 3172 eos
1675 3110 1974 3172 invadunt.
2013 3108 2136 3172 Sub

2242 3127 2340 3179 ιοϊς
2377 3103 2533 3171 ήέλεσι
2565 3103 2779 3179 λέοντας
2833 3112 3223 3189 ἐπιτιθεμένους
3253 3113 3461 3174 αὺτοῖς.
3499 3103 3630 3166 ’Υπὸ
3674 3107 3728 3166 δὲ
3761 3109 3864 3178 τὴν

484 3208 677 3260 ortum
711 3202 889 3263 etiam
924 3202 1088 3263 canis
1110 3203 1144 3277 ί,
1170 3203 1380 3280 ingens
1410 3201 1664 3262 culicum
1696 3199 2008 3261 multitudo
2033 3217 2135 3263 eos

2248 3201 2470 3272 πιτολὴν
2543 3212 2634 3262 τοῦ
2702 3207 2855 3268 κυνὸς
2913 3203 3111 3282 γίνετᾶί
3190 3224 3239 3258 τι
3307 3201 3584 3258 κωνώπων
3653 3197 3861 3269 πλῆθος

479 3287 747 3364 infestat,
769 3290 955 3352 tantis
980 3290 1211 3352 viribus
1234 3291 1490 3371 pollens,
1514 3289 1848 3370 utpopulus
1867 3289 1926 3349 in
1952 3308 2158 3370 aquas,

2242 3291 2476 3367 ίπλετσν,
2502 3294 2831 3362 τηλικαύτην
2882 3293 3012 3374 ἕχον
3041 3292 3256 3368 δύναμιν
3315 3291 3453 3348 ὥστε
3485 3291 3576 3347 τὸν
3623 3288 3748 3346 λαὸν
3778 3291 3860 3355 εἰς

479 3377 770 3440 lacustres
800 3381 1159 3461 praafugiens
1183 3399 1249 3441 se
1272 3379 1354 3441 ibi
1375 3379 1662 3443 occultet.
1691 3377 1784 3440 Ab
1808 3379 1900 3440 his
1921 3379 2130 3441 leones

2248 3385 2306 3446 ὰς
2339 3383 2623 3460 λιμνώδεις
2667 3385 2919 3464 ὑγρασίας
2964 3382 3260 3440 ἀπελθόντα
3293 3381 3409 3438 ἐκεῖ
3440 3381 3620 3456 μένειν
3651 3379 3858 3460 ἀφανῆ,

484 3487 726 3548 quoque
757 3473 1256 3545 exterminantur,
1296 3488 1414 3530 non
1448 3478 1566 3530 tam
1618 3487 1651 3530 a
1705 3487 1904 3530 morsu
1933 3469 2126 3531 vexati

2242 3473 2330 3553 l‘cp’
2395 3477 2470 3530 ὧν
2530 3475 2619 3531 γαὶ
2681 3463 2729 3530 oi
2801 3474 3015 3537 λέοντες
3074 3471 3458 3546 ἐκτοπίζονται,
3523 3471 3622 3549 οὐχ
3686 3467 3861 3532 οὕτως

480 3561 783 3640 (quamvis
815 3560 1066 3622 molesto
1097 3560 1291 3641 satis),
1349 3579 1526 3641 quam
1585 3559 1744 3640 quod
1801 3559 2123 3621 stridorem

2242 3565 2309 3620 πὸ
2368 3569 2460 3620 τοῦ
2516 3562 2725 3643 δηγμοῦ
2780 3561 3096 3637 δηλούμενοι
3150 3561 3235 3634 99,
3288 3561 3472 3637 καίπερ
3531 3559 3680 3620 ὄντος
3744 3559 3860 3615 ἒπ-

476 3651 640 3710 vocis
691 3653 1076 3731 peregrinum
1117 3650 1386 3732 perferre
1416 3658 1746 3732 nequeunt.
1779 3649 1961 3730 Atqui
2009 3651 2125 3712 hoc

2244 3657 2430 3734 χθοῦς,
2467 3655 2541 3718 ὡς
2572 3657 2663 3710 τὸν
2694 3654 2796 3710 ὑπὸ
2844 3657 2946 3720 τῆς
2976 3657 3158 3729 φωνῆς
3199 3651 3338 3732 ἦχον
3367 3648 3662 3728 ἀλλόφυλον
3719 3647 3861 3707 ἁδυ-

474 3739 645 3802 mirae
675 3741 954 3804 novitatis
986 3741 1180 3822 gratia
1212 3750 1750 3803 commemoratum
1779 3749 1932 3803 esto.
1965 3739 2119 3811 Quid

2242 3751 2483 3808 κτοῦντες
2539 3743 2738 3822 φέρειν,
2804 3742 2972 3800 Ἀλλὰ
3029 3750 3194 3801 ταῦτα
3252 3741 3348 3818 μὲν
3393 3737 3721 3818 ἆπηγγὲλθω
3761 3749 3863 3799 τοῦ

472 3831 632 3892 enim
693 3831 1080 3911 singularius,
1141 3852 1317 3914 quam
1374 3833 1585 3894 leones
1636 3828 1931 3891 culicibus
1988 3828 2118 3890 loco

2247 3831 2500 3911 αραδόξου
2557 3835 2741 3914 χάριν·
2805 3835 2857 3890 τί
2912 3833 3013 3912 γὰρ
3073 3831 3343 3911 ίδιώτερον
3387 3830 3423 3900 ἢ
3483 3828 3704 3894 λὲοντας
3752 3829 3862 3905 μὲν

470 3921 715 3995 cedere,
750 3932 809 3984 et
838 3923 1110 3985 homines
1141 3941 1211 3983 ex
1244 3919 1541 4001 ejusmodi
1562 3917 1834 3999 periculo
1862 3918 2118 3980 evadere

2242 3936 2469 4003 ιχωρετν
2549 3925 2822 4004 κώνωψιν,
2901 3921 3208 4003 ἀνθρώπους
3280 3921 3334 3978 δὲ
3407 3920 3664 3992 σώζεσθαι
3747 3922 3859 3978 ὑπὸ

469 4010 805 4080 incolumes
825 4018 855 4073 ?

2242 4014 2434 4070 nodtou
2464 4011 2701 4071 κινδύνου
2729 4033 2748 4094 ;

548 4098 694 4162 CAP.
729 4097 932 4162 XXIII.
973 4099 1066 4162 De
1100 4097 1481 4179 Hylophagis
1511 4097 1862 4177 harumque
1889 4103 2114 4160 natura

2275 4103 2400 4161 "Ott
2431 4115 2552 4168 τοϊς
2599 4092 2923 4186 εἰρημένοις,
2958 4103 3110 4186 φησὶ,
3160 4104 3218 4160 τὸ
3248 4108 3356 4160 τῶν
3417 4092 3733 4183 ’Υλοφᾶγων
3763 4104 3862 4161 καὶ

465 4196 523 4251 et
548 4190 848 4254 moribus.
873 4192 1096 4252 —.Iam
1121 4187 1608 4250 commemoratis
1632 4187 2112 4268 HyIOpbagorum

2242 4201 2301 4251 ὒν
2347 4195 2411 4253 τὰ
2463 4197 2743 4276 σπέρματα
2801 4194 3128 4271 σιτουμένων
3197 4192 3396 4272 ἐγγίζει
3457 4191 3636 4272 γένος,
3706 4193 3856 4270 βρα-

464 4296 613 4356 gens
647 4298 767 4340 non
798 4279 878 4340 ita
899 4281 1153 4342 multum
1175 4279 1522 4358 discrepans
1547 4277 1944 4359 approximat,
1978 4296 2110 4359 quae

2242 4299 2357 4342 εῒαν
2402 4285 2533 4365 ἔχων
2595 4286 2692 4353 τὴν
2751 4284 3127 4365 παραλλαγήν,
3179 4284 3239 4341 Oi
3299 4282 3397 4358 μὲν
3452 4283 3552 4361 γὰρ
3608 4283 3699 4338 τὸν
3749 4281 3855 4338 πί-

464 4368 644 4430 etiam
679 4369 1014 4432 seminibus
1044 4376 1322 4431 vescitur.
1357 4368 1502 4430 Nam
1528 4369 1756 4430 fructus
1777 4387 1847 4430 ex
1871 4367 2106 4430 arbori-

2242 4398 2389 4433 ποντα
2442 4377 2646 4454 καρπὸν
2677 4375 2781 4432 ἀπὸ
2830 4381 2935 4432 τῶν
2997 4371 3219 4454 δένδρων
3266 4379 3536 4429 σιτοῦνται
3569 4373 3694 4450 [καὶ]
3742 4373 3855 4428 ὑπὸ

461 4455 572 4519 bus
605 4457 956 4522 decidentes
987 4459 1331 4540 comedunt,
1354 4459 1531 4521 etiam
1568 4468 1837 4539 tempore
1859 4461 2102 4522 aestatis.

2242 4491 2284 4535 λν
2336 4466 2561 4546 θερείαν,
2595 4468 2658 4522 τὸ
2701 4463 2755 4520 δὲ
2801 4463 2991 4522 λοιπὸν
3037 4463 3132 4532 τῆς
3187 4462 3321 4527 πόας
3367 4462 3631 4520 ἅπτονται
3659 4459 3682 4502 ί
3743 4465 3855 4531 τῆς

457 4547 623 4611 Alias
641 4547 888 4610 berbam
917 4551 1272 4631 decerpunt,
1290 4568 1421 4631 qua;
1445 4549 1506 4610 in
1532 4547 1833 4611 umbrosis
1852 4548 2104 4610 vallibus

2281 4568 2399 4618 τοῖς
2464 4568 2697 4634 σκιεροῖς
2747 4553 2934 4634 ἅγκεσι
2979 4553 3267 4634 γινομένης
3313 4550 3582 4632 στερεᾶς²
3630 4573 3688 4609 τε
3743 4552 3856 4620 τὴν

457 4640 746 4714 nascitur,
803 4640 1088 4721 duraeque
1121 4649 1210 4702 est
1239 4639 1483 4716 indolis,
1522 4647 1583 4701 et
1611 4638 1838 4700 caulem
1893 4639 2158 4730 educata

2242 4648 2338 4703 inv
2404 4646 2493 4704 καὶ
2552 4644 2746 4701 καυλὸν
2803 4644 3162 4723 ἐκτρεφούσης
3214 4644 3510 4723 παρόμοιον
3566 4653 3689 4707 ταῖς
3735 4663 3854 4698 κα·-

461 4729 788 4792 assimilem
810 4731 1165 4810 napis,quas
1187 4731 1474 4793 buniades
1495 4741 1728 4791 vocant.
1757 4727 1907 4791 Hinc
1932 4729 2102 4810 quid-
2125 4727 2157 4730 “

2242 4737 2466 4812 ιυμέναις
2511 4736 2802 4811 βουνιάσιν·
2851 4737 2898 4792 οὶ
2947 4734 3003 4790 δὲ
3053 4738 3153 4801 τῆς
3191 4733 3324 4800 ὕλης
3371 4733 3472 4801 τὴν
3501 4731 3718 4803 ἁπαλὴν
3767 4755 3858 4789 σι-

461 4820 601 4898 quid
628 4820 702 4880 de
729 4819 978 4882 materia
1001 4829 1274 4882 tenerum
1301 4819 1531 4882 exsistit
1557 4827 1613 4880 et
1637 4818 1909 4892 molle,fit
1933 4838 2102 4881 escu-

2242 4837 2420 4890 ιῦνται,
2486 4826 2639 4885 Οὗτοι
2669 4827 2765 4890 τὰς
2823 4824 2918 4900 μὲν
2949 4825 3135 4886 νύκτας
3167 4829 3469 4900 κοιμῶνται
3528 4824 3694 4881 τόπον
3731 4823 3855 4881 ἀπὸ

453 4906 934 4973 Ientum.Noctes
955 4910 1199 4987 quidem
1225 4929 1436 4972 somno
1461 4908 1874 4985 tribuunt,sed
1901 4909 2096 4970 locum

2242 4923 2288 4972 3v
2346 4917 2465 4973 ἐκεῖ
2521 4917 2715 4995 θηρίων
2775 4917 2906 4993 πρὸς
2981 4914 3249 4994 δ’χύρωσιν
3313 4911 3674 4992 ἒξειλεγμένοι
3750 4917 3856 4972 καὶ

452 4997 748 5077 deligunt,
781 5000 882 5080 qui
917 5009 1127 5062 contra
1157 4999 1387 5062 belluas
1418 5003 1629 5060 ﬁrmus
1651 4999 1726 5060 sit
1745 5005 1803 5060 et
1832 4999 2098 5062 excubiis

2242 5005 2450 5083 ιλακὴν,
2510 5005 2622 5080 ἅμα
2679 5004 2732 5060 δὲ
2776 5003 2916 5079 ἡλίῳ
2974 5004 3108 5080 μετὰ
3170 5003 3370 5061 τέκνων
3432 5007 3521 5060 καὶ
3568 5005 3856 5082 γυναικῶν

448 5097 645 5170 aptus.
707 5090 881 5153 Mane
941 5109 1117 5172 quam
1171 5091 1426 5172 primum
1487 5089 1577 5152 sol
1628 5087 1902 5168 emergit,
1959 5108 2092 5152 cum

2242 5097 2273 5154 εἰ
2329 5097 2395 5154 τὰ
2454 5094 2634 5173 δένδρα
2687 5094 2884 5159 πάντες
2929 5092 3292 5172 ἀναϐαίνουσι,
3341 5091 3543 5170 σπουδῇ
3585 5094 3855 5153 καταλα-

449 5178 659 5242 liberis
689 5188 749 5241 et
777 5179 1067 5244 uxoribus
1088 5181 1339 5245 arbores
1366 5179 1631 5244 universi
1655 5177 2090 5259 conscendunt,

2245 5203 2298 5246 ϊν
2357 5193 2642 5261 ζητοῦντες
2701 5185 2822 5249 τοὺς
2881 5182 3074 5265 ἄκρους
3145 5182 3379 5250 κλῶνας⁶
3426 5183 3674 5242 κᾶκετθεν
3734 5205 3855 5255 την

526 5340 539 5376 ¹
575 5340 674 5408 Al.
710 5341 1032 5406 Caniculae.

1742 5486 1841 5549 VA
1852 5486 2006 5553 RI/E
2064 5486 2501 5555 LECTIONES.

3492 5651 3552 5676 ρ

519 5638 581 5689 97
615 5637 834 5729 σφάλλη]
886 5641 1188 5729 curiﬁn.
1238 5642 1285 5705 Β
1338 5660 1426 5706 rc.
1475 5645 1550 5706 Α.
1641 5641 1704 5694 98
1734 5651 2023 5729 εὐτυχ-ιςσει
2072 5653 2157 5710 καὶ
2202 5652 2340 5709 κατὰ
2383 5652 2467 5726 ς’.
2554 5649 2620 5702 99
2662 5648 2992 5728 δειλούμενοι
3026 5647 3095 5712 Β.
3182 5647 3203 5690 Ῑ
3235 5649 3458 5709 ἅπτεται
3489 5651 3576 5725 ς’.

440 5720 726 5798 γινομένην
777 5720 993 5800 στερεοίν

3655 5649 3682 5693 ³
3727 5651 3847 5721 τὴν
