4008 6210
217 344 272 407 45
1286 334 1821 403 BIBLIOTHECA.
1855 369 1933 381 —
1963 336 2125 400 COD.
2168 336 2327 400 CCL.

3415 341 3495 405 46

213 476 494 542 ἁπαλωτάτην
557 474 684 542 ὕλην
742 471 1070 550 ἂμέλγοντες
1141 471 1383 548 εὐμαρῶς
1457 471 1780 531 σιτοῦνται..

1868 475 1897 531 ιι
1929 469 2107 531 enixe
2140 483 2408 528 summos
2427 467 2662 547 assequi
2693 453 2892 529 ramos
2918 467 3315 534 contendunt.
3343 469 3498 536 Hinc

214 569 410 631 Τοιαύτην
444 563 492 620 δὲ
519 566 576 621 ἑκ
602 571 687 620 τοῦ
729 564 929 628 παντὸς
973 563 1086 639 βίου
1136 569 1460 629 πεποίηνται
1505 563 1602 630 τὴν
1636 559 1764 634 ἕξιν,

209 657 310 716 ὥστε
342 655 499 713 καὶτᾶ
550 657 640 720 τῆς
678 651 981 732 ἀναδρομῆς
1038 650 1265 709 ἄπιστον
1314 650 1466 731 ἶχειν
1498 652 1599 719 τὴν
1647 651 1770 707 θέαν

207 748 271 803 καὶ
302 747 382 813 τὴν
431 744 678 801 συντονίαν
750 746 809 801 οὔ
869 746 1065 822 χειρῶν
1141 741 1306 817 μόνον
1353 741 1438 797 καὶ
1493 737 1768 796 δακτύλων

207 837 276 892 καί
325 832 498 906 ποδῶν,
553 832 682 890 ἀλλὰ
743 831 838 888 καί
908 839 1014 888 τῶν
1067 835 1241 909 μερῶν
1302 834 1406 886 τῶν
1465 828 1771 886 ὑπολοίπων

208 928 367 989 ἁπλῶς,
421 918 759 990 Μεταπηδῶσι
826 920 926 999 γὰρ
984 922 1220 999 εὖπόρως
1278 918 1370 975 ἀπ’
1418 915 1584 976 ἄλλου
1640 918 1770 991 πρὸς

206 1016 339 1093 ἕτερον
369 1013 634 1092 ἆκρέμονα,
664 1013 759 1068 καί
809 1011 934 1074 τοὺς
984 1008 1210 1072 κλάδους
1259 1007 1511 1075 ἀλλήλων
1556 1007 1765 1065 πολλά-

205 1129 266 1169 κις
302 1104 347 1160 ἐν
375 1115 484 1166 τοῖς
527 1099 1002 1181 ἐπισφαλεστάτοις
1032 1100 1220 1164 τόποις
1280 1098 1646 1178 ἀφαιροῦνται,
1681 1098 1769 1153 καὶ

203 1203 370 1252 τοιαῦτα
414 1189 746 1248 ἐνδείκνυνται
779 1190 919 1248 ὥστε
967 1192 1055 1246 τὸν
1109 1187 1290 1246 ἰδόντα
1341 1190 1494 1246 αὐτὸν
1541 1188 1640 1263 μὲν
1675 1187 1770 1241 ἐκ-

205 1285 489 1360 πλήττεσθαι,
542 1283 616 1357 μὴ
682 1280 867 1357 μέντοι
923 1279 1130 1359 θαρῤεϊν
1204 1281 1275 1344 εἰς
1345 1279 1468 1342 τοὺς
1525 1278 1771 1356 ἀπείρους

206 1371 496 1449 ἐξαγγέλλειν.
550 1372 646 1429 Καὶ
689 1371 865 1429 πάντα
915 1367 969 1426 δὲ
1022 1366 1214 1426 κλάδον
1259 1381 1376 1426 τοῖς
1428 1367 1635 1424 ὀδοῦσιν
1681 1365 1774 1444 ἔγ-

206 1467 331 1541 χυλον
389 1465 789 1538 κατεργάζονται
875 1461 958 1516 καὶ
1030 1471 1154 1522 ταῖς
1226 1456 1451 1521 κοιλίαις
1539 1458 1774 1534 εὒπόρως

205 1555 397 1608 πέττουσι
432 1550 479 1599 3'
523 1548 714 1628 [1353
746 1547 853 1628 8.]
898 1550 983 1605 καὶ
1025 1549 1087 1604 τὸ
1139 1546 1336 1627 σφαλὲν
1374 1545 1570 1603 ἄνωθεν
1623 1551 1780 1620 σῶμα

205 1639 268 1698 δια
301 1640 381 1708 τὴν
414 1641 702 1720 ἰσχνότητα
748 1641 810 1696 οὗ
847 1641 1058 1718 βαρείας
1110 1638 1367 1717 τυγχάνει
1421 1642 1517 1703 τῆς
1560 1635 1778 1713 πληγῆς

205 1730 325 1788 Οὗτοι
366 1727 412 1784 δὲ
450 1729 631 1806 γδμνοὶ
687 1728 786 1804 μέν
837 1730 935 1784 εἰσι
995 1730 1212 1801 πάντες,
1259 1733 1503 1805 χρῶνται
1548 1723 1600 1781 δὲ
1659 1747 1778 1781 κοι-

206 1835 292 1883 νοῖς
324 1817 348 1862 δ
388 1821 464 1877 καὶ
518 1821 728 1882 τέκνοις
775 1818 868 1876 καί
930 1819 1152 1896 γυναιξὶ,
1207 1816 1499 1892 πολεμοῦσι
1545 1815 1599 1871 δὲ
1655 1817 1777 1894 περί

201 1915 280 1966 τὼν
302 1911 452 1967 τόπων
493 1909 756 1980 ἀλληλοις
785 1909 840 1981 5,
873 1905 1295 1986 μεταλλάττουσι
1339 1905 1396 1962 δὲ
1442 1909 1489 1962 οἱ
1533 1905 1780 1963 πλεῖστοι

202 1999 315 2075 λιμῷ
359 1998 670 2076 πιεζόμενοι,
717 1999 1123 2077 γλαυκωμάτων
1174 1999 1291 2077 περὶ
1340 1999 1405 2053 τὰ
1447 1998 1784 2067 πεντήκοντα

199 2088 274 2156 ἰτη
296 2102 393 2152 τοῖς
418 2089 647 2164 ὄμμασιν
679 2088 1100 2167 ἐπιτρεχόντων.

454 2194 572 2266 Περὶ
614 2197 731 2247 τῶν
775 2190 1086 2270 λεγομένων
1120 2197 1460 2269 Κυνηγετῶν,

273 2295 382 2370 Π35
424 2293 510 2372 [1.]
543 2295 678 2353 ’Ὅτι
711 2315 848 2368 μετα
877 2294 1001 2358 τοὺς
1055 2293 1365 2371 εἰρημένους
1397 2294 1523 2348 εἰσίν
1558 2292 1606 2348 οἱ
1648 2291 1790 2367 παρὰ

217 2397 302 2443 τοῖς
335 2386 580 2464 ὶγχωρίοις
656 2384 941 2463 λεγόμενοι
1003 2383 1324 2460 Κυνηγέται.
1359 2385 1513 2438 οὗτοι
1561 2378 1646 2436 διὰ
1699 2381 1792 2446 τὴν

205 2475 284 2527 τῶν
316 2477 482 2551 θηρίων
516 2475 712 2555 φορὰν,
747 2473 815 2541 ἣν
859 2475 887 2529 ὁ
919 2475 1084 2536 τόπος
1116 2469 1344 2528 ἄπλετον
1377 2470 1546 2549 φέρει,
1581 2469 1634 2526 ἐν
1679 2480 1796 2533 τοῖς

203 2560 381 2635 δένδρεσι
429 2565 518 2638 μέν
576 2570 899 2642 σκηνοῦσιν,
945 2561 998 2627 ἐξ
1039 2560 1248 2639 ἐνέδρας
1292 2558 1348 2616 δέ
1390 2560 1697 2638 ἀγρεύοντες
1730 2558 1795 2613 τὰ

199 2654 319 2730 θηρία
352 2654 538 2733 apo-pinv
601 2654 821 2717 ἑαυτοῖς
867 2674 1030 2708 ταυτα
1080 2658 1352 2708 ποιοῦνται
1403 2651 1516 2707 Εἰσὶ
1552 2651 1640 2705 καὶ
1697 2669 1794 2704 το-

201 2739 306 2804 ξείας
356 2743 733 2819 ἐπιστήμονες.
800 2741 969 2800 Ἐπὰν
1026 2739 1082 2797 δέ
1136 2742 1300 2817 θήρας
1361 2739 1623 2818 ἀπορῶσι,
1677 2749 1794 2799 τοῖς

199 2827 373 2908 δέρμασι
425 2834 526 2891 τῶν
571 2831 1061 2910 προτεθηραμένων
1115 2831 1215 2898 τὴν
1271 2827 1474 2884 ἔνδειαν
1542 2827 1795 2893 ἀναπλη-

200 2927 332 3001 ροῦσι,
370 2921 638 2999 βρέξαντες
695 2922 792 2985 τὰς
856 2922 1048 2998 βύρσας
1118 2922 1207 2976 καὶ
1270 2917 1355 2974 ἐπ’
1412 2916 1445 2965 6
1515 2916 1794 2994 ἂνθρακίαν

203 3011 361 3088 κούρην
388 3009 756 3090 ἐπιϐαλόντες,
803 3011 931 3067 εἶτα
986 3007 1330 3071 σποδίσαντες
1386 3010 1472 3064 καὶ
1532 3008 1604 3071 εἷς
1656 3005 1796 3061 διαί-

201 3119 310 3173 ρεσιν
337 3100 614 3180 ἀγαγόντες
626 3145 641 3161 .

1851 560 2135 639 decerpta
2145 555 2524 634 virgultarum
2541 556 3023 631 tenerrima,sine
3037 558 3270 621 fastidio
3286 560 3492 626 edunt.

1851 648 2119 728 Eamque
2133 665 2202 708 ex
2224 654 2343 710 tota
2360 645 2606 708 sibivita
2627 645 3036 710 habitudinem
3051 661 3496 730 compararunt,

1852 747 1919 802 ut
1940 735 2310 799 incredibilis
2333 735 2407 795 sit
2430 735 2554 796 visa
2576 735 2816 798 illorum
2838 736 2898 796 in
2912 736 3158 801 arbores
3182 755 3497 816 excursus,

1855 836 1916 891 et
1940 825 2092 889 mira
2112 844 2228 887 non
2254 833 2477 886 tantum
2501 843 2805 900 manuum,
2823 825 3142 905 digitorum
3168 835 3222 890 et
3249 829 3497 909 pedum,

1853 917 1958 979 sed
1996 917 2055 978 in
2081 915 2423 976 universum
2450 923 2802 976 caeterorum
2827 935 3068 996 quoque
3089 918 3502 981 membrorum

1853 1003 2180 1068 contentio.
2204 1003 2350 1065 Nam
2387 1002 2666 1084 expedite
2693 1003 2767 1065 de
2794 1022 2960 1066 ramo
2988 1009 3046 1066 in
3071 1025 3303 1070 ramum
3333 1018 3504 1071 tran-

1853 1096 2084 1169 siliunt,
2135 1103 2194 1156 et
2241 1093 2394 1154 alter
2447 1092 2621 1155 alteri
2673 1095 2960 1169 termites,
2997 1094 3174 1156 etiam
3234 1097 3296 1158 in
3353 1098 3504 1161 locis

1859 1183 2412 1266 periculosissimis,
2472 1183 2650 1262 eripit
2685 1202 2697 1245 :
2735 1191 2793 1244 et
2825 1183 2884 1245 id
2917 1201 3107 1262 genus
3132 1185 3248 1246 alia
3293 1195 3502 1250 osten-

1857 1284 2002 1350 tant,
2028 1283 2088 1336 ut
2117 1272 2220 1354 qui
2249 1271 2427 1348 videt,
2451 1273 2579 1352 ipse
2605 1273 2846 1352 quidem
2882 1281 3123 1353 stupore
3148 1276 3506 1354 percellatur

1860 1366 1963 1427 sed
1992 1362 2322 1444 inexpertis
2349 1361 2663 1423 enuntiare
2697 1381 2813 1424 non
2837 1361 3009 1424 ausit.
3037 1362 3158 1426 Nec
3182 1365 3506 1447 quidquam

1861 1453 2089 1516 frondis
2119 1460 2212 1514 est
2242 1451 2405 1512 succi
2442 1451 2710 1531 plenum,
2747 1451 2902 1532 quod
2938 1451 3218 1515 dentibus
3247 1473 3511 1516 commo-

1863 1544 2033 1605 litum
2063 1561 2178 1603 non
2208 1549 2582 1620 concoquant
2599 1540 2973 1602 ventriculis.
2992 1541 3276 1622 Corporis
3297 1561 3368 1604 ex
3391 1544 3510 1606 alto

1865 1633 2094 1711 delapsi
2147 1649 2264 1692 non
2320 1632 2516 1707 gravis
2548 1639 2636 1690 est
2672 1630 2841 1708 plaga
2889 1639 3130 1710 propter
3159 1633 3509 1695 exilitatem.

1863 1721 2023 1786 Nudi
2046 1728 2186 1782 sunt
2208 1719 2903 1798 omnes,communisque
2929 1719 3045 1780 illis
3059 1718 3282 1782 sobolis
3301 1732 3356 1786 et
3374 1741 3515 1784 uxo-

1807 1831 1996 1901 Brum
2033 1808 2316 1901 educatio
2347 1817 2410 1901 et.
2436 1809 2686 1871 fructus.
2739 1807 2833 1868 Fit
2863 1809 3032 1901 ut‘de
3061 1809 3209 1901 locis
3241 1816 3400 1873 inter
3451 1831 3516 1874 se

1865 1896 2532 1980 belligerentJ’lerique
2558 1916 2678 1976 pra:
2699 1897 2973 1976 angustia
2997 1899 3169 1960 famis
3182 1901 3356 1962 vitam
3379 1920 3516 1964 cum

1869 2000 2060 2053 morte
2083 1995 2477 2062 commutant,
2504 1987 2737 2067 quando
2765 1988 3137 2066 glaucomata
3170 1989 3266 2069 (ad
3293 2009 3514 2053 annum

1869 2081 1929 2142 id
1961 2077 2518 2160 quinquagesimum
2551 2075 2796 2154 accidit)
2827 2076 3032 2138 oculos
3062 2077 3392 2143 incursant.

1874 2184 2414 2250 CAP.XX1V.Deiis
2429 2200 2580 2262 quos
2603 2183 3156 2246 Venatoresincola'
3169 2187 3516 2268 appellant.

1918 2298 1999 2356 De
2037 2293 2397 2354 Venetorum
2427 2297 2634 2371 gente,
2663 2307 2794 2369 qua
2815 2292 2997 2353 etiam
3022 2293 3213 2355 coriis
3230 2297 3521 2360 vescitur.

1877 2418 1955 2430 —-
1988 2386 2128 2443 Post
2153 2381 2280 2460 jam
2315 2377 2674 2458 descriptos,
2705 2389 2843 2439 sunt
2873 2398 3026 2458 quos
3057 2379 3388 2446 Venatores
3419 2385 3520 2447 in-

1882 2474 2026 2536 cola:
2049 2471 2380 2533 nominant.
2402 2468 2466 2529 Hi
2496 2478 2737 2549 propter
2761 2468 3092 2530 belluarum
3122 2471 3523 2552 frequentiam

1883 2565 2042 2643 (nam
2098 2561 2446 2622 innumeras
2480 2558 2594 2619 fert
2625 2559 2811 2636 regio)
2867 2560 2927 2619 in
2961 2559 3279 2625 arboribus
3315 2575 3526 2627 contu-

1878 2651 2093 2716 bernia
2115 2648 2368 2711 habent:
2393 2647 2496 2709 sed
2523 2666 2592 2709 ex
2618 2647 2852 2708 insidiis
2871 2647 3053 2710 4521)
3075 2648 3232 2712 feras
3257 2653 3523 2733 capiunt,

1881 2749 2206 2822 captasque
2263 2737 2376 2798 sibi
2433 2736 2784 2797 alimentum
2859 2737 3114 2798 faciunt.
3189 2739 3528 2817 Sagittariaa

1882 2829 2058 2893 etiam
2093 2827 2234 2888 artis
2269 2824 2481 2906 peritia
2514 2825 2729 2887 valent.
2765 2825 2828 2888 Si
2854 2827 3073 2888 accidit
3103 2837 3167 2890 ut
3194 2832 3529 2895 venationis

1880 2924 2169 3000 proventu
2191 2923 2456 2990 careant,
2485 2914 2741 2994 pellibus
2762 2923 2902 2978 ante
2929 2925 3234 2995 captorum
3267 2919 3529 3001 inopiam

1881 3007 2145 3087 explent.
2182 3005 2357 3067 Coria
2390 3005 2548 3065 enim
2583 3004 2932 3075 madefacta,
2997 3005 3226 3068 levibus
3278 3011 3535 3074 admotis

1884 3096 2115 3179 prunis,
2157 3095 2418 3155 obruunt
2451 3093 2678 3158 cinere.
2714 3094 2907 3175 Atque
2938 3094 3018 3156 ita
3050 3102 3202 3158 tosta
3251 3097 3322 3160 ad
3377 3099 3532 3162 divi-

1823 3222 1862 3272 ο
1887 3187 2118 3248 sionem
2155 3183 2509 3264 producunt.

576 3283 708 3360 Περὶ
737 3286 846 3338 τῶν
876 3277 1380 3360 Ἐλεφαντοφάγων.

2169 3278 2306 3340 CAP.
2341 3276 2516 3340 XXV.
2554 3278 2642 3339 De
2682 3280 3261 3362 Elephantophagis.

263 3375 379 3433 ’δοτι
417 3377 543 3451 μετᾶ
583 3379 711 3440 τοὺς
774 3372 1110 3452 εἰρημένους,
1141 3372 1277 3429 πολῦ
1307 3373 1508 3429 τούτων
1555 3374 1780 3451 ἀφεστῶι

1933 3375 2020 3436 De
2045 3371 2597 3452 Elephantop/mgis
2619 3375 3158 3454 variaquchorum
3184 3381 3536 3443 venatione.

201 3484 279 3524 τες
331 3467 560 3543 καὶπρὸς
601 3463 840 3542 ἑσπέραν
893 3460 1099 3537 μᾶλλον
1141 3461 1524 3536 ἀνατείνοντες,
1572 3463 1700 3517 είσῑν
1756 3483 1780 3516 ο

1891 3499 1969 3511 -
1991 3466 2336 3543 Sequuntur
2364 3462 2494 3535 hos,
2533 3462 2635 3523 sed
2675 3483 2781 3542 per
2812 3465 3193 3528 intervallum
3229 3467 3372 3530 satis
3399 3469 3538 3532 lon-

205 3554 252 3608 ἐι
300 3558 388 3620 τῆς
416 3561 511 3610 τῶν
566 3554 863 3634 ὶλεφὰντον
919 3549 1082 3629 θήρας
1125 3553 1216 3608 τὸν
1259 3553 1372 3628 βὶον
1402 3557 1696 3613 ποιοῦνται,
1751 3559 1780 3607 0

1892 3572 2054 3633 gum,
2083 3561 2140 3612 et
2171 3552 2403 3612 occasui
2438 3551 2626 3629 magis
2645 3553 2894 3632 objecti,
2921 3556 3021 3634 qui
3053 3575 3122 3616 ex
3152 3559 3537 3637 elephantum

201 3643 279 3716 μέν
330 3643 428 3700 ἀπὸ
485 3643 725 3720 δένδρου,
784 3642 869 3706 ἐφ’
922 3641 968 3715 ᾧ
1025 3641 1279 3707 κάθηνται
1333 3647 1656 3703 σκοποῦντες
1714 3639 1779 3694 τὰ

1895 3642 2210 3702 venatione
2239 3641 2457 3701 victum
2492 3641 2838 3719 acquirunt.
2873 3643 3018 3704 Nam
3058 3657 3194 3706 sunt
3228 3667 3293 3708 ex
3317 3648 3411 3710 his
3437 3656 3543 3729 qui

202 3730 419 3808 παρόδους
460 3734 565 3790 τῶν
596 3735 826 3812 θηρίων,
870 3744 995 3794 ταῖς
1051 3729 1148 3805 μέν
1191 3731 1352 3810 χερσὶ
1385 3736 1486 3798 τῆς
1518 3734 1673 3802 οὐρᾶς
1705 3731 1780 3785 λα

1894 3733 2225 3793 insidentes
2254 3729 2476 3804 arbori,
2511 3729 2840 3792 belluaram
2878 3737 3162 3796 transitus
3213 3739 3542 3815 speculan-

201 3819 407 3899 ίόμενοι,
437 3839 557 3890 τοῖς
590 3827 733 3881 ποσὶ
778 3821 833 3878 δέ
872 3822 1006 3898 πρὸς
1037 3820 1066 3868 7
1107 3823 1197 3877 τὸν
1242 3823 1414 3898 μηρὸν
1459 3823 1550 3876 τὸν
1593 3822 1774 3899 ἄριστε

1897 3833 2030 3884 tur:
2067 3820 2344 3900 factoque
2377 3818 2701 3900 perniciter
2732 3820 3049 3896 descensu,
3083 3825 3358 3887 manibus
3382 3844 3544 3888 com-

204 3914 274 3985 ρὸν
320 3910 694 3970 ἐπιϐαίνουσιν·
757 3925 879 3968 εττα
944 3909 1181 3986 πελέκει,
1237 3911 1294 3966 ὃν
1367 3907 1668 3980 ἐπιτήδειον
1724 3930 1780 3965 κα

1899 3911 2054 3993 plexi
2085 3909 2361 3985 caudam,
2390 3918 2447 3971 et
2469 3909 2722 3990 pedibus
2752 3909 2812 3972 in
2841 3911 3037 3974 femen
3065 3913 3373 3976 sinistrum
3399 3935 3544 3978 con-

202 4000 380 4077 ἕτοιμον
422 4002 640 4082 ἔχουσι,
687 4001 789 4068 τὴν
831 3998 1002 4065 δεξιὰν
1027 4001 1195 4079 ἰγνὺν,
1240 4012 1467 4063 πυκναῖς
1495 4012 1618 4064 ταῖς
1665 3997 1775 4066 πλη

1899 4002 2044 4076 nixi,
2067 3999 2365 4080 bipennis,
2391 4008 2544 4078 aptae
2567 3999 2637 4060 ad
2666 3999 2778 4061 hoc
2802 4009 2861 4060 et
2886 4011 3122 4079 paratae,
3149 4004 3381 4068 crebris
3405 4004 3544 4067 icti-

205 4104 304 4166 γιῖς
355 4095 654 4172 χρώμενοι,
687 4096 1121 4169 νευροκοποῦσιν,
1168 4089 1308 4147 οὕτω
1350 4089 1405 4144 δέ
1463 4089 1688 4154 ἐκτενῶς
1745 4111 1775 4144 τ

1901 4093 2010 4152 bus
2034 4089 2275 4170 peplitis
2291 4088 2485 4149 dextri
2505 4105 2720 4149 nervos
2739 4092 3072 4154 succidunt:
3094 4101 3333 4174 tamque
3357 4096 3550 4158 valide

205 4180 281 4250 μέν
323 4181 709 4260 καταφέροντες
759 4186 830 4256 τῇ
883 4177 938 4235 δέ
983 4185 1084 4246 τῆς
1138 4179 1296 4259 οὗρᾶς
1351 4186 1688 4256 κρατοῦντες,
1742 4179 1780 4233 ὡ

1905 4182 2014 4242 hac
2041 4179 2284 4239 vulnera
2310 4177 2595 4252 inferunt,
2639 4177 2774 4240 illac
2806 4180 3054 4242 caudam
3091 4192 3316 4261 tenent,
3371 4204 3547 4265 quam

208 4267 334 4324 ἆθλον.»
360 4270 719 4348 προκειμένου
748 4275 848 4336 τῆς
910 4269 1122 4348 ψυχῆς’
1154 4268 1191 4336 ἢ
1233 4270 1332 4346 γὰρ
1362 4268 1656 4326 ἀποκτετνα
1710 4288 1780 4346 χρ

1908 4269 1957 4332 si
1989 4269 2064 4331 de
2091 4274 2206 4329 vita
2227 4276 2530 4328 certamen
2554 4267 2629 4328 sit
2653 4268 3017 4335 institutum.
3051 4272 3166 4334 Aut
3192 4275 3351 4335 enim
3373 4275 3553 4339 inter-

209 4358 523 4438 ἤτελευτᾷν,
560 4359 739 4427 ἄλλην
787 4361 883 4417 τοῦ
936 4367 1120 4438 καιροῦ
1176 4355 1404 4423 διέξοδον
1434 4362 1528 4416 οὐκ
1572 4356 1780 4438 ἔχοντος

1906 4358 2215 4421 imendum
2267 4363 2373 4429 est,
2410 4363 2508 4416 aut
2539 4358 2968 4437 appetendum,
3021 4361 3316 4441 siquidem
3370 4366 3552 4427 alium

211 4447 343 4504 Ἐκὲν
379 4449 434 4507 δέ
459 4452 493 4500 8
539 4453 607 4508 τὸ
637 4456 774 4522 ζῶον
825 4449 886 4504 ὲκ
912 4448 1008 4516 τῆς
1053 4447 1274 4525 πληγῆς
1303 4449 1391 4504 καὶ
1432 4453 1530 4514 τῆς
1561 4446 1780 4525 αἱμορῤα

1906 4446 2197 4528 temporis
2228 4445 2323 4507 hic
2355 4445 2641 4506 articulus
2673 4447 2895 4508 exitum
2931 4468 3048 4510 non
3087 4453 3385 4530 patefacit.
3414 4456 3555 4517 Pro-

210 4537 302 4613 γέας
375 4542 542 4615 πέσῃ,
617 4542 666 4596 οἰ
738 4539 1054 4617 συνθηραταὶ
1135 4539 1513 4615 παραγίνονται
1595 4538 1681 4594 ἐπὶ
1763 4559 1780 4592 1

1868 4540 2073 4623 \lapsa
2102 4538 2282 4616 igitur
2313 4555 2380 4596 ex
2414 4535 2760 4598 continente
2817 4556 3102 4617 percussu
3139 4550 3197 4602 et
3247 4545 3556 4623 sanguinis

217 4593 228 4613 ι
283 4593 299 4603 -
382 4593 542 4614 -----ν
624 4593 664 4596 ν-
747 4593 897 4605 τττν-
1605 4593 1610 4594 ί

211 4634 393 4702 πτῶμα,
425 4593 515 4686 καὶ
576 4629 677 4686 τοῦ
706 4630 887 4708 θηρίου
904 4593 1125 4698 Γζῶντος
1185 4593 1263 4684 ἔτι
1294 4593 1721 4704 παρατέμνοντες
1767 4627 1780 4682 ί

1868 4593 2199 4710 )prrofluv'io
2251 4625 2464 4700 bestia,
2525 4625 2688 4686 illico
2738 4593 3067 4690 venationis
3117 4593 3389 4694 comite:
3420 4645 3560 4696 sunt

211 4716 294 4773 ὧν
345 4719 595 4776 ὀπισθίων
651 4719 749 4782 τὰς
808 4718 1009 4795 σάρκας
1059 4716 1412 4796 εὐωχῶνται,
1443 4716 1534 4771 τὸν
1593 4718 1780 4795 ἕσχατι

1911 4724 2152 4801 ρεωεῐο,
2187 4716 2451 4790 dumque
2483 4713 2680 4775 adhuc
2710 4716 2866 4790 vivit,
2905 4735 3115 4780 carnes
3147 4738 3219 4783 ex
3255 4725 3556 4802 posterio-

209 4807 286 4860 τοῦ
341 4808 805 4876 καταπονηθέντος
879 4805 1044 4870 οὕτως
1100 4805 1426 4880 ὕπομένοτος
1483 4805 1515 4853 9
1580 4807 1780 4862 θάνατο·

1912 4806 2080 4869 ribus
2109 4812 2387 4866 resecant
2416 4823 2430 4863 :
2467 4812 2526 4864 et
2551 4804 2802 4866 hilarem
2829 4805 2897 4866 ad
2934 4808 3176 4870 modum
3203 4811 3341 4873 inde
3361 4812 3561 4876 convi.

214 4892 318 4948 λη’
367 4900 413 4952 οἱ
442 4898 542 4971 μέν
604 4897 739 4973 μετᾶ
784 4902 878 4952 τοῦ
918 4896 1150 4975 Εσχάτου
1192 4893 1429 4954 κινδύνου
1469 4894 1780 4974 ἐλεφαντοθῖ

1915 4904 2145 4958 vantur.
2181 4893 2372 4973 Atque
2409 4891 2534 4954 fera
2563 4893 2645 4955 ita
2679 4892 2902 4956 domita
2931 4895 3171 4975 longum
3206 4907 3264 4960 et
3294 4909 3556 4966 atrocem

213 5005 281 5056 ραι
333 4994 586 5049 τοιοῦτοι.
622 4987 793 5064 ἕτεροι
849 4984 904 5041 δέ
946 4988 1179 5062 θηρῶσιν
1207 4985 1395 5048 αὐτοὺς
1438 4983 1630 5048 οὕτως·
1675 4996 1775 5064 Τρε

1917 4985 2222 5048 interitum
2257 4982 2536 5044 sustinet.
2575 4985 2671 5045 Sic
2697 5002 2834 5063 ergo
2867 5003 2930 5045 se
2952 4986 3174 5049 habent
3204 4989 3362 5052 inter
3397 4995 3559 5070 peri-

218 5071 368 5151 ἇνδρες
419 5079 473 5134 ’έν
527 5077 635 5151 μέν
689 5077 914 5156 ἔχοντες
971 5074 1146 5152 τόξον,
1179 5075 1392 5139 ὀϊστοὺς
1444 5075 1498 5133 δέ
1539 5075 1753 5141 πλείους

1917 5076 2049 5138 cuia
2081 5090 2352 5136 eXtrema
2374 5073 2757 5164 elephantum
2777 5085 3126 5164 venatores.
3156 5083 3307 5143 Sunt
3333 5081 3433 5143 alii
3460 5084 3560 5164 qui

219 5168 574 5242 κεκραμένως
637 5167 707 5236 τῇ
764 5164 915 5247 χολῇ
969 5165 1074 5222 τῶν
1147 5167 1344 5245 ὄφεων,
1406 5165 1616 5224 ἑστᾶσιν
1675 5164 1723 5207 ¹¹

1919 5166 2214 5227 diversam
2243 5180 2348 5225 eos
2371 5161 2648 5242 capiendi
2679 5163 2969 5226 rationem
2995 5165 3224 5234 ineunt.
3252 5169 3377 5234 Viri
3402 5161 3563 5234 enim

220 5248 368 5330 δᾳδμῷ
418 5259 563 5338 παρὰ
623 5257 717 5323 τὰς
775 5263 884 5314 τῶν
938 5257 1132 5336 θηρίων
1189 5252 1470 5322 διεξόδους.
1531 5255 1699 5313 Ἐπόιν
1751 5279 1777 5314 ο

1922 5257 2104 5328 terni,
2131 5270 2250 5315 uno
2274 5250 2550 5314 instructi
2579 5269 2744 5331 arcu,
2777 5262 2835 5316 et
2864 5254 3094 5335 sagittis
3123 5258 3416 5343 pluribus,
3451 5280 3566 5325 an-

1503 5413 1770 5480 VABUE
1827 5413 2263 5480 LECTIONES.

284 5575 316 5626 δ
349 5579 616 5659 πίπτουσι
830 5578 862 5628 ι
892 5591 1094 5646 κοινοῖς
1137 5585 1378 5659 χρῶνται
1675 5580 1708 5631 5
1735 5577 2005 5650 ἀλλήλοος
2041 5578 2112 5640 Β.
2183 5577 2230 5659 ,θ
2273 5574 2389 5659 ὲπ’]
2422 5573 2577 5659 ἒςΑΒ.
2669 5577 2696 5628 7
2731 5579 2863 5657 πρός
2893 5580 2940 5643 Α
2978 5600 2990 5643 :
3026 5583 3098 5648 ὡς

3299 5584 3333 5635 8
3360 5583 3413 5642 δὲ
3447 5603 3573 5646 om.

284 5585 316 5626 δ
349 5585 616 5639 πίπτουσι
660 5585 742 5654 ς,
830 5585 862 5628 ι
892 5591 1094 5646 κοινοῖς
1183 5585 1378 5659 ρῶνται
1423 5585 1478 5634 δέ
1507 5585 1590 5652 ς,
1675 5585 1708 5631 5
1735 5585 2005 5650 ἀλλήλοος
2041 5585 2112 5640 Β.
2197 5585 2230 5628 δ
2273 5585 2389 5659 ἐπ’]
2422 5585 2476 5641 ἐς
2509 5585 2577 5640 Β.
2669 5585 2696 5628 7
2731 5585 2863 5657 πρός
2893 5585 2940 5643 A
2978 5600 2990 5643 :
3026 5585 3098 5648 ὡς
3130 5585 3209 5656 ς,
3299 5585 3333 5635 8
3360 5585 3413 5642 δὲ
3447 5603 3542 5647 om

238 5648 293 5712 Β.
355 5658 386 5708 9
423 5662 785 5738 ὓπομένοντες
947 5669 1038 5720 τοῦ
1079 5603 1221 5724 adit.
1269 5661 1340 5723 Α.
1426 5657 1480 5702 ¹⁰
1507 5657 1562 5716 δὲ
1592 5661 1680 5720 καὶ
1725 5660 1936 5725 πλείοος
2149 5656 2199 5704 η
2235 5663 2446 5722 ἑστᾶσιν
2478 5656 2528 5718 Α
2565 5678 2576 5720 Σ
2609 5660 2815 5716 ἷστασιν
