4008 6210
499 351 579 415 47
1685 345 1948 414 ΡΗΟΤΙΙ
1992 347 2510 413 ΡΑΤΗΙΑΗΟΗΕ
2551 349 2663 412 CP.
3783 343 3864 408 48

497 483 704 563 guium
735 481 875 546 felle
907 483 1132 560 tinctis,
1163 484 1237 547 ad
1268 483 1455 547 exitus
1485 482 1818 546 belluarum
1873 483 1933 545 in
1979 483 2116 546 salt:

2217 482 2460 562 προσάγῃ
2502 485 2562 539 τὸ
2605 478 2660 525 ίί
2699 485 2856 554 ζῶον,
2904 482 2932 537 ὁ
2973 480 3070 557 μέν
3097 481 3183 546 εἷς
3223 481 3448 561 κατέχει
3491 481 3554 536 τὸ
3599 476 3750 543 τόξον
3783 483 3863 550 τῷ

497 573 860 638 consistunt.
895 571 956 636 Si
988 593 1104 655 qua
1126 573 1306 654 igitur
1321 573 1575 650 accedit,
1599 591 1754 636 unus
1775 592 1977 636 arcum
2003 573 2114 654 ped

2223 571 2341 630 ποδὶ
2368 569 2750 652 προσϐεόηκὼς
2781 568 2856 645 η,
2910 572 2954 626 οἱ
3003 569 3059 626 δέ
3088 569 3177 630 δύο
3230 572 3329 640 τὴν
3373 571 3555 649 νευρὰν
3603 567 3862 625 ὶλκυσαν·

493 661 804 724 admotum
831 672 1016 738 tenet,
1043 663 1160 726 duo
1180 663 1396 745 reliqui
1420 681 1652 726 summa
1675 663 1728 725 vi
1751 671 1936 726 tracto
1960 681 2116 725 uerri

2219 685 2308 727 τες
2346 662 2406 719 ὲκ
2459 661 2557 730 τῆς
2593 661 2810 728 ἀπάσης
2854 660 2972 736 βίας
3022 659 3233 739 ἀφῆκαν
3276 664 3337 718 τὸ
3372 660 3549 738 βέλος,
3583 657 3677 714 ἕνα
3726 676 3863 711 σκο-

493 751 685 814 telum
707 751 1010 826 emittunt,
1035 751 1107 814 ad
1140 751 1296 814 latiis
1321 753 1584 816 medium
1608 753 1788 816 unice
1813 752 2116 828 directum,

2218 753 2321 809 πὸν
2363 751 2586 831 ἔχοντες
2622 750 2706 807 ἐπὶ
2758 749 2932 825 μέσην
2990 751 3089 818 τὴν
3140 749 3394 824 πλευρὰν,
3424 748 3561 806 ὥστε
3619 745 3863 803 διανύσαι

492 847 559 902 ut
611 839 686 901 ad
721 839 1008 902 interiora
1034 840 1385 922 complexus
1418 850 1716 922 penetret,
1772 849 1832 905 et
1882 841 2116 904 devexa:

2217 846 2314 908 τῆς
2371 845 2640 920 περιοχῆς
2683 838 2833 901 ἐντὸς
2892 841 2978 895 καὶ
3047 841 3166 904 τοὺς
3236 840 3457 919 κυρτοὺς
3517 848 3736 922 τεμεῖν,
3773 834 3866 889 καὶ

492 927 630 990 illas
657 935 826 992 secet
854 946 922 991 ac
955 928 1228 992 vulneret
1279 939 1496 1012 partes.
1529 931 1680 994 Hinc
1736 938 1960 994 tantum
1994 931 2136 993 ferte

488 1023 819 1078 monstrum
879 1016 1093 1082 dolore
1121 1019 1470 1082 convulsum
1513 1027 1572 1083 et
1599 1019 1908 1100 agitatum,
1963 1020 2135 1082 elan-

483 1105 724 1184 guescit
756 1114 815 1170 et
840 1107 1203 1189 procumbit.
1227 1108 1493 1172 Tertium
1517 1129 1754 1192 quoque
1777 1108 2134 1190 Elephanto-

485 1194 746 1274 pbagum
779 1215 968 1276 genus
998 1204 1110 1276 est,
1169 1199 1268 1280 qui
1300 1199 1461 1261 hunc
1519 1199 1847 1262 venationis
1887 1199 2131 1262 modum

485 1293 728 1346 servant
758 1303 774 1348 :
809 1285 1061 1358 Quando
1092 1287 1439 1369 elephantes
1479 1289 1557 1351 ad
1588 1289 1920 1352 satietatem
1954 1289 2130 1368 pasti,

485 1373 753 1438 cubitum
810 1394 875 1439 se
922 1377 1245 1458 recipiunt,
1294 1398 1414 1441 non
1445 1379 1613 1442 humi
1664 1377 2134 1460 procumbentes

484 1462 815 1541 dormiunt,
846 1465 952 1528 sed
984 1467 1375 1530 crassissimis
1405 1475 1464 1530 et
1495 1468 1770 1531 maximis
1815 1467 2131 1530 arboribus

481 1568 548 1613 se
577 1553 899 1631 acclinant,
930 1563 994 1618 ut
1025 1556 1231 1638 pedes,
1268 1557 1449 1639 stipiti
1484 1557 1760 1639 proximi,
1821 1566 1991 1620 terras
2040 1558 2132 1619 le-

2215 935 2414 1004 τρῶσαι
2457 929 2678 993 τόπους·
2743 927 2948 985 ἐκεῖθεν
3009 930 3070 986 τὸ
3115 927 3430 996 τηλικοῦτον
3479 926 3656 1004 θηρίον
3697 921 3864 978 ἐλαυ-

2217 1017 2440 1095 νόμενόν
2477 1040 2536 1076 τε
2592 1020 2689 1076 καί
2733 1018 3168 1096 σπαραττόμενον
3220 1015 3488 1075 διαλύεται
3518 1014 3615 1071 καί
3646 1014 3860 1071 πίπτει.

2217 1111 2403 1188 Τρίτον
2459 1106 2514 1165 δέ
2572 1109 2682 1165 ἐστι
2743 1108 2898 1188 γένος
2935 1106 3403 1187 ἐλεφαντοφάγων,
3468 1106 3496 1162 ὃ
3553 1100 3765 1160 ἐπειδὰν
3810 1102 3862 1158 οἱ

2216 1197 2498 1277 ἐλέφαντες
2569 1203 2667 1265 τῆς
2753 1198 2924 1273 νόμης
3012 1197 3395 1276 ἐμφορηθέντες
3480 1195 3611 1272 πρὸς
3691 1193 3861 1248 ὕπνον

2215 1287 2500 1366 τραπέσθαι
2559 1292 2817 1362 ζητῶσιν,
2851 1319 2928 1331 -
2979 1287 3072 1344 οὒκ
3116 1287 3201 1343 ἐπὶ
3245 1293 3346 1364 γῆς
3393 1284 3447 1342 δέ
3496 1281 3859 1344 ἀναπεσόντες

2214 1379 2486 1452 ὑπνοὺσιν,
2541 1375 2679 1434 ἀλλᾶ
2720 1389 2839 1442 τοῖς
2897 1377 3230 1456 παχυτάτοις
3287 1377 3374 1433 καὶ
3418 1374 3692 1452 μέγιστοις
3736 1367 3859 1426 δέν-

2214 1465 2356 1544 δρεσι
2414 1465 2928 1546 προσανακλίνοντες
2975 1467 3214 1546 ἑαυτοὺς,
3261 1466 3399 1523 ὥστε
3435 1464 3557 1526 τοὺς
3611 1461 3711 1537 μέν
3767 1458 3861 1516 δύο

2214 1555 2379 1622 πόδας
2429 1555 2549 1620 τοὺς
2607 1554 2833 1622 πλησίον
2864 1564 2956 1614 τοῦ
2984 1551 3038 1596 ¹⁸
3077 1555 3367 1635 στελέχους
3411 1553 3542 1632 πρὸς
3597 1553 3697 1616 τὴν
3755 1550 3861 1629 γῆν

480 1639 634 1706 viter
663 1642 1020 1721 inuitantur,
1056 1653 1114 1708 et
1143 1646 1298 1709 latus
1329 1647 1485 1728 quod
1519 1655 1704 1709 totum
1737 1665 1954 1728 corpus
1977 1646 2116 1709 exci-

2215 1644 2456 1725 έλαφρῶς
2507 1643 2889 1721 ὑπερείδεσθαι,
2921 1645 3022 1712 τὴν
3055 1643 3110 1700 δέ
3160 1644 3390 1715 πλευρὰν
3446 1644 3507 1699 τὸ
3535 1647 3641 1698 πᾶν
3697 1645 3864 1714 σῶμα

480 1729 592 1811 pit,
616 1749 652 1794 a
670 1732 832 1813 ligno
851 1742 1242 1817 sustentetur,
1261 1738 1460 1817 itaque
1480 1736 1664 1799 453a
1687 1756 1808 1798 non
1831 1739 2116 1798 sincerun

2215 1733 2578 1815 ἐκδεχομένην
2609 1735 2860 1815 ὀχεῖσθαι
2902 1737 3032 1812 πρὸς
3061 1733 3115 1776 1⁵
3156 1741 3224 1811 τῇ
3254 1735 3401 1794 φύσει
3441 1734 3532 1790 τού
3561 1729 3733 1805 ξύλου,
3769 1730 3862 1786 καὶ

479 1818 652 1922 ιιυιιο
693 1822 801 1884 sed
834 1822 1239 1922 adulterinum
1273 1825 1513 1922 dixeris
1531 1826 1811 1922 cubandi
1834 1829 2116 1922 modum_:

2214 1835 2400 1883 τοῦτον
2444 1827 2535 1881 τὸν
2585 1824 2781 1903 τρόπον
2825 1829 2924 1891 τῆς
2982 1831 3284 1904 καταφορᾶς
3340 1820 3394 1866 ιθ
3433 1823 3717 1902 τυγχάνειν
3763 1820 3864 1876 οὐκ

479 1917 804 1991 propterea
850 1913 1008 1993 quod
1044 1932 1256 1978 somno
1288 1916 1665 1997 profundiori
1715 1916 1998 1995 adjuncta
2055 1915 2116 1977 Sil

2216 1915 2526 1989 τίλικρινοῠς
2580 1912 2717 1970 ἀλλὰ
2760 1913 3228 1994 παρειικευσμί-ένης³
3261 1911 3346 1970 διὰ
3401 1914 3461 1969 τὸ
3504 1913 3858 1991 προσκεῖσθαι

477 1999 806 2064 vehemens
835 2002 1180 2066 sollicitudo
1211 2011 1271 2066 et
1306 2012 1497 2067 metus
1527 2005 1715 2081 exitii,
1743 2005 1905 2087 quod
1942 2005 2116 2085 prola-

2214 2017 2328 2070 τοῖς
2388 2004 2601 2080 βαθέσιν
2629 2003 2811 2066 ὕπνοις
2847 2001 2993 2082 [736
3033 2000 3129 2080 8.]
3163 2004 3393 2082 ἀγωνίαν
3439 2004 3684 2083 ἰσχυρὰν,
3717 2002 3860 2078 φθο-

477 2105 650 2169 psum
684 2090 848 2153 illico
879 2092 1129 2173 excipit,
1186 2103 1432 2175 propter
1481 2094 1815 2158 naturalem
1859 2093 2116 2172 erigendi

2213 2099 2306 2172 ρᾶς
2372 2093 2725 2169 ὑποκείμένης
2781 2093 3117 2172 παραχρῆμα
3174 2095 3252 2166 τῷ
3305 2091 3552 2173 σφαλέντι
3607 2087 3691 2145 διὰ
3753 2090 3858 2157 τὴν

476 2196 611 2241 sese
640 2179 1076 2262 impotentiam.
1110 2184 1269 2263 Ergo
1293 2184 1395 2266 qui
1424 2184 1554 2247 vitae
1581 2203 1650 2247 ex
1676 2185 1886 2246 horum
1918 2191 2116 2245 venatu

2214 2182 2423 2240 ἔκλυσιν
2467 2185 2566 2251 τήν
2606 2183 2852 2264 φυσικήν.
2904 2181 3090 2261 [1356
3124 2183 3220 2261 8.]
3253 2185 3313 2241 Οἱ
3343 2182 3432 2240 οὖν
3461 2181 3566 2237 ἀπὸ
3596 2185 3693 2247 τῆς
3724 2179 3858 2236 τού-

475 2267 764 2332 alimenta
794 2282 1093 2354 quaerunt,
1128 2275 1188 2334 in
1221 2273 1570 2336 nemoribus
1599 2271 2116 2352 circumvagando,

2209 2295 2312 2330 των
2354 2273 2518 2347 θήρας
2563 2274 2654 2328 τὸν
2697 2273 2811 2349 βίον
2866 2273 3198 2347 ποιούμενοι,
3233 2273 3353 2335 τοὺς
3412 2270 3635 2348 δρυμοὺς
3694 2289 3855 2347 περι-

475 2355 822 2438 ubicunque
876 2361 1081 2422 bestize
1129 2359 1524 2423 observarunt
1573 2361 1794 2436 cubile,
1852 2377 2116 2423 aversam

2209 2362 2544 2438 πλανώμενοι
2603 2361 2699 2418 καί
2734 2361 2834 2428 τὴν
2892 2368 2984 2418 τοῦ
3026 2363 3207 2430 θηρίου
3263 2362 3449 2428 κοίτην
3507 2360 3855 2434 ἐπισημηνά-

475 2444 710 2507 arboris
743 2455 975 2527 partem
1009 2465 1178 2510 serra
1224 2449 1520 2522 incidunt,
1553 2450 1694 2511 dum
1730 2467 1843 2510 nec
1873 2457 1992 2511 tota
2019 2449 2116 2510 in-

2209 2473 2378 2528 μενοι,
2412 2449 2473 2507 ἐκ
2530 2457 2638 2507 τῶν
2668 2449 2882 2507 ὄπισθεν
2939 2458 3033 2508 τοῦ
3087 2449 3296 2529 δένδρου
3350 2450 3529 2507 τόπων
3587 2448 3845 2525 πρίουσιν,

475 2533 685 2610 clinet,
715 2553 829 2598 nec
859 2537 1052 2599 valida
1083 2536 1264 2599 nimis
1293 2546 1352 2600 et
1383 2539 1556 2601 ﬁrma
1584 2546 1842 2620 maneat,
1902 2539 2009 2600 sed
2044 2537 2116 2598 ad

2209 2540 2304 2605 ἕως
2361 2541 2424 2596 ἃν
2484 2541 2622 2616 μήτε
2665 2537 2822 2615 κλίνῃ
2878 2540 2940 2596 τὸ
2995 2546 3098 2597 πᾶν
3141 2542 3280 2615 μήτε
3336 2541 3523 2618 ἰσχύον
3563 2537 3694 2617 ἄγαν
3738 2535 3858 2618 [καὶ

475 2623 757 2703 exiguum
821 2626 1232 2689 tantummodo
1293 2627 1616 2709 impulsum
1650 2637 1857 2690 restet.
1912 2627 2116 2690 Bellua

2209 2628 2452 2710 ἰσχυρὸν]
2501 2627 2871 2705 ἀπολείποιτο,
2919 2633 3055 2706 μένῃ
3100 2628 3153 2686 δέ
3182 2629 3234 2671 1⁷
3263 2631 3492 2696 ἑστηκὸς
3522 2626 3575 2670 ¹8
3602 2626 3696 2684 ὲπί
3717 2628 3856 2706 βρα-

472 2713 657 2792 igitur
684 2732 719 2777 ο
749 2716 988 2798 pascuis
1018 2734 1261 2780 reversa
1310 2736 1446 2780 cum
1477 2717 1549 2780 ad
1580 2718 1976 2779 assuefactam
2007 2735 2116 2778 cu-

2209 2720 2358 2799 χείας
2419 2719 2613 2796 ῥοπῆς.
2682 2718 2753 2776 Τό
2798 2719 2852 2775 δέ
2896 2725 3033 2790 ζῶον
3092 2719 3197 2776 ἀπὸ
3239 2724 3340 2786 τῆς
3381 2723 3554 2794 νομῆς
3615 2716 3700 2773 ἐπὶ
3758 2719 3853 2774 τὸν

473 2801 658 2866 bandi
707 2805 1023 2867 stationem
1087 2824 1152 2868 se
1208 2805 1492 2888 applicat,
1547 2805 1748 2887 stipite
1803 2805 2116 2868 contestim

2209 2808 2408 2877 συνήθη
2452 2813 2551 2875 τῆς
2595 2807 2778 2875 κοίτης
2815 2808 2984 2865 τόπον
3040 2807 3455 2885 ἀνακλινόμενον
3494 2805 3745 2886 αἰφνίδιόν
3787 2829 3850 2864 τε

475 2892 744 2956 dilfracto
775 2895 1088 2969 evertitur,
1113 2894 1186 2956 ad
1207 2905 1474 2976 paratam
1508 2895 1864 2958 venantibus
1885 2888 2116 2959 coenam

2209 2901 2383 2954 πίπτει
2436 2906 2529 2956 τοῦ
2570 2895 2722 2962 ξύλου
2779 2895 3127 2973 κλασθέντος,
3157 2901 3244 2955 καὶ
3301 2900 3578 2976 πρόκειται
3610 2892 3666 2937 1⁸
3723 2910 3850 2962 τοῖς

479 2983 772 3062 exposita.
791 2985 1167 3047 Posteriores
1179 2986 1340 3047 enim
1357 3005 1490 3048 mox
1503 3003 1718 3049 carnes
1740 2986 2116 3060 rescindunt,

2209 2989 2462 3066 θηράσασι
2493 2985 2710 3044 δεῖπνον
2761 2985 2997 3063 ἕτοιμον
3040 2989 3132 3050 τὰς
3190 2985 3291 3066 γάρ
3348 2989 3587 3054 ὀπισθίας
3628 2986 3686 3038 90
3742 2989 3850 3044 κό-

471 3080 536 3135 et
565 3073 683 3135 vita
713 3092 850 3135 cum
883 3077 1175 3154 sanguine
1208 3076 1521 3152 exhausta,
1583 3084 1800 3138 caetera
1857 3075 2118 3138 defuncti

471 3161 766 3240 membra,
797 3163 871 3227 ad
903 3181 1076 3225 suum
1111 3163 1364 3246 quisque
1412 3184 1612 3243 usum,
1661 3164 1979 3228 distributa
2005 3183 2116 3227 au-

471 3252 700 3318 ferunt.

549 3341 672 3406 Hos
702 3342 1030 3406 Venatores
1057 3342 1412 3409 Ptolemaeus
1435 3364 1542 3409 rex
1566 3344 1800 3426 Egypti
1825 3342 2024 3405 edicto
2044 3341 2117 3405 ab

469 3430 856 3512 elephantum
916 3433 1081 3496 caede
1135 3435 1441 3498 abstinere
1488 3436 1682 3515 jussit,
1719 3441 1783 3496 ut
1812 3433 1974 3495 vivos
2003 3431 2119 3495 sibi

466 3521 739 3598 haberet,
777 3523 1104 3606 multaquet
1132 3535 1190 3586 et
1220 3525 1619 3588 admiratione
1652 3523 1836 3602 digna
1868 3524 1952 3584 eis
1982 3540 2115 3602 pro-

469 3610 662 3677 misit.
722 3613 854 3674 Nou
911 3613 1088 3675 modo
1151 3623 1355 3676 tamen
1389 3634 1509 3677 non
1542 3614 1861 3696 persuasit,
1912 3629 2115 3674 verum

468 3701 647 3764 etiam
678 3720 812 3764 cum
845 3709 967 3764 toto
996 3703 1229 3785 Egypti
1263 3724 1450 3786 regno
1480 3724 1545 3767 se
1576 3713 1928 3786 praesentem
1954 3702 2115 3764 hunc

463 3791 687 3854 victum
719 3811 840 3855 non
863 3804 1311 3875 permutaturos
1333 3814 1494 3872 esse,
1526 3793 1599 3856 ab
1625 3793 1740 3856 illis
1760 3809 2113 3872 responsum

463 3883 722 3964 accepit.

464 3974 603 4040 CAP.
638 3973 845 4039 XXVI.
877 4009 954 4024 -
984 3977 1071 4038 De
1099 3975 1462 4056 Ethiopian
1489 3972 1996 4054 Strutlziophagis
2053 3980 2109 4036 et

1172 4065 1387 4127 Simia.

545 4159 634 4221 De
663 4154 1060 4222 Venatoribus
1087 4155 1204 4232 his,
1230 4176 1381 4238 quos
1401 4155 1982 4240 Nomadesimpuros
2006 4177 2110 4221 no-

467 4247 704 4310 minare
737 4246 956 4321 solent,
989 4265 1128 4328 pars
1158 4247 1430 4328 quadam
1476 4247 1550 4308 ad
1583 4246 1998 4324 Occidentem,
2033 4248 2106 4309 ab

465 4336 844 4418 [Ethiopihus
872 4339 1098 4413 avulsa,
1131 4336 1321 4416 degit,
1355 4345 1416 4400 et
1438 4336 1591 4399 Simi
1620 4347 1945 4402 vocantur:
1971 4357 2109 4420 pars

465 4429 738 4509 quaedam
769 4429 988 4490 Austro
1019 4426 1278 4507 objacet,
1340 4446 1489 4506 gens
1521 4447 1640 4489 non
1673 4429 1752 4490 ita
1779 4448 2010 4509 magna,
2048 4428 2108 4493 hi

464 4515 918 4600 Struthiopbagi
947 4527 1392 4598 nuncupantur.
1413 4517 1560 4580 Nam
1585 4519 1954 4580 struthiones
1971 4519 2108 4580 arti-

461 4606 599 4670 ﬁcia
658 4616 716 4670 et
769 4608 908 4669 dolo
958 4607 1264 4688 clavisque
1319 4606 1627 4688 subigunt,
1691 4608 1851 4670 unde
1882 4601 2172 4670 vivant.”

463 4697 690 4761 Carnes
719 4698 879 4760 enim
902 4694 1072 4758 cibos
1095 4697 1429 4777 pellesque,
1453 4697 1804 4761 indumenta
1826 4706 1885 4759 et
1905 4697 2106 4759 lectis-

457 4789 659 4850 ternia
690 4786 1016 4850 sufﬁciunt.
1050 4785 1275 4847 infensi
1328 4795 1466 4847 sunt
1496 4786 1589 4848 his
1619 4787 1792 4862 Simi,
1825 4786 2104 4868 bellaque

457 4875 754 4938 inferunt.
813 4874 1071 4958 Orygum
1103 4875 1387 4940 cornibus
1425 4884 1675 4936 utuntur
1705 4876 1766 4938 hi
1800 4894 1909 4956 pro
1940 4878 2097 4941 telis.

459 4967 720 5030 Grandia
772 4968 933 5030 enim
986 4975 1127 5028 sunt
1155 4975 1213 5028 et
1241 4968 1314 5028 ad
1345 4965 1735 5028 incidendum
1792 4975 2098 5046 peracuta.

458 5054 644 5138 Regio
674 5055 778 5118 illa
805 5057 869 5117 in
903 5074 1116 5136 magna
1141 5056 1314 5138 copia
1344 5055 1567 5118 animal
1603 5056 1720 5118 hoc
1748 5057 1956 5120 nutrit.

709 5151 847 5213 CAP.
879 5145 1110 5214 XXVII.
1143 5182 1221 5195 —
1250 5148 1343 5212 De
1372 5148 1842 5230 Acridophag-is.

537 5242 764 5325 Exiguo
795 5242 937 5308 inde
965 5242 1274 5308 intervallo
1332 5240 1612 5322 disjuncti
1662 5251 1802 5306 sunt
1850 5243 2108 5310 Acrido-

2202 3081 2398 3152 ψαντες
2455 3078 2598 3132 οὗτοι
2669 3077 2892 3155 σάρκας.
2957 3078 3045 3132 καὶ
3110 3078 3433 3146 ποιήσαντες
3502 3076 3714 3142 ἔξαιμον
3783 3079 3850 3135 τὸ

2200 3171 2360 3241 ζῶον,
2393 3166 2517 3222 εἶτα
2562 3168 2768 3244 νεκρὸν,
2802 3169 2932 3246 πρὸς
2990 3166 3088 3235 τὴν
3146 3165 3334 3224 ἑαυτοῦ
3376 3167 3562 3247 χρείαν
3621 3167 3850 3234 ἕκαστος

2200 3255 2266 3311 τὰ
2297 3255 2437 3332 μέλη
2466 3254 2776 3335 διαιροῦσιν.

2280 3343 2403 3402 είΟτι
2460 3347 2677 3411 τούτους
2706 3345 2826 3412 τοὺς
2883 3347 3158 3425 Κυνηγοὺς
3220 3346 3560 3424 Πτολεμαῖος
3611 3349 3641 3406 ὁ
3686 3347 3851 3426 Αίγύ-

2205 3457 2333 3494 πτου
2375 3434 2622 3512 βασιλεὺς
2666 3435 2998 3516 ἀποσχέσθαι
3027 3434 3078 3479 91
3117 3444 3210 3496 τοῦ
3251 3438 3412 3518 φόνου
3459 3441 3563 3494 τῶν
3618 3437 3850 3516 ἐλεφάν-

2201 3547 2307 3582 των
2357 3532 2653 3604 παραινῶν,
2686 3525 2763 3582 ⁹ίν⁹
2822 3525 2942 3605 ἔχοι
2971 3522 3026 3567 ’ί
3055 3527 3211 3592 αὐτὸς
3262 3534 3483 3599 ζῶντας,
3515 3527 3601 3584 καὶ
3658 3526 3848 3586 πολλὰ

2200 3615 2287 3672 καὶ
2345 3617 2621 3692 θαυμαστὰ
2687 3619 2871 3679 αύτοτς
2928 3617 3380 3698 ὑπισχνούμενος,
3426 3620 3484 3676 0-3
3536 3615 3696 3691 μόνον
3743 3621 3849 3676 οὒκ

2199 3703 2434 3786 ἔπεισεν,
2470 3703 2590 3762 ἀλλ’
2643 3703 2748 3762 οὐδ’
2781 3705 2842 3761 ἃν
2904 3707 3004 3774 τὴν
3034 3705 3167 3774 ὅλην
3210 3705 3534 3771 ἀλλάξασθαι
3565 3703 3846 3782 βασιλείαν

2197 3795 2329 3872 πρὸς
2381 3796 2473 3851 τὸν
2505 3796 2767 3852 ἓνεστῶτα
2795 3791 2849 3836 9³
2891 3795 3007 3871 βεοτ
3056 3796 3312 3854 εἰπόντων
3340 3795 3620 3875 ἀπόκρισιν
3667 3793 3844 3863 ἥκου-

2195 3905 2306 3947 σιν.

2312 3977 2437 4058 Περὶ
2481 3976 2746 4038 Αἰθιόπων
2788 3983 2893 4037 τῶν
2938 3983 3145 4059 Σιμῶν,
3186 3980 3275 4038 καί
3320 3983 3427 4038 τῶν
3469 3982 3716 4061 Ζτρουθο-

2911 4061 3112 4139 τράγων.

2270 4161 2396 4221 ᾳΟτι
2451 4161 2558 4220 τῶν
2589 4168 2847 4241 Κυνηγῶν
2903 4163 3125 4240 τούτων,
3159 4163 3248 4226 οὓς
3305 4167 3354 4221 οἱ
3398 4161 3635 4240 Νομάδες
3693 4161 3841 4218 ἀκα-

2190 4251 2410 4332 θάρτους
2467 4250 2659 4310 καλεῖν
2721 4253 2956 4332 εἰώθασι,
2988 4254 3051 4309 τὸ
3103 4251 3200 4329 μέν
3241 4253 3371 4327 πρὸς
3425 4253 3650 4333 ἑσπέραν
3701 4252 3844 4310 ἁπόο

2191 4365 2414 4419 σπασμα
2458 4341 2721 4400 Αἰθιόπων
2765 4341 2982 4418 νέμεται
3019 4350 3109 4408 οῦς
3139 4341 3360 4402 καλοῦσι
3414 4344 3638 4419 Σιμοὺς,
3668 4343 3734 4399 τὰ
3780 4342 3842 4401 δέ

2190 4435 2319 4512 πρὸς
2393 4430 2729 4510 μεσημϐρίαν
2797 4436 2858 4492 οὗ
2945 4432 3085 4510 μέγα
3161 4431 3336 4512 ἔθνος,
3400 4434 3447 4490 οἱ
3515 4431 3839 4508 καλούμενοι

2191 4522 2602 4601 Στρουθοφάγοι,
2637 4533 2695 4577 οτ
2741 4522 2938 4588 ταύτας
2987 4523 3158 4602 τέχνῃ
3211 4523 3300 4578 καὶ
3355 4520 3496 4595 δόλῳ
3529 4523 3614 4580 καὶ
3669 4522 3840 4601 ῥοπά-

2189 4612 2301 4676 λοις
2358 4613 2671 4689 θηρεύοντες
2731 4613 2795 4668 ἔκ
2847 4612 3048 4670 τούτων
3101 4613 3316 4691 βιοῦσι,
3373 4613 3674 4688 σιτούμενοι
3733 4613 3836 4688 μέν

2185 4702 2282 4766 τας
2354 4702 2576 4778 σάρκας,
2637 4697 2833 4758 ἐνδόσει
2905 4699 2960 4758 δέ
3015 4702 3103 4758 καὶ
3171 4707 3424 4781 στρωμνῇ
3485 4717 3604 4765 τοῖς
3662 4702 3844 4759 αὐτῶν

2187 4793 2461 4872 χρώμενοι
2519 4788 2764 4869 δέρμασι.
2797 4789 3226 4867 Πολευμούμενοι
3281 4790 3336 4847 δέ
3364 4793 3466 4848 ὑπὸ
3514 4795 3621 4848 των
3652 4799 3844 4866 Σιμῶν

2185 4885 2328 4938 οὗτοι
2370 4891 2491 4943 τοῖς
2549 4885 2655 4937 τῶν
2699 4880 2904 4959 ὀρύγων
2954 4880 3170 4960 κέρασιν
3225 4879 3412 4944 ὅπλοις
3466 4887 3709 4961 χρῶνται
3754 4879 3838 4960 εδ,

2189 4969 2444 5050 μεγάλοις
2506 4971 2599 5028 καί
2671 4983 2967 5048 τμητικοϊς
3028 4973 3164 5029 οὖσι·
3232 4971 3412 5053 τρέφει
3480 4971 3536 5030 δέ
3573 4973 3608 5042 ἡ
3675 4975 3842 5054 χωρὰ

2186 5059 2524 5129 πολυπληθές
2554 5061 2616 5116 τὸ
2645 5060 2783 5131 ζῶον
2811 5068 2992 5123 τοῦτο.

2712 5157 2838 5234 Περὶ
2879 5152 3302 5236 Ἀκριδοφάγων.

2273 5248 2398 5308 νοτι
2454 5254 2562 5307 τῶν
2609 5249 2902 5329 εἰρημένων
2959 5252 3020 5309 οὒ
3062 5247 3198 5308 πολὺ
3255 5247 3535 5317 διεστῶτές
3593 5250 3727 5314 εἰσιν
3787 5253 3842 5309 0i

1762 5421 2018 5494 VARIJE
2074 5425 2516 5494 LECTIONES.

2053 5628 2113 5652 ρ

771 5671 786 5686 ο
872 5621 929 5666 to
955 5618 1211 5702 tu:‘f_xa'vEt
1424 5618 1475 5665 Π
1507 5618 1642 5702 μένῃ
1663 5619 1787 5702 “BM:
1845 5618 2022 5700 μένει⁷

538 5645 652 5686 νους

463 5643 652 5701 μενους
702 5643 742 5697 5
771 5671 786 5686 ,
873 5643 929 5666 ιν
955 5643 1211 5702 τυγχανει
1255 5643 1295 5696 ε,
1323 5669 1337 5684 .
1427 5643 1444 5662 ι

462 5702 527 5757 κ
553 5704 816 5770 ὀπισθίους
849 5703 920 5767 Β.
1003 5700 1052 5745 ²¹
1088 5705 1444 5783 ἀποσχεῖσθαι

544 5539 599 5582 ¹²
630 5541 692 5599 τό
764 5548 854 5603 ost
882 5540 1104 5621 κατέχει
1135 5539 1277 5604 add.
1306 5540 1383 5604 Α.
1468 5537 1522 5584 ¹³
1550 5537 1961 5620 προσϐεϐοηκώς
1990 5549 2070 5622 ς’.
2154 5542 2212 5589 1⁸
2241 5547 2363 5609 τοὺς
2407 5542 2635 5611 πλησίον
2666 5550 2759 5601 τοῦ
2786 5543 2842 5608 Α
2876 5559 2891 5607 ;
2928 5549 3021 5604 τού
3051 5542 3278 5612 πλησίον
3311 5544 3394 5620 ς.
3482 5543 3536 5590 1⁵
3565 5568 3833 5625 προειρη-

544 5645 652 5686 mu:
872 5621 929 5666 1°
955 5623 1211 5697 τυγχάνει
1424 5618 1475 5665 Π
1507 5623 1642 5697 μένῃ
1700 5619 1787 5682 ΒΣ
1845 5625 1994 5697 μένει
2051 5628 2132 5697 ς’,
2228 5625 2277 5670 18
2301 5625 2529 5692 έστηκός
2572 5624 2670 5686 ΔΖ
2721 5627 2808 5681 καὶ
2851 5623 3072 5693 ἕστηκεν
3116 5626 3197 5697 ς’.
3283 5625 3337 5668 ¹9
3384 5627 3694 5697 πρόσκειται
3736 5629 3827 5697 ς’.

2228 5625 2277 5670 18
2301 5625 2529 5692 έστηκός
2572 5624 2670 5706 Δλ
2721 5627 2808 5681 καὶ
2851 5623 3072 5693 ἕστηκεν
3116 5626 3197 5699 ς’.
3235 5625 3337 5706 Λ¹9
3384 5623 3694 5706 πρόσκειται
3723 5623 3827 5703 .

1489 5701 1571 5775 ς.
1620 5698 1628 5700 ’
1657 5698 1710 5744 29
1740 5698 1857 5781 ’6'an
1889 5705 1960 5770 B,
2045 5698 2100 5754 ιθ
2126 5710 2404 5789 ἐφεστῶτα
2445 5706 2530 5778 ς.
2616 5701 2673 5747 ²⁴
2701 5713 2942 5784 χρῶνται
2987 5708 3076 5765 καὶ
3118 5698 3372 5784 μεγάλοις
3413 5698 3495 5781 .
