4008 6210
518 354 595 420 43

1713 353 1811 417 ΡΗ
1819 353 1978 418 OTII
2027 347 2543 416 PATRIARCHE
2586 355 2702 418 GP.

3811 350 3887 416 44

511 492 749 555 fortuna
772 500 831 557 et
849 492 1072 555 infelici
1104 489 1498 572 trepidatione
1523 497 1819 570 anguntur
1846 512 1859 548 :
1890 507 2003 552 nec
2026 507 2131 550 ava

2235 486 2410 566 βλάϐῃ
2458 489 2704 566 σώματος
2739 489 2996 564 πολεμίου
3028 489 3350 570 σφᾶλλονται
3379 488 3440 538 97
3499 487 3596 568 [δ’]
3633 487 3688 544 ἐν
3746 487 3885 542 ἀτυ-

512 581 663 645 ι-ἱιίω
693 582 888 646 studio
917 583 1101 644 multa
1131 581 1192 643 in
1221 581 1371 644 alios
1402 582 1806 657 committunt;
1851 577 2156 660 multaque

513 678 720 734 contra
767 671 1068 754 recipiunt
1098 669 1172 732 de
1207 669 1378 733 malis
1427 689 1548 732 non
1596 668 1978 732 necessariis.
2029 669 2156 732 Nec

507 759 853 823 inimicitias
877 758 989 823 sibi
1013 761 1273 822 conflant
1305 759 1584 840 majores,
1619 759 1676 820 in
1701 757 1947 821 ferenda
1969 758 2156 820 invisa

509 849 745 931 corpori
775 867 956 932 noxa;
993 867 1106 912 nec
1128 849 1187 911 in
1210 847 1676 914 domesticorum
1701 847 2041 910 infortuniis
2063 847 2154 908 la-

507 937 777 1015 bascunt,
798 957 908 1002 nec
926 939 1354 1020 navigando,et
1377 939 1529 1002 lucri
1553 939 1738 1018 gratia
1758 938 1889 1000 vitae
1913 937 2152 999 modum

504 1044 685 1109 supra
736 1049 911 1112 quam
973 1031 1060 1094 fas
1119 1038 1209 1093 est
1241 1029 1640 1106 extendendo,
1699 1028 1965 1091 adversis
2022 1027 2156 1088 vitae

499 1119 738 1182 casibus
767 1120 1185 1200 aegritudinem
1213 1119 1582 1182 metiuntur:
1618 1119 1725 1181 sed
1757 1119 1898 1180 dum
1927 1116 2155 1196 exiguis

496 1207 797 1289 indigent,
821 1211 1034 1292 exigua
1056 1211 1234 1273 etiam
1263 1209 1493 1274 dolent.
1519 1209 1685 1283 Quod
1711 1209 1870 1271 enim
1896 1207 2043 1271 satis
2065 1214 2155 1270 est

498 1305 728 1376 tenent,
783 1308 841 1362 et
889 1301 1048 1382 quod
1081 1302 1212 1383 plus
1245 1307 1334 1363 est
1364 1319 1482 1362 non
1535 1300 1863 1381 inquirunt.
1918 1296 2150 1361 Unum-

495 1407 802 1471 quemque
831 1399 1029 1453 autem
1060 1389 1367 1471 perturbat
1397 1410 1516 1453 non
1547 1389 1607 1452 id
1639 1389 1797 1472 quod
1823 1389 2076 1467 ignorat,
2100 1390 2149 1450 si

495 1475 671 1556 absit,
707 1480 813 1541 sed
846 1480 1007 1562 quod
1039 1479 1228 1543 libera
1249 1481 1557 1544 voluntate
1586 1481 1834 1562 appetit,
1858 1479 1908 1540 si
1935 1493 2146 1558 prope-

491 1574 662 1632 rante
699 1569 1024 1650 cupiditate
1046 1571 1119 1634 ab
1146 1573 1466 1634 occasione
1492 1569 1738 1633 fruendi
1765 1568 2138 1630 destituatur.

2239 580 2384 658 χίαις
2444 581 2673 636 οἰκείων
2722 578 2907 660 [1352
2980 581 3075 659 IL]
3120 579 3236 638 οὐδὲ
3281 579 3699 653 ναυτιλλόμενοι,
3749 577 3884 656 κέρ-

2238 667 2355 732 δους
2405 668 2562 726 ἕνεκα
2593 672 2654 726 τὸ
2697 676 2793 746 ζῇν
2819 672 3238 748 ὑπερτείναντες,
3291 667 3726 750 προσπταίσμασι
3785 677 3884 726 τοῦ

2237 759 2352 834 βίου
2414 767 2660 836 μετροῦσι
2728 760 2827 827 τὴν
2885 759 3080 828 λύπην’
3149 759 3288 816 ἀλλὰ
3359 765 3562 838 μικρῶν
3631 755 3883 832 δεόμενοι

2240 849 2399 926 μὶκρὰ
2443 851 2530 905 καὶ
2583 853 2850 926 πενθοῦσι,
2889 851 2947 906 τό
2992 851 3091 924 μὲν
3148 850 3340 930 ἆρκοῦδ
3393 849 3681 924 κτώμενοι,
3727 848 3790 904 τὸ
3823 843 3886 901 δὲ

2236 937 2399 994 πλέον
2470 937 2528 996 οὔ
2591 946 2895 1010 ζητοῦντες,
2971 937 3228 1020 Ἐνοχλεῐ
3285 938 3326 994 3’
3403 937 3628 995 ἕκαστον
3685 937 3746 993 οὗ
3816 938 3886 992 τὸ

2235 1027 2612 1105 ἀγνοούμενον,
2676 1031 2720 1085 εί
2791 1030 2868 1106 μὴ
2928 1031 3204 1104 πάρεστιν,
3264 1027 3399 1084 ἄλλα
3469 1028 3529 1083 τὸ
3585 1025 3880 1104 βουλητὸν)

2237 1115 2363 1173 ὅταν
2417 1119 2657 1196 ὑστερίζῃ
2714 1129 2803 1179 τοῦ
2871 1127 3058 1199 καιροῦ
3108 1119 3204 1186 τῆς
3277 1119 3556 1193 ἐπιθυμίας
3613 1113 3883 1173 σπευδού-

2236 1227 2360 1273 σης.
2417 1207 2615 1266 Οὐκοῦν
2674 1209 2880 1274 ἐκεῖνος
2925 1208 3082 1268 πάντ’
3139 1209 3286 1290 ἔχων
3345 1207 3377 1265 ἂ
3432 1207 3597 1281 θέλει,
3630 1205 3880 1284 εὒτυχιί-

2236 1318 2315 1353 σει
2361 1297 2425 1347 98
2469 1300 2604 1356 κατὰ
2645 1302 2738 1357 τὸν
2781 1305 2880 1368 τῆς
2925 1303 3129 1380 φύσεως
3174 1299 3456 1378 λογισμὸν,
3492 1297 3551 1354 οὗ
3602 1297 3739 1353 κατᾶ
3779 1296 3878 1350 τὸν

2233 1389 2329 1454 τῆς
2397 1387 2574 1457 δόξης.
2637 1391 2839 1466 Νόμοις
2897 1388 2954 1446 δὲ
3020 1391 3077 1447 οὒ
3133 1387 3476 1448 δικαιοῦνται·
3539 1388 3590 1444 τί
3642 1387 3746 1464 γὰρ
3788 1384 3877 1441 δεῖ

2230 1481 2601 1557 προστάγματι
2677 1479 2942 1538 δουλεύειν
3012 1481 3101 1537 τὸν
3176 1481 3342 1561 χωρὶς
3385 1477 3706 1558 γράμματος
3775 1476 3870 1531 εὖ,

2225 1583 2524 1646 γνωμονεῒν
2569 1572 2852 1647 νυνάμενον
2886 1590 2900 1644 ;

492 1653 783 1727 Quocirca
829 1657 930 1721 ille
967 1668 1180 1723 cuncta
1230 1659 1459 1723 habens
1492 1679 1624 1742 quae
1673 1659 1838 1734 velit,
1870 1657 2082 1719 beatus
2113 1653 2247 1731 erit,
2282 1658 2385 1736 qui
2439 1658 2512 1720 ad
2547 1667 2795 1742 naturae,
2831 1678 2949 1721 non
2989 1658 3293 1740 opinionis
3318 1655 3614 1738 judicium
3663 1673 3732 1717 se
3762 1672 3870 1716 ac-

487 1746 911 1810 commodabit.
943 1747 1066 1812 Nec
1095 1749 1328 1830 legibus
1359 1751 1459 1830 jus
1491 1750 1853 1829 disceptant.
1887 1745 2037 1818 Quid
2072 1745 2233 1807 enim
2293 1764 2444 1828 opus
2476 1757 2566 1810 est
2597 1749 2793 1812 edicto
2826 1748 3169 1812 subservire
3200 1765 3335 1810 eum
3368 1747 3469 1829 qui
3499 1745 3634 1808 sine
3662 1743 3866 1806 littera

486 1843 709 1898 rectam
741 1838 988 1914 habere,
1023 1848 1081 1901 et
1113 1839 1284 1902 factis
1315 1839 1606 1902 exhibere
1639 1847 1904 1900 mentem
1951 1842 2146 1917 potest
2174 1839 2204 1896 ?

569 1924 712 1991 CAP.
757 1927 938 1992 XXII.
985 1929 1338 2010 Ethiopum
1368 1931 1528 1993 circa
1559 1929 1797 1991 Meroen
1844 1927 2042 1990 victus
2071 1931 2132 1986 et

2297 1926 2446 2008 [734
2493 1929 2601 2012 Η.]
2647 1931 2770 1990 ’Ὅτι
2816 1931 2949 2007 μετᾶ
3008 1932 3128 1995 τοὺς
3173 1929 3550 2010 Ἰχθυοφάγους
3581 1927 3726 2003 παρὰ
3777 1927 3874 1982 τὸν

485 2016 825 2080 calamitas.
862 2054 934 2064 —
968 2018 1109 2081 Post
1139 2017 1640 2100 Ichtbyophagos,
1689 2018 1858 2098 juxta
1905 2016 2130 2078 tlumen

485 2105 834 2184 Astabaran,
863 2108 963 2189 qui
997 2128 1102 2189 per
1130 2109 1491 2190 EthiOpiam
1518 2117 1576 2171 et
1605 2107 1844 2189 Libyam
1869 2105 2134 2168 defertur

480 2193 659 2275 longe
689 2197 824 2261 Nilo
857 2197 1498 2280 submissior,ideoque
1519 2198 1750 2261 alveum
1785 2215 1960 2259 suum
1992 2212 2130 2256 cum

479 2285 708 2365 majore
756 2289 1157 2368 conjungens,
1191 2290 1416 2352 ambitu
1445 2308 1555 2352 suo
1587 2289 1826 2351 Meroen
1872 2285 2131 2347 insulam

479 2373 686 2440 efﬁcit.
737 2373 929 2456 Hujus
980 2377 1160 2455 igitur
1191 2380 1382 2440 amnis
1413 2379 1578 2460 ripas
1627 2388 1906 2458 utrasque
1957 2375 2134 2439 turba

478 2464 750 2540 quaedam
777 2465 1091 2529 hominum
1124 2468 1338 2530 accolit
1367 2487 1485 2531 non
1512 2485 1856 2540 numerosa,
1877 2466 1975 2528 tali
2001 2466 2133 2527 vit-'e

476 2555 712 2618 ratione
737 2576 750 2619 :
779 2557 873 2635 Ex,
888 2555 1082 2618 vicina
1105 2557 1322 2638 palude
1343 2557 1708 2620 arundinum
1734 2556 1969 2618 radices
1991 2555 2131 2616 effo-

2215 2018 2550 2100 Ἀσταϐάραν
2605 2024 2872 2098 ποταμὸν,
2905 2021 2964 2087 ’ὃς
3019 2020 3230 2102 φέρεται
3262 2020 3359 2096 μὲν
3417 2016 3502 2074 διὰ
3529 2019 3629 2084 τῆς
3687 2017 3873 2074 Δίθιο-

2214 2107 2337 2173 πίας
2390 2111 2604 2180 καὶτῆς
2662 2110 2884 2187 Λιϐύης,
2919 2111 3032 2168 ’ἐστι
3067 2109 3120 2167 δὲ
3163 2117 3257 2167 τοῦ
3301 2109 3487 2168 Νείλου
3543 2104 3735 2181 πολλῷ
3764 2129 3872 2163 τα-

2215 2201 2546 2278 πεινότερος,
2581 2201 2899 2278 συμϐάλλων
2957 2200 3011 2258 δὲ
3043 2203 3142 2270 τὴν
3187 2201 3382 2258 οἰκείαν
3414 2197 3585 2278 ὁρμὴν
3615 2203 3695 2271 τῷ
3740 2197 3867 2272 μεί-

2215 2295 2326 2358 ζονι
2377 2289 2561 2368 ῥείθρῳ
2605 2292 2767 2360 νῆσον
2799 2305 2948 2350 ποιεῖ
2997 2297 3065 2368 τῇ
3125 2289 3418 2369 περιῤῥύσει
3464 2289 3562 2356 τὴν
3625 2289 3863 2364 Μερόην,

2217 2411 2294 2424 ·-
2327 2383 2470 2458 παρὰ
2518 2390 2641 2462 γοῦν
2673 2384 2764 2439 τὸν
2815 2383 3092 2459 εἰρημενον
3128 2382 3369 2453 ποταμὸν
3400 2377 3484 2434 ἐπ’
3537 2376 3861 2458 ἀμφοτέροις

2213 2485 2462 2529 κατοικεῖ
2524 2487 2639 2536 τοῖς
2693 2471 2930 2553 χείλεσιν
2983 2470 3148 2550 ὄχλος
3200 2474 3258 2529 οὒ
3313 2467 3480 2532 πολὺς
3525 2470 3642 2544 μὲν,
3674 2471 3748 2538 τῷ
3792 2464 3853 2522 δὲ

2213 2560 2310 2635 βίῳ
2376 2569 2640 2627 τοιοῦτος·
2687 2563 2781 2619 Ἐκ
2836 2568 2928 2620 τοΰ
2991 2562 3325 2640 παρήκοντος
3383 2557 3534 2621 ἕλους
3589 2557 3654 2613 τὰ
3716 2556 3864 2634 ῥίζας

477 2642 585 2722 dit,
644 2663 910 2728 pureque
940 2646 1173 2710 ablutas
1202 2650 1358 2712 saxis
1388 2649 1450 2709 in
1482 2647 1741 2710 frustula
1788 2645 2132 2726 confringit.

2220 2655 2326 2704 τῶν
2387 2652 2641 2728 καλάμων
2686 2653 2924 2729 ὃμύττει,
2960 2651 3188 2708 κᾶπειτα
3236 2648 3434 2713 πλύνας
3461 2651 3703 2723 καθαρῶς
3763 2646 3864 2703 ὲκ-

477 2733 622 2796 Cum
674 2737 755 2798 ibi
803 2737 1007 2799 laevem
1043 2744 1104 2800 et
1133 2739 1420 2800 viscosam
1472 2737 1796 2800 reddidere
1849 2753 2130 2819 massam,

2221 2739 2404 2796 κόπτει
2458 2741 2621 2806 λίθοις
2653 2744 2784 2821 πρὸς
2831 2742 3016 2820 μέρος,
3049 2742 3279 2810 ποιήσας
3327 2737 3381 2795 δὲ
3431 2736 3551 2794 λεῒο
3580 2737 3670 2792 καὶ
3723 2735 3862 2792 κολ-

477 2825 800 2902 particulas
861 2827 1004 2890 inde
1063 2846 1181 2890 non
1216 2828 1460 2889 omnino
1495 2845 1777 2888 manuum
1811 2826 2132 2911 implentes

2217 2827 2380 2895 λῶδες
2431 2829 2728 2889 ἀνέπλασεν
2760 2831 2814 2888 ἐν
2873 2829 3118 2911 μαγίδος³
3165 2831 3210 2886 εί
3243 2830 3327 2887 καὶ
3360 2830 3419 2885 ού
3448 2824 3862 2907 χεειροπλήθεις³

476 2915 810 2993 etformant,
868 2926 926 2980 et
955 2918 1027 2981 ad
1060 2918 1207 2980 solis
1238 2926 1445 2980 aestum
1478 2916 1659 2978 452a
1689 2923 1915 2978 assatas
1946 2906 2131 2977 edulii

2217 2919 2426 2998 ὄγκους,
2463 2934 2582 2979 εἶτα
2637 2922 2692 2978 ἐν
2740 2929 2817 2997 τῷ
2869 2906 3115 2994 καύματι-
3157 2919 3442 2996 παροπτῶν
3471 2917 3670 2984 ταύτην
3728 2906 3857 2996 ἔχει

471 3003 602 3067 loco
624 3017 959 3086 apponunt.
985 3007 1130 3070 Cum
1152 3007 1306 3070 malo
1330 3007 1751 3069 conﬂictantur
1772 3005 2121 3082 inevitabili,

2217 3012 2534 3091 προσφοράν.
2592 3011 2821 3092 ’Ἔχουσι
2854 3009 2909 3067 δὲ
2943 3014 3090 3068 οὗτοι
3120 3010 3286 3067 κακὸν
3343 3006 3595 3087 ἄφυκτον,
3628 3009 3750 3062 τοὺς
3797 3007 3858 3062 ἐν

469 3101 676 3175 utpote
707 3096 983 3160 leonibus
1016 3097 1075 3158 in
1110 3097 1357 3177 stagnis,
1391 3097 1493 3177 qui
1524 3114 1627 3158 eos
1659 3095 1959 3158 invadunt.
1998 3094 2121 3158 Sub

2217 3088 2325 3165 ιοϊς
2361 3088 2518 3156 -ἕλεσι
2549 3088 2764 3165 λέον-τας
2817 3098 3207 3175 ἐπιτιθεμένους
3237 3099 3446 3160 αὑτοῖς.
3483 3088 3614 3152 Ὑπὸ
3658 3093 3714 3151 δὲ
3747 3096 3856 3165 τὴν

468 3194 662 3246 ortum
695 3187 874 3249 etiam
909 3188 1072 3249 canis
1095 3189 1129 3263 ί,
1155 3188 1364 3266 ingens
1395 3186 1648 3248 culicum
1681 3184 1992 3247 multitudo
2017 3203 2120 3249 eos

2217 3187 2455 3257 ἐπιτολὴν
2527 3197 2618 3248 τοῦ
2686 3192 2840 3254 κυνὸς
2898 3189 3096 3268 γίνετᾶί
3174 3210 3224 3244 τι
3291 3188 3565 3244 κωνώπων
3633 3183 3852 3254 πλῆθος

463 3273 730 3350 infestat,
752 3276 940 3338 tantis
964 3276 1195 3338 viribus
1218 3277 1475 3357 pollens,
1498 3285 1560 3337 ut
1577 3276 1832 3356 populus
1852 3275 1911 3335 in
1936 3293 2118 3356 aquas

2217 3277 2461 3353 ἕπλετσν,
2487 3280 2816 3348 τηλικαύτην
2867 3279 2997 3360 ἔχον
3026 3279 3240 3354 δύναμιν
3299 3277 3438 3334 ὥστε
3469 3277 3557 3332 τὸν
3603 3273 3730 3330 λαὸν
3761 3277 3848 3340 εἷς

464 3363 754 3427 lacustres
784 3366 1143 3447 praefugiens
1167 3385 1232 3427 se
1257 3365 1338 3427 ibi
1360 3366 1646 3430 occultet.
1675 3363 1768 3427 Ab
1793 3364 1884 3426 his
1906 3364 2114 3427 leones

2217 3371 2290 3433 ῖᾶς
2324 3370 2607 3446 λιμνώδεις
2651 3371 2903 3450 ὑγρασίας
2949 3368 3245 3426 ἀπελθόντα
3277 3367 3393 3424 ἐκεῖ
3425 3366 3603 3442 μένειν
3634 3363 3847 3445 ἀφανῆ,

467 3473 710 3534 quoque
740 3459 1241 3532 exterminantur,
1280 3474 1399 3516 non
1432 3464 1550 3517 tam
1603 3473 1636 3516 a
1689 3473 1888 3516 morsu
1917 3456 2111 3516 vexati

2219 3459 2314 3539 I‘cp’
2380 3463 2454 3516 (In
2514 3460 2603 3516 ni
2665 3449 2714 3516 oi
2785 3459 3000 3523 λέοντες
3059 3458 3444 3533 ἐκτοπίζονται,
3508 3457 3607 3535 οὐχ
3671 3453 3848 3518 οὕτως

464 3547 766 3625 (quamvis
799 3547 1050 3608 molesto
1081 3546 1275 3627 satis),
1333 3565 1510 3627 quam
1570 3545 1728 3626 quod
1785 3545 2108 3608 stridorem

2217 3550 2294 3605 υπὸ
2352 3555 2443 3606 τοῦ
2501 3547 2709 3628 δηγμοῦ
2765 3547 3079 3622 δηλούμενοι
3134 3547 3220 3620 99,
3274 3547 3457 3623 καίπερ
3516 3545 3664 3606 ὄντος
3730 3545 3848 3602 ἒπ-

459 3636 624 3696 vocis
676 3640 1059 3716 peregrinum
1101 3636 1370 3718 perferre
1400 3644 1730 3718 nequeunt.
1763 3635 1945 3716 Atqui
1994 3637 2110 3698 hoc

2217 3643 2415 3720 εχθοῡς,
2452 3640 2526 3702 ὡς
2557 3641 2647 3695 τὸν
2678 3639 2781 3695 ὑπὸ
2829 3643 2931 3706 τῆς
2961 3643 3142 3714 φωνῆς
3183 3637 3324 3717 ἦχον
3355 3633 3645 3714 ἀλλόφυλον
3704 3633 3848 3694 ἁδυ-

458 3725 629 3787 miraa
660 3727 937 3789 novitatis
970 3727 1164 3808 gratia
1195 3736 1735 3789 commemoratum
1764 3735 1916 3790 esto.
1950 3726 2104 3797 Quid

2221 3737 2467 3794 ατοῦντες
2524 3729 2722 3808 φέρειν.
2788 3727 2957 3786 Ἀλλὰ
3013 3736 3179 3786 ταῦτα
3237 3727 3334 3804 μὲν
3379 3723 3706 3804 ἀπηγγέλθω
3747 3737 3849 3786 τοῦ

456 3816 616 3878 enim
677 3817 1064 3898 singularius,
1126 3837 1302 3899 quam
1358 3819 1569 3879 leones
1621 3814 1916 3877 culicibus
1973 3814 2102 3876 loco

2217 3817 2485 3897 παραδόξου
2541 3820 2726 3900 χάριν
2789 3820 2841 3876 τί
2897 3819 2997 3898 γὰρ
3057 3817 3326 3896 ἷδιώτερον
3371 3816 3406 3886 ἢ
3468 3815 3690 3879 λέοντας
3736 3816 3847 3892 μὲν

455 3907 700 3980 cedere,
734 3917 793 3970 et
823 3909 1094 3970 homines
1126 3926 1195 3968 ex
1228 3905 1525 3986 ejusmodi
1547 3903 1819 3985 periculo
1847 3903 2103 3966 evadere

2217 3922 2454 3988 κχωρετν
2533 3911 2807 3990 κώνωψιν,
2885 3907 3194 3988 ἀνθρώπους
3265 3907 3317 3964 δὲ
3391 3906 3649 3978 σώζεσθαι
3731 3907 3843 3964 ὑπὸ

453 3995 790 4065 incolumes
809 4003 839 4059 ?

2217 3999 2418 4056 οιούτου
2449 3997 2685 4057 κινδύνου
2714 4019 2732 4080 ς

533 4084 678 4148 CAP.
714 4083 916 4147 XXIII.
958 4085 1050 4148 De
1085 4083 1465 4165 Hylophagt’s
1496 4083 1848 4163 harumque
1874 4088 2099 4146 natura

449 4181 507 4236 et
533 4175 832 4239 moribus.
857 4210 935 4220 —
952 4177 1081 4237 Jam
1106 4173 1593 4236 commemoratis
1617 4172 2096 4253 HyIOpbagorum

449 4281 597 4342 gens
631 4282 752 4325 non
782 4265 863 4325 ita
883 4266 1138 4327 multum
1159 4264 1507 4344 discrepans
1531 4263 1929 4344 approximat,
1963 4282 2094 4344 qua;

447 4353 628 4416 etiam
663 4354 999 4418 seminibus
1029 4362 1306 4417 vescitur.
1342 4354 1487 4416 Nam
1513 4355 1740 4416 fructus
1762 4373 1832 4415 ex
1855 4353 2091 4415 arbori-

445 4441 557 4505 bus
589 4443 940 4507 decidentes
971 4445 1315 4526 comedunt,
1339 4445 1516 4506 etiam
1553 4453 1821 4525 tempore
1844 4447 2087 4508 aestatis.

441 4533 607 4596 Alias
625 4533 872 4597 herbam
901 4537 1256 4617 decerpunt,
1274 4553 1405 4616 quae
1430 4535 1490 4596 in
1517 4532 1818 4597 umbrosis
1837 4534 2088 4596 vallibus

2259 4089 2385 4147 "Ou
2415 4102 2537 4154 τοῖς
2583 4078 2907 4172 εἰρημένοις,
2942 4089 3094 4171 φησὶ,
3145 4090 3203 4146 τὸ
3232 4093 3340 4146 τῶν
3401 4078 3718 4169 ’Υλοφᾶγων
3745 4091 3844 4148 καὶ

2178 4186 2284 4237 τῶν
2330 4181 2396 4238 τὰ
2448 4182 2728 4261 σπέρματα
2785 4180 3113 4257 σιτουμένων
3182 4177 3381 4257 ἐγγίζει
3441 4178 3620 4258 γένος,
3691 4179 3837 4256 βρα-

2175 4284 2341 4351 χεῖαν
2386 4270 2517 4351 ἕχον
2580 4272 2676 4339 τὴν
2735 4269 3112 4351 παραλλαγήν,
3163 4270 3224 4328 Οἱ
3283 4267 3382 4344 μὲν
3436 4269 3536 4346 γὰρ
3592 4269 3684 4323 τὸν
3732 4267 3835 4324 πί-

2173 4383 2373 4418 πτοντα
2427 4363 2630 4439 καρπὸν
2661 4361 2765 4418 ἀπὸ
2814 4367 2919 4418 τῶν
2981 4357 3204 4439 δένδρων
3251 4365 3520 4415 σιτοῦνται
3553 4358 3680 4436 [καὶ]
3724 4359 3833 4414 ὑπὸ

2171 4453 2268 4521 τὴν
2320 4452 2545 4532 θερείαν,
2580 4453 2642 4508 τὸ
2685 4449 2739 4507 δὲ
2785 4449 2975 4508 λοιπὸν
3021 4449 3118 4518 τῆς
3171 4448 3306 4513 πόας
3351 4447 3614 4506 ἅπτονται
3643 4445 3665 4488 ί
3726 4451 3834 4517 τῆς

2172 4542 2226 4598 ἑν
2265 4554 2383 4605 τοῖς
2448 4554 2682 4619 σκιεροῖς
2732 4539 2918 4620 ἅγκεσι
2963 4540 3251 4619 γινομένης
3297 4536 3565 4618 στερεᾶς2
3614 4558 3673 4595 τε
3726 4539 3833 4607 τὴν

441 4625 730 4699 nascitur,
788 4626 1072 4707 duraeque
1105 4634 1195 4687 est
1224 4625 1468 4701 indolis,
1507 4632 1567 4686 et
1595 4624 1822 4716 caulem
1877 4625 2132 4716 educat!

2217 4633 2322 4689 ύσιν
2388 4633 2478 4690 καὶ
2536 4630 2730 4687 καυλὸν
2787 4630 3146 4709 ἐκτρεφούσης
3199 4629 3493 4708 παρόμοιον
3549 4641 3674 4693 ταῖς
3718 4650 3830 4685 κα-

445 4715 772 4778 assimtlem
794 4718 1148 4797 napis,quas
1171 4716 1459 4778 buniades
1480 4726 1712 4776 vocant.
1742 4712 1891 4777 Hinc
1916 4715 2086 4796 quid-
2110 4712 2132 4716 ’

2217 4723 2450 4798 >υμέναις
2495 4722 2786 4797 βουνιάσιν·
2836 4722 2882 4777 οἱ
2931 4719 2987 4775 δὲ
3037 4724 3137 4786 τῆς
3175 4719 3308 4786 ὕλης
3355 4719 3455 4787 τὴν
3484 4717 3701 4789 ἁπαλῂν
3745 4741 3832 4776 σι·-

445 4807 585 4884 quid
613 4806 686 4867 de
713 4805 962 4868 materia
985 4815 1259 4867 tenerum
1285 4805 1516 4868 exsistit
1541 4812 1598 4866 et
1622 4803 1893 4878 molle,fit
1917 4824 2087 4867 escu-

2217 4822 2404 4876 ὤνται,
2471 4812 2623 4870 Οὗτοι
2653 4813 2750 4876 τὰς
2807 4809 2902 4886 μὲν
2932 4811 3120 4871 νύκτας
3151 4815 3452 4885 κοιμῶνται
3511 4810 3679 4868 τόπον
3713 4810 3830 4868 ἀπὸ

437 4891 917 4959 lentum.Noctes
939 4896 1184 4972 quidem
1210 4914 1421 4957 somno
1445 4894 1858 4969 tribuunt,sed
1885 4894 2080 4956 locum

2217 4909 2273 4958 ὒν
2331 4903 2449 4959 ἐκεῖ
2505 4902 2698 4980 θηρίων
2759 4902 2891 4978 πρὸς
2964 4899 3233 4980 ὅχύρωσιν
3296 4897 3658 4978 εξειλεγμένοι
3730 4903 3829 4959 καὶ

436 4983 732 5063 deligunt,
766 4985 866 5065 qui
901 4995 1112 5048 contra
1141 4985 1372 5049 belluas
1403 4987 1614 5046 tlrmus
1636 4984 1710 5045 sit
1730 4991 1788 5045 et
1817 4985 2083 5048 excubiis

2217 4991 2434 5069 ›λακήν,
2495 4991 2606 5066 ἅμα
2662 4990 2716 5046 δὲ
2761 4989 2900 5064 ἡλίῳ
2958 4990 3092 5064 μετὰ
3155 4989 3354 5047 τέκνων
3416 4992 3504 5046 καὶ
3551 4991 3828 5068 γυναικῶν

432 5083 628 5155 aptus.
691 5075 864 5138 Mane
925 5094 1101 5157 quam
1156 5077 1411 5158 primum
1472 5076 1562 5138 sol
1613 5074 1886 5154 emergit,
1943 5094 2078 5138 cum

2217 5083 2259 5140 εἰ
2313 5083 2379 5140 τὰ
2439 5079 2618 5158 δένδρα
2671 5080 2868 5145 πάντες
2913 5077 3276 5157 ἀναϐαίνουσι,
3324 5077 3527 5157 σπουδῇ
3567 5080 3825 5138 καταλα-

433 5163 642 5227 liberis
673 5173 732 5226 et
761 5165 1051 5229 uxoribus
1072 5166 1323 5230 arbores
1351 5165 1616 5228 universi
1640 5164 2076 5244 conscendunt,

2217 5189 2282 5233 ιϊν
2341 5179 2626 5248 ζητοῦντες
2685 5171 2806 5236 τοὺς
2865 5169 3058 5251 ἄκρους
3129 5168 3362 5236 κλῶνας⁹
3410 5169 3659 5228 κάκεῖθεν
3715 5192 3824 5241 την

510 5324 522 5360 ⁸
559 5325 658 5393 Al.
694 5326 1016 5391 Caniculae.

1726 5471 1991 5538 VARl/E
2049 5471 2485 5540 LECTIONES.

503 5624 565 5674 97
598 5621 818 5715 crpitli
870 5626 1173 5715 05.6293“.
1224 5629 1270 5691 Β
1323 5646 1411 5693 rc.
1461 5631 1535 5693 A.
1625 5625 1688 5680 98
1718 5635 2008 5715 εὐτυχήοει
2056 5638 2140 5694 καὶ
2187 5637 2325 5694 κατὰ
2367 5637 2453 5710 ς’.
2539 5635 2604 5688 99
2646 5634 2975 5714 δειλούμενοι
3010 5633 3078 5699 Β.
3166 5633 3440 5693 Ῑὸἰπτεται
3472 5637 3558 5710 ς.
3638 5635 3666 5679 3
3707 5637 3810 5706 τὴν

424 5705 710 5784 γινομένην
761 5706 978 5785 στερεοίν
