4008 6210
512 344 593 408 47
1698 339 1962 408 PHOTII
2005 343 2123 406 PA'.

2224 340 2523 406 [ARCHIE
2565 341 2678 405 CP.
3797 337 3877 401 48

511 475 718 556 guium
749 474 890 540 felle
922 476 1146 553 tinctis,
1178 478 1251 540 ad
1281 477 1470 540 exitus
1499 474 1832 540 belluarum
1887 477 1947 539 in
1993 476 2123 539 salu

2231 475 2474 555 προσάγῃ
2515 477 2577 532 τὸ
2620 471 2674 519 ίθ
2713 477 2870 548 ζῶον,
2919 475 2946 530 ὁ
2988 473 3084 550 μέν
3112 474 3198 538 αῖς
3237 473 3462 555 κατέχει
3506 474 3569 530 τὸ
3613 469 3766 536 τόξον
3797 475 3877 543 τῷ

511 565 875 631 consistunt.
909 565 970 629 Si
1002 585 1118 648 qua
1140 566 1321 647 igitur
1335 566 1589 644 accedit,
1614 585 1768 630 unus
1789 585 1991 629 arcum
2018 567 2123 647 ped

2237 565 2355 624 ποδὶ
2383 563 2764 646 προσϐεϐηκὼς
2796 561 2869 638 η,
2925 565 2969 619 οἱ
3017 562 3072 620 δέ
3103 563 3192 623 δύο
3245 565 3343 632 τὴν
3388 564 3570 642 νευρὰν
3617 561 3877 618 ὶλκυσαν·

507 655 818 718 admotum
845 665 1030 732 tenet,
1057 655 1175 719 duo
1195 656 1410 738 reliqui
1434 675 1667 720 summa
1689 656 1742 718 vi
1766 664 1950 718 tracto
1974 674 2123 718 nem

2233 678 2321 720 τες
2360 656 2420 712 ὲκ
2472 655 2571 724 τῆς
2608 654 2824 722 ἀπάσης
2868 653 2986 730 βίας
3036 653 3248 733 ἀφῆκαν
3292 657 3351 712 τὸ
3387 653 3564 732 βέλος,
3597 651 3691 708 ἕνα
3741 670 3878 704 σκο-

507 744 698 807 telum
721 744 1024 819 emittunt,
1049 745 1122 807 ad
1154 745 1310 808 latus
1335 746 1598 808 medium
1621 746 1802 809 unice
1827 745 2120 808 directum

2232 746 2335 802 πὸν
2377 745 2600 824 ἔχοντες
2637 744 2720 800 ἐπὶ
2772 742 2946 818 μέσην
3004 745 3103 811 τὴν
3155 743 3408 818 πλευρὰν,
3440 742 3576 799 ὥστε
3635 738 3878 796 διανύσαι

506 840 574 895 ut
625 832 700 895 ad
733 832 1022 895 interiora
1049 834 1400 915 complexus
1432 844 1730 916 penetret,
1786 842 1846 898 et
1896 835 2123 897 devexa:

2231 839 2328 901 τῆς
2385 838 2654 912 περιοχῆς
2697 831 2847 895 ἐντὸς
2907 833 2993 889 καὶ
3061 834 3181 898 τοὺς
3251 833 3473 912 κυρτοὺς
3532 841 3751 916 τεμετνῗ
3788 828 3880 882 καὶ

506 921 644 984 illas
671 928 840 985 secet
868 939 936 985 ac
969 921 1243 986 vulneret
1294 915 1511 1005 partes.
1543 925 1695 987 Hinc
1751 932 1975 987 tantum
2007 924 2123 986 fera

2230 928 2428 997 τρῶσαι
2471 922 2692 986 τόπους·
2757 921 2963 978 ἐκεῖθεν
3023 923 3084 979 τὸ
3130 920 3444 990 τηλικοῦτον
3493 919 3670 998 θηρίον
3712 915 3878 972 ξλαυ-

502 1016 833 1072 monstrum
893 1009 1107 1074 dolore
1135 1013 1484 1074 convulsum
1527 1020 1587 1076 et
1614 1013 1922 1093 agitatum,
1977 1013 2123 1075 elan-

2231 1011 2454 1088 νόμενόν
2491 1033 2550 1069 τε
2606 1012 2703 1069 καὶ
2747 1011 3182 1088 σπαραττόμενον
3235 1009 3504 1069 διαλύεται
3533 1007 3630 1064 καί
3662 1007 3874 1064 πίπτει.

498 1099 738 1178 guescit
770 1108 828 1164 et
854 1101 1218 1182 procumbit.
1241 1101 1508 1165 Tertium
1531 1122 1768 1185 quoque
1792 1101 2119 1184 Elephanto

2231 1104 2418 1180 Τρίτον
2473 1099 2528 1158 δέ
2586 1102 2697 1158 ἑστι
2757 1100 2912 1180 γένος
2949 1100 3418 1180 ἐλεφαντοφάγων,
3482 1099 3511 1155 ὃ
3567 1094 3780 1153 ἐπειδὰν
3823 1096 3876 1151 οἱ

499 1188 760 1268 phagum
793 1209 981 1270 genus
1013 1197 1125 1269 est,
1183 1192 1283 1273 qui
1315 1192 1476 1254 hunc
1533 1192 1862 1255 venationis
1901 1192 2123 1254 modun

2230 1190 2513 1270 ἐλέφαντες
2583 1197 2681 1258 τῆς
2767 1191 2938 1266 νόμης
3027 1189 3410 1270 ἐμφορηθέντες
3494 1188 3626 1266 πρός
3705 1186 3875 1242 ὕπνον

499 1287 742 1340 servant
773 1297 788 1343 :
824 1278 1076 1351 Quando
1107 1281 1453 1362 elephantes
1493 1282 1572 1344 ad
1603 1282 1934 1344 satietatem
1969 1282 2118 1361 pasti

2229 1281 2515 1359 τραπέσθαι
2573 1285 2831 1356 ζητῶσιν,
2866 1313 2942 1324 -
2993 1281 3087 1337 ούκ
3131 1280 3216 1337 ἐπὶ
3260 1285 3360 1357 γῆς
3408 1277 3461 1335 δέ
3510 1275 3873 1362 ἀναπεσόντες

498 1367 768 1432 cubitum
825 1388 890 1432 se
937 1361 1260 1451 recipiunt,
1308 1391 1428 1434 non
1459 1371 1627 1434 humi
1678 1371 2123 1452 procumbente:

2228 1372 2500 1445 ὁπνοῦσιν,
2555 1369 2692 1426 ἀλλὰ
2734 1382 2853 1434 τοῖς
2911 1370 3244 1449 παχυτάτοις
3301 1371 3389 1426 καὶ
3433 1367 3706 1445 μέγιστοις
3751 1361 3873 1420 δέν-

498 1456 830 1535 dorminnt,
861 1459 966 1521 sed
999 1461 1390 1523 crassissimis
1419 1468 1479 1523 et
1509 1451 1784 1523 maximis
1829 1459 2123 1522 arboribu:

2229 1458 2370 1537 δρεσι
2428 1458 2942 1538 προσανακλίνοντες
2989 1460 3229 1540 ἑαυτοὺς,
3275 1460 3413 1516 ὥστε
3449 1457 3572 1519 τοὺς
3626 1454 3725 1531 μέν
3782 1451 3875 1510 δύο

496 1562 563 1607 se
591 1547 914 1624 acclinant,
945 1556 1009 1611 ut
1039 1549 1246 1631 pedes,
1283 1550 1463 1632 stipiti
1499 1550 1776 1632 proximi,
1835 1559 2005 1612 terra;
2055 1551 2123 1612 le-

2229 1547 2394 1614 πόδας
2443 1548 2563 1614 τοὺς
2621 1547 2847 1614 πλησίον
2878 1557 2970 1606 τοῦ
2998 1545 3052 1588 η
3092 1548 3380 1628 στελέχους
3424 1547 3556 1625 πρὸς
3611 1547 3711 1610 τὴν
3770 1542 3875 1622 γῆν

495 1633 649 1699 viter
678 1635 1035 1714 innitantur,
1071 1647 1129 1701 et
1158 1638 1313 1702 latus
1343 1640 1499 1721 quod
1534 1648 1719 1701 totum
1752 1658 1969 1721 corpus
1991 1639 2120 1702 exci

2229 1636 2470 1717 ἐλαφρῶς
2522 1635 2904 1714 ὕπερείδισθαι,
2935 1639 3036 1704 τὴν
3069 1635 3125 1694 δέ
3175 1637 3405 1709 πλευρὰν
3461 1637 3521 1692 τὸ
3550 1640 3656 1691 πᾶν
3712 1639 3877 1708 σῶμα

495 1724 606 1805 pit,
631 1743 666 1788 a
684 1725 846 1807 ligno
865 1735 1257 1810 sustentetur,
1276 1731 1474 1810 itaque
1494 1729 1678 1792 455a
1702 1748 1822 1790 non
1846 1732 2123 1790 sincerun

2229 1726 2592 1808 ἐκδεχομένην
2623 1728 2874 1808 ὀχεῖσθαι
2916 1729 3046 1804 πρὸς
3075 1726 3130 1768 ¹⁵
3170 1734 3239 1804 τῇ
3268 1729 3416 1802 φύσει
3455 1727 3546 1784 τοῦ
3575 1723 3748 1798 ξύλου,
3784 1723 3875 1779 καὶ

493 1812 659 1876 hunc
708 1815 815 1878 sed
848 1816 1254 1914 adulterinum
1289 1818 1429 1880 dixe
1444 1819 1825 1914 riscubandi
1848 1821 2117 1914 modum‘

2228 1827 2415 1876 τοῦτον
2458 1819 2549 1874 τὸν
2599 1817 2795 1896 τρόπον
2839 1822 2938 1884 τῆς
2995 1824 3299 1898 καταφορᾶς
3355 1813 3409 1859 ιθ
3447 1817 3732 1894 τυγχάνειν
3779 1814 3878 1869 οὐκ

493 1911 819 1985 prepterea
864 1905 1022 1987 quod
1058 1925 1271 1970 somno
1302 1909 1679 1990 profundiori
1729 1908 2012 1988 adjuncta
2070 1907 2120 1970 si

2229 1907 2540 1982 εἷλικρινοῦς
2595 1905 2732 1962 ἀλλὰ
2775 1906 3243 1986 παρεψεοσμένης,
3275 1904 3360 1964 διὰ
3415 1907 3476 1962 τὸ
3518 1907 3871 1984 προσκεῖσθαι

492 1993 820 2057 vehemens
849 1996 1194 2060 sollicitudo
1225 2005 1285 2060 et
1321 2005 1511 2060 metus
1541 1997 1730 2074 exitii,
1757 1997 1918 2079 quod
1955 1999 2123 2078 prola

2227 2009 2342 2063 τοῖς
2402 1997 2616 2074 βαθέσιν
2643 1995 2826 2060 ὕπνοις
2861 1993 3007 2075 [736
3048 1994 3144 2073 Η.]
3177 1997 3408 2075 ἀγωνίαν
3453 1997 3701 2076 ἰσχυρὰν,
3733 1995 3873 2072 φθο-

493 2099 664 2163 psum
698 2084 862 2146 illico
892 2085 1143 2168 excipit,
1201 2095 1446 2168 propter
1495 2087 1830 2151 naturalem
1873 2086 2119 2165 erigend

2228 2093 2320 2165 ρᾶς
2386 2086 2740 2163 ὑποκειμένης
2795 2085 3132 2165 παραχρῆμα
3188 2088 3266 2160 τῷ
3318 2085 3567 2166 σφαλέντι
3621 2081 3706 2139 διὰ
3770 2083 3872 2150 τὴν

491 2189 625 2236 sese
654 2174 1090 2256 impotentiam.
1124 2177 1283 2256 Ergo
1307 2177 1409 2259 qui
1439 2176 1568 2240 vitae
1595 2196 1664 2240 ex
1690 2178 1900 2239 horum
1933 2184 2123 2238 venati

2227 2175 2438 2232 ἔκλυσιν
2481 2177 2580 2244 τὴν
2620 2175 2867 2256 φυσικήν.
2918 2175 3104 2254 [1356
3138 2176 3233 2254 8.]
3267 2178 3328 2234 Οἱ
3358 2175 3447 2233 οὗν
3476 2174 3581 2230 ἀπὸ
3610 2178 3708 2240 τῆς
3739 2173 3872 2229 τού-

490 2260 778 2326 alimenta
807 2275 1106 2349 quaerunt,
1142 2267 1202 2328 in
1235 2267 1584 2329 nemoribus
1612 2264 2123 2344 circumvagando,

2224 2288 2325 2323 των
2368 2266 2532 2340 θήρας
2578 2267 2669 2322 τὸν
2711 2266 2826 2342 βίον
2881 2266 3213 2340 ποιούμενοι,
3247 2266 3368 2328 τοὺς
3427 2263 3650 2341 δρυμοὺς
3708 2283 3869 2340 περι-

490 2349 835 2432 ubicunque
890 2354 1095 2415 bestiae
1143 2353 1539 2416 observarunt
1588 2354 1808 2429 cubile,
1867 2370 2123 2415 aversam

2224 2354 2558 2430 πλανώμενοι
2617 2354 2714 2411 καὶ
2749 2354 2848 2421 τὴν
2905 2362 2999 2412 τοῦ
3040 2357 3221 2424 θηρίου
3277 2355 3463 2421 κοίτην
3521 2353 3869 2428 ἐπισημηνά-

490 2437 724 2500 arboris
756 2449 989 2520 partem
1023 2459 1192 2503 serra
1238 2442 1534 2515 incidunt,
1567 2442 1708 2504 dum
1744 2460 1858 2504 nec
1888 2449 2008 2504 tota
2035 2441 2123 2502 in-

2224 2466 2392 2520 μενοι,
2427 2443 2488 2500 ἐκ
2545 2450 2652 2500 τῶν
2683 2442 2897 2500 ὄπισθεν
2953 2452 3048 2501 τοῦ
3101 2442 3311 2523 δένδρου
3364 2443 3544 2500 τόπων
3602 2441 3859 2518 πρίαοσιν,

490 2527 700 2603 clinet,
729 2547 842 2592 nec
872 2531 1066 2592 valida
1096 2529 1278 2592 nimis
1307 2540 1366 2594 et
1398 2532 1570 2594 firma
1598 2540 1856 2613 maneat,
1917 2531 2024 2593 sed
2059 2529 2123 2592 ad

2224 2533 2319 2598 ἕως
2376 2533 2438 2588 ἃν
2499 2534 2637 2608 μήτε
2680 2529 2836 2608 κλίνῃ
2892 2533 2954 2590 τὸ
3009 2539 3113 2590 πᾶν
3155 2535 3295 2608 μήτε
3350 2534 3538 2611 ἰσχῦον
3578 2531 3710 2610 ἄγαν
3754 2529 3873 2611 [καὶ

490 2617 771 2697 exiguum
834 2619 1247 2682 tantummodo
1307 2621 1630 2702 impulsum
1664 2630 1872 2684 restet.
1927 2619 2123 2682 Bellus

2224 2622 2466 2703 ἰσχυρὸν]
2515 2620 2886 2698 ἀπολείποιτο,
2933 2626 3070 2700 μένῃ
3114 2622 3167 2679 δέ
3196 2621 3249 2665 Π
3278 2624 3506 2690 ἑστηκὸς
3536 2619 3590 2664 ίδ
3616 2620 3711 2677 Eni
3732 2622 3871 2700 βρα-

487 2705 672 2785 igitur
699 2725 733 2770 e
761 2710 1002 2790 pascuis
1031 2727 1275 2773 reversa
1324 2729 1460 2772 cum
1492 2711 1564 2774 ad
1595 2711 1991 2773 assuefactam
2022 2729 2123 2772 cu-

2224 2713 2374 2792 χείας
2433 2712 2628 2789 ῥοπῆς.
2697 2711 2767 2769 Τό
2812 2712 2868 2768 δέ
2911 2719 3048 2783 ζῶον
3106 2712 3212 2769 ἀπὸ
3255 2717 3354 2779 τῆς
3395 2716 3569 2787 νομῆς
3630 2709 3714 2767 ἐπὶ
3773 2712 3868 2767 τὸν

488 2794 671 2857 bandi
721 2798 1037 2860 stationem
1101 2817 1167 2861 se
1223 2799 1507 2882 applicat,
1562 2799 1763 2880 stipite
1817 2798 2123 2863 confestim

2224 2801 2422 2870 συνήθη
2466 2806 2566 2868 τῆς
2611 2800 2793 2868 κοίτης
2829 2801 2999 2858 τόπον
3054 2800 3469 2878 ἀνακλινόμενον
3508 2798 3760 2879 αἰφνίδιόν
3804 2822 3865 2858 τε

489 2885 757 2949 diffracto
789 2888 1103 2962 evertitur,
1127 2887 1201 2950 ad
1222 2898 1488 2970 paratam
1523 2889 1878 2952 venantibus
1899 2882 2123 2952 cienam

2224 2893 2397 2947 πίπτει
2451 2899 2544 2949 τοῦ
2585 2887 2737 2955 ξύλου
2793 2889 3141 2966 κλασθέντος,
3171 2895 3260 2948 καὶ
3316 2893 3592 2969 πρόκειται
3625 2885 3682 2930 ¹⁶
3739 2903 3864 2956 τοῖς

494 2976 786 3056 exposita.
805 2978 1182 3040 Posteriores
1194 2979 1356 3041 enim
1372 2998 1505 3042 mox
1517 2996 1732 3042 carnes
1755 2980 2123 3053 rescindunt,

2224 2982 2477 3059 θηράσασι
2508 2977 2724 3037 δεῖπνον
2775 2979 3012 3056 ἓτοιμον’
3054 2982 3147 3044 τὰς
3205 2979 3306 3058 γάρ
3363 2982 3602 3046 ὀπισθίας
3643 2979 3701 3031 ἳθ
3757 2982 3865 3037 κό-

487 3073 550 3129 et
581 3067 698 3129 vita
727 3085 865 3129 cum
898 3070 1190 3146 sanguine
1223 3070 1536 3145 exhausta,
1597 3077 1815 3132 caetera
1872 3068 2123 3130 defuncti

2224 3073 2412 3144 ψαντες
2470 3071 2613 3125 οὗτοι
2684 3070 2907 3148 σάρκας.
2971 3071 3060 3126 καὶ
3125 3071 3447 3139 ποιήσαντες
3516 3069 3728 3136 ἔξαιμον
3799 3072 3864 3128 τὸ

486 3155 780 3234 membra,
811 3156 886 3221 ad
918 3175 1092 3218 suum
1127 3157 1380 3240 quisque
1427 3177 1627 3236 usum,
1675 3157 1994 3221 distributa
2020 3176 2123 3220 au-

2224 3165 2374 3234 ζῶον,
2407 3159 2532 3215 εἶτα
2577 3161 2783 3236 νεκρὸν,
2816 3161 2947 3239 πρὸς
3005 3159 3102 3228 τὴν
3161 3158 3348 3216 ἑαυτοῦ
3390 3160 3577 3240 χρείαν
3635 3159 3865 3227 ἕκαστος

487 3245 715 3311 ferunt.

565 3333 688 3398 Hos
717 3336 1046 3400 Venatores
1073 3337 1428 3403 Ptolemaeus
1450 3358 1557 3402 rex
1581 3337 1815 3419 Egypti
1841 3335 2040 3398 edicto
2059 3334 2132 3398 ab

485 3423 871 3506 elephantum
932 3427 1096 3490 caede
1151 3428 1456 3492 abstinere
1503 3430 1696 3508 jussit,
1733 3434 1798 3489 ut
1827 3426 1989 3489 vivos
2018 3423 2134 3488 sibi

481 3514 755 3592 haberet,
793 3516 1119 3600 multaquet
1147 3528 1205 3580 et
1235 3518 1633 3581 admiratione
1667 3517 1850 3596 digus
1881 3517 1966 3577 eis
1997 3533 2129 3595 pro-

483 3604 678 3671 misit.
738 3607 869 3668 Non
926 3606 1104 3669 modo
1166 3616 1370 3669 tamen
1404 3627 1523 3670 non
1556 3607 1876 3689 persuasit,
1927 3623 2130 3666 verum

483 3694 662 3757 etiam
693 3714 828 3758 cum
860 3703 981 3758 toto
1011 3696 1243 3779 [Egypti
1277 3717 1464 3779 regno
1494 3717 1560 3760 se
1590 3705 1942 3779 praesentem
1969 3695 2128 3757 hunc

477 3785 702 3847 victum
735 3805 854 3848 non
878 3797 1325 3868 permutaturos
1347 3807 1508 3865 esse,
1540 3787 1613 3850 ab
1639 3787 1754 3849 illis
1775 3803 2127 3866 responsum

477 3877 736 3957 accepit.

479 3967 618 4033 CAP.
653 3965 860 4032 XXVI.
892 4002 968 4017 --
999 3969 1086 4031 De
1113 3967 1476 4048 Ethiopum
1503 3964 2010 4047 Struthiophagi:
2067 3973 2123 4030 et

1187 4057 1402 4119 Simia.

560 4152 650 4214 De
677 4146 1076 4214 Venatoribus
1102 4148 1219 4224 his,
1245 4168 1395 4230 quos
1415 4147 1713 4213 Nomades
1729 4150 1996 4233 impuros
2020 4170 2125 4214 no-

482 4239 719 4302 minare
751 4238 970 4314 solent,
1004 4257 1144 4320 pars
1173 4239 1445 4320 quaedam
1491 4239 1565 4300 ad
1597 4238 2013 4318 Occidentem,
2047 4241 2120 4303 ab

480 4327 859 4410 [Ethiopibus
887 4331 1112 4404 avulsa,
1147 4329 1335 4409 degit,
1369 4337 1431 4392 et
1453 4329 1605 4391 Simi
1635 4339 1960 4394 vocantur:
1987 4350 2124 4413 pars

481 4421 752 4501 quaedam
784 4420 1002 4482 Austro
1034 4418 1294 4499 objecet,
1354 4438 1503 4498 gens
1535 4438 1654 4481 non
1687 4421 1766 4482 ita
1793 4441 2026 4502 magna,
2063 4421 2122 4485 hi

2214 3248 2281 3304 τὰ
2312 3248 2452 3324 μέλη
2481 3247 2791 3328 διαιροῦσιν.

2295 3337 2418 3395 ’Ὅτι
2475 3341 2692 3404 τούτους
2721 3338 2840 3404 τοὺς
2898 3339 3172 3418 Κυνηγοὺς
3234 3339 3574 3416 Πτολεμαῖος
3626 3342 3656 3399 ὁ
3702 3340 3866 3419 Αἰγύ-

2219 3450 2348 3486 πτου
2390 3427 2637 3505 βασιλεὺς
2680 3428 3012 3509 ἀποσχέσθαι
3041 3427 3092 3472 ³1
3132 3437 3224 3488 τοῦ
3266 3431 3426 3511 φόνου
3473 3434 3578 3487 τῶν
3631 3429 3866 3509 ἐλεφάν-

2216 3540 2322 3575 των
2372 3524 2667 3597 παραινῶν,
2701 3518 2778 3575 ’ίν⁹
2836 3518 2957 3598 ἔχοι
2985 3515 3040 3560 9³
3069 3519 3226 3585 αὐτὸς
3276 3526 3499 3593 ζῶντας,
3531 3521 3616 3576 καὶ
3672 3520 3863 3578 πολλὰ

2215 3609 2301 3664 καὶ
2360 3609 2635 3684 θαυμαστὰ
2701 3612 2886 3672 αὐτοῖς
2943 3610 3395 3690 ὑπισχνούμενος,
3442 3613 3500 3669 οὐ
3552 3609 3711 3685 μόνον
3759 3614 3864 3670 οὐκ

2213 3697 2448 3778 ἔπεισεν,
2485 3696 2604 3754 ἀλλ’
2658 3695 2763 3755 οὐδ’
2796 3697 2857 3753 ἃν
2918 3699 3018 3766 τὴν
3048 3698 3181 3766 ὅλην
3224 3698 3550 3764 ἀλλάξασθαι
3579 3697 3862 3775 βασιλείαν

2210 3789 2344 3866 πρὸς
2396 3789 2488 3844 τὸν
2518 3788 2781 3844 ἱνεστῶτα
2809 3784 2864 3828 9³
2906 3787 3022 3864 βεοτ
3070 3789 3327 3847 εἰπόντων
3355 3788 3634 3868 ἀπόκρισιν
3682 3786 3860 3857 ἤκου-

2209 3898 2321 3940 σεν.

2327 3970 2452 4051 Περὶ
2496 3969 2760 4031 Αἰθιόπων
2803 3976 2908 4030 τῶν
2952 3975 3160 4054 Σιμιῖιν,
3201 3973 3290 4031 καὶ
3333 3975 3441 4031 τῶν
3484 3976 3731 4054 Ζτροοθο·

2925 4053 3128 4132 φάγων.

2285 4154 2411 4214 ςὈτι
2465 4154 2572 4213 τῶν
2604 4161 2862 4234 Κυνηγῶν
2918 4155 3140 4232 τούτων,
3173 4156 3263 4220 οὓς
3321 4159 3369 4214 οἱ
3413 4155 3648 4233 Νομάδες
3708 4155 3857 4212 ἀκα-

2204 4245 2424 4325 θάρτους
2481 4243 2674 4302 καλεῖν
2735 4245 2970 4326 εἰώθασι,
3002 4246 3065 4302 τὸ
3118 4244 3214 4322 μέν
3256 4245 3386 4320 πρὸς
3440 4247 3665 4327 ἑσπέραν
3716 4245 3860 4304 ἁπό-

2205 4358 2428 4413 σπασμα
2473 4333 2736 4392 Αἰθιόπων
2779 4333 2996 4412 νέμεται
3033 4342 3123 4401 οὖς
3153 4333 3374 4395 καλοῦσι
3429 4337 3653 4412 Σιμοὺς,
3683 4337 3750 4392 τὰ
3798 4336 3857 4395 δέ

2204 4428 2333 4506 πρὸς
2407 4423 2743 4502 μεσημϐρίαν
2812 4429 2872 4485 οὗ
2959 4425 3100 4504 μέγα
3175 4424 3351 4505 ἔθνος,
3415 4428 3462 4483 οἱ
3529 4425 3854 4502 καλούμενοι

479 4507 932 4592 Struthiophagi
961 4520 1407 4591 nuncupantur.
1427 4509 1575 4572 Nam
1600 4511 1970 4574 struthiones
1986 4512 2123 4574 arti-

2224 4515 2616 4595 Ξτρουθοφάγοι,
2652 4526 2710 4570 οῖ
2755 4515 2952 4581 ταύτας
3001 4515 3172 4595 τέχνῃ
3225 4516 3314 4571 καὶ
3370 4513 3510 4589 δόλῳ
3544 4517 3629 4574 καῖ
3683 4515 3855 4594 ῥοπά-

477 4598 614 4661 ﬂcia
672 4607 731 4662 et
784 4600 922 4662 dolo
973 4599 1279 4681 clavisque
1333 4598 1642 4680 subigunt,
1705 4601 1866 4663 unde
1896 4601 2115 4664 vivant.

2224 4628 2315 4670 ιοις
2372 4605 2685 4682 θηρεύοντες
2745 4605 2809 4661 ἔκ
2861 4605 3062 4663 τούτων
3115 4605 3286 4682 βιοῦσι
3312 4650 3332 4684 ,
3388 4607 3688 4682 σιτούμενοι
3747 4607 3850 4682 μέν

477 4689 704 4754 Carnes
733 4690 894 4751 enim
917 4687 1086 4750 cibos
1110 4689 1444 4770 pellesque,
1468 4690 1818 4754 indumenta
1841 4699 1900 4752 et
1919 4689 2120 4752 lectis-

473 4781 674 4842 ternia
705 4777 1031 4841 sufﬁciunt.
1065 4777 1290 4840 lnt‘ensi
1342 4787 1480 4839 sunt
1510 4778 1603 4840 his
1633 4779 1806 4854 Simi,
1841 4779 2119 4862 bellaque

473 4867 768 4930 inferunt.
827 4866 1085 4951 Orygum
1117 4867 1402 4932 cornibus
1440 4875 1690 4929 utuntur
1720 4868 1781 4929 hi
1815 4887 1924 4948 pro
1955 4871 2112 4934 telis.

475 4958 735 5022 Grandia
786 4960 948 5022 enim
1000 4968 1141 5020 sunt
1169 4967 1228 5020 et
1255 4960 1329 5019 ad
1360 4957 1750 5019 incidendum
1807 4967 2113 5038 peracuta.

472 5045 660 5130 Regio
688 5047 792 5110 illa
819 5049 883 5110 in
917 5066 1130 5128 magna
1155 5048 1329 5130 copia
1358 5047 1581 5110 animal
1617 5048 1734 5110 hoc
1763 5049 1970 5112 nutrit.

723 5143 862 5205 CAP.
893 5138 1124 5205 XXVII.
1157 5174 1235 5187 —
1264 5140 1357 5204 De
1387 5140 1856 5222 Acridophagis.

551 5234 779 5318 Exiguo
810 5235 950 5301 inde
979 5234 1288 5300 intervallo
1346 5233 1626 5314 disjuncti
1675 5243 1816 5299 sunt
1865 5235 2122 5301 Acrido-

2200 4695 2297 4760 τὰς
2369 4695 2591 4772 σάρκας,
2651 4690 2848 4751 ἐνδόσει
2919 4692 2974 4750 δέ
3029 4695 3118 4752 καὶ
3185 4701 3439 4775 στρωμνῇ
3500 4711 3620 4759 τοῖς
3676 4695 3858 4753 αὐτῶν

2202 4786 2476 4866 χρώμενοι
2533 4781 2779 4862 δέρμασι.
2811 4782 3241 4860 Πολευμούμενοι
3296 4783 3350 4840 δέ
3379 4787 3480 4842 ὑπὸ
3529 4788 3636 4843 των
3666 4792 3857 4860 Σιμῶν

2200 4877 2342 4931 οὗτοι
2385 4885 2504 4936 τοῖς
2563 4878 2670 4931 τῶν
2713 4873 2918 4952 ὀρύγων
2969 4873 3186 4953 κέρασιν
3241 4872 3427 4939 ὅπλοις
3481 4881 3721 4956 χρῶνται
3769 4873 3852 4952 εδ,

2203 4962 2458 5043 μεγάλοις
2519 4964 2613 5021 καί
2685 4976 2981 5040 τμητικοϊς
3043 4967 3180 5022 οὗσι⁶
3248 4965 3427 5047 τρέφει
3495 4965 3550 5023 δέ
3588 4966 3623 5035 ἡ
3687 4968 3856 5047 χωρὰ

2201 5052 2539 5122 πολυπληθές
2568 5053 2630 5110 τὸ
2659 5053 2797 5124 ζῶον
2825 5060 3006 5116 τοῦτο.

2726 5149 2852 5227 Περὶ
2894 5144 3318 5229 Ἀκριδοφάγων.

2289 5240 2412 5301 "Ott
2468 5247 2575 5300 τῶν
2623 5241 2919 5323 είρημένων
2975 5245 3036 5302 οὗ
3077 5241 3213 5300 πολὺ
3270 5241 3549 5310 διεστῶτές
3607 5243 3738 5304 εἰσιν
3802 5245 3855 5301 οἱ

1776 5414 2032 5485 VARle
2088 5417 2530 5486 LECTIONES.

476 5615 667 5694 μένους
886 5612 943 5657 ίσ
969 5610 1225 5694 τυγχάνει
1439 5610 1489 5657 Π
1521 5610 1657 5694 μένῃ
1858 5610 2036 5694 μένειν

474 5691 541 5749 Ι)
567 5696 831 5774 ὀπισθίους
862 5694 934 5759 Β.
1016 5691 1458 5775 εἷᾶποσχεῖσθαι

558 5531 613 5574 η
645 5534 706 5592 τό
779 5540 868 5595 ost
897 5531 1118 5613 κατέχει
1149 5531 1291 5596 add.
1320 5532 1397 5596 Α.
1482 5530 1536 5575 ¹³
1563 5531 1976 5612 προσϐεϐοηκώς
2004 5540 2064 5615 ς’
2070 5584 2085 5599 .
2169 5534 2226 5582 1⁸
2255 5539 2378 5602 τοὺς
2421 5536 2650 5605 πλησίον
2680 5542 2773 5594 τοῦ
2801 5536 2856 5600 Α
2890 5552 2905 5599 :
2943 5542 3036 5596 τού
3066 5535 3294 5605 πλησίον
3326 5537 3409 5614 ς’.
3496 5537 3550 5583 ¹⁵
3579 5561 3846 5618 προειρη-

558 5636 667 5677 νους
886 5612 943 5657 1⁸
969 5615 1225 5689 τυγχάνει
1439 5610 1489 5657 Π
1521 5615 1657 5689 μένῃ
1715 5612 1801 5675 Β;
1858 5617 2007 5689 μένει
2065 5621 2146 5689 ς.
2242 5617 2290 5662 18
2315 5618 2543 5684 iatn-ad:
2586 5616 2684 5679 ΔΖ
2735 5619 2822 5673 καὶ
2866 5615 3087 5686 ἕστηκεν
3130 5619 3211 5689 ς’.
3298 5617 3352 5661 ¹⁹
3399 5621 3707 5689 πρόσκειται
3750 5622 3839 5689 ς.

2242 5617 2290 5662 18
2315 5618 2543 5702 iatn-‘3';
2586 5616 2684 5702 ΔΔ
2735 5619 2822 5673 καὶ
2866 5615 3087 5702 ἕστηκεν
3130 5619 3211 5692 ς’.
3246 5617 3352 5702 “’9
3399 5615 3707 5702 πρόσκειται
3735 5615 3839 5696 .

1504 5693 1585 5768 ς.
1634 5691 1642 5692 ί
1671 5691 1724 5737 2³
1754 5691 1871 5775 ἔχη
1903 5699 1973 5764 Β,
2059 5691 2114 5747 ιδ
2141 5702 2418 5782 ἐφεστῶτα
2459 5698 2544 5771 ς’.
2630 5694 2687 5740 ³4
2715 5704 2957 5776 χρῶνται
3001 5700 3090 5758 καὶ
3132 5691 3388 5776 μεγᾶλοις
3428 5691 3510 5774 ,
