4008 6210
437 329 506 392 51
1636 325 1898 388 ΡΗΟΤΙΙ
1947 323 2102 386 ΡΑΤζ

2190 323 2456 392 ARCILE
2499 329 2611 392 ΟΡ.
3734 324 3819 392 52

431 463 780 545 promissas,
811 471 868 526 et
893 463 1109 526 barbas
1151 466 1390 542 gestant
1423 461 1807 535 immodicas,
1853 478 2102 523 canes-.

2193 463 2368 541 άροδς.
2421 463 2577 521 Οὗτοι
2630 463 2873 539 κομῆται
2933 461 3032 537 μὲν
3091 461 3192 518 εἶσι
3247 461 3334 520 καὶ
3389 461 3651 541 πώγωνας
3710 461 3820 542 φί-

431 573 550 636 que
584 554 802 617 multos
835 555 999 616 alunt
1027 559 1087 614 et
1121 571 1386 632 magnos,
1423 550 1830 631 Hyrcanorum
1885 568 2077 626 more,

2194 574 2340 610 ουσιν
2400 552 2693 633 ἐξαισίους,
2753 553 2913 617 κύνας
2985 549 3038 608 δὲ
3107 552 3351 632 τρέφουσι
3425 552 3653 616 πολλοὺς
3716 553 3823 610 καῖ

433 633 689 723 quorum
725 661 910 725 opera
943 650 1264 721 evagantes
1299 641 1356 701 in
1395 640 1766 722 provinciam
1813 642 2080 720 ipsorum

2190 642 2453 721 ιεγᾶλους,
2516 645 2712 716 ὁμοίως
2763 650 2885 708 τοῖς
2945 633 3251 722 ἰ’ρκανοῖς,
3285 644 3530 706 καὶτοὺς
3593 643 3818 722 ἐπιφοι-

435 752 508 795 ex
553 733 720 796 India
753 734 934 795 hoves
963 738 1280 793 venantur.
1315 730 1496 792 454a
1546 729 1870 792 Innumera
1919 729 2079 790 enim

435 822 658 884 deinde
704 831 996 893 armenta,
1032 838 1065 880 a
1097 819 1357 881 solstitio
1410 820 1664 881 hiberno
1713 820 1785 881 ad
1821 819 2082 880 mediam

436 930 630 988 usque
652 909 1149 989 hiemem,videre
1167 917 1276 971 est.
1305 909 1392 971 Ad
1419 911 1542 971 haec
1572 909 1841 971 femellas
1867 926 2083 970 canum

437 1001 727 1079 mulgent,
759 1007 818 1060 et
840 999 916 1060 de
937 999 1093 1061 lacte
1121 998 1496 1061 nutriuntur.
1523 997 1721 1059 Nihilo
1747 1007 1944 1060 tamen
1971 999 2084 1058 mi-

436 1107 548 1152 nus
568 1107 637 1150 ex
654 1088 906 1150 aliarum
931 1107 1173 1169 quoque
1196 1086 1458 1149 ferarum
1485 1095 1728 1168 captura
1749 1089 1974 1150 vivunt.
1995 1088 2090 1149 At-

438 1197 554 1260 que
579 1178 660 1240 ita
676 1187 982 1259 postrema
999 1182 1075 1240 ad
1103 1179 1418 1240 meridiem
1441 1178 1746 1258 descripta
1773 1177 2087 1240 habentur.

745 1272 882 1334 CAP.
915 1270 1091 1333 XXX.
1132 1305 1200 1315 —
1235 1271 1319 1333 De
1360 1270 1782 1352 Troglodytis.

522 1368 608 1429 De
646 1365 1166 1445 Troglodytarum
1198 1365 1388 1445 victu,
1421 1368 1911 1440 circumcisione,
1964 1365 2091 1426 ritu

438 1457 799 1537 funerandz’,
831 1455 1281 1535 paciﬁcatione:
1308 1467 1542 1536 somno,
1573 1463 1776 1517 morio
1793 1458 2089 1518 violenta.

2164 737 2366 796 τῶντας
2413 732 2583 789 αὐτῶν
2632 733 2730 798 τὴν
2787 733 2972 812 χώραν
3021 730 3272 796 Ἰνδικοὺς
3329 733 3458 809 βόας
3513 731 3580 788 δι’
3640 735 3823 790 αὐτῶν

2167 825 2392 899 θηρῶσι,
2453 821 2657 887 πλῆθος
2710 821 3150 902 ἐπιφαινομένους
3212 822 3481 895 ἀμύθητον
3535 823 3640 879 ἀπὸ
3683 823 3821 902 τρό-

2169 919 2284 968 πῶν
2333 917 2667 991 χειμερινῶν
2722 911 2824 978 ἕως
2864 911 3030 987 μέσου
3086 917 3360 992 χειμῶνος
3417 911 3501 976 40,
3561 913 3685 971 εἶτα
3728 915 3824 970 καὶ

2169 1004 2266 1068 τὰς
2311 1009 2416 1060 τῶν
2449 1005 2614 1058 κυνῶν
2657 1001 2871 1068 θηλείας
2901 1000 3226 1078 ἀμέλγοντες
3283 1007 3361 1072 τῷ
3416 1002 3642 1080 γάλακτι
3699 1003 3826 1079 τρέ-

2171 1114 2380 1174 φονται,
2435 1093 2522 1148 καὶ
2579 1089 2631 1158 ἑξ
2682 1090 2860 1148 ἄλλων
2917 1089 2972 1168 δῖ
3028 1091 3190 1168 θήρας
3247 1092 3421 1162 ζώων,
3486 1091 3676 1149 Καὶτὰ
3723 1091 3828 1168 μὲν

2175 1181 2458 1239 τελευταῖα
2487 1187 2595 1239 τῶν
2622 1183 2755 1258 πρὸς
2787 1179 3120 1258 μεσημϐρίαν
3151 1187 3393 1242 τοιαῦτα.

2699 1277 2822 1350 Περὶ
2882 1271 3292 1353 Τρωγλοδυτῶν.

2255 1371 2330 1432 Τὰ
2391 1369 2443 1426 δὲ
2492 1370 2628 1426 κατᾶ
2673 1369 2793 1434 τοὺς
2851 1365 3228 1446 Τρωγλοδύτας
3285 1375 3523 1429 τοιαῦτα.
3585 1370 3654 1427 Τὸ
3723 1368 3825 1442 μὲν

2175 1463 2326 1540 γένος
2383 1465 2482 1526 τῆς
2513 1459 2816 1521 συστάσεως
2879 1459 3142 1535 τυραννὶς,
3177 1461 3227 1514 αἱ
3282 1455 3337 1514 δὲ
3385 1459 3639 1536 γυναῖκες
3687 1481 3821 1516 κοι-

439 1582 519 1595 -
549 1545 1043 1624 Troglodytarum
1083 1562 1260 1624 porro
1316 1544 1583 1606 conditio
1633 1546 1759 1606 hzcc
1807 1554 1920 1607 est.
1965 1545 2094 1618 Qua

2190 1552 2259 1607 ni
2312 1551 2398 1606 καὶ
2461 1552 2507 1606 οἱ
2567 1545 2776 1612 παῖδες
2840 1549 2978 1623 μόνῃ
3045 1545 3090 1602 δ’
3147 1548 3240 1604 οὒκ
3300 1548 3464 1613 ἔξεστι
3523 1547 3825 1616 πλησιάσαι

443 1653 592 1713 gens
621 1635 748 1696 ιιωο
781 1633 1023 1712 imperii
1059 1635 1250 1694 forma
1282 1634 1618 1695 continetur
1659 1635 1928 1714 tyrannis
1977 1645 2086 1696 est.

2190 1646 2242 1717 τῇ
2297 1647 2390 1697 τοῦ
2439 1638 2709 1715 τυραννοω
2771 1642 2849 1710 τῷ
2907 1635 2958 1692 δὲ
3007 1636 3338 1705 τολμήσαντι
3393 1635 3655 1716 πρόϐατον
3713 1658 3819 1694 κα-

441 1723 695 1797 Uxores,
732 1731 795 1784 ut
823 1722 1024 1798 liberi,
1060 1731 1199 1783 sunt
1231 1742 1606 1785 communes.
1659 1727 1802 1785 Cum
1859 1727 2092 1806 tyranni

2190 1733 2423 1808 nesabzt
2483 1729 2542 1783 τὸ
2603 1727 2868 1802 ἐπιτίμιον
2926 1724 3121 1782 δίδοται
3171 1725 3247 1789 δι.
3308 1718 3368 1785 Ἠ
3419 1726 3473 1783 δὲ
3517 1726 3827 1808 ἀναστροφὴ

443 1814 729 1874 duntaxat
754 1813 1010 1892 conjuge
1042 1830 1168 1874 rem
1193 1811 1418 1874 habere
1445 1814 1715 1875 vetitum.
1741 1809 1866 1874 Hoc
1895 1823 2093 1875 tamen

2190 1819 2374 1875 ιῦτῶν⁶
2429 1819 2518 1874 τὸν
2572 1816 2669 1890 μὲν
2721 1816 2848 1894 παρ’
2879 1815 3062 1877 αὖτοῖς
3113 1824 3360 1895 χειμῶνα
3409 1815 3542 1895 (ἔστι
3574 1815 3619 1872 δ’
3667 1820 3826 1879 οὗτος

444 1921 619 1975 auso,
654 1901 1031 1982 deponendae
1066 1902 1195 1962 ovis
1227 1901 1415 1962 multa
1447 1903 1771 1982 irrOgatur.
1809 1903 1930 1964 Mos
1962 1905 2095 1966 vitae

2190 1910 2279 1966 51:6
2321 1906 2456 1986 [738
2505 1905 2613 1987 Η]
2671 1907 2791 1970 τοὺς
2845 1905 3085 1985 ἐτησίας)
3122 1907 3298 1963 πᾶσαν
3350 1910 3520 1964 αὐτῶν
3552 1913 3642 1963 τοῦ
3690 1914 3832 1962 Θεοῦ

448 1993 606 2054 talis.
646 1990 896 2064 Quando
929 1991 1123 2052 hiems
1154 1999 1247 2052 est
1273 1991 1356 2068 (id
1393 1992 1553 2072 quod
1610 1992 1721 2052 sub
1773 1994 2095 2055 etesiarum

447 2089 685 2162 tempus
717 2089 929 2141 natura
973 2088 1384 2160 comparatum
1421 2090 1555 2154 est),
1613 2081 1734 2142 Deo
1784 2083 2094 2158 regionem

446 2171 716 2252 ipsorum
743 2169 921 2248 largis
944 2169 1272 2230 inundante
1295 2171 1537 2250 aquis,e
1559 2172 1847 2250 sanguine
1871 2181 1926 2234 ct
1949 2174 2098 2235 lacte

447 2259 735 2341 pabulum
765 2264 896 2319 vita:
920 2258 1186 2339 capiunt,
1213 2277 1346 2339 quae
1367 2262 1422 2319 in
1443 2277 1622 2320 unam
1646 2261 1815 2322 mista
1841 2270 2102 2324 versata-

449 2368 564 2430 que
583 2349 926 2423 colluviem,
945 2348 1006 2408 in
1024 2347 1158 2409 ollis
1178 2350 1250 2408 ad
1268 2349 1464 2426 ignem
1491 2351 1571 2409 lei
1590 2349 1702 2410 iter
1715 2351 2098 2414 calefaciunt.

421 2489 424 2492 .
447 2447 527 2501 At
549 2438 601 2499 si
622 2445 792 2499 aestas
815 2438 1018 2516 instat,
1032 2437 1097 2498 in
1117 2437 1250 2498 udis
1269 2447 1582 2499 versantur
1603 2439 1774 2516 locis,
1791 2441 1866 2502 de
1880 2441 2099 2522 pabulo

451 2527 614 2589 inter
643 2545 708 2589 se
737 2526 1170 2606 depugnantes,
1213 2533 1272 2588 et
1306 2534 1428 2586 tum
1469 2546 1751 2606 pecorum
1783 2533 2104 2593 annosiora

453 2615 801 2678 etmorbida
817 2615 1164 2688 absumunt,
1183 2615 1472 2675 laniorum
1495 2617 1617 2694 (qui
1639 2617 1934 2679 immundi
1958 2620 2103 2699 ipsis

454 2703 871 2784 nominantur)
904 2721 1089 2784 opera
1121 2713 1397 2766 mactata.
1433 2706 1746 2768 Neminem
1781 2727 1854 2769 ex
1887 2718 2104 2770 morta-

454 2793 616 2857 libus
669 2802 983 2875 parentum
1019 2793 1271 2854 nomine
1302 2793 1646 2870 dignantur,
1703 2805 2101 2878 praeterquam

455 2897 690 2945 taurum
724 2890 781 2944 et
813 2899 1071 2944 vaccam.
1108 2882 1276 2944 [llum
1312 2881 1474 2943 enim
1506 2892 1761 2964 patrem,
1796 2887 1950 2950 hanc
1985 2905 2102 2948 ma-

461 2981 612 3033 trem
643 2971 930 3034 vocitant.
967 2969 1193 3033 Eodem
1227 2971 1461 3033 honore
1493 2973 1743 3034 arietem
1778 2984 1836 3036 et
1867 2976 2102 3038 hircum

459 3078 750 3142 ovemque
773 3069 832 3122 et
854 3061 1143 3140 capellam
1169 3060 1592 3124 afficiuntJioc
1609 3063 1744 3125 ideo
1759 3064 2102 3141 observant,

2179 2000 2277 2066 τὴν
2333 1999 2519 2078 χώραν
2576 1995 2725 2052 ὕδασι
2774 1993 2989 2072 λάϐροις
3060 1995 3380 2075 ἐπέχοντος,
3441 1997 3531 2076 ἀφ’
3590 1994 3832 2070 αἵματος

2179 2087 2276 2144 καῖ
2331 2085 2601 2165 γάλακτος
2659 2090 2840 2158 ζῶσιν,
2876 2085 2948 2148 εἷς
3007 2085 3168 2140 ταύτὸ
3225 2083 3468 2158 μίξαντες
3532 2086 3617 2141 καὶ
3663 2083 3832 2140 κυλί-

2181 2199 2370 2240 σαντες
2443 2175 2497 2230 ὶν
2567 2175 2802 2252 ἀγγείοις
2862 2174 2979 2240 εἰκῆ
3050 2174 3475 2251 πεπυρωμένοις.
3529 2173 3699 2230 Ἐπὰν
3775 2171 3834 2229 δὲ

2183 2262 2383 2339 ἐπιστῇ
2435 2264 2496 2318 τὸ
2545 2262 2718 2340 θέρος,
2752 2260 2805 2317 έν
2849 2274 2968 2326 τοῖς
3029 2258 3424 2335 τελματώδεσιν
3463 2261 3830 2342 ἀναστρέφον-

2181 2376 2269 2410 ται
2332 2352 2580 2431 χωρίοις,
2614 2351 2927 2430 μαχόμενοι
2976 2354 3106 2428 πρὸς
3137 2349 3402 2421 ἂλλήλους
3449 2353 3681 2431 περὶτοῦ
3727 2375 3832 2430 χι-

2183 2442 2455 2518 λώμστος.
2521 2443 2616 2499 Καὶ
2674 2443 2739 2496 τὰ
2794 2437 3114 2519 πρεσϐύτερα
3171 2442 3277 2497 τῶν
3333 2440 3694 2518 βοσκημάτων
3741 2444 3833 2499 καὶ

2187 2538 2441 2588 νοσοῦντα
2502 2530 2798 2609 δαπανῶσι,
2871 2527 2955 2586 διὰ
3024 2530 3130 2585 τῶν
3200 2528 3254 2571 ⁸³
3325 2532 3591 2610 μαγείρων
3662 2539 3833 2586 ταῦτα

2185 2624 2501 2695 κτείνοντες,
2563 2623 2650 2684 οὒς
2708 2618 2960 2679 καλοῦσιν
3017 2619 3362 2696 ἀκαθάρτοδς.
3411 2621 3562 2679 Οὗτοι
3619 2620 3832 2698 ἀνθρώ-

2185 2733 2302 2767 πων
2365 2711 2462 2786 μὲν
2497 2709 2663 2766 οὗδενὶ
2722 2711 3046 2786 περιτιθέασι
3079 2710 3141 2759 45
3177 2716 3277 2778 τὴν
3307 2717 3413 2767 τῶν
3455 2711 3653 2789 γονέων
3682 2708 3832 2777 κλῆ-

2187 2823 2290 2876 σιν,
2325 2801 2501 2878 ταύρῳ
2560 2799 2612 2854 δὲ
2659 2802 2751 2855 καί
2812 2801 2926 2876 βοΐ,
2957 2801 3048 2855 τὸν
3101 2800 3200 2876 μέν
3257 2800 3458 2879 πατέρα
3514 2801 3827 2874 καλοῦντες,

2185 2892 2283 2958 τὴν
2313 2888 2367 2946 δὲ
2426 2889 2657 2970 μητέρα,
2689 2889 2944 2951 ὡσαύτως
2993 2897 3124 2967 κριῷ
3183 2911 3240 2946 τε
3288 2891 3374 2946 καὶ
3432 2887 3706 2969 προϐάτῳ,
3742 2888 3832 2946 διὰ

2185 2983 2246 3037 τὸ
2289 2978 2582 3055 λαμϐάνειν
2609 2981 2708 3043 τὴν
2766 2981 2964 3060 τροφὴν
3015 2980 3113 3046 τὴν
3173 2979 3291 3036 καθ’
3321 2980 3550 3058 ἡμέραν,
3583 2983 3642 3037 οὐ
3683 2981 3834 3058 παρα

2186 3078 2292 3129 τῶν
2340 3071 2568 3151 τοκέων,
2613 3069 2751 3126 ἀλλὰ
2800 3071 2926 3147 παρ’
2973 3070 3209 3129 ἐκείνων.
3259 3071 3414 3128 Οὗτοι
3457 3072 3544 3128 καὶ
3594 3078 3768 3149 ποτῷ,
3804 3074 3835 3127 ὁ

458 3151 616 3232 quod
651 3149 1038 3239 alimentum,
1065 3168 1182 3210 non
1216 3169 1248 3211 a
1279 3150 1653 3229 parentibus,
1706 3153 1810 3215 sed
1856 3153 1929 3215 ab
1984 3155 2102 3216 illis

2190 3163 2287 3237 μὲν
2349 3160 2516 3224 πολὺς
2554 3149 2738 3239 -ὄχλος
2792 3157 3167 3237 ἀποϐρέγματι
3227 3159 3519 3237 παλιούρου
3562 3167 3831 3239 χρῶνται·

457 3238 872 3322 quotidianum
917 3238 1242 3318 accipiunt.
1300 3239 1448 3301 Potu
1508 3242 1697 3303 utitur
1754 3243 1912 3320 vulgi
1971 3263 2109 3324 pars

459 3331 716 3393 maxima
747 3328 964 3408 paliuri
1000 3329 1188 3390 herba
1220 3339 1541 3391 macerato.
1580 3333 1835 3410 Tyranni
1862 3332 1935 3394 de
1961 3352 2109 3394 cou-

456 3422 614 3484 fecto
667 3438 700 3481 e
745 3420 894 3480 ﬂore
933 3418 1192 3499 quodam
1230 3418 1462 3492 bibunt,
1499 3419 1600 3500 qui
1634 3429 1891 3482 mustum
1922 3421 2110 3484 refert

408 3513 415 3518 ’
456 3507 998 3592 improbum.Nudi
1032 3526 1252 3588 corpus
1275 3508 1603 3588 reliquum,
1631 3518 1798 3571 nates
1825 3512 2112 3573 duntaxat

464 3599 724 3682 pellibus
756 3597 1136 3676 succinguut.
1193 3597 1458 3659 Membra
1509 3601 1784 3680 corporis
1830 3602 2111 3678 genitalia

459 3688 696 3753 caeteris
729 3689 970 3768 quidem
1003 3687 1386 3768 Troglodytis
1435 3689 1768 3767 praecidere
1818 3710 1988 3754 more
2021 3700 2111 3753 est

455 3787 794 3861 receptum,
829 3786 894 3839 ut
924 3777 1126 3840 cuncti
1154 3778 1354 3839 aolent
1385 3779 1662 3860 AEgyptii.
1699 3783 1777 3842 At
1809 3800 1960 3862 quos
1986 3801 2110 3842 mu-

454 3870 594 3934 tilos
627 3870 819 3933 Graeci
851 3869 1183 3942 nominant,
1220 3878 1400 3930 totam
1435 3870 1595 3930 illam
1632 3879 1882 3949 partem,
1917 3888 2097 3950 quam

455 3959 674 4041 reliqui
707 3958 1168 4031 circumcidunt,
1207 3958 1492 4018 novacula
1522 3957 1854 4019 infantibus
1883 3976 2098 4037 ampu-

458 4059 587 4114 tare
638 4046 931 4125 religione
963 4053 1024 4105 et
1056 4063 1224 4106 more
1275 4045 1571 4107 sancitum
1626 4045 1870 4107 habent.
1926 4047 2100 4109 Unde

458 4143 922 4214 cognomentum
957 4133 1104 4195 illud
1135 4132 1253 4194 sibi
1284 4133 1396 4212 ipsi
1429 4135 1872 4200 consciverunt.

539 4225 692 4286 Hinc
723 4222 1099 4302 digressione
1131 4222 1282 4283 facta
1313 4235 1526 4285 auctor
1551 4233 1754 4285 monet
1776 4244 1862 4300 se,
1891 4245 2108 4308 quam-

459 4315 546 4376 vis
577 4314 778 4377 Attice
840 4313 1140 4392 loquatur,
1176 4311 1456 4374 Camerw
1507 4314 1717 4389 (urbis
1778 4317 1842 4376 in
1904 4317 2107 4393 Creta)

460 4415 663 4467 tamen
695 4402 948 4465 dialecto
982 4401 1358 4464 familiariter
1392 4402 1501 4467 uti.

542 4493 693 4558 Inde
710 4492 782 4555 ad
803 4492 1142 4554 institutum
1162 4510 1461 4573 reversus,
1477 4510 1608 4573 qua:
1628 4493 1784 4554 circa
1800 4493 2112 4559 defunctos

463 4593 640 4665 agant
688 4582 1082 4662 Troglodytze,
1133 4581 1437 4644 edisserit.
1493 4583 1748 4663 Laqueis
1782 4603 1848 4646 ex
1885 4585 2115 4666 paliuro

465 4673 759 4738 contextis
784 4673 939 4736 colla
967 4680 1339 4733 mortuorum
1379 4672 1656 4734 cruribus
1681 4673 1938 4753 alligant.
1967 4679 2116 4737 Tum

465 4763 604 4828 colli
638 4771 737 4826 aut
766 4762 996 4824 tumulo
1029 4760 1214 4842 aliqui
1248 4763 1584 4841 impositos,
1619 4765 1943 4825 manuariis
1967 4765 2118 4845 lapi-

467 4855 647 4917 dibus
675 4852 965 4926 obruunt,
1005 4870 1124 4913 non
1160 4851 1386 4931 absque
1417 4852 1572 4912 salso
1600 4853 1742 4930 joco
1773 4867 1833 4913 et
1863 4853 2063 4916 derisu
2097 4874 2110 4917 :

466 4945 660 5006 donec
685 4943 761 5006 de
784 4941 977 5004 forma
1001 4941 1086 5002 eis
1110 4941 1258 5002 nihil
1284 4939 1541 5020 amplius
1561 4940 1850 5002 videatur.
1874 4941 2116 5023 Capreae

467 5033 691 5096 dehinc
745 5050 932 5094 cornu
963 5031 1024 5091 in
1074 5031 1274 5112 cipum
1307 5032 1444 5104 ﬁxo,
1483 5031 1615 5092 sine
1669 5031 2117 5108 perturbatione

469 5122 717 5185 omnino
750 5121 974 5183 hilares
1004 5118 1366 5183 abscedunt.
1401 5119 1500 5182 Sic
1521 5116 1703 5182 434a
1726 5120 2118 5186 ttinerationis

471 5230 644 5277 usum
661 5208 1612 5292 sapienterinvertunt,siquidem
1639 5207 1715 5271 ob
1736 5226 1834 5271 res
1860 5228 2118 5276 maerore

2190 3255 2236 3308 oi
2299 3249 2354 3306 δὲ
2411 3253 2651 3327 τύραννοι
2711 3249 2816 3305 ἀπό
2869 3271 3011 3312 τινος
3071 3248 3257 3312 ἄνθους
3317 3251 3692 3312 σκευασθέντος
3738 3254 3836 3306 πὶ-

2191 3363 2361 3414 νουσι,
2395 3337 2770 3417 παραπλησίου
2827 3341 3092 3417 μοχθηρῷ
3135 3337 3348 3416 γλυκεῖ,
3415 3339 3606 3412 Γυμνοὶ
3659 3337 3714 3394 δὲ
3773 3341 3839 3396 τὸ

2190 3429 2322 3486 ἄλλο
2382 3435 2537 3502 σῶμα
2577 3429 2934 3506 τυγχάνοντες
2995 3428 3060 3482 τὰ
3109 3429 3261 3507 ἰσχία
3315 3426 3559 3504 δέρμασίν
3593 3430 3690 3485 εἱσι
3751 3427 3837 3485 διο

2194 3518 2506 3592 εζωσμένοι.
2544 3519 2619 3574 Τὰ
2650 3515 2704 3572 δέ
2731 3513 2906 3572 αἰδοῖα
2938 3528 3056 3581 τοῖς
3089 3517 3186 3589 μὲν
3219 3514 3402 3580 ἄλλοις
3436 3515 3842 3594 Τρωγλοδύταις

2191 3610 2333 3666 ἔστὶν
2394 3605 2686 3680 εἰθισμένον
2729 3604 3159 3678 περιτέμνεσθαι,
3222 3607 3462 3680 καθάπερ
3522 3607 3842 3683 Αἷγυπτὲους

2193 3699 2418 3759 πάντας³
2456 3693 2643 3772 [1360
2699 3692 2797 3772 Β.]
2831 3694 2951 3757 τοὺς
3012 3692 3057 3748 δ’
3089 3696 3188 3752 ὑπὸ
3232 3702 3338 3751 τῶν
3389 3693 3667 3765 Ἐλλήνων
3727 3720 3840 3754 κα-

2193 3786 2478 3861 λουμένους
2537 3782 2792 3845 κολοϐοὺς
2837 3783 2899 3832 ﬂ
2940 3790 3044 3840 πᾶν
3102 3787 3163 3840 τὸ
3221 3799 3339 3846 τοῖς
3397 3783 3613 3847 λοιποῖς
3671 3788 3843 3862 μέρος

2191 3879 2486 3953 περιτομῆς
2534 3871 2802 3951 τυγχάνον
2847 3872 3018 3952 ξυροῖς
3071 3873 3323 3953 ἀφαιρεῖν
3367 3874 3506 3930 ἐστὶν
3557 3873 3672 3938 ἔθος
3729 3899 3842 3943 νη-

2183 3964 2318 4018 πίων
2379 3962 2569 4018 ὅντων⁶
2607 3961 2660 4028 ἐξ
2693 3961 2752 4018 οὗ
2783 3963 2868 4018 καὶ
2899 3964 2997 4029 τὴν
3056 3962 3342 4041 εἰρημένην
3375 3962 3564 4031 κλῆσιν
3622 3964 3843 4030 ἑαυτοῖς

2180 4055 2539 4120 πεποίηνται.

2271 4232 2395 4289 "Ott
2451 4232 2713 4310 κέχρηται
2787 4235 2813 4288 ὁ
2878 4235 3231 4312 συγγραφεὺς,
3285 4233 3591 4301 ἀττικιστὴς
3662 4235 3842 4292 καίτοι

2192 4321 2289 4396 ὢν,
2327 4322 2393 4397 τῇ
2424 4322 2517 4388 τῆς
2555 4321 2809 4400 Καμᾶρας
2839 4321 2996 4388 λέξει,

2140 4541 2182 4592 D
2280 4499 2401 4558 ’Ότι
2461 4502 2504 4557 οἱ
2576 4499 2944 4580 Τρωγλοδῦται
3019 4504 3137 4581 περὶ
3203 4504 3323 4564 τοὺς
3393 4499 3843 4582 μετηλλαχότας,

2201 4594 2384 4672 φησὶν,
2417 4589 2554 4647 οὕτω
2606 4592 2920 4666 πράττουσι.
2956 4602 3088 4655 Ταῖς
3139 4595 3200 4649 Ex.
3247 4597 3353 4648 τῶν
3385 4591 3685 4669 παλιούρων
3742 4591 3846 4649 λύ-

2201 4705 2314 4758 γοις
2373 4681 2434 4728 45
2462 4683 2551 4736 τὸν
2595 4677 2800 4758 αὒχένα
2834 4681 2964 4758 πρὸς
3029 4682 3092 4736 τὰ
3145 4681 3311 4749 σκέλη
3371 4680 3685 4754 συνέδησαν,
3721 4685 3848 4738 εἶτα

2202 4769 2286 4826 ἐπ’
2345 4769 2504 4848 ὄχθον
2561 4768 2828 4833 ὶπιθέντες
2886 4769 3138 4844 βάλλουσι
3205 4769 3589 4850 χειροπληθέσι
3649 4769 3843 4843 λίθοις,

2199 4863 2465 4933 τωθασμῷ
2508 4858 2781 4937 χρώμενοι
2826 4859 2911 4914 καὶ
2967 4857 3185 4936 γέλωτι,
3221 4858 3321 4923 ἕως
3377 4858 3441 4908 46
3491 4860 3846 4938 ἀποκρύψωσι

2199 4956 2291 5005 τοῦ
2361 4947 2806 5013 τετελευτηκότος
2875 4947 2974 5014 τὴν
3046 4949 3278 5027 μορφὴν·
3355 4949 3584 5008 κὲπειτα
3645 4949 3848 5007 ἄνωθεν

2200 5037 2468 5100 ἐπιθέντες
2511 5036 2670 5113 κέρας
2702 5037 2851 5114 αἰγὸς
2912 5037 3139 5102 ἀπαθεῖς
3187 5036 3507 5096 ἀπολύονται
3566 5041 3655 5095 καὶ
3699 5062 3848 5095 παν-

2200 5127 2367 5192 τελῶς
2429 5125 2618 5204 ἱλαροί,
2665 5126 2842 5198 Οὕτω,
2874 5128 3030 5206 φησὶ,
3071 5142 3190 5190 ταῖς
3249 5126 3486 5195 κηδείαις
3517 5133 3848 5206 καταχρῶν-

2199 5239 2287 5274 ται
2340 5221 2634 5296 νουνεχῶς,
2669 5214 2822 5294 εῗπέρ
2884 5217 2962 5293 μὴ
3011 5215 3200 5275 λυπεῖν
3231 5216 3291 5266 Π
3347 5217 3563 5278 ἑαυτοὺς
3595 5216 3682 5273 ἐπὶ
3728 5232 3850 5283 τοῖς

1784 5369 2039 5437 VARI/E
2087 5373 2412 5443 LECTION
2422 5375 2526 5440 ES.

552 5491 615 5576 eo
647 5489 754 5576 διπρ
786 5495 994 5576 τροπῶν
1037 5511 1360 5569 χειμερινφν
1391 5488 1492 5576 ἕως
1538 5489 1704 5554 μέσου
1735 5494 2037 5572 χειμῶνος]
2096 5517 2120 5553 α
2156 5495 2496 5576 Admodum
2527 5493 2786 5576 absurde
2819 5516 2834 5570 ;
2881 5494 3142 5576 rectius
3173 5493 3578 5576 Elianustﬂ.
3631 5497 3708 5559 Α.
3747 5496 3853 5562 l6.

472 5573 573 5654 31)
603 5587 628 5654 εν
653 5572 760 5627 ἀπὸ
785 5577 897 5654 τῶνΔ
931 5574 1145 5654 θερρὼν
1181 5577 1400 5654 Δτροπῶν
1426 5571 1499 5654 εἷς
1533 5578 1797 5643 μεσοῦντα
1829 5571 2098 5654 χειμῶνα,
2139 5600 2162 5635 ι)
2209 5575 2569 5654 ννθεεριὶηε,
2602 5575 2699 5638 ad.
2747 5575 2992 5639 Diodor.
3027 5577 3090 5650 3,
3121 5574 3220 5636 3i.

1171 5649 1224 5737 ‘3‘
1255 5651 1608 5737 περιτιθέασιν
1670 5660 1798 5737 [l_OSl
1831 5653 2030 5728 γονέων
2086 5658 2254 5737 ponit
2307 5657 2372 5719 B.

473 5653 558 5710 διά
602 5653 704 5714 At
759 5653 846 5706 καὶ
876 5649 960 5706 διά

475 5733 576 5799 ἕως
609 5732 657 5795 Α
692 5748 704 5794 2
756 5733 888 5797 τέως
1103 5731 1162 5781 47
1210 5731 1384 5799 λύπην
1417 5732 1625 5796 ἑαυτοῖς

3305 5573 3356 5616 Μ
3390 5573 3593 5634 δέδοται
3626 5579 3712 5651 ς’.
3800 5576 3863 5620 η

2464 5649 2704 5716 “ﬁlim.
2739 5660 2826 5714 καὶ
2857 5649 3088 5733 καλουμι
3303 5653 3366 5706 ‘5
3414 5655 3601 5736 λύγαις
3635 5649 3708 5719 Ᾰ.
3802 5655 3861 5701 ⁸⁵
