4008 6210
269 289 336 358 57
1420 280 1964 349 BIBLIOTHECA.
1999 310 2071 324 —-
2103 277 2267 346 COD.
2317 283 2478 348 CCL.

3560 281 3641 348 58

264 447 342 483 σαι
395 421 604 481 δασεῖαι
633 422 725 481 καὶ
767 435 896 488 ταῖς
952 427 1162 504 ψυχαῖς
1213 421 1406 501 ἥμεροι
1449 421 1538 478 καὶ
1583 417 1772 500 [1364
1800 416 1886 499 Βξ

1981 423 2154 488 sutze.
2188 415 2356 479 lenes
2403 425 2462 480 et
2521 417 2790 498 placidos
2844 418 3080 481 animos
3123 414 3371 482 habent.
3422 415 3632 482 Pluri-

262 522 431 594 πρᾶον
517 515 610 571 καὶ
664 515 995 591 πανουργίας
1083 519 1393 570 κοιοῶνοῦσι
1464 511 1744 588 πλείστης,
1817 507 1904 565 δι-

255 603 535 668 Exsulta;
563 625 625 660 τε
682 602 1070 678 μεθοεευτικής
1103 603 1188 660 ἰπὶ
1239 603 1407 660 ποσὸν
1448 600 1732 680 ἅπτονται,
1763 598 1902 658 ὥστε

253 696 344 763 τὴν
371 692 655 770 εὐρυθμίαν
685 691 744 750 ’έν
772 699 907 751 πᾶσι
951 693 1262 770 θαυμάζειν.

321 861 381 931 ’0
411 870 469 930 δὲ
499 870 864 954 κυνοκέφαλος
893 874 954 929 τὸ
986 876 1082 949 μέν
1129 878 1286 949 σῶμα
1314 870 1591 950 ἀνθρώπου
1632 867 1898 932 δυαειδοῦς

247 963 566 1042 ὑπογράφει,
597 963 663 1018 τὸ
719 963 1010 1040 πρόσωπον
1065 961 1119 1020 δὲ
1157 962 1338 1027 κύνοςο
1385 962 1568 1041 φωνὴν
1599 957 1653 1017 δὲ
1711 959 1897 1038 ἀφίησι

247 1057 446 1130 μυγμῷ
489 1050 893 1130 παραπλησίαν’
928 1049 1112 1131 ἄγριον
1141 1050 1196 1108 δέ
1254 1049 1523 1130 ὑπερϐολῇ
1553 1051 1641 1108 καὶ
1683 1048 1898 1115 τελείως

247 1143 591 1199 ἂτιθᾶσευτον
643 1139 730 1214 64,
774 1143 865 1198 καὶ
920 1142 1021 1209 τὴν
1078 1141 1200 1217 ὄψιν
1241 1140 1504 1220 ἐμφαῖνον
1533 1139 1639 1196 ἀπό
1695 1159 1755 1196 τε
1793 1145 1896 1197 τῶν

249 1232 456 1310 ὀφρύων
486 1231 579 1286 καὶ
633 1238 736 1289 τῶν
766 1231 1059 1307 αόμμάτων
1099 1231 1352 1310 ὖστηράν.
1389 1231 1513 1306 Περὶ
1557 1226 1624 1280 65
1653 1230 1750 1304 μὲν
1807 1230 1898 1286 τὸν

248 1319 429 1399 ἅρῤενα
459 1327 660 1378 ταῦτα’
691 1327 768 1394 τῷ
823 1319 878 1377 δὲ
905 1321 1057 1391 θήλει
1088 1323 1398 1400 πρὸσκειναι
1427 1322 1514 1378 καὶ
1557 1320 1619 1377 τὸ
1648 1321 1748 1388 τὴν
1779 1320 1896 1396 μή·

245 1433 368 1486 τριαν
412 1409 520 1476 ἔξω
563 1417 660 1467 τοῦ
685 1413 936 1487 σώματος
984 1423 1167 1492 ρορεῖν
1199 1413 1284 1468 καὶ
1315 1410 1454 1468 οὕτω
1483 1408 1804 1490 διαγίνεσθαι
1833 1407 1898 1460 66

245 1500 415 1558 πάντα
444 1501 543 1556 τὸν
571 1501 712 1576 βίον.

318 1581 379 1648 ὀ
410 1587 469 1645 δέ
503 1588 669 1656 κῆτος
708 1587 845 1668 ,ἔχει
875 1589 938 1646 τὸ
968 1589 1066 1667 μὲν
1095 1589 1382 1670 πρόσωπον
1430 1587 1556 1670 [741
1595 1588 1696 1672 Η.]
1725 1589 1896 1647 λέοντι

240 1677 629 1753 παραπλήσιον
678 1677 766 1756 67,
797 1681 862 1736 τὸ
903 1677 959 1736 δὲ
990 1685 1148 1753 σῶμα
1190 1681 1443 1761 πάνθηρι,
1474 1682 1536 1737 τὸ
1588 1678 1641 1736 δὲ
1671 1681 1896 1760 μέγεθος

1989 524 2151 567 mum
2205 507 2292 568 eis
2339 509 2615 570 versutiae
2672 511 2848 587 inest,
2913 507 3173 590 ideoque
3225 508 3298 570 ad
3342 507 3631 590 aliquam,

1986 593 2276 657 doctrina;
2345 597 2730 678 compendio,
2812 599 3122 662 scientiam
3195 597 3628 680 perducuntur,

1985 684 2450 756 concinnitatem
2511 686 2574 748 in
2630 685 2912 748 omnibus
2967 705 3145 768 quam
3183 695 3452 766 servant,
3506 705 3627 751 non

1981 773 2090 836 abs
2133 793 2200 837 re
2231 775 2367 856 quis
2397 775 2749 841 admiretur.

2062 865 2127 927 In
2158 865 2560 946 cynocephalo
2592 865 2856 929 hominis
2885 883 3125 946 corpus,
3153 869 3380 948 specie,
3409 868 3626 950 turpis,

1979 951 2386 1016 adumbratur.
2450 955 2675 1018 Canina
2736 959 2788 1018 ei
2847 956 3054 1032 facies,
3115 975 3319 1019 vocem
3377 958 3627 1020 stridori

1983 1044 2172 1106 muris
2203 1064 2320 1105 non
2352 1044 2710 1107 dissimilem
2764 1046 3068 1126 exprimit.
3131 1044 3246 1109 Sed
3307 1047 3628 1110 immodice

1976 1131 2174 1195 ferum
2208 1145 2295 1196 est
2327 1134 2569 1209 animal,
2610 1153 2721 1196 nec
2766 1135 2889 1196 ullo
2921 1136 3098 1197 modo
3129 1135 3453 1211 cicuratnr,
3486 1137 3622 1200 vul-

1982 1231 2228 1306 tumque
2259 1223 2659 1305 asuperciliis
2708 1231 2768 1286 et
2813 1225 3001 1286 oculis
3050 1233 3354 1289 austerum
3401 1227 3620 1307 prodit.

1979 1310 2065 1374 Ita
2099 1332 2223 1374 mas
2251 1324 2632 1393 comparatus
2665 1323 2776 1379 est.
2808 1312 3094 1376 Femineo
3123 1318 3334 1395 generi
3388 1317 3504 1380 hoc
3534 1325 3626 1380 est

1982 1405 2317 1484 proprium,
2353 1413 2415 1466 ut
2445 1413 2676 1466 uterum
2730 1415 2898 1466 extra
2945 1422 3164 1487 corpus
3190 1415 3385 1486 gestet
3431 1425 3624 1488 eoque

1982 1492 2189 1555 habitu
2221 1501 2403 1558 totam
2438 1495 2636 1574 exigat
2662 1495 2865 1558 vitam.
3345 1535 3350 1539 -

2061 1581 2255 1664 Cepus
2309 1583 2458 1646 facie
2506 1583 2767 1660 leonem,
2817 1601 3070 1666 corpore
3127 1585 3500 1668 pantheram,
3563 1593 3622 1648 et

1979 1672 2392 1751 magnitudine
2445 1674 2766 1736 dorcadem
2821 1674 3132 1756 (capream
3194 1693 3300 1738 seu
3343 1674 3614 1755 domum)

237 1766 472 1849 δορκάδι,
541 1770 690 1838 κατὴ
747 1767 846 1837 τὴν
900 1770 1167 1826 ποικιλίαν
1236 1770 1333 1828 καί
1375 1771 1474 1839 τὴν
1533 1773 1886 1850 προσηγορίαν

1980 1761 2266 1825 imitatur.
2299 1762 2482 1826 Prout
2512 1765 2712 1826 varius
2764 1774 2876 1838 est,
2921 1765 3003 1826 ita
3051 1775 3108 1828 et
3160 1783 3382 1828 nomen
3418 1766 3616 1848 (cepas

236 1857 440 1923 λαϐὼν.

311 1951 538 2006 Πάντων
571 1946 630 2005 δέ
687 1953 792 2006 τῶν
825 1948 1121 2026 εἰρημένων
1162 1949 1493 2031 ἀγριώτατον
1528 1953 1614 2010 καὶ
1659 1949 1892 2011 δυσκατ-

234 2037 637 2117 εργαστότατον
693 2039 758 2095 τὸ
806 2044 916 2095 τῶν
982 2039 1188 2117 ταύρων
1245 2047 1352 2099 τῶν
1383 2042 1739 2121 καρκοφάγων
1793 2041 1892 2119 γέ-

234 2151 345 2202 νος,
375 2129 404 2185 ὃ
444 2137 527 2203 τῲ
585 2127 799 2206 μέγέθει
867 2129 966 2204 μὲν
1012 2129 1240 2210 ὑπάρχει
1285 2136 1393 2187 τῶν
1423 2131 1637 2209 ἡμέρων
1668 2129 1891 2210 ἁδρότε-

241 2239 355 2295 ρον,
398 2217 565 2297 τάχει
629 2214 684 2273 δὲ
747 2216 1102 2295 ὑπερϐάλλον,
1149 2217 1342 2298 πυῤῥὸν
1391 2217 1445 2276 δὲ
1501 2220 1740 2288 ὶξαισίως
1794 2221 1892 2280 Καὶ

247 2309 310 2364 τὸ
361 2307 453 2382 μὲν
505 2308 690 2382 στόμα
754 2306 922 2387 μέχρι
977 2314 1086 2366 τῶν
1144 2308 1295 2367 ὤτων
1365 2309 1524 2370 αὒτοῦ
1585 2310 1886 2388 διέστηκεν,

240 2395 384 2474 ὄμμα
424 2395 482 2452 δὲ
511 2397 798 2478 ὓποραίνει
856 2395 1210 2477 γλαυκότερον
1262 2398 1505 2464 λέοντος.
1565 2400 1640 2458 Τά
1694 2400 1749 2458 δέ
1792 2401 1886 2458 κέ-

229 2508 365 2564 ρατα
416 2486 513 2543 τὸν
572 2487 675 2562 μὶν
734 2485 900 2544 ἄλλον
957 2487 1155 2566 χρόνον
1210 2501 1330 2553 τοῖς
1360 2491 1459 2546 ὡσὶ
1501 2490 1890 2568 παραπλησίως

227 2589 392 2656 κινεῖ,
427 2576 598 2657 μάχῃ
657 2573 715 2632 δὲ
765 2577 1052 2657 χρώμενον
1104 2577 1324 2645 ἵστησιν
1354 2579 1647 2659 ἀραρότως,
1706 2581 1816 2649 Τὴν
1847 2581 1891 2638 δ’

223 2665 525 2744 έπαγωγὴν
588 2671 691 2733 τῆς
753 2668 942 2746 τριχὸς
1005 2665 1244 2723 ἐνὰντὶαν
1315 2667 1433 2749 ἔχει
1491 2683 1608 2737 τοῖς
1680 2669 1886 2733 ἄλλοις.

221 2763 394 2815 τοῦτο
457 2755 516 2812 δὲ
560 2769 684 2822 τοῖς
728 2777 790 2813 τε
848 2755 1254 2830 ἆλκίμωτάτοις
1300 2758 1610 2834 ἐπιτίθεται,
1641 2763 1728 2818 καὶ
1784 2783 1886 2818 κυ-

221 2857 389 2920 νηγεῖ
418 2845 488 2903 τὰ
549 2843 718 2901 λοιπὰ
744 2851 852 2903 τῶν
896 2845 1072 2926 ζώων,
1109 2851 1206 2905 κα¹ι
1238 2849 1330 2914 τὰς
1359 2851 1588 2925 ποίμνας
1620 2855 1727 2906 τῶν
1756 2851 1882 2906 ἐπι-

221 2935 445 3011 χωρίων
502 2933 747 3008 μάλιστα
799 2948 1113 3006 κακοποιετ,
1146 2939 1232 2994 καὶ
1293 2939 1456 3006 μόνον
1519 2939 1659 2997 ἐστὶν
1715 2938 1885 3017 ἄτρω-

218 3044 314 3079 τον
342 3021 531 3102 λόγχῃ
581 3023 673 3079 καὶ
701 3021 865 3095 τόξορ.
902 3025 996 3080 Διὸ
1039 3026 1128 3082 καὶ
1162 3027 1382 3093 ποιῆσαι
1428 3026 1528 3102 μὲν
1569 3028 1883 3107 ὑποχείριον

226 3109 395 3176 οὖδεῖς
455 3110 684 3170 πολλῶν
751 3110 1191 3189 ἐπιϐεϐλημένων
1236 3117 1552 3196 κατίσχυσε,
1597 3118 1658 3173 τὸ
1715 3115 1764 3172 δ’
1809 3118 1883 3182 εἰς

226 3199 437 3278 ὄρυγμα
507 3201 749 3276 έμπεσὸν
802 3200 839 3270 ἧ
910 3225 1028 3260 τινα
1084 3201 1237 3261 δόλον
1295 3205 1468 3277 τούτῳ
1518 3205 1889 3284 παραπλήσιον

226 3289 335 3345 ὕπὸ
391 3300 487 3350 tot)
540 3295 712 3366 θυμοῦ
771 3293 1050 3368 συντόμως
1121 3293 1323 3371 γίνεται
1395 3294 1727 3375 περιπνιγές,
1791 3295 1889 3354 Καὶ

233 3378 306 3433 τὶ)
359 3379 456 3451 μὲν
483 3381 659 3457 θηρίον
718 3381 942 3445 εἰκότως
974 3382 1203 3459 κρίνεται
1263 3381 1393 3463 [καὶ]
1440 3385 1581 3463 παρὰ
1637 3383 1884 3465 τρωγλο-

234 3463 418 3528 δύταις
451 3468 622 3536 ἄλκην
666 3470 770 3545 μὲν
802 3469 955 3550 ἔχειν
987 3469 1228 3546 λέοντος,
1260 3473 1432 3553 τάχος
1475 3471 1529 3530 δὲ
1557 3463 1886 3554 ἵππου,ρώ-

233 3579 346 3632 μην
375 3555 429 3614 δὲ
459 3559 681 3639 ταύρου,
716 3557 918 3637 σιδήρῳ
947 3557 1002 3616 δὲ
1045 3563 1149 3642 οὐχ
1178 3563 1427 3626 δπεϊκον,

714 3655 839 3731 Περὶ
885 3655 1150 3733 κροκόττα
1200 3657 1405 3735 θηρίου.

306 3747 430 3806 Ὀτι
477 3750 508 3805 ὁ
536 3745 605 3799 68
657 3749 795 3804 κατᾶ
853 3750 953 3818 τὴν
1013 3751 1285 3809 Αἰθιοπίαν
1333 3753 1727 3830 ὁνομαζόμενός
1764 3777 1880 3831 κρο-

229 3839 418 3902 κόττας
474 3838 588 3896 ἐστὶ
650 3841 750 3914 μὲν
795 3842 869 3906 ὡς
922 3840 983 3896 ἐκ
1038 3838 1199 3897 λύκου
1253 3843 1342 3898 καὶ
1393 3845 1549 3906 κυνὸς
1608 3845 1876 3919 σύνθετον,

229 3928 427 4008 igrva
481 3927 540 3984 δὲ
589 3929 914 4008 ἀγριώτερον
962 3931 1057 3986 καί
1115 3928 1300 4004 πολλῷ
1355 3932 1638 4012 βαρύτερον
1684 3935 1790 3992 ἀπό
1820 3956 1878 3991 τε

226 4025 314 4074 τώ
358 4021 658 4096 προσώπου
715 4021 804 4075 καὶ
863 4024 970 4074 τῶν
1027 4016 1200 4095 ἄκρων
1255 4017 1322 4070 69
1373 4020 1572 4097 ποδῶν,
1619 4022 1762 4101 ἀλκῇ
1823 4023 1877 4080 δὲ

223 4109 554 4182 θαυμαστὸν,
618 4105 796 4164 ὀδοῦσι
855 4106 909 4164 δὲ
965 4109 1052 4163 καὶ
1121 4107 1296 4182 κοιλίᾳ
1348 4107 1714 4170 δυνατώτατον
1771 4116 1875 4171 τῶν

225 4195 400 4253 ἄλλων
454 4196 545 4256 70.
586 4200 689 4256 Καὶ
741 4198 842 4276 γὰρ
885 4198 1206 4275 κατάγνυσιν
1263 4200 1499 4277 εὐπόρως
1557 4207 1663 4258 πᾶν
1719 4205 1878 4260 ὀστοῦ

225 4286 399 4362 γένος,
473 4287 572 4343 καὶ
637 4288 699 4343 τὸ
773 4286 1029 4362 διαιρεθὲν
1088 4288 1277 4352 εὐθέως
1345 4286 1729 4372 δεδαπάνηται,
1790 4295 1876 4350 καὶ

229 4382 337 4454 περὶ
394 4383 495 4440 τας
530 4379 725 4454 πέψεις
782 4375 1092 4454 ἆδιήρητον.
1151 4387 1315 4438 Τοῦτο
1370 4379 1427 4436 δὲ
1477 4384 1563 4438 καὶ
1597 4387 1876 4459 μιμεῖσθαί

1975 1853 2138 1913 enim
2167 1851 2382 1916 hortus
2411 1861 2496 1916 est
2529 1852 2784 1935 Graecis)
2818 1853 2935 1916 sibi
2966 1853 3218 1917 inditum
3250 1854 3451 1918 habet.

2055 1942 2203 2004 CAP.
2227 1941 2566 2006 XXXIX.—
2583 1944 2664 2006 De
2687 1949 2868 2006 tauro
2891 1943 3617 2008 earnivoro.—Omnium

1975 2049 2109 2109 quae
2125 2031 2318 2094 adhuc
2341 2033 2808 2096 commemoravi
2831 2031 3327 2096 immanissimum
3348 2043 3408 2097 et
3427 2037 3580 2098 maxi
3597 2069 3614 2082 ι

1978 2138 2074 2182 me
2103 2120 2457 2183 indomitum
2491 2130 2582 2183 est
2612 2130 2914 2184 taurorum
2945 2140 3158 2203 genus,
3199 2124 3356 2205 quod
3407 2143 3620 2189 carnes

1974 2217 2158 2284 vorat,
2195 2211 2605 2290 magnitudine
2634 2209 2899 2275 crassius
2916 2212 3282 2286 domesticis,
3317 2222 3376 2276 et
3408 2215 3614 2294 perni-

1973 2299 2153 2360 citate
2181 2300 2572 2374 antecellens,
2595 2301 2909 2380 insigniter
2929 2301 3154 2364 rufum.
3176 2304 3257 2366 0s
3272 2303 3328 2366 ei
3349 2303 3422 2366 ad
3437 2321 3616 2366 aures

1973 2404 2168 2464 usque
2190 2387 2529 2450 diductum.
2547 2387 2727 2453 Visus
2746 2390 2958 2469 glauco
2979 2391 3183 2454 colore
3205 2391 3396 2472 magis
3415 2392 3618 2454 rutilat

1974 2493 2152 2556 quam
2192 2476 2378 2541 leoni.
2409 2475 2647 2542 Cornua
2691 2479 2838 2542 alias
2862 2500 2996 2548 .non
3025 2499 3203 2544 secus
3233 2490 3410 2563 atque
3437 2499 3618 2544 aures

1975 2573 2196 2643 movet,
2221 2567 2329 2629 sed
2363 2570 2421 2629 in
2453 2586 2674 2648 pugna,
2705 2577 2772 2632 ut
2800 2570 2974 2634 firmo
3016 2579 3228 2636 tenore
3258 2571 3614 2652 consistant,

1972 2655 2132 2718 facit.
2165 2655 2328 2720 Ordo
2375 2655 2626 2738 pilorum
2672 2659 2953 2722 inversus
2997 2671 3206 2724 contra
3252 2679 3429 2744 quam
3480 2661 3614 2724 aliis

1973 2745 2398 2809 animantibus.
2424 2748 2654 2810 Bestiae
2684 2748 2863 2812 etiam
2907 2750 3301 2814 validissimas
3335 2751 3614 2833 aggredi-

1967 2842 2082 2924 tur,
2101 2843 2160 2898 et
2180 2845 2431 2899 caeteras
2449 2855 2661 2900 omnes
2691 2849 2962 2917 venatur,
2989 2845 3370 2924 maximeque
3397 2859 3610 2923 greges

1965 2921 2298 2986 incolarum
2329 2925 2581 2989 infestos
2629 2928 2828 2991 reddit
2882 2929 3220 3008 maleficio;
3266 2921 3478 2994 solum
3514 2921 3616 2994 est

1965 3011 2179 3076 lancea
2205 3022 2264 3077 et
2291 3033 2434 3077 arcu
2475 3015 2934 3094 invulnerabile,
2981 3019 3142 3100 quod
3183 3038 3376 3082 causa
3404 3030 3518 3097 est,
3546 3028 3612 3082 ut

1935 3165 1948 3179 ,
1972 3120 2152 3165 nemo
2182 3103 2242 3165 id
2273 3103 2552 3184 subigere
2585 3108 2869 3187 (quamvis
2889 3108 3063 3172 multi
3085 3108 3142 3170 id
3169 3109 3469 3182 tentarint)
3497 3125 3608 3172 va-

1972 3191 2172 3254 luerit.
2208 3196 2272 3256 ιη
2298 3194 2516 3257 fossam
2549 3203 2772 3272 tamen,
2803 3205 2909 3259 aut
2937 3198 3197 3260 similem
3223 3199 3278 3261 ei
3303 3199 3530 3276 dolum,
3555 3198 3611 3260 si

1970 3282 2212 3363 quando
2246 3283 2477 3360 incidit,
2513 3303 2633 3366 prae
2654 3285 2842 3348 animi
2871 3286 3094 3349 ferocia
3114 3287 3232 3351 cito
3254 3289 3604 3367 suffocatur;

1968 3369 2105 3435 ideo
2145 3381 2308 3436 recte
2342 3382 2607 3456 putatur,
2652 3375 2832 3438 etiam
2863 3394 2898 3438 a
2924 3377 3319 3458 Troglodytis,
3368 3378 3606 3441 fortitu-

1967 3460 2108 3522 dine
2140 3462 2334 3524 leonis
2362 3464 2558 3539 4560,
2607 3473 2665 3526 et
2708 3465 3024 3529 velocitate
3067 3468 3230 3548 equi,
3285 3479 3346 3530 et
3387 3468 3608 3532 robore

1965 3552 2115 3614 tauri
2147 3551 2491 3632 praeditum,
2526 3553 2810 3636 ferroque
2837 3555 3054 3618 cedere
3082 3557 3377 3622 nescium.

2269 3645 2410 3711 CAP.
2436 3647 2561 3709 XL.
2595 3681 2671 3693 —
2719 3648 2797 3710 De
2826 3658 3096 3714 crocatta
3124 3651 3296 3729 fera.

2041 3750 2151 3824 Qui
2175 3761 2467 3816 crocottas
2497 3753 2650 3834 apud
2685 3753 2994 3836 Ethiopes
3025 3766 3291 3831 vocatur,
3323 3759 3466 3824 inde
3498 3779 3606 3822 no-

1963 3858 2102 3902 men
2160 3841 2362 3917 habet,
2396 3842 2554 3923 quod
2599 3861 2671 3905 ex
2729 3843 2868 3924 lupo
2926 3852 2988 3906 et
3046 3863 3194 3907 cane
3227 3855 3440 3910 natura
3469 3851 3604 3929 ejus

1961 3938 2210 4005 constat,
2267 3937 2372 3992 sed
2432 3941 2690 4012 utroque
2741 3932 2928 3993 multo
2960 3933 3171 3995 saevior
3221 3943 3331 4011 est,
3385 3945 3444 3998 et
3474 3946 3597 3998 tum

1960 4019 2112 4081 facie
2134 4028 2256 4082 tum
2291 4021 2544 4083 summis
2565 4021 2816 4102 pedibus
2838 4021 3014 4102 longe
3035 4023 3288 4101 gravior,
3315 4033 3374 4088 et
3398 4036 3606 4090 ventre

1960 4117 2020 4169 et
2058 4109 2340 4171 dentibus
2370 4111 2698 4190 antepollet
2744 4129 2976 4174 omnes.
3017 4111 3250 4176 Etenim
3289 4116 3604 4196 quodlibet

1956 4215 2146 4276 genus
2177 4202 2328 4262 ossis
2357 4200 2576 4279 frangit
2606 4201 2765 4263 hand
2809 4201 3158 4276 difficulter,
3192 4211 3250 4266 et
3279 4206 3606 4286 dilacerata

1960 4289 2233 4368 protinus
2254 4295 2578 4353 consumit.
2612 4289 2733 4352 Nec
2778 4291 2955 4352 facile
2983 4292 3145 4355 dictu
3176 4312 3353 4376 quam
3388 4296 3601 4362 leviter

1959 4379 2240 4442 conficiat
2285 4387 2494 4442 ventre
2546 4388 2606 4441 et
2655 4381 2910 4458 digerat.
2959 4383 3084 4445 Roc
3122 4402 3362 4466 quoque
3391 4405 3596 4453 vocem

227 4488 358 4529 τινες
422 4471 530 4535 τὴν
588 4469 924 4547 ἀνθρωπίνην
979 4467 1251 4526 διάλεκτον
1321 4467 1658 4549 διηγούμενοι
1727 4477 1870 4550 ἡμας

1980 4466 2242 4544 efﬁngere
2273 4468 2594 4530 humanam
2647 4468 2749 4548 qui
2804 4469 3142 4549 perhibent,
3199 4464 3374 4535 nobis
3415 4477 3596 4540 fidem

226 4555 321 4628 μὲν
371 4560 435 4616 o3
463 4556 758 4612 πείθουσιν⁸
819 4555 1016 4612 ἇκεϊνοι
1051 4555 1105 4613 δὲ
1152 4557 1250 4615 καί
1294 4561 1444 4616 εοῦτο
1471 4563 1866 4638 προστιθέασιν,

1953 4575 2072 4617 non
2105 4556 2354 4620 faciunt.
2388 4556 2640 4638 Insuper
2674 4566 2732 4618 et
2763 4557 2876 4620 hoc
2919 4559 3169 4634 addunt,
3195 4563 3356 4639 quod
3392 4567 3592 4628 nomi-

225 4646 297 4709 ὸς
326 4648 414 4701 καὶ
464 4645 523 4710 ἒξ
554 4647 818 4719 ὀνόματος
875 4647 1012 4702 κατὰ
1041 4648 1134 4709 τὰς
1193 4648 1384 4711 νόκτας
1409 4649 1715 4732 καλοῦντες,
1745 4655 1867 4717 τοὺς

1980 4647 2135 4707 latim
2170 4647 2446 4708 homines
2467 4656 2644 4708 noctu
2675 4655 2906 4721 evocet,
2940 4649 3166 4730 hosque
3196 4652 3361 4714 velut
3381 4653 3454 4713 ad
3487 4673 3594 4716 vo-

221 4731 274 4822 ᾃ
323 4738 397 4798 ὣς
427 4734 521 4792 ἅττ’
577 4734 858 4814 ἀνθρώπου
910 4741 1062 4815 φωνῇ
1106 4737 1447 4815 προσιόντας,
1491 4742 1539 4796 οἱ
1581 4739 1637 4798 δὲ
1681 4731 1866 4822 ἇθρόον

217 4821 657 4891 Ξπιισπίπτοντες
688 4825 1072 4889 κατεσθίουσιν,

493 4921 622 4996 Περὶ
650 4919 824 4998 ὄφεωθ
868 4917 1178 4998 παραδόξων
1227 4927 1304 4996 τῷ
1347 4923 1582 5002 μεγέθει.

291 5011 415 5072 ὀτι
474 5013 677 5094 ὁρίων,
739 5014 894 5094 φησὶ,
960 5011 1175 5094 λέγεται
1233 5014 1436 5094 μεγέθη
1495 5019 1759 5098 παράδοξα
1815 5021 1870 5078 ἐν

1955 4753 2086 4797 cem
2111 4735 2432 4798 humanam
2448 4753 2744 4815 egressos,
2765 4743 3059 4800 concitato
3081 4739 3320 4802 irruens
3341 4740 3591 4824 impetu,

1955 4825 2222 4886 devoret.

1953 4923 2097 4988 CAP.
2113 4923 2256 4988 XLI.
2278 4959 2304 4972 -
2329 4923 3112 5006 Deserpentibusstupendcs
3124 4928 3591 5007 magnitudinis.

2033 5021 2359 5105 Serpentes
2385 5024 2559 5088 etiam
2595 5022 3002 5104 magnitudine
3023 5025 3374 5108 stupendos,
3401 5037 3462 5092 et
3483 5049 3594 5110 ge-

1533 5242 1792 5311 νΑιιυΕ
1844 5246 2282 5315 LECTIONES.

284 5416 344 5508 εξ
383 5417 776 5508 ἆτιθασσευτον
820 5417 921 5508 ς’..
994 5416 1059 5470 65
1087 5421 1210 5508 περὶ
1241 5452 1317 5508 —_
1365 5425 1539 5508 ταῦτα
1559 5441 1678 5487 om.
1726 5425 1799 5491 A.
1882 5427 1949 5480 σθ
1988 5426 2257 5507 διάγὲσθαι
2287 5431 2359 5492 Α.
2444 5427 2509 5479 68
2569 5428 2943 5508 παραπλήσιον
3003 5430 3144 5497 add.
3179 5431 3254 5496 Α.
3338 5429 3402 5482 εδ
3430 5432 3510 5492 ὅτι
3563 5437 3592 5492 ὁ

222 5529 289 5594 ‘—
313 5499 1050 5594 ξνσιιιξόιξξνοςμξοκόξταξ
1083 5499 1194 5558 ἐστὶ
1237 5503 1334 5594 μέν
1377 5502 1427 5594 ᾼ
1463 5525 1476 5568 :
1510 5504 1591 5594 Et}
1625 5539 1697 5552 -
1731 5511 2024 5594 κροκόττας
2056 5499 2164 5570 tiu:
2213 5509 2309 5586 μὲν
2340 5499 2735 5588 ὀνομαζόμενος
2933 5508 3000 5564 99
3028 5510 3226 5594 ἄιρωο.
3277 5546 3355 5565 -—-
3385 5513 3450 5564 70
3488 5515 3592 5576 ἄλ-

225 5578 340 5664 λων]
367 5577 688 5659 ἀκροπόδοξν
735 5578 906 5638 ισθίει
937 5578 992 5637 δὲ
1025 5577 1328 5662 θαυμαστὸν
1358 5590 1466 5643 τῶν
1502 5583 1679 5645 ἄλλων
1711 5577 1866 5655 οόιτ.
1899 5591 1971 5657 Α.
