4008 6210
414 315 491 382 67

1607 306 1864 372 PLOTII
1907 305 2425 370 PATRIARCHIE
2466 307 2579 370 ΟΡ.

3706 309 3798 373 68

411 448 649 513 abditus
671 455 732 513 et
759 443 1024 510 exoletus
1040 450 1371 508 aromatum
1403 442 1519 504 illis
1542 441 1768 504 fructus
1799 449 1911 516 est,
1939 460 2050 504 nec

2148 442 2241 499 imo
2297 453 2388 502 τοῦ
2443 447 2736 520 γεννῶντος
2795 442 2881 498 καὶ
2936 441 3220 522 τρέφοντος
3280 441 3443 519 ὄγκου
3497 441 3798 524 διακεχωο

411 559 446 602 a
467 541 719 602 materia
747 545 1100 619 procreante
1123 542 1179 596 et
1200 532 1530 594 nutrientes
1551 532 1994 612 separatus,sed
2022 550 2056 592 a

413 629 608 691 divina
643 629 744 690 illa
776 627 1111 689 maturitate
1140 623 1335 685 adhuc
1369 623 1612 699 ﬂorens,
1633 630 1688 682 et
1719 639 1750 681 a
1781 620 2058 683 familiari

353 724 356 725 ⁷
416 718 777 799 proprioque
808 728 867 778 et
897 719 1153 796 διπηιιίηο
1177 713 1374 789 vigore
1404 711 1518 772 vim
1543 711 1703 773 illam
1729 709 2054 773 admirabi-

413 809 530 872 lem
560 809 858 881 emittens,
893 823 1082 884 usque
1109 802 1287 883 adeo,
1310 810 1373 864 ut
1404 801 1572 863 multi
1605 807 1662 863 in
1695 801 2058 863 oblivionem

416 896 688 959 mortalis
709 893 887 956 delati
911 892 1315 967 felicitatis,de
1337 889 1636 953 ambrosia
1656 909 1722 952 se
1747 890 2058 971 percipere

413 984 687 1050 nonnihil
721 983 1066 1064 opinentur,
1103 982 1242 1044 dum
1276 999 1375 1043 res
1403 999 1622 1042 nomen
1653 981 1724 1042 ad
1761 997 2054 1041 summam

409 1076 884 1152 praedicationem
910 1075 1182 1132 idoneum
1207 1083 1260 1131 et
1284 1087 1386 1144 par
1408 1073 1517 1130 sibi
1542 1075 1768 1144 quam.
1803 1073 1865 1130 In
1895 1070 2054 1129 salti-

413 1164 524 1220 bus
546 1175 742 1220 rerum
769 1161 1136 1218 odoratarum
1163 1160 1452 1230 serpi‘ntis
1470 1174 1652 1230 genus
1679 1167 1761 1216 est
1791 1157 2050 1215 omnium

410 1245 972 1319 insolentissimum,
1008 1243 1179 1326 quasi
1233 1244 1468 1305 fortuna
1499 1252 1614 1305 tam
1670 1242 1848 1320 largis
1882 1252 2055 1304 terra:

412 1339 746 1402 commodis
775 1337 1058 1410 invideat,
1087 1345 1144 1398 et
1169 1335 1325 1397 bono
1357 1343 1574 1397 atlexat
1605 1345 2053 1411 nocnuientum,

411 1449 487 1492 ne
505 1429 641 1512 quis
658 1427 832 1489 bonis
857 1443 1143 1506 prospere
1164 1425 1542 1487 affluentibus
1567 1427 1764 1487 animo
1782 1427 2060 1488 efferatur

410 1521 697 1601 superbo,
733 1528 792 1579 et
823 1517 893 1578 ad
930 1517 1106 1578 finem
1141 1535 1331 1597 usque
1381 1517 1618 1592 ﬂagitiis
1649 1516 2060 1597 perpetrandis

411 1609 1095 1688 indulgeat,numenque
1116 1607 1606 1686 aspernetur,sed
1636 1605 1977 1684 adjectione
2003 1614 2061 1666 et

421 1698 710 1760 memoria
742 1696 1126 1758 adversorum
1159 1695 1686 1770 commonefactus,
1718 1695 1892 1756 vitam
1931 1713 2062 1755 mo-

411 1793 630 1850 destius
667 1791 1022 1863 egat.Genus
1045 1791 1101 1846 id
1132 1799 1414 1861 serpentis
1446 1787 1639 1847 colore
1669 1802 1751 1846 εει
1787 1792 2059 1860 puniceo.

412 1886 472 1941 et
524 1877 895 1958 longitudine
954 1876 1285 1955 spithamaz,
1346 1894 1670 1954 morsuque
1720 1862 2122 1950 insanabili,8

411 1969 651 2047 quando
697 1985 878 2048 super
939 1965 1040 2028 illa
1099 1965 1404 2027 hominem
1455 1965 1762 2028 sauciavit.
1817 1965 2058 2043 Plagam

415 2059 572 2121 enim
607 2056 790 2118 infert
817 2055 1092 2117 assiliens
1124 2057 1182 2116 in
1217 2056 1426 2119 altum.
1451 2055 1739 2118 Caeterum
1771 2055 1928 2136 apud
1950 2059 2062 2117 Sa-

413 2148 572 2211 baeos
603 2146 877 2226 stirpium
913 2144 1298 2224 fragrantium
1334 2145 1484 2206 odor
1513 2163 1785 2206 summus
1815 2145 2057 2226 quidem

411 2247 522 2315 est,
556 2237 661 2300 sed
694 2237 962 2317 voluptas
994 2235 1208 2296 minor.
1246 2232 1392 2296 Nam
1437 2234 1594 2314 quod
1626 2254 1659 2296 a
1690 2253 1875 2315 puero
1907 2234 2058 2298 assi.

408 2328 590 2391 duum
653 2335 764 2403 est,
799 2344 1042 2388 sensum
1107 2325 1305 2386 minus
1335 2323 1515 2386 rfficit
1563 2336 1902 2406 movetque,
1937 2326 2056 2387 imo

410 2416 780 2480 obtusiorem
804 2416 1197 2496 reddit,nulla
1224 2415 1356 2476 vita:
1373 2415 1834 2476 commutatione
1853 2415 1920 2476 ad
1923 2417 2060 2495 jun-

317 2573 320 2576 ,
414 2505 967 2569 eta.Verumtamen
994 2523 1126 2566 cum
1161 2523 1280 2564 non
1299 2503 1380 2565 ita
1410 2504 1737 2566 informare
1759 2523 1827 2566 ac
1847 2523 2058 2585 regere

415 2595 590 2656 vitam
625 2595 948 2675 possint,ut
981 2593 1041 2654 in
1076 2592 1234 2654 bono
1264 2611 1506 2673 semper
1532 2600 1683 2654 statu
1712 2601 2060 2673 permaneat

419 2682 749 2766 (immistus
781 2683 940 2745 enim
967 2683 1208 2764 spiritus
1239 2682 1513 2744 facultate
1545 2683 1827 2744 incisoria
1849 2702 2066 2764 corpus

417 2775 650 2856 perflat,
683 2781 740 2834 et
771 2770 1272 2853 constipationem
1307 2772 1438 2852 ejus
1484 2773 1850 2834 moderatam
1883 2774 1970 2834 sic
2001 2773 2063 2835 in

418 2864 590 2946 plura
608 2862 860 2937 diducit,
886 2869 949 2924 ut
976 2861 1047 2923 ad
1075 2869 1398 2923 extremam
1435 2861 1674 2923 tandem
1707 2863 2061 2924 laxationem

415 2952 798 3032 redigatur);
853 2950 991 3012 huic
1034 2951 1175 3012 vitio
1208 2960 1273 3013 ut
1323 2953 1699 3028 medeantur,
1735 2952 2063 3032 pauxillum

418 3042 731 3105 bituminis
777 3051 836 3103 et
879 3040 1034 3102 hirci
1080 3040 1349 3115 barbam,
1384 3043 1623 3121 aegrotis
1665 3043 2062 3104 succendunt.

2138 531 2416 610 ρισμὲνην,
2478 531 2617 590 ἀλλὰ
2673 531 2772 597 τὴν
2821 531 3076 589 ἀνθοῦσαν
3127 532 3233 588 ἀπὸ
3279 535 3376 600 τῆς
3409 532 3547 596 Θείας
3592 533 3800 608 ἀκμῆς

2138 625 2235 679 καί
2297 623 2395 690 τὴν
2446 623 2552 680 ἀπὸ
2600 630 2705 679 τῶν
2753 623 2959 679 οἰκείων
3007 624 3093 679 καὶ
3143 631 3377 703 φυσικῶν
3416 625 3477 679 τὸ
3505 626 3803 698 θαυμαζό-

2143 734 2304 788 μενον
2370 711 2796 787 ἀποπέμπουσιν
2843 731 2861 750 ο
2932 712 3069 770 ὥστε
3143 711 3375 775 πολλοὺς
3459 714 3532 775 εἷς
3605 715 3804 781 λήθην

2143 801 2495 881 ἀφικομένους
2526 808 2631 858 τῶν
2676 802 2880 868 Θνητῶν
2913 801 3306 881 εὐτυχημάτων
3348 802 3444 870 τῆς
3486 801 3798 880 ἂμϐροσίας

2140 893 2386 948 ὑπονοεῖν
2418 889 2815 967 ἀπολαμϐάνειν
2869 891 3037 965 ὄνομα
3065 899 3158 947 τοῦ
3209 892 3523 968 πράγματος
3581 891 3802 962 ἐπιζη-

2138 987 2354 1044 τοῦντος
2387 982 2588 1037 οἰκεῖον
2618 983 2715 1047 τῆς
2746 978 3068 1057 ὑπερϐολῆς.
3123 984 3245 1058 Περὶ
3291 979 3346 1036 δὲ
3388 981 3510 1044 τοὺς
3556 979 3806 1058 δρυμοὺς

2136 1075 2242 1126 τῶν
2299 1067 2504 1126 εὖωδὼν
2562 1071 2715 1147 γένος
2773 1069 2910 1127 ἐστὶν
2969 1069 3138 1148 ἄρξων
3198 1068 3474 1128 ἰδιώτατον
3541 1070 3798 1144 πάντων,

2135 1159 2294 1216 οἱονεὶ
2350 1159 2608 1237 φθονύσης
2666 1162 2782 1222 τοῖς
2825 1159 3006 1237 ἁδροῖς
3053 1158 3400 1236 ἐπιτεύγμασι
3447 1165 3546 1226 τῆς
3605 1160 3808 1240 τύχης

2140 1251 2227 1306 καὶ
2259 1248 2704 1327 παραπλεκτιύσης
2753 1249 2968 1327 τάγαθῴ
2996 1250 3057 1305 τὸ
3101 1247 3382 1328 βλαϐερὸν,
3417 1249 3564 1315 ὅπως
3594 1247 3804 1324 μηδεὶς

2169 1341 2184 1362 ν
2282 1337 2337 1394 ιλ
2453 1336 2722 1394 ξῖϐίνν
2939 1337 3004 1356 ἐκ
3175 1341 3189 1360 ~
3485 1337 3664 1394 .547
3783 1344 3802 1354 ·

2143 1361 2216 1402 εις
2248 1361 2303 1394 τε.
2342 1361 2398 1402 ος
2482 1363 2536 1404 ..υ
2572 1361 2723 1418 ρ.ι,ωὸ
2776 1357 3060 1404 τιτανωοες
3109 1361 3192 1395 κοι
3238 1360 3518 1416 κατεγνωκ
3554 1379 3576 1401 η
3701 1359 3806 1394 του

2140 1429 2280 1486 θείου
2309 1430 2368 1484 τὸ
2398 1427 2644 1506 φρόνημα
2689 1426 2934 1504 λαμϐάνῃ
2983 1436 3089 1492 τῷν
3139 1429 3348 1507 ἀγαθῶν
3391 1429 3804 1508 εὐτυχούντων,

2144 1516 2458 1583 πσιδεύηται
2519 1515 2573 1573 δὲ
2627 1523 2696 1593 τῇ
2749 1517 3032 1595 παραθέσει
3091 1519 3177 1573 καὶ
3233 1519 3426 1594 μνήμῃ
3473 1522 3576 1574 τῶν
3624 1519 3806 1575 ἐναν-

2143 1611 2291 1668 τίων.
2347 1609 2416 1665 Τὸ
2475 1607 2526 1664 δὲ
2586 1607 2738 1686 γένος
2809 1614 2915 1664 τῶν
2987 1604 3155 1686 ὄφεων
3228 1613 3427 1687 χρῶμα
3498 1609 3596 1683 μὲν
3671 1608 3810 1688 ἔχει

2145 1705 2435 1780 φοινικοῦν,
2513 1703 2685 1774 μῇκος
2770 1694 2823 1752 δὲ
2896 1697 3022 1754 ὅσον
3091 1700 3390 1776 σπιθαμῆς,
3478 1695 3664 1776 δῆγμα
3747 1697 3810 1753 δὲ

2145 1789 2379 1864 ἀνίατον,
2439 1790 2500 1843 ἂν
2551 1789 2648 1853 τῆς
2681 1788 2817 1864 1³746
2845 1785 2949 1867 Η,]
2979 1786 3202 1865 λαγόνος
3249 1787 3510 1865 ἀνώτερον
3561 1786 3808 1863 αἰμάξῃ⁸

2145 1879 2242 1946 τὴν
2276 1876 2330 1933 δὲ
2361 1877 2424 1927 20
2452 1875 2672 1954 πληγὴν
2702 1875 2878 1933 δίδωσι
2939 1875 3277 1950 παλλόμενον
3307 1877 3380 1939 εἰς
3433 1875 3590 1952 ὕψος.
3656 1883 3809 1954 Παρ⁹

2145 1970 2324 2031 αὐτοῖς
2384 1967 2439 2024 δὲ
2495 1980 2613 2030 τοῖς
2671 1964 2918 2029 Σαϐαίοις
2975 1967 3009 2034 ἡ
3063 1966 3158 2041 μὲν
3214 1967 3357 2040 ὀσμὴ
3412 1965 3518 2022 τῶν
3574 1963 3809 2024 εύωδῶν

2144 2058 2502 2136 ἀκροτάτη,ἧ
2547 2055 2600 2112 δὲ
2645 2057 2803 2136 χάρις
2835 2054 3085 2123 ἐλλιπής·
3135 2057 3196 2112 τὸ
3245 2057 3344 2134 γὰρ
3395 2052 3687 2134 ἐνδελεχὲς
3741 2055 3806 2112 ἐκ

2142 2147 2334 2214 νηπίου
2375 2160 2518 2204 κινεῖ
2548 2146 2645 2222 μὲν
2694 2146 2792 2213 τὴν
2846 2144 3096 2210 αἴσθησιν
3147 2145 3332 2219 ἧττον,
3365 2143 3702 2218 ἀμϐλυτέραν
3752 2144 3813 2202 δὲ

2141 2237 2546 2308 κατασκευάζει,
2584 2231 2884 2310 μεταϐολῆς
2934 2247 3050 2299 τοῖς
3078 2235 3216 2310 βίοις
3259 2236 3360 2314 ούχ
3403 2235 3807 2320 ὑποκειμένης.

2144 2330 2216 2386 Ού
2274 2329 2385 2402 μὴν
2436 2323 2572 2381 ἀλλᾶ
2633 2322 2887 2381 κᾶπειδὰν
2947 2327 3005 2382 0-3
3064 2321 3316 2381 δύνωνται
3372 2321 3421 2365 9¹
3479 2323 3580 2390 τὴν
3648 2327 3813 2397 ζωὴν

2140 2415 2510 2494 παιδαγωγεῖν
2595 2414 2988 2492 παραπλησίως
3075 2417 3326 2486 εὐσταθῆ,
3414 2413 3812 2489 διαπνεομένου

2141 2517 2234 2565 τοῦ
2292 2509 2542 2582 σώματος
2585 2507 2674 2563 ὑπ’
2747 2506 2979 2584 ἀκράτου
3036 2507 3123 2562 καὶ
3165 2507 3437 2580 τμητικῆς
3499 2503 3811 2581 δυνάμεως,

2145 2600 2233 2655 καὶ
2275 2597 2375 2665 τὴν
2431 2597 2734 2674 σύμμετρον
2787 2597 3056 2654 πύκνωσιν
3103 2595 3197 2651 ἐπῖ
3241 2604 3431 2652 πλεῖον
3477 2594 3720 2673 ἀγούσης
3754 2591 3812 2634 εί

2148 2688 2284 2746 ὥστε
2330 2689 2477 2767 ἄγειν
2507 2689 2576 2750 εἰς
2625 2685 2835 2743 ἔκλυσιν
2878 2686 3145 2763 ἐσχάτην,
3177 2685 3300 2742 τότε
3343 2685 3408 2752 δὴ
3437 2681 3491 2726 ³³
3524 2685 3810 2763 ἀσφάλτου

2149 2780 2583 2857 παραθυμιῶντες
2668 2777 2843 2856 βραχὺ
2913 2778 3010 2830 καὶ
3083 2775 3281 2852 τράγου
3364 2774 3584 2852 πώγονα
3668 2788 3808 2837 τοῖς

2148 2869 2408 2932 τοιούτοις
2453 2867 2796 2948 ἆιραιροῦνται
2831 2865 2930 2933 τῆν
2962 2863 3094 2942 Ξίγαν
3123 2864 3298 2932 εὐώδη
3324 2864 3420 2931 τῆς
3453 2864 3721 2944 ἑπιφοφας
3752 2860 3812 2906 εδ

2151 2955 2475 3036 ὑπερϐολὴν,
2506 2961 2595 3014 καὶ
2642 2958 2709 3032 τῇ
2740 2955 2876 3027 μίξει
2905 2955 3022 3033 ξτοῦ
3049 2953 3326 3018 δοκοῦντος
3358 2953 3550 3010 λυπεῖν
3591 2957 3654 3012 τὸ
3697 2959 3808 3022 τῆς

2148 3045 2342 3115 ἡδονῆς
2415 3044 2671 3124 βλαϐερὸν
2742 3041 3317 3104 ὒποκαταστέλλουσιν.
3403 3042 3584 3108 Οὕτως
3652 3043 3806 3101 ἅπαν

419 3133 612 3213 Atque
641 3132 718 3192 ita
763 3131 1012 3193 nimium
1045 3130 1383 3209 fragrantia;
1428 3139 1716 3212 perpetuo
1748 3131 2058 3213 aspirantis

2148 3138 2443 3214 ἒπίτευγμα
2515 3135 2773 3211 μεσότητι
2846 3134 2946 3209 μὲν
3017 3135 3105 3190 καὶ
3188 3131 3328 3197 τάξει
3399 3130 3807 3211 συϐερνῶμενον

419 3240 732 3286 excessum
781 3221 1168 3295 amoliuntur,
1205 3230 1262 3280 et
1310 3221 1466 3301 quod
1501 3221 1792 3298 voluptati
1823 3222 2064 3284 noxium

420 3320 532 3387 est,
558 3309 1058 3392 attemperatione
1088 3310 1216 3389 ejus
1241 3311 1404 3388 quod
1434 3312 1749 3372 molestum
1773 3311 1912 3374 huic
1937 3330 2070 3374 esse

419 3400 1038 3482 videtur,reprimunt.
1059 3398 1225 3462 Adeo
1246 3401 1440 3462 omnis
1462 3399 1796 3476 felicitas,si
1830 3402 2066 3464 medio-

421 3493 634 3556 critate
663 3499 723 3554 et
754 3491 910 3552 bono
944 3490 1157 3552 ordine
1187 3489 1580 3570 gubernatur,
1616 3491 1792 3552 vitam
1841 3492 2068 3573 optime

421 3581 814 3644 transmittit:
870 3587 928 3641 at
959 3579 1009 3643 si
1058 3580 1468 3642 moderatione
1513 3588 1572 3642 et
1630 3585 2071 3662 opportunitate

421 3671 783 3746 destituitur,
809 3670 1037 3732 inutilis
1066 3671 1196 3751 ejus
1229 3671 1550 3751 possessio.
1579 3670 1735 3735 Saba
1757 3674 2065 3754 oppidum,

421 3763 602 3824 totius
621 3761 816 3842 gentis
829 3761 1293 3843 appellationem
1316 3761 1806 3838 indicans,monti
1829 3763 2067 3825 incum-

423 3852 510 3915 bit
530 3871 650 3914 non
676 3870 909 3932 magno,
944 3851 1212 3913 omnium
1235 3851 1414 3912 459a
1446 3851 1507 3912 in
1539 3851 1762 3914 Arabia
1785 3853 2069 3932 pulcher-

420 3942 666 4006 rimum.
721 3943 847 4004 Rex
879 3943 987 4003 toti
1050 3940 1214 4019 genti
1263 3941 1588 4020 imperans,
1623 3942 2070 4021 praerogativam

421 4033 604 4096 habet
659 4031 721 4094 in
747 4049 1036 4092 concessu
1068 4049 1101 4092 a
1162 4029 1381 4109 populo
1413 4029 1645 4103 scitam,
1682 4049 1795 4110 qua
1848 4034 2076 4095 honore

422 4140 532 4184 suo
584 4120 912 4202 prazditam,
946 4137 1060 4200 qua
1112 4119 1381 4181 muneris
1437 4122 1687 4180 omnino
1741 4129 2070 4202 expertem.

417 4208 662 4272 Honore
687 4209 846 4270 enim
869 4227 1071 4288 regem
1097 4209 1446 4285 dignantur,
1475 4209 1632 4290 quod
1657 4211 1858 4272 multis
1879 4212 2074 4294 impe-

420 4298 647 4375 ritat,et
673 4297 867 4360 libero
893 4317 1026 4378 quae
1051 4298 1325 4361 decernit
1347 4298 1594 4361 arbitrio
1616 4302 1914 4381 agit,nulli
1939 4304 2076 4367 sub-

412 4390 610 4470 jectus
669 4405 960 4452 censurae.
1013 4387 1228 4451 Exsors
1282 4407 1421 4451 vero
1459 4399 1572 4464 est,
1623 4399 1680 4452 et
1723 4395 1995 4473 quolibet

2150 3225 2496 3302 παραπέμπει
2569 3227 2659 3280 τὸν
2731 3224 2868 3300 βίον,
2931 3221 3255 3299 συμμετρίας
3327 3219 3381 3277 δὲ
3453 3223 3546 3279 καῖ
3609 3229 3806 3301 καιροῦ

2150 3316 2400 3392 στερηθὲν
2450 3317 2543 3372 οὒκ
2571 3315 2693 3393 ὶχει
2721 3314 2818 3381 τὴν
2861 3318 3051 3380 κτῆσιν
3101 3311 3441 3391 ὀνησιφόρον.
3495 3314 3566 3370 Τὸ
3595 3311 3650 3368 δὲ
3690 3319 3806 3369 τῶν

2152 3403 2393 3460 Σαϐαίων
2450 3400 2580 3459 ἄστυ
2623 3410 2715 3460 τοῦ
2746 3405 2942 3464 παντὸς
3000 3401 3176 3465 ἔθνους
3221 3402 3579 3482 προσηγορίαν
3607 3400 3808 3469 δηλοῦν

2152 3493 2238 3551 ἐπ’
2291 3493 2443 3573 ὄρους
2487 3492 2634 3549 ἐστὶν
2692 3493 2750 3548 οὒ
2810 3491 3071 3572 μεγάλου,
3133 3491 3270 3548 πολὺ
3351 3490 3635 3549 κάλλιστον
3691 3492 3810 3549 τῶν

2153 3585 2290 3642 κατᾶ
2320 3583 2418 3651 τήν
2462 3579 2735 3662 Ἀραϐίαν,
2767 3581 2793 3638 ὅ
2847 3581 3096 3639 καλεῖται
3127 3579 3304 3646 Σάϐας
3343 3578 3421 3640 9⁵.
3478 3581 3660 3658 [13Ἶ3
3689 3579 3807 3662 HJ

2157 3665 2216 3733 Ὀ
2271 3671 2326 3729 δὲ
2380 3671 2677 3750 βασιλεύων
2719 3679 2812 3729 τοῦ
2869 3673 3067 3734 παντὸς
3101 3670 3278 3738 ἔθνους
3321 3671 3600 3751 προεδρίαν
3652 3672 3806 3754 ἔχει,

2153 3763 2294 3842 παρὰ
2337 3765 2429 3820 τοῦ
2466 3764 2597 3819 λαοῦ
2621 3767 2690 3839 τῇ
2717 3759 2771 3803 96
2801 3762 2899 3837 μὲν
2942 3759 3156 3836 ἔντιμον
3199 3769 3268 3840 τῇ
3299 3760 3354 3819 δὲ
3398 3760 3807 3840 ἆκληροτᾶτην,

2153 3854 2363 3929 ἔντιμον
2423 3852 2521 3928 μὲν
2599 3852 2680 3908 ὅτι
2739 3851 2967 3916 πολλοῖς
3038 3853 3350 3934 ἰεπιτάττει,
3424 3855 3560 3913 κατὰ
3631 3855 3807 3933 κρίσιν

2157 3942 2503 3999 ἀνυπεύθυνον
2563 3941 2591 3997 ὅ
2649 3940 2894 4018 βούλεται
2963 3942 3232 4024 πράττωο,
3291 3942 3527 4025 ἅκληρον
3598 3941 3654 4000 δὲ
3717 3943 3805 4002 ὅτι

2161 4029 2480 4111 παραλαϐὼν
2531 4032 2626 4099 τὴν
2659 4029 2968 4106 ἐπιμέλειαν
3026 4036 3086 4090 ού
3129 4030 3341 4091 δύναται
3389 4034 3550 4094 πάλιν
3580 4032 3641 4090 ἐκ
3690 4041 3805 4090 τῶν

2158 4124 2440 4204 βασιλείων
2493 4122 2745 4189 ἐξελθεῖν
2779 4123 2823 4180 εἰ
2853 4121 2907 4178 δὲ
2957 4123 3058 4198 μὴ,
3091 4121 3424 4190 λιθόλευστος
3454 4125 3555 4182 ὑπὸ
3584 4124 3806 4183 πάντων

2156 4219 2382 4294 γίνεται,
2441 4213 2579 4269 κατὰ
2645 4215 2896 4292 χρησμὸν
2965 4211 3223 4293 ἀρχαῖον,
3284 4213 3426 4271 ὥστε
3493 4214 3636 4270 εἶναι
3705 4216 3811 4282 τὴν

2157 4305 2432 4384 ὕπεροχὴν
2462 4299 2741 4380 βλαϐεράν.

2045 4402 2269 4482 privato
2320 4391 2818 4482 inferior,iquod
2868 4398 3111 4472 accepta
3159 4391 3334 4472 regni
3377 4410 3550 4470 cura,
3604 4395 3812 4474 regale

423 4477 629 4570 egredi
677 4477 964 4570 palatium
999 4478 1054 4570 ei
1106 4479 1294 4542 nefas.
1331 4478 1521 4570 Secus
1557 4480 1761 4570 sitiat,
1797 4477 2099 4566 lapidibus
2146 4508 2180 4553 a
2211 4484 2429 4570 populo
2465 4480 2760 4544 obruitur.
2794 4479 2879 4544 Ita
2910 4482 3068 4544 enim
3101 4483 3414 4565 antiquum
3460 4482 3639 4565 jubet
3667 4503 3812 4548 ora-

424 4568 652 4632 culum.
684 4566 992 4630 Honorum
1024 4569 1202 4648 igitur
1233 4568 1560 4631 eminentia
1604 4569 1728 4633 illic
1762 4577 1990 4642 nociva.

504 4659 554 4724 E
578 4659 841 4722 virorum
876 4676 1127 4721 numero
1158 4659 1228 4721 ad
1265 4658 1380 4722 hoc
1412 4658 1712 4736 destinati,
1739 4670 1802 4724 ut
1833 4664 2058 4731 domun

2246 4670 2359 4727 Τῶν
2417 4663 2470 4720 δὲ
2530 4661 2729 4740 ἀνδρῶν
2787 4666 2834 4720 οἱ
2905 4663 3004 4738 μὲν
3062 4666 3474 4744 καταγινόμενοι
3545 4666 3676 4744 πρὸς
3747 4667 3812 4725 τὸ

427 4757 688 4825 servent,
722 4749 932 4828 exiguo
965 4747 1178 4811 fortius
1228 4767 1296 4810 se
1330 4755 1547 4828 gerunt
1589 4767 1764 4832 quam
1809 4752 2058 4820 feminae.

2159 4757 2303 4815 οἴκοι
2357 4754 2410 4798 97
2463 4752 2804 4833 ἐνδιατριϐειν
2862 4753 3038 4834 βραχύ
3096 4779 3148 4813 τι
3219 4758 3313 4813 τοῦ
3370 4755 3552 4822 θέλεος
3624 4755 3810 4834 γένους

428 4838 721 4902 Continuo
779 4857 1038 4920 namque
1094 4838 1213 4900 otio
1266 4838 1324 4900 in
1377 4839 1634 4902 feminas
1683 4841 2058 4920 degenerant

2159 4847 2521 4925 ὀλκιμώτερον
2577 4843 2818 4920 ἄγουσιν,
2879 4843 2980 4900 ὕπὸ
3024 4849 3123 4912 τῆς
3185 4847 3447 4925 συνεχοῦς
3511 4846 3812 4924 ἆπογυναιο

429 4931 638 4992 Creteri
663 4939 720 4993 et
749 4931 932 4994 rebus
953 4929 1186 4994 bellicis
1217 4928 1360 4992 dant
1390 4948 1660 5010 operam,
1690 4943 1749 4996 et
1781 4943 1959 4998 totam
1984 4956 2058 5000 re.

2158 4939 2405 5014 κούμενοι
2460 4933 2761 5012 ῥᾳστώνηςο
2795 4933 2844 4990 οἱ
2887 4931 2941 4988 δὲ
2989 4932 3142 4992 ἄλλοι
3173 4935 3240 4991 τά
3287 4957 3342 4992 τε
3371 4932 3428 4976 9⁸
3456 4936 3588 5015 πρὸς
3640 4934 3816 4993 πόλε-

430 5024 663 5097 gionem
687 5039 864 5097 opere
893 5033 1251 5094 exercent,et
1283 5024 1540 5083 colonias
1559 5027 1873 5087 deducunt.
1897 5031 2041 5104 Maio

2159 5048 2260 5104 μον
2310 5024 2574 5102 μελετῶσι
2609 5024 2697 5080 καὶ
2746 5032 2847 5090 τήν
2877 5021 3062 5102 χώραν
3121 5023 3333 5083 ἅπασαν
3386 5024 3692 5105 ἐργάζονται
3722 5034 3816 5093 καὶ

427 5129 561 5175 rum
585 5109 745 5175 enim
779 5110 1164 5176 schediarum
1195 5109 1657 5191 [navicularum
1686 5117 1992 5180 minorum
2021 5136 2058 5182 ei

2161 5114 2468 5174 στέλλουσιν
2535 5110 2630 5170 ἀπ’
2707 5112 2873 5180 οἰκίας
2933 5109 3010 5189 ³9,
3078 5127 3200 5181 ταῖς
3277 5117 3483 5192 μείζοσι
3536 5114 3813 5196 χρώμενοι

1733 5278 1992 5344 νΑΒΙᾸσ]
2041 5273 2486 5344 LECTIONES.

512 5381 578 5469 49_
597 5383 1066 5469 κατεγνωκώς-ς.
1148 5381 1205 5427 90
1234 5381 1289 5441 δέ
1320 5401 1442 5469 om.
1474 5383 1548 5448 Α.
1585 5386 1969 5469 ροείῌπληγήν
2000 5387 2169 5469 ponit
2197 5387 2281 5460 ς,
2363 5384 2415 5428 εί
2449 5384 2693 5469 δύνανται
2723 5385 2786 5460 ς·
2792 5432 2819 5469 ι
2832 5461 2846 5469 _
2879 5380 3222 5469 9_&Y_Ol’)¢ﬂ€]
3259 5382 3467 5469 malim
3495 5383 3813 5469 ἇραιούσής,

431 5461 752 5547 Diodorus
1063 5467 1520 5547 tﬁcguyxpfcewc
1553 5461 1658 5524 τῶν
1709 5461 1891 5546 ὄγκων
1915 5470 1986 5528 εἰς
2000 5461 2264 5547 ’ἀραίωμα
2313 5465 2707 5547 συναγομένης,
2794 5461 2853 5508 ἰ
2876 5464 2973 5547 δὴ]
3005 5461 3222 5547 δὲ-Αξ
3275 5463 3334 5510 ³⁸
3359 5461 3654 5547 ἀποφορᾶς
3681 5463 3817 5528 Sal-

437 5545 659 5628 masius
681 5543 1047 5628 ap.‘Sallier.
1070 5545 1146 5628 ad
1169 5543 1388 5610 Thum.
1410 5546 1563 5628 Mag.
1591 5566 1650 5627 p.
1677 5543 1824 5628 106.
1905 5547 1960 5592 95
1989 5543 2155 5614 σαϐᾶς
2184 5546 2267 5628 ς.
2337 5546 2402 5628 ιε
2424 5543 2493 5623 τῇ
2518 5579 2598 5593 -
2626 5545 2711 5624 τῇ]
2745 5543 3039 5628 ari-{nix
3069 5544 3136 5608 Β.
3175 5553 3234 5610 et
3263 5564 3418 5611 corr.
3453 5543 3553 5610 Α(
3597 5545 3654 5590 27
3682 5548 3815 5627 πρὸς

432 5630 494 5686 τὸ
521 5627 664 5688 οἴκοι
697 5625 1034 5709 ἐνδιατρίϐειν
1064 5627 1128 5692 in
1157 5644 1279 5707 mg.
1318 5626 1484 5710 ponit
1511 5625 1610 5691 Ᾱί
1669 5626 1724 5672 ³⁸
1751 5631 1816 5687 τά
1859 5631 1938 5708 τε]
1972 5629 2168 5693 πάντες
2197 5626 2272 5692 Α.
2354 5625 2409 5671 29
2437 5628 2536 5686 ἀπ’
2567 5628 2749 5706 οἰκίας]
2778 5626 2915 5690 libri
2948 5629 3220 5694 ἀποικίας,
