4008 6210
1569 317 1834 384 ΡΗΟΤΙΙ
1876 317 1970 382 ΡΑ

2063 316 2396 382 ιΙΑΒῦΗιΕ
2439 316 2558 381 CP.
3679 317 3763 383 72

383 319 456 386 7i

381 457 768 538 conspicitur,
802 454 995 537 usque
1023 455 1100 518 od
1130 455 1386 535 vigiliam
1429 455 1622 517 noctis
1654 455 1930 538 primam.
1966 458 1972 517 l

2063 455 2169 514 Αέν
2212 455 2264 512 δὲ
2298 460 2415 520 τοῖς
2475 453 2596 522 ἑξῆς
2631 454 2735 512 τῶν
2768 459 2956 530 μηνῶν
2998 452 3135 512 κατᾶ
3178 453 3360 533 λόγον.
3405 459 3520 512 Τῶν
3553 453 3600 510 δ’
3658 454 3769 511 ὂὶλ-

377 543 712 610 Posideone
741 546 1079 626 [Decembri
1100 545 1552 626 quodammodo
1574 547 1924 628 respondet]
1957 566 1972 608 ε

2113 544 2222 603 λων
2282 545 2515 623 ἀστέρων
2579 546 2625 601 οἱ
2683 544 2779 619 μὲν
2854 543 3123 613 πλάνητες
3201 543 3441 622 ἀόρατοι,
3503 545 3640 611 τινὲς
3710 543 3773 600 δὲ

377 637 704 700 secundam
758 655 984 717 usque:
1043 636 1340 698 eteadem
1390 635 1624 699 ratione
1676 637 1734 697 in
1797 648 1972 699 caeter

2113 649 2230 701 τοῖς
2289 635 2472 713 ὄγκοις
2505 634 2768 710 μείζονες,
2815 637 2864 692 οί
2894 633 2950 690 δὲ
2995 633 3112 692 οὐδὲ
3172 636 3308 691 κατά
3340 635 3461 698 τοὺς
3516 634 3770 712 ὕφεστῶ-

379 727 687 790 mensibus
713 726 1016 806 deinceps.
1052 725 1199 788 Tum
1235 726 1311 788 de
1351 726 1488 788 aliis
1517 727 1730 798 stellis,
1761 727 1972 790 erratic

2113 747 2207 788 τας
2263 727 2478 804 καιροὺς
2510 725 2603 786 τὰς
2633 722 2806 790 δὺσεις
2845 725 3152 798 ποιούμενοι
3207 725 3420 788 καὶτὰς
3482 722 3766 792 ἐπιτολάς.

375 837 495 879 non
523 817 832 880 videntur:
867 815 1173 877 nonnulla
1194 825 1392 878 autem
1419 815 1629 893 globos
1655 815 1874 878 habent
1895 836 1972 879 ma

2113 820 2214 871 Τοῦ
2272 813 2326 870 δὲ
2376 812 2526 881 ἡλίου
2577 815 2676 881 τὴν
2725 813 2946 892 ’έκιρασιν
2993 813 3194 878 ἕντοῖς
3249 813 3494 871 ἐπέκεινα
3550 813 3764 871 Πτολε-

367 907 559 986 jores.
586 905 733 968 Sunt
755 922 888 986 quae
911 923 1028 966 non
1053 914 1200 967 stata
1225 915 1283 968 et
1311 907 1577 983 legitima
1607 905 1721 968 sibi
1756 916 1972 988 tempm

2111 903 2305 978 μα’ίδος
2361 901 2491 960 ἰδίαν
2553 902 2768 981 λέγουσι
2824 905 2912 960 καὶ
2985 902 3464 982 παρηλλαγμένην,
3540 905 3766 981 Πρῶτον

371 996 444 1059 ad
479 995 875 1058 occidendum
911 993 1220 1058 vindicant
1249 1008 1310 1056 et
1345 995 1687 1059 oriendum.
1726 995 1968 1059 Peculia

2107 992 2206 1068 μὲν
2248 994 2347 1071 γὰρ
2379 996 2439 1051 οὗ
2497 993 2734 1070 καθάπερ
2785 991 2910 1071 παρ’
2968 995 3105 1068 ἡμῖν
3147 994 3260 1071 φῶς
3313 993 3534 1064 ἀνήλιον
3592 994 3760 1051 ἕωθεν

369 1086 546 1148 etiam
571 1084 882 1148 etdiverso
909 1095 1156 1147 narrant
1190 1085 1367 1148 modo
1393 1086 1581 1148 solem
1617 1085 1890 1148 exhiberi
1925 1087 1972 1148 ul

2105 1081 2316 1158 δρῶμεν
2343 1083 2429 1139 lini
2483 1082 2680 1162 χρόνον
2734 1083 2828 1139 οὒκ
2878 1081 3080 1162 ὀλίγον,
3117 1087 3239 1140 εἶτα
3299 1083 3400 1152 τὴν
3454 1083 3747 1152 ἀνατολὴν·

373 1184 458 1236 tra
490 1174 944 1238 Ptolemaidem.
973 1174 1173 1237 Primo
1197 1175 1407 1254 (aiunt)
1443 1194 1584 1252 non,
1609 1184 1673 1237 ut
1695 1174 1851 1257 apud
1883 1195 1972 1237 no:

2103 1170 2240 1228 ἀλλὰ
2300 1173 2484 1234 νυκτὸς
2535 1171 2748 1234 σκοτίας
2801 1173 3149 1252 ὑπαρχούσης
3206 1171 3453 1252 ἐξαίφνης
3503 1172 3752 1249 ἀνέλαμο

367 1263 563 1327 lucem
588 1265 816 1346 absque
837 1264 964 1326 sole
988 1283 1160 1326 mane
1191 1265 1493 1340 vident,ad
1511 1275 1747 1346 tempus
1780 1267 1972 1328 medio

2099 1265 2197 1337 ψεν
2255 1259 2432 1337 ἥλιος,
2488 1259 2664 1339 ἡμέρα
2719 1259 2774 1316 δὲ
2815 1259 3066 1318 οὒδέποτε
3125 1261 3328 1338 γίνεται
3381 1264 3558 1318 heros
3617 1267 3745 1339 πρὶν

366 1373 492 1431 cre,
518 1364 578 1416 et
603 1364 723 1417 tum
750 1354 990 1416 demum
1023 1353 1242 1419 sideris
1272 1366 1569 1432 exortum,
1595 1355 1698 1417 sed
1723 1374 1860 1417 cum
1894 1364 1972 1419 tot

2095 1351 2186 1407 τὸν
2244 1349 2395 1418 ἥλιον
2480 1349 2638 1412 ἰδεῖν.
2687 1351 2958 1428 Δεύτερον
3035 1353 3062 1407 ὁ
3120 1351 3272 1428 ᾔλιος
3346 1351 3744 1432 ἀναφερόμεδος

366 1444 651 1508 immersa
685 1443 949 1507 tenebris
977 1463 1091 1507 nox
1124 1446 1378 1520 transiit,
1405 1447 1689 1507 continuo
1720 1446 1810 1507 sol
1840 1446 1972 1508 atl'ul

2099 1441 2338 1520 φαίνεται
2395 1439 2455 1496 ἐκ
2488 1440 2650 1516 μέσου
2704 1449 2796 1498 τοῦ
2851 1440 3139 1518 πελάγους.
3202 1441 3426 1518 [Τρίτον]
3490 1457 3637 1499 ποιεῖ
3681 1445 3739 1500 δὲ

364 1542 485 1616 get,
519 1554 631 1597 nec
675 1551 934 1614 unquam
983 1533 1062 1596 ibi
1114 1535 1176 1595 lit
1229 1535 1380 1610 dies,
1425 1535 1767 1616 priusquam
1825 1544 1972 1598 totul

2097 1537 2252 1586 τοῦτο
2303 1527 2518 1607 ἄνθρακι
2551 1531 2650 1605 μὲν
2703 1529 2780 1587 ὢν
2808 1535 2914 1586 τῶν
2957 1527 3370 1606 πυρωδεστάτων
3415 1533 3736 1610 παρόμοιος,

364 1633 806 1706 conspexerunt
829 1623 1043 1688 solem.
1079 1623 1309 1687 Deinde
1339 1628 1424 1687 sol
1459 1644 1530 1688 ex
1574 1625 1772 1687 medio
1805 1624 1972 1705 pelag

2098 1621 2390 1695 σπινθῆρας
2449 1617 2504 1674 δὲ
2562 1618 2826 1698 μεγάλους
2889 1618 3247 1697 ἀπορρίπτων,
3317 1623 3437 1685 τοὺς
3510 1623 3608 1698 μὲν
3667 1625 3742 1688 εἷς

363 1714 695 1776 ascendere
716 1713 970 1776 videtur.
1007 1713 1206 1777 Tertio
1229 1716 1400 1777 oﬂ‘ert
1421 1731 1484 1776 se
1506 1714 1749 1778 carboni
1775 1715 1972 1794 ignitis

2063 1709 2186 1800 ιτὸν
2247 1708 2427 1781 κύκλῳ
2472 1711 2638 1765 τόπον
2691 1716 2782 1767 τοῦ
2839 1711 3180 1789 ιρωτίζοντος,
3236 1711 3358 1773 τοὺς
3415 1709 3468 1767 δὲ
3526 1713 3598 1779 είς
3644 1714 3738 1770 τὸν

362 1806 518 1868 simo
551 1805 900 1886 persimilis,
925 1812 983 1866 et
1005 1804 1261 1884 grandes
1295 1805 1527 1884 projicit
1557 1804 1867 1879 scintillas,
1893 1805 1971 1866 ali

2063 1797 2379 1874 ἀπωτερώ,
2428 1797 2751 1879 [Τέταρτον]
2805 1801 2983 1856 καὶτὸ
3035 1800 3228 1879 σχῆμα
3272 1797 3326 1856 δὲ
3383 1801 3444 1856 οὒ
3496 1799 3736 1859 δισκοει-

361 1913 508 1975 quas
533 1884 595 1956 in
620 1902 827 1957 orbem
854 1903 1071 1956 tractus
1093 1913 1125 1955 a
1157 1913 1220 1956 se
1243 1893 1538 1970 illustrati,
1569 1893 1799 1974 aliquas
1830 1894 1972 1955 etiar

2093 1884 2177 1951 δὲς
2212 1886 2360 1968 ἔχειν
2419 1891 2510 1945 τὸν
2555 1889 2708 1956 ἥλιόν
2760 1911 2942 1969 φασιν,
2973 1887 3110 1946 ἀ)λά
3167 1895 3301 1946 κίονι
3331 1904 3512 1970 παχεῖ
3567 1893 3632 1948 τὰ
3669 1915 3733 1970 γε

361 1985 771 2065 longinquius.
824 1983 1067 2056 Quarto,
1103 2002 1216 2048 nec
1249 1984 1335 2046 sol
1367 1984 1440 2046 ad
1473 1985 1620 2047 disci
1661 1985 1912 2046 formam
1944 2002 1972 2046 s

2092 1978 2275 2052 πρῶτα
2349 1977 2574 2058 ἐμφερῆ,
2644 1980 2832 2056 μικρὸν
2906 1975 3315 2056 ἐμϐριθέστερον
3379 1979 3564 2060 ἔχοντι
3633 1982 3736 2050 τὴν

358 2073 676 2149 habet,sed
701 2092 960 2136 crassam
984 2074 1168 2136 refert
1187 2075 1525 2136 columnam
1553 2074 1877 2155 principio,
1904 2095 1972 2138 cu

2086 2065 2192 2123 ἀπὺ
2245 2067 2351 2125 τῶν
2408 2067 2585 2146 ἀκρῶν
2642 2071 2976 2147 φαντασίαν,
3014 2069 3172 2126 οἱονεὶ
3227 2068 3496 2148 κεφαλῶν,
3553 2070 3729 2149 [Πέμ-

346 2163 448 2244 jus
489 2182 522 2225 a
549 2182 782 2225 summo
815 2162 1051 2244 species
1080 2163 1385 2244 aliquanto
1417 2164 1675 2244 plenior,
1707 2164 1878 2244 quasi
1908 2185 1972 2228 ca

2087 2157 2242 2234 πτον]
2273 2155 2348 2212 ἔτι
2378 2159 2549 2213 τοίνυν
2581 2155 2697 2214 οὔτε
2730 2157 2900 2236 αὐγὴν
2931 2155 3048 2214 οὔτε
3080 2158 3274 2215 ἀκτῖνα
3304 2158 3646 2235 ἀπολάμπειν
3676 2157 3734 2203 ³9

355 2262 482 2332 put,
514 2262 817 2335 appareat.
841 2243 1081 2327 Quinto,
1110 2243 1222 2314 nec
1245 2243 1447 2332 jubar,
1480 2271 1590 2316 nec
1612 2243 1841 2316 radium
1865 2256 1964 2318 ind

2089 2243 2357 2322 οὐδεμίαν,
2394 2246 2510 2302 οὔτε
2568 2246 2652 2302 ἐπὶ
2684 2246 2780 2314 τὴν
2845 2248 2943 2321 γῆν
2988 2245 3106 2303 οὔτε
3159 2246 3254 2304 ὲπῖ
3286 2248 3381 2314 τὴν
3435 2247 3730 2326 θάλατταν,

353 2333 770 2421 resplendere,
807 2353 923 2405 tam
957 2342 1020 2403 in
1072 2343 1220 2404 mari
1255 2361 1429 2423 quam
1465 2342 1525 2404 in
1581 2352 1763 2421 terra,
1801 2347 1968 2425 perhi

2088 2333 2189 2425 ἕως
2224 2336 2679 2425 νπρωτῖιςλῶρας,
2721 2335 2859 2425 ,ἀλλ’
2919 2336 3004 2393 ἐπὶ
3063 2337 3240 2393 σκότει
3299 2347 3400 2414 πῦρ
3455 2339 3728 2414 ἀλαμπὲς.

352 2430 519 2507 bent,
553 2451 742 2513 usque
789 2432 863 2494 ad
897 2433 1121 2494 exitum
1154 2421 1318 2494 horae.
1367 2439 1594 2513 primae,
1629 2433 1734 2496 sed
1766 2421 1972 2498 interim

2087 2421 2328 2502 δευτέρας
2387 2421 2434 2478 δ’
2476 2423 2828 2500 ἐνισταμένης
2887 2426 2948 2481 τὸ
3001 2425 3124 2483 ὅλον
3168 2425 3356 2505 ἄστρον
3411 2426 3727 2512 ἀναϐαῖνον,

354 2539 464 2584 ceu
489 2512 687 2601 ignem
713 2541 848 2584 esse
879 2540 998 2584 nen
1027 2521 1320 2595 lucidum,
1354 2512 1612 2600 caligine
1646 2523 1972 2588 involutum

2087 2512 2415 2576 ἆσπιδοειδὲς
2475 2515 2884 2594 καθιστάμενον,
2915 2521 3011 2572 τοῦ
3071 2517 3360 2595 σχήματος
3413 2519 3505 2573 τὸν
3560 2520 3724 2577 τύπον

357 2607 636 2673 Secunda
663 2621 861 2674 autem
893 2611 1064 2693 hora,
1087 2611 1253 2673 sidus
1286 2621 1473 2673 totum
1504 2613 1853 2686 ascendere,
1888 2615 1972 2695 cly

2084 2604 2264 2660 καὶτὸ
2307 2607 2417 2681 φῶς
2465 2603 2552 2659 ἐπί
2601 2625 2659 2659 τε
2693 2605 2793 2670 τὴν
2844 2605 2948 2682 γὴν
2991 2606 3080 2661 καὶ
3132 2605 3192 2661 τὰ
3223 2605 3458 2686 πέλαγος
3515 2609 3729 2685 βάλλει,

355 2700 454 2781 pei
480 2701 736 2781 elﬁgiem
768 2689 1303 2782 repraesentans,et
1327 2709 1505 2764 terra:
1526 2701 1798 2782 marique
1819 2689 1972 2766 4664

2085 2691 2248 2757 οὕτως
2303 2691 2502 2748 ἄτοπον
2547 2690 2692 2773 [748
2753 2689 2856 2770 H.[
2915 2697 3003 2750 καὶ
3047 2693 3372 2773 πυρῶδεςω
3421 2696 3556 2754 ὥστε
3615 2699 3735 2758 ἀκι-

355 2789 549 2854 lucem
599 2791 950 2863 immittere,
981 2799 1096 2854 tam
1146 2791 1508 2853 insolentem
1555 2800 1613 2854 et
1643 2791 1902 2872 igneam,
1938 2814 1972 2856 u

2080 2793 2203 2872 ιροτν
2288 2782 2610 2872 *νομίζεσθαι
2714 2787 3113 2872 παμμεγέσθεις
3197 2787 3290 2852 τὰς
3401 2785 3725 2866 ὑπερϐολὰς,

350 2881 661 2960 utriusque
691 2880 1076 2943 immodicam
1113 2899 1251 2942 esse
1284 2867 1752 2958 magnitudinem
1787 2867 1972 2946 existi-

2082 2867 2310 2951 [Εκτον]
2377 2873 2450 2934 εἷς
2510 2870 2566 2926 δὲ
2624 2874 2722 2942 τὴν
2779 2871 3007 2951 ἑσπέριν
3059 2873 3295 2932 ἐναντίον
3352 2877 3414 2933 τὸ
3469 2879 3590 2956 περὶ
3630 2880 3732 2937 τὸν

349 2969 855 3046 metur.Sexto,ad
882 2987 1158 3033 occasum
1187 2970 1488 3032 contrario
1509 2970 1786 3033 aﬁ‘ectum
1819 2975 1972 3034 mode

2079 2960 2235 3032 ἥλιον
2307 2961 2474 3025 πάθος
2535 2964 2689 3042 φασὶν
2755 2964 2996 3040 ὁρᾶσθαι·
3071 2962 3412 3032 ὑποδείξαντα
3471 2968 3571 3045 γὰρ
3642 2967 3733 3025 ὅτι

344 3057 534 3120 solem
569 3035 842 3140 conspici
872 3059 1190 3121 afﬁrmant.
1229 3062 1548 3137 Postquam
1573 3061 1731 3122 enim
1761 3061 1972 3124 demer

2079 3048 2256 3108 δέδυκε
2311 3052 2448 3108 κατὰ
2505 3035 2602 3119 της
2673 3035 2800 3130 γῆς,
2863 3055 2958 3110 οὐκ
3026 3052 3233 3110 ὶλάττω
3303 3035 3502 3136 χρόνον
3543 3035 3731 3136 ’ὡρῶν

341 3146 572 3210 sionem
599 3151 753 3210 intra
777 3158 996 3211 terram
1021 3148 1436 3224 ostendit,non
1460 3150 1804 3230 angustiore
1825 3151 1972 3214 dein

2075 3148 2236 3218 τριῶν
2279 3143 2416 3217 μετά
2469 3148 2633 3198 ταῦτα
2686 3142 2954 3221 φωτίζειν,
3009 3145 3066 3200 ὃν
3117 3145 3205 3200 καὶ
3269 3146 3533 3220 νομίζουσι
3592 3149 3725 3227 παρ’

341 3255 481 3319 ceps
503 3242 698 3320 spatio
733 3239 931 3302 tribus
953 3238 1360 3313 horis,lumen
1383 3246 1546 3302 retro
1577 3239 1783 3304 mittit.
1818 3239 1987 3314 Quod

338 3334 574 3410 tempus
600 3346 865 3412 vesperae
889 3328 1397 3410 jucundissimum
1428 3331 1588 3411 apud
1635 3347 1702 3394 se
1732 3348 1866 3393 esse
1892 3349 1987 3394 ar-

334 3415 656 3481 bitrantur.

468 3525 609 3590 CAP.
636 3524 754 3590 LII.
779 3560 856 3573 —
877 3527 965 3590 De
993 3527 1187 3590 maris
1220 3527 1838 3606 reciprocationibus.

409 3633 564 3697 Hinc
587 3642 896 3715 postquam
923 3633 1122 3697 varias
1141 3634 1636 3716 reciprocationis
1653 3655 1862 3702 causas
1881 3656 1982 3702 au-

327 3732 458 3787 ctor
475 3724 1183 3807 percensuit,omnesque
1205 3734 1270 3787 ut
1295 3743 1430 3804 qua:
1455 3726 1602 3788 nihil
1633 3727 1757 3790 veri
1780 3729 1978 3791 conti-

325 3816 612 3893 neant,im
622 3816 898 3899 probatas
915 3817 1442 3898 rejecit,deniceps
1465 3817 1837 3888 infert:Quod
1855 3820 1980 3882 haec

319 3912 492 3987 nugis
514 3916 884 3982 constent,et
905 3926 938 3968 a
961 3907 1185 3968 nullius
1207 3913 1295 3969 rei
1327 3906 1738 3986 veritate,qua3
1757 3908 1980 3970 recita-

318 3997 394 4060 tis
427 3997 782 4079 opituletur,
817 3997 940 4058 sint
989 3997 1331 4077 desumpta,
1366 4000 1608 4072 cognitu
1640 3995 1818 4059 facile
1862 4008 1975 4058 est.

314 4091 462 4150 Tum
501 4091 850 4163 quibusdam
881 4088 1011 4146 aliis
1045 4092 1105 4146 in
1143 4105 1270 4146 eam
1315 4087 1664 4146 sententiam
1705 4089 1969 4162 adjectis,

314 4176 524 4234 iterum
549 4173 907 4233 subdit:ldeo
930 4174 998 4231 de
1017 4188 1264 4232 recursu
1289 4173 1773 4246 maris,terraaque
1792 4182 1967 4242 motu,

313 4279 384 4322 ac
415 4259 610 4321 ventis
634 4269 692 4321 et
721 4257 1186 4372 fulminibus,'et
1213 4258 1271 4319 id
1305 4277 1494 4336 genus
1525 4259 1968 4337 universis,dis-
1990 4321 2033 4372 ο

314 4351 934 4437 putationem,quibus
958 4351 1232 4415 videlicet
1254 4353 1450 4415 causis
1482 4354 1737 4418 existant
1757 4375 1967 4419 conce-

316 4447 505 4505 dimus
527 4448 682 4514 aliis,
712 4449 808 4519 qui
831 4447 900 4503 ad
925 4446 1349 4518 expediendum
1373 4448 1479 4506 ista
1503 4463 1675 4521 quam
1699 4465 1805 4508 nos
1831 4459 1966 4508 sunt

314 4531 670 4613 paratiores.
704 4531 780 4592 At
803 4529 1178 4605 affectiones,
1213 4531 1427 4611 quibus
1451 4531 1780 4594 manifestae
1802 4533 1965 4594 cala-

312 4619 544 4682 mitates
573 4629 961 4701 generentur,
990 4620 1442 4698 exposuimus,a
1473 4621 1672 4700 gnaris
1695 4629 1754 4682 et
1783 4621 1966 4684 intel-

197 4701 204 4706 ’
310 4709 632 4790 ligentibus
667 4719 962 4791 acceptas.
991 4709 1431 4773 Verisimiliora
1453 4720 1654 4772 autem
1688 4710 1852 4773 hisce
1874 4712 1968 4773 in-

309 4801 537 4877 venire,
571 4801 644 4864 ad
692 4809 1114 4880 argumentum
1169 4800 1414 4882 quidem
1462 4800 1752 4875 insolens,
1787 4803 1964 4863 enixe

2073 3233 2256 3296 αὒτοτς
2287 3231 2469 3310 καιρὸν
2503 3231 2648 3289 εἶναι
2677 3237 2775 3301 τῆς
2806 3231 3008 3311 ἡμέρας
3034 3233 3126 3291 τὸν
3155 3233 3390 3302 ἥδιστον.

2625 3522 2748 3601 Περὶ
2803 3520 3131 3596 ἀμπώτεων.

2143 3634 2266 3697 ’Ὁτι
2320 3637 2481 3695 εἰπὼν
2534 3640 2651 3711 περὶ
2706 3639 3011 3714 ἀμπώτεων
3043 3643 3071 3698 ὁ
3127 3641 3454 3723 συγγραφεὺς
3509 3639 3710 3723 διαφόο

2063 3751 2182 3805 ρους
2239 3728 2435 3801 αἰτίας,
2491 3728 2588 3785 καῖ
2647 3729 2823 3792 πασας
2882 3731 2957 3794 ὡς
3011 3729 3158 3788 οὐδὲν
3213 3732 3444 3812 ἐχούσας
3507 3731 3713 3801 ἀληθὲς

2062 3815 2464 3893 ἀποδοκιμάσας
2493 3815 2569 3894 δί,
2605 3818 2817 3897 ἐπάγει·
2851 3819 2975 3878 "Ott
3005 3818 3060 3876 δὲ
3117 3823 3281 3878 ταὺτα
3314 3822 3486 3879 πάντα
3514 3821 3714 3879 λαλιὰν

2063 3905 2160 3979 μὲν
2217 3903 2334 3986 ἔχει
2366 3912 2520 3984 σιγᾷν
2565 3908 2984 3987 αἰσχυνομένην,
3017 3909 3333 3990 πράγματος
3379 3909 3434 3967 δὲ
3493 3909 3711 3978 οὐδενὸς

2061 3993 2411 4061 ἀντείληπται
2493 3997 2740 4073 βοήθειαι
2825 3997 3118 4075 δυναμένου
3206 4015 3322 4065 τοῖς
3407 4000 3712 4077 εἰρημένοις

2054 4099 2384 4165 παρασχεῖν,
2420 4086 2636 4166 εὐχερές
2688 4087 2799 4144 ἐστι
2857 4093 3076 4165 μαθεῖν,
3132 4095 3267 4149 Εἶτα
3320 4093 3560 4171 προσθεὶς
3613 4095 3712 4150 καὶ

2052 4173 2207 4252 ἕτερα
2264 4180 2362 4242 τῆς
2422 4177 2582 4243 αοόεῆς
2644 4176 2845 4242 ἑννοίας
2900 4179 3162 4260 ἐχόμενα,
3221 4181 3382 4238 πάλιν
3437 4179 3703 4262 ἐπιφέρει·

2056 4266 2149 4321 Διὸ
2207 4266 2326 4341 περὶ
2384 4265 2481 4341 μὲν
2526 4266 2834 4342 ἀμπώτιδος
2881 4272 2976 4326 παὶ
3032 4271 3262 4347 σεισμοῦ
3308 4272 3397 4328 καὶ
3451 4272 3703 4348 πνευμά-

2048 4377 2154 4412 των
2211 4358 2301 4412 καὶ
2355 4362 2620 4434 κεραυνῶν
2677 4360 2768 4416 καὶ
2822 4380 2930 4416 των
2980 4361 3234 4418 τοιούτων
3295 4362 3541 4419 ἁπάντων
3598 4362 3704 4428 τὰς

2049 4446 2149 4522 μὲν
2219 4446 2410 4527 αἰτίας,
2487 4443 2555 4502 δι’
2619 4452 2686 4516 ἧς
2757 4450 2981 4530 γίνεται,
3056 4459 3488 4531 παραχωροῦμεν
3567 4465 3699 4518 τοῖς

2050 4535 2382 4615 ἑτοιμότερον
2440 4535 2624 4616 ἔχουσι
2653 4539 2782 4617 πρὸς
2832 4537 3074 4596 εὐκολίαν
3102 4543 3279 4615 ἡμῶν⁹
3336 4543 3403 4598 τὰ
3433 4539 3488 4597 δὲ
3545 4543 3694 4611 πάθη

2047 4627 2112 4681 τὰ
2159 4631 2428 4705 γεννῶντα
2458 4628 2553 4692 τὰς
2615 4642 2908 4708 προφανεϊς
2957 4631 3231 4710 συμφορὰς
3283 4630 3691 4708 δεδηλώκαμεν,

2047 4713 2304 4790 μαθόντες
2362 4716 2504 4794 παρά
2561 4723 2666 4773 τῶν
2724 4717 2961 4782 εἰδότων,
3023 4721 3292 4798 Εὑρίσκειν
3349 4719 3404 4777 δὲ
3455 4722 3693 4779 πιθανώ-

2044 4826 2168 4882 τερα
2226 4805 2422 4862 τούτων
2455 4807 2527 4868 εἰς
2588 4807 2684 4881 μὲν
2715 4808 2960 4865 ὑπόθεσιν
3018 4808 3309 4887 παράδοξον
3365 4810 3688 4891 φιλοτιμού-

307 4889 606 4969 cupimus,
641 4890 746 4952 sed
781 4890 854 4951 ad
887 4908 1042 4951 verae
1072 4890 1512 4970 possessionem
1545 4889 1812 4952 historiae
1843 4891 1956 4954 tale

2063 4898 2194 4965 ιεθα,
2257 4897 2486 4974 ἱστορίαν
2549 4893 2604 4951 δὲ
2661 4896 3096 4978 ἀπαγγέλλοντες
3152 4889 3412 4970 ἀληθινὴν
3469 4901 3566 4960 οὐκ
3621 4900 3691 4958 ἂν

305 4979 587 5062 quiddam
621 4998 654 5041 a
687 4979 864 5043 nobis
893 4979 1124 5042 admitti
1155 4998 1273 5040 non
1307 4988 1519 5059 potest.

383 5072 525 5133 CAP.
560 5068 707 5135 LIII.
756 5070 841 5132 De
891 5069 1076 5133 olivis
1106 5075 1163 5132 et
1211 5069 1391 5132 Isidis
1420 5071 1649 5152 capita.
1704 5071 1770 5133 In
1803 5069 1954 5134 freto

2036 4984 2440 5060 ὑπομείναιμεν.

2117 5074 2239 5132 Ὀτι
2296 5077 2353 5131 ιν
2405 5081 2480 5149 τῷ
2532 5077 2901 5159 προειρημένῳ
2977 5082 3154 5162 πόρω,
3204 5080 3367 5163 φησί,
3417 5081 3536 5162 περὶ
3590 5081 3692 5148 τὰς

306 5177 487 5242 supra
518 5167 848 5222 memorato
875 5160 1030 5222 circa
1071 5159 1255 5222 olivas
1280 5179 1499 5223 novum
1534 5161 1648 5223 hoc
1677 5159 1957 5224 accidere

2064 5163 2217 5229 λαίας
2285 5165 2526 5225 τοιοῦτόν
2581 5189 2640 5226 τι
2710 5169 2857 5235 ξένον
2925 5159 3229 5248 συμϐαίνει,
3303 5159 3688 5252 Πλημμυρίδος

303 5247 506 5314 tradit.
540 5249 714 5315 Estu
738 5249 916 5314 maris
942 5248 1305 5328 exundante,
1335 5267 1545 5315 omnes
1575 5256 1952 5332 operiuntur,

2063 5256 2384 5337 νπαρχούσης
2423 5263 2590 5316 πᾶσαι
2612 5257 3012 5343 -καλύπτονται,
3047 5263 3146 5332 τῆς
3208 5260 3254 5320 δ’
3285 5247 3590 5340 ἀμπώτεως
3617 5260 3690 5313 4³

1626 5464 1890 5530 VARUE
1930 5464 2344 5536 LECTIONES

372 5645 427 5692 ³9
454 5643 765 5726 ἀπολάμπει
809 5649 877 5712 Β.
962 5643 1018 5692 ‘3
1058 5642 1315 5726 ωρῤὦδις
1347 5648 1430 5725 ς.
1516 5643 1568 5694 δι
1615 5646 1754 5712 libri
1787 5646 2217 5727 ἀποδοκιμήσας.
2299 5649 2358 5696 η
2384 5652 2708 5723 ἀναπῶτεως
2740 5655 2783 5716 Β
2817 5672 2832 5716 :
2881 5653 2958 5720 cf.
2991 5653 3156 5719 459α
3187 5654 3293 5722 24.
