4008 6210
495 340 573 408 ’75
1680 340 1945 407 PHOTII
1987 340 2505 407 PATRIARCH/E
2547 342 2664 407 GP.
3783 342 3862 407 76

1176 477 1280 540 Ea:
1308 477 1355 539 Α
1365 476 1798 556 gatharchide,
1833 477 1995 558 apud
2024 476 2299 539 eumdem
2329 478 2717 552 Athenaeum,
2754 477 2911 540 libro
2941 484 3176 541 octavo.

574 585 1046 665 Agatharcbides
1075 583 1227 645 libro
1261 582 1494 645 decimo
1527 592 1690 646 sexto
1730 601 1931 645 rerum
1965 584 2223 663 Europae
2249 583 2480 659 scribit,
2515 583 2741 663 Magan,
2777 584 2880 665 qui
2923 584 3190 663 regnavit
3215 600 3409 645 annos
3438 583 3871 665 quinquaginta

493 673 903 756 Cyrenis,cum
930 673 1104 736 bellis
1131 692 1249 735 non
1273 681 1669 754 occuparetur
1693 682 1752 735 et
1773 674 1916 736 luxu
1945 672 2272 748 difﬂueret,
2298 672 2597 735 immensa
2617 674 2819 737 carnis
2841 673 2999 736 mole
3022 683 3259 737 auctum
3284 674 3492 754 fuisse,
3509 682 3575 736 ut
3596 672 3713 734 sub
3740 673 3874 734 vitai

492 764 672 826 finem
696 763 1068 844 prodigiosus
1085 771 1242 825 esset
1264 764 1534 845 corporis
1559 771 1778 826 tumor:
1799 762 2159 843 tandemque
2187 762 2573 843 pinguedinis
2594 764 2764 844 c0pia
2788 763 3442 846 exanimatum,partim
3468 761 3545 824 ob
3569 761 3869 841 ignaviam

492 861 551 915 et
570 854 905 932 segnitiem,
915 855 1125 933 partim
1147 850 1222 914 ob
1244 852 1567 930 ingluviem
1594 861 1652 914 et
1674 851 1916 914 nimiam
1941 851 2059 913 cibi
2080 852 2484 915 voracitatem.
2500 851 2660 914 Idem
2686 852 2897 915 scribit
2917 852 3073 914 libro
3096 853 3396 932 vigesimo
3416 850 3871 933 septimo,apud

488 942 975 1005 Lacedaemonios
998 941 1234 1021 insigne
1256 940 1539 1023 probrum
1563 942 1774 1019 fuisse,
1804 943 1855 1004 si
1882 941 1978 1005 cui
2005 941 2201 1002 minus
2233 950 2391 1004 esset
2410 941 2599 1004 virilis
2631 942 2846 1017 forma,
2871 950 2971 1003 aut
2998 942 3269 1024 corporis
3301 951 3502 1004 tumor
3532 942 3593 1002 in
3624 940 3869 1021 aquali-

486 1030 685 1093 culum
708 1030 1007 1111 projectus
1030 1038 1088 1092 et
1110 1050 1441 1112 propensus
1463 1032 2084 1112 conspiceretur,cum
2108 1030 2340 1093 decimo
2365 1050 2605 1114 quoque
2638 1033 2733 1094 die
2756 1032 2949 1094 nudos
2972 1050 3037 1094 se
3060 1034 3312 1111 juvenes
3332 1032 3577 1113 ephoris
3599 1039 3873 1093 contem-

487 1122 736 1201 plandos
766 1121 1067 1196 sisterent,
1099 1121 1197 1202 qui
1222 1131 1278 1183 et
1294 1122 1583 1201 juvenum
1617 1122 1886 1203 quotidie
1911 1132 2030 1183 tum
2059 1121 2302 1202 cubilia,
2334 1130 2459 1183 tum
2491 1123 2765 1184 vestitum
2800 1119 3216 1195 observabant,
3252 1132 3311 1185 et
3344 1122 3559 1184 merito
3589 1120 3865 1202 quidem,

483 1211 764 1294 quoniam
801 1210 1228 1272 Lacedaemone
1258 1216 1360 1291 qui
1389 1230 1629 1274 carnem
1663 1212 1737 1273 ad
1771 1212 2088 1275 obsonium
2116 1221 2545 1293 praepararent,
2582 1214 2846 1287 fuerunt,
2867 1212 3115 1274 aliarum
3152 1222 3439 1293 praeterea
3469 1210 3864 1292 cupediarum

478 1301 825 1364 nihilidem
848 1310 1052 1361 auctor
1073 1299 1226 1362 libro
1252 1302 1533 1380 vigesimo
1558 1302 1814 1381 septimo
1842 1302 2019 1364 tradit
2050 1302 2443 1366 Naucleidem
2479 1302 2811 1383 Polybiadis
2844 1301 3035 1363 ﬁlium
3061 1320 3239 1383 supra
3273 1301 3513 1363 modum
3539 1298 3861 1381 corpulen-

483 1401 605 1452 tum
631 1400 687 1454 et
707 1390 784 1452 ob
818 1390 1064 1452 delicias
1085 1408 1378 1472 crassum,
1399 1410 1433 1453 a
1464 1392 1934 1454 Lacedaemoniis
1959 1392 2019 1453 in
2054 1392 2311 1454 mediam
2338 1393 2692 1455 concionem
2721 1393 3076 1473 productum
3109 1391 3319 1466 fuisse,
3342 1399 3400 1453 et
3424 1389 3666 1469 publice
3686 1409 3721 1452 a
3744 1388 3859 1470 Ly-

478 1480 698 1544 sandro
730 1478 948 1541 acerbe
970 1479 1350 1559 objurgatum
1374 1489 1440 1543 ut
1467 1481 1928 1563 voluptuarium,
1965 1481 2400 1563 minimumque
2425 1481 2713 1554 abfuisse,
2745 1480 2891 1563 quin
2920 1480 2983 1543 in
3015 1480 3290 1544 exsilium
3324 1490 3631 1558 ageretur,
3666 1479 3854 1559 idque

475 1574 740 1635 futurum
788 1569 1091 1630 minitalos
1121 1568 1627 1648 Lacedaemonios,
1664 1571 1778 1631 nisi
1827 1572 2002 1632 vitam
2035 1571 2407 1650 corrigeret:
2447 1571 2935 1654 Lysandrumque
2983 1579 3108 1632 tum
3142 1570 3435 1633 recitasse
3477 1570 3848 1649 Agesilaum,

476 1681 613 1724 cum
662 1658 735 1721 ad
768 1658 1219 1740 Hellespontum
1266 1659 1553 1721 barbaros
1585 1660 1742 1722 bello
1795 1669 2121 1741 premeret,
2156 1660 2452 1722 Asiaticos
2507 1660 2783 1723 homines
2813 1660 3175 1741 sumptuosis
3205 1660 3371 1722 stolis
3413 1660 3708 1738 excultos,
3740 1659 3853 1719 sed

474 1750 747 1815 imbelles
772 1758 831 1811 et
874 1749 1119 1811 inutiles
1149 1750 1505 1830 corporibus
1532 1768 1662 1812 esSe
1688 1750 2047 1824 intueretur,
2073 1750 2336 1830 captivos
2366 1770 2577 1812 omnes
2592 1750 2852 1829 jussisse
2882 1749 3146 1813 vestibus
3171 1758 3379 1812 exutos
3408 1750 3481 1813 ad
3507 1765 3854 1830 praeconem

472 1841 635 1917 duci,
670 1841 769 1921 qui
818 1841 1059 1902 venales
1097 1840 1493 1920 prmdicaret:
1546 1840 1898 1902 indumenta
1931 1859 2066 1901 vero
2121 1858 2394 1902 seorsum
2438 1840 2641 1917 vendi,
2685 1848 2752 1903 ut
2803 1840 2949 1902 socii
3000 1849 3060 1901 et
3098 1840 3369 1902 fmderati
3418 1844 3859 1920 cognoscerent

470 1931 856 2013 praemiorum
906 1930 1102 2010 ampla
1130 1948 1239 2009 spe
1286 1931 1572 1993 adversus
1605 1928 1882 1993 homines
1915 1929 2063 1992 nihil
2099 1929 2322 1993 bellum
2354 1939 2699 2011 susceptum
2751 1949 2912 2005 esse,
2947 1931 3209 2011 ideoque
3236 1931 3437 1993 animo
3470 1929 3859 2012 promptiore

471 2029 533 2085 et
562 2020 853 2084 alacriore
881 2039 1016 2083 cum
1054 2019 1325 2082 hostibus
1354 2020 1743 2083 dimicarent.

1308 2126 1410 2189 Ex
1438 2126 1907 2206 Agatharchide,
1943 2127 2106 2208 apud
2138 2126 2414 2190 eumdem
2446 2126 2833 2191 Athenaeum.
2884 2144 3001 2190 xiv.

546 2222 720 2286 Sidas
750 2242 783 2286 a
811 2222 1033 2286 Bmotis
1058 2221 1283 2284 Punica
1308 2221 1853 2295 nominari,scribit
1876 2221 2350 2298 Agatharchides
2374 2223 2529 2285 libro
2553 2223 2788 2285 decimo
2820 2242 2978 2285 nono
3016 2223 3478 2304 Europicornm,
3506 2221 3605 2284 his
3618 2220 3846 2284 verbis:

465 2314 865 2378 Athenienses
891 2332 1024 2375 cum
1048 2312 1267 2375 Bmotis
1290 2311 1365 2373 de
1388 2313 1657 2391 regionis
1681 2311 1901 2373 finibus
1924 2311 2445 2393 litigabant,quam
2478 2312 2649 2375 Sidas
2680 2313 3005 2393 appellant.
3039 2312 3480 2394 Epaminondas
3508 2311 3567 2374 in
3592 2330 3662 2374 ea
3692 2330 3849 2373 con-

464 2410 754 2465 troversia
786 2411 983 2482 partes
1011 2420 1148 2463 suas
1179 2400 1534 2473 defendens,
1556 2401 1942 2482 allegansque
1969 2402 2109 2481 jura
2139 2420 2268 2477 sua,
2304 2403 2499 2464 statim
2534 2420 2568 2464 e
2597 2402 2839 2464 sinistra
2868 2421 3071 2478 manu,
3110 2403 3266 2484 quod
3299 2402 3561 2465 ocultum
3595 2398 3850 2481 gerebat

466 2492 987 2573 punicum,dextra
1009 2492 1276 2571 coapit,et
1304 2491 1710 2553 Athenienses
1732 2493 2102 2573 rogavit,quo
2130 2491 2371 2554 nomine
2394 2501 2696 2555 vocarent.
2730 2492 3453 2571 ReSponderuntilli,pdav
3485 2508 3621 2554 sese
3650 2491 3848 2552 nomi-

464 2601 629 2645 nare:
665 2584 745 2645 At
774 2600 904 2655 nos,
930 2579 1348 2663 inquit,Sidan
1373 2581 1770 2660 appellamus.
1797 2582 1863 2641 In
1883 2600 1953 2642 eo
1986 2589 2175 2644 tractu
2200 2581 2275 2643 de
2299 2600 2416 2662 quo
2447 2580 2557 2642 fuit
2582 2584 2909 2662 contentio,
2942 2582 3215 2662 plurimae
3245 2590 3384 2645 sunt
3406 2580 3545 2643 mali
3576 2580 3840 2663 punicae,

461 2672 727 2753 indeque
750 2670 1048 2753 principio
1080 2688 1302 2733 nomen
1334 2678 1425 2732 est
1456 2669 1737 2735 inditum.
1774 2669 1873 2732 Sic
1903 2667 2348 2752 Epaminondas
2378 2688 2613 2733 causam
2647 2670 2925 2733 obtinuit.
3492 2670 3495 2673 ’

1302 2776 1407 2841 Ex
1436 2776 1919 2859 Agatharcht'de,
1963 2779 2129 2856 apud
2173 2776 2595 2853 Plutarchum,
2630 2777 2981 2842 Purallelis.

541 2872 771 2938 Xerxes
791 2889 994 2939 109999
1024 2870 1337 2935 hominum
1369 2872 1633 2934 exercitu
1670 2875 2024 2948 instructus,
2058 2873 2130 2935 ad
2154 2872 2548 2935 Artemisium
2580 2873 2831 2953 appulit,
2866 2873 3118 2955 ejusque
3147 2872 3414 2952 regionis
3446 2871 3678 2935 incolas
3712 2880 3844 2935 tum

459 2964 703 3027 hostilia
722 2964 827 3027 abs
852 2982 917 3027 se
939 2971 1283 3044 exspectare
1294 2962 1497 3042 jussit.
1524 2960 1948 3036 Athenienses,
1976 2962 2351 3025 conturbatis
2373 2963 2616 3035 animis,
2642 2962 2980 3042 Agesilaum
3009 2962 3433 3026 Themistoclis
3448 2964 3693 3025 fratrem
3718 2963 3845 3024 mi-

456 3072 593 3117 sere
608 3055 1370 3135 exploratum,quamquam
1398 3060 1565 3132 pater
1586 3050 1716 3131 ejus
1732 3048 1985 3113 Neocles
2010 3054 2068 3113 in
2091 3052 2320 3113 somnis
2336 3051 2581 3114 vidisset
2608 3052 2774 3113 illum
2795 3051 3085 3114 ambabus
3109 3062 3442 3115 truncatum
3465 3051 3746 3115 manibus
3763 3055 3847 3115 .ls

456 3144 768 3224 Agesélaus
789 3144 890 3205 ubi
912 3144 1181 3224 pervenit
1202 3141 1407 3204 habitu
1430 3140 1673 3204 Persico
1697 3140 1769 3201 ad
1796 3140 2498 3223 barbaros,Mardonium
2528 3142 2846 3222 quemdam
2866 3140 2942 3203 de
2964 3142 3129 3222 regis
3166 3140 3849 3224 stipatoribus,Xerxem

455 3244 624 3297 ratus
654 3253 806 3309 esse,
834 3233 1153 3314 interfecit,
1186 3232 1849 3312 comprehensusque‘a
1875 3230 2427 3305 circumstantibus,
2454 3231 2688 3294 vinctus
2718 3231 2793 3293 ad
2824 3250 3027 3310 regem
3062 3239 3152 3294 est
3176 3232 3492 3295 adductus.
3519 3234 3680 3295 Bove
3710 3242 3844 3296 tum

461 3323 732 3386 litaturus
762 3334 889 3386 erat
916 3341 1023 3386 rex
1055 3323 1126 3385 ad
1158 3341 1318 3384 aram
1346 3320 1520 3383 Solis.
1555 3320 1639 3383 lbi
1672 3320 1991 3399 Agesilaus
2020 3321 2142 3400 igni
2171 3320 2233 3381 in
2255 3340 2358 3382 ara
2389 3326 2665 3401 excitato,
2692 3320 2958 3383 dextram
2995 3322 3278 3403 imposuit
3303 3341 3564 3398 manum,
3598 3324 3847 3386 crucia-

456 3422 701 3494 tumque
733 3414 957 3494 absque
988 3414 1108 3475 ullo
1133 3411 1379 3493 pertulit
1407 3411 1663 3489 gemitu.
1700 3411 1970 3473 Vinculi:
2004 3411 2258 3490 proinde
2289 3410 2522 3473 solutus
2554 3411 2696 3474 dixit
2735 3428 2749 3473 :
2797 3409 2974 3474 Tales
3004 3422 3145 3474 sunt
3172 3431 3383 3475 omnes
3410 3412 3845 3478 Athenienses:

454 3505 612 3585 quod
649 3504 700 3565 si
735 3523 849 3565 non
882 3502 1100 3577 credis,
1134 3503 1312 3564 etiam
1344 3500 1646 3563 sinistram
1683 3501 2050 3581 imposuero.
2110 3499 2364 3577 Xerxes,
2402 3510 2562 3563 metu
2593 3510 2906 3582 concepto,
2943 3502 3003 3563 in
3040 3502 3313 3564 custodia
3342 3520 3477 3566 eum
3520 3502 3704 3581 jussit
3733 3520 3843 3564 as-

450 3594 695 3658 servari.
729 3592 998 3656 Narratio
1031 3603 1120 3654 est
1151 3591 1603 3673 Agatharchidze
1633 3592 1837 3666 Samii,
1879 3591 2033 3653 libro
2071 3592 2444 3655 Persicarum
2479 3609 2682 3652 rerum
2716 3592 3005 3653 secundo.

858 3702 957 3765 Ea:
988 3700 1455 3783 Agatharcht’dc,
1486 3700 1649 3780 apud
1693 3700 1973 3762 eumdem
2008 3699 2438 3772 Plutarchum,
2473 3697 2758 3779 Sympos.
2792 3698 2898 3761 lib.
2946 3716 3072 3773 VIII,
3106 3709 3315 3781 quaest.
3352 3716 3431 3763 Ix.

534 3800 705 3865 Circa
732 3797 998 3862 Rubrum
1030 3816 1169 3859 vero
1205 3815 1367 3860 mare
1392 3795 1651 3876 correpti
1679 3798 1766 3875 (ut
1794 3794 2274 3874 Agatharchides
2330 3796 2556 3873 narrat)
2586 3813 2719 3857 cum
2776 3795 2909 3857 aliis
2938 3796 3218 3859 inauditis
3247 3794 3664 3859 accidentibus
3691 3808 3843 3861 sunt

447 3890 797 3963 vexati,tum
829 3906 1051 3967 angues
1075 3886 1273 3965 exigui
1301 3886 1423 3948 nati
1454 3894 1616 3957 sunt,
1649 3884 1752 3965 qui
1786 3882 2041 3945 exsertis
2071 3883 2367 3963 capitibus
2394 3902 2569 3946 crura
2598 3892 2657 3946 et
2684 3883 2933 3947 brachia
2963 3885 3307 3967 perderent,
3331 3895 3390 3948 et
3421 3884 3557 3948 tacti
3585 3905 3837 3949 rursum

449 3998 692 4043 carnem
725 3976 1018 4050 subirent,
1053 3994 1122 4037 ac
1154 3992 1260 4054 per
1294 3974 1632 4036 musculosa
1663 3978 1997 4052 serpentes,
2032 3970 2573 4036 inﬂammationum
2607 3973 2722 4035 vim
2769 3974 3212 4038 intolerabilem
3248 3976 3602 4041 excitarent.
3639 3976 3839 4058 quue

450 4066 646 4131 morbi
678 4083 866 4145 genus
896 4065 1059 4146 prius
1086 4072 1187 4125 aut
1215 4062 1506 4143 posterius
1532 4060 1670 4123 ullis
1701 4060 1834 4123 aliis
1866 4061 2175 4140 obtigisse,
2207 4080 2385 4127 nemo
2416 4063 2738 4146 comperit,
2775 4072 2836 4127 ut
2868 4072 2928 4126 et
2956 4064 3144 4127 multa
3170 4065 3310 4130 alia.

1182 4168 1366 4232 CCLI.
2115 4177 2156 4229 A
2894 4173 3081 4237 mw.

817 4261 1130 4325 Hierocles
1163 4262 1253 4322 De
1297 4259 1729 4325 Providentia.

2564 4260 2889 4340 Ἱεροκλέους
2919 4265 2947 4320 ὁ
2981 4263 3108 4341 περί
3153 4264 3431 4342 Προνοίας.

526 4353 668 4433 Legi
689 4352 984 4416 Hieroclis
1017 4351 1238 4414 librum
1263 4352 1349 4413 De
1382 4352 1804 4415 Providentia.
1833 4349 1969 4424 Cur,
2003 4349 2091 4413 in-

2258 4348 2433 4429 [1380
2460 4349 2569 4433 3.]
2602 4344 3299 4430 ’Δνετνώσθηνιεροκλὲους
3332 4356 3359 4412 ὁ
3390 4355 3510 4427 περὶ
3544 4357 3832 4432 Προνοίας,

446 4444 601 4527 quit,
635 4445 763 4507 haec
815 4441 924 4504 tibi
968 4441 1208 4520 colligo,
1244 4439 1482 4522 quando
1506 4439 1794 4503 Platonici
1848 4440 2026 4523 quida

2254 4443 2275 4498 χὶ
2317 4443 2389 4515 τί,
2449 4442 2605 4523 φησὶ,
2667 4440 2948 4521 καταλίγω
3010 4464 3093 4499 σοι
3137 4443 3380 4517 τούτους,
3438 4442 3572 4503 ὅπου
3616 4464 3679 4521 γε
3740 4442 3837 4501 καὶ

447 4553 569 4598 non
599 4542 827 4596 rectam
851 4532 926 4592 de
950 4531 1259 4593 conditore
1282 4528 1401 4593 Deo
1425 4529 1766 4610 opinionem
1796 4540 2030 4594 tuentur

2253 4554 2278 4586 v
2312 4530 2670 4589 Πλατωνικῶν
2698 4552 2839 4597 τινες
2872 4536 2967 4591 οὒκ
2993 4532 3154 4611 ὀρθὴν
3182 4534 3281 4601 τὴν
3305 4534 3424 4612 περὶ
3453 4540 3547 4590 τοῦ
3570 4531 3836 4611 δημιουρ-

444 4622 579 4689 Non
628 4623 788 4687 enim
820 4621 963 4683 satis
1009 4638 1183 4700 posse
1232 4620 1418 4682 Deum
1453 4619 1750 4683 sustinere
1800 4621 2024 4681 mundu

2249 4628 2265 4678 3
2321 4624 2450 4678 Θεοῦ
2492 4619 2837 4691 διασώζουσιν
2877 4620 3123 4697 ἔννοιαν;
3182 4623 3241 4680 οὐ
3293 4623 3394 4702 γὰρ
3440 4623 3620 4680 ἱκανὸν
3663 4623 3832 4681 αὑτὸν

446 4716 688 4797 propria
722 4712 941 4775 virtute
972 4720 1029 4772 et
1060 4709 1351 4790 sapientia
1381 4708 1453 4770 ab
1493 4717 1715 4771 reterno
1738 4719 2025 4789 operante

2244 4733 2315 4767 ut
2375 4712 2631 4785 ᾠήθησαν
2675 4710 2971 4777 αὒτοτελῶς
3015 4714 3311 4779 ὑποστῆναι
3404 4710 3645 4769 δύνασθαι
3715 4714 3827 4770 κό-

445 4814 754 4887 putarunt.
783 4802 900 4866 Sed
942 4797 1667 4882 cooperationeingenitaa
1713 4800 1996 4875 materiae,

2242 4826 2306 4859 ,ιιν
2364 4802 2531 4874 οἰκείᾳ
2571 4799 2788 4877 δυνάμει
2830 4806 2916 4859 καὶ
2965 4804 3123 4882 σοφίᾳ
3152 4800 3205 4868 ἐξ
3248 4800 3420 4861 ἀϊδίου
3479 4801 3825 4881 ἔνεργοῦντα,

445 4906 659 4958 natura
704 4894 778 4957 ab
826 4912 896 4956 eo
947 4911 1067 4954 non
1120 4890 1526 4971 dependente,
1576 4897 1843 4951 utentem
1895 4888 2026 4951 solu

2245 4889 2292 4947 λ’
2325 4890 2589 4969 ἆγενήτοδ
2618 4890 2681 4941 50
2719 4890 2853 4961 ὕλης
2881 4894 3126 4972 συνεργίᾳ
3154 4894 3241 4949 καὶ
3269 4900 3340 4971 τῇ
3390 4894 3469 4968 μή
3501 4892 3627 4971 παρ’
3657 4894 3828 4953 αὐτοῦ

448 5003 658 5048 creare
690 5001 893 5065 posse.
923 4980 1230 5062 Siquidem
1268 4982 1467 5043 omnia
1500 4979 1661 5060 prius
1689 4978 1753 5040 in
1781 4978 1940 5041 dicta
1970 4999 2031 5039 ml

2246 4982 2446 5059 οστάσῇ
2503 4982 2653 5061 φύσει
2721 4984 3145 5061 καταχρώμενον
3214 4984 3393 5060 μόνως
3463 4982 3827 5063 δημιουργεῖν

444 5073 596 5137 teria
628 5074 821 5154 prima
858 5079 996 5133 sunt
1027 5071 1312 5151 potentia,
1347 5087 1535 5151 eaque
1555 5067 1713 5132 Deus
1742 5067 1903 5130 velut
1932 5068 2027 5132 del

2243 5074 2439 5144 νασθαι,
2499 5071 2715 5128 πάντων
2772 5072 2870 5147 μὲν
2928 5070 3146 5149 δυνάμει
3218 5073 3687 5153 προϋποκειμένων
3763 5073 3826 5132 ἐν

442 5173 612 5245 neet,
633 5181 701 5224 ac
721 5161 915 5223 solum
942 5160 1191 5240 digerat,
1221 5170 1400 5241 atque
1421 5178 1491 5223 ex
1514 5159 1643 5240 ipsa
1667 5157 1915 5221 materia
1937 5158 2025 5221 edi

2277 5158 2564 5245 ’λεγομένῃ
2612 5159 2737 5237 ὕλῃ,
2791 5163 2951 5221 αὐτοῦ
3009 5160 3062 5217 δὲ
3124 5164 3282 5220 oleis!
3321 5161 3828 5243 διαζωγραφοῦντος

346 5252 351 5255 ⁷
442 5260 555 5328 cat,
590 5234 748 5335 quod
803 5234 1265 5331 supervacanea;
1301 5234 1508 5331 potius
1537 5234 1696 5313 esset
1738 5248 1929 5330 dilige]

2244 5234 2305 5307 τὲι
2359 5234 2447 5307 καί
2480 5234 2764 5316 τάττοντος
2795 5252 2959 5326 μόνον
3013 5253 3101 5310 καὶ
3127 5234 3678 5332 ’διακρίνοντοςηέί⁵1
3723 5262 3827 5313 τοῦ

439 5361 620 5425 quam
655 5340 938 5403 bonitatis
981 5338 1108 5404 Dei.
1144 5339 1441 5412 Quorsum,
1474 5338 1633 5425 enim
1666 5357 1759 5421 ea,
1794 5358 1925 5419 quae
1968 5358 2022 5401 ni

2243 5348 2351 5398 ικοῦ
2413 5341 2725 5419 σχήματος·
2788 5340 2816 5397 ὅ
2874 5343 3172 5421 παριεργίαί
3214 5341 3424 5418 μᾶλλον
3487 5343 3551 5398 ἃν
3619 5342 3715 5412 εἴη
3786 5347 3826 5415 ἢ

436 5424 1016 5511 οοηιὶὶάὶι,(1ἱεοι·θι·ο
1046 5438 1317 5505 conatur,
1346 5447 1484 5491 cum
1508 5424 1760 5491 'omnino
1794 5427 1951 5491 bona
1980 5448 2014 5490 ο

2242 5431 2437 5498 «Odm:
2461 5426 2517 5473 ⁵9
2558 5437 2708 5495 Θεοῦ,
2746 5432 2803 5489 Τί
2833 5432 2933 5511 γὰρ
2964 5429 3028 5500 δὴ
3058 5433 3239 5509 μκθὼν
3264 5428 3323 5475 ⁵⁸
3350 5432 3382 5489 ἃ
3424 5433 3502 5509 μὴ
3545 5430 3824 5501 ὑπέστησε

1727 5586 2000 5651 VARI/E
2042 5587 2481 5655 LECTIONES.

511 5698 575 5755 50
604 5698 724 5757 ἀλλ’
754 5698 1043 5782 ἁγενῆτου]
1075 5696 1211 5759 ἆλλᾶ
1240 5702 1480 5779 γενητῆς
1510 5698 1586 5761 Α.
1649 5696 1705 5751 εί
1734 5695 1909 5778 διακρ.
1946 5697 2108 5775 μόνον
2140 5698 2201 5756 ἔκ
2227 5699 2315 5775 ς’.
2386 5696 2448 5755 39
2476 5699 2750 5782 ἀγειθάτῃς
2782 5698 2837 5763 Α
2868 5715 2884 5765 :
2919 5697 3253 5779 ἀγαθότῃτος
3283 5697 3367 5775 ς’,
3429 5697 3495 5753 53
3524 5700 3709 5759 πάθών
3736 5698 3817 5765 Β,
