4008 6210
460 311 534 378 91

1655 308 1922 375 PHOTII
1964 307 2090 370 PA']

2179 301 2476 374 [ARCHE
2515 304 2632 370 ΟΡ.
3705 302 3772 368 92

465 463 610 528 pore
641 447 816 512 veluti
848 446 958 510 alis
987 443 1229 527 sublati,
1265 452 1325 509 et
1355 444 1563 509 eadem
1596 442 1907 509 evectione
1936 440 2090 522 digni

2182 461 2317 504 σεως
2376 442 2628 518 ἰσοτίμως
2671 439 2960 523 τυγχάνειν
3015 437 3262 528 λέγονται
3314 435 3615 518 ίσοχρονίως
3661 459 3777 496 πτε-

463 535 671 600 habiti.
1313 599 1317 602 _

462 641 523 708 E
551 643 705 708 libro
737 645 934 720 tertio,
966 642 1158 722 capite
1187 661 1244 706 χ.
1278 641 1488 723 Leges,
1517 641 1811 716 rationes,
1847 641 2100 704 uirtutes

583 741 639 796 et
665 734 721 795 si
748 750 868 814 qua
899 731 1134 796 similia
1171 730 1632 796 Providentiam
1663 731 1974 795 inducere.

540 903 671 965 Non
697 902 939 976 frustra,
973 901 1168 983 inquit
1197 901 1530 979 Hierocles,
1562 902 1728 982 leges
1756 898 2100 963 conduntur

459 991 841 1054 hominibus:
883 1009 1076 1072 neque
1124 993 1272 1054 ratio
1311 993 1389 1054 iis
1433 1002 1665 1056 temere
1706 991 1867 1065 data,
1901 1007 2099 1074 neque

455 1082 725 1143 voluntas
752 1081 972 1144 frustra
1000 1090 1110 1158 est,
1162 1099 1274 1144 nec
1324 1089 1456 1144 vota
1489 1083 1684 1143 facere
1734 1097 2099 1162 supervaca-

455 1171 717 1243 neum,si
739 1189 836 1234 res
859 1172 1131 1233 humana:
1152 1171 1522 1253 providentia
1545 1178 1852 1248 regantur.
1869 1170 2098 1250 iustitia

456 1266 514 1322 et
535 1260 666 1338 lege
690 1260 1030 1323 mercedem
1052 1260 1262 1323 liberis
1285 1259 1620 1322 actionibus
1643 1259 1965 1323 tribuente.
1983 1262 2096 1323 Ne-

456 1367 572 1431 que
589 1368 730 1412 vero
751 1350 800 1411 si
829 1351 954 1412 haec
975 1351 1338 1426 necessaria,
1365 1351 1612 1412 honesta
1643 1359 1704 1412 et
1730 1349 1900 1412 utilia
1927 1357 2090 1424 sunt,

454 1439 682 1504 idcirco
713 1440 816 1503 fati
840 1439 1206 1522 providentis
1225 1440 1310 1502 vis
1331 1440 1581 1514 tollitur,
1613 1440 1770 1521 quod
1795 1439 1972 1502 fatum
1999 1457 2094 1502 ex-

453 1529 641 1592 ternis
672 1529 843 1591 malis
880 1530 939 1592 id
961 1529 1118 1611 quod
1144 1531 1204 1590 in
1231 1537 1432 1592 nostra
1449 1538 1538 1592 est
1561 1538 1872 1610 potestate,
1895 1528 2092 1592 corri-

451 1619 576 1698 git:
631 1619 739 1680 sed
782 1619 909 1682 hmo
958 1637 1066 1701 per
1095 1637 1160 1682 se
1192 1621 1377 1700 magis
1429 1619 1680 1681 invicem
1710 1619 2086 1692 confirmant,

455 1725 631 1789 quam
654 1716 860 1770 mutuo
883 1725 948 1770 se
969 1709 1330 1772 destruunt:
1355 1709 1724 1790 providentia
1744 1709 1903 1772 enim
1927 1710 2090 1771 exsi-

456 1805 674 1872 stente,
707 1797 888 1861 etiam
924 1800 1090 1879 leges
1135 1817 1385 1862 necesse
1429 1807 1542 1870 est,
1576 1799 1839 1861 rationes
1869 1807 1928 1861 et
1955 1805 2089 1861 vota

455 1886 775 1966 plurimum
808 1887 984 1949 nobis
1017 1888 1338 1969 prodesse:
1375 1888 1477 1950 illa
1505 1907 1643 1950 vero
1673 1887 1934 1964 sublata,
1967 1907 2089 1949 non

455 1975 648 2038 solum
669 1976 816 2039 nihil
841 1977 1191 2059 profuerint,
1215 1977 1320 2040 sed
1343 1997 1454 2041 nec
1477 1977 1630 2040 tueri
1651 1977 1892 2054 quidem
1921 1995 2088 2040 rem-

454 2064 754 2148 publicam
787 2067 1222 2150 imperiumque
1255 2076 1554 2150 poterunt.
1580 2067 1902 2149 Propterea
1931 2066 2088 2150 quod

454 2153 516 2216 in
550 2163 751 2218 nostra
782 2165 870 2218 est
901 2165 1215 2238 potestate,
1265 2158 1698 2238 providentiam
1736 2157 1984 2231 inducit,
2029 2164 2092 2219 et

449 2243 716 2308 vicissim
750 2246 1145 2328 providentia,
1179 2247 1240 2309 id
1273 2248 1428 2329 quod
1460 2248 1522 2310 in
1567 2255 1767 2310 nostra
1797 2254 2090 2329 potestate

452 2345 562 2397 est.
595 2333 808 2399 Nostra
833 2335 994 2398 enim
1026 2337 1296 2399 voluntas
1319 2338 1547 2418 justum
1581 2337 1764 2399 fatum
1798 2336 2089 2399 corrobo-

453 2433 564 2501 rat,
591 2434 651 2487 et
679 2443 885 2488 rursus
914 2427 1098 2489 fatum
1129 2427 1388 2490 liberum
1419 2427 1726 2490 arbitrium
1752 2427 2088 2493 conﬁrmat.

453 2513 625 2588 Quod
654 2515 704 2576 si
743 2534 953 2597 purum
982 2535 1052 2579 ac
1084 2517 1430 2578 meditatum
1463 2521 1586 2582 Deo
1616 2518 2086 2598 adjunxerimus,

454 2603 688 2682 legibus
735 2614 979 2682 stantes,
1028 2607 1300 2688 votisque
1328 2606 1443 2682 usi,
1479 2617 1538 2668 et
1580 2606 1953 2687 prudentiam
1987 2625 2089 2669 se-

456 2700 702 2770 ctantes,
727 2713 796 2757 ac
826 2714 934 2777 per
953 2697 1152 2759 omnia
1172 2715 1374 2759 curam
1407 2715 1614 2759 eorum
1637 2703 1936 2776 gerentes,
1965 2715 2086 2758 ma-

454 2781 628 2844 ximis
642 2783 918 2846 fruemur
936 2784 1144 2849 bonis:
1173 2794 1383 2850 contra
1400 2785 1808 2860 vero,dolores
1833 2785 2092 2866 perfere-

455 2889 611 2947 mus,
647 2873 737 2935 his
787 2876 1078 2956 praeﬁxos.
1110 2876 1215 2938 sed
1264 2875 1364 2958 qui
1415 2875 1773 2938 medicinam
1818 2876 2090 2952 afferant,

455 2961 862 3042 experimento
894 2963 1152 3028 ofﬁcium
1186 2964 1404 3028 edocti.
1437 2964 1514 3028 Ut
1545 2972 1742 3026 autem
1797 2963 1950 3027 bene
1993 2974 2093 3028 aut

2178 531 2422 610 ρούμενοι
2451 533 2541 590 καὶ
2574 536 2672 599 τῆς
2704 531 2869 600 αὐτῆς
2900 531 3186 608 ἀναγωγῆς
3212 525 3526 603 ἀξιούμενοι,

2179 634 2278 696 Ἐκ
2331 643 2424 695 τοῦ
2491 636 2543 715 γ’
2614 635 2799 717 λόγου,
2872 634 3161 716 κεφαλαίου
3228 631 3471 693 δεκάτου.
3540 630 3656 691 ’Ὅτι
3695 631 3777 690 νό-

2259 747 2374 802 μοι,
2407 727 2496 784 καὶ
2552 726 2829 806 λογισμοι,
2886 727 2981 783 καί
3041 723 3220 802 ἀρεταὶ
3277 723 3368 780 καὶ
3421 718 3515 778 ὅσα
3562 727 3781 794 τοιαῦτα,

2257 818 2358 884 τὴν
2393 815 2653 896 Πρόνοιαν
2683 815 3107 894 συνεισάγουσιν.

2259 914 2331 970 Οὐ
2361 910 2540 986 μάτην
2594 910 2706 985 οὖν,
2740 911 2894 989 φησὶ,
2930 911 3082 983 νόμοι
3141 908 3410 964 πείσονται
3457 916 3571 968 τοῖς
3599 904 3783 982 ἀνθρώ-

2178 1022 2324 1076 ποις,
2356 998 2472 1057 ούδὶ
2534 1000 2792 1078 λογισμὸς
2852 1000 2970 1065 είκῆ
3016 995 3243 1076 δέδοται,
3291 993 3410 1054 οὐδὲ
3461 995 3520 1051 τὸ
3560 993 3782 1070 βουλεύε·

2180 1093 2297 1147 σθαι
2343 1087 2397 1131 4⁵
2444 1090 2722 1168 πᾶρέλκει,
2781 1087 2898 1146 οὐδὲ
2967 1089 3030 1144 τὸ
3098 1086 3350 1166 εὔχεσθαι
3421 1085 3675 1161 περιττὸν,
3743 1085 3782 1140 εἰ

2177 1179 2401 1258 πρόνοια
2458 1185 2566 1236 τῶν
2613 1179 2952 1256 ἀνθρωπίνων
3011 1177 3340 1257 πραγμάτων
3407 1175 3597 1252 ἡγοῖτο
3659 1172 3786 1248 νόμῳ

2177 1269 2264 1325 καὶ
2318 1267 2438 1345 δίκη
2493 1271 2588 1332 τὰς
2646 1265 2874 1343 ἀμοιϐὰς
2927 1272 3036 1324 τῶν
3109 1264 3468 1346 προαιρέσεων
3525 1263 3782 1322 τάττουσα.

2177 1357 2328 1438 [139
2358 1357 2452 1437 3.]
2485 1358 2613 1419 Οὐδὲ
2643 1359 2777 1434 μὴν,
2823 1359 2868 1414 εί
2911 1360 3073 1414 ταῦτα
3115 1357 3386 1436 ἀναγκαῖα
3430 1354 3515 1411 καὶ
3561 1353 3689 1410 καλὰ
3715 1355 3786 1408 καί

2176 1451 2438 1528 σωτήρια,
2499 1451 2533 1517 ἦ
2595 1448 2691 1517 τῆς
2751 1452 3109 1526 προνοητικῆς
3153 1444 3480 1524 εἱμαρμένης
3523 1441 3658 1508 τάξις
3701 1441 3787 1497 ἆν-

2175 1539 2399 1616 ῄρηται,
2459 1540 2493 1606 ἡ
2525 1540 2585 1594 τὸ
2616 1538 2699 1618 ἐφ’
2740 1540 2878 1612 ἡμῖν
2921 1550 3039 1602 τοῖς
3071 1540 3165 1595 οὒκ
3218 1535 3298 1614 ἐφ’
3333 1537 3472 1610 ἡμῖν
3500 1530 3790 1589 παιδεύουσα

2175 1629 2385 1686 πάθεσι.
2423 1627 2504 1685 Δι’
2555 1627 2808 1698 ἀλλήλων
2863 1625 2917 1682 δὲ
2974 1635 3140 1685 ταῦτα
3201 1623 3505 1702 βεϐαιοῦται
3547 1618 3790 1696 μᾶλλονῆ

2173 1715 2256 1773 διὰ
2311 1716 2528 1795 θατέρου
2583 1718 2798 1796 θάτερον
2829 1715 2972 1798 [757
3006 1713 3112 1795 Η,]
3171 1715 3500 1790 ἀναιρεῖται.
3561 1711 3792 1788 Προνοίας

2171 1807 2271 1885 γὰρ
2324 1805 2487 1873 οὔσης
2545 1806 2752 1884 ἀνάγκη
2811 1807 2898 1863 καὶ
2960 1807 3154 1880 νόμους
3210 1806 3300 1864 καὶ
3371 1802 3654 1881 λογισμοὺς
3716 1798 3793 1856 καὶ

2171 1896 2340 1976 εὗχὰς
2396 1895 2654 1953 πλεῖστον
2683 1893 2908 1964 ⁸θῆιιὶὶς
2968 1893 3227 1974 ὠφελεῖν,
3289 1894 3367 1968 μὴ
3423 1891 3582 1958 οὔσης
3634 1889 3686 1946 δὲ
3739 1891 3792 1946 οὗ

2171 1988 2334 2061 μόνον
2367 1984 2600 2052 ἆνόνητα
2633 1983 2912 2049 παντελῶς
2959 1991 3144 2062 ταῦτα,
3188 1982 3310 2040 ἀλλ’
3366 1980 3481 2039 ούδὲ
3512 1981 3606 2047 τὴν
3635 1977 3792 2058 ἀρχὴν

2172 2077 2465 2143 ὑποστῆναι
2497 2073 2782 2151 δυνάμενα.
2821 2076 2914 2131 Διὸ
2955 2076 3044 2130 καὶ
3093 2076 3154 2130 τὸ
3197 2072 3281 2152 ἐφ’
3339 2073 3478 2148 ὴμῐν
3519 2070 3619 2152 τὴν
3670 2068 3792 2146 πρό-

2174 2188 2319 2223 νοιαν
2351 2166 2674 2244 συνεισάγει,
2708 2167 2795 2221 καί
2841 2165 2872 2233 ἦ
2917 2165 3138 2243 πρόνοια
3179 2151 3248 2220 τὸί
3287 2160 3371 2243 ἐφ’
3412 2164 3572 2235 ἡμῖν.
3607 2151 3668 2216 Ἠ
3709 2155 3795 2236 γάρ

2173 2254 2409 2331 ἡμετέρα
2460 2256 2762 2335 προαίρεσις
2819 2255 2916 2322 τὴν
2974 2251 3178 2310 δικαίαν
3236 2250 3565 2329 εἱμαρμένην
3616 2247 3792 2327 κρατύ-

2174 2367 2274 2419 νει,
2311 2346 2396 2402 καί
2428 2345 2564 2412 αὕτη
2595 2345 2695 2414 τὴν
2739 2343 3071 2410 αὐτεξούσιον
3119 2345 3272 2416 ἡμῶν
3309 2343 3517 2409 κίνησιν
3558 2335 3794 2417 βεϐαιοῦ-

2173 2456 2286 2496 ται.
2345 2433 2450 2493 ’Ἢν
2511 2437 2555 2491 εἷ
2610 2435 2709 2510 μὲν
2767 2435 3004 2504 παθαράν
3065 2433 3150 2489 καὶ
3203 2430 3592 2509 λελογισμένην
3643 2448 3794 2506 προσ-

2173 2525 2398 2602 άγοιμεν
2457 2531 2534 2598 τῷ
2589 2531 2726 2602 Θεῷ,
2803 2522 2991 2597 νόμοις
3066 2520 3396 2598 έμμένοντες
3465 2521 3553 2576 καὶ
3620 2519 3793 2594 εύχαϊς

2171 2615 2446 2694 χρώμενοι
2503 2615 2589 2670 καὶ
2645 2610 2916 2671 εὖϐουλίαν
2959 2619 3220 2689 τιμῶντες
3250 2609 3303 2652 ⁴⁷
3335 2611 3433 2667 καί
3475 2608 3558 2666 διὰ
3599 2607 3792 2666 πάντων

2173 2701 2484 2777 έπιμέλειαν
2547 2703 2748 2759 ἑαυτῶν
2806 2703 3134 2778 ποιούμενοι,
3196 2702 3300 2757 τῶν
3367 2704 3628 2779 μεγίστων
3670 2696 3792 2773 ἄγα-

2170 2795 2275 2850 θῶν
2333 2789 2640 2868 τευξόμεθα·
2704 2793 2748 2848 εἰ
2806 2790 2860 2848 δὲ
2917 2791 3189 2862 τάναντία,
3265 2789 3483 2854 πάντως
3552 2807 3650 2844 που
3698 2785 3792 2841 τῶν

2173 2880 2258 2938 ἐπὶ
2289 2883 2497 2944 τούτοις
2556 2881 2894 2961 τεταγμένων
2943 2879 3104 2938 δικῶν
3161 2883 3257 2944 τὰς
3299 2879 3544 2959 ἰατρικὰς
3588 2876 3792 2950 οἴσομεν

2172 2969 2495 3051 ἀλγηδόνας,
2559 2973 2712 3049 πείρᾳ
2772 2972 2834 3028 τὸ
2904 2969 3019 3028 δέον
3092 2969 3608 3046 μεταμανθάνοντες.
3670 2962 3795 3041 Πρὸς

455 3051 611 3114 male
639 3051 972 3116 efﬁciamur
998 3073 1033 3114 a
1062 3055 1363 3118 deteriore
1405 3054 1704 3116 voluntate
1735 3055 2086 3134 purgatione

2179 3061 2298 3117 ιῦτὸ
2353 3058 2407 3116 δὲ
2462 3062 2523 3117 τὸ
2583 3061 2639 3117 εὖ
2668 3062 2756 3118 καὶ
2798 3059 2975 3126 καλῶς
3003 3063 3146 3135 ἡμᾶς
3177 3059 3510 3132 διατεθῆναι,
3553 3059 3648 3122 τῆς
3673 3051 3791 3131 χεί-

453 3139 650 3218 liberi,
669 3141 987 3222 plurimum
1008 3143 1348 3206 conducent
1368 3144 1488 3218 lex,
1510 3144 2088 3218 votum,consilium,

455 3239 513 3293 et
537 3230 597 3292 id
626 3249 816 3309 genus
836 3233 972 3316 alia,
997 3251 1128 3316 quae
1150 3252 1260 3296 nos
1283 3234 1412 3315 pios
1435 3232 1677 3314 Deoque
1697 3232 2088 3297 consentien-

453 3327 543 3382 tes
574 3320 863 3387 efficiunt.

707 3491 983 3557 Arbitrit
1012 3495 1208 3556 nostri
1237 3493 1476 3557 libertas
1503 3492 1706 3575 qualis
1735 3498 1834 3556 stt.

532 3598 660 3664 Non
694 3601 806 3664 tale
863 3609 974 3677 est,
1031 3602 1244 3683 inquit,
1299 3601 1552 3665 liberum
1605 3612 1873 3664 nostrum
1923 3601 2088 3665 arbi-

452 3689 655 3766 trium,
690 3699 753 3752 ut
783 3691 907 3753 suis
937 3691 1143 3753 liberis
1173 3691 1508 3754 actionibus
1532 3692 1734 3754 omnia
1762 3709 1898 3770 quae
1926 3701 2085 3767 sunt,

450 3797 704 3862 quaeque
735 3781 903 3856 fiunt,
930 3781 1255 3844 transferre
1286 3783 1493 3863 possit.
1529 3782 1627 3845 Sic
1657 3781 1814 3844 enim
1838 3781 2088 3861 singulis

451 3868 796 3933 hominibus
854 3890 1044 3934 novus
1097 3871 1353 3933 mundus
1401 3871 1782 3943 conderetur,
1815 3869 2087 3950 aliusque

451 3958 583 4022 vitae
628 3970 945 4042 apparatus
998 3970 1180 4037 esset,
1234 3959 1715 4040 quandoquidem
1755 3957 1935 4019 465b
1969 3976 2085 4018 non

449 4067 660 4110 omnes
689 4050 898 4111 eadem
932 4048 1201 4128 cupiunt,
1247 4047 1351 4107 sed
1385 4065 1489 4126 pro
1520 4045 1764 4124 singulis
1795 4046 2088 4126 cujusque

449 4138 759 4200 affectibus
805 4138 1126 4218 (siquidem
1176 4136 1504 4198 essentiam
1535 4138 1906 4198 constituere
1941 4153 2085 4214 pos-

450 4229 605 4307 sent)
640 4227 842 4289 omnia
871 4227 1353 4299 traduceruntur,
1391 4232 1614 4286 mutata
1633 4224 1851 4286 subitis
1881 4224 2087 4286 huma-

450 4333 659 4378 narum
690 4316 1048 4376 voluntatum
1069 4313 1655 4377 commutationibus.
1681 4313 2088 4392 Meritoigitur

2171 3172 2320 3229 ρονος
2379 3150 2802 3228 καθαρεύσαντας
2875 3153 3257 3228 προαιρέσεως,
3329 3147 3589 3212 πλείστην
3656 3141 3789 3222 φέρει

2171 3237 2474 3296 συντέλειαν
2530 3240 2671 3318 εὐχὴ
2726 3243 2817 3297 καὶ
2858 3239 3019 3315 νόμος
3081 3239 3170 3296 καὶ
3241 3235 3519 3313 συμϐουλὴ
3585 3233 3672 3290 καὶ
3733 3230 3794 3285 τὰ

2169 3335 2408 3406 τοιαζὶτα,
2472 3329 2547 3393 είς
2597 3327 2744 3394 τάξιν
2799 3327 2999 3407 ἄγοντα
3055 3329 3142 3386 καὶ
3199 3329 3510 3407 συμφωνίαν
3565 3321 3794 3384 θεοπειθῆ

2170 3419 2269 3486 τὴν
2300 3417 2566 3496 ἡμετέραν
2595 3416 2851 3477 διάνοιαν.

2401 3518 2647 3575 Ποταπὸν
2675 3520 2786 3574 ἐστι
2814 3519 2875 3574 τὸ
2905 3516 3162 3594 ἡμέτερον
3192 3515 3528 3580 αὐτεξούσιον
3561 3531 3578 3588 ς

2252 3608 2376 3666 ’Ότι
2407 3610 2468 3666 οὒ
2500 3606 2736 3664 τοιοῦτόν
2781 3606 2916 3681 ἐστι,
2963 3607 3114 3685 φησὶ,
3164 3605 3222 3661 τὸ
3266 3604 3526 3682 ἡμέτερον
3558 3597 3792 3666 αὐτεξού-

2172 3719 2310 3772 σιον,
2370 3699 2443 3760 ὡς
2500 3697 2627 3760 ταῖς
2682 3697 2867 3753 ἑαυτοῦ
2908 3707 3310 3773 προαιρετικαῐς
3360 3695 3600 3764 κινήσεσι
3637 3691 3796 3747 πάντα

2170 3785 2506 3860 μετατιθέναι
2576 3784 2821 3841 δύνασθαι
2892 3785 2958 3840 τὰ
3033 3781 3160 3840 δ’ντα
3232 3785 3320 3840 καὶ
3395 3783 3463 3840 τὰ
3531 3781 3794 3861 γινόμενα.

2169 3873 2321 3932 Οὕτω
2363 3875 2463 3953 γὰρ
2505 3873 2565 3931 ἂν
2620 3874 2679 3931 ού
2737 3873 2899 3949 μόνον
2942 3872 3059 3930 καθ’
3116 3872 3210 3932 ἕνα
3268 3873 3496 3931 ἕκαστον
3540 3871 3797 3949 ἄνθρωπον

2169 3961 2368 4036 κόσμος
2399 3961 2560 4026 ἀλλος
2617 3963 2828 4042 ἐγένετο
2885 3964 2972 4019 καὶ
3029 3960 3168 4030 ἄλλη
3213 3963 3327 4039 βίου
3373 3959 3696 4033 κατασκευὴ,
3728 3955 3798 4031 μὴ

2167 4050 2233 4105 τὰ
2264 4050 2394 4106 αὐτὰ.
2437 4050 2773 4127 βουλομένων
2816 4051 3065 4108 ἁπάντων
3121 4052 3304 4125 ἡμῶν·
3371 4049 3510 4106 ἀλλὰ
3555 4048 3642 4106 καὶ
3684 4055 3799 4105 ταῖς

2168 4139 2392 4198 ἑκάστου
2449 4140 2760 4215 διαθέσεσιν,
2824 4137 2980 4217 εἴπερ
3037 4138 3341 4219 δραστήριοι
3404 4139 3546 4208 ἦσαν
3584 4137 3670 4194 καὶ
3710 4136 3798 4192 ού-

2168 4230 2421 4295 σιοποιοὶ,
2456 4228 2861 4305 συμμετέϐαλλε
2888 4226 2944 4270 ⁸⁸
2970 4231 3036 4287 τὰ
3080 4230 3280 4300 πάντα,
3325 4240 3452 4292 ταῖς
3507 4225 3800 4305 ὀευῤῥὸποις

2166 4315 2494 4392 μεταϐολαῖς
2527 4325 2632 4375 τῶν
2671 4319 3013 4398 ἀνθρωπίνων
3067 4317 3431 4397 προαιρέσεων
3468 4311 3801 4398 συναλλοιούτ

451 4413 714 4487 potestas
771 4405 1032 4467 hominis
1089 4404 1302 4478 libera,
1338 4403 1513 4467 facile
1571 4402 1835 4484 mobilis,
1901 4403 2084 4484 idque

2179 4427 2324 4470 αενα.
2401 4409 2494 4465 Διὸ
2561 4395 2793 4487 εὐλόγως
2863 4409 2897 4476 ἡ
2972 4395 3192 4484 δύναμις
3235 4395 3346 4464 τοῦ
3405 4395 3803 4485 ἀνθρωπίνου⁸ο

449 4493 738 4578 quotidie,
800 4500 1098 4576 impotens
1153 4494 1400 4556 omnino
1459 4501 1551 4556 est
1606 4493 1678 4556 ad
1729 4492 1954 4574 aliquid
1999 4492 2089 4556 vel

2179 4494 2523 4570 αύτεξουσίου,
2583 4499 2856 4568 amatos
2904 4498 3056 4562 ὄντος
3110 4496 3207 4555 καί
3258 4495 3552 4575 ἐφημέρου,
3584 4489 3798 4570 ἀδρανὴς

449 4583 890 4648 conficiendum
949 4585 1044 4646 vel
1103 4583 1602 4660 transferendum,
1679 4583 1794 4645 nisi
1851 4581 2090 4646 aliunde

2179 4587 2283 4642 lett
2315 4585 2589 4651 παντελῶς
2650 4589 2780 4664 πρὸς
2809 4583 2864 4630 ⁵ο
2892 4587 3180 4644 ὺπόστασίν
3234 4607 3378 4650 τινος
3413 4587 3450 4653 ἢ
3503 4582 3796 4659 μετάθεσιν,

446 4675 708 4758 juvetur.
741 4676 946 4756 Itaque
975 4692 1074 4736 res
1105 4673 1397 4747 conditas,
1431 4672 1645 4755 inquit,
1681 4673 1940 4734 humana
1968 4689 2088 4733 non

2179 4677 2250 4751 μή
2307 4676 2696 4755 συνεργουμένη
2754 4675 2964 4742 ἔξωθεν,
3025 4675 3196 4734 Ἀλλὰ
3249 4673 3314 4742 δὴ
3357 4674 3422 4730 τὰ
3459 4672 3612 4748 ὄντα,
3654 4668 3797 4758 φησι,

449 4753 772 4828 transferat
798 4753 1092 4842 voluntas,
1123 4781 1260 4825 cum
1292 4761 1384 4825 lex
1417 4753 1595 4825 livina
1619 4761 1719 4824 illa
1747 4767 2085 4837 conservet,

2179 4765 2251 4840 μὴ
2320 4753 2646 4841 μετατιθέτω
2719 4766 2750 4834 ὃ
2821 4765 3124 4844 ἀνθρωπίνη
3208 4763 3540 4842 προαίρεσις,
3627 4753 3800 4823 ἐπειδὴ

451 4874 646 4936 neque
677 4873 888 4918 eorum
921 4871 1052 4936 quae
1102 4853 1272 4928 fiunt,
1325 4852 1595 4915 conferat
1645 4850 1969 4932 quidquam
2015 4849 2087 4912 ad

2179 4857 2309 4916 θεῖος
2369 4851 2530 4930 νόμος
2587 4855 2718 4912 αύτὰ
2777 4869 3017 4935 φρουρεῖ,
3063 4852 3200 4927 μηδὲ⁹
3243 4855 3350 4911 τῶν
3381 4851 3678 4932 γινομένων
3707 4845 3800 4902 ὅσα

452 4945 739 5006 mundum
770 4943 1207 5007 fabricandum.

2179 4943 2243 5006 εἰς
2277 4945 2536 5018 κοσμικὰς
2566 4943 2826 5022 ἆνεργείας
2859 4943 3135 5008 συντελεῖς

648 5037 781 5099 Cur
813 5055 903 5100 res
930 5037 1218 5100 humana:
1252 5053 1374 5099 non
1407 5036 1605 5118 ﬂuant
1632 5052 1708 5098 ea:
1736 5042 1896 5099 voto.

2259 5034 2356 5089 Διὰ
2383 5033 2433 5089 τί
2463 5034 2539 5108 μὴ
2567 5035 2632 5093 τὰ
2662 5034 2961 5113 ἀνθρώπινα
2989 5033 3295 5104 διαθήσεται
3325 5032 3398 5096 ὣς
3427 5026 3674 5107 βούλεται
3707 5044 3724 5097 ;

533 5129 752 5194 Libera
772 5129 1042 5191 voluntas
1058 5130 1120 5192 in
1143 5130 1368 5192 nullum
1393 5130 1571 5192 habet
1590 5129 2090 5210 imperium.praa-

2251 5125 2375 5185 "Ott
2434 5124 2644 5191 οὐδενός
2714 5127 2824 5185 ἐστι
2887 5129 3035 5209 κυρία
3093 5127 3246 5202 πλὴν.
3297 5127 3492 5192 ἑαυτῆς
3565 5119 3660 5177 ιιαῖ
3718 5122 3803 5210 τοῦ

453 5227 728 5302 terquam
776 5219 838 5281 in
889 5235 977 5294 se,
1033 5229 1215 5301 utque
1247 5237 1312 5282 se
1340 5220 1529 5302 ipsam
1562 5206 1870 5283 meliorem
1915 5206 2090 5299 pejo-

2179 5217 2369 5284 ἱαυτὴν
2425 5215 2676 5293 ἀμείνονα
2730 5215 2766 5285 ἦ
2824 5206 3041 5298 χείρονα
3082 5228 3205 5282 ταῖς
3243 5213 3534 5274 διαθέσεσιν
3566 5206 3802 5289 ἀπεργά-

1759 5385 2015 5452 VARIAB
2059 5383 2382 5452 LECTION
2391 5383 2498 5451 ES.

535 5551 598 5604 ιε
624 5551 963 5629 βουλεύεσθαι
1012 5548 1310 5632 Excerpta
1337 5549 1569 5616 Morel].
1611 5571 1624 5617 :
1671 5551 1951 5632 βούλεσθαι
1981 5551 2066 5625 ς’.
2100 5629 2109 5632 Α
2137 5543 2201 5596 ⁸ο
2225 5545 2480 5632 alatores
2511 5549 2594 5632 Β,
2616 5547 2868 5632 πλείστας
2913 5547 2966 5611 Α
3002 5569 3015 5606 :
3065 5546 3298 5606 πλεῖστα
3340 5545 3421 5624 ς.
3497 5541 3558 5594 ιτ
3601 5539 3802 5616 τιμῶν-

455 5655 541 5699 τες
574 5628 668 5703 Βίζ
713 5640 982 5715 τηρῶντες
1023 5635 1107 5712 ς,
1194 5628 1258 5686 ιε
1287 5628 1778 5711 συμμετέϐαλες.
1864 5630 1919 5678 ‘9
1948 5629 2225 5709 ἀνθρώπου
2253 5629 2336 5708 ς’.
2419 5628 2483 5683 50
2512 5628 2671 5715 πρὸς]
2715 5631 2788 5696 ὡς
2817 5629 2893 5697 Α.
