4008 6210
442 282 521 347 99
848 282 850 284 ’
1637 287 1904 353 ΡΗΟΤΙΙ
1949 287 2470 354 PATRIARCH/E
2513 291 2628 354 GP.
3689 286 3796 355 100

445 418 616 480 annis
635 418 675 482 ii
700 420 802 502 qui
824 422 1086 482 Latinam
1112 419 1372 498 linguam
1398 421 1766 500 ignorarent,
1788 422 1931 484 solis
1959 422 2046 486 uti

2131 425 2464 495 ιπονήσατο,
2525 424 2695 482 Ἀλλὰ
2741 424 2840 504 γὰρ
2900 424 3060 481 πέντε
3102 423 3192 481 καὶ
3223 422 3480 493 ἑξήκοντα
3523 424 3613 481 καὶ
3671 424 3800 481 ἐκα-

435 509 602 572 litate
632 510 812 592 hujus
841 510 1042 592 operis
1078 509 1341 571 frustrati
1372 517 1530 572 sunt.
1565 510 1880 575 Zacharias
1912 531 2047 575 vero

2159 516 2251 571 τὸν
2295 515 2390 583 ἔτη
2423 519 2470 575 οἱ
2499 515 2599 584 τὴν
2634 506 2898 590 Ῥωμαίαν
2928 515 3109 596 φωνὴν
3140 513 3380 596 ἀφιέντες
3433 536 3530 583 της
3581 513 3640 571 έκ
3697 521 3804 572 τῶν

437 599 538 680 qui
571 601 750 681 hujus
779 600 971 664 sancti
1004 601 1109 675 yiri
1141 608 1271 679 post
1299 598 1445 661 illud
1478 607 1716 680 tempus
1761 621 2043 666 successo

2160 605 2337 661 πόνων
2400 609 2560 663 αὖτοῦ
2617 604 2878 687 ὠφελείας
2943 606 3096 681 μόνοι
3153 603 3432 674 ἀπήλαυον
3465 620 3480 635 ⁵
3529 606 3800 685 Ζαχαρίας

434 689 566 767 fuit,
599 691 1032 770 cognitionem,
1066 689 1510 770 utilitatemque
1531 689 1593 752 in
1623 689 1793 754 Italia
1824 693 2038 755 conclu

2161 691 2236 769 δὲ,
2293 694 2351 760 ὃς
2397 706 2491 755 τοῦ
2535 693 2893 753 ἑποστολικοῦ
2937 693 3121 773 ἀνδρὸς
3152 694 3353 751 ἐκείνου
3380 696 3597 775 χρόνοις
3640 695 3801 752 ὕστε-

435 781 658 853 sam,in
677 783 940 844 Graecam
966 779 1227 859 linguam
1251 787 1906 859 vertens,communem
1927 781 2047 845 utili

2159 804 2251 862 ρον
2295 798 2411 848 τοῖς
2479 784 2778 864 εἰρημένοις
2835 784 3067 851 κατέστη
3129 782 3407 864 διάδοχος,
3451 785 3551 852 τὴν
3610 782 3664 840 ἒν
3736 789 3802 860 τῇ

437 878 616 931 tatem
643 869 773 930 orbi
797 878 1091 934 terrarum
1118 869 1374 949 benigne
1404 869 1694 936 exhibuit.
1729 869 1848 933 Nec
1879 871 2047 935 solun

2162 865 2442 952 Ῥωμαϊκῇ
2500 877 2642 952 μόνῃ
2683 871 2734 916 εί
2791 873 3214 955 συγκλειομένην
3273 872 3405 956 [761
3448 871 3555 954 Η,]
3603 877 3802 952 γνῶσιν

432 959 730 1039 Dialogos,
767 959 871 1022 sed
905 970 967 1023 et.
996 960 1211 1039 dignos
1266 958 1528 1021 lectione
1563 959 1714 1021 alios
1745 960 1981 1024 labores
2012 962 2047 1022 ii

2155 965 2245 1021 καὶ
2288 964 2551 1045 ὠφέλειαν
2615 967 2689 1030 εἷς
2740 966 2845 1022 τὼν
2893 957 3120 1024 Ἑλλάδα
3182 962 3430 1042 γλῶσσαν
3491 961 3802 1030 ἱξαπλώσας

432 1052 697 1115 Graecam
726 1050 992 1130 linguam
1017 1049 1339 1112 transferre
1363 1067 1564 1132 operae
1596 1049 1850 1130 pretium
1883 1051 2047 1113 duxit

2154 1054 2340 1112 κοινόν
2381 1055 2443 1113 τὸ
2487 1054 2669 1134 κέρδος
2713 1063 2781 1132 τῇ
2853 1053 3139 1130 οἰκουμένῃ
3207 1054 3354 1129 πάσῃ
3413 1052 3798 1132 φιλανθρώπως

430 1140 746 1210 έποιήσατο.
815 1140 886 1199 Ού
957 1142 1082 1205 τοὺς
1157 1138 1452 1219 Διαλόγους
1518 1138 1573 1196 δὲ
1644 1140 2008 1220 καλουμένους
2079 1144 2296 1222 μόνους,
2369 1144 2507 1202 ἀλλά
2585 1147 2670 1202 καὶ
2740 1143 2934 1210 ἄλλους
2999 1145 3156 1202 αὖτοῦ
3232 1141 3540 1222 ἀξιολόγους
3606 1144 3797 1208 πόνους

430 1229 765 1298 ιεελληνίσαι
796 1230 950 1311 ἔργον
988 1229 1134 1287 ἔθετο
1161 1226 1237 1292 ⁸9.

1134 1327 1374 1392 CCLlIl.

424 1425 804 1508 Martyrium
838 1430 1061 1508 septem
1106 1441 1446 1505 puerorum
1475 1424 1935 1507 [dormientium
1961 1429 2072 1491 sub

990 1504 1172 1568 Decio
1203 1504 1512 1586 tyrannol.

465 1599 607 1677 Legi
627 1618 660 1661 e
685 1599 958 1678 martyrio
975 1606 1203 1678 septem
1228 1617 1548 1678 puerorum
1567 1600 1744 1677 [unde
1762 1601 1890 1664 huic
1911 1619 2069 1663 sum-

428 1690 632 1752 matim
684 1689 1011 1770 descripta]
1064 1689 1414 1767 martyrium
1449 1698 1677 1771 septem
1713 1707 2060 1772 puerorum,

425 1777 836 1849 Maximiliani,
857 1777 1491 1853 Jamblichi,Martimi,
1518 1776 2062 1856 Dionysii,Exaru-

423 1866 1004 1936 studiani.Antonini
1025 1865 1491 1929 etJoannis.Hos
1503 1875 1733 1947 septem
1759 1867 2059 1948 patricios,

423 1967 482 2022 et
513 1962 782 2038 cognitos
807 1956 965 2039 quod
999 1955 1399 2020 Christianam
1427 1956 1705 2038 pietatem
1732 1956 2062 2038 amplecte-

419 2054 698 2111 renturet
713 2066 805 2109 am
816 2046 1386 2127 plilicarenLductos
1399 2047 2058 2129 esseaDeciotyranno,

423 2143 737 2214 imperium
762 2141 1082 2199 Romanum
1109 2139 1207 2197 Dei
1231 2149 1564 2212 contemptu
1587 2143 1892 2214 tyrannide
1909 2157 2062 2201 com-

419 2235 685 2292 mutante
717 2244 730 2289 :
767 2227 976 2290 ductos
1005 2235 1207 2290 autem
1260 2225 1560 2306 egregiam
1615 2226 2057 2290 confessionem

418 2318 705 2382 edidisse.
767 2319 1193 2399 Imperatorem
1259 2335 1392 2379 cum
1426 2316 1541 2378 alio
1575 2317 1882 2382 traherent
1911 2317 2054 2393 otia,

413 2409 733 2472 securitate
758 2408 1020 2484 inventa,
1082 2407 1144 2470 in
1197 2406 1488 2487 spelunca
1544 2406 1607 2469 in
1658 2415 1860 2470 monte
1887 2407 2058 2488 juxta

413 2498 719 2581 Ephesum
746 2497 991 2574 fugisse,
1018 2506 1076 2559 et
1098 2496 1387 2559 servitum
1411 2495 1556 2576 ipsis
1576 2495 1638 2558 in
1657 2497 1893 2578 iis,quze
1914 2515 2055 2560 cor-

414 2589 638 2669 poralis
670 2587 999 2650 necessitas
1052 2585 1398 2667 postularet,
1431 2585 1506 2648 ab
1536 2605 1656 2647 uno
1688 2604 1920 2661 eorum,
1954 2587 2057 2667 qui

405 2675 780 2743 Jamblichus
801 2675 988 2739 fuisse
1010 2674 1572 2756 perhibetur.Paulo
1591 2675 2058 2757 postimperator

408 2767 566 2847 fuga,
596 2775 656 2830 et
683 2764 949 2840 loco,ubi
990 2772 1280 2841 essent,et
1310 2763 1544 2826 vivendi
1574 2765 1804 2827 ratione
1837 2765 2052 2847 explo-

408 2866 560 2933 rata,
627 2860 714 2918 ira
773 2855 1014 2936 plenus,
1076 2853 1304 2916 obstrui
1336 2854 1640 2934 spelunca
1667 2873 1732 2916 os
1752 2854 1954 2935 jussit,
1991 2861 2054 2917 ut

405 2949 566 3010 fame
605 2954 893 3027 martyres
949 2952 1371 3008 enecarentur.
1429 2942 1662 3006 Deinde
1699 2952 1830 3022 post
1859 2961 2053 3008 annos

405 3035 785 3119 septuaginta
817 3035 1080 3113 duos.[et
1105 3034 1434 3115 trecentos]
1458 3031 1798 3096 Theodosio
1827 3051 1861 3096 a
1880 3034 2054 3097 tertia

2897 1346 3071 1418 2N1".

2455 1464 2751 1543 Μαρτύριον
2781 1468 2888 1519 τῶν
2914 1461 3079 1540 ἂιγίων
3111 1460 3245 1518 ἔπτᾶ
3275 1457 3498 1522 παίδων,

2235 1602 2574 1682 Ἀνεγνώσθη
2624 1602 2684 1660 id.
2742 1613 2835 1662 τοῦ
2906 1602 3195 1681 μαρτυρίου
3271 1606 3378 1658 τῶν
3438 1600 3602 1679 ἁγίων
3662 1601 3797 1658 ἐπτᾶ

2147 1691 2349 1752 παίδων
2383 1708 2398 1723 ⁶
2461 1693 2514 1758 ἐξ
2572 1693 2632 1750 οὗ
2688 1689 3062 1773 κεφαλαιώδης
3113 1690 3410 1759 διετυπώθη
3453 1693 3634 1770 χρεία.
3669 1691 3796 1749 ’Ὅτι

2146 1785 2208 1841 τὸ
2260 1783 2546 1861 μαρτύριον
2598 1783 2664 1834 83
2704 1783 2810 1840 τῶν
2872 1782 3036 1860 ἁγίων
3093 1781 3156 1832 81
3199 1782 3333 1839 ἐπτᾶ
3377 1780 3578 1839 παίδων
3627 1779 3798 1847 Μαξι-

2145 1875 2336 1950 μιανὸν
2384 1873 2450 1924 85
2501 1871 2842 1952 Ἰάμϐλιχον,
2902 1872 3202 1948 Μάρτιμον,
3273 1871 3572 1952 Διονύσιον,
3641 1869 3798 1937 Ἐξα-

2144 1960 2576 2042 κουστουδιανὸν,
2636 1961 2958 2018 Ἀντωνῖνον
3001 1959 3067 2010 86
3107 1965 3196 2019 καὶ
3248 1959 3528 2040 ⁹ιωσὶννην,
3573 1961 3794 2026 τούτους

2143 2053 2266 2115 τοὺς
2298 2053 2434 2110 ἑπτὰ
2476 2058 2584 2108 τῶν
2627 2049 2953 2129 εὖπατριδὼν
2985 2047 3142 2116 ὄντας
3175 2052 3262 2108 καὶ
3291 2049 3360 2106 τὰ
3399 2047 3460 2098 87
3501 2054 3600 2116 τῆς
3633 2053 3794 2108 εὗσε-

2141 2140 2287 2205 6είας
2320 2156 2536 2221 φρονεῖν
2591 2142 2678 2198 καὶ
2739 2141 3013 2218 κρατύνειν
3072 2140 3519 2221 ἐπιγνωσθέντας,
3553 2139 3792 2219 ἀχθῆναι

2142 2233 2240 2308 μὲν
2275 2219 2368 2289 ini
2396 2232 2580 2288 Δεκίου
2612 2230 2901 2310 ἀναγράφει
2931 2230 2996 2279 88
3023 2236 3115 2287 τοῦ
3168 2229 3269 2297 τῆν
3302 2219 3580 2304 Ῥωμαίων
3607 2229 3792 2310 ἀρχὴν

2142 2329 2276 2378 Θεοῦ
2349 2320 2642 2399 παροράσει
2715 2321 2788 2384 εἷς
2857 2316 3131 2397 τυραννίδα
3215 2318 3281 2368 89
3364 2317 3786 2399 διαφθείραντος,

2139 2411 2402 2492 ἀχθέντας
2433 2410 2489 2467 δὲ
2518 2410 2617 2478 τὴν
2647 2408 2820 2476 καλὴν
2851 2408 3139 2487 ὁμολογίαν
3170 2408 3533 2487 ὁμολογῆσαι,
3566 2408 3787 2488 σχολῆς

2139 2498 2195 2556 δέ
2238 2522 2380 2566 τινος
2430 2499 2598 2566 ἄλλης
2640 2499 2732 2556 τὸν
2768 2500 3020 2576 τύραννον
3072 2497 3432 2582 μεθελκούσῃς
3464 2495 3645 2553 ἄδειαν
3693 2499 3787 2555 εὖ·

2141 2591 2330 2668 ρόντας
2388 2603 2718 2670 καταφυγεῖν
2777 2588 2863 2645 ἐπί
2917 2611 2967 2645 τι
3009 2590 3275 2658 σπήλαιον
3308 2590 3363 2643 ἓν
3392 2585 3500 2660 δ’ρει
3534 2585 3787 2654 πλησιά-

2139 2687 2283 2752 ζοντι
2313 2687 2384 2754 τξλ
2426 2678 2688 2758 Ἐφεσίων
2733 2677 3068 2754 διακείμενον
3111 2675 3487 2756 μητροπόλει·
3540 2680 3630 2734 καὶ
3661 2675 3784 2734 δια-

2138 2771 2413 2828 κονεῖσθαι
2444 2769 2630 2832 αὖτοὺς
2659 2771 2716 2826 εν
2747 2767 2894 2832 ὅσοις
2925 2771 2958 2836 ἡ
2989 2767 3274 2844 σωματικὴ
3325 2765 3567 2839 έϐιάζετο
3597 2768 3783 2846 γρεία,

2132 2859 2216 2938 ὑφ’
2279 2859 2394 2925 ένὸς
2447 2861 2646 2932 αὒτῶν,
2705 2859 2762 2915 ὃν
2807 2870 3068 2937 προεῖπεν
3123 2855 3442 2938 Ἰάμϐλιχον
3480 2859 3508 2914 ὁ
3563 2856 3730 2936 λόγος
3767 2874 3783 2890 ⁸

2134 2949 2270 3026 μετὰ
2300 2947 2356 3006 δέ
2384 2969 2501 3005 τινα
2539 2949 2746 3027 βραχὺν
2802 2947 3000 3027 χρόνον
3059 2947 3294 3022 μαθόντα
3354 2948 3441 3004 καὶ
3472 2946 3573 3014 τὴν
3606 2949 3785 3027 φυγὴν

2134 3040 2326 3096 καὶτὸ
2385 3039 2585 3118 χωρίον
2649 3039 2750 3104 τῆς
2809 3033 3080 3116 διατριϐῆς
3135 3051 3221 3093 και
3265 3036 3360 3105 τὴν
3400 3034 3630 3110 δίαιταν,
3691 3039 3784 3095 καὶ

404 3145 593 3210 usque
624 3124 912 3208 progenie
943 3127 1200 3204 regalem
1232 3122 1579 3203 dignitatem
1602 3124 1968 3206 suscipiente
1995 3131 2047 3186 et

2133 3128 2300 3207 ὀργῆς
2330 3126 2550 3204 ἔμπλεώ
2580 3125 2864 3206 γεγονότα,
2898 3125 3265 3205 ἀναφραγῆναι
3304 3125 3370 3176 90
3401 3128 3460 3183 τὸ
3501 3127 3596 3183 τοῦ
3626 3149 3782 3196 σπη-

401 3217 1063 3289 administrante,Maro
1087 3222 1286 3276 autem
1320 3213 1538 3295 Ephesi
1571 3213 1824 3294 praesule
1857 3213 1914 3294 (o
1947 3232 2051 3276 no-

401 3325 537 3370 vum
563 3315 623 3370 et
645 3313 874 3368 naturre
896 3303 1246 3366 inusitatum
1270 3304 2047 3385 spectaculum),apparue-

397 3405 537 3460 runt
566 3397 822 3460 victores
853 3394 1075 3459 Christi
1108 3393 1335 3473 egregii
1367 3393 1458 3456 illi
1489 3394 1928 3474 martyres,vita
1955 3412 2047 3455 re-

399 3495 705 3568 cuperata,
742 3484 816 3547 ad
847 3503 998 3567 quos
1029 3482 1393 3546 accedentes
1423 3483 1752 3564 imperator
1780 3493 1840 3544 et
1865 3483 2045 3548 4680

395 3578 714 3660 episcopus
730 3575 922 3646 (illum
941 3580 1101 3638 enim
1124 3572 1224 3655 qui
1248 3571 1486 3652 longius
1507 3573 1716 3636 aberat
1736 3573 2044 3637 admiran-

395 3667 538 3729 dum
569 3664 715 3728 illud
753 3663 1163 3742 spectaculum
1197 3663 1376 3726 etiam
1427 3663 1699 3742 vocabat)
1729 3682 1865 3726 cum
1896 3665 2036 3745 qui-

391 3756 508 3822 bus
534 3764 595 3820 et
626 3755 729 3819 alii
754 3754 1312 3832 multi,acciderunt
1340 3753 1415 3816 ad
1444 3772 1642 3834 genua
1663 3773 2040 3836 eorum,pre-

391 3847 684 3930 cibusque
718 3855 778 3909 et
799 3845 1225 3910 benedictione
1248 3863 1456 3907 eorum
1482 3844 1649 3923 digni
1671 3843 1856 3905 habiti
1876 3851 2034 3906 sunt.

388 3937 631 4003 Assedit
649 3937 764 3999 illis
788 3937 1120 4015 imperator
1141 3943 1202 3996 et
1219 3933 1732 4013 archiepiscopus,
1749 3940 1809 3994 et
1832 3941 2038 3996 mutuo

388 4027 692 4106 colloquio
723 4024 1096 4104 babito,qum
1117 4021 1475 4102 martyribus
1504 4019 1868 4082 accidissent
1900 4040 2040 4084 con-

389 4117 624 4181 ﬁrmata
653 4121 1109 4193 sunt,certaque
1138 4111 1403 4174 reddita.
1429 4109 1496 4172 In
1519 4117 1845 4190 conspectu
1876 4111 2034 4173 enim

388 4206 665 4278 Cmsaris,
694 4211 754 4264 et
787 4201 1196 4283 praesentium,
1230 4200 1292 4262 in
1323 4199 1458 4281 ipso
1490 4198 1707 4262 iterum
1741 4209 1936 4280 antro,
1973 4201 2034 4263 in

387 4311 504 4376 quo
531 4293 850 4375 jacuerant
880 4289 1059 4353 simul
1094 4289 1490 4371 quieverunt:
1533 4299 1598 4352 ut
1625 4289 1902 4354 omnibus
1925 4311 2033 4356 eo-

2128 3216 2277 3274 λαίου
2323 3217 2500 3294 στόμα
2542 3215 2860 3296 προστάξαι,
2929 3217 3002 3279 ὡς
3048 3214 3110 3272 ἂν
3153 3214 3296 3291 λιμῷ
3325 3214 3667 3296 διαφθαρεῖεν
3733 3218 3783 3274 οἱ

2127 3307 2408 3388 μάρτυρες,
2444 3310 2581 3364 Εἶτα
2641 3306 2778 3381 μετὰ
2830 3304 2926 3373 ἔτη
2979 3304 3069 3362 δύο
3125 3305 3215 3363 καὶ
3258 3303 3626 3383 ἐϐδομήκοντα
3688 3312 3782 3364 καὶ

2126 3393 2428 3476 τριακόσια,
2465 3392 2746 3454 Θεοδοσίου
2775 3396 2873 3470 μὶν
2929 3396 3022 3451 τοῦ
3062 3396 3124 3451 ὲκ
3151 3396 3421 3473 τριγονίας
3451 3399 3550 3462 τὴν
3607 3395 3780 3472 βασί-

2126 3485 2268 3543 λειον
2313 3486 2492 3566 ἀρχὴν
2535 3483 2907 3560 διαδεξαμένου
2966 3485 3052 3541 καὶ
3100 3481 3398 3564 διέποντος,
3447 3480 3633 3563 [1401
3672 3482 3778 3566 Β]

2125 3576 2304 3654 Μάρου
2358 3573 2413 3631 δὲ
2489 3575 2588 3641 τῆς
2675 3577 2727 3631 ὲν
2802 3571 3012 3653 Ἐφέσῳ
3087 3571 3411 3641 Ἐκκλησίας
3472 3573 3569 3637 τὰς
3624 3575 3777 3651 ἱερὰς

2120 3661 2396 3746 φροντίδας
2446 3661 2942 3744 έγκεχειρισμένου,
2999 3672 3062 3719 τὸ
3112 3660 3403 3733 παράδοξον
3462 3670 3620 3721 τοῦτο
3682 3667 3776 3721 καὶ

2119 3753 2545 3834 ὑπερφυέστατον
2573 3753 2766 3829 θέαμα,
2803 3752 3072 3831 ἐφάνησαν
3117 3753 3165 3808 οἱ
3208 3758 3300 3810 τοῦ
3350 3751 3579 3831 Χριστοῦ
3623 3753 3773 3811 καλ-

2120 3843 2311 3902 λίνικοι
2381 3843 2641 3922 μάρτυρες
2709 3840 3149 3907 ἀναϐεϐιωκότες.
3215 3847 3316 3906 Οἷς
3375 3842 3768 3920 προσελθόντες

2121 3933 2150 3990 8
2189 3953 2246 3990 τε
2305 3932 2555 4009 βασιλεὺς
2607 3932 2697 3989 καὶ
2739 3934 2767 3988 ὁ
2812 3930 3101 3995 ἒπίσκοπος
3150 3929 3361 4008 (έκάλει
3398 3931 3499 4011 γὰρ
3544 3931 3641 3989 καὶ
3678 3935 3775 3992 τὸν

2118 4019 2345 4096 βασιλέα
2398 4023 2488 4078 καὶ
2541 4020 2810 4100 πόῤῥωθεν
2865 4017 3197 4100 διατρίϐοντα
3240 4021 3301 4077 τὸ
3351 4029 3446 4079 τοι)
3493 4023 3770 4100 θαύματος

2117 4111 2578 4193 ὑπερθαύμαστον)
2621 4110 2739 4188 μεθ’
2788 4113 2862 4170 ὧν
2905 4112 2992 4168 καὶ
3037 4109 3189 4168 ἄλλοι
3249 4109 3442 4168 πολλοὶ
3486 4111 3773 4190 προσέπε-

2117 4202 2215 4259 σάν
2242 4200 2292 4245 9|
2325 4222 2382 4258 τε
2414 4215 2532 4265 τοῖς
2564 4203 2718 4258 ποσὶν
2749 4200 2944 4276 αὖτῶν,
2976 4200 3066 4257 καὶ
3095 4204 3195 4268 τῆς
3229 4200 3352 4279 παρ’
3387 4202 3561 4258 αὖτῶν
3591 4203 3768 4283 εὒχῆς

2115 4290 2416 4360 ἠξιώθησαν
2448 4293 2535 4350 καὶ
2567 4290 2836 4370 εὔλογίας.
2871 4291 3190 4348 Συνεκάθισέ
3217 4311 3273 4347 τε
3297 4290 3483 4354 αὐτοῖς
3509 4289 3535 4346 δ
3566 4313 3624 4348 τε
3653 4292 3766 4370 βα-

382 4401 516 4446 rum
546 4393 707 4444 mors
731 4380 892 4444 clare
923 4379 1205 4462 patuerit,
1240 4389 1299 4442 et
1328 4381 1632 4460 incognita
1665 4383 1826 4459 prius
1860 4381 2029 4464 ipso-

2131 4381 2291 4446 πιλεὺς
2347 4383 2435 4439 καὶ
2465 4385 2492 4439 ὁ
2524 4382 2977 4462 ἆρχιεπίσκοπος,
3010 4381 3098 4437 καί
3142 4401 3286 4445 τινος
3319 4380 3538 4456 ὁμιλίας
3568 4381 3765 4461 προελ-

383 4491 516 4536 rum
552 4490 622 4533 ex
655 4473 765 4534 hac
793 4469 911 4532 vita
963 4470 1267 4532 communi
1304 4470 1598 4550 migratio.
1635 4468 1919 4534 Octavum
1970 4480 2029 4536 et

2131 4472 2303 4539 latior):
2332 4469 2411 4547 9³,
2473 4469 2541 4527 δι’
2599 4472 2666 4540 ἧς
2728 4473 2816 4528 καὶ
2844 4471 2910 4528 τὰ
2952 4470 3090 4527 κατᾶ
3119 4471 3242 4536 τοὺς
3275 4471 3460 4548 ἁγίους
3492 4472 3577 4529 ἐπὶ
3607 4472 3762 4548 μᾶλ-

387 4561 759 4625 tricesimum
810 4579 1032 4623 annum
1093 4567 1236 4622 tunc
1292 4558 1666 4622 Theodosius
1721 4572 2021 4640 regnarat,

388 4653 630 4736 quando
659 4651 771 4714 hoc
802 4651 1122 4714 maximum
1153 4650 1513 4713 miraculum
1545 4649 1678 4711 orbi
1715 4659 2022 4713 ostensum

377 4743 565 4806 voluit
620 4745 804 4808 Deus.
866 4740 1155 4821 Exigebat
1216 4748 1340 4803 tum
1395 4757 1465 4803 ea
1517 4746 1845 4820 tempestas
1908 4741 2024 4804 tale

383 4834 743 4915 prodigium.
778 4830 1134 4895 Theodorus
1163 4831 1432 4913 quidam,
1483 4830 1712 4891 utinam
1769 4830 1850 4892 ita
1905 4849 2022 4894 non

379 4922 612 5002 fuisset,
646 4923 966 5006 episcopus
994 4919 1316 5004 Egeorum
1349 4925 1498 4984 erat.
1531 4917 1874 4997 Hic,nescio
1905 4939 2024 5004 qua

2107 4559 2200 4618 λον
2259 4559 2562 4620 ἐϐεϐαιοῦτο
2635 4561 2726 4618 καὶ
2782 4561 2844 4617 τὸ
2924 4558 3236 4617 ἂδίστακτον
3319 4559 3758 4639 προσελάμϐανε,

2107 4651 2230 4709 κατ’
2290 4651 2518 4710 ἐνώπιον
2563 4653 2721 4710 αὐτοῦ
2758 4672 2815 4708 τε
2866 4651 2960 4708 τοῦ
3013 4649 3275 4726 βασιλέως
3335 4652 3562 4708 καὶτῶν
3624 4676 3761 4728 συμ-

2106 4744 2383 4822 παρόντων
2424 4740 2509 4822 9³,
2546 4742 2600 4798 έν
2657 4741 2800 4815 αὐτῷ
2856 4738 3019 4798 πάλιν
3076 4746 3156 4815 τῷ
3212 4739 3462 4816 σπηλαίῳ
3493 4742 3549 4798 ἐν
3591 4743 3636 4818 ᾧ
3666 4745 3759 4802 καὶ

2106 4833 2439 4907 κατέκειντο,
2486 4831 2848 4890 ἀνεπαύσαντο
2891 4827 3028 4906 ἅμα,
3082 4834 3178 4896 τῆς
3226 4829 3527 4910 ἀδιαιρέτου
3559 4831 3755 4897 τελευ-

2103 4927 2202 4990 τῆς
2235 4924 2407 4982 αὐτῶν
2462 4920 2550 4978 ὑπ’
2596 4918 2720 4996 ὄψιν
2769 4921 2982 4978 παντων
3037 4919 3405 4998 γεγενημένης
3441 4920 3754 5004 έπιμαρτυο

1689 5097 1955 5165 νΑιιιΑς
2008 5097 2446 5166 LECTIONES.

458 5229 508 5275 8|
557 5231 732 5309 μένην
761 5229 835 5294 Α,
877 5226 933 5274 8!
961 5246 1092 5312 qua
1123 5229 1256 5311 ῥοει
1286 5229 1432 5287 ἔθετο
1481 5225 1876 5302 addebantur,
1912 5227 2067 5294 τέλος
2097 5233 2194 5296 τῆς
2249 5227 2482 5307 ἐκλογῆς
2513 5229 2611 5295 τῆς
2645 5227 2763 5302 stipi
2791 5227 2883 5284 τὸν
2925 5226 3039 5302 βίον
3066 5231 3158 5282 τοῦ
3209 5225 3506 5367 ἆὲχιερέως
3540 5216 3756 5303 Ῥώμης

458 5314 671 5367 inanimi
699 5313 1016 5367 Γοηνοοίου-
1049 5311 1222 5367 omisi
1257 5328 1396 5367 cum
1426 5307 1547 5367 AB.
1591 5308 1656 5358 83
1685 5310 1746 5366 τὸ
1779 5309 2088 5367 μαρτύριον]
2119 5309 2185 5366 τὰ
2213 5311 2453 5367 ὀνόματα
2481 5306 2552 5367 Β.
2597 5305 2652 5352 3‘
2678 5313 2786 5364 τῶν
2815 5307 2978 5367 ἁγίων
3007 5304 3151 5367 add.
3185 5310 3226 5365 Α
3288 5351 3302 5364 .
3332 5306 3398 5358 85
3421 5304 3754 5367 Μαξιμιανόν

379 5304 671 5401 θαυμασίου
689 5304 1017 5401 γρηγορὲξῷ
1030 5304 1222 5401 Baiis!
1257 5328 1404 5401 cum.
1426 5307 1547 5373 AB.
1579 5308 1656 5401 .33
1685 5310 1746 5401 τδ
1778 5309 2088 5389 μαρτύριον]
2119 5309 2185 5366 τὰ
2213 5304 2453 5401 ὀνόματα
2481 5306 2552 5372 Β.
2570 5305 2652 5400 ’8⁸
2672 5313 2786 5401 τῶν
2815 5307 2987 5401 ἁγίων
3007 5304 3159 5401 διὲξ,

987 5384 1076 5454 ΞΒ
1107 5389 1459 5470 Μαξιμιανός,
1491 5387 1596 5470 qni
1624 5384 2109 5470 caetera'quoqu—e
2152 5384 2394 5452 nomina
2424 5386 2786 5450 nominative
2817 5387 3013 5449 etlert.
3056 5384 3122 5436 86
3143 5385 3486 5466 ’Λντωνῖνον]
3519 5388 3607 5445 καὶ
3639 5397 3753 5446 Av-

987 5473 1053 5535 λε
1088 5473 1183 5537 τάς
1229 5469 1319 5532 vel
1354 5472 1471 5534 τούς
1671 5470 1737 5521 88
1763 5468 2234 5550 ἀναγραφειβεάάε
2257 5470 2354 5550 ῨΑ.
2427 5470 2503 5550 ’89
2536 5470 2609 5533 είς
2641 5469 2738 5550 τὴν
2771 5465 3158 5550 ταραννίδα-ς.
3339 5467 3747 5549 ἀναφραγῆναι]

377 5398 452 5460 Α.
486 5391 871 5468 Μαξιμιλιανόν
899 5394 963 5468 ς’

377 5487 604 5533 τωνῖνον
633 5471 707 5536 Α.
777 5472 840 5523 37
868 5475 935 5531 τά
963 5473 1012 5535 Α
1038 5489 1053 5534 2
1088 5473 1183 5537 τάς
1229 5469 1319 5532 vel
1354 5469 1471 5534 τούς

3332 5306 3398 5358 85
3421 5304 3754 5381 Μαξιμιανόν

375 5553 586 5636 quidni
631 5554 1002 5636 ἀποφραγῆναι
1033 5551 1268 5636 {intra
1288 5558 1456 5615 certe
1496 5544 1840 5634 ἆπάφραττον
1980 5544 2100 5614 λ68
2131 5567 2171 5614 a
2206 5549 2333 5632 33).
2419 5548 2470 5594 ⁰¹
2503 5544 2846 5630 προσέπεσόν-
2896 5546 2965 5614 Β.
3048 5544 3106 5591 9³
3137 5544 3499 5630 προελθούσης
3564 5544 3687 5630 mg.
3721 5544 3746 5614 Ξ

373 5630 517 5701 libri
541 5630 965 5715 προσελθούσης.
1049 5630 1104 5679 9³
1131 5635 1408 5718 παρόντων
1453 5640 1521 5694 Δ.
