4008 6210
530 340 638 402 107

527 561 794 623 Romano
829 561 890 621 in
913 557 1242 621 Occidente
1270 557 1518 636 imperio
1545 557 1797 636 praefuit,
1826 559 2020 620 fratris
2041 561 2160 621 Ma-

525 649 774 712 ximiani
807 645 1228 710 ﬁlius.Etenim
1252 645 1652 725 alterquidem
1671 654 1797 708 erat
1815 647 2157 710 Maximiani

526 739 768 818 prioris,
803 737 954 797 alter
985 732 1360 796 Diocletiani.

607 823 1028 887 Constantinus
1054 823 1184 902 pius
1205 822 1284 882 im
1295 831 1554 902 perator,
1578 824 1920 895 homicidia,
1937 821 2153 896 caedes,

525 915 818 992 virginum
865 922 1090 992 stupra,
1128 920 1186 972 et
1212 920 1418 992 raptus
1449 911 1774 972 alienarum
1813 912 2150 981 mulierum,

525 1011 586 1064 et
607 1002 973 1073 violentiam,
1000 1000 1216 1080 quibus
1238 1000 1502 1062 nefarius
1523 1001 1624 1062 ille
1643 1001 1978 1063 Maxentius
1999 999 2158 1060 dele-

526 1091 820 1165 ctabatur,
857 1108 1254 1166 cognoscens,
1290 1099 1348 1150 et
1379 1109 1484 1170 per
1516 1091 1738 1169 legatos
1769 1090 1971 1151 Roma;
1999 1107 2032 1149 a
2057 1107 2153 1150 se-

519 1189 662 1241 natu
711 1179 1009 1239 viudicem
1066 1197 1130 1238 se
1178 1187 1354 1258 atque
1400 1190 1752 1241 assertorem
1807 1178 2095 1258 appellari
2137 1200 2150 1235 :

518 1270 792 1331 hortatur
815 1276 1126 1348 tyrannum
1152 1285 1257 1346 per
1283 1267 1530 1342 litteras,
1554 1280 1620 1330 ut
1640 1268 1932 1329 abstineat
1953 1267 2025 1327 ab
2048 1267 2154 1327 im-

520 1356 633 1435 piis
663 1355 967 1435 operibus.
1002 1355 1374 1417 Persuadere
1399 1374 1532 1418 cum
1560 1375 1676 1416 non
1706 1364 1906 1435 posset
1926 1354 2147 1430 verbis,

517 1443 677 1506 bello
729 1444 992 1519 tentavit,
1046 1461 1356 1522 pugnaque
1389 1462 1765 1522 congressus,
1803 1444 1994 1524 primo
2031 1462 2150 1504 non

519 1531 729 1613 procul
782 1531 968 1592 abfuit
995 1531 1138 1609 quin
1168 1532 1607 1595 succumberet.
1657 1533 1800 1595 Cum
1853 1545 2052 1594 autem
2086 1533 2148 1592 in

518 1623 670 1683 ccelo
702 1620 755 1680 ei
787 1620 984 1680 crucis
1015 1619 1209 1680 forma
1237 1630 1576 1700 appareret,
1610 1622 1876 1682 materiai
1907 1631 2150 1700 erperte

526 1709 756 1770 lumine
789 1709 1052 1786 ﬁgurata,
1080 1717 1138 1768 et
1168 1709 1383 1769 litteris
1414 1710 1680 1789 ejusdem
1706 1709 1889 1786 modi,
1908 1710 2150 1770 victoria

1704 331 1966 398 PHOTII
2013 328 2524 396 PATRIARCH/E
2566 327 2676 392 CP.

528 473 823 553 reliquam
861 467 1121 533 Orientis
1149 475 1374 548 partem
1407 467 1614 528 tenuit.
1642 465 1973 530 Maxentius
2020 485 2148 530 vero

2243 466 2512 522 σταντίνου
2566 463 2832 540 βασιλεύει
2872 480 2886 494 ⁸

3755 329 3877 394 108

2953 464 3052 531 τὴν
3109 461 3161 518 δὲ
3217 462 3412 529 λοιπὴν
3459 468 3556 529 τῆς
3601 462 3773 538 Ἐᾥας
3821 464 3880 508 19

2240 568 2437 632 μοῖραν
2499 554 2822 628 Μαξιμιανὸς
2879 553 3098 632 ἐπεῖχε,
3151 551 3434 618 Μαξέντιος
3494 551 3547 608 δὲ
3589 559 3686 620 τῆς
3731 557 3878 611 κατὰ

2243 635 2458 718 Ῥώμην
2511 647 2702 722 ἦρχεν,
2740 641 3041 720 ἀδελφιδοῦς
3074 641 3148 698 ὢν
3180 640 3530 716 Μαξιμιανοῦ’
3579 647 3666 699 καὶ
3710 645 3814 721 γὰρ
3849 647 3877 700 ὁ

2239 734 2336 808 μὲν
2360 734 2425 800 ἦν
2459 732 2786 803 Μαξιμιανοῦ
2816 739 2906 788 τοδ
2935 731 3217 808 προτέρου,
3246 733 3274 785 ὃ
3304 731 3357 786 δὲ
3396 731 3813 799 Διοκλητιανοῦ.

2321 820 2442 880 ’Ότι
2491 832 2888 880 Κωνσταντϊνος
2926 823 2952 876 δ
2984 818 3207 886 εὐσεϐὴς
3238 819 3509 899 βασιλεὺς,
3556 823 3681 885 τοὺς
3713 823 3875 896 μιᾶι-

2239 909 2430 988 φόνους
2460 911 2650 988 φόνους
2693 913 2780 966 καὶ
2826 910 2918 972 τὰς
2967 908 3245 987 διαφθορὰς
3304 910 3408 965 τῶν
3454 912 3723 989 παρθένων
3784 914 3876 966 καὶ

2237 1001 2331 1061 τὰς
2377 999 2618 1076 ἁρπαγὰς
2663 1006 2766 1055 τῶν
2827 998 3110 1074 ἀλλοτρίων
3157 1002 3421 1076 γυναικῶν
3482 1001 3692 1061 καὶτὰς
3723 1001 3872 1075 βίας,

2239 1089 2332 1152 αἷς
2391 1091 2419 1144 ὁ
2476 1089 2747 1166 ἰξάγιστος
2792 1088 3046 1167 ἑνετρύφα
3102 1087 3413 1160 Μαξέντιος,
3463 1088 3600 1156 ἀκοῆ
3659 1092 3870 1164 μαθὼν,

2236 1179 2324 1233 καὶ
2380 1183 2486 1232 τῶν
2545 1178 2599 1232 ἐν
2640 1178 2826 1251 Ῥώμη
2887 1174 3448 1254 διαπρεσϐευσαμένων
3477 1179 3650 1256 σφίσιν
3681 1179 3870 1240 αὐτοῖς

2236 1272 2451 1342 σωτῆρα
2511 1269 2596 1322 καὶ
2656 1265 2928 1341 λυτρωτὴν
2986 1267 3249 1344 γενέσθαι,
3302 1280 3553 1342 παραινεῖ
3617 1269 3712 1340 μὲν
3781 1266 3870 1323 διᾶ

2234 1356 2564 1432 γραμμάτων
2621 1357 2714 1410 τὸν
2758 1356 3009 1433 τύραννον
3055 1354 3390 1434 ἀποσχέσθαι
3445 1364 3550 1412 τῶν
3594 1356 3867 1429 ἐκθέσμων

2235 1443 2425 1522 ἔργων,
2487 1445 2546 1500 οὗ
2606 1446 2797 1500 πείθων
2855 1443 3144 1522 δὲηλὸγοις
3201 1445 3423 1501 ἅπτεται
3469 1445 3727 1520 πολέμου.
3767 1449 3867 1504 Καὶ

2231 1534 2561 1608 συμπλακεὶς
2604 1535 2785 1613 μάχῃ,
2820 1535 2885 1589 τὰ
2943 1541 3126 1609 πρῶτα
3175 1533 3271 1608 μὲν
3316 1533 3473 1612 ἐγγὺς
3528 1537 3726 1611 γίνεται
3773 1535 3867 1591 τοῦ

2232 1623 2418 1680 λαϐεῖν
2463 1626 2530 1679 τὸ
2587 1624 2746 1690 ἧττον
2781 1642 2796 1658 ·
2839 1623 3090 1701 φανέντος
3132 1621 3180 1678 δ’
3243 1623 3383 1695 αὒτῷ
3413 1626 3549 1680 κατὰ
3577 1628 3669 1680 τὸν
3699 1627 3866 1702 οὖρα-

2232 1715 2320 1768 νὸν
2377 1720 2468 1769 τοῦ
2497 1715 2662 1771 τύπου
2692 1721 2785 1770 τοῦ
2815 1719 3061 1790 σταυροῦ,
3098 1713 3229 1791 φωτὶ
3260 1713 3402 1785 ἆϋλῳ
3457 1713 3868 1793 ὲ-ςκεχαραγμε-

522 1797 817 1876 promissa
849 1806 1026 1870 esset,
1061 1797 1139 1856 ita
1170 1797 1328 1857 enim
1361 1798 1710 1876 inscriptum
1744 1807 1868 1859 erat
1897 1820 1909 1856 :
1947 1798 2016 1859 In
2040 1799 2148 1859 huc

2235 1825 2322 1858 νου
2371 1804 2456 1858 καὶ
2511 1804 2789 1880 γράμμασι
2842 1807 2940 1867 τῆς
2987 1804 3150 1866 αὐτῆς
3194 1801 3325 1866 ὕλης
3388 1803 3872 1879 εὒαγγελιζομένου

521 1889 738 1947 vince:
773 1886 980 1963 proelio
1011 1903 1393 1964 congressus,
1430 1896 1489 1947 et
1519 1885 1665 1948 belli
1693 1896 1750 1946 et
1783 1889 2011 1966 tyranni
2041 1888 2149 1948 im-

522 1975 756 2055 perium
781 1975 969 2036 victor
990 1974 1337 2048 cepit.Ante
1365 1976 1635 2054 proelium
1663 1978 1810 2036 hanc
1825 1994 1953 2056 qua?
1975 1995 2149 2056 appa-

520 2064 642 2124 ruit
672 2081 910 2126 crucem
942 2064 1002 2122 in
1028 2063 1214 2141 signis
1245 2065 1536 2142 ﬁguravit,
1562 2074 1616 2125 et
1640 2065 2150 2144 aureislapidibus

519 2153 844 2228 adornans,
878 2153 1047 2214 dedit
1093 2153 1192 2232 qui
1214 2163 1349 2213 ante
1378 2153 1669 2232 equitaret
1698 2156 2058 2229 ferensdam,
2092 2166 2150 2217 et

520 2244 849 2305 Maxentius
898 2241 1304 2322 praedecessit.
1358 2241 1502 2302 Nam
1549 2245 1618 2302 iis
1648 2243 1900 2322 laqueis,
1936 2245 2149 2325 quibus

523 2332 974 2394 Constantinum
997 2349 1213 2410 capere
1237 2331 1602 2406 decreverat,
1622 2341 1828 2412 captus
1847 2333 2152 2395 est.Fece-

523 2430 617 2481 rat
649 2420 805 2479 enim
832 2427 1069 2496 pontem
1094 2419 1274 2478 alium
1293 2421 1462 2497 juxta
1485 2430 1726 2500 pontem
1750 2422 2004 2482 Milvium
2031 2441 2148 2482 non

526 2508 794 2586 procula
814 2507 1028 2579 Roma,
1048 2515 1175 2566 astu
1200 2508 1482 2585 quodam,
1508 2527 1624 2586 quo
1652 2520 1830 2588 ponte
1855 2513 2146 2572 Constan-

526 2597 715 2656 tinum
747 2597 1075 2656 irruentem
1103 2596 1354 2673 perdere
1378 2599 1694 2673 cogitabat.
1728 2597 1931 2659 Versis
1962 2600 2019 2659 in
2052 2601 2147 2659 fu-

521 2704 651 2764 gam
684 2685 758 2744 iis
788 2685 887 2764 qui
918 2683 1104 2744 Roma
1134 2691 1436 2756 venerant,
1464 2686 1836 2765 maximaque
1866 2695 1993 2746 orta
2025 2696 2145 2747 tre-

527 2775 856 2855 pidatione,
887 2771 1214 2833 Maxentius
1247 2771 1365 2832 doli
1397 2781 1608 2833 auctor
1638 2793 1770 2834 cum
1805 2777 1949 2842 suis.
1976 2784 2146 2854 rupto

517 2863 712 2924 fallaci
746 2869 948 2941 ponte,
975 2859 1365 2939 praecipitavit
1385 2860 1444 2920 in
1467 2862 1714 2941 ﬂumen,
1739 2872 1796 2924 et
1819 2865 2147 2924 exstinctus

525 2961 638 3016 est.
675 2951 879 3030 Itaque
907 2949 1237 3011 Maxentius
1269 2948 1468 3026 periit,
1493 2958 1552 3010 et
1574 2952 1810 3028 imperii
1836 2970 1970 3031 pars
1991 2951 2148 3013 illius

524 3041 596 3103 ad
647 3037 1097 3101 Constantinum
1129 3037 1331 3110 rediit,
1364 3046 1421 3097 et
1447 3039 1666 3099 subditi
1718 3058 1836 3100 non
1870 3041 2044 3100 modo
2073 3041 2147 3102 ab

2232 1893 2331 1956 τὴν
2378 1893 2524 1957 νίκην
2568 1891 2748 1968 (ἔλεγε
2793 1892 2892 1967 γὰρ
2933 1893 2994 1945 τὸ
3049 1891 3291 1967 γράμμα,
3327 1888 3416 1946 Ἐν
3471 1893 3643 1965 τούτῳ
3695 1895 3866 1971 νίκα),

2233 1978 2517 2053 συμϐαλὼν
2575 1994 2694 2040 τοῖς
2757 1979 3042 2053 πολεμίοις
3099 1981 3184 2034 καὶ
3243 1978 3336 2034 τοῦ
3381 1978 3616 2052 πολέμου
3658 1983 3875 2041 καὶτοῦ

2232 2070 2483 2146 τυράννου
2525 2068 2766 2124 σκυλεύει
2812 2070 2870 2124 τὸ
2914 2068 3127 2144 κράτος.
3179 2068 3284 2142 Πρδ
3329 2067 3383 2122 δὲ
3442 2069 3541 2135 τῆς
3615 2070 3870 2142 συμπλο-

2232 2163 2334 2223 γῆς
2371 2181 2470 2224 την
2531 2160 2674 2213 θείαν
2735 2157 2856 2231 ὄψιν
2915 2159 2987 2222 εἷς
3037 2157 3288 2228 τροπαίου
3333 2159 3527 2236 σχῆμα
3579 2161 3869 2237 μορφώσας

2234 2248 2319 2302 καὶ
2368 2245 2826 2325 χρυσοκολλήτοις
2859 2245 3020 2306 λίθοις
3054 2246 3292 2323 ἁρμόσας
3323 2244 3486 2304 ἐδίδου
3527 2247 3716 2325 φέρειν
3747 2263 3869 2314 τοῖς

2234 2337 2618 2410 προϊππεύουσι
2679 2333 2760 2394 20.
2812 2336 2910 2391 Καὶ
2961 2335 3161 2411 γίνεται
3221 2334 3318 2407 μὲν
3377 2332 3665 2398 Μαξέντιος
3713 2338 3873 2393 αὐτού

2230 2424 2441 2499 θήραμα
2476 2443 2490 2456 ·
2548 2425 2636 2485 οἷς
2687 2426 2787 2500 γὰρ
2847 2421 3086 2500 ἐνήδρευε
3127 2433 3526 2480 Κωνστανττνον
3553 2427 3867 2505 θηράτροις,

2231 2511 2386 2576 αὐτὸς
2430 2513 2681 2589 ἐθηράθη.
2735 2511 2975 2587 Ἐπήγνυ
3007 2513 3104 2585 μὲν
3163 2515 3263 2588 γὰρ
3317 2513 3445 2588 πρὸς
3502 2518 3601 2580 τῆς
3649 2515 3866 2589 Ῥώμης

2230 2603 2346 2677 περὶ
2382 2602 2478 2665 την
2538 2600 2768 2658 Μουλίαν
2797 2599 2846 2640 εί
2902 2601 3127 2678 γέφυραν
3187 2599 3340 2656 δόλου
3383 2601 3610 2680 γέφυραν
3665 2601 3862 2677 ἄλλην,

2230 2686 2298 2742 δι’
2329 2688 2392 2752 ἧς
2438 2688 2624 2758 ἤλπιζε
2670 2691 2760 2744 τὸν
2797 2699 3200 2746 Κωνσταντῐνον
3233 2688 3586 2746 ἐπελαύνοντα
3631 2690 3862 2770 διαφθα-

2231 2797 2382 2852 ρηναι
2418 2793 2431 2804 ⁹

2231 2867 2320 2921 σὺν
2372 2867 2595 2944 ταραχῳ
2635 2864 2819 2925 πολλώ
2856 2866 3223 2944 γεγενημένης
3265 2868 3421 2931 αὐτὸς
3468 2870 3494 2924 ὁ
3556 2878 3645 2925 τοῦ
3703 2869 3864 2928 δόλου

2231 2954 2483 3032 τεχνίτης
2535 2957 2626 3010 σὺν
2685 2969 2802 3018 τοῖς
2861 2956 3163 3030 ἑπομένοις,
3247 2955 3613 3034 διαῤῥαγείσης
3675 2961 3864 3023 αὐτοῖς

2231 3048 2329 3109 τῆς
2389 3044 2775 3121 σεσοφισμένης
2812 3046 3062 3121 γεφύρας,
3121 3043 3308 3100 κατέδυ
3361 3066 3417 3101 τε
3450 3048 3524 3108 εἰς
3551 3060 3644 3102 τον
3686 3071 3862 3104 ποτα-

2488 2783 2583 2842 τῆς
2643 2781 2842 2852 τροπῆς
2901 2775 2955 2832 δὲ
2997 2785 3102 2832 τῶν
3154 2778 3260 2834 ἀπὸ
3307 2771 3521 2852 Ῥώμης
3554 2780 3724 2846 ὀξείας
3757 2786 3857 2839 καί

525 3125 953 3191 immedicabili
985 3127 1139 3222 inan
1171 3127 1558 3222 reapirarunt,
1584 3128 1689 3188 sed
1717 3139 1774 3189 et
1798 3129 1911 3189 laeti
1933 3129 2145 3190 festum

2235 3134 2331 3205 μὸν
2359 3134 2446 3187 καὶ
2479 3131 2648 3196 ἐξέπιε
2680 3134 2770 3187 τὸν
2801 3133 3045 3194 θάνατον.
3094 3132 3247 3190 Ἀλλ’
3297 3133 3432 3189 οὕτω
3484 3136 3581 3206 μὲν
3626 3139 3713 3192 καὶ
3747 3145 3870 3193 Μα-

522 3217 682 3279 diem
717 3221 983 3294 egerunt.
1020 3212 1282 3274 Licinius
1313 3225 1507 3275 autem
1537 3217 1773 3290 gentilis
1796 3218 1853 3276 in
1885 3217 2014 3297 pios
2035 3237 2148 3278 sw-

2235 3219 2426 3284 ξέντιος
2472 3219 2746 3297 διεφθάρη,
2809 3225 2894 3276 καὶ
2965 3223 3038 3282 εἰς
3118 3232 3518 3280 Κωνσταντῐνον
3570 3227 3603 3292 ἡ
3665 3227 3877 3284 ἐκείνου

519 3306 644 3382 viit,
683 3306 875 3384 primo
907 3303 1152 3381 quidem
1186 3303 1446 3377 occulte,
1496 3315 1655 3366 metu
1685 3306 1896 3377 aﬂinis,
1932 3309 2149 3368 deinde

520 3404 728 3474 aperto
748 3394 1366 3453 marte.lnveteratum
1383 3393 1540 3452 enim
1567 3394 1780 3454 malum
1799 3395 2152 3474 plerumque

523 3493 581 3547 et
609 3483 790 3543 fotum
824 3483 980 3542 intus
1012 3489 1300 3558 perpetuo
1334 3481 1523 3542 latere
1555 3485 1784 3562 nequit,
1830 3495 1889 3546 et
1921 3487 2147 3564 pridem

520 3572 869 3634 meditatum
903 3571 1064 3629 foras
1098 3571 1334 3630 tandem
1368 3576 1643 3651 erumpit.
1682 3573 1874 3644 Quare
1908 3575 2149 3636 infanda

520 3660 863 3743 persecutio.
879 3659 936 3718 in
953 3657 1316 3720 Christianos
1337 3659 1515 3719 movit
1538 3661 1699 3740 pium
1727 3666 2144 3742 imperatorem

520 3761 724 3812 contra
771 3747 1023 3826 impium
1057 3746 1292 3807 afﬁnem
1327 3749 1398 3808 ad
1425 3749 1655 3827 justum
1689 3751 1916 3825 odium,
1969 3763 2025 3814 et
2075 3772 2146 3814 ex

520 3840 658 3902 odio
690 3847 888 3898 natum
925 3835 1169 3896 bellum.
1201 3835 1398 3896 Multis
1420 3837 1592 3897 4701)
1620 3840 1914 3917 variisque
1938 3841 2145 3918 pugnis

519 3925 851 3988 commissis
887 3933 1045 3984 terra
1077 3923 1368 4000 marique,
1417 3923 1680 3982 Licinius
1726 3926 1980 3986 inferior
2031 3937 2138 3989 est.

518 4015 634 4079 Sed
669 4014 1045 4091 imperatoris
1075 4009 1442 4085 benignitate
1472 4010 1680 4083 fretus,
1729 4014 1987 4091 seipsum
2032 4016 2143 4076 de-

519 4105 694 4174 didit,
747 4109 806 4159 et
851 4100 1070 4158 frustra
1099 4116 1216 4156 non
1248 4098 1427 4156 fuisse
1470 4109 1837 4176 compertum
1874 4111 1984 4166 est.
2038 4103 2143 4164 Di-

521 4193 780 4251 mittitur
827 4188 985 4245 enim
1043 4184 1200 4244 liber
1252 4184 1451 4244 multis
1499 4184 1788 4248 obnoxius
1839 4192 2047 4269 pinnis,
2087 4204 2146 4255 et

518 4275 945 4338 Thessalonica
975 4273 1082 4345 illi,
1117 4283 1180 4332 ut
1211 4293 1342 4334 cum
1379 4276 1539 4334 omni
1570 4281 1887 4340 securitate
1918 4282 2000 4341 ibi
2030 4283 2141 4344 de-

2235 3308 2392 3386 μερίς
2435 3311 2765 3385 περιίσταται
2803 3325 2815 3338 ⁸
2884 3311 2970 3365 καὶ
3026 3311 3086 3364 τὸ
3141 3312 3379 3378 ὑπήκοον
3427 3315 3486 3368 οὗ
3543 3316 3704 3387 μόνον
3772 3317 3880 3371 ἆν-

2234 3400 2449 3454 έπνευσε
2480 3405 2584 3452 τῶν
2618 3398 2926 3464 ἀνηκέστων
2960 3403 3162 3474 κακῶν,
3198 3401 3333 3455 ἀλλὰ
3365 3404 3451 3457 καὶ
3483 3402 3537 3458 ἐν
3563 3401 3619 3444 29
3648 3403 3794 3476 εὐδίᾳ
3824 3403 3886 3448 ³³

2234 3488 2379 3562 πάσῃ
2413 3488 2664 3561 ἑώρταζε,
2699 3489 2955 3552 Τικίννιος
3001 3485 3056 3542 δὲ
3114 3491 3212 3554 την
3265 3488 3507 3556 Ἕλληνα
3551 3492 3702 3558 δόξαν
3733 3515 3878 3572 συγ-

2231 3584 2459 3655 κροτῶν,
2491 3576 2788 3650 ἐξεμαίνετο
2833 3578 2969 3632 κατα
2998 3583 3100 3632 τῶν
3131 3575 3386 3651 εὐσεϐῶν,
3421 3582 3483 3634 τὰ
3530 3583 3714 3659 πρῶτα
3768 3585 3875 3658 μὲν

2230 3665 2396 3742 λάθρα
2454 3662 2601 3742 φόϐῳ
2657 3674 2747 3720 του
2803 3665 3085 3735 κηδεστοῦ,
3149 3666 3363 3744 ὕστερον
3407 3666 3460 3722 δὲ
3520 3673 3773 3729 καὶκατὰ
3805 3677 3874 3729 τὸ

2231 3753 2459 3832 ἐμφανές
2495 3774 2507 3786 ·
2559 3755 2801 3832 χρονίζον
2842 3756 2942 3831 γὰρ
2995 3757 3084 3810 καὶ
3134 3756 3558 3833 δποτρειρόμενον
3613 3758 3759 3815 ἔνδον
3803 3765 3871 3818 τὸ

2229 3840 2397 3896 δεινὸν
2453 3844 2524 3903 ὡς
2579 3845 2644 3897 τα
2693 3841 2870 3897 πολλὰ
2926 3843 3402 3920 συγκεκλεισμένον
3461 3846 3632 3919 μένειν
3664 3849 3724 3905 οὗ
3769 3849 3868 3906 δύο

2229 3953 2404 4004 ναται,
2434 3930 2570 3985 ἀλλὰ
2597 3929 2682 3985 διὰ
2734 3938 2834 3986 τῶν
2893 3931 3042 3997 ἐκτὸς
3098 3931 3397 4008 θριαμϐεύει
3440 3938 3526 3991 καὶ
3575 3938 3636 3993 τὸ
3694 3938 3866 3996 πάλαι

2230 4018 2625 4094 μελετώμενον.
2689 4010 2746 4077 (Ο
2825 4023 2996 4079 τοίνυν
3071 4023 3206 4078 κατὰ
3262 4029 3366 4077 τῶν
3423 4021 3478 4064 ίδ
3531 4033 3870 4102 Χριστιανῶν

2229 4107 2522 4186 ἀδιήγητος
2582 4109 2817 4186 διωγμὸς
2878 4123 3017 4166 κινεῖ
3060 4113 3152 4166 τὸν
3196 4109 3385 4178 εὐσεϐῆ
3445 4114 3666 4189 βασιλέα
3723 4119 3869 4173 κατὰ

2228 4201 2319 4254 τοῦ
2374 4196 2786 4256 δυσσεϐεστάτου
2845 4197 3085 4277 γαμϐροῦ
3130 4201 3201 4262 είς
3236 4214 3398 4270 μῖσος
3428 4201 3650 4278 δίκαιον,
3683 4207 3774 4260 καὶ
3806 4209 3871 4263 τὸ

2229 4299 2388 4361 μῖσος
2432 4290 2523 4342 τὸν
2567 4289 2802 4360 πόλεμον
2861 4287 3058 4348 ἔτικτε.
3106 4287 3320 4354 Πολλῆς
3356 4287 3410 4344 δὲ
3454 4293 3542 4348 καὶ
3588 4292 3871 4349 παντοδα-

519 4375 708 4444 geret,
758 4363 1110 4440 assignatur.
1145 4363 1285 4457 Ipse.
1309 4380 1444 4423 vero
1475 4365 1902 4429 humanitatem
1935 4373 2139 4447 armis,

2235 4378 2356 4440 ποῦς
2385 4378 2846 4453 σο-γκροτοιδμένης
2877 4377 3066 4454 μάχης
3118 4379 3252 4433 κατά
3300 4399 3357 4433 τε
3387 4377 3447 4429 25
3477 4386 3580 4457 γῆν
3611 4384 3699 4438 καὶ
3729 4385 3874 4438 κατὰ

519 4472 726 4516 amens
757 4452 909 4512 cladi
939 4450 1343 4512 restaurandaa
1375 4463 1744 4531 permutans,
1786 4444 2143 4523 seditionem

2235 4467 2492 4522 θάλασσαν
2524 4462 2580 4507 2⁸
2618 4468 2840 4532 ἡττᾶται
2897 4467 3182 4540 Λικίννιος,
3233 4468 3320 4522 καὶ
3369 4474 3436 4542 τῇ
3464 4476 3557 4524 τοῦ
3598 4471 3869 4545 βασιλέως

522 4543 860 4621 concitavit,
893 4557 1023 4619 quin
1052 4539 1218 4600 illum
1244 4540 1405 4618 justa
1437 4542 1697 4604 vindicta
1723 4545 1838 4606 vita
1871 4548 2143 4627 privavit.

2235 4554 2589 4633 φιλανθρωπίᾳ
2636 4555 2908 4619 πεποιθὼς
2960 4539 3170 4610 ἑαυτὸν
3206 4539 3465 4618 ἐκδίδωσι.
3527 4539 3624 4616 καὶ
3682 4561 3871 4632 μάτην

517 4633 726 4712 θαρῤεῐν
775 4635 867 4689 οὒκ
946 4629 1234 4721 ἠλέγχετο·
1281 4631 1487 4721 ἀφίεται
1559 4634 1656 4721 μὲν
1715 4637 1837 4712 γὰρ,
1897 4639 2113 4696 πολλῶν
2176 4629 2454 4706 ὑπεύθυνος
2522 4643 2593 4699 ὥν
2637 4650 2928 4720 τιμωριῶν,
2983 4644 3343 4721 ἀτιμώρητος,
3406 4650 3492 4703 καὶ
3553 4649 3587 4714 ἡ
3651 4629 3874 4704 Θεσσα-

517 4723 702 4788 λονίκη
757 4724 899 4812 αὐτῷ
928 4720 1042 4812 σὺν-
1063 4718 1208 4812 ἀδείᾳ
1237 4725 1328 4812 ζῇν
1378 4719 1826 4812 ὰπάσῃδιατριϐὴ
1874 4725 2197 4804 ἀφορίζεται.
2248 4723 2305 4789 (0
2351 4731 2404 4786 δὲ
2454 4735 2514 4787 τὸ
2569 4732 2706 4808 [766
2919 4718 3287 4812 φιλάνθρωπον
3332 4737 3403 4799 εἰς
3461 4738 3523 4791 τὸ
3567 4737 3660 4791 τὰν
3697 4737 3874 4803 ἧτταν

517 4809 957 4901 ἀναμαχέσασθαι
986 4805 1042 4854 ³7
1085 4806 1335 4870 ἀπονοίας
1387 4811 1748 4886 ποιησάμενος
1807 4812 1998 4890 ὅπλον,
2044 4822 2142 4889 τῆν
2187 4821 2541 4879 ἐπανάστασιν
2595 4821 2911 4900 ἐχωρίζετο,
2955 4820 3073 4888 ἥτις
3130 4822 3288 4879 «om
3345 4826 3433 4881 καὶ
3488 4832 3581 4881 τοῦ
3621 4825 3731 4901 βίου
3791 4831 3877 4899 τῷ

517 4898 702 4972 δικαίῳ
743 4898 872 4976 ξίφει
906 4895 1165 4970 διέτεμεν,

597 4988 848 5084 Moritur
879 4992 1366 5084 sanctusmartyr
1383 4985 1614 5062 Petrus,
1636 4995 1697 5049 et
1719 4989 1982 5056 Achillas
2007 5014 2146 5058 san-

2313 4998 2434 5056 "Ott
2465 5003 2684 5070 τελευτᾷ
2712 4999 2811 5075 μὲν
2855 5002 2882 5055 ὁ
2924 5001 3235 5078 ἱερομάρτυς
3280 5002 3504 5082 Πέτρος,
3533 5005 3620 5060 καὶ
3663 5003 3874 5084 Ἀχιλ-

517 5084 675 5136 ctum
692 5075 879 5175 virum
894 5074 955 5134 in
973 5074 1260 5175 dignitate
1272 5077 1652 5175 Alexandriae
1664 5093 2018 5146 consecutus
2034 5093 2144 5161 est,

2235 5085 2325 5152 λᾶς
2376 5091 2467 5145 τὸν
2501 5087 2894 5165 Ἀλεξανδρείας
2942 5074 3125 5166 θρόνον
3168 5092 3256 5147 καὶ
3291 5074 3398 5147 τὸν⁷
3429 5074 3576 5169 ἅγιον
3608 5074 3870 5175 διαδέὶε-

517 5173 576 5226 et
595 5164 764 5226 illum
791 5162 1154 5226 Alexander.
1181 5162 1323 5227 Cum
1347 5164 1614 5229 Ecclesia
1637 5173 2148 5247 persecutionibus

2235 5197 2339 5251 ται,
2387 5185 2571 5235 τοῦτον
2626 5177 2680 5232 δὲ
2740 5162 3106 5254 Ἀλέξανδρος.
3158 5179 3265 5246 Τῆς
3299 5162 3622 5247 Ἐκκλησίας
3654 5180 3708 5238 δὲ
3754 5162 3871 5242 τῶν

513 5255 760 5316 liberata
780 5266 1396 5329 csset,martyrumque
1411 5263 1822 5322 certaminibus
1838 5265 2142 5334 illustrata,

2235 5261 2479 5342 διωγμῶν
2537 5264 2640 5333 ἤδη
2697 5265 2886 5322 λοιπὸν
2944 5265 3380 5346 ἠλευθερωμένης
3443 5272 3529 5326 γαὶ
3593 5285 3710 5336 τοῖς
3754 5279 3870 5330 τῶν

1803 5413 2056 5478 VABL‘E
2111 5417 2553 5486 LECTIONES.

1264 5512 1702 5616 ibitpo‘tmiiﬁcw
1887 5518 2635 5616 Q‘AMouliavl‘boulétavP,
2669 5526 2923 5616 Bpplblav
3086 5529 3168 5616 Δ2³
3208 5530 3262 5587 ἐν
3295 5549 3415 5596 om.
3448 5534 3524 5596 A.
3609 5533 3669 5584 95
3694 5534 3868 5616 εὒδίᾳ]

1538 5597 1602 5649 εδ
1628 5620 1685 5654 τε
1713 5599 1763 5662 Α
1797 5621 1809 5658 ε
1839 5623 1900 5676 γε
1930 5601 2015 5675 ς,
2098 5600 2163 5654 se
2187 5597 2518 5667 θςιλαλατταν
2551 5597 2630 5669 Β.’
2705 5607 2761 5656 ετ
2791 5609 3162 5688 ἀναμάχεσθαι
3194 5621 3259 5673 Α.

594 5512 652 5563 ¹9
679 5533 812 5591 ῖῳας
841 5510 887 5572 Β
925 5510 1069 5574 εὲως
1097 5513 1181 5586 ς.

513 5589 814 5667 εὐδαιμονίᾳ
843 5595 915 5654 Α.
1002 5591 1065 5642 24
1091 5595 1198 5648 τῶν
1228 5609 1348 5655 om:
1379 5589 1453 5657 Α.
