4008 6210
560 367 665 432 111

1736 368 1838 430 ΡΗ
1844 360 2003 430 ΟΤΙΙ
2050 366 2566 432 PATRIARCH/E
2607 370 2723 433 GP.

3778 375 3878 472 ιη

554 503 861 567 confessor
888 502 1006 583 (cui
1028 499 1410 565 Maximianus
1439 499 1653 562 Christi
1685 499 1874 562 hostis
1903 500 2140 563 dextrui

2231 501 2476 579 ιᾶθλους,
2526 506 2585 561 οὗ
2632 507 2722 561 καὶ
2775 504 3107 580 Μαξιμιανὸς
3151 508 3178 562 ὅ
3210 507 3563 586 μισόχριστος
3594 513 3681 565 τόν
3713 506 3880 567 τεδε-

553 593 797 655 oculum
829 594 1005 661 eruit,
1041 600 1100 652 et
1120 589 1378 650 sinistrae
1408 588 1741 650 cubitorum
1777 607 1991 651 nervos
2024 609 2140 671 prae

2264 588 2372 656 ξιὸν
2431 593 2678 671 ἐξώρυξεν
2731 594 3000 673 ὀφθαλμὸν
3044 596 3132 651 καὶ
3191 596 3289 662 τὴν
3335 595 3494 652 λαιὰν
3538 598 3880 676 ἑνευροκόπη-

554 680 719 756 cidit,
753 690 811 742 et
838 681 911 742 ad
946 680 1181 741 oculum
1215 675 1437 738 metalli
1467 676 1700 739 fodinas
1721 677 2181 760 damnavit),bo-

2264 702 2352 737 σεν
2427 682 2664 761 ἀγκύλην
2748 685 2836 740 καὶ
2910 684 3251 757 μεταλλείαις
3311 684 3703 766 ἔκακούχησεν,
3760 688 3880 767 ἀνὴρ

551 788 649 831 mo
682 770 1003 831 multorum
1035 765 1573 854 supernaturalium
1623 785 1868 848 operum
1903 776 1961 828 et
1992 769 2140 829 mira

2260 770 2534 849 ὑπερφυῶν
2578 770 2744 849 ἔργων
2806 770 3022 828 πολλῶν
3078 774 3167 828 καὶ
3214 771 3490 848 δυνάμεων
3522 765 3830 854 δημιουργός
3858 765 3877 813 λ

547 858 819 921 culorum
849 862 1115 936 patrator
1149 871 1163 916 :
1200 872 1377 935 quem
1429 853 1605 916 etiam
1652 856 1949 934 piissimus
1980 857 2174 938 impe-

2261 858 2318 912 ὃν
2374 859 2462 913 καὶ
2493 861 2520 914 ὃ
2550 858 2937 938 φιλοθεώτατος
2968 858 3217 936 βασιλεὺς
3249 859 3333 917 διὰ
3364 862 3546 928 πάσης
3574 884 3631 918 τε
3660 862 3755 939 ἦγε
3795 884 3878 920 τιὸ

543 957 706 1010 rator
733 945 898 1007 omni
929 945 1160 1006 honore
1189 943 1411 1020 affecit,
1474 953 1531 1005 et
1585 946 1915 1007 osculando
1972 948 2140 1009 eﬁoss

2257 947 2388 1021 μῆς,
2420 947 2509 1003 καὶ
2552 948 2707 1023 κόρον
2751 948 2848 1004 οὒκ
2888 946 3155 1023 ἱλάμϐανε
3210 948 3527 1029 καταφιλῶν
3577 954 3670 1007 τὸν
3698 950 3879 1030 διωρυ-

542 1036 738 1098 locum
772 1033 930 1095 oculi
962 1032 1149 1094 dextri
1180 1031 1384 1095 satiari
1417 1051 1534 1094 non
1561 1042 1812 1113 poterat.

617 1123 770 1196 Quin
801 1123 976 1184 etiam
1004 1121 1362 1183 venerabilis
1391 1120 1683 1203 Spyridon
1715 1124 2025 1195 aderat,de
2055 1142 2171 1205 quo

536 1231 570 1275 e
599 1211 1091 1279 millibus,unum
1151 1211 1375 1291 aliquid
1426 1211 1826 1275 narrabimus.
1864 1212 2026 1273 Pavit
2055 1213 2170 1273 ali-

534 1301 774 1382 quando
806 1318 949 1362 oves
978 1316 1140 1379 suas,
1174 1306 1404 1361 tametsi
1423 1300 1687 1380 episcopi
1714 1301 1999 1379 dignitate
2025 1318 2171 1381 prae-

534 1390 695 1453 ditus
748 1400 929 1451 esset.
986 1388 1276 1450 Latrones
1334 1397 1531 1450 autem
1580 1390 1927 1450 invaserunt
1970 1389 2165 1451 ovium

535 1497 799 1559 gregem,
834 1487 893 1539 et
913 1476 1445 1555 inaspectabilibus
1474 1486 1651 1555 atque
1682 1478 1887 1539 invisis
1915 1478 2167 1540 vinculis

530 1568 898 1647 ligabantur,
930 1574 990 1627 et
1038 1566 1344 1647 accipiens
1393 1566 1624 1647 ligatos,
1657 1586 1805 1649 quos
1834 1568 1935 1629 ille
1962 1568 2167 1648 preci-

531 1657 643 1718 bus
672 1657 905 1735 ligarat,
970 1655 1094 1735 pari
1146 1654 1439 1734 sapientia
1472 1656 1643 1716 solvit
1672 1656 1923 1718 vinculis
1959 1679 1971 1715 :
2008 1658 2165 1718 arie-

531 1752 654 1808 tem
687 1746 932 1822 insuper
961 1743 1126 1804 dedit
1157 1745 1215 1805 in
1249 1744 1587 1805 mercedem
1616 1754 1919 1806 nocturnae
1947 1764 2165 1807 aerum-

2258 1036 2452 1112 γμένον
2483 1038 2642 1092 αὑτοῦ
2671 1036 2967 1115 ὀφθαλμόν.

2340 1123 2505 1180 Ἀλλὰ
2562 1125 2659 1180 καὶ
2717 1125 2988 1201 Σπυρίδων
3040 1126 3070 1181 ὅ
3127 1124 3416 1202 σεϐάσμιος
3463 1130 3639 1203 παρῆν
3667 1124 3740 1207 ³⁷,
3770 1132 3877 1206 περὶ

2252 1216 2312 1269 οὗ
2341 1212 2550 1293 βραχέα
2581 1236 2697 1270 τινα
2727 1214 2789 1270 ἐκ
2845 1215 3042 1291 μυρίων
3086 1215 3117 1270 ὅ
3167 1213 3325 1291 λόγος
3379 1215 3521 1293 ἐρεῖ.
3555 1216 3875 1290 Ἐποίμαινεν

2251 1301 2408 1364 αὒτός
2438 1323 2568 1357 ποτε
2619 1303 2685 1358 τὰ
2741 1300 2980 1379 πρόϐατα
3038 1302 3217 1374 αὖτοῦ,
3266 1303 3363 1359 καὶ
3424 1306 3479 1360 ὲν
3527 1310 3607 1377 τῷ
3636 1310 3730 1373 τῆς
3760 1303 3870 1362 ἔπι-

2251 1393 2458 1456 σκοπῆς
2492 1389 2662 1446 τελῶν
2690 1389 2974 1464 ἀξιώματι·
3012 1389 3193 1466 [1412
3221 1390 3327 1471 IL]
3360 1391 3558 1470 λῃσταί
3586 1392 3632 1450 δ’
3659 1394 3872 1471 ὖπήεσαν

2251 1486 2318 1556 τῇ
2375 1483 2600 1558 ποίμνῃ,
2657 1481 2743 1535 καὶ
2797 1478 3017 1554 δεσμοῖς
3078 1479 3326 1558 ἀοράτοις
3384 1482 3737 1550 ἰπεπέδηντο.
3786 1486 3869 1542 Καὶ

2249 1565 2566 1625 καταλαϐὼν
2609 1566 2916 1641 δεδεμένους
2978 1570 3068 1633 οὓς
3126 1570 3284 1632 αὐτὸς
3345 1572 3546 1650 εὐχαῖς
3604 1570 3867 1647 έδέσμησε,

2248 1655 2361 1712 λύει
2407 1657 2503 1728 μὲν
2546 1658 2653 1713 τῶν
2681 1655 2890 1730 δεσμῶν
2935 1656 3093 1737 σοφίᾳ
3124 1663 3190 1734 τῇ
3221 1659 3342 1737 ἴση,
3379 1658 3653 1716 ἐπιδίδωσι
3700 1660 3753 1716 δὲ
3792 1663 3869 1716 καὶ

2247 1747 2416 1825 κριὸν,
2474 1748 2660 1819 μισθὸν
2705 1748 2891 1809 cit-3101';
2920 1746 3174 1819 ἐσόμενον
3218 1749 3383 1804 εἰπὼν
3430 1752 3535 1817 τῆς
3580 1750 3868 1826 νυκτερινῆς

530 1851 623 1895 me
651 1852 721 1894 ac
771 1832 1091 1893 cruciatus.
1154 1832 1457 1910 Virginem
1511 1842 1707 1894 autem
1743 1834 1921 1894 ﬁliam
1956 1834 2137 1895 habui

2247 1835 2633 1910 ταλαιπωρίας,
2694 1835 2955 1913 Παρθένον
3002 1836 3057 1890 δὲ
3124 1837 3387 1913 θυγατέρα
3433 1837 3674 1894 σύνοικον
3728 1842 3863 1916 εἶχε,

536 1922 720 1997 domi,
754 1931 817 1982 et
846 1919 975 2001 ipsa
1001 1938 1035 1981 a
1064 1921 1317 2001 quodam
1352 1922 1481 1981 auri
1512 1922 1844 2001 depositum
1891 1942 2025 1983 cum
2057 1942 2163 1985 ac-

528 2011 807 2090 cepisset,
871 2019 1104 2070 mortua
1158 2017 1270 2070 est.
1328 2007 1439 2081 Qui
1490 2010 1854 2089 deposuerat
1883 2014 2164 2092 (peregre

528 2101 748 2161 etenim
782 2099 1081 2179 profectus
1111 2097 1324 2178 fuerat)
1359 2116 1632 2159 reversus
1681 2118 1891 2161 aurum
1926 2103 2163 2181 repetiit

522 2188 901 2265 etquassivit.
957 2186 1237 2260 Quaesivit
1295 2188 1470 2248 etiam
1523 2187 1685 2248 domi
1731 2187 2046 2268 Spyridon,
2102 2200 2160 2252 et

521 2295 641 2337 non
670 2277 846 2337 4711)
876 2276 1253 2337 invenerunt.
1309 2275 1504 2347 Quare
1560 2278 1813 2338 accessit
1843 2279 1915 2338 ad
1948 2280 2152 2360 sepul-

519 2383 688 2427 crum
718 2365 963 2442 virginis
1019 2364 1179 2443 ﬁlias,
1213 2373 1273 2425 et
1299 2364 1420 2425 ait:
1477 2365 1626 2427 Filia
1657 2364 1827 2427 Irene
1855 2366 1960 2439 (ita
1993 2369 2151 2430 enim

516 2455 889 2533 vocabatur),
942 2451 1044 2513 ubi
1100 2452 1435 2532 depositum
1455 2457 1482 2512 ?
1511 2452 1619 2515 Illa
1650 2457 1960 2536 respondit
1991 2476 2023 2517 e
2053 2477 2153 2518 se-

520 2543 751 2622 pulcro,
839 2550 897 2603 et
970 2543 1167 2601 locum
1243 2539 1617 2617 signiﬁcavit,
1691 2552 1751 2604 et
1808 2544 2151 2606 inveniendi

520 2631 789 2704 modum,
825 2638 885 2691 et
940 2628 1115 2691 facile
1170 2629 1483 2689 inveniens
1538 2630 1875 2710 depositum
1939 2634 2150 2695 reddi-

516 2721 627 2783 dit.
662 2718 780 2783 Sed
810 2719 905 2780 bis
935 2730 1215 2799 tanquam
1272 2714 1342 2780 ex
1385 2738 1579 2798 ungue
1610 2721 1846 2782 leonem
1880 2724 2149 2784 ostendi-

515 2827 671 2871 mus.

556 2899 630 2962 Hi
653 2898 835 2977 igitur
856 2902 1261 2959 trecentorum
1284 2903 1342 2957 et
1362 2896 1461 2976 qui
1479 2906 1804 2959 excurrunt
1826 2908 2149 2962 conventus

514 2987 916 3050 condemnant
944 2985 1266 3065 impietatis
1315 2986 1524 3047 Arium
1580 2988 1830 3067 ejusque
1864 2991 2144 3065 asseclas,

511 3084 571 3139 et
592 3077 807 3139 Filium
834 3075 990 3136 Patri
1020 3076 1328 3153 ὁμοούςιον,
1377 3073 1946 3138 consubstantialem
1978 3098 2146 3140 asse-

2247 1924 2333 1978 καὶ
2387 1923 2522 1989 αὕτη
2576 1924 2720 1986 τινὸς
2777 1925 3090 1998 παραθήκην
3149 1924 3213 1973 38
3278 1923 3515 1982 λαϐοῦσα
3584 1926 3865 2000 μετήλλαξε

2245 2013 2333 2067 τὸν
2365 2012 2477 2086 βίον
2509 2031 2523 2045 ’
2588 2011 2685 2068 καῖ
2741 2013 2770 2067 ὁ
2829 2010 3189 2089 παραθέμενος
3252 2015 3313 2069 τὸ
3359 2016 3585 2092 χρυσίον
3632 2013 3863 2092 (ἔσταλτο

2241 2101 2340 2179 γὰρ
2399 2102 2471 2162 εἰς
2530 2100 2860 2178 ἂποδημίαν)
2911 2100 3216 2157 ἐπανελθὼν
3273 2101 3454 2171 ἐζήτει
3512 2104 3573 2159 τὸ
3635 2102 3859 2181 χρυσίον.

2242 2188 2597 2263 Συνεξηρεύνα
2630 2191 2717 2245 οὖν
2752 2191 2833 2245 καὶ
2864 2190 2892 2244 ὀ
2942 2188 3237 2264 Σπορίδων,
3287 2192 3387 2247 καῖ
3442 2193 3545 2270 οὖχ
3589 2192 3856 2268 εὑρίσκετο.

2250 2280 2348 2334 Διὸ
2382 2278 2655 2357 ἐφίσταται
2686 2283 2761 2349 τῷ
2790 2281 2888 2341 τῆς
2937 2280 3191 2355 θυγατρὸς
3247 2280 3403 2357 τάφῳ
3443 2267 3556 2356 καὶ,
3592 2267 3653 2333 Ὠ
3691 2272 3858 2336 τέκνον

2243 2368 2461 2444 Εἰρήνη,
2510 2368 2638 2445 φησὶ
2686 2364 2864 2442 (τοῦτο
2920 2366 3020 2442 γὰρ
3067 2367 3235 2430 ὄνομα
3286 2373 3354 2443 τῇ
3387 2367 3678 2446 παρθένῳ,)
3708 2370 3853 2433 ποῦἦ

2236 2457 2521 2531 παραθήκη
2557 2474 2571 2532 ς
2608 2457 2635 2521 ἦ
2667 2452 2721 2507 δὲ
2751 2454 3088 2528 ἀποκρίνεται
3117 2462 3211 2511 τοῦ
3239 2453 3433 2535 τάφου,
3494 2458 3583 2512 καὶ
3636 2458 3695 2514 τὸ
3743 2477 3852 2535 χω-

2234 2546 2345 2617 ρίον
2403 2541 2821 2597 ἀναδιδάσκουσα
2882 2544 2967 2597 καὶ
3019 2543 3117 2609 τῆς
3176 2542 3432 2619 εὕρέσεως
3474 2546 3565 2600 τὸν
3624 2544 3848 2620 τρόπον·

2234 2633 2321 2686 καὶ
2363 2632 2593 2706 ἀνευρὼν
2676 2629 2861 2706 ῥᾳδίως
2931 2631 3029 2697 τὴν
3100 2634 3423 2708 παραθήκην
3481 2633 3846 2698 ἀποκαθίστησι

2231 2724 2308 2791 τῷ
2362 2718 2734 2795 παραθεμένῳ,
2793 2716 2962 2774 Ἀλλὰ
3019 2720 3227 2783 τούτοις
3284 2721 3388 2795 μὲν
3436 2723 3510 2783 ὡς
3569 2720 3619 2786 ἐξ
3661 2722 3849 2797 ὀνύχων

2231 2805 2492 2880 δηλοῦμεν
2523 2807 2584 2862 τὸ
2598 2832 2615 2859 ν
2644 2806 2856 2868 λέοντα.

2312 2896 2466 2953 Οὗτοι
2500 2896 2590 2951 οὖν
2621 2897 2669 2951 οἰ
2727 2896 3023 2972 τριακόσιοι
3082 2898 3169 2953 καὶ
3226 2899 3287 2953 τὸ
3315 2896 3453 2954 ἄλλο
3483 2904 3590 2955 τῶν
3617 2904 3706 2955 τοῦ
3730 2904 3847 2953 Θεοῦ

2231 2986 2526 3063 ἀρχιερέων
2569 2985 2841 3061 σύνταγμα
2896 2985 3335 3056 καταδικάζουσιν
3396 2987 3531 3057 αὒτῇ
3593 2984 3842 3055 δυσσεϐείᾳ

2228 3076 2320 3129 τόν
2364 3096 2421 3128 τε
2464 3073 2682 3152 *Ἄρειον
2713 3074 2951 3136 καὶτοὺς
2996 3075 3087 3129 σὺν
3135 3076 3299 3153 αὖτῷ,
3332 3079 3420 3131 καὶ
3453 3077 3725 3150 ὁμοούσιον
3775 3073 3841 3145 τῷ

505 3163 1121 3233 ruerunt,unanimem
1138 3164 1589 3241 pronuntiantes
1604 3166 2140 3247 sententiam.Sep-

2231 3164 2394 3239 Πατρὶ
2440 3164 2531 3217 τὸν
2595 3163 2711 3216 Υίὸν
2770 3162 3117 3240 ἀνεκήρυξαν,
3180 3163 3493 3240 ὁμοφώνους
3525 3165 3620 3220 τὰς
3649 3164 3840 3241 ψήφους

513 3255 830 3317 temdecim
883 3270 1139 3314 numero
1195 3250 1317 3313 Arii
1371 3253 1682 3313 sententia:
1713 3256 2002 3315 accedere
2031 3256 2142 3316 visi

511 3345 782 3424 sunt,sed
809 3342 959 3402 facto
984 3339 1177 3401 exsilii
1211 3340 1504 3418 imperiali
1535 3341 1781 3401 decreto
1814 3360 1915 3403 sex
1945 3343 2005 3403 in
2035 3344 2142 3404 im-

507 3434 725 3513 pietate
751 3441 977 3492 tantum
1005 3428 1420 3508 perdurarunt:
1445 3430 1577 3489 aliis
1592 3448 1873 3492 revocare
1895 3450 1961 3493 se
1976 3451 2140 3494 erro-

500 3540 629 3582 rem
654 3518 1095 3590 simulantibus,
1122 3527 1362 3578 etsanas
1411 3519 1717 3592 doctrinae,
1754 3523 1986 3582 tametsi
2019 3540 2138 3583 non

500 3610 869 3681 sincere,sed
898 3608 1030 3667 ficte
1049 3625 1115 3668 ac
1149 3604 1966 3678 subdole,consentientibus:
1995 3630 2138 3690 quo-

502 3716 632 3762 rum
686 3700 960 3777 princeps
1002 3694 1323 3757 Eusebius.
1360 3695 1511 3757 llinc
1554 3716 1765 3758 omnes
1791 3699 2073 3760 Ecclesiae
2101 3719 2135 3761 a

501 3788 704 3849 multis
735 3785 1085 3846 tumultibus
1106 3795 1162 3844 et
1182 3785 1541 3845 factionibus
1570 3785 1833 3847 liberatas
1864 3791 2131 3866 respira-

495 3885 655 3947 runt.
691 3887 748 3938 et
777 3875 992 3937 Hosius
1049 3873 1289 3950 quidem
1322 3873 1613 3935 Cordubae
1647 3875 1964 3953 episcopus
1995 3895 2129 3937 cum

494 3966 695 4035 sociis,
730 3982 859 4044 quas
890 3964 951 4022 in
1004 3962 1259 4022 concilio
1300 3970 1465 4037 gesta
1503 3971 1672 4020 erant
1702 3962 1923 4030 ferens,
1950 3961 2127 4024 Occi-

494 4053 832 4116 dentalibus
860 4066 1061 4128 pacem
1086 4066 1153 4106 ac
1196 4047 1454 4126 quietem
1499 4048 1696 4107 attulit
1725 4070 1740 4116 ;
1766 4049 2128 4113 Athanasius

493 4144 619 4203 zelo
654 4141 870 4200 ardens
920 4135 1205 4215 Egyptiis
1228 4144 1286 4195 et
1331 4135 1489 4194 Afris
1524 4151 1539 4196 :
1594 4137 1939 4199 Alexander
1961 4160 2122 4214 vero,

494 4244 828 4309 quanquam
848 4242 1029 4285 senex
1056 4222 1575 4302 (septuagenarius
1597 4223 1755 4284 enim
1780 4226 2125 4299 eratJThra-

492 4315 660 4377 cibus
682 4313 858 4375 simul
882 4321 940 4373 et
961 4310 1209 4390 Illyricis
1238 4310 1680 4373 communionis
1712 4315 1994 4395 pacisque
2018 4316 2123 4379 Ec-

2224 3252 2454 3324 θέμενοι.
2518 3251 2661 3314 Τινὲς
2718 3248 2765 3305 δ’
2824 3253 2897 3313 εἰς
2955 3249 3312 3307 ἑπτακαίδεκα
3340 3255 3436 3308 τὸν
3464 3254 3687 3329 ἀριθμὸν
3715 3273 3840 3325 συμ-

2222 3340 2606 3417 πληρούμενοι,
2697 3340 2771 3402 εἷς
2855 3340 2955 3405 τὴν
3043 3340 3248 3417 Ἀρείου
3303 3340 3503 3397 λύσσαν
3560 3338 3838 3397 ἀποκλίνειν

2223 3429 2423 3494 ἔδοξαν,
2480 3428 2649 3485 Ἀλλὰ
2691 3429 2895 3483 τούτων
2944 3430 3224 3505 ῦπερορίας
3264 3430 3523 3505 βασιλικῇ
3551 3431 3711 3509 ψήφῳ
3747 3449 3836 3485 κυι-

2221 3519 2477 3596 ρωθείσης
2522 3517 2574 3581 ἓξ
2634 3517 2786 3591 μόνοι
2842 3523 2909 3592 τῇ
2966 3516 3238 3589 δυσσεϐείᾳ
3267 3516 3561 3593 διέμειναν,
3594 3524 3696 3575 τῶν
3742 3515 3833 3573 ἄλ-

2221 3608 2326 3664 λων
2375 3604 2692 3677 παλινῳδίαν
2750 3603 3130 3678 ἐνδειξαμένων
3166 3608 3253 3662 καὶ
3311 3612 3393 3681 τῷ
3448 3608 3545 3675 τῆς
3588 3603 3831 3665 εὐσεϐείας

2219 3698 2541 3775 φρονήματι,
2602 3696 2648 3751 εί
2703 3696 2789 3750 καὶ
2843 3696 2921 3769 μὴ
2977 3694 3028 3758 ἐξ
3082 3695 3443 3776 είλικρινείας,
3498 3695 3617 3752 ἀλλ’
3667 3694 3834 3774 ὑφάλῳ

2216 3787 2407 3863 γνώμῃ
2460 3781 2990 3859 συνδεδραμηκότων,
3036 3785 3108 3838 ὢν
3136 3784 3204 3851 ἧι
3256 3797 3549 3863 κορυφαῖος
3607 3785 3633 3839 ὅ
3682 3792 3831 3843 Nut-

2215 3873 2438 3947 μηδείας
2486 3870 2762 3935 Εὖσέϐιος.
2812 3869 3082 3928 Ἐντεῦθεν
3134 3874 3186 3927 αἶ
3245 3872 3566 3952 ἁπανταχοῦ
3619 3867 3828 3933 Ἐκκλη-

2214 3961 2319 4017 σίαι
2348 3960 2453 4015 τῶν
2485 3959 2699 4016 πολλῶν
2728 3957 2961 4037 θορύϐων
3006 3961 3094 4015 καὶ
3150 3961 3394 4019 στάσεων
3449 3963 3580 4038 πρὸς
3630 3958 3824 4028 εἰρήνην

2214 4048 2560 4111 ἀνέπνευσαν.
2603 4051 2699 4105 Καὶ
2730 4048 2917 4105 "Octo:
2959 4049 3060 4121 μὲν
3109 4050 3138 4103 ὁ
3189 4047 3546 4126 Κουδρούόης,
3580 4045 3687 4120 ἅμα
3729 4048 3825 4100 τῶν

2210 4141 2257 4193 οἱ
2317 4137 2712 4212 συνεπομένων,
2766 4137 2862 4198 τὰς
2921 4137 3197 4199 συνοδικὰς
3253 4138 3431 4216 φέόων
3486 4135 3692 4216 πράξεις
3716 4145 3821 4194 τοῖς

2208 4227 2470 4304 ἑσπερίοις
2530 4226 2627 4293 τὴν
2688 4226 2905 4303 εἰρήνην
2948 4223 3219 4304 ἐϐράϐευε,
3279 4240 3402 4293 τοῖς
3433 4226 3490 4283 δὲ
3520 4224 3638 4283 κατ’
3664 4219 3820 4297 Αἴγυ-

2204 4339 2335 4373 πτον
2393 4317 2480 4372 καὶ
2534 4313 2735 4381 Λιϐύην
2775 4315 2803 4369 ὀ
2847 4317 3037 4392 θερμὸς
3093 4315 3435 4379 Ἀθανάσιος,
3497 4308 3819 4386 Ἀλέξανδρος
3918 4336 3919 4345 η

488 4404 804 4467 clesiarum
828 4401 1196 4480 nuntium,ut
1219 4403 1624 4481 praescriptum
1651 4411 1797 4475 erat,
1826 4405 1979 4479 tulit,
2017 4425 2121 4468 so-

2231 4407 2256 4461 ὲ
2290 4405 2436 4486 [768
2467 4404 2591 4480 HJ,
2628 4406 2800 4459 καίτοι
2833 4406 2965 4481 πρὸς
2995 4407 3165 4481 γῆρας
3194 4401 3432 4459 ὶλαῦνων
3489 4399 3816 4486 (ιϐδομηκονξ-

487 4495 643 4557 cium
667 4492 899 4554 itineris
924 4478 1149 4553 habens
1174 4478 1574 4553 beatissimum
1602 4478 2020 4567 Paulum,tunc
2041 4496 2122 4557 le-

2231 4478 2397 4560 τοὸῖςης
2428 4495 2528 4572 γὰρ
2552 4478 2675 4570 ἦν),
2711 4505 2830 4554 τοῖς
2862 4478 3128 4557 κατὰντῆν
3180 4492 3396 4569 Θρᾴκην
3443 4491 3585 4565 ὅμως
3642 4488 3726 4545 καὶ
3761 4484 3815 4540 τὸ
3912 4568 3913 4573 1

486 4583 669 4646 ctoris
691 4593 745 4643 et
767 4580 1189 4659 subscriptoris
1211 4579 1881 4659 Constantinopolitanae
1902 4584 2116 4647 Eccle-

486 4675 587 4737 size
621 4676 961 4752 fungentem
988 4669 1183 4730 ofﬁcio
1220 4670 1360 4749 :qui
1394 4679 1660 4749 tempore
1690 4672 1929 4731 concilii
1962 4673 2113 4735 duo-

481 4765 781 4826 decimum
814 4761 998 4822 aetatis
1023 4777 1243 4821 annum
1277 4777 1621 4833 agens,cum
1656 4760 1994 4821 Alexandro
2024 4763 2113 4823 vi-

480 4852 586 4913 xit.
620 4851 737 4914 Sed
763 4849 836 4909 de
871 4850 963 4910 his
995 4847 1172 4929 paulo
1204 4856 1360 4925 post.
1388 4844 1647 4906 Primum
1676 4848 1837 4907 venit
1869 4849 1928 4908 in
1960 4869 2108 4911 con-

476 4949 743 5019 Spectum
773 4937 1129 5001 sanctissimi
1173 4935 1599 5009 Metrolihanis,
1625 4947 1682 4995 et
1714 4936 1846 4996 laeto
1871 4939 2103 5015 nuntio,

475 5029 916 5108 praesentiaque
970 5042 1279 5099 recreans,
1328 5023 1433 5084 sed
1486 5042 1604 5083 non
1637 5041 1918 5085 recreans
1950 5028 2102 5107 quod

474 5114 850 5179 discessurus
909 5122 1091 5189 esset,
1147 5132 1281 5176 cum
1334 5113 1520 5174 fausta
1561 5114 1981 5191 apprecatiune
2026 5117 2103 5179 ad

469 5203 854 5265 commissum
916 5201 1003 5262 illi
1060 5202 1325 5263 ofﬁcium
1379 5200 1721 5263 dimittitur.
1776 5199 2104 5267 Venientes

466 5300 662 5354 autem
689 5292 753 5353 in
775 5290 1089 5354 Thraciam
1114 5300 1170 5352 et
1191 5289 1688 5363 Macedoniam,et
1707 5288 2097 5371 Thessaliam,

464 5381 750 5446 Achaiam
774 5378 1758 5458 totam,Hellada,continentesque
1790 5387 2001 5458 terras,
2024 5399 2102 5443 ne

2199 4582 2496 4660 Ἰλλυρικὸν
2527 4582 2586 4637 τὸ
2616 4586 2715 4647 τῆς
2747 4582 3000 4653 ὁμονοίας
3050 4581 3136 4636 καὶ
3176 4578 3392 4658 είρθίνης
3451 4586 3552 4636 τῶν
3595 4573 3813 4639 Ἐκκλη-
3912 4590 3913 4593 ‘

2198 4674 2328 4729 σιῶν
2360 4670 2551 4733 πόνους
2607 4670 2859 4747 ὑφίστατο
2916 4667 3240 4739 διακομίζειν
3297 4666 3639 4748 Εὕα-(γέλων,
3693 4683 3810 4718 συν-

2200 4760 2431 4834 έκδημον
2502 4758 2646 4835 ἔχων
2706 4760 2795 4813 τὸν
2856 4755 3147 4814 πανόλϐιον
3200 4757 3430 4832 Παῦλον,
3482 4756 3807 4832 ἀναγνωστῶ

2196 4856 2481 4917 τηνικαῦτα
2541 4850 2626 4901 καὶ
2676 4847 3026 4925 ὑπογραφέων
3055 4852 3154 4912 τῆς
3207 4849 3343 4903 κατὰ
3400 4838 3805 4904 Κωνσταντινού·
3904 4884 3905 4923 ἰ

2194 4937 2351 4995 πολιν
2398 4932 2721 5000 Ἐκκλησίας
2774 4924 3078 5003 πληροῦντα
3121 4937 3326 5010 βαθμόν
3358 4950 3373 4966 ⁸
3434 4936 3492 4995 ὃς
3549 4932 3631 4987 καὶ
3685 4924 3806 4983 κατᾶ

2191 5028 2289 5093 τὴν
2335 5021 2549 5081 σύνοδον
2590 5021 2885 5079 δωδέκατον
2952 5022 3072 5086 ἔτος
3142 5024 3205 5079 εκ
3266 5024 3524 5101 γενέσεως
3565 5017 3699 5095 ἄγων
3738 5017 3807 5083 τῷ

2191 5112 2519 5191 Ἀλεξάνδρῷ
2563 5110 2936 5189 συνδιέτριϐεν.
2974 5110 3145 5168 Ἀλλὰ
3202 5098 3367 5169 ταῦτα
3429 5110 3545 5187 μετ’
3587 5104 3754 5182 ὀλίγον
3784 5113 3799 5131 ⁶

2185 5204 2441 5282 πρότερον
2485 5200 2542 5256 δὲ
2573 5201 2647 5264 είς
2680 5201 2801 5257 θέαν
2833 5200 2930 5267 ἧκε
2978 5207 3074 5258 τοῦ
3115 5202 3372 5258 πανοσίου
3416 5194 3795 5282 Μητροφάνους,

2187 5280 2429 5357 καὶτοῖς
2464 5291 2562 5366 μὲν
2592 5290 2922 5368 εὐαγγελίοις
2977 5290 3065 5347 καὶ
3108 5295 3176 5365 τῇ
3231 5288 3488 5367 παρουσίᾳ
3530 5280 3793 5361 εὐφράνας,

2185 5382 2283 5439 οὒκ
2323 5380 2581 5459 εὒφράνας
2623 5376 2670 5432 δ’
2709 5378 2798 5441 οἷς
2855 5375 3160 5454 ἀποδημεῖν
3206 5376 3419 5457 ἔμελλε,
3473 5371 3589 5451 μετ’
3632 5368 3793 5445 εὐχῶν

1764 5537 2033 5603 VABUE
2091 5536 2524 5603 LECTIONES.

540 5651 611 5713 ὅτ’
646 5662 808 5728 συνῆν
836 5659 911 5723 Α,
994 5657 1060 5710 88
1100 5658 1552 5739 παρακαταθήκην
1575 5658 1660 5731 ς’.

3908 4730 3909 4757 ι

3902 4970 3903 5005 1

3898 5042 3901 5087 ί

3898 5118 3899 5169 1
