4008 6210
504 309 615 373 115
1675 306 1951 369 -ΡΗΟΤΙΙ
1996 301 2142 367 ΡΑΤ

2232 303 2509 369 ARGHE
2550 307 2661 369 GP.
3738 309 3841 373 1l6

495 443 558 500 τὸ
613 441 914 524 ὡμοφόριον
973 451 1042 520 τῇ
1101 444 1220 520 ἁγίᾳ
1271 441 1604 506 ἐνὰποτίθησι
1663 438 1922 515 τραπέζῃ,
1968 435 2337 513 ἐντειλάμενος
2383 442 2510 498 αὐτὸ
2554 443 2898 520 φυλάττεσθαι
2945 443 3021 516 τῷ
3077 441 3341 523 διαδόχῴο
3401 441 3546 509 ἥξειν
3596 439 3640 498 δ’
3699 442 3847 499 αὺτὸν

499 546 759 610 προεῖπεν
817 539 912 592 οὒκ
954 535 1026 598 είς
1087 534 1315 608 μακρὰν,
1349 530 1484 603 μετὰ
1540 527 1584 584 δ’
1637 527 1870 602 ἑϐδόμην
1918 527 2114 604 ἡμέραν
2164 532 2264 593 τῆς
2329 529 2482 589 αὐτοῦ
2537 534 2667 608 πρὸς
2713 533 2934 609 Χριστὸν
2993 532 3320 596 ἀναλύσεως.
3371 533 3578 588 Γίνεται
3638 531 3724 590 οὖν
3767 531 3847 611 Η,

499 622 572 686 ὡς
616 623 822 702 προὲφη
879 624 965 678 καὶ
1022 619 1309 692 ὲντείλατο,
1359 619 1586 676 ἃπαντα’
1653 619 1786 674 ἐτῶν
1850 615 1896 671 δ’
1955 616 2288 674 ἀνεπαύσατο
2338 618 2687 676 ἑπτακαίδεκα
2743 623 2839 678 καῖ
2887 621 3101 701 ἐκατὸν,
3163 621 3382 680 Ἰουνίου
3439 621 3610 696 μηνδς
3667 622 3847 699 τετάρ-

499 731 598 776 την
641 711 886 788 ἄγοντος.

581 799 942 873 Constantia,
977 813 1147 858 soror
1197 796 1577 876 imperatoris
1617 795 1994 857 Constantini
2023 795 2132 875 pii,

2298 795 2421 854 "0n
2479 802 2818 856 Κωνσταντία
2860 801 2894 868 ἡ
2939 807 3032 856 τοῦ
3075 799 3322 865 εὖσεϐοὓς
3367 798 3423 842 4⁵
3486 801 3852 859 Κονσταντίνου

502 904 653 948 uxor
675 905 804 967 quae
829 893 954 948 erat
980 885 1148 966 impii
1171 885 1407 958 Licinii,
1435 884 1722 946 moritura
1745 885 1906 945 fratri
1931 884 2078 946 dixit
2111 906 2124 943 :

2228 883 2439 964 ἱδελφὴ,
2477 891 2609 963 γυνὴ
2671 887 2724 944 δέ
2783 899 2872 948 τοῦ
2903 887 3184 952 δυσσεϐοῦς
3229 890 3621 969 χρηματίσασα
3670 895 3851 946 Λικιν-

501 975 719 1051 Unum,
754 983 812 1036 et
865 975 1146 1036 ultimum
1195 992 1229 1034 a
1263 985 1320 1035 te
1358 982 1493 1053 peto
1527 973 1885 1034 beneﬁcium
1919 993 1934 1047 ;
1966 981 2028 1033 ut
2057 971 2129 1033 ab

2228 976 2346 1054 δίου,
2381 974 2652 1050 μέλλουσα
2711 977 2960 1050 τελευτᾷν
2990 986 3067 1052 τῷ
3115 977 3352 1056 ἀδελφῷ,
3391 979 3554 1058 Μίαν,
3587 979 3734 1059 φησὶ,
3763 969 3850 1032 καί

503 1065 712 1125 exsilio
743 1081 986 1126 revoces
1020 1063 1224 1126 Arium
1248 1063 1394 1124 falso
1414 1071 1752 1124 accusatum
1791 1083 1804 1120 :
1841 1060 2134 1122 consentit

2228 1064 2518 1121 τελευταίαν
2574 1068 2705 1121 αἰτῶ
2763 1089 2820 1122 σε
2895 1069 3079 1146 χάριν,
3139 1074 3238 1135 τῆς
3294 1069 3581 1145 ὑπερορίας
3655 1066 3852 1144 Ἀρέιον

503 1153 659 1214 enim
693 1171 825 1214 cum
852 1152 1095 1233 synodo.
1132 1153 1275 1215 Erat
1300 1153 1456 1213 enim
1483 1152 1638 1232 apud
1666 1152 1825 1212 illam
1853 1151 2134 1212 sacerdos

505 1243 742 1322 quidam
775 1245 1034 1305 Arianus
1079 1243 1176 1322 qui
1223 1241 1484 1321 seipsum
1537 1241 1730 1321 primo
1780 1239 2137 1302 Constantia;

507 1331 796 1393 eunuchis
816 1331 1275 1410 insinuavit,per
1302 1348 1449 1410 quos
1472 1339 1528 1390 et
1548 1329 1618 1390 ad
1639 1329 1798 1389 illam
1831 1346 2133 1389 accessum

503 1419 733 1493 habuit,
769 1419 1089 1498 verbisque
1120 1417 1354 1480 blandis
1404 1427 1580 1498 atque
1636 1417 2136 1479 assentationibus

506 1509 826 1586 persuasit,
870 1507 1078 1570 Arium
1129 1507 1350 1568 invidia
1397 1509 1658 1586 ejectum
1691 1525 1826 1569 esse
1862 1525 1874 1569 :
1909 1516 2134 1568 rectam

503 1597 663 1658 enim
698 1596 986 1658 Ecclesiae
1017 1595 1346 1657 doctrinam
1403 1597 1576 1658 tueri.
1638 1595 1868 1669 Quibus
1907 1597 2034 1676 ipsa
2063 1594 2136 1656 ad

510 1687 931 1764 imperatorem
991 1685 1091 1746 illa
1140 1685 1430 1757 referens,
1467 1685 1780 1764 permovit,
1815 1685 2136 1760 statimque

509 1773 741 1846 scribit,
779 1782 838 1834 ut
867 1774 1045 1835 Arius
1074 1774 1150 1834 ob
1202 1773 1408 1834 exsilio
1457 1782 1793 1834 revocetur.
1827 1772 2139 1852 Allegabat

511 1881 652 1926 vero
682 1881 798 1925 una
827 1863 900 1926 ad
933 1863 1174 1925 fratrem
1219 1862 1616 1940 sacerdotem,
1651 1862 1751 1942 qui
1782 1862 2140 1924 adulationis

509 1953 650 2015 vitio
677 1971 797 2015 non
824 1954 1020 2015 minus
1050 1971 1224 2032 quam
1251 1953 1551 2013 haereseos
1571 1952 1880 2024 laboravit,
1907 1959 1965 2012 et
1997 1952 2143 2012 irre—

508 2050 685 2122 pente
716 2042 957 2121 ingenio
1015 2060 1083 2103 ac
1141 2039 1338 2102 verbis
1397 2039 1824 2121 blandiloquis,
1861 2048 1992 2120 post
2022 2059 2141 2100 non

2218 1152 2618 1226 ἀνακληθῆναι,
2707 1159 2968 1217 ουσκενίμ
3052 1155 3230 1212 ὂίδικον
3334 1157 3642 1212 ὑποστάντα
3721 1155 3851 1228 σύμ-

2218 1265 2360 1320 φρων
2433 1244 2530 1321 γάρ
2603 1243 2710 1300 ἐστι
2779 1248 2876 1313 τῆς
2938 1245 3174 1304 συνόδου.
3249 1231 3345 1301 Ἠν
3418 1246 3522 1322 γάρ
3595 1266 3670 1308 τις
3737 1241 3850 1318 παρ’

2219 1333 2354 1407 αὒτῇ
2397 1338 2501 1387 τῶν
2546 1339 2643 1399 τῆς
2675 1334 2884 1411 Ἀρείου
2944 1332 3286 1390 σπουδαστῶν
3330 1333 3590 1404 αἱρέσεως
3646 1329 3852 1409 πρεσϐύ-

2220 1441 2393 1494 τερος,
2439 1420 2496 1484 ὅς
2552 1422 2734 1478 ἑαυτόν
2786 1421 3040 1499 πρότερον
3071 1435 3187 1486 τοῖς
3233 1423 3330 1490 τῆς
3389 1421 3740 1485 Κονσταντίας
3769 1419 3852 1474 εὖ·

2219 1510 2436 1588 νούχοις
2492 1511 2796 1589 οἶκειώσας,
2829 1509 2896 1566 δι’
2940 1511 3114 1567 αὐτῶν
3164 1513 3250 1568 καὶ
3299 1512 3439 1589 πρὸς
3477 1512 3642 1576 αὒτὴν
3696 1505 3848 1578 διέόυ,

2219 1600 2306 1654 καὶ
2337 1598 2519 1675 λόγοις
2569 1599 2772 1655 ἔπειθεν
2818 1600 3127 1678 ἐπαγωγοῖς
3173 1602 3259 1656 καὶ
3289 1600 3464 1656 πολὺν
3521 1599 3850 1677 προφαίνουσι

2220 1688 2309 1742 τὸν
2350 1687 2502 1761 θῶμα
2533 1690 2607 1752 ὡς
2662 1687 2876 1765 ’Ἄρειος
2908 1690 3083 1768 φθόνῳ
3115 1687 3314 1758 ἐϐλήθη
3346 1686 3428 1730 ω’
3465 1690 3526 1744 τὸ
3584 1689 3682 1764 γὰρ
3716 1687 3853 1764 ἀρθὲν

2221 1782 2320 1842 τῆς
2377 1776 2699 1844 Ἐκκλησίας
2731 1776 2904 1854 δόγμα
2964 1777 3259 1856 πρεσϐεύει.
3295 1779 3398 1842 Οἷς
3460 1777 3703 1848 κᾶκείνη,
3734 1776 3853 1851 πρὸς

2222 1867 2313 1920 τὸν
2369 1864 2588 1940 βασιλέα
2646 1876 2864 1924 τοιαῦτα
2922 1869 3160 1937 εἰποῦσα,
3224 1866 3474 1922 διέσεισε·
3542 1867 3627 1921 καὶ
3685 1864 3854 1919 αὐτίκα

2222 1954 2408 2031 γράφει
2442 1954 2538 2020 τῆς
2589 1955 2866 2032 ὑπερορίας
2912 1956 3156 2022 ἀνεθῆναι
3201 1957 3290 2010 τὸν
3341 1954 3562 2024 ’Ἄρειον
3590 1952 3664 2015 ‘7,
3697 1959 3858 2029 Παρα-

2223 2043 2418 2098 τίθεται
2475 2041 2529 2098 δὲ
2561 2041 2803 2123 τάδελφῷ
2850 2041 2904 2086 ⁸⁸
2936 2047 3021 2100 καὶ
3050 2047 3140 2100 τὸν
3186 2043 3334 2101 οὐδὲν
3369 2045 3534 2111 ἧττον
3567 2047 3660 2109 τῆς
3719 2043 3855 2110 αἶρε-

508 2130 610 2192 diu
640 2130 832 2192 libere
889 2149 1022 2192 cum
1083 2131 1443 2209 imperatore
1503 2147 1678 2208 agere
1710 2129 1886 2209 coapit
1919 2151 1932 2188 :
1968 2147 2035 2189 ac
2067 2129 2142 2190 de

2228 2131 2359 2195 σέως
2413 2131 2447 2199 ἢ
2505 2137 2603 2198 τῆς
2663 2132 2944 2196 κολακείας
3003 2131 3381 2211 πρεσϐύτερσν·
3447 2133 3693 2194 καὶτοῖς
3739 2129 3852 2183 ἐπι-

509 2218 652 2280 Ario
685 2237 1025 2282 sermonem
1058 2217 1514 2300 injecit,quibus
1541 2219 1705 2280 illum
1730 2227 1891 2280 recte
1923 2226 2144 2282 sentire

499 2307 1128 2372 demonstraretTum
1155 2306 1567 2387 imperator:Si
1585 2307 2145 2388 Arius,inquil.cum

509 2397 734 2478 synodo
761 2396 1302 2472 consentit,videbo
1331 2396 1500 2457 illum
1526 2396 2146 2476 libenter,magnoque

508 2487 740 2548 honore
772 2486 1143 2561 habito,eum
1166 2487 1580 2548 Alexandrinae
1605 2487 1907 2548 restituam
1933 2488 2145 2552 Eccle-

515 2572 757 2637 sianiis
779 2573 978 2649 dictis,
1001 2574 1168 2636 illum
1197 2592 1304 2654 per
1329 2575 1554 2635 litteras
1577 2576 2003 2637 accersendum
2038 2595 2145 2639 cu-

514 2661 809 2724 rat.Arius
830 2682 963 2724 cum
991 2665 1357 2726 exsecranda
1382 2663 1641 2726 Eusebio
1657 2663 2147 2745 Constantinopo-

513 2751 616 2813 lim
630 2751 867 2822 venit,et
882 2753 1128 2832 suscipit
1147 2753 1281 2814 illos
1303 2751 1626 2832 imperator
1644 2751 2146 2832 benigne,etquid

514 2841 772 2904 sentiant
797 2841 1170 2921 interrogans
1219 2841 1383 2902 audit
1413 2842 1702 2916 dicentes,
1735 2861 1850 2904 non
1885 2844 2045 2906 aliud
2080 2863 2146 2906 se

514 2930 740 2992 sentire
771 2948 945 3010 quam
1007 2949 1138 3011 quae
1191 2931 1438 2992 trecenti
1497 2939 1556 2993 et
1585 2931 1921 2994 octodecim
1955 2935 2147 2997 sancti

517 3022 724 3082 Patres
755 3017 1133 3082 decreverint
1169 3039 1182 3079 :
1217 3019 1362 3100 quin
1415 3029 1471 3081 et
1490 3020 1911 3100 jusjurandum
1946 3022 2149 3084 miseri

515 3108 679 3170 falsae
710 3107 1070 3170 confessioni
1101 3109 1481 3170 addiderunt.
1510 3111 1838 3189 Imperator
1869 3113 2146 3191 scriptam

515 3197 588 3259 ab
620 3196 740 3258 illis
763 3195 939 3276 jubet
969 3197 1098 3258 dari
1134 3197 1275 3259 fidei
1327 3198 1792 3277 professionem.
1829 3200 1919 3262 Illi
1949 3210 2144 3263 autem

518 3294 789 3368 prompte
822 3286 1134 3349 mendacia
1149 3286 1808 3367 scripserunt.Credere
1827 3292 1982 3350 enim
2006 3309 2070 3353 se
2092 3300 2149 3353 et

515 3393 655 3439 suos
685 3375 905 3458 scripto
930 3384 1243 3452 testantur,
1271 3377 1465 3456 lingua
1497 3386 1732 3456 negant.
1771 3379 2007 3441 Mutavit
2037 3399 2144 3442 au-

2228 2219 2447 2286 κλόποις
2477 2219 2531 2262 ⁴⁹
2561 2219 2708 2287 ἤθεσι
2766 2225 2852 2278 καὶ
2884 2222 3068 2302 λόγοις
3119 2222 3213 2279 οὒκ
3255 2220 3319 2272 50
3345 2224 3420 2284 εἱς
3466 2220 3672 2296 μακρὰν
3725 2215 3852 2293 παῤ-

2228 2311 2414 2386 ῥησίαν
2471 2313 2559 2367 καὶ
2611 2308 2660 2350 ⁵¹
2739 2313 2840 2387 πρὸ
2872 2334 2961 2367 τον
3034 2309 3221 2378 εὐσεϐῆ
3283 2308 3550 2384 λαμϐάνει
3625 2305 3851 2383 βασιλέα,

2231 2401 2314 2455 καὶ
2364 2401 2507 2456 κινεῖ
2558 2401 2672 2478 περῖ
2734 2399 2936 2478 Ἀρείου
3005 2399 3195 2478 λόγους
3254 2397 3532 2474 ὸρθὸδοξον
3592 2403 3851 2457 ποιουντας

2231 2489 2409 2551 αὐτόν,
2472 2491 2568 2546 Καὶ
2627 2493 2654 2546 6
2709 2489 2981 2566 βασιλεὺς,
3045 2492 3102 2548 Εἰ
3147 2490 3389 2568 Ἀρειος,
3452 2489 3606 2566 φησὶ,
3650 2486 3714 2543 τὰ
3769 2487 3853 2549 τῆς

2230 2576 2446 2634 συνόδου
2529 2593 2737 2658 φρονεῖ,
2813 2580 3014 2654 ὅψομαί
3102 2599 3126 2634 ε
3208 2581 3370 2636 αὐτὸν
3457 2579 3710 2652 εὓμενῶε,
3780 2572 3856 2628 καί

2230 2668 2320 2723 σὺν
2403 2675 2535 2745 τιμῇ
2645 2677 2714 2745 τῇ
2798 2674 2904 2725 τῶν
3015 2667 3406 2746 ’Δλεξανδρὲων
3491 2664 3854 2745 ἐγκαταστήσω

2231 2755 2544 2831 Ἐκκλησίᾳ.
2606 2765 2780 2816 Ταῦτα
2825 2757 3002 2837 ἔλεγε,
3033 2760 3121 2814 καὶ
3166 2761 3295 2835 πρὸς
3355 2759 3545 2814 ἑαυτὸν
3601 2753 3854 2830 μετεπέμ-

2228 2869 2357 2903 πετο
2414 2849 2627 2927 γράφων
2662 2847 2848 2926 [14ιὸ
2879 2843 2983 2928 3.]
3022 2849 3117 2905 Καὶ
3149 2851 3176 2904 6
3225 2848 3443 2923 ’Ἄρειος
3473 2848 3582 2922 ἅμα
3615 2852 3688 2918 τῷ
3733 2865 3853 2917 συγ-

2233 2936 2586 3013 καθῃρημένῳ
2646 2939 2855 3011 Εὖζωίῳ
2913 2940 3042 3016 πρὸς
3103 2937 3204 3003 τὴν
3272 2937 3434 2992 πόλιν
3482 2932 3853 2993 Κωνσταντίνου

2231 3026 2597 3103 παραγίνεται·
2674 3028 2762 3083 καὶ
2837 3025 3054 3105 δέχεται
3125 3026 3311 3088 αὐτοὺς
3389 3025 3763 3106 φιλανθρώπως
3829 3021 3852 3074 6

2233 3115 2498 3192 βασιλεύς,
2552 3119 2648 3174 Καὶ
2693 3119 2753 3172 τὸ
2804 3118 3049 3196 φρόνημα
3111 3117 3422 3188 ἐπερωτῶν,
3457 3116 3632 3171 ἀκούει
3676 3109 3852 3188 λεγόν-

2230 3227 2334 3260 των
2368 3206 2444 3272 μὴ
2489 3204 2620 3261 ἄλλο
2665 3229 2713 3262 τι
2747 3221 2960 3283 φρονεῖν
3014 3208 3156 3283 παρὰ
3185 3209 3286 3270 τὴν
3337 3205 3546 3262 ἔλιθεσιν
3576 3210 3679 3260 τῶν
3719 3221 3852 3277 τρια-

2232 3294 2420 3349 κοσίων
2479 3291 2604 3349 δέκα
2662 3297 2749 3350 καὶ
2807 3297 2948 3350 ὀκτὼ
2992 3295 3157 3371 ἁγίων
3218 3293 3494 3371 Πατέρων.
3560 3290 3725 3348 Ἀλλξι
3776 3297 3855 3348 ιιπὶ

2230 3381 2382 3459 ὅρκον
2442 3384 2487 3437 οἱ
2520 3380 2736 3439 δείλαιοι
2783 3389 2849 3459 τῇ
2903 3381 3253 3458 πεπλασμένῃ
3315 3382 3619 3438 ἐπετίθεσαν
3668 3375 3851 3452 ὁμολο-

2645 2677 2714 2745 τῇ
2798 2674 2904 2725 τῶν

512 3474 631 3527 tem
666 3464 971 3557 decretum
1001 3468 1216 3557 Caesar,
1243 3467 1399 3557 quod
1436 3465 1714 3557 pietatem
1751 3468 2009 3530 confessi
2043 3489 2142 3532 es-

2230 3472 2338 3548 γίᾳ.
2390 3463 2446 3528 Ὅ
2498 3469 2551 3526 δὲ
2609 3472 2852 3548 βασιλεὺς
2914 3471 3176 3550 ἔγγραφον
3246 3475 3436 3536 αὖτοὺς
3493 3468 3746 3526 ἐπιδοῦναι
3799 3465 3852 3518 τὸ

513 3562 670 3628 sent,
705 3563 762 3616 et
787 3555 984 3616 statim
1016 3555 1438 3619 Alexandriam
1483 3556 1650 3617 illum
1685 3564 1742 3618 et
1771 3559 1868 3638 qui
1904 3577 2039 3620 cum
2074 3579 2144 3622 eo

2228 3562 2475 3638 φρόνημα
2533 3560 2758 3620 κελεύει.
2795 3564 2852 3620 Οἱ
2895 3561 2947 3617 δὲ
3010 3561 3292 3638 προθύμως
3343 3559 3660 3639 ἐγγράφουσι
3688 3553 3747 3605 53
3795 3553 3852 3606 τὰ

513 3651 682 3706 erant
709 3643 1039 3708 honorifice
1069 3645 1615 3708 mittit.Alexander
1632 3663 1774 3708 vero
1795 3647 2144 3710 Alexandri-

2229 3651 2419 3724 ψευδῆθ
2475 3650 2740 3706 πιστεύειν
2791 3651 2889 3728 γὰρ
2936 3651 3123 3713 αὐτοὺς
3172 3670 3228 3704 τε
3260 3651 3348 3705 καὶ
3401 3650 3522 3710 τοὺς
3554 3648 3643 3703 σὺν
3684 3645 3850 3700 αὐτοῖς

510 3750 621 3794 nus
675 3732 1184 3816 archiepiscopus,
1247 3736 1626 3816 conspirante
1676 3755 1810 3798 cum
1863 3737 2043 3799 475a
2076 3757 2147 3802 eo

509 3821 1188 3904 Athanasio,apostatam
1222 3843 1338 3885 non
1363 3824 1710 3897 admittit,et
1731 3826 1948 3885 iterum
1967 3825 2146 3886 Arius

509 3911 788 3973 haeresim
823 3911 1508 3992 detexit,/Egyptumque
1535 3912 2150 3991 turbavit.lmperator

509 4017 656 4062 vero
687 4000 757 4062 ad
792 4018 856 4061 se
879 4001 1084 4062 Arium
1111 4001 1458 4072 accersit,et
1483 4001 1805 4076 interrogat
1830 4018 1902 4059 an
1939 4017 2147 4062 mane-

511 4089 689 4150 retin
715 4089 1031 4161 sententia,
1063 4106 1236 4168 quam
1262 4105 1464 4147 coram
1495 4087 1593 4147 illo
1621 4087 1927 4148 confessus
1963 4098 2144 4153 esset.

510 4175 645 4256 Ipse
709 4193 845 4237 vero
907 4177 1120 4237 iterum
1179 4175 1456 4255 expedite
1509 4175 1719 4237 iisdem
1755 4194 1819 4237 se
1852 4176 2150 4241 inhaerere

512 4271 758 4325 testatus
817 4271 928 4338 est,
990 4273 1047 4325 et
1099 4264 1495 4344 jurejurando
1528 4264 1898 4326 conﬁrmavit
1947 4265 2160 4330 Omnia

510 4360 708 4415 autem
745 4352 882 4414 ficta
913 4361 1104 4428 erant,
1139 4351 1450 4434 magisque
1482 4354 1610 4434 ipsa
1635 4355 1848 4416 theatri
1882 4374 2062 4418 scena
2090 4376 2158 4418 ex

513 4441 843 4523 composito
877 4441 1048 4507 facta.
1080 4442 1265 4505 Aiunt
1315 4445 1474 4506 enim
1527 4442 1758 4504 occulte
1790 4463 1924 4506 eum
1959 4447 2152 4527 scrip-

512 4531 667 4592 sisse
700 4530 1014 4605 librum,et
1039 4532 1154 4594 sub
1180 4531 1356 4596 axilla
1383 4533 1671 4595 ferentem
1704 4533 1833 4613 (qui
1866 4533 2018 4596 liber
2047 4537 2154 4597 im-

514 4621 810 4702 pudenter
840 4621 1214 4702 impietatem
1261 4624 1390 4704 ejus
1423 4621 1789 4702 continebat)
1821 4625 2054 4700 jurasse
2087 4645 2152 4690 se

511 4710 596 4772 sic
625 4710 878 4774 credere
907 4730 921 4772 :
961 4712 1224 4773 chartam
1260 4731 1396 4775 vero
1430 4711 1540 4794 piae
1569 4711 1881 4786 doctrinae,
1907 4715 2000 4774 cui
2024 4715 2148 4795 jam

2229 3747 2304 3812 τῷ
2334 3740 2613 3816 γράμματι
2661 3739 2867 3816 ἔλεγον,
2901 3739 2998 3795 ὅσα
3047 3740 3134 3794 καὶ
3166 3745 3232 3814 τῇ
3273 3737 3492 3815 γλώττῃ
3523 3735 3848 3792 ὲπλάττοντο.

2235 3827 2506 3892 Ἐξίστατο
2556 3829 2725 3884 τοίνυν
2757 3831 2783 3884 6
2814 3827 3069 3892 Βασιλεὺς
3128 3827 3214 3892 οὖς
3248 3826 3614 3902 διωμολόγουν
3667 3824 3754 3888 τὴν
3782 3819 3852 3874 εὖ·

2233 3912 2464 3988 σέϐειαν,
2539 3919 2624 3973 καὶ
2695 3918 3031 3995 παραχρῆμα
3100 3919 3231 3996 πρὸς
3303 3918 3403 3971 τθιν
3479 3910 3852 3987 Ἀλεξάνδρειαν

2234 4006 2390 4062 at?)th
2420 4026 2474 4060 τε
2507 4010 2602 4061 καὶ
2639 4003 2788 4083 [770
2831 4004 2928 4082 IL]
2965 4007 3082 4069 τοὺς
3129 4006 3217 4061 σύν
3264 4010 3405 4079 αὐτῷ
3431 4007 3564 4079 μετὰ
3597 4005 3748 4074 τιμῆς
3776 3996 3846 4050 ἔκ·

2232 4094 2454 4168 πέμπει.
2515 4087 2571 4151 Ὀ
2605 4093 2656 4149 δὲ
2706 4095 2801 4161 τῆς
2864 4093 3257 4173 Ἀλεξανδρείας
3289 4095 3566 4175 ἀρχιερεὺς
3610 4086 3847 4152 Ἀλέξαν-

2233 4180 2370 4260 δρος,
2428 4183 2785 4256 συμπνέοντος
2845 4186 2986 4256 αύτῷ
3049 4183 3382 4262 ’Λθανασίου,
3419 4185 3506 4239 τὸν
3565 4176 3850 4237 ἀποστέτην

2234 4273 2292 4327 ού
2346 4269 2580 4350 δὲχεται’
2645 4275 2729 4326 καὶ
2778 4274 2918 4335 αὖθις
2963 4271 3174 4348 ’Ἄρειος
3227 4273 3323 4339 τὴν
3371 4273 3575 4350 α’ίρεσιν
3606 4263 3847 4324 ἀνεκάλυ-

2233 4381 2354 4430 πτε,
2388 4362 2473 4416 καὶ
2518 4361 2582 4416 τὰ
2612 4362 2710 4425 τῆς
2743 4361 3007 4438 Αῖγύπτου
3039 4361 3379 4438 ἐταράττετο.
3416 4363 3512 4419 Καὶ
3543 4362 3569 4414 6
3618 4351 3847 4412 Βασιλεὺς

2235 4450 2615 4525 μετάπεμπτον
2661 4464 2893 4506 ποιεῖται
2951 4452 3043 4505 τὸν
3088 4448 3326 4524 ”Αρειον,
3375 4452 3462 4506 καὶ
3511 4441 3846 4503 ἆναπδνθᾶνε-

2233 4561 2318 4596 ται
2377 4540 2420 4594 εἶ
2479 4536 2714 4612 διαμένοι
2766 4543 2852 4602 οἷς
2925 4539 3067 4612 αύτῷ
3125 4539 3190 4588 :23
3266 4538 3674 4612 συναμολόγησε
3729 4526 3848 4584 κατὰ

2234 4630 2541 4708 πρόσωπον*
2579 4630 2606 4685 6
2663 4626 2714 4683 δὲ
2747 4626 2906 4683 πάλιν
2938 4628 3166 4700 ἑτοίμως
3226 4630 3348 4690 τοῖς
3381 4629 3565 4687 αὖτοϊς
3620 4618 3847 4694 ἐμμένειν

2232 4705 2648 4796 συγχ⁹τετίθετο,
2690 4719 2778 4774 καὶ
2836 4716 2991 4794 ὅρκον
3053 4713 3107 4758 5‘
3163 4730 3280 4782 τοῖς
3319 4716 3500 4793 λόγοις
3555 4705 3846 4796 ἐπέϐαλλεν.

510 4800 971 4883 subscripserat,
1007 4801 1351 4882 protulisse.
1430 4791 1445 4794 ⁷
2027 4791 2042 4795 Ὗ

2228 4796 2322 4864 Ἠν
2379 4807 2432 4862 δὲ
2492 4807 2664 4874 σκηνῆ
2703 4813 2866 4862 ταῦτα
2909 4806 3070 4884 πάνα,
3109 4807 3194 4862 καὶ
3247 4811 3452 4873 σχηιῆς
3515 4791 3848 4877 ὂραματικώ·

511 4913 662 4968 τερα.
716 4881 853 4948 (lini
885 4889 931 4946 δ’
965 4881 1037 4956 ὡς
1070 4891 1124 4948 ἐν
1170 4892 1442 4970 μυστηρίῳ
1487 4891 1695 4969 γράψας
1730 4890 1941 4970 ’Ἄρειος
1980 4893 2208 4971 βιϐλίον,
2242 4898 2328 4954 καὶ
2378 4895 2478 4950 ὑπό
2524 4894 2701 4969 μάλης
2734 4895 2905 4974 φέρων
2945 4894 3028 4973 (τὸ
3058 4881 3127 4950 τεὲ
3175 4893 3378 4970 βιϐλίον
3411 4890 3635 4952 ἀναιδῶς
3684 4881 3848 4976 ἐλάλει

512 4982 612 5050 τὴν
668 4977 1000 5060 δυσσέϐειαν)
1071 4981 1278 5058 ὤμνυεν
1339 4981 1474 5038 οὕτω
1517 4995 1756 5058 φρονεῖν,
1815 4985 1905 5037 τὸν
1975 4985 2068 5052 τῆς
2147 4984 2420 5048 εὐσεϐείας
2478 4986 2551 5047 εἷς
2620 4987 2680 5041 τὸ
2739 4984 2968 5062 ἐμφανὲς
3027 4985 3316 5061 προτείνων
3374 4983 3600 5062 χάρτην,
3648 4978 3717 5037 ὡς
3769 4983 3846 5024 και

511 5069 859 5146 ὑπογράψειε,

591 5157 776 5220 Paulo
809 5165 943 5238 post
974 5159 1298 5240 imperator
1324 5160 1611 5223 caducam
1636 5159 1788 5222 banc
1810 5159 1985 5222 vitam
2007 5180 2142 5225 cum

2311 5164 2456 5220 Μετὰ
2513 5162 2567 5218 δὲ
2599 5163 2803 5242 βραχὺν
2863 5161 3114 5242 χρόνονὸ
3163 5161 3410 5238 βασιλεὺς
3467 5159 3556 5215 τὸν
3614 5151 3843 5242 ἐπίκηρξὶν

513 5235 838 5312 immortali
901 5235 1306 5328 commutavit,
1369 5268 1502 5312 cum
1561 5265 1754 5313 annos
1804 5249 2043 5329 triginta
2088 5259 2144 5312 et

2229 5254 2302 5316 είς
2359 5255 2452 5309 τὸν
2481 5235 2747 5332 ἀκήρατον
2778 5235 3133 5328 μεταλλάττει
3165 5235 3325 5330 βίον,
3361 5249 3448 5306 ἕνα
3483 5247 3579 5324 μὲν
3629 5235 3845 5298 ἐνιαυτὸν

1818 5409 2081 5474 VARUE
2138 5409 2576 5475 LECTIONES.

1107 5506 1168 5555 ΑΒ
1199 5504 1439 5566 εὐσεϐοῦς
1471 5505 1729 5582 βασιλέως
1768 5517 1975 5566 Κωνστ,
2009 5505 2092 5584 ς,
2180 5504 2242 5554 46
2269 5505 2518 5577 διεϐλήθη
2551 5507 2615 5568 Β,
2705 5507 2764 5556 47
2793 5508 2886 5564 τὸν
2929 5508 3146 5584 ’Ἄρειον
3178 5504 3431 5584 ἆνεγῆναι
3462 5505 3544 5579 ς,
3571 5496 3671 5584 ,τε
3696 5485 3842 5584 αδελ-

1402 5567 1481 5637 50.
1509 5587 1602 5643 οὒκ
1636 5567 1726 5645 καί
1755 5589 1848 5644 οὐκ
1879 5585 1956 5646 Α.
2023 5567 2089 5626 ’Μ
2125 5587 2211 5642 καὶ
2263 5585 2401 5649 add.
2564 5567 2650 5638 75’
2675 5590 2925 5668 γρύφουσι
2955 5567 3032 5650 Α..
3118 5585 3184 5637 5³
3215 5567 3373 5648 αὐτοῦ
3415 5567 3498 5652 A:
3567 5579 3628 5632 5‘
3653 5575 3733 5634 καὶ
3760 5567 3839 5622 τὸν

593 5503 656 5554 44
683 5504 772 5561 οὖν
799 5521 920 5566 om.
954 5505 1022 5566 Β.

513 5589 596 5664 φῷ
792 5583 854 5634 49
883 5585 1194 5648 ἐπικύλποις

514 5665 672 5746 ὅρκον
702 5666 786 5741 ς,
