4008 6210
244 359 343 424 121

1363 348 1886 418 BIBLIOTHECA.
1935 380 2009 395 —
2040 349 2203 412 COD.
2252 345 2527 412 CCLVII.

3505 348 3619 412 122

236 515 339 564 ται,
399 492 462 546 ὃν
515 490 679 556 αῦτδς
723 487 1106 569 ἐχειροτόνησε
1142 482 1515 562 πρεσϐύτερον,
1563 485 1605 539 εἰ
1648 482 1694 538 δ’
1737 486 1793 569 ἐν
1822 489 1888 556 τῷ

1982 479 2250 555 donium,
2278 479 2420 542 olim
2456 479 2796 541 ordinatum
2825 480 3169 554 diaconum,
3203 488 3262 542 et
3290 482 3402 558 iam
3436 499 3614 543 sene-

233 582 480 662 σχτξματι
545 580 748 655 σεμνὸν
781 568 894 634 ίκαὶ
956 577 1183 650 κόσμιον
1237 580 1306 651 τῇ
1362 571 1548 638 ἔξωθεν
1605 568 1888 652 περιϐολῇ,

229 668 590 743 Μακεδόνων,
655 666 821 724 πα’λσι
864 667 1308 746 χειροτονηθέντα
1357 662 1600 718 διάκονον
1643 663 1889 738 καὶπρὸς

228 760 390 837 γῆρας
441 757 812 814 ἆποκλίνοντα
840 755 926 818 73,
958 755 1131 814 Ταῦτα
1189 753 1614 830 εἰσηγησάμενος
1674 753 1747 812 εἷς
1791 751 1890 817 τὴν

229 850 428 923 ἀμείνω
487 845 647 914 λῆξιν
707 843 1042 923 μεταϐαίνει,
1111 841 1530 923 ἀρχιερατεύσας
1602 839 1700 913 μὲν
1772 839 1887 916 τρία

227 939 308 994 καὶ
369 934 560 992 εἴκοσι
623 935 745 1008 ἔτη,
805 935 954 1010 βιοὺς
1015 933 1066 988 δὲ
1126 935 1218 989 τὸν
1265 931 1440 986 πάντα
1487 929 1600 1007 βίον
1628 928 1771 985 ὀκτὼ
1801 929 1890 984 καὶ

224 1027 588 1095 ἐνενήκοντα.
647 1025 852 1080 Γίνεται
912 1023 968 1079 δὲ
1021 1021 1312 1101 φιλονεικία
1367 1020 1485 1096 περὶ
1540 1019 1642 1084 τὴν
1684 1017 1890 1093 αἵρεσιν

225 1122 330 1172 τῶν
388 1113 816 1191 προειρημένων
881 1110 1084 1190 ἀνδρῶν
1115 1127 1130 1143 ⁸
1179 1111 1224 1166 οἱ
1280 1109 1382 1184 μὲν
1439 1108 1540 1184 γὰρ
1587 1104 1639 1172 ἐξ
1688 1105 1890 1182 Ἀρείου

225 1207 358 1281 πρὸς
406 1203 750 1261 Μακεδόνων
803 1199 1054 1277 ἔϐλεπον,
1111 1201 1172 1254 τὸ
1215 1195 1268 1252 δὲ
1314 1195 1580 1274 ὀρθόδοξον
1612 1196 1704 1250 τὸν
1740 1199 1888 1250 Παῦ-

227 1292 318 1348 λον
347 1292 737 1368 προύτίθεσαν.
791 1299 992 1364 Κρατετ
1031 1286 1079 1343 δ’
1119 1287 1206 1343 οὖν
1235 1287 1268 1354 ἦ
1299 1291 1405 1340 τῶν
1449 1281 1741 1363 ὁιρθόδοξων
1771 1285 1887 1356 ψῆ-

227 1402 345 1454 φος,
410 1380 517 1436 καί
587 1379 982 1457 χειροτονεῖται
1041 1379 1068 1432 0
1115 1374 1318 1436 Παῦλος
1377 1373 1663 1436 ἐπίσκοπος
1707 1371 1761 1427 ἐν
1819 1376 1887 1443 τῇ

228 1475 326 1535 τῆς
367 1471 533 1545 ἁγίας
597 1470 829 1545 Εἰρήνης
889 1465 1152 1537 ἐπωνύμῳ
1203 1463 1482 1534 ἐκκλησίᾳ,
1533 1461 1600 1528 ἢν
1633 1464 1659 1516 0
1690 1461 1887 1539 χρόνος

1973 575 2238 630 scentem
2257 569 2766 648 acciperent.Haac
2783 570 3050 631 referens
3066 578 3198 649 post
3217 569 3618 650 moritur,epi-

1971 667 2279 736 scopatum
2303 666 2422 718 tres
2437 667 2493 718 et
2517 659 2720 736 viginti
2749 677 2939 720 annos
2964 677 3097 719 cum
3117 660 3619 737 gessisset,annos

1972 755 2144 808 natus
2170 748 2494 821 nonaginta
2517 760 2676 810 octo.
2712 746 2855 810 Orta
2883 756 3076 808 autem
3105 749 3412 810 contentio
3435 756 3527 810 est
3555 749 3616 809 in

1972 839 2208 900 duobus
2224 841 2398 900 4741)
2413 841 2532 901 illis
2559 841 2876 919 eligendis.
2894 841 3100 901 Ariani
3116 841 3185 901 ad
3204 842 3614 902 Macedonium

1975 932 2435 1007 inclinabant,at
2452 933 2661 994 ﬁdeles
2685 934 2936 994 Paulum
2965 932 3290 996 malebant.
3316 933 3474 996 Vicit
3497 933 3619 1013 pio-

1972 1039 2103 1082 rum
2137 1022 2457 1092 sententia,
2495 1029 2552 1082 et
2605 1021 2914 1082 ordinatur
2960 1021 3174 1083 Paulus
3207 1022 3525 1102 episcopus
3556 1021 3616 1083 in

1973 1109 2233 1171 ecclesia
2262 1120 2484 1171 sancta;
2513 1109 2721 1171 Irenes
2754 1110 3078 1185 nominata,
3115 1129 3293 1190 quam
3330 1111 3619 1188 temporis

1972 1207 2355 1275 successu,ut
2382 1218 2416 1258 a
2439 1217 2588 1259 nova
2617 1199 3385 1278 distingueretur,veterem
3413 1202 3618 1279 appel-

1972 1291 2096 1353 lare
2130 1291 2375 1370 placuit.
2398 1291 2778 1352 Constantius
2803 1309 2942 1352 vero
2967 1307 3086 1351 non
3113 1293 3292 1352 multo
3326 1302 3461 1370 post
3488 1291 3616 1352 An-

1971 1379 2193 1440 tiochia
2217 1378 2795 1458 Constantinopolim
2822 1379 3253 1452 veniens,iram
3279 1380 3338 1440 in
3367 1379 3613 1441 Paulum

1971 1468 2440 1548 concepit,quod
2465 1488 2582 1530 non
2616 1468 2779 1528 illius
2806 1469 3088 1546 suffragio
3119 1469 3346 1529 electus
3370 1477 3619 1541 esset,et

225 1555 700 1614 ἀντιδιαστέλλων
755 1556 848 1622 τῆς
904 1555 1022 1618 νέας
1079 1552 1241 1610 ἔδωκε
1300 1551 1578 1609 καλεῖσθαι
1629 1549 1883 1610 παλαιάν,

1972 1558 2329 1619 Arianorum
2353 1557 2577 1619 indicto
2609 1558 3142 1637 concilio,Paulum
3167 1558 3448 1619 abdicare
3465 1576 3609 1619 coe-

227 1647 619 1711 Κωνστείντιος
649 1644 705 1701 δὲ
736 1647 797 1702 οὗ
827 1646 966 1719 μετὰ
1013 1642 1146 1700 πολὺ
1177 1646 1239 1699 ἐκ
1284 1642 1384 1709 τῆς
1413 1639 1744 1719 Ἀντιοχέων
1778 1637 1884 1694 πό-

1972 1647 2069 1728 git.
2088 1647 2562 1728 Eusebium,jam
2588 1651 2756 1711 tertio
2780 1652 2987 1711 sedem
3006 1648 3618 1724 mutantem,ex_Nico-

221 1735 365 1798 λεώς
401 1735 461 1790 ’ἐν
597 1734 996 1792 Κωνσταντίνου
1037 1732 1100 1782 ἠ
1141 1732 1401 1811 γεγονὼς,
1443 1727 1511 1785 δι’
1553 1731 1720 1806 ὀργῆς
1753 1727 1882 1818 εἶχε

1972 1727 2185 1814 media,
2223 1727 2766 1818 Constantinopolis
2793 1747 2954 1799 creat
2984 1739 3360 1818 episcopum.
3393 1736 3616 1810 Quibus

223 1826 318 1880 τὸν
378 1822 861 1902 χειροτονηθέντα,
924 1821 1004 1877 ὅτι
1058 1822 1138 1896 μὴ
1196 1823 1288 1875 σὺν
1343 1818 1534 1896 γνώμῃ
1592 1823 1660 1894 τῇ
1729 1816 1886 1874 αὒτοῦ

1972 1825 2150 1906 impie
2188 1827 2456 1905 patratis,
2491 1816 2865 1888 Antiochiam
2893 1816 3159 1888 revertit.
3184 1816 3478 1887 Eusebius
3508 1844 3618 1888 au-

223 1911 504 1991 προῆλθεν
593 1913 628 1980 ἡ
704 1909 1032 1990 χειροτονία.
1122 1910 1222 1966 Καὶ
1301 1906 1587 1985 ’Δρειανῶν
1669 1906 1884 1996 καθίσας

1972 1923 2088 1975 tem
2125 1933 2364 1976 omnem
2393 1913 2670 1977 movebat
2699 1915 3056 1996 lapidem,ut
3085 1915 3353 1996 symbolo
3385 1915 3615 1976 exime-

225 1999 508 2077 συνέδριον
571 2001 665 2055 τὸν
714 2000 814 2073 μὲν
872 1998 1080 2055 Παῦλον
1123 1995 1408 2078 σχολάζειν
1456 1994 1882 2074 κατεψηφίσατο,

1972 2013 2134 2065 retur
2180 2003 2324 2064 illud
2372 2008 2676 2079 ὁμοούσιον,
2707 1994 3255 2066 consubstantiale.
3293 2003 3432 2065 Erat
3476 2012 3617 2067 tunc

229 2087 495 2148 Εξισὲϐιον
555 2091 613 2144 δὲ
662 2089 841 2165 τρίτον
884 2090 1067 2167 θρόνον
1108 2085 1390 2159 ἆμείϐοντα
1422 2083 1481 2140 ἐκ
1529 2081 1884 2154 Νικομηδείας

1972 2093 2328 2154 Antiocheni
2375 2093 2582 2172 templi
2621 2093 2946 2166 dedicatio,
2993 2093 3152 2168 quod
3193 2091 3614 2154 Constantinus

231 2183 333 2244 τῆς
397 2177 677 2250 βασιλίδος
735 2178 1028 2234 ἐπίσκοπον
1087 2173 1470 2235 ἆναδείκνυσιν,
1519 2171 1674 2260 Ἀλλ’,
1713 2173 1740 2226 0
1786 2170 1885 2260 μεν

1972 2182 2103 2260 pius
2125 2170 2552 2243 exaediﬁcaret:
2582 2181 2962 2242 Constantius
2975 2200 3112 2243 vero
3134 2181 3612 2242 consecrandum

241 2264 513 2331 ὣσοεϐὦς
546 2275 713 2323 ταῦτα
754 2266 952 2344 πράξας
1009 2263 1322 2344 ὑποστρέφει
1366 2262 1430 2312 ’15
1482 2263 1613 2336 πρὸς
1661 2259 1882 2316 Ἀντιό-

1972 2259 2282 2350 curavit,et
2305 2278 2583 2348 praetextu
2610 2269 3002 2331 dedicationis
3031 2270 3354 2348 nonaginta
3383 2287 3610 2332 convo-

241 2377 429 2434 χειαν,
496 2353 742 2418 Εῦσὲϐίος
802 2352 858 2410 δὲ
911 2355 1081 2410 πάντα
1120 2353 1262 2409 λίθον
1311 2351 1468 2408 ἐκίνει
1517 2351 1590 2413 ὡς
1635 2348 1697 2405 ἃν
1729 2369 1884 2425 περι-

1972 2348 2532 2440 εειηιυι-ερίεοορὶ.
2575 2359 2890 2422 Maximus.
2939 2359 3610 2440 liierosolymitanorum
3667 2427 3672 2430 _

231 2445 352 2500 ἇοι
419 2451 512 2501 τοῦ
573 2444 716 2520 ἱεροῦ
772 2441 1041 2519 συμϐόλου
1090 2444 1150 2499 τὸ
1201 2442 1506 2516 ὸμοούσιον.
1543 2437 1770 2516 Ἀγεται
1825 2435 1888 2502 δὴ

1972 2447 2216 2528 praesul,
2244 2435 2332 2508 vir
2366 2435 2498 2526 pius
2537 2466 2654 2509 non
2683 2447 2926 2510 aderat:
2965 2449 3068 2509 sed
3095 2435 3287 2528 neque
3310 2447 3610 2509 Romanus

229 2537 300 2590 τὰ
359 2533 612 2611 ἰγκαίνια
671 2540 769 2600 τῆς
827 2533 883 2590 ἐν
929 2533 1233 2610 Ἀντιοχείᾳ
1275 2529 1583 2599 ἐκκλησίας,
1633 2528 1699 2596 ἢν
1735 2537 1887 2618 Κων-

1978 2536 2236 2616 pontifex
2260 2536 2476 2612 Julius,
2500 2555 2611 2598 nec
2632 2555 2739 2617 per
2755 2555 2846 2610 se,
2864 2555 2975 2598 nec
3001 2555 3106 2618 per
3127 2537 3306 2598 alium
3330 2538 3606 2616 legatum.

232 2637 536 2685 σταντῒνος
569 2623 667 2696 μὲν
725 2625 753 2678 0
810 2619 1034 2687 εὐσεϐὴς
1089 2622 1148 2677 ἐκ
1203 2621 1410 2696 βάθρων
1459 2616 1668 2694 ἤγειρεν
1704 2632 1718 2647 ⁸
1767 2619 1794 2672 0
1837 2613 1888 2671 δί

1978 2613 2388 2703 Congregatnr
2420 2613 2684 2706 synodus
2717 2613 3018 2705 prwsente
3045 2613 3416 2688 Constantio.
3451 2625 3611 2688 Con-

233 2723 622 2777 Κωνσταντιος
681 2711 1063 2790 καθιερωθῆναι
1115 2710 1338 2788 γνώμην
1399 2707 1542 2763 ἔθετο
1577 2709 1755 2796 ’,καὶ
1825 2712 1888 2782 τῇ

1979 2714 2230 2775 tendunt
2251 2713 2575 2775 Eusebiani
2600 2725 2662 2776 ut
2685 2715 2875 2796 primo
2890 2715 3244 2776 Athanasius
3258 2716 3610 2794 deponatur.

232 2807 350 2857 τῶν
458 2800 741 2878 ἐγκαινίων
839 2800 1096 2879 προφάσει
1188 2799 1464 2886 ἐπίσκοποι
1548 2794 1888 2886 συλλέγονται

1977 2804 2151 2864 Initio
2176 2813 2456 2866 accusant
2485 2804 2652 2884 quasi
2678 2794 2885 2866 contra
2907 2823 3194 2865 canonem
3211 2805 3611 2886 egerit,quem

234 2889 596 2958 ἐνενήκοντα.
657 2887 896 2963 Μάξιμος
955 2886 1002 2943 δ’
1032 2890 1059 2944 0
1101 2893 1207 2944 τῶν
1255 2879 1634 2961 Ἰεροσολύμων
1679 2885 1888 2964 ἔφορος,

1976 2893 2090 2972 ipsi
2107 2903 2251 2954 tunc
2272 2879 2883 2955 ediderantBediens
2901 2879 3363 2972 enim,aiunt,ab
3377 2879 3608 2969 exsilio,

233 2980 383 3057 ἀνὴρ
441 2977 692 3052 εὐσεϐὴς,
740 2979 801 3034 οῦ
842 2981 1041 3056 παρῆν,
1088 2975 1204 3033 ἄλλ’
1259 2973 1366 3034 οὐδ’
1414 2977 1441 3030 0
1484 2975 1697 3047 Ῥώμης
1750 2973 1888 3032 ’[ού-

1975 3002 2094 3044 non
2129 2982 2395 3044 omnium
2426 2983 2678 3061 judicio,
2705 2983 2813 3044 sed
2843 3002 2952 3044 suo
2978 2982 3271 3044 arbitratu
3303 2983 3613 3062 episcopa-

231 3069 387 3143 λιος,
450 3066 568 3123 οὔτ’
617 3065 1050 3145 αὒτοπροσώττως
1097 3065 1162 3115 76
1203 3063 1320 3123 ούτε
1363 3063 1424 3113 77
1453 3062 1538 3122 διά
1595 3085 1738 3127 τινος
1787 3066 1888 3120 τῶν

1975 3079 2098 3132 tum
2125 3071 2476 3152 assumpsit.
2505 3071 2782 3134 Secundo
2804 3073 2959 3152 quod
2989 3073 3119 3152 ejus
3145 3075 3436 3149 ingressu,
3463 3070 3615 3132 sedi-

235 3156 549 3228 ῦποτελῶν,
609 3163 999 3233 Στγκροτεῐται
1050 3157 1148 3230 μὲν
1197 3157 1232 3222 ἡ
1263 3151 1476 3214 σύνοδος
1506 3155 1765 3229 παρόντος
1797 3153 1888 3208 καί

1974 3160 2140 3252 t_ion_e
2157 3151 2477 3231 concitata,
2501 3161 2674 3252 multi
2697 3161 3038 3242 periisseut.
3063 3161 3268 3223 Tertio
3297 3159 3372 3220 ob
3395 3177 3459 3220 ea
3484 3176 3614 3238 quae

239 3247 644 3316 Κωνσταντίου,
709 3246 755 3300 οἱ
813 3243 868 3299 δὲ
919 3246 1044 3322 περί
1101 3241 1346 3300 Εὖσέϐιον
1414 3241 1646 3306 σπουδὴν
1703 3242 1888 3318 ἄγουσι

1973 3248 2113 3328 Tyri
2135 3259 2265 3312 acta
2288 3261 2510 3314 essent.
2540 3241 2708 3313 Unde
2735 3258 2793 3311 et
2812 3251 3280 3311 condemnantes
3301 3256 3612 3310 strenuum

241 3337 344 3410 πρὸ
403 3335 513 3390 τῶν
575 3331 758 3388 ἄλλων
800 3333 1260 3389 ἀποσκευάσασθαι
1315 3332 1451 3409 [773
1501 3331 1605 3411 Η.]
1659 3330 1888 3387 Ἀθανά-

1973 3339 2376 3415 athletam,i|li
2391 3339 3050 3420 Gregorium,ejusdem
3071 3337 3610 3411 sect&,sulﬁciunt.

242 3445 386 3485 σιω,
432 3423 768 3499 Ἐπᾶγουσιν
819 3423 909 3478 οὖν
955 3422 1172 3500 πρώτην
1228 3426 1370 3496 αῦτῷ
1415 3422 1582 3478 αἰτίαν
1631 3421 1692 3477 τό
1748 3421 1888 3497 παρὰ

1974 3426 2044 3489 Et
2074 3429 2199 3490 haec
2232 3429 2381 3503 ausi,
2429 3430 2559 3489 ausi
2589 3438 2728 3489 sunt
2777 3437 2834 3489 et
2865 3427 3041 3488 ﬁdem
3099 3435 3436 3508 permutare
3467 3425 3614 3488 nihil

241 3514 444 3568 κανόνα
474 3511 702 3587 πρᾶξαι,
747 3513 944 3568 κανόνα
993 3511 1238 3589 λέγοντες
1297 3513 1357 3567 ὃν
1406 3511 1552 3568 αὒτοὶ
1600 3515 1888 3576 τηνικαῦτα

1973 3535 2177 3578 eorum
2211 3517 2730 3595 reprehendentes
2757 3516 2847 3577 vel
2877 3516 3080 3588 verbo,
3117 3535 3248 3596 quae
3277 3520 3334 3575 in
3379 3515 3618 3577 Nicrena

243 3601 489 3665 ἐξέθεσαν
556 3599 886 3680 (ἰπανελθὼν
955 3600 1074 3679 γὰρ,
1150 3599 1402 3678 ἔφασκον,
1453 3599 1548 3665 τῆς
1618 3599 1888 3675 ὑπερορίας

1977 3604 2200 3684 synodo
2221 3612 2465 3664 tractata
2488 3605 2998 3684 essent,improbo
3017 3612 3076 3664 et
3099 3603 3474 3664 fraudulento
3487 3602 3616 3663 ani.

246 3691 374 3769 σῦχὶ
427 3697 499 3766 τῇ
561 3692 660 3746 τοῦ
714 3696 894 3745 κοινοῦ
952 3687 1163 3766 γνώμη,
1220 3687 1342 3744 ἀλλ’
1390 3689 1543 3750 αὒτὸς
1576 3687 1746 3760 ἑαυτῷ
1796 3688 1888 3753 τὴν

1978 3710 2074 3753 mo
2089 3692 2320 3752 semina
2330 3693 2721 3770 jacientes,ut
2735 3695 3016 3760 δμοούσιον
3028 3692 3618 3754 tollatur.Antinche-

245 3779 664 3858 ἀρχιερωσύνην
735 3777 1043 3854 ἐπέτρεψε),
1127 3775 1368 3850 δευτέραν
1439 3775 1520 3831 ὅτι
1591 3775 1726 3832 κατὰ
1798 3775 1888 3840 τὴν

1979 3800 2054 3842 na
2075 3781 2334 3860 synodus
2349 3783 2471 3842 haec
2495 3790 2553 3842 et
2575 3782 2691 3842 alia
2713 3781 2932 3841 similia
2957 3791 3190 3852 ausa,et
3213 3781 3494 3841 nonnulla
3518 3781 3619 3842 de-

245 3866 461 3925 εἴσοδον
518 3869 668 3940 αῦτῷ
715 3868 953 3929 στάσεως
1001 3865 1345 3944 συῤῥαγείσης
1377 3864 1573 3921 πολλοὶ
1610 3863 1888 3942 ἀπέθανον,

1979 3889 2258 3939 cernens,
2293 3871 2657 3932 dissolvitur.
2691 3869 2982 3930 Eusebius
3005 3869 3076 3929 ad
3109 3869 3439 3929 Romanum
3477 3887 3619 3946 pon-

246 3961 334 4013 ααί
369 3961 559 4035 τρίτην
588 3958 660 4013 τὰ
709 3955 766 4011 ἐν
816 3957 964 4034 Τύρῳ
1006 3955 1378 4031 πεπραγμένα·
1425 3953 1475 4018 ἐξ
1503 3956 1576 4008 ὧν
1609 3954 1692 4009 καὶ
1722 3975 1888 4009 κατα-

1977 3957 2432 4021 tiﬁcemJulium
2465 3960 2691 4038 legatos
2716 3959 2912 4031 mittit,
2943 3959 3053 4017 hoc
3087 3959 3366 4027 moliens,
3405 3965 3617 4036 utquaa

247 4048 626 4125 ψηφισάμενοι
671 4052 767 4102 τοῦ
793 4044 857 4093 78
884 4050 980 4110 τῆς
1027 4042 1288 4106 εὐσεϐείας
1331 4041 1560 4108 ἀθλητοῦ
1589 4042 1650 4090 79
1679 4040 1888 4120 Γρηγό-

1977 4049 2262 4109 adversus
2285 4048 2677 4109 Athanasium
2704 4049 2946 4108 decreta
2961 4056 3182 4118 essent,
3201 4055 3322 4107 rata
3345 4045 3613 4119 haberet,

243 4159 355 4213 ριον
409 4136 832 4192 ἆντικαθιστῶσι
889 4135 981 4190 τὸν
1039 4133 1331 4210 ὁμόφρονα.
1388 4134 1484 4189 Καὶ
1526 4131 1888 4204 τολμήσαντες

1980 4136 2086 4197 sed
2123 4154 2229 4213 spe
2261 4156 2368 4198 sua
2399 4138 2687 4198 lrustatus
2733 4143 2843 4196 est.
2891 4137 3106 4197 Paulus
3142 4154 3280 4198 vero
3311 4136 3614 4214 archiepi-

242 4234 406 4282 ταῦτα
468 4223 810 4298 ἐπιτολμῶσι
867 4223 958 4278 καὶ
1013 4225 1102 4278 τὸν
1175 4223 1561 4296 μεταπλασμὸν
1630 4221 1726 4288 τῆς
1801 4222 1888 4277 πί-

1976 4244 2196 4304 scopus
2251 4227 2503 4287 Romam
2540 4226 2859 4305 profectus,
2897 4235 2959 4286 et
2989 4225 3090 4286 alii
3135 4225 3313 4285 Δτὸα
3345 4224 3615 4286 nonnulli

247 4335 438 4393 στεως,
501 4311 658 4369 αἶιδὲν
716 4313 812 4382 μὲν
869 4311 1005 4367 κατᾶ
1059 4311 1238 4390 φωνην
1291 4315 1394 4364 τῶν
1448 4309 1500 4364 ἐν
1532 4311 1722 4381 Νικαίᾳ
1753 4331 1888 4384 μεμ-

1979 4313 2272 4392 episcopi,
2299 4333 2417 4374 una
2437 4333 2569 4374 cum
2597 4315 2926 4375 Athanasio
2945 4313 3187 4374 Eusebii
3209 4313 3342 4374 dolo
3364 4313 3614 4392 expulsi,

250 4405 511 4476 φάμενοι,
563 4405 648 4474 τῷ
676 4398 730 4455 δί
760 4399 943 4478 ὒφ-ἇλῳ
986 4400 1073 4454 καὶ
1119 4398 1496 4476 κακομηχάνῳ
1535 4403 1633 4463 τῆς
1665 4396 1888 4462 διανοίας

1979 4402 2158 4462 simul
2193 4404 2398 4464 Romae
2446 4404 2721 4480 agebant.
2776 4402 2966 4464 Julius
2998 4422 3136 4462 vero
3169 4404 3370 4464 audito
3419 4403 3619 4462 omnia

250 4494 532 4568 σπέρματα
577 4487 1108 4564 προκαταϐάλλοντες
1161 4486 1332 4564 [1421
1372 4488 1468 4563 Β.)
1515 4487 1642 4562 πρὸς
1677 4488 1774 4553 τὴν
1807 4497 1888 4546 τοῦ

1981 4508 2113 4570 quae
2143 4489 2218 4549 de
2237 4490 2540 4571 episcopis
2564 4499 2696 4551 acta
2721 4504 2947 4564 essent,
2970 4491 3300 4552 calumnias
3325 4489 3615 4568 esse,epi-

245 4582 534 4654 ὁμοσπίου
593 4580 920 4654 καθαίρεσιν.
987 4580 1084 4634 Καί
1145 4576 1174 4642 ἦ
1237 4576 1336 4649 μὲν
1382 4576 1518 4631 κατᾶ
1563 4573 1888 4654 Ἀντιόχειαν

1979 4577 2146 4637 stolis
2178 4577 2312 4638 illos
2343 4579 2707 4638 conﬁrmans
2739 4581 2795 4637 in
2827 4576 3131 4639 Orientem
3166 4577 3437 4649 remittit,
3473 4595 3616 4655 pro-

249 4669 466 4730 σύνοδος
517 4675 689 4724 ταῦτα
739 4668 825 4722 καὶ
854 4665 1052 4721 τοιαῦθ’
1083 4664 1234 4732 ἕτερα
1263 4663 1609 4744 τολμήσασα,
1654 4664 1746 4719 καί
1777 4686 1888 4720 τινα

1978 4664 2166 4744 priam
2191 4666 2513 4746 unicuique
2534 4666 2774 4726 tradens
2806 4667 3038 4742 sedem,
3058 4684 3282 4745 eosque
3312 4665 3414 4744 qui
3445 4665 3617 4724 dam-

250 4762 602 4834 κανονῖσασα,
660 4755 984 4817 διαλέλυται,
1049 4751 1295 4816 Εὐσέϐιος
1351 4750 1404 4807 δὲ
1461 4755 1588 4828 πρὸς
1612 4754 1710 4808 τὸν
1762 4743 1888 4810 Ῥώ-

1976 4743 2240 4826 nassent,
2280 4743 2493 4815 merito
2525 4773 2831 4816 accusans.
2885 4752 3106 4817 Omnes
3149 4743 3290 4814 hinc
3325 4743 3619 4814 Ecclesias

250 4871 354 4922 ρης
407 4845 639 4905 Ἰούλιον
697 4842 1152 4921 διαπρεσϐεύεται,
1219 4843 1317 4908 τὴν
1390 4843 1526 4897 κατα
1581 4840 1888 4897 Ἀθανασίου

1979 4860 2115 4902 suas
2147 4842 2468 4921 recipiunt,
2500 4843 2604 4904 sed
2639 4853 2699 4905 et
2729 4843 3002 4922 epistolae
3035 4843 3103 4901 iis
3135 4841 3350 4921 quibus
3381 4841 3619 4918 scriptte

251 4944 423 5014 ᾧῆφν
453 4939 761 5014 κυρωθῆναι
816 4934 1229 5012 τεχναζόμενος·
1277 4928 1396 4985 ἀλλ’
1437 4928 1584 4988 οὐδὲν
1615 4932 1689 4984 ὧν
1720 4929 1888 4998 ἤλπι-

1979 4938 2176 5008 erant,
2209 4931 2602 4992 destinantur.
2644 4930 2902 4991 Eusebio
2938 4937 3193 5002 mortuo,
3244 4928 3456 4990 Paulus
3498 4948 3620 4990 suae

247 5035 328 5097 ξεν
357 5027 543 5094 ἤνυσε.
609 5023 816 5086 Παῦλος
846 5022 895 5078 δ’
928 5026 956 5078 ὁ
1000 5021 1278 5101 ἀρχιερεὺς
1309 5020 1408 5087 τὴν
1465 5021 1679 5094 Ῥώμην
1723 5042 1888 5077 κατα-

1977 5019 2106 5078 sedi
2137 5020 2492 5081 restituitur.
2525 5020 2733 5082 Ariani
2759 5037 2862 5100 pro
2885 5020 2995 5079 hac
3020 5017 3285 5079 Ecclesia
3309 5037 3412 5097 pro
3437 5018 3617 5080 Paulo

251 5114 441 5185 λαϐὼν,
518 5115 610 5170 καὶ
677 5113 847 5191 ἕτεροι
922 5110 977 5167 δὲ
1049 5114 1142 5167 οὒκ
1172 5109 1341 5187 ὸλίγοι
1405 5109 1687 5166 ἐπίσκοποι
1757 5111 1888 5166 κατᾶ

1975 5109 2394 5170 Macedonium
2444 5117 2672 5183 creant,
2724 5107 2826 5189 qui
2872 5108 3084 5168 Filium
3121 5106 3293 5169 Patre
3325 5108 3614 5168 minorem

251 5206 501 5272 exuo-ﬁs
555 5202 948 5284 ἰκδιωχθέντες
1009 5196 1276 5270 Εὗσεϐίου,
1334 5195 1470 5254 ἄλλα
1518 5197 1612 5254 καί
1659 5197 1888 5256 Ἀθανᾶ-

1976 5214 2108 5259 esse
2141 5196 2612 5278 blaSphemabat,
2672 5197 2961 5259 damnans
3012 5198 3316 5276 ὸμοούσιον,
3352 5197 3612 5260 consub-

1560 5373 1814 5440 VARUE
1872 5371 2316 5439 LECTIONES.

1882 5538 1942 5562 μ-

327 5543 384 5594 π
419 5545 780 5604 ἀποκλίναντα
813 5543 894 5605 Α.
985 5538 1050 5588 ἠ
1077 5541 1470 5599 Κωνσταντίνου
1516 5535 1670 5594 πόλει
1714 5558 1834 5616 γεγ.
1880 5538 1965 5612 ς’.

2050 5533 2113 5589 75
2155 5537 2453 5621 ὺπεστρέφη
2503 5539 2566 5614 ς’
2573 5580 2588 5603 .
2674 5539 2735 5591 67
2779 5539 3192 5622 αὐτοπρόσωπος
3236 5538 3318 5613 ς’.
3405 5533 3468 5585 ’Π
3498 5533 3614 5601 οὔτε

272 5622 381 5690 ιω.
406 5627 472 5693 Δ,
561 5627 622 5678 78
649 5634 746 5686 τοῦ
783 5657 859 5670 -
893 5619 1151 5705 ἀθλητοῦ]
1185 5621 1273 5680 τόν
1302 5655 1380 5667 -
1424 5618 1507 5670 78⁸
1537 5617 1773 5688 ἀθλητήν
1805 5616 1877 5684 Α,
