4008 6210
521 298 631 364 123

1700 297 1963 360 PHOTII
2005 297 2518 364 PATRIABCHIE
2559 302 2672 365 CP.

3757 308 3861 372 124

510 435 826 510 stantiale,
856 446 920 498 et
951 435 1235 517 Spiritum
1279 439 1544 496 sanctum
1580 432 1824 494 omnino
1849 451 1884 493 a
1915 429 2122 494 divini-

2224 451 2358 504 σιος,
2419 434 2551 506 ὁμοῦ
2607 432 2792 513 διῆγον
2845 433 2898 492 ἓν
2946 442 3012 513 τῇ
3049 426 3251 516 Ῥώμῃ.
3290 429 3351 498 ’0
3387 437 3443 495 δὲ
3471 439 3613 517 ἱερὸς
3651 437 3862 506 Ἰούλιος

511 533 630 588 tate
651 526 1012 589 removebat.
1035 525 1352 592 Athanasio
1373 542 1607 603 quoque
1624 542 1788 584 suam
1809 521 2140 600 recipiente

509 615 1232 691 Ecclesiam,Anthiochia
1245 613 1456 674 iterum
1471 612 1892 674 convenientes
1909 613 2138 691 (conve-

513 718 724 766 nerant
747 707 903 768 enim
933 704 1152 766 Iulium
1175 705 1510 765 Romanum
1538 702 1800 762 vicissim
1834 698 2140 762 criminari

506 795 794 874 volentes)
842 793 1090 872 impium
1147 789 1498 869 Gregorium
1548 791 1768 860 statim,
1816 807 1993 869 quem
2026 788 2138 867 ipsi

510 881 820 959 praterfas
834 891 888 942 et
906 897 1140 960 aequum
1157 878 1989 950 ordinaverant,Autiochiam
2011 876 2137 936 mit-

510 977 715 1035 tunt.et
728 968 1101 1030 Alexandria
1115 966 1605 1048 prafectusillum
1622 974 1847 1047 septem
1871 966 2137 1028 millibus

507 1056 755 1118 militum
779 1057 1042 1120 adduxit.
1072 1057 1197 1129 Quo
1215 1057 1475 1128 cognito,
1501 1055 1859 1118 Athanasius
1882 1057 2132 1118 Romam

503 1146 717 1207 iterum
742 1147 1139 1225 adnavigavit.
1171 1145 1550 1210 Alexandrini
1570 1164 1684 1205 non
1705 1145 1963 1206 ferentes
1982 1145 2132 1205 hanc

502 1235 810 1314 iniuriam,
869 1236 1026 1298 beati
1081 1234 1346 1314 Dionysii
1405 1235 1712 1314 templum,
1777 1253 1895 1295 non
1966 1241 2134 1295 recte

504 1331 704 1386 tamen
740 1325 903 1406 (quid
938 1325 1121 1398 enim,
1169 1324 1216 1384 si
1261 1323 1564 1386 insaniant
1595 1323 1888 1396 homines,
1925 1331 2133 1384 contra

500 1413 694 1494 culpa
715 1421 1018 1494 expertem
1041 1413 1328 1474 sumenda
1351 1430 1523 1493 pana
1543 1412 1684 1491 est?)
1712 1412 2128 1473 incenderunt.

502 1503 882 1565 Constantius
909 1502 1242 1564 Antiochia
1284 1502 1508 1580 degens
1536 1501 1840 1562 intellecto
1881 1500 2128 1562 Paulum

499 1601 754 1658 veritatis
770 1616 1092 1672 praconem
1110 1601 1353 1670 propria
1367 1601 1486 1656 sedi
1501 1606 1827 1656 restitutum
1844 1599 2132 1665 esse,Her-

503 1683 886 1762 mogeniduci
907 1683 966 1744 in
980 1681 1291 1744 Thraciam
1316 1683 1496 1742 misso
1521 1682 1850 1754 mandat,ut
1869 1681 2133 1743 Ecclesia

2223 522 2574 599 συκοφαντίαν
2631 523 2774 579 εἶναι
2837 529 3016 600 μαθὼν
3069 529 3134 583 τὰ
3205 531 3324 603 περὶ
3401 535 3509 584 τῶν
3576 530 3862 608 ἀρχιερέων

2223 609 2592 697 πεπραγμένα,
2647 613 2956 688 γράμμασιν
3016 617 3204 679 αὖτοὺς
3263 618 3558 697 ὀχυρώσας
3627 618 3715 674 ὶπὶ
3771 619 3867 685 τὴν

2222 694 2514 765 Ἀνατολὴν
2547 699 2888 780 ἀποστέλλει,
2925 705 3012 760 τὸν
3045 706 3242 762 οἰκεῖον
3271 706 3493 778 ἑκάστῳ
3521 707 3702 784 θρόνον
3733 708 3864 764 ἀπο-

2220 785 2389 849 διδοὺς
2449 787 2544 844 καί
2605 789 2697 844 σῦν
2752 788 2870 866 δίκῃ
2929 794 3245 868 αἰτιώμενος
3322 796 3451 857 τοὺς
3529 793 3868 858 καθελόντας,

2223 877 2318 933 Καὶ
2391 877 2484 940 τὰς
2555 878 2653 950 μὲν
2726 880 2922 943 οἰκείας
3008 881 3297 948 ἐγκλησίας
3377 881 3865 960 ἀναλαμϐάνουσιν,

2218 963 2355 1020 ἀλλὰ
2412 968 2498 1021 καὶ
2554 967 2648 1024 τὰς
2700 967 2982 1034 ἐπιστολὰς
3033 975 3118 1034 οἷς
3164 970 3487 1048 ἐγράφησαν
3534 971 3862 1045 διαπέμπον-

2218 1075 2325 1111 ται.
2386 1056 2481 1110 Καὶ
2531 1053 2780 1114 Εῦσεόίου
2829 1059 2924 1131 μὲν
2971 1059 3394 1139 ἀποφθαρέντος,
3439 1059 3650 1124 Παῦλος
3682 1064 3752 1125 εἲς
3786 1065 3864 1118 τὸν

2215 1143 2412 1198 οἰκεῖον
2449 1144 2630 1218 θρόνον
2685 1145 3124 1221 ἀποκαθίσταται,
3181 1153 3227 1205 οἱ
3289 1149 3338 1205 δ’
3388 1151 3770 1227 ἀρειανίζοντις
3814 1153 3863 1205 ἐν

2213 1235 2281 1304 τῇ
2332 1238 2419 1287 νῦν
2478 1231 2740 1309 λεγομένῃ
2795 1234 2878 1290 ἐπὶ
2934 1237 3141 1294 Παῦλον
3185 1237 3452 1311 ἐκκλησίᾳ
3507 1239 3860 1318 χειροτονοῦσι

2213 1319 2302 1373 τὸν
2361 1319 2700 1400 Μακεδόνων,
2755 1324 2812 1386 ὃς
2862 1325 2951 1382 τὸν
3000 1328 3117 1381 Υίὸν
3164 1329 3261 1400 μὲν
3291 1335 3372 1401 τῷ
3422 1331 3591 1406 Πατρὶ
3623 1329 3858 1402 ἀνόμοιον

2216 1405 2571 1487 ἐϐλασφήμει,
2634 1415 3112 1492 παραγραφόμενος
3168 1418 3229 1472 τὸ
3293 1405 3613 1490 ὁμοούσιον,
3691 1419 3750 1472 τὸ
3808 1415 3856 1471 δί

2218 1497 2475 1574 πανάγιον
2531 1505 2744 1574 Πνεῦμα
2789 1502 3062 1568 παντελῶς
3109 1504 3393 1577 ἀλλότριον
3441 1512 3548 1573 τῆς
3594 1506 3854 1572 θεότητος.

2215 1583 2524 1643 Ἀθανασίου
2571 1587 2626 1643 δὲ
2677 1590 2770 1656 τὴν
2800 1588 2931 1647 ἰδίαν
2960 1593 3316 1658 ἀναλαϐόντος
3361 1595 3687 1665 ὶκςλησίαν,
3729 1597 3770 1650 οἱ
3809 1594 3858 1649 ἐν

2215 1673 2522 1755 Ἀντιοχείᾳ
2583 1678 2740 1734 πάλιν
2802 1679 3196 1759 συνεδρεύοντεσ
3247 1686 3369 1763 (καὶ
3442 1687 3544 1761 γὰρ
3606 1685 3857 1758 συνῄεσαν

500 1779 768 1832 sanctum
787 1771 975 1833 virum
1000 1771 1350 1852 expelleret:
1378 1770 1552 1832 etille
1574 1770 1814 1850 quidem
1841 1774 2122 1831 Constan-

2216 1765 2568 1842 ἀντεγκαλεῖν
2623 1768 3018 1846 ἐπιχειροῦντες
3072 1771 3274 1846 Ἰουλίῳ
3325 1780 3404 1846 τῷ
3464 1771 3709 1849 Ῥώμης)
3775 1773 3858 1826 τὸν

499 1859 813 1938 tinopolim
860 1859 1106 1922 veniens
1153 1868 1400 1921 conatus
1451 1867 1564 1930 est,
1599 1860 1755 1939 quod
1791 1859 2130 1920 mandatum

499 1948 967 2019 erat,nefandum
984 1947 1850 2028 imperiumexsequi.Populus
1862 1965 1999 2007 vero
2015 1966 2132 2010 non

496 2035 996 2116 patiebatur,quin
1019 2037 1331 2097 etdomum
1351 2037 1509 2098 illius
1524 2035 1866 2108 incendit,et
1883 2035 2134 2114 pedibus

497 2133 748 2186 tractum
774 2125 1214 2198 interﬁcit.Qu0
1237 2123 1496 2202 cognito,
1521 2125 1899 2187 Constantius
1923 2124 2130 2187 urbem

491 2213 846 2292 ingreditur,
893 2223 1279 2295 sanctumque
1323 2213 1574 2276 Paulum
1607 2211 1874 2292 expellit.
1924 2212 2132 2274 Multat

495 2311 697 2369 urbem
723 2312 1313 2376 frument0,auterens
1335 2311 1448 2368 illis
1469 2311 1607 2368 doni
1639 2311 2128 2381 dimidium,quod

493 2401 908 2459 Constantinus
929 2402 1187 2457 clemens
1203 2401 1317 2457 illis
1331 2400 1726 2458 dederatErat
1745 2414 1880 2457 vero
1902 2414 2126 2456 summa

495 2479 783 2553 muneris,
822 2499 1005 2560 panes
1033 2480 1209 2541 diarii
1242 2481 1506 2559 octogies
1537 2479 1719 2543 mille.
1752 2481 1940 2542 Iratus
1959 2487 2048 2540 est
2070 2487 2128 2540 et

492 2567 860 2642 Macedonio,
917 2585 1039 2628 non
1072 2568 1264 2628 solum
1293 2568 1453 2647 quod
1499 2587 1564 2628 se
1606 2568 1786 2628 invito
1817 2567 2126 2629 ordinatus

493 2665 674 2732 esset,
711 2657 817 2718 sed
849 2657 1025 2718 etiam
1050 2657 1124 2718 ob
1146 2657 1360 2732 cades,
1390 2674 1636 2735 quarum
1660 2657 1787 2735 ipse
1808 2655 2126 2718 seditiosus

490 2758 697 2809 auctor
725 2747 1053 2809 exstiterat.
1088 2746 1313 2807 Tamen
1344 2746 1691 2826 relinquens
1719 2745 1885 2806 illum
1918 2745 1978 2805 in
2004 2746 2124 2807 Ec-

492 2835 701 2910 clesia,
737 2837 797 2896 in
831 2855 947 2915 qua
991 2835 1298 2896 ordinatus
1343 2843 1494 2905 erat,
1541 2833 1719 2895 475b
1748 2834 2124 2897 Antiochiam

489 2925 756 2986 revertit.
810 2924 1053 2986 Divinus
1100 2926 1320 2986 Paulus
1351 2923 1591 3004 quidem
1624 2924 1838 2984 iterum
1874 2925 2123 2985 Romam

492 3013 980 3093 proﬁciscitur,et
1003 3012 1390 3074 Athanasium
1415 3013 1714 3074 convenit.
1735 3011 1934 3074 Refert
1953 3013 2130 3091 igitur

2218 1852 2445 1929 δυσσεϐῇ
2493 1857 2781 1934 Γρηγόριον
2839 1857 2922 1913 διὰ
2981 1862 3208 1939 τάχους,
3266 1863 3324 1917 ὃν
3357 1863 3511 1920 αὐτοὶ
3544 1862 3858 1936 παρανόμως

2217 1945 2655 2024 ἐχειροτόνησαν,
2718 1952 2791 2015 εἷς
2850 1952 2949 2016 τὴν
3008 1953 3292 2032 Ἀντιόχου
3321 1955 3387 2004 79
3421 1952 3810 2010 ἀποστέλλουσι
3841 1967 3854 1981 ·

2216 2037 2303 2091 καὶ
2362 2039 2596 2113 κατῆγεν
2649 2039 2805 2096 αὒτὸν
2866 2041 3032 2105 ὁτῆς
3077 2039 3476 2120 Ἀλεξανδρείας
3538 2043 3853 2119 στρατηγὸς,

2217 2124 2653 2204 ἑπτακισχιλίους
2685 2131 2904 2207 στρατὸν
2948 2130 3307 2207 ἐπαγόμενος,
3333 2119 3420 2190 ἯΟ
3469 2133 3654 2205 μαθὼν
3697 2130 3854 2186 Ἀθα-

2217 2213 2390 2274 νάσιος
2421 2216 2493 2278 εἷς
2537 2215 2635 2280 τὴν
2683 2206 2894 2290 Ῥώμην
2939 2218 3098 2275 πάλιν
3144 2219 3506 2278 ἀπέπλευσεν.
3557 2224 3618 2277 Ὃ
3661 2217 3714 2274 δὲ
3754 2226 3850 2274 τῶν

2215 2299 2594 2378 Ἀλεξανδρέων
2651 2303 2780 2368 λαὸς
2840 2309 2934 2364 οῦκ
2991 2306 3222 2386 ἓνεγκὼν
3278 2310 3341 2366 τὸ
3404 2309 3694 2387 ἔκθεσμον,
3759 2309 3849 2374 τὴν

2211 2389 2545 2460 καλουμένην
2607 2394 2877 2451 Διονυσίου
2921 2395 3230 2471 ἐκκλησίαν,
3279 2398 3376 2455 οὒκ
3423 2400 3594 2476 ὀρθῶς
3639 2405 3845 2454 ποιοῦν-

2209 2501 2294 2540 τες
2328 2478 2402 2559 (τί
2438 2481 2560 2557 γὰρ,
2596 2483 2639 2536 εἰ
2672 2485 2971 2557 μεμήνασιν
3020 2484 3306 2564 ἄνθρωποί,
3357 2488 3501 2544 κατὰ
3551 2495 3644 2543 τοῦ
3690 2484 3844 2560 μηδίν

2208 2567 2726 2639 ἠδικτικότοςὸοδετ
2782 2573 2881 2639 την
2938 2574 3140 2647 ἄμυναν
3198 2576 3374 2654 φέρειν
3413 2582 3470 2650 ς)
3531 2576 3842 2653 ὶνέπρησαν.

2209 2663 2468 2713 Μανθανει
2500 2659 2544 2715 δ’
2590 2663 2616 2716 ὁ
2666 2662 3028 2728 Κωνςτάντιος
3083 2665 3140 2719 ἐν
3185 2663 3499 2746 Ἀντιοχείᾳ
3545 2664 3737 2742 διαγων
3777 2665 3842 2726 ὼς

2209 2746 2413 2808 Παῦλος
2446 2751 2472 2803 ὁ
2503 2753 2600 2814 τῆς
2632 2749 2878 2817 ἀληθείας
2912 2751 3073 2830 κῆρυξ
3133 2755 3206 2818 εἷς
3264 2763 3356 2810 τὸν
3412 2754 3556 2810 ἴδιον
3614 2754 3841 2811 ἀπεκατ-

2210 2835 2339 2902 έστη
2367 2834 2415 2878 8¹
2448 2839 2652 2915 θρόνον,
2687 2841 2774 2894 καὶ
2812 2830 3118 2918 Ἐρμογένει
3163 2847 3241 2916 τῷ
3285 2843 3634 2921 στρατηλάτῃ
3665 2840 3840 2898 ἐντέλ-

2209 2926 2377 2998 λεται,
2451 2926 2534 2982 ἐπὶ
2605 2927 2670 2982 τά
2739 2929 2836 2996 τῆς
2911 2931 3121 3008 Θρᾴκης
3203 2932 3607 3008 ἑκπεμπομένῳ
3687 2929 3838 3007 μέρη,

2211 3013 2466 3080 ἐξωθῆσαι
2528 3018 2617 3071 τὸν
2675 3017 2820 3074 ὅσιον
2882 3024 2979 3084 τῆς
3038 3018 3347 3086 ἐκκλησίας.
3417 3027 3516 3080 Καὶ
3573 3019 3722 3094 ὁμὲν
3750 3020 3839 3085 τὴν

489 3102 760 3164 Romano
785 3102 1047 3182 pontiﬁci
1077 3121 1207 3182 qua
1232 3120 1438 3182 passus
1461 3110 1705 3181 esset,et
1728 3103 2122 3181 rursum,ejus

2213 3102 2617 3160 Κωνσταντίνου
2673 3106 2874 3184 φθάσας
2929 3106 3085 3163 πολιν
3141 3109 3488 3182 ἐσπούδαζεν,
3568 3113 3604 3185 ᾗ
3678 3129 3838 3185 προσ-

490 3199 550 3251 et
579 3191 917 3252 Constantis
940 3190 1316 3270 imperatoris
1347 3192 1616 3254 munitus
1648 3189 1882 3266 litteris,
1930 3193 2126 3252 statim

489 3281 756 3354 revertit,
789 3288 850 3342 et
893 3279 1018 3340 sedi
1049 3299 1170 3341 sua
1199 3298 1332 3340 cum
1369 3299 1578 3359 magna
1607 3279 1772 3340 urbis
1803 3297 1935 3339 eum
1965 3278 2126 3340 reci—

489 3369 708 3448 pientis
737 3369 1034 3448 voluptate
1077 3369 1432 3431 restituitur.
1479 3369 1857 3431 Constantius
1889 3387 2125 3429 rursum

489 3457 1075 3536 indignatus,iterutn
1091 3457 1360 3518 exsulare
1387 3468 1673 3538 perpetuo
1683 3456 2122 3536 jubet.Etenim

491 3547 804 3627 Philippus
828 3546 1139 3627 prafectus
1159 3547 1270 3608 hoc
1286 3547 1905 3620 admittens,sanctum
1931 3547 2120 3608 virum

489 3636 549 3696 in
576 3635 846 3696 exsilium
879 3635 1191 3715 ablegavit,
1231 3644 1288 3696 et
1317 3635 1729 3698 Macedonium
1763 3635 1954 3696 sancti
1986 3634 2121 3714 Spi-

487 3726 637 3786 ritus
659 3723 1132 3805 impugnatorem
1147 3725 1206 3786 in
1228 3725 1496 3787 Ecclesia
1516 3723 1996 3804 reponit.Exsilio
2020 3744 2119 3786 au-

488 3823 604 3877 tem
641 3814 843 3893 pulsus
872 3820 964 3877 est
993 3833 1110 3876 non
1139 3815 1480 3894 aperte,sed
1514 3815 1768 3877 occulte.
1795 3813 1937 3874 Nam
1962 3816 2116 3874 Her-

483 3904 1035 3982 mogenisinterilus
1056 3905 1402 3983 prudentius
1417 3922 1540 3964 rem
1559 3901 2112 3980 gererePhilippum

480 3993 785 4056 docuerat.
806 3994 1147 4054 Honoritice
1169 3996 1328 4052 enim
1354 3992 1460 4054 Dei
1484 3991 1828 4068 episcopum
1864 3988 2111 4050 Paulum

479 4082 550 4140 ad
587 4081 861 4142 balneum
896 4088 1084 4152 vocat,
1117 4079 1273 4156 quod
1299 4077 1579 4157 Zeuxippi
1608 4075 1961 4156 appellatur,
1991 4085 2113 4136 tan-

478 4187 652 4248 quam
688 4170 762 4228 de
792 4167 973 4227 rebus
1006 4165 1238 4246 publice
1265 4165 1590 4243 profuturis
1622 4173 1678 4225 et
1708 4163 1942 4226 arcanis
1966 4183 2111 4225 con-

479 4253 1083 4317 sulturiessent.1nde
1103 4254 1175 4314 ad
1200 4252 1573 4333 imperatoris
1607 4253 1882 4334 palatium
1907 4252 2106 4326 mittit,

479 4354 537 4406 et
567 4344 780 4406 exinde
812 4342 1295 4405 Thessalonicam
1319 4343 1380 4405 in
1412 4343 1540 4423 ejus
1569 4344 1980 4423 majorumque
2005 4362 2109 4423 pa-

477 4441 825 4498 triamﬂinc
840 4441 908 4498 ad
931 4440 1185 4498 Orientis
1204 4453 1390 4508 partes
1410 4441 1606 4498 redire
1627 4456 1880 4512 unquam
1911 4445 2105 4507 vetuit,

477 4541 587 4585 nec
619 4522 691 4583 ad
729 4522 950 4585 vicinas
980 4521 1180 4584 urbes.
1217 4521 1437 4602 Impius
1466 4521 2108 4596 Macedonius,armata

475 4613 524 4672 vi
554 4613 814 4690 adjutus,
836 4621 893 4672 et
919 4630 1033 4672 una
1061 4629 1194 4672 cum
1221 4612 1500 4689 praefecto
1525 4619 1752 4684 vectus,
1780 4610 1884 4672 Dei
1907 4611 2110 4673 Eccle-

473 4703 616 4762 siam
653 4699 1081 4762 invadit.Multa
1113 4699 1310 4761 editur
1340 4707 1656 4777 strages,et
1686 4700 1795 4760 tria
1829 4699 2011 4761 millia
2039 4719 2108 4762 ac

474 4791 898 4871 quinquaginta
939 4788 1315 4862 occiduntur,
1365 4797 1421 4849 et
1463 4789 1888 4849 catholicorum
1922 4789 2106 4850 cadi-

473 4878 586 4940 bus
616 4890 707 4941 ter
732 4879 1132 4940 exsecrandus
1159 4878 1560 4956 inauguratur.
1590 4876 1809 4938 Eodem
1843 4887 2107 4957 tempore

473 4965 849 5029 Constantius
873 4985 1146 5046 magnum
1174 4966 1584 5047 templum,cui
1610 4985 1824 5027 nomen
1861 4967 1979 5027 Dei
2001 4968 2106 5032 So-

465 5057 639 5136 phia,
663 5057 1077 5120 exadificarst.
1107 5060 1178 5120 Et
1203 5056 1435 5118 divinus
1459 5055 1672 5117 Paulus
1697 5056 1869 5134 paulo
1893 5069 2020 5135 post
2041 5057 2103 5118 in

469 5143 694 5207 Italiam
727 5145 961 5206 tertium
988 5145 1312 5217 contendit,
1363 5153 1419 5207 et
1444 5143 1829 5207 Athanasium
1858 5148 2105 5206 commi-

472 5234 714 5296 litonem
742 5233 852 5296 sibi
872 5234 941 5297 ad
945 5236 1228 5315 jungens,
1251 5232 1554 5297 Constanti
1569 5233 1915 5313 imperatori
1936 5234 2105 5300 Occi-

2211 3190 2460 3246 ετέτακτο
2520 3193 2768 3269 πράττειν
2818 3197 2879 3250 τὸ
2941 3195 3195 3269 ἔκθεσμον
3228 3217 3244 3234 ο
3308 3199 3365 3253 τὸ
3417 3196 3474 3253 δὲ
3526 3197 3725 3264 πλῆθος
3754 3195 3839 3250 οῦιι

2209 3279 2479 3358 ἠνείχετο,
2531 3279 2666 3337 ἀλλὰ
2715 3283 2802 3338 καὶ
2852 3287 2948 3350 τὴν
2985 3284 3126 3359 [774
3156 3283 3252 3362 Η.Ι
3286 3288 3456 3342 οἰκίαν
3487 3291 3647 3343 αὑτοῦ
3674 3305 3836 3341 κατα-

2209 3370 2412 3426 καίουσι
2467 3372 2553 3426 καὶ
2612 3372 2765 3427 αὐτὸν
2815 3374 3060 3449 σύροντες
3121 3373 3497 3452 διαφθείρουσι.
3556 3376 3742 3431 Μαθὼν
3787 3369 3834 3424 δὲ

2207 3467 2360 3515 τοῦτο
2424 3461 2789 3524 Κωνσταντιος
2848 3462 3002 3527 αὐτὸς
3061 3462 3458 3536 καταλαμϐάνει
3514 3465 3610 3531 τήν
3663 3461 3827 3530 πόλιν,

2207 3547 2300 3602 καί
2358 3550 2449 3604 τὸν
2507 3549 2603 3621 μὲν
2647 3548 2792 3605 ὅσιον
2838 3549 3045 3606 Παῦλον
3091 3553 3288 3617 ταύτης
3318 3551 3371 3596 89
3399 3553 3708 3624 ἀπελαύνει,
3738 3557 3828 3619 ζη-

2206 3648 2326 3709 μιοῖ
2367 3635 2420 3692 δὲ
2465 3638 2550 3693 καὶ
2595 3640 2692 3703 τὴν
2743 3638 2916 3711 πόλιν,
2959 3641 3020 3695 τὸ
3066 3641 3368 3715 σιτηρέσιον
3411 3642 3626 3722 ἀφελὼν
3676 3640 3829 3702 αὐτῆς

2203 3726 2263 3779 τὸ
2321 3724 2484 3798 ἥμισυ
2539 3726 2635 3792 τῆς
2693 3727 2915 3806 δωρεᾶς,
2978 3728 3046 3795 ἣν
3093 3731 3119 3784 δ
3159 3728 3533 3808 φιλάνθρωπος
3569 3739 3828 3787 Κονσταν-

2202 3827 2346 3878 ττνος
2403 3817 2534 3890 αὐτῇ
2593 3812 2914 3892 ἐδωρήσατο·
2972 3817 3036 3884 ἧν
3095 3817 3148 3873 δε
3208 3822 3267 3874 τὸ
3312 3818 3437 3874 ὅλον
3487 3822 3586 3886 τῆς
3646 3816 3826 3891 δωρεᾶς

2198 3903 2484 3978 ἡμερήσιοι
2543 3904 2686 3976 ἄρτοι
2745 3902 2989 3978 μυριάδες
3048 3907 3217 3969 ὸκτώ,
3281 3907 3558 3978 ἰὶργίζετο
3627 3905 3677 3960 δὲ
3746 3903 3823 3958 καὶ

2196 3989 2331 4044 κατᾶ
2390 3990 2728 4062 Μακεδονίου,
2781 3997 2840 4051 οῦ
2884 3994 3044 4064 μόνον
3090 3994 3168 4052 ὅτι
3216 3999 3358 4072 παρᾶ
3401 4001 3630 4076 γνώμην
3670 3989 3818 4048 αὖτοῦ

2194 4081 2630 4158 κεχειροτόνητο,
2691 4081 2825 4139 ἀλλὰ
2885 4084 2969 4137 καὶ
3019 4081 3104 4140 διὰ
3135 4085 3254 4148 τοὺς
3300 4087 3516 4165 φόνους,
3548 4089 3620 4140 ὧν
3666 4079 3810 4140 αῦτός

2197 4169 2492 4238 στασιάζων
2537 4170 2754 4249 γέγονεν
2798 4171 2968 4236 αἴτιος
3001 4189 3021 4209 ⁶
3066 4172 3213 4246 ὅμως
3263 4174 3348 4230 οῦν
3393 4174 3558 4238 ἐάσας
3592 4172 3741 4227 αῦτὸν
3769 4167 3817 4220 ἓν

2192 4257 2228 4322 ἦ
2261 4256 2516 4329 ἰκκλησίᾳ
2547 4259 2641 4324 τὴν
2687 4262 3012 4338 χειροτονίαν
3057 4261 3236 4335 ὑπέδυ,
3284 4265 3356 4324 εἰς
3403 4264 3498 4330 τὴν
3549 4259 3820 4335 Ἀντιόχου

2192 4345 2528 4420 ἆξώρμησεν.
2595 4340 2652 4405 Ὀ
2714 4349 2892 4422 μέντοι
2951 4350 3229 4412 θεσπέσιος
3296 4351 3500 4413 Παῦλος
3555 4349 3707 4406 πάλιν
3763 4345 3816 4400 τὸ

2192 4433 2430 4513 δεότερσν
2489 4435 2886 4509 καταλαμϐάνει
2937 4440 3036 4504 την
3091 4430 3326 4512 Ῥώμην,
3379 4446 3476 4497 καὶ
3541 4435 3817 4503 Ἀθανασίῳ

2192 4529 2372 4590 συνῆν.
2440 4525 2714 4603 ’Λναφὲρει
2774 4535 2899 4602 γοῦν
2942 4527 2974 4582 ἃ
3027 4527 3275 4584 πέπονθοι
3323 4533 3400 4602 τῷ
3446 4521 3678 4605 Ῥώμης.
3737 4522 3817 4578 κπῖ

2191 4615 2336 4676 αὖθις
2364 4625 2482 4676 τοῖς
2526 4613 2651 4691 παρ’
2698 4616 2876 4686 αῦτοῦ,
2913 4614 2986 4670 ἔτι
3032 4614 3086 4671 δὲ
3117 4619 3205 4672 καὶ
3238 4631 3356 4680 τοῖς
3406 4620 3742 4675 Κώνσταντος
3768 4607 3816 4651 ⁸³

2187 4712 2279 4761 τοῦ
2347 4701 2610 4777 βασιλέως
2685 4707 3085 4782 κατοχυρωθεὶς
3157 4707 3458 4784 γράμμασι,
3538 4702 3815 4783 παραυτίκα

2187 4813 2244 4847 τε
2274 4788 2329 4833 8⁸
2356 4791 2590 4846 ὶπάνεισι
2650 4793 2735 4847 καὶ
2777 4797 2852 4864 τῷ
2883 4795 3059 4866 οἰκείῳ
3097 4797 3288 4873 θρονῳ,
3323 4797 3457 4868 μετᾶ
3491 4795 3695 4859 πολλῆς
3728 4791 3810 4845 αὖ·

2189 4883 2279 4936 τὸν
2321 4879 2577 4953 θυμηδίας
2620 4885 2717 4946 τῆς
2763 4881 2972 4947 πόλεως
3017 4881 3437 4958 ὑποδεξαμένης,
3485 4879 3810 4963 ἰγκαθιδρύε·

2188 4994 2300 5032 ται.
2343 4972 2440 5028 Καὶ
2475 4967 2633 5024 πάλιν
2691 4972 2977 5048 περιοργὴς
3038 4974 3065 5026 ὃ
3113 4974 3501 5045 Κωνστάντιος,
3549 4973 3636 5030 καὶ
3666 4965 3814 5026 πάλιν

2188 5063 2504 5138 πρόσταγμα
2549 5060 2620 5118 εἰς
2669 5060 2940 5136 ὅπερορίαν
2983 5059 3114 5138 ἄγον
3157 5061 3246 5116 τόν
3289 5061 3556 5138 ἀοίδιμον,
3598 5061 3691 5119 Καὶ
3722 5055 3811 5132 γὰρ

2185 5157 2342 5206 τσῦτο
2385 5146 2664 5220 δεξάμενος
2724 5151 2750 5203 ὁ
2811 5149 3051 5228 ὕπαρχος
3123 5149 3392 5212 Φιλιππος
3454 5150 3665 5229 ἐξοριζει
3721 5141 3810 5218 μὶν

2184 5245 2272 5296 τὸν
2318 5237 2488 5310 ὅσιον,
2528 5239 2921 5304 ἀντικαθίστησι
2983 5236 3038 5293 δὲ
3097 5244 3164 5315 τῇ
3215 5239 3306 5296 τοῦ
3352 5246 3483 5300 Θεοῦ
3526 5231 3804 5301 Ἐκκλησίᾳ

1778 5396 2030 5461 VARle
2079 5396 2512 5463 LECTlONES.

548 5521 610 5572 79
639 5519 1096 5606 V’AVttdeUJiimg
1125 5521 1487 5606 ’AlsiivSPw.
1573 5523 1636 5574 80
1676 5524 2026 5606 ἠδικηκότος]
2057 5522 2212 5588 adde
2259 5535 2404 5590 ναοῦ.
2490 5525 2544 5577 3'
2583 5525 2920 5594 ἀποκατέστη
2960 5529 3044 5604 ς’.
3128 5526 3186 5576 82
3217 5528 3378 5597 αὖτῆς
3409 5527 3483 5592 Α.
3565 5525 3628 5576 8⁵
3660 5532 3800 5582 Κων·

468 5605 708 5664 σταντίου
736 5605 819 5682 ς.
905 5603 968 5654 84
1011 5603 1094 5683 τε]
1129 5604 1182 5661 δέ
1211 5603 1282 5668 Α.
1321 5621 1440 5669 om.
1478 5607 1542 5664 Β.
