4008 6210
482 327 596 394 127

1667 325 1932 390 auom
1976 323 2493 389 PATRIARCHE
2532 304 2649 389 op.
2730 416 2733 423 λ

3710 322 3825 389 128

479 460 728 525 themati
750 459 1037 524 subdunt.
1060 458 1287 532 Quibus
1304 459 1523 522 auditis
1544 456 1892 522 Occidentis
1911 456 2107 534 impe-

2193 456 2369 513 πίστιν
2426 456 2826 535 ἐπικρατῖνουσι
2890 457 2980 512 καὶ
3028 457 3091 512 τὸ
3132 456 3381 531 ἂνόμοιον
3410 455 3833 529 ἀναθεματίζου-

479 558 645 611 rator
694 548 989 612 Constans
1020 548 1233 611 edocet
1262 566 1370 627 per
1401 549 1630 610 litteras
1658 547 1902 609 fratrem
1934 563 2109 606 suum

482 638 920 712 Constantium,
953 646 1010 699 et
1037 644 1237 698 monet
1267 646 1329 699 ut
1357 637 1547 698 amice
1578 635 1821 698 Paulum
1845 644 1903 698 et
1921 634 2110 697 Atha-

480 727 712 789 nasium
747 734 977 800 tractet,
1012 740 1211 807 neque
1241 725 1550 805 impediat,
1593 745 1712 807 quo
1758 725 1957 785 minus
1985 722 2112 784 suis

414 812 423 817 ’
478 815 728 878 sedibus
781 815 1211 891 restituantur;
1260 814 1511 889 addens,
1560 814 1676 874 nisi
1724 813 1929 874 volens
1950 812 2114 892 justa

481 903 706 986 petenti
734 911 977 979 annuat,
1013 921 1082 965 se
1110 911 1446 976 venturum,
1495 911 1554 964 et
1582 903 1683 964 illo
1713 901 1900 965 invito
1924 902 2026 982 jus
2054 910 2114 963 et

479 1010 713 1072 aequum
746 991 969 1072 injuria
995 992 1222 1055 affectis
1251 991 1653 1055 redditurum.
1684 990 1951 1053 Metuens
1992 990 2110 1068 igi-

483 1086 579 1142 tur
631 1081 820 1142 minas
851 1080 1051 1143 fratris
1082 1079 1487 1154 Constantius,
1540 1080 1809 1142 divinum
1859 1079 2107 1142 Paulum

479 1187 600 1230 non
648 1168 959 1249 prohibuit
1004 1169 1066 1230 in
1131 1169 1374 1249 proprio
1420 1170 1767 1250 episcopatu
1815 1168 2108 1242 residere,

479 1257 733 1337 ejusque
764 1257 1233 1319 commilitonem
1258 1258 1644 1321 Athanasium
1671 1257 1873 1318 multis
1895 1256 2112 1319 litteris

477 1345 554 1407 ad
584 1364 719 1407 sese
755 1356 945 1419 vocat,
980 1354 1038 1407 et
1068 1345 1412 1407 venientem
1458 1347 1720 1407 libenter
1750 1345 2020 1425 suscipit,
2040 1364 2112 1408 ac

477 1451 600 1495 suae
628 1434 899 1513 dignitati
929 1434 1211 1499 restituit.
1265 1434 1365 1499 Sic
1414 1454 1661 1515 magnus
1691 1435 1978 1497 tumultus
2006 1453 2110 1498 se-

476 1524 646 1585 datus
677 1532 791 1595 est,
828 1531 886 1583 et
915 1522 1183 1587 Ecclesia
1211 1541 1351 1587 suos
1374 1524 1614 1607 pietatis
1636 1533 2111 1607 propugnatores

475 1610 694 1692 adepta
719 1610 915 1675 laetata
948 1619 1059 1674 est.

558 1875 736 1940 4761:
768 1876 912 1940 Cum
942 1886 1139 1941 autem
1172 1879 1547 1960 Magnentius
1577 1878 1891 1959 tyrannide
1923 1895 2109 1939 occu-

479 1975 650 2046 paret
677 1966 904 2041 omnia,
937 1976 999 2028 et
1028 1968 1408 2031 Constantem
1440 1968 1789 2031 Occidentis
1837 1968 2107 2047 impera-

2192 568 2299 606 σιν.
2334 540 2427 601 Ὧν
2456 548 2555 613 τὴν
2586 553 2783 625 γνῶσιν
2832 548 2861 601 ὁ
2910 547 3015 603 τῶν
3057 536 3347 625 ιΕσειτερίιιυν
3396 545 3644 623 βασιλεὺς
3679 545 3837 603 Κών-

2194 659 2321 702 στας
2390 637 2568 695 λαϐὼν
2652 634 2984 693 ἀναδιδάσκει
3059 659 3117 695 τε
3186 636 3280 694 διὰ
3340 636 3672 715 γραμμάτων
3740 635 3841 691 τὸν

2192 724 2418 806 ἀδελφὸν
2475 726 2871 805 Κωνστάντιον,
2926 729 3015 783 καὶ
3085 739 3335 803 παραινεῖ
3405 730 3641 801 εὐμενῶς
3713 722 3842 780 δια-

2196 818 2402 873 κεῖσθαι
2460 817 2589 894 πρὸς
2649 814 2856 875 Παῦλον
2913 818 3010 873 καί
3057 814 3400 890 Ἀθανάσιον,
3451 816 3540 871 καὶ
3570 810 3842 888 μηδαμῶς

2192 905 2377 967 αὐτοῖς
2448 903 2696 980 ἐμποδὼν
2763 904 3015 963 ἵστασθαι
3086 906 3217 982 πρὸς
3284 905 3382 971 τὴν
3454 909 3563 959 τῶν
3631 902 3844 959 οἰκείων

2193 993 2623 1052 ἀποκατάστασιν
2686 996 2907 1072 θρόνων,
2967 995 3265 1071 προστιθεὶς
3323 996 3396 1057 ὡς
3442 991 3507 1045 95
3556 994 3602 1048 εἰ
3654 993 3731 1066 μὴ
3773 987 3845 1039 9⁸

2191 1082 2329 1141 ἑκὼν
2372 1095 2491 1147 τοῖς
2540 1080 2765 1146 δικαίοις
2812 1084 3148 1162 κατανεύσοι,
3206 1084 3363 1145 αὗτὸς
3404 1081 3470 1150 δὴ
3513 1102 3838 1157 παραγεγο-

2194 1169 2296 1232 νὼς
2326 1170 2414 1226 καὶ
2445 1169 2664 1235 ἄκοντος
2694 1171 2756 1227 τὸ
2787 1168 2986 1228 δίκαιον
3029 1184 3148 1235 τοῖς
3196 1169 3540 1245 ἠδικημένοις
3576 1166 3838 1233 ἀποδοίη.

2198 1260 2383 1323 Δείσας
2416 1259 2504 1316 οὖν
2534 1259 2634 1328 τὴν
2663 1267 2757 1318 τοῦ
2809 1258 3037 1338 ἀδελφοῦ
3082 1258 3311 1327 ἀπειλὴν
3360 1262 3389 1315 δ
3441 1256 3834 1329 Κωνστάντιος,

2192 1347 2284 1402 τὸν
2313 1347 2411 1421 μὶν
2442 1346 2588 1405 ὅσιον
2621 1347 2828 1405 Παῦλον
2880 1355 2949 1425 τῇ
2996 1347 3097 1421 ἰδίᾳ
3146 1348 3412 1423 ἐπισκοπῇ
3462 1351 3558 1405 οὐκ
3602 1344 3837 1424 ἐπέσχεν

2192 1434 2534 1516 ἑνιδρύεσθαι,
2591 1439 2685 1493 τὸν
2748 1436 2804 1493 δὲ
2858 1437 3112 1494 σύναθλον
3175 1437 3488 1495 Ἀθανάσιον
3558 1432 3834 1511 διαφόροις

2193 1524 2505 1589 ἐπιστολαῖς
2563 1524 2725 1583 καλεῖ
2780 1524 2905 1604 παρ’
2963 1527 3143 1597 αὗτὸν,
3195 1526 3283 1581 καὶ
3326 1528 3561 1599 εὖμενῶς
3605 1521 3833 1578 ἐλθόντα

2194 1612 2548 1693 προσδέχεται
2619 1616 2707 1670 καὶ
2761 1621 2839 1688 τῷ
2899 1615 3077 1686 οἶκείῳ
3143 1613 3312 1691 θρόνῳ
3376 1611 3829 1676 ἀποκαθίστησιν,

2195 1700 2346 1762 Οὕτω
2386 1703 2484 1777 μὲν
2528 1706 2557 1758 ὁ
2603 1702 2766 1767 πολὺς
2795 1704 3031 1782 τάραχος
3078 1701 3359 1779 ἐγαληνία,
3390 1703 3479 1758 καὶ
3515 1704 3551 1768 ἦ
3582 1698 3832 1766 Ἐκκλη-

2133 1816 2171 1868 3
2195 1792 2280 1850 σία
2313 1793 2431 1854 τοὺς
2458 1792 2555 1860 τῆς
2594 1790 2856 1859 εὐσεϐείας
2887 1790 3102 1872 ἔχαιρεν
3134 1791 3337 1870 ἔχοδσα
3368 1790 3705 1868 προμάχους.

2273 1888 2595 1959 Μαγνεντιου
2642 1880 2698 1937 δὲ
2747 1879 3004 1958 τυραννίδι
3050 1879 3360 1953 ἒπιθεμὲνου
3387 1881 3475 1935 καὶ
3507 1879 3838 1936 Κώνσταν-τα

2189 1970 2279 2028 τὸν
2314 1975 2408 2037 τῆς
2442 1968 2667 2046 ἑσπέρας
2714 1968 3061 2046 βασιλεύοντα
3108 1970 3411 2041 ἀνελόντος,
3457 1967 3619 2024 πάλιν
3663 1968 3699 2028 ἦ
3727 1970 3835 2031 τῆς

476 2060 668 2116 torem
723 2055 1154 2128 interemisset,
1212 2057 1432 2119 iterum
1489 2056 1729 2119 Arianae
1786 2055 2107 2135 impietatis

2192 2060 2395 2137 Ἀρείου
2423 2058 2623 2124 λύσσης
2651 2058 2902 2137 καταιγῖς
2952 2060 3048 2123 τὰς
3091 2067 3185 2130 τῆς
3235 2055 3549 2131 οἰκουμένης
3585 2052 3836 2120 Ἐκκλη-

472 2143 741 2223 procella
770 2163 982 2206 omnes
1015 2144 1314 2208 Ecclesiae
1347 2145 1736 2227 perturbavit,
1762 2152 1820 2206 et
1848 2145 2107 2206 Athana-

2191 2150 2305 2211 σίας
2364 2148 2640 2224 ἐτάραττε.
2702 2149 2801 2206 Καὶ
2851 2148 3035 2226 φεύγει
3094 2147 3194 2221 μὲν
3250 2147 3410 2204 πάλιν
3482 2143 3832 2222 Ἀθανᾶσιος,

474 2230 601 2293 sius
621 2251 859 2295 rursum
884 2235 1053 2311 fugit,
1080 2238 1328 2316 ejusque
1350 2237 1554 2297 sedem
1581 2235 1901 2314 Gregorius
1920 2233 2102 2314 rapit,

2192 2237 2331 2316 [ἹῙὸ
2378 2236 2474 2316 Η.)
2525 2237 2741 2315 ἁρπάζει
2792 2236 2846 2293 δὲ
2906 2239 2997 2293 τὸν
3053 2236 3211 2293 αὐτοῦ
3265 2236 3447 2312 θρόνον
3501 2232 3831 2310 Γρηγόριος.

476 2329 534 2384 et
578 2321 891 2401 ablegatur
935 2324 1156 2386 Paulus
1183 2323 1478 2387 Cucus‘um
1511 2324 1833 2402 Armeniae,
1870 2324 2105 2402 pietatis

476 2422 902 2490 prepugnator,
930 2420 989 2473 et
1016 2413 1440 2476 invadentibus
1462 2420 1642 2475 noctu
1667 2413 1867 2492 impiis
1893 2412 2104 2493 laqueo

478 2508 798 2579 martyrem
832 2499 1119 2563 efficiunt.
1157 2500 1540 2563 Macedonius
1569 2501 2109 2581 Constantinopoli-

477 2594 630 2648 tanae
661 2584 945 2650 Ecclesiae
967 2589 1184 2669 praesul
1214 2590 1621 2664 constituitur,
1649 2599 1708 2651 et
1729 2589 2109 2668 expelluntur

476 2676 657 2738 etiam
676 2675 925 2739 aliarum
942 2676 1346 2741 Ecclesiarum
1367 2679 2104 2759 pastores,invaduntlupi,

475 2774 656 2846 atque
706 2766 1087 2829 ethnicorum
1135 2769 1195 2829 in
1248 2767 1617 2830 Christianos
1675 2769 2105 2830 immanitatem

473 2854 809 2916 Macedonii
827 2854 995 2918 furor
1019 2857 1340 2918 obscurare
1364 2857 1881 2935 nititur,totusque
1893 2855 2107 2919 Oriens

473 2945 631 3023 gravi
664 2944 999 3007 calamitate
1030 2945 1369 3016 involvntur,
1402 2953 1460 3006 et
1487 2945 1740 3007 maxime
1767 2946 2106 3008 Constanti-

2190 2330 2289 2386 Καὶ
2345 2328 2702 2405 ὑπερορίζεται
2763 2325 2967 2388 Παῦλος
3024 2324 3079 2380 ἂν
3131 2330 3413 2396 Κουκουσῷ
3466 2327 3567 2387 τῆς
3622 2321 3835 2396 Ἀρμε-

2188 2418 2321 2492 νίας,
2381 2419 2409 2473 ὃ
2455 2421 2554 2482 τῆς
2601 2413 2867 2479 εὐσεϐείας
2914 2414 3256 2493 ὑπέρμαχος,
3306 2411 3403 2468 καί
3434 2418 3509 2484 τῷ
3537 2408 3609 2465 δι’
3637 2409 3831 2486 ἀγχό-

2191 2526 2310 2575 νης,
2368 2510 2473 2560 τῶν
2528 2500 2795 2560 δυσσεϐὦν
2850 2503 3054 2580 νύκτωρ
3083 2501 3529 2573 ἑπεισπεσόντων,
3578 2497 3831 2556 τελειοῦ-

2189 2617 2276 2651 ται
2337 2593 2603 2671 μαρτυρίῳ
2638 2612 2651 2625 ·
2708 2593 2794 2648 καὶ
2844 2591 3213 2667 ἀντεισάγεται
3266 2598 3335 2666 τῇ
3389 2600 3827 2648 Κωνσταντινου-

2190 2682 2344 2741 πόλει
2408 2684 2436 2739 ὁ
2490 2678 2746 2747 δυσσεϐὴς
2808 2679 3158 2744 Μακεδόνιος.
3214 2681 3310 2737 Καὶ
3356 2678 3670 2743 ἐξωθοῦνται
3722 2676 3829 2749 μὶν

2188 2774 2277 2829 καὶ
2330 2778 2437 2828 τῶν
2491 2765 2669 2827 ἄλλων
2729 2768 3065 2837 Ἐκκλησιῶν
3122 2770 3170 2824 oi
3232 2768 3506 2848 ποιμένες,
3561 2766 3831 2832 ἒπεισπη-

2187 2860 2314 2917 δῶσι
2369 2859 2422 2917 δε
2480 2863 2528 2917 οἱ
2584 2859 2757 2922 λύκοι,
2819 2860 2923 2916 Καὶ
2976 2859 3076 2925 τὴν
3134 2858 3269 2915 κατὰ
3326 2860 3432 2913 τῶν
3490 2862 3833 2934 Χριστιανῶν

2191 2946 2462 3023 Ἑλλήνων
2514 2953 2772 3027 ὠμότητα
2833 2953 2868 3018 ἡ
2919 2949 3242 3007 Μακεδονίαν
3292 2948 3455 3023 μανία
3506 2946 3833 3027 ὶφιλονείκει

475 3032 733 3113 nopolis.
763 3032 1013 3105 Quando
1037 3040 1211 3095 etiam
1239 3034 1486 3112 Agelius
1506 3033 1962 3096 Novatianorum
1986 3035 2107 3116 epi-

2191 3044 2612 3119 ἀποκρύψασθαι.
2649 3042 2746 3099 Καὶ
2776 3046 2921 3097 πᾶσα
2972 3041 3069 3115 μὲν
3099 3041 3133 3107 ἡ
3177 3036 3447 3105 Ἀνατολὴ
3475 3050 3596 3101 τοῖς
3627 3035 3833 3099 δεινοῖς

478 3139 718 3201 scapus,
753 3124 912 3203 quod
943 3126 1228 3198 ὸμοοὺσιον
1259 3125 1668 3198 confiteretur,
1722 3124 1780 3185 in
1831 3124 2102 3185 exsilium

2191 3132 2525 3211 διεφθείρετο,
2580 3133 2615 3198 ἡ
2666 3130 2820 3193 πόλις
2871 3128 2925 3185 δὲ
2979 3129 3375 3189 Κωνσταντίνου
3422 3127 3558 3182 κατὰ
3590 3127 3650 3181 τὸ
3680 3123 3840 3190 ἐξαί-

2421 3220 2435 3230 .
2635 3222 2645 3230 .
2710 3219 2759 3230 ..
2829 3220 2861 3230 ..
3021 3220 3035 3230 .
3156 3223 3177 3230 _
3291 3226 3333 3230 __
3570 3220 3593 3229 ..
3711 3213 3724 3230 .
3790 3216 3802 3230 .

477 3210 740 3299 pellitur,
776 3220 832 3273 et
862 3212 1081 3272 malum
1120 3221 1247 3274 erat
1276 3213 1651 3287 incredibile,
1686 3213 1844 3293 quod
1871 3232 1985 3274 non
2003 3232 2105 3275 so-

2191 3210 2358 3299 ρετον,
2419 3220 2506 3275 ὅτε
2566 3222 2651 3276 καὶ
2710 3219 2955 3296 Ἀγέλιος
3016 3220 3044 3274 ὁ
3112 3223 3219 3273 τῶν
3290 3220 3633 3275 Ναυατιανῶν
3705 3213 3840 3270 επί-

473 3298 595 3360 lum
627 3299 700 3360 ad
732 3298 1046 3381 episcopos
1077 3302 1526 3383 extenderetur,
1556 3302 1662 3364 sed
1697 3312 1753 3364 et
1783 3303 1854 3363 ad
1888 3303 2104 3365 mulie-

2191 3298 2408 3387 σκοπος,
2468 3310 2550 3365 οἱα
2609 3306 2674 3376 δὴ
2736 3309 2821 3363 καὶ
2870 3308 3030 3372 αὐτὸς
3071 3307 3133 3362 τὸ
3178 3305 3465 3381 ὁμοούσιον
3496 3301 3834 3380 πρεσϐεύων,

473 3405 572 3449 res
601 3397 661 3450 et
690 3407 932 3469 pueros,
967 3393 1312 3473 quicunque
1339 3392 1676 3455 Macedonii
1726 3392 2101 3454 communio-

2191 3399 2564 3475 ὓπερορίζεται,
2626 3398 2723 3455 Καὶ
2780 3396 2846 3464 ἧν
2901 3394 3194 3472 ἀδιήγητον
3226 3396 3305 3450 τὸ
3329 3395 3516 3451 κακόν·
3579 3392 3708 3469 ὅπερ
3772 3393 3839 3449 οὖ

474 3494 612 3568 nem
646 3497 766 3568 non
788 3478 1197 3560 admitterent,
1222 3499 1288 3543 se
1313 3479 1541 3543 eﬂ‘udit.
1568 3479 1765 3544 Ubera
1784 3480 2100 3544 mulierum

2191 3489 2377 3568 μέχρις
2435 3486 2727 3566 ἀρχιερέων
2786 3487 2873 3541 καὶ
2929 3485 3113 3562 ἱερέων
3142 3484 3203 3533 97
3233 3483 3479 3562 ἐκέχυτο,
3533 3481 3672 3537 ἀλλὰ
3729 3482 3837 3539 καὶ

471 3565 539 3642 (o
571 3566 962 3649 impietatem)
993 3568 1294 3650 operculis
1324 3568 1606 3631 cistarum
1642 3568 2020 3632 includentes
2049 3580 2108 3633 et

473 3674 603 3716 com
612 3656 965 3735 primentes,
984 3656 1432 3731 exsc’indebant,
1448 3658 1563 3720 alia
1579 3658 1759 3735 ferro,
1778 3660 1894 3722 alia
1910 3670 2106 3722 autem

474 3743 603 3805 ovis
620 3744 1106 3824 ignitis,quorum
1127 3747 1462 3826 fragmenta
1483 3747 1683 3810 fasciis
1703 3748 2104 3828 involvebant,

474 3847 855 3897 exusserunt.
890 3836 1069 3898 Venit
1100 3836 1258 3897 enim
1292 3836 1495 3917 impiis
1526 3837 1586 3897 in
1618 3847 1902 3911 mentem,
1932 3841 2105 3900 etiam

474 3940 607 4003 quae
629 3923 846 4003 impios
866 3925 1120 4002 gentiles
1138 3936 1345 3987 contra
1367 3935 1635 3987 naturam
1663 3927 1983 4004 excogitari
2008 3947 2108 4005 pu-

481 4011 593 4072 dor
622 4012 915 4074 humanus
947 4012 1270 4092 prohibuit.
1304 4012 1580 4074 Extendit
1612 4025 1673 4074 et
1697 4015 2106 4076 credulitatem

478 4098 541 4161 in
573 4099 1033 4179 Paphlagoniam
1064 4122 1076 4157 :
1116 4101 1336 4160 multos
1366 4102 1525 4162 enim
1556 4102 1829 4163 audierat
1849 4121 1983 4163 cum
2003 4121 2106 4164 or-

480 4187 769 4248 thodoxos
804 4200 926 4249 tum
957 4188 1320 4250 Novatianos
1352 4189 1475 4251 illic
1503 4207 1682 4268 agere
1717 4211 1730 4253 :
1767 4200 1824 4254 et
1854 4200 2109 4271 quatuor

477 4275 756 4337 cohortes
808 4277 1060 4337 militum
1108 4286 1471 4340 armatorum
1507 4292 1696 4358 parat.
1732 4290 1796 4340 ut
1821 4280 2107 4342 adversus

476 4363 615 4425 illos
632 4363 930 4427 mitterent
944 4368 1184 4439 ur,etad
1202 4366 1567 4447 impietatem
1583 4369 2027 4449 suscipiendam
2054 4371 2107 4431 vi

2188 3589 2446 3654 γυναῖκας
2494 3576 2581 3631 καὶ
2627 3573 2849 3648 παῖδας,
2895 3574 3009 3629 ὅσοι
3054 3574 3150 3640 τὴν
3196 3570 3515 3629 Μακεδονίου
3544 3570 3833 3628 κοινωνίαν

2188 3665 2570 3742 ἀπετρέποντο,
2605 3662 2913 3737 ἐπενέμετο.
2963 3664 3163 3719 Μασθοὶ
3198 3666 3484 3737 γυναικῶν,
3513 3659 3559 3716 ὢ
3583 3659 3678 3725 τῆς
3711 3682 3835 3733 μαο

2189 3755 2328 3818 νίαςὶ
2359 3751 2600 3809 κιϐωτῶν
2646 3751 2988 3825 καλύμμασιν
3035 3748 3425 3824 ἒμιϐαλλόριενοί
3465 3770 3524 3805 τε
3564 3751 3651 3804 καὶ
3683 3770 3835 3822 συμ-

2190 3845 2491 3916 πιεζόμενοι
2549 3841 2922 3918 ἀπεπρίζοντο,
2981 3842 3028 3895 οἱ
3080 3838 3135 3895 δὲ
3189 3838 3411 3911 σιδήρῳο
3457 3826 3577 3902 τοὶς
3623 3836 3679 3893 δὲ
3728 3837 3837 3893 καὶ

2189 3932 2319 3992 ὠοῖς
2377 3930 2903 4007 πεπυρακτωμένοις,
2960 3928 3184 3992 ταινίαις
3244 3926 3377 3983 αὐτὰ
3431 3940 3549 3988 τοῖς
3617 3926 3833 4001 μορίοις

2191 4018 2563 4092 ἒνελίττοντες,
2638 4018 2941 4074 κατέκαιον·
3015 4019 3115 4083 ἧκε
3185 4016 3285 4094 γὰρ
3343 4028 3458 4077 τοϊς
3522 4011 3837 4069 δυσσεϐέσιν

2190 4109 2276 4164 ἰπὶ
2303 4113 2421 4162 νοῦν
2453 4108 2540 4162 καὶ
2569 4105 2602 4161 ἃ
2630 4109 2750 4170 τοὺς
2782 4107 2962 4168 ἀθέους
2992 4104 3271 4171 ’Έλληνας
3316 4105 3452 4161 κατὰ
3482 4106 3576 4171 τῆς
3617 4104 3837 4181 φύσεως

2185 4198 2423 4252 επινοεϊν
2479 4193 2634 4259 αἰδὼς
2684 4193 2983 4272 ἀνθρωπίνη
3023 4192 3089 4245 98
3130 4193 3489 4272 ἀνεχαίτιζεν.
3560 4190 3833 4248 Ἐκτείνει

2187 4283 2241 4341 δὲ
2299 4285 2396 4350 τὴν
2435 4281 2630 4339 λύσσαν
2676 4282 3011 4344 Μακεδόνιοςι
3040 4285 3127 4340 καὶ
3171 4283 3255 4340 ἰπὶ
3293 4284 3392 4349 τὴν
3436 4288 3539 4337 τῶν
3591 4278 3827 4356 Παφλα-

2188 4375 2357 4451 γόνων
2414 4370 2621 4452 χώρανο
2670 4371 2898 4435 πολλοῖις
2944 4373 3045 4450 γὰρ
3095 4372 3311 4438 ἠκηκόει
3366 4372 3452 4427 καί
3493 4375 3600 4425 τῶν
3656 4369 3829 4444 ὀρθο-

481 4462 793 4531 cogerent.
811 4455 1111 4518 Mantinaai
1134 4458 1502 4537 congregati,
1527 4458 1726 4520 etzelo
1750 4458 1986 4539 pietatis
2007 4459 2107 4521 fal-

2191 4462 2350 4528 δόξων
2408 4464 2495 4519 καὶ
2539 4468 2644 4518 τῶν
2687 4462 2793 4517 ἀπὸ
2838 4461 3075 4519 Ναυᾶτου
3119 4466 3173 4516 εν
3217 4462 3349 4535 αὒτῇ
3393 4456 3696 4536 διατρὶϐειν·
3744 4457 3841 4512 καὶ

480 4530 604 4618 ces,
639 4559 905 4619 secures,
930 4555 989 4607 et
1012 4546 1183 4607 obvia
1213 4530 1462 4627 quisque
1486 4565 1590 4627 pro
1616 4530 1797 4609 armis
1816 4548 2107 4629 arripien-

2191 4551 2444 4629 τέσσαρας
2488 4550 2767 4630 φάλαγγας
2825 4555 3162 4624 στρατιωτῶν
3204 4530 3441 4604 ἐνόπλων
3488 4530 3838 4621 παρασκευα-

477 4640 592 4706 tes,
628 4631 919 4694 militibus
965 4652 1030 4696 se
1073 4635 1393 4715 objiciunt,
1444 4647 1503 4698 et
1552 4654 1747 4715 pugna
1793 4638 2109 4699 commissa

479 4721 647 4783 multi
673 4739 705 4783 e
732 4723 1209 4804 Paphlagonibus
1230 4724 1610 4798 occiduntur,
1625 4744 1693 4786 ac
1716 4725 1932 4789 milites
1953 4744 2109 4807 pene

480 4810 864 4876 omneleaac
883 4823 1205 4895 strages,et
1229 4814 1375 4875 illud
1401 4812 1721 4892 impudens
1743 4814 1962 4877 factum
1989 4835 2108 4877 non

480 4900 676 4962 solum
718 4903 874 4977 apud
907 4923 1010 4967 eos
1043 4903 1145 4985 qui
1174 4902 1373 4964 violati
1398 4913 1626 4977 essent,
1661 4903 1765 4965 sed
1797 4906 1974 4967 etiam
2007 4906 2108 4986 qui

481 4987 749 5067 ejusdem
767 5001 947 5055 sect-7e
958 4992 1894 5074 essent.MacedoniojureOptimo
1908 4996 2107 5058 odium

2190 4648 2267 4713 ζει
2324 4638 2581 4706 σταλῆναι
2636 4638 2753 4694 κατ’
2800 4638 2971 4696 άῦτῶν
3016 4638 3101 4692 καὶ
3146 4649 3263 4699 τοῖς
3308 4634 3494 4696 ὅπλοις
3554 4635 3835 4707 βιάζεσθαι

2190 4732 2322 4806 πρὸς
2376 4730 2474 4797 τὴν
2526 4726 2792 4788 ἀσέϐειαν.
2851 4728 2910 4785 Oi
2968 4724 3021 4781 δί
3082 4725 3221 4782 κατὰ
3290 4726 3352 4781 τὸ
3408 4730 3735 4780 Μαντιναῐον
3765 4721 3837 4772 99

2193 4821 2454 4882 οἰκοῦντες
2509 4818 2583 4881 εἷς
2618 4816 2818 4882 πλῆθος
2848 4814 3154 4891 συστάντες,
3199 4814 3288 4870 καὶ
3331 4815 3477 4885 ζήλῳ
3526 4817 3625 4878 τῆς
3679 4810 3834 4869 εὐσε-

2192 4905 2336 4967 ϐείας
2395 4905 2621 4984 δρέπανα
2678 4907 2765 4962 καὶ
2822 4904 2997 4969 ἀξίνας
3054 4904 3141 4958 καὶ
3204 4903 3261 4957 τὸ
3318 4902 3630 4979 παρατυχὸν
3685 4899 3836 4958 ὅπλα

2196 4996 2571 5068 ποιησάμενοι,
2651 4993 3193 5071 ἀντιπαρατάττονται
3261 5003 3381 5053 τοῖς
3452 4990 3834 5070 στρατιώταις,

480 5085 969 5158 conciliavitzquin
987 5101 1041 5145 et
1056 5091 1242 5160 ipsum
1262 5090 1672 5158 imperatorem
1695 5087 2107 5149 adinimicitias

2195 5088 2281 5143 καὶ
2313 5082 2582 5159 συμϐολῆς
2616 5083 2906 5161 γενομένης
2950 5080 3138 5138 πολλοὶ
3181 5079 3282 5156 μὲν
3311 5076 3694 5157 διαφθείρονται
3723 5081 3838 5132 τῶν

484 5172 1016 5245 commovit.Neque
1033 5176 1243 5231 obeam
1259 5173 1386 5229 solu
1401 5185 1929 5240 mcausam,verum
1944 5180 2107 5236 etiam

2196 5171 2585 5253 Παφλαγόνων,
2616 5178 2723 5229 τῶν
2755 5170 2809 5227 δὲ
2839 5174 3176 5249 στρατιωτῶν
3209 5167 3349 5235 πλὴν
3388 5166 3585 5242 ὀλίγων
3614 5163 3635 5206 ί
3666 5164 3844 5222 ἅπαν-

487 5252 645 5335 quod
675 5272 892 5337 corpus
924 5257 1299 5338 imperatoris
1328 5256 1697 5323 Constantini
1728 5260 1980 5343 piissimi
2007 5264 2107 5339 (vi-

2199 5252 2310 5329 ﬂc,
2347 5261 2488 5329 Αὕτη
2519 5262 2688 5320 τοίνυν
2719 5261 2754 5329 ἡ
2799 5257 3077 5339 μιαιφόνος
3122 5258 3211 5315 καὶ
3253 5257 3608 5336 ἀναίσχυντος
3650 5253 3843 5334 πρᾶξις

1785 5439 2050 5504 νΑιιΙΑῑ
2102 5438 2534 5505 LECTIONES.

1127 5543 1201 5628 96,
1236 5548 1327 5628 μή
1541 5549 1619 5624 μὴ
1686 5548 1781 5607 καῖ
1823 5548 1907 5621 ς.
1991 5548 2053 5598 97
2107 5548 2196 5605 καὶ
2264 5547 2446 5628 ἱερέων
2488 5542 2625 5610 add.
2662 5544 2732 5607 Α.
2803 5544 2866 5597 98
2920 5545 3220 5624 ἀνθρωπίνη
3266 5541 3336 5619 Β,
3397 5538 3718 5621 ἀνθρώπινος
3751 5540 3838 5615 ς,

1107 5623 1128 5668 ί
1162 5627 1353 5707 ὀλίγων
1395 5627 1493 5690 ΑΒ
1528 5648 1541 5693 :
1587 5628 1765 5707 ὀλίγον
1794 5629 1876 5702 ς’.

562 5540 631 5595 95
684 5543 755 5608 ὼς
799 5560 921 5607 om.
976 5546 1043 5607 Β.

427 5644 431 5647 ‘
486 5620 549 5679 99
578 5629 916 5692 Μαντηναῖον
947 5628 1019 5688 Α.
