4008 6210
248 298 352 364 133

1334 300 1866 370 BIBLIOTHECA.
1911 333 1986 348 —
2034 299 2198 367 COD.
2245 303 2554 372 CCLVIII.

3489 305 3600 374 134

242 457 295 491 τε
348 438 373 490 ὁ
430 438 597 514 σοφὸς
665 436 1005 516 Ἀθανάσιος,
1065 440 1151 494 καὶ
1222 438 1590 497 ἀποσταλέντα
1649 442 1779 519 πρὸς
1837 438 1865 480 ¹⁴

1972 436 2321 517 episcopum
2363 459 2396 501 a
2418 439 2808 502 Constantino
2840 439 3200 520 imperatore
3232 439 3326 520 pio
3355 443 3597 506 missum

243 522 586 604 Ἀλέξανδρον
649 529 743 582 τὸν
821 525 1215 602 Ἀλεξανδρείας
1297 529 1437 606 παρᾶ
1493 537 1588 588 τοῦ
1643 529 1886 593 εὐσεϐοῦς

236 615 498 688 βασιλέως
552 625 964 673 Κωνσταντίνου
1018 615 1158 694 (οἶδε
1191 618 1294 694 γὰρ
1326 617 1584 680 πολλάκις
1618 639 1884 698 μεμηχα-

235 704 462 774 νημένος
523 703 690 768 δόλος
763 705 859 761 καὶ
913 711 1035 768 τοὺς
1097 707 1344 769 συνετοὺς
1408 705 1748 784 ἐκκλέπτειν)
1807 707 1884 780 μὴ

232 792 625 869 παραδέξασθαι
691 795 1114 871 συνηγωνίσατο.
1177 796 1316 852 Εἶτα
1360 794 1414 851 δὲ
1468 803 1560 852 τοῦ
1617 795 1670 851 ἒν
1714 796 1882 873 ἁγίοις

228 880 663 950 τελευτήσαντος
726 881 1072 960 Ἀλεξάνδρου
1157 887 1310 947 αὐτὸς
1376 886 1645 948 καταστὰς
1703 884 1881 940 διάδο-

232 993 357 1049 χος,
427 973 568 1048 πρὶς
613 971 802 1043 πολλῷ
862 975 1071 1046 μείζους
1111 973 1320 1049 ἀγῶνας
1378 973 1651 1052 [77911.]
1712 974 1878 1029 ἶναπ·

226 1059 407 1118 εδύετο
447 1077 463 1092 ’
517 1059 602 1117 διὸ
645 1063 734 1118 καὶ
790 1062 932 1117 ἅπαν
992 1064 1051 1117 τὸ
1081 1065 1342 1139 αἱρετικὸν
1373 1064 1647 1140 σύνταγμα
1681 1065 1881 1119 σκοπὸν

226 1149 385 1204 αὐτὸν
433 1155 540 1216 τῆς
597 1149 729 1210 ἰδίας
759 1149 810 1191 ¹Ἷ
854 1151 1195 1227 προῦτίθεσαν
1253 1151 1630 1229 γλωσσαλγίας
1671 1173 1729 1206 τε
1781 1152 1876 1207 καὶ

225 1241 611 1318 συκοφαντίας.
667 1241 1103 1318 Συμφράττονται
1147 1239 1212 1305 δὴ
1256 1240 1489 1312 μάλιστα
1542 1240 1664 1296 κατ’
1721 1239 1878 1298 αὐτοῦ

222 1330 267 1382 οἱ
322 1328 457 1404 περὲ
508 1327 767 1386 Εὐσέϐιον
823 1331 916 1385 τὸν
984 1327 1360 1402 Νικομηδείας,
1421 1330 1510 1384 καὶ
1568 1332 1875 1403 μισθοῦνται

222 1437 371 1478 τινας
421 1421 526 1483 τῆς
590 1415 846 1472 Μελετίου
905 1417 1178 1495 αἱρέσεως,
1237 1420 1325 1474 καὶ
1383 1415 1452 1472 δι’
1516 1423 1686 1474 αὐτῶν
1744 1439 1874 1473 κατ-

223 1507 451 1581 ηγορίας
486 1504 898 1583 συῤῥάπτουσιν,
961 1507 1036 1562 ὧν
1081 1507 1115 1574 ἡ
1146 1506 1246 1581 μὲν
1275 1507 1464 1584 πρώτη
1497 1505 1650 1574 λινῆν
1681 1506 1876 1573 ἐσθῆτα

221 1594 346 1655 τοὺς
427 1595 750 1669 Αἰγυπτίους
830 1593 1012 1650 τελεῖν
1095 1601 1164 1670 τῇ
1228 1592 1616 1673 Ἀλεξανδρέων
1668 1597 1728 1651 ὲκ
1777 1599 1876 1660 τῆς

1823 1681 1847 1701 ᾗ

221 1680 552 1738 Ἀθανασίου
623 1680 937 1747 πλεονεξίας
1006 1681 1384 1762 συνέπλαττεν,
1444 1685 1479 1750 ἡ
1538 1681 1752 1762 δευτέρα
1819 1681 1873 1738 δὲ

1970 525 2157 604 (novit
2179 528 2338 587 enim
2364 529 2497 590 licta
2514 530 2674 591 fraus
2697 529 2873 590 etiam
2901 530 3230 609 prudentes
3252 548 3409 611 saepe
3430 532 3598 595 deci-

1971 615 2140 693 pere)
2163 615 2438 696 recipere
2462 619 2674 680 noluit.
2711 618 2943 680 Deinde
2964 627 3198 680 mortuo
3222 630 3427 682 sancto
3457 621 3598 684 Ale-

1968 703 2355 783 xandro,ipse
2381 723 2694 768 successor
2715 708 3044 782 ordinatus,
3074 707 3246 786 paulo
3269 712 3596 788 postmulta

1966 792 2293 854 certamina
2314 794 2716 868 subiit.Quare
2731 796 2992 858 haeretici
3008 797 3067 858 in
3085 797 3254 857 illum
3278 799 3470 861 solum
3486 802 3597 864 liu-

1966 899 2110 957 guas
2133 882 2535 954 vibrabant,et
2559 903 2692 946 eum
2717 885 3250 946 calumniabantur.
3279 885 3598 954 Moliuntur

1966 979 2026 1030 et
2048 979 2285 1030 struunt
2307 970 2556 1033 insidias
2581 973 2641 1033 in
2665 973 2831 1034 illum
2859 975 3114 1035 maxime
3150 973 3467 1055 episcOpus
3497 978 3596 1041 Ni-

1967 1058 2255 1119 comediae
2276 1058 2658 1133 Eusebius,et
2677 1062 2939 1135 asseclaa,
2970 1071 3028 1124 et
3049 1063 3394 1126 conducunt
3422 1085 3596 1146 quos-

1962 1146 2097 1207 dam
2121 1146 2364 1221 Meletii,
2396 1157 2453 1209 et
2492 1168 2595 1228 per
2613 1150 2746 1212 illos
2768 1152 3179 1212 accusationes
3203 1153 3416 1216 inultas
3446 1175 3594 1219 con-

1960 1235 2622 1312 suunt.Primo,lineam
2647 1247 2870 1301 vestem
2887 1239 3190 1320 [Egyptios
3207 1243 3596 1322 suppeditare

1958 1322 2378 1386 Alexandrinae
2391 1325 2677 1389 Ecclesiae
2689 1347 2761 1391 ex
2785 1331 3027 1390 avaritia
3041 1331 3349 1393 Athanasii
3369 1336 3593 1398 conﬁn-

1960 1411 2493 1476 xerunt.Secundo
2519 1419 2861 1495 imperatori
2889 1418 3134 1480 insidias
3157 1420 3553 1486 moliri.Philu
3571 1457 3588 1472 -

1959 1518 2139 1562 meno
2166 1502 2326 1563 enim
2349 1504 2584 1565 cuidam
2607 1506 2922 1586 imperium
2952 1508 3247 1568 aﬁ‘ectanti
3280 1511 3588 1575 collectam

1960 1593 2274 1669 pecuniam
2301 1594 2716 1673 suppeditasse
2739 1595 3180 1659 dicunt.Tertio
3201 1599 3592 1680 lschyram,et

1958 1698 2227 1741 eversam
2255 1700 2542 1757 mensam,
2574 1694 2632 1745 et
2669 1685 2944 1764 poculum
2981 1687 3291 1764 mysticum
3317 1689 3593 1751 confrac-

218 1773 292 1833 ὡς
354 1785 480 1834 τοῖς
538 1771 806 1847 βασιλέων
835 1768 892 1813 1³
946 1770 1200 1848 ἓνεδρεύει
1231 1773 1506 1848 πράγμασι
1535 1770 1865 1849 (Φιλουμένιι.

1959 1776 2110 1842 tum,
2146 1779 2204 1830 et
2227 1769 2579 1846 Mareotem,
2611 1785 2670 1833 et
2703 1772 3021 1836 Macarium
3067 1773 3500 1854 presbyterum,
3534 1787 3594 1840 et

217 1862 320 1938 γάρ
351 1883 488 1939 τινι,
552 1861 821 1917 ἐπιθέσθαι
877 1860 1134 1938 τυραννίδι
1196 1863 1385 1939 φήμην
1437 1858 1677 1933 λαϐόντι,
1731 1883 1872 1939 χρυ-

219 1953 333 2005 σίου
398 1949 608 2027 πλῆρες
675 1949 1058 2015 ὶξαποστεῖλαι
1106 1949 1520 2028 γλωσσόκομον)
1575 1949 1868 2012 ὑπετίθετο,

215 2039 262 2113 μ
276 2038 404 2100 432
436 2037 535 2116 3.]
572 2041 675 2098 Καὶ
731 2042 766 2107 ἡ
830 2040 983 2117 τρίτη
1013 2037 1266 2118 ’ἰσχύραν
1294 2039 1380 2094 καὶ
1409 2039 1506 2105 τὴν
1535 2039 1870 2116 ἀνατραπεῖ-

215 2148 318 2182 σαν
376 2129 644 2204 τράπεζαν
698 2130 788 2184 καὶ
847 2130 906 2184 τὸ
962 2129 1222 2204 κατεαγὸς
1298 2128 1554 2202 μυστικὸν
1611 2126 1870 2204 ποτήριον

218 2219 312 2270 καὶ
369 2220 462 2272 τὸν
527 2217 827 2295 Μαρεώτην
883 2218 971 2274 καὶ
1030 2217 1302 2293 Μακάριον
1365 2219 1459 2273 τὸν
1518 2213 1868 2294 πρεσϐύτερον

223 2307 315 2359 καὶ
376 2307 474 2372 τὴν
527 2308 827 2383 λῃστρικὴν
887 2308 1045 2363 αὐτοῦ
1101 2303 1285 2384 ἔφοδον
1325 2306 1504 2362 καὶτὸ
1536 2305 1635 2361 ἀνα
1693 2311 1870 2361 πᾶσαν

1957 1858 2143 1918 instar
2169 1859 2464 1920 latronum
2493 1863 2921 1939 ingressum,et
2944 1863 3105 1942 quod
3127 1870 3247 1923 toto
3267 1863 3411 1926 orbe
3427 1865 3593 1927 fabu-

1958 1947 2074 2008 lam
2101 1947 2400 2010 notoriam
2421 1950 3265 2028 concitasset,objiciunt.ch
3289 1962 3347 2015 et
3373 1954 3593 2018 similia

1955 2035 2382 2114 imperatorem
2416 2039 2672 2099 edocent
2701 2042 2945 2101 asseclse
2976 2040 3246 2115 Eusebii,
3274 2041 3486 2122 quibus
3514 2044 3591 2106 ad

1955 2125 2102 2186 iram
2135 2133 2343 2186 contra
2389 2126 2777 2188 Athanasium
2838 2129 3161 2208 concitant,
3213 2139 3587 2208 accusantes,

1954 2215 2117 2294 quod
2153 2213 2341 2275 virum
2375 2214 2756 2294 imperatoris
2787 2216 3079 2277 mandatis
3109 2227 3418 2297 parentem
3448 2239 3588 2284 rec-

1955 2312 2133 2384 taque
2162 2302 2526 2364 sentientem
2557 2323 2678 2366 non
2710 2303 3075 2368 admisisset.

212 2395 320 2459 τήν
378 2396 700 2461 οἰκουμένην
757 2395 1054 2471 θεαθρισθὲν
1113 2393 1284 2472 δρᾶμα
1342 2407 1684 2461 σκηνοποιετ,
1757 2403 1933 2452 Ταῦτα
2000 2396 2094 2448 καί
2154 2393 2354 2448 τοιαῦθ’
2421 2391 2573 2470 ἕτερα
2645 2397 2691 2450 οἱ
2761 2396 2878 2470 περὶ
2944 2392 3188 2451 Εὖσέϐιον
3259 2395 3589 2478 δραματουρ-

211 2485 514 2560 γῆσαντες,
576 2485 652 2548 εἰς
693 2495 858 2549 ἁκοας
928 2485 1195 2562 ἆνηχοῦσι
1268 2483 1364 2547 τὰς
1434 2483 1740 2559 βασιλικὰς,
1787 2483 1885 2538 καῖ
1946 2488 2176 2538 κινοῦσιν
2237 2483 2308 2546 εἷς
2383 2481 2578 2559 ὀργὴν,
2644 2484 3007 2557 αίτιασάμενοι
3082 2485 3163 2540 ὅτι
3235 2487 3321 2542 καὶ
3377 2487 3590 2566 ’Ἄρειον

210 2571 531 2646 βασιλικοῖς
589 2575 688 2630 καί
748 2572 1024 2650 γράμμασι
1083 2569 1135 2613 19
1190 2573 1276 2628 καὶ
1335 2573 1708 2650 προστάγμασι
1767 2570 2088 2649 πεποιθότα²
2147 2569 2317 2625 καίτοι
2373 2568 2437 2620 20
2490 2572 2554 2628 τὰ
2614 2571 2735 2648 ὀρθὰ
2793 2579 3101 2649 φρονοῦντα,
3164 2577 3259 2633 οὒκ
3327 2575 3588 2655 ἠνέσχετο

209 2659 485 2724 δέξασθαι,

295 2750 431 2808 Κατ’
467 2752 653 2806 έκεῖνο
709 2749 763 2805 δὲ
825 2752 1011 2826 καιροῦ
1053 2751 1146 2806 καὶ
1202 2749 1289 2806 ἐπὶ
1334 2750 1401 2806 τὰ
1429 2749 1863 2828 τώνίεροσολύ-

2027 2743 2254 2808 Eodem
2290 2755 2560 2827 tempore
2591 2747 2664 2809 ad
2714 2746 2994 2810 Encaenia
3039 2746 3586 2831 Hierosolymorum

208 2861 328 2912 μων
377 2839 627 2914 ἰγκαίνια
682 2836 878 2918 σχεδὸν
908 2839 1103 2901 πάντες
1133 2839 1392 2914 συνῄεσαν
1436 2840 1484 2894 οἱ
1532 2837 1810 2894 ἐπίσκοποι
1845 2854 1860 2868 '

1951 2853 2160 2896 omnes
2189 2835 2317 2898 fere
2348 2837 2618 2917 episcopi
2650 2846 3142 2911 convenerant,et
3169 2837 3588 2903 Constantinus

207 2930 295 2982 καὶ
331 2929 529 3006 γράφει
585 2937 989 2992 Κωνσταντϊνος
1035 2929 1062 2982 ὁ
1121 2925 1343 2993 εῦσεϐὴς
1399 2925 1647 3002 βασιλεὺς
1703 2926 1863 2982 πάλιν

1951 2921 2081 3000 pius
2101 2924 2426 3004 imperator
2444 2925 2690 3004 scripsit
2711 2925 2889 2986 4113b
2907 2925 3191 3004 synodum
3217 2944 3427 2988 rursus
3449 2946 3589 2988 con-

207 3014 545 3091 συλλεγῆναι
633 3014 874 3090 σύνοδον,
960 3015 1305 3090 ἒποψομένην
1381 3015 1414 3069 ἃ
1485 3012 1727 3070 διέϐαλλέ
1804 3035 1863 3069 τε

1951 3013 2310 3090 gregandam
2335 3011 2407 3072 ad
2433 3031 2502 3073 ea
2522 3012 3064 3093 discutienda,quaa
3083 3014 3158 3076 de
3175 3024 3380 3075 sancto
3402 3016 3587 3078 Atha-

204 3105 558 3183 Ἀθανάσιον,
605 3106 692 3159 καὶ
736 3104 770 3159 ἂ
812 3105 1028 3170 συνίστη
1083 3107 1175 3161 τὸν
1224 3103 1438 3180 ’Ἄρειον
1474 3123 1489 3137 ⁸
1534 3105 1623 3158 καὶ
1666 3104 1709 3159 εἷ
1767 3102 1864 3177 μὲν

1951 3106 2115 3161 nasio
2129 3100 2576 3178 dicebantur,et
2597 3102 2669 3164 ad
2684 3103 2891 3164 Arium
2912 3102 2971 3163 in
2990 3102 3108 3163 ﬁde
3130 3103 3580 3166 stabiliendum.

208 3197 400 3270 φθόνος
481 3192 860 3271 ὀρθοδοξοῦντα
945 3215 1034 3248 τον
1091 3192 1305 3267 τἈρειον
1367 3198 1467 3259 τῆς
1537 3190 1862 3258 Ἐκκλησίας

209 3280 519 3361 διέστησεν,
581 3284 658 3344 εἷς
714 3282 931 3358 εἰρήνην
988 3278 1306 3356 συμϐιϐάσαι
1337 3283 1436 3348 τὴν
1479 3279 1772 3357 διάστασιν,
1819 3282 1862 3335 εἰ

213 3367 261 3423 ε’
306 3371 465 3432 αὲτὸς
511 3371 700 3445 ἀπάτῃ
731 3371 1021 3450 κέχρηται,
1052 3372 1126 3432 είς
1185 3368 1581 3446 Ἀλεξάνδρειάν
1625 3391 1682 3425 τε
1740 3367 1860 3425 δια-

211 3461 520 3537 πεμφθῆναι
571 3462 733 3515 κάκεῖ
790 3461 882 3514 σὺν
913 3455 1148 3536 ἀκριϐείᾳ
1191 3456 1284 3513 ὑπ’
1311 3457 1545 3522 ἐξέτασιν
1588 3457 1806 3537 ἄγεσθαι
1841 3477 1854 3491 ·

207 3550 308 3612 τὴν
349 3547 408 3604 δὲ
455 3546 741 3622 διάσκεψιν
804 3549 900 3614 τὴν
958 3549 1073 3624 περὶ
1131 3545 1443 3604 Ἀθανάσιον
1504 3551 1596 3602 καὶ
1654 3531 1861 3624 ’Ἄρειον

207 3637 604 3713 πορευιμένους
659 3638 746 3692 ἐπὶ
810 3636 875 3692 τὰ
921 3628 1259 3712 Ἰεροσόλυμα
1307 3634 1428 3693 ὁδοῦ
1484 3637 1744 3714 πάρεργον
1803 3639 1860 3692 ἓν

207 3730 360 3802 Τύρῳ
413 3727 778 3794 ποιήσασθαι.
835 3726 1159 3801 Τριακοστὸν
1213 3722 1267 3780 δὲ
1320 3725 1439 3780 τότε
1501 3725 1688 3792 ἠνύετο
1741 3724 1858 3788 ἔτος

203 3819 306 3878 τῆς
355 3814 766 3870 Κωνσταντίνου
821 3811 1092 3888 βασιλείας
1127 3829 1141 3844 ’
1182 3811 1442 3882 ἑξήκοντα
1481 3812 1535 3868 δὲ
1576 3812 1856 3870 ἐπίσκοποι

203 3902 306 3968 τήν
336 3903 391 3957 ἰν
425 3902 583 3979 Τύρῳ
628 3899 844 3958 σύνοδον
897 3900 1179 3978 ίεπλιίιρουν¹
1244 3902 1513 3958 Διονυσίου
1540 3911 1634 3960 τοῦ
1661 3903 1856 3958 ὑπατι-

203 3991 302 4046 κοῦ
342 3991 673 4066 συνάγοντος
722 3991 934 4070 αὐτοὺς,
997 3989 1111 4064 μεθ’
1156 3989 1214 4046 οῦ
1267 3991 1356 4045 καὶ
1407 3990 1434 4045 ὃ
1464 3991 1562 4055 τῆς
1595 3991 1857 4070 ἐπαρχίας

205 4079 395 4157 ἄρχων
428 4083 520 4134 καί
563 4100 714 4143 τινες
759 4085 863 4136 τῶν
894 4079 948 4134 ἐν
991 4077 1131 4134 τέλει
1166 4085 1231 4146 τῆ
1277 4075 1476 4150 συνόδῳ
1517 4079 1854 4155 συνήδρευον,

209 4174 392 4244 Παρῆν
454 4167 510 4222 δὲ
595 4171 683 4224 καὶ
759 4167 1094 4240 Ἀθανάσιος,
1155 4165 1292 4222 ἀλλὰ
1348 4168 1435 4222 καὶ
1501 4168 1772 4244 Μακάριος
1830 4170 1858 4223 ὁ

208 4254 596 4334 πμσὸύτερος,
686 4258 1073 4333 στρατιωτικῆς
1155 4256 1340 4334 χειρὸς
1425 4255 1530 4310 ἀπὸ
1603 4253 1857 4320 Ἀλεξαν-

210 4343 377 4422 δρείας
453 4345 869 4422 σιδηροδέσμιον
930 4345 1087 4403 αὐτὸν
1145 4343 1451 4420 ἀγαγούσης
1494 4343 1574 4406 21,
1635 4345 1858 4420 Πρώτην

1945 3187 2113 3261 Quod
2138 3190 2190 3250 si
2229 3191 2451 3253 invidia
2481 3191 2688 3253 Arium
2709 3191 2783 3252 ab
2801 3191 3070 3252 Ecclesia
3094 3191 3485 3272 disjunxerat,
3519 3202 3583 3256 ut

1946 3279 2260 3340 studerent
2289 3287 2573 3360 utrosque
2603 3280 2962 3341 conciliare:
2999 3279 3050 3340 si
3080 3297 3218 3340 vero
3250 3299 3394 3342 usus
3424 3296 3585 3347 esset

1947 3367 2082 3428 [icta
2112 3369 2364 3447 quadam
2399 3370 2609 3431 fraude
2634 3370 2841 3444 Arius,
2874 3368 3292 3430 Alexandriam
3323 3373 3577 3448 veniret,

1947 3464 2009 3516 et
2033 3455 2118 3516 ibi
2143 3457 2437 3536 judicium
2465 3460 2539 3519 de
2561 3477 2634 3521 eo
2661 3467 2719 3519 et
2743 3475 2993 3519 examen
3022 3467 3361 3520 accuratum
3386 3460 3578 3521 ﬁeret.

1944 3542 2327 3607 Divertentes
2379 3546 2558 3624 igitur
2616 3565 2650 3608 a
2681 3550 2796 3621 via,
2833 3547 2998 3626 prius
3025 3546 3160 3626 Tyri
3191 3557 3581 3628 congregatos

1945 3633 2260 3714 episcopos
2287 3653 2355 3696 ea
2390 3655 2522 3716 quae
2553 3645 2760 3697 contra
2789 3637 3184 3698 Athanasium
3215 3647 3406 3706 erant,
3441 3639 3579 3699 obi-

1945 3728 2039 3782 ter
2067 3721 2369 3802 disputare
2399 3734 2460 3786 et
2491 3743 2623 3804 quae
2653 3732 2861 3786 contra
2891 3725 3121 3798 Arium,
3149 3724 3582 3802 jussit.Trice-

1944 3813 2134 3873 simus
2160 3821 2360 3874 autem
2396 3812 2494 3874 hic
2553 3823 2680 3874 erat
2735 3831 2927 3874 annus
2976 3811 3148 3888 regni
3181 3812 3578 3878 Constantini.

1942 3899 2208 3961 Aderant
2237 3919 2378 3962 vero
2404 3903 2537 3982 Tyri
2561 3921 2631 3963 ex
2663 3901 2915 3962 diversis
2945 3899 3281 3963 civitatibus
3312 3901 3580 3982 episcopi

1943 3996 2276 4069 sexaginta,
2328 3991 2607 4071 Dionysio
2659 3989 2962 4052 consulari
3019 3990 3577 4073 convocanteillos,

1942 4096 2076 4138 cum
2102 4098 2217 4157 quo
2246 4089 2304 4141 et
2326 4080 2641 4160 praefectus
2663 4098 2783 4142 ora;
2813 4080 3066 4158 illius,et
3094 4079 3333 4159 quidam
3366 4082 3581 4158 magis-

1945 4173 2126 4226 tratus
2157 4167 2230 4228 ad
2263 4169 2554 4247 synodum
2585 4175 3014 4229 convenerunt.
3045 4166 3249 4229 Adfuit
3298 4176 3357 4229 et
3385 4170 3577 4230 Atha-

1943 4255 2318 4335 nasius,quin
2345 4266 2403 4317 et
2427 4257 2719 4318 Macarius
2753 4255 3059 4336 presbyter
3076 4255 3431 4318 Alexandria
3462 4257 3580 4320 fer—

1943 4342 2064 4403 reis
2093 4345 2321 4405 catenis
2353 4346 2586 4407 vinctus
2610 4346 2800 4426 cupiis
2854 4344 3106 4406 militum
3141 4344 3574 4408 adducebatur.

211 4433 298 4488 οὖν
359 4436 698 4511 κατηγορίαν
741 4437 789 4490 οἱ
830 4433 1151 4512 συκοφάνται
1180 4430 1234 4473 ³9
1275 4436 1374 4497 τὴν
1416 4433 1536 4502 περὶ
1575 4437 1674 4499 τῆς
1706 4431 1860 4500 λινῆς

1951 4429 2207 4492 Primum
2240 4432 2442 4513 itaque
2472 4443 2858 4496 accusatores
2888 4435 2963 4494 de
2993 4441 3156 4495 veste
3175 4433 3334 4496 linea
3361 4435 3580 4496 calum-

209 4521 431 4589 ἰσθῆτος
488 4520 914 4595 προϐάλλονται.
979 4519 1146 4577 Ἀλλὰ
1189 4521 1388 4586 ταύτην
1424 4522 1524 4587 τὴν
1571 4518 1854 4600 διαϐολὴν,

209 4615 302 4669 οὒκ
329 4613 385 4667 ἐν
436 4615 592 4690 Τύρῳ
642 4612 809 4686 μόνον
858 4613 1192 4688 κινηθεῖσαν,
1223 4607 1361 4664 ἀλλὰ
1390 4611 1476 4665 καὶ
1507 4609 1760 4686 πρότερον
1803 4609 1856 4665 ἒν

211 4698 542 4771 Σεικομηὸείᾳ
603 4711 731 4763 ταῖς
776 4706 869 4754 τοῦ
925 4697 1184 4774 βασιλέως
1242 4700 1608 4776 ἓνηχηθεϊσαν
1641 4700 1856 4770 ἀκοαῖς,

210 4787 370 4852 ’Δπις
416 4811 475 4845 τε
523 4789 615 4844 καὶ
659 4786 934 4864 Μακάριος
995 4787 1043 4841 οἱ
1099 4783 1202 4862 τῆφ
1272 4783 1663 4862 Ἀλεξανδρείας
1723 4807 1856 4861 πρε-

213 4870 445 4953 saltss-ot
539 4877 720 4934 ἐκεῖσε
799 4875 1204 4953 παρατυχόντες
1291 4871 1478 4948 ῥᾳδίως
1550 4871 1851 4949 διήλεγξαν,

218 4968 304 5021 Διὸ
355 4974 465 5022 τῶν
521 4966 623 5040 μὲν
710 4968 1059 5042 συκοφαντῶν
1152 4965 1179 5017 ὁ
1249 4961 1494 5037 βασιλεὺς
1578 4965 1856 5037 καθήψατο

215 5056 541 5130 γράμμασιν,
576 5055 904 5112 Ἀθανάσιον
953 5051 1008 5107 δὲ
1068 5052 1199 5128 πρὸς
1241 5052 1428 5106 ἐαυτὺν
1489 5051 1661 5108 ἐλθεῖν
1716 5074 1854 5130 προ-

217 5144 478 5218 ετρέψατο.
515 5146 620 5204 Καὶ
650 5146 716 5200 τα
749 5142 1047 5222 γράμματα
1102 5139 1202 5208 ἧκε
1260 5141 1393 5218 πρὸς
1446 5139 1546 5208 τὴν
1595 5140 1648 5196 έν
1706 5143 1856 5220 Τύρῳ

219 5231 436 5312 σύνοδον,
499 5234 598 5292 καὶ
661 5235 738 5298 εἷς
794 5231 1096 5309 κατήφειαν
1147 5229 1246 5297 τὴν
1289 5230 1407 5307 περὶ
1459 5231 1548 5286 τὸν
1607 5229 1857 5288 Εὐσέϐιον

1943 4520 2090 4581 niati
2113 4529 2272 4596 sunt,
2307 4523 2414 4583 sed
2464 4523 2624 4584 illam
2671 4522 3030 4584 calumniam
3068 4541 3186 4584 non
3218 4524 3411 4584 solum
3442 4524 3578 4604 Tyri

1943 4612 2299 4685 motam,sed
2331 4622 2389 4672 et
2420 4613 2582 4692 prius
2613 4611 2980 4674 Nicomedia;
3008 4611 3082 4673 ab
3106 4613 3469 4692 imperatore
3489 4615 3579 4674 in-

1940 4697 2266 4771 tellectam,
2318 4701 2462 4780 Apis
2503 4709 2560 4761 et
2610 4701 2902 4763 Macarius
2961 4701 3273 4780 presbyter
3320 4700 3576 4762 civitatis

1938 4786 2447 4868 Alexandriae,qui
2481 4797 2604 4849 tuin
2639 4790 2783 4851 illuc
2815 4807 2956 4851 casu
2985 4789 3366 4863 advenerant,
3401 4789 3578 4852 lacile

1939 4876 2300 4940 refutarunt.
2340 4879 2493 4939 Hinc
2524 4877 2764 4957 quidem
2821 4886 3202 4938 accusatores
3249 4877 3577 4956 imperator

1941 4981 2051 5043 per
2081 4964 2310 5026 litteras
2342 4969 2688 5046 perstrinxit
2744 4987 2759 5027 :
2813 4967 3201 5028 Athanasium
3231 4983 3372 5026 vero
3403 4966 3476 5028 ad
3510 4986 3576 5030 se

1941 5055 2148 5115 venire
2164 5055 2368 5134 jussit.
2397 5055 2632 5117 Litterae
2679 5056 2753 5117 ad
2775 5055 3066 5135 synodum
3088 5054 3223 5135 Tyri
3244 5074 3574 5136 congrega-

1941 5150 2060 5204 tam
2086 5151 2378 5206 venerunt
2404 5166 2418 5209 :
2446 5143 2662 5224 quibus
2685 5143 2854 5207 lectis
2877 5144 3197 5206 Eusebiaui
3229 5163 3366 5207 eum
3398 5147 3572 5209 dolo-

1941 5248 2069 5293 rem
2105 5239 2556 5310 contraxerunt,
2583 5251 2764 5314 quem
2791 5233 3114 5300 Athanasio
3143 5243 3319 5300 antea
3346 5235 3571 5300 intule-

1508 5385 1777 5450 VABLE
1819 5387 2258 5455 LECTIONES.

289 5498 336 5542 ‘5
361 5503 491 5581 πρός
522 5501 567 5565 Β
600 5520 616 5562 :
669 5502 764 5558 τόν
981 5491 1049 5581 >17
1089 5495 1283 5581 σίκείας

1482 5490 1535 5536 18
1562 5495 1822 5571 βασιλέως
1851 5500 1914 5572 ς·
1918 5538 1935 5557 .

227 5581 275 5634 τὰ
299 5572 411 5658 ὀρθᾶ
453 5590 748 5663 φρονοῦντα
779 5595 912 5644 om.
960 5579 1036 5640 A.
1118 5573 1167 5621 ²ί
1200 5575 1435 5655 ἀγούσης
1465 5573 1550 5648 ς.
1634 5572 1692 5619 ³³
1720 5579 1766 5633 οἶ
1801 5579 2092 5658 συκοφάται
2124 5595 2244 5643 om.
2277 5572 2350 5643 Ᾱ.

2021 5495 2076 5541 19
2103 5500 2190 5555 καὶ
2230 5498 2354 5584 Ἄρ.
2417 5499 2542 5578 βασ.
2578 5503 2665 5560 καὶ
2696 5503 2903 5584 γράμμ.
2964 5501 3104 5567 add.
3139 5512 3203 5566 Δ.
3294 5503 3356 5555 ΞΟ
3402 5503 3570 5563 καίτοι
