4008 6210
483 267 595 332 135

1664 265 1926 329 PHOTII
1967 261 2482 328 PATRIARCHIE
2523 262 2641 326 GP.

3690 259 3788 328 136

467 411 619 465 rant.
655 403 829 477 Quod
885 403 1210 484 imperator
1259 402 1394 464 illos
1443 402 1700 479 graviter
1731 409 2092 477 accusasset,

2186 401 2411 479 φατρίαν
2504 395 2844 452 συνέστελλεν
2931 393 3033 462 ἤδη
3121 391 3326 460 πολλὴν
3413 394 3619 470 ῥέουσαν
3673 396 3794 452 κατὰ

467 490 688 554 deinde
717 493 874 573 quod
908 492 1205 555 calumnia
1236 491 1310 550 de
1345 491 1505 552 linea
1537 500 1698 552 veste
1730 490 2107 570 imperatoris

469 599 645 644 aures
673 590 846 642 antea
876 577 1397 660 occupasset.Hac
1427 581 1727 641 calumnia
1755 599 1888 640 cum
1913 581 2107 640 minus

475 671 849 748 procederet,
914 671 1206 748 lschyram
1258 679 1315 729 et
1368 669 1692 731 Macarium
1743 670 2101 748 producunt.

403 815 406 818 .
467 761 712 837 Magnus
745 775 883 820 vero
918 757 1278 818 Athanasius
1307 757 1572 818 asseclas
1596 755 1858 836 Eusebii,
1895 765 1959 816 ut
1990 758 2101 817 ho-

467 856 611 920 stes,
638 848 902 924 legitima
932 847 1290 925 exceptione
1320 845 1629 924 rejecit.In
1664 847 1872 924 primis
1901 853 2102 907 autem

468 935 866 994 demonstrari
884 934 1228 994 volebat.an
1270 935 1538 1012 lscbyras
1568 952 1707 995 vere
1741 944 2106 996 essetsacer-

466 1022 598 1094 dos,
633 1025 691 1083 in
737 1040 912 1100 quem
969 1023 1157 1082 sacris
1216 1031 1567 1100 operantem
1599 1023 1846 1084 irruisse
1878 1023 2105 1098 ﬁngunt

466 1110 810 1184 Macarium,
850 1111 1086 1189 vimque
1136 1111 1412 1172 intulisse
1458 1112 1704 1172 missum
1733 1110 1806 1172 ab
1836 1113 2100 1173 Athana-

461 1199 812 1272 sio,sacram
840 1217 1105 1260 mensam
1141 1198 1700 1279 evertisse,calicem
1739 1200 2013 1276 fregisse,
2047 1208 2105 1260 et

465 1307 634 1349 sacra
683 1287 875 1349 Biblia
907 1287 1333 1350 combussisse.
1370 1290 1484 1350 Sed
1521 1289 1619 1350 hic
1650 1289 1750 1350 illa
1782 1288 1899 1349 duo
1929 1307 2101 1349 com-

468 1378 634 1437 muni
683 1377 801 1455 legi
849 1378 1118 1455 opponit.
1175 1375 1422 1438 Judices
1453 1387 1652 1438 autem
1681 1377 1957 1457 judicare
1987 1377 2100 1438 de-

469 1473 819 1537 trectarunt,
840 1474 899 1525 et
920 1467 1236 1526 calumniis
1258 1466 1685 1526 conﬁrmandis
1711 1474 1946 1544 tempus
1976 1474 2100 1525 tra-

465 1554 1109 1626 xerunt.Quamobrem
1145 1572 1353 1615 eorum
1379 1574 1511 1634 qua
1536 1555 1700 1634 justo
1723 1554 1885 1614 dicta
1905 1561 2098 1628 erant,

463 1643 755 1704 rationem
782 1642 1005 1702 nullam
1025 1642 1390 1707 habuerunt.
1423 1644 1731 1704 Accedunt
1751 1644 1822 1703 ad
1848 1660 2101 1703 accusa-

2189 487 2530 565 Ἀθανασίου,
2565 485 2646 541 ὅτι
2678 508 2734 541 τε
2780 485 2967 548 αὖτοὺς
3020 487 3046 540 6
3098 482 3343 559 βασιλεὺς
3400 484 3668 558 ᾐτιάσατο,
3721 485 3800 540 καὶ

2190 578 2270 632 ὅτι
2304 577 2339 644 ἣ
2385 578 2522 632 κατὰ
2566 576 2666 641 τὴν
2709 573 2864 640 λινῆν
2917 573 3116 639 ἐσθῆτα
3163 573 3480 650 συκοφαντία
3532 572 3803 652 προέφθασε

2189 663 2367 721 δοῦναι
2428 667 2516 718 τὸν
2576 662 2833 740 ἔλεγχον,
2895 666 3003 730 Τῆς
3057 660 3112 716 δὲ
3163 659 3414 726 διαϐολῆς
3447 662 3632 726 ταύτης
3658 660 3803 718 ἐκπε-

2189 755 2372 816 σόντες
2417 753 2482 807 τὰ
2529 755 2647 831 περὶ
2698 751 2945 830 ’[σχύραν
2986 748 3128 827 [780
3155 749 3260 829 Η.]
3293 751 3380 805 καὶ
3433 750 3687 825 Μακάρων
3726 772 3806 807 τον

2185 843 2536 921 πρεσϐύτερον
2596 843 2986 918 προτείνουσιν.
3067 839 3125 898 Ὀ
3180 840 3234 894 δὲ
3294 841 3455 916 σοφὸς
3513 837 3803 902 Ἀθανάσιος

2185 932 2555 1010 παρεγράφετο
2596 929 2658 980 ’ὅ
2689 932 2789 1005 μὲν
2843 931 2980 986 κατὰ
3028 931 3222 998 νόμους
3256 931 3502 1006 πράττων
3532 930 3647 993 τοὺς
3674 951 3798 1006 προ-

2186 1034 2374 1099 φανεϊς
2407 1020 2652 1098 ἐχθροὺς,
2692 1017 2942 1077 Εὐσέὸιόν
2998 1040 3135 1094 φημι
3194 1018 3282 1072 καὶ
3323 1022 3442 1082 τοὺς
3494 1019 3789 1095 ὁμόφρονας¹

2189 1108 2330 1176 ἠξίου
2373 1107 2426 1162 δὲ
2482 1112 2583 1187 πρὸ
2627 1109 2844 1164 πάντων
2886 1106 3136 1186 ’ἰσχύραν
3180 1105 3545 1185 ἐπιδειχθῆναι
3592 1103 3644 1146 εί
3674 1127 3790 1184 πρε-

2187 1196 2461 1276 σϐύτερον,
2506 1201 2566 1254 οὗ
2607 1196 3036 1275 λειτουργούντος
3082 1196 3424 1252 ἓπειστιεσετν
3479 1194 3717 1250 ἔπλαττεν
3758 1197 3788 1263 ἡ

2184 1289 2480 1364 κατηγορία
2543 1288 2634 1342 τὸν
2693 1287 2966 1364 Μακάρων
3021 1286 3157 1341 κατὰ
3213 1283 3508 1361 λῃστρικὴν
3536 1280 3708 1363 ’ἔφοδον
3745 1283 3790 1349 ἐξ

2182 1377 2492 1444 ἀποστολῆς
2573 1376 2913 1445 Ἀθανασίου,
2996 1375 3085 1431 καὶ
3160 1373 3451 1451 ἀνατρέψαι
3509 1373 3603 1440 τὴν
3664 1374 3789 1451 ἱερὰν

2186 1465 2472 1543 τράπεζαν,
2533 1466 2620 1520 καὶ
2679 1466 2741 1520 τὸ
2786 1465 3040 1538 μυστικὸν
3100 1460 3348 1526 κατεάξαι
3393 1464 3659 1538 ποτήριον,
3715 1462 3791 1517 καὶ

2186 1556 2248 1609 τὰ
2293 1560 2388 1620 τῆς
2418 1557 2558 1616 θείας
2605 1555 2817 1632 Γραφῆς
2863 1555 3019 1625 ἡμῶν
3074 1550 3250 1627 βιϐλία
3293 1552 3415 1624 πυρὶ
3470 1549 3788 1628 παραδοῦναι.

2187 1642 2337 1698 Ἀλλ’
2371 1644 2398 1698 ὀ
2433 1643 2530 1714 μὲν
2587 1645 2653 1698 τὰ
2710 1641 2798 1696 δύο
2842 1644 3006 1696 ταῦτα
3063 1642 3211 1715 νόμῳ
3267 1647 3431 1712 κοινῴ
3471 1640 3793 1716 ἆντεπαρετί-

463 1731 691 1792 tionem
725 1731 969 1793 Macarii
1000 1739 1059 1792 et
1090 1732 1369 1812 Ischyra,
1402 1741 1461 1792 et
1491 1730 1894 1812 promptitudo
1926 1731 2092 1792 479a

2185 1735 2262 1786 θει
2317 1729 2374 1773 9⁵
2417 1732 2506 1785 γαὶ
2565 1727 3055 1807 ἆντεπρουϐάλλετο
3086 1746 3100 1760 ⁸
3167 1730 3216 1784 οἱ
3270 1727 3326 1782 δὲ
3358 1729 3527 1806 κριταὶ
3557 1726 3796 1805 ούίὶκρί-

465 1820 957 1881 calumniantium
1020 1828 1151 1882 erat
1210 1821 1662 1881 intolerabilis:
1711 1820 1915 1900 inopia
1965 1837 2092 1880 vero

2187 1841 2315 1890 νειν,
2379 1821 2453 1882 εἷς
2513 1817 2567 1874 δὲ
2604 1815 2658 1860 9⁸
2716 1821 2778 1874 τὸ
2822 1819 3098 1896 κρατύνειν
3155 1819 3256 1884 την
3314 1817 3654 1895 συκοφαντίαν
3684 1814 3793 1871 ὅλον

464 1908 526 1969 in
558 1909 1025 1969 demonstrando
1058 1927 1125 1970 ac
1176 1909 1510 1989 probando,
1556 1909 1924 1970 alacritatem
1957 1909 2099 1970 illo-

462 2015 592 2058 rum
624 1997 892 2059 fraudem
925 2015 1158 2070 esse,ac
1188 1999 1548 2059 maleﬁcium
1571 1998 1898 2078 impietatis
1919 2007 2100 2077 atque

463 2086 700 2148 invidia
727 2086 1101 2148 ostendebat.
1138 2085 1298 2148 Mora
1326 2094 1524 2148 autem
1549 2106 1617 2148 ac
1645 2087 1806 2160 dolo,
1839 2086 2098 2165 repulsa

461 2177 728 2237 dedecus
759 2183 1053 2254 tegentes,
1090 2175 1335 2237 mittunt
1373 2176 1432 2236 in
1465 2178 1786 2237 Mareotem
1819 2175 2098 2236 factionis

462 2266 734 2343 ejusdem
778 2265 1076 2337 homines,
1111 2264 1462 2326 simulantes
1493 2284 1563 2325 eo
1594 2265 1652 2325 in
1685 2264 1818 2326 loco
1850 2283 2097 2325 examen

459 2369 692 2433 eorum,
729 2371 856 2432 qua
889 2353 970 2412 ibi
1001 2361 1169 2430 gesta
1198 2362 1424 2433 essent,
1452 2354 1582 2413 ﬁeri
1609 2361 1911 2433 oportere.
1948 2354 2092 2414 Cum

457 2449 658 2502 autem
689 2442 1052 2502 Athanasius
1082 2441 1310 2501 videret
1353 2459 1456 2502 eos
1491 2442 1641 2501 mitti
1677 2460 1826 2519 quos
1859 2442 2095 2519 rejece-

455 2537 548 2588 rat
599 2528 859 2607 judices,
914 2527 1358 2605 Theogonium,
1413 2528 1625 2599 Marin,
1678 2527 2090 2602 Theodorum,

455 2615 892 2686 Macedonium,
924 2614 1262 2687 Ursacium,
1296 2615 1682 2694 proclamavit
1713 2624 1772 2676 et
1803 2623 2096 2676 contesta-

458 2713 548 2764 tus
579 2710 669 2765 est
716 2702 993 2764 omnibus
1057 2703 1314 2764 maxime
1352 2703 1727 2764 manifestam
1761 2721 1894 2765 esse
1927 2704 2093 2782 inju-

454 2793 602 2853 riam
639 2813 652 2855 :
683 2791 1000 2852 Macarium
1036 2810 1275 2872 quoque
1307 2792 1719 2872 presbyterum
1749 2792 1812 2852 in
1843 2791 2094 2854 vinculis

455 2879 686 2955 haberi,
716 2879 818 2959 qui
842 2879 1004 2960 prior
1023 2879 1466 2941 accusationem
1498 2878 1875 2953 instituisset,
1908 2899 2090 2943 accu-

451 2977 709 3030 satorem
744 2986 880 3028 vero
908 2967 1214 3046 Ischyram
1240 2967 1569 3046 illegitimis
1591 2969 1834 3048 adjungi
1859 2969 2091 3047 judici-

454 3056 734 3120 bus.Cum
767 3055 996 3116 videret
1027 3056 1250 3116 nullam
1303 3057 1396 3116 sui
1425 3055 1713 3118 rationem
1746 3077 1778 3116 a
1808 3058 2086 3119 Patribus

449 3145 512 3206 in
542 3143 765 3225 synodo
791 3143 1182 3218 haberi,clam
1210 3144 1356 3224 ipsis
1386 3143 1666 3215 decessit,
1693 3153 1753 3207 et
1775 3147 1847 3206 ad
1885 3146 2083 3226 inzpe-

450 3241 710 3294 ratorem
735 3232 905 3312 quasi
929 3233 1255 3294 accersitus
1285 3234 1561 3296 accessit.
1599 3233 1709 3304 Qui
1745 3251 1885 3294 vero
1917 3235 2085 3297 missi

449 3331 620 3383 erant
650 3322 711 3381 in
741 3321 1061 3382 Marootem
1099 3340 1169 3382 ex
1202 3339 1319 3381 una
1351 3320 1545 3382 solum
1580 3331 1746 3400 parte
1780 3322 2085 3403 (quemad-

448 3410 694 3471 modum
717 3409 836 3470 illis
864 3409 1240 3470 mendacium
1263 3417 1439 3490 atque
1457 3409 1680 3472 invidia
1699 3410 2080 3491 imperabat),

445 3500 601 3560 facto
619 3497 1018 3560 accusationis
1038 3496 1348 3568 libello,ad
1371 3499 1657 3577 synodum
1676 3501 1904 3560 reversi
1921 3512 2082 3575 sunt,

445 3606 580 3668 qua
601 3589 860 3666 synodus
908 3597 1083 3646 antea
1120 3587 1244 3665 jam
1272 3584 1562 3648 absentia
1602 3606 1780 3649 causa
1811 3599 2082 3651 sanctum

441 3676 832 3740 Athanasium
857 3675 1306 3737 condemnarat.
1341 3674 1488 3738 Cum
1513 3685 1709 3738 autem
1732 3677 2081 3753 rediissent,

442 3765 1002 3827 condemnationem
1032 3763 1468 3824 conﬁrmarunt
1521 3765 1726 3827 multis
1769 3766 2084 3828 calumniis

441 3854 750 3929 additis,et
785 3853 1136 3914 festinantes
1172 3851 1321 3930 Tyro
1353 3851 1818 3932 Hierosolymam
1852 3854 1927 3914 ad
1959 3857 2081 3919 fes-

439 3950 563 4002 tum
599 3941 1066 4003 consecrationis
1098 3939 1392 4012 ecclesia,
1423 3941 1668 3999 nefariis
1699 3942 1982 4000 nimirum
2015 3961 2086 4004 ac

439 4030 684 4108 pollutis
716 4029 1017 4103 manibus,
1056 4026 1430 4104 iverunt,qui
1459 4027 1656 4088 statim
1687 4045 1757 4087 eo
1793 4038 2086 4090 venerunt

439 4127 497 4178 et
529 4116 852 4178 Eusebiani
886 4114 1095 4174 Arium
1151 4113 1413 4192 prafecti
1461 4115 1587 4174 loco
1620 4115 1939 4194 recipiunt.
1980 4117 2083 4178 Fi-

438 4205 605 4264 deles
639 4221 848 4263 omnes
878 4200 1131 4261 aversati
1162 4209 1300 4260 sunt
1335 4201 1793 4274 deﬁnientes,ut
1820 4203 2084 4266 Alexan-

435 4289 583 4352 dria
605 4291 785 4350 Arius
804 4287 1118 4359 eorum,de
1141 4289 1356 4369 quibus
1378 4294 2081 4366 accusaretur,rationem

435 4378 741 4453 redderet,
773 4395 952 4457 quam
980 4376 1083 4437 ubi
1107 4377 1386 4453 accessit,
1421 4388 1628 4458 captus
1657 4383 1930 4444 est.Dum
1957 4383 2082 4443 hac

2184 1907 2382 1963 ἔτεινον
2447 1908 2538 1963 τὸν
2596 1905 2881 1982 λογισμόν.
2947 1908 3040 1961 Διὸ
3084 1904 3246 1982 λόγον
3290 1906 3389 1980 μὲν
3440 1912 3544 1962 τῶν
3597 1903 3792 1967 δικαίως

2182 1995 2489 2072 λεγομένων
2534 1994 2716 2053 οὐδένα
2788 1995 2976 2073 εἶχον,
3041 1995 3306 2072 εἰσάγεται
3367 1993 3422 2049 δὲ
3479 1995 3511 2061 ἡ
3555 1993 3668 2069 περὶ
3713 1993 3793 2047 τὸν

2182 2083 2454 2162 Μακάρων
2509 2083 2604 2140 καί
2666 2082 2913 2163 Ἰσχύραν
2976 2084 3268 2160 κατηγορία
3314 2079 3390 2141 Ἦ.
3442 2081 3547 2140 Καΐ
3598 2084 3656 2137 τὸ
3704 2082 3790 2155 μὲν

2181 2173 2449 2249 πρόθυμον
2500 2175 2567 2242 ἦν
2617 2176 2723 2229 τὼν
2764 2171 3107 2250 συκοφαντῶν
3163 2173 3461 2252 ἀφόρητον,
3498 2172 3557 2228 τὸ
3598 2168 3650 2226 δὲ
3702 2171 3787 2237 τῆς

2179 2261 2491 2327 ἀποδείξεως
2552 2261 2747 2331 ἄπορον
2805 2262 2906 2326 τὴν
2956 2262 3248 2336 προθυμίαν
3279 2259 3478 2317 ἐδείκνυ
3506 2257 3787 2323 δυσσεϐείας

2178 2353 2275 2408 καί
2332 2352 2522 2431 φθόνου
2572 2352 2952 2429 κακούργημα,
3029 2341 3330 2429 ’Υπερθέσει
3381 2350 3436 2406 δὲ
3494 2351 3578 2406 καὶ
3634 2348 3787 2428 τέχνῃ

2177 2441 2276 2508 τὴν
2322 2441 2418 2507 τῆς
2473 2441 2772 2519 ἀποτυχίας
2832 2440 3095 2518 αἰσχύνην
3155 2435 3619 2511 συσκιείζοντες28
3669 2441 3786 2516 πρὸς

2175 2531 2268 2584 τὸν
2300 2536 2593 2607 Μαρεωτην
2647 2529 2746 2596 τῆς
2793 2530 2964 2584 αὐτῶν
3025 2530 3317 2605 συμμορίας
3371 2528 3784 2599 ἀποστέλλουσιν,

2179 2615 2366 2694 [1433
2396 2617 2496 2692 IL]
2531 2616 2708 2673 ἐκεῖσε
2738 2619 2835 2679 τὴν
2866 2615 3070 2695 ἴτασιν,
3101 2619 3154 2671 ἓν
3183 2620 3229 2690 ᾧ
3255 2619 3289 2684 ἡ
3322 2617 3509 2694 πρᾶξις
3550 2614 3786 2694 προῆλθε,

2176 2704 2292 2760 δέον
2324 2706 2564 2781 γενέσθαι
2623 2705 3104 2784 προφασισάμενοι,
3139 2698 3232 2766 Ὠς
3263 2703 3308 2760 δ’
3355 2703 3502 2762 εἶδεν
3559 2709 3586 2761 6
3637 2703 3787 2760 ’Δθα-

2179 2795 2356 2857 νάσιος
2436 2792 2524 2856 οθς
2607 2793 2986 2872 παρεγράψατο
3068 2791 3124 2834 99
3185 2795 3366 2872 κριτὰς
3427 2793 3788 2870 στελλομένους

2178 2880 2486 2960 (Θεογόνιος
2535 2880 2599 2930 30
2646 2883 2744 2959 γὰρ
2787 2881 2852 2947 ἧν
2908 2882 2994 2937 καὶ
3039 2883 3224 2961 Μάρης
3269 2885 3356 2939 καὶ
3400 2883 3662 2961 Θεόδωρος
3712 2884 3791 2940 καὶ

2174 2970 2499 3032 Μακεδόνως
2557 2972 2646 3026 καὶ
2706 2968 2754 3011 ³1
2819 2971 3162 3050 Ούρσάκιος),
3240 2970 3618 3051 διεμαρτύρατο
3671 2978 3788 3028 πᾶσι

2169 3061 2231 3114 τὸ
2288 3059 2741 3137 περιφανέστατον
2799 3055 2854 3099 ³9
2905 3059 2996 3115 τοῦ
3051 3059 3408 3139 ἀδικήματος,
3456 3063 3542 3117 καὶ
3570 3060 3646 3117 ὅτι
3690 3067 3788 3116 Μα-

2170 3148 2352 3224 κάριος
2411 3146 2508 3220 μὲν
2565 3150 2593 3202 6
2653 3149 2860 3224 πρῶτος
2919 3148 3018 3214 τήν
3075 3149 3282 3227 γραφὴν
3333 3150 3683 3228 ὑφιστάμενος
3736 3147 3785 3203 ἐν

2167 3233 2402 3312 σιδήροις
2441 3235 2534 3310 ἦν,
2580 3234 2826 3314 ’ἰσχύρας
2881 3233 2928 3291 δ’
2985 3239 3013 3293 6
3043 3238 3342 3315 κατήγορος
3373 3253 3493 3302 τοῖς
3523 3239 3782 3314 ἐκθὲσμοις

2165 3337 2378 3402 κριταῖς
2436 3325 2810 3386 συνετέτακτο.
2860 3315 2952 3387 Ὠς
2981 3323 3027 3380 δ’
3059 3327 3119 3381 ού
3153 3341 3446 3406 προσεῖχον
3497 3330 3530 3398 ἡ
3585 3326 3782 3391 σύνοδος

2166 3417 2252 3478 οἷς
2283 3414 2473 3490 ᾐτιᾶτο
2501 3415 2589 3470 καί
2645 3411 3015 3492 διεμαρτύρετο
3045 3412 3120 3495 ³³,
3165 3414 3431 3472 διαλαθὼν
3474 3419 3603 3496 πρὸς
3631 3419 3780 3494 βασι-

2167 3500 2286 3576 λὲα,
2316 3502 2411 3560 ἅτε
2441 3499 2505 3570 δὴ
2550 3503 2638 3558 καὶ
2683 3501 3058 3583 μετακληθεὶς²
3096 3503 3469 3584 ἀνεχώρησεν,
3509 3509 3568 3565 Οἱ
3605 3504 3657 3561 δὲ
3698 3513 3781 3562 τοῦ

2165 3591 2454 3669 Μαρεώτου
2509 3592 2682 3669 κριταὶ
2765 3592 2825 3647 ἐκ
2908 3593 3284 3671 μονομερείας,
3357 3597 3433 3658 ὥς
3491 3595 3672 3659 αὐτοῖς
3724 3595 3782 3650 τὸ

2165 3678 2354 3755 ψεύδος
2387 3680 2475 3737 καὶ
2517 3680 2546 3734 ὀ
2589 3679 2776 3759 φθόνος
2834 3678 3144 3756 ἐπέταττεν,
3204 3683 3568 3759 ὑπομνήματα
3597 3705 3781 3739 συντα-

2166 3765 2377 3842 ξάμενοι
2421 3768 2553 3844 πρὸς
2610 3767 2709 3833 τὴν
2767 3767 2983 3824 σύνοδον
3039 3767 3365 3845 ἰπανῇεσαν.
3415 3770 3562 3838 Αὕτη
3609 3771 3671 3821 54
3707 3770 3781 3852 δὲ,

2166 3857 2284 3933 πρὶν
2350 3855 2385 3923 ἢ
2444 3854 2834 3933 παραγενέσθαι
2891 3858 3132 3928 τούτους,
3195 3858 3402 3939 ἐρήμην
3488 3859 3782 3919 Ἀθανασίευ

2167 3939 2521 4018 κατεδιῄτησε
2554 3959 2570 3975 ⁸
2620 3947 3062 4023 παραγεγονότων
3130 3945 3185 4002 δὲ
3243 3949 3342 4017 τήν
3396 3971 3456 4005 τε
3500 3952 3783 4023 καθαίρεσιν

2167 4030 2506 4110 ἐπεκύρωσαν
2566 4036 2660 4088 καὶ
2721 4031 3012 4110 λοιδορίαις
3064 4035 3392 4102 ἐπηύξησαν,
3447 4040 3546 4098 Καὶ
3588 4061 3782 4118 παραυ-

2167 4120 2289 4176 τίκα
2344 4122 2475 4198 πρὸς
2559 4121 2659 4188 τὴν
2743 4123 3056 4199 καθιέρωσιν
3140 4129 3238 4190 τῆς
3298 4124 3352 4180 ἐν
3407 4126 3784 4206 Ἰεροσολύμοις

2166 4207 2455 4276 ἐκκλησίας
2515 4212 2561 4265 ol
2599 4212 2659 4265 τὸ
2703 4212 3026 4290 ίερουργικὸν
3075 4211 3127 4277 ἐξ
3154 4216 3230 4268 ὧν
3260 4212 3488 4292 ἔπραξαν
3519 4217 3784 4294 ἀνοσιουρ-

2163 4299 2429 4374 γήσαντες
2483 4297 2685 4374 σπουδῇ
2767 4302 3165 4379 παραγίνοντοι,
3254 4304 3353 4360 Καὶ
3427 4306 3521 4360 τὸν
3580 4304 3786 4381 ’Ἄρειον

2163 4384 2450 4446 ἐπιστάντα
2509 4388 2557 4444 oi
2611 4387 2710 4462 μὲν
2768 4391 2885 4466 περὶ
2951 4387 3193 4448 Εὐσέϐιον
3263 4391 3509 4466 ἀσμένως
3565 4391 3785 4470 προσδέ-

437 4466 525 4560 ita
548 4463 1144 4560 geruntur,_reddita
1176 4475 1315 4560 sunt
1341 4456 1722 4560 imperatoris
1753 4468 1988 4543 littera,
2013 4479 2079 4531 ut

2176 4497 2386 4553 (ονται,
2446 4476 2496 4532 οἱ
2540 4456 2748 4542 δὲῄτῆς
2806 4456 2962 4554 ὀρθῆς
3045 4456 3463 4560 ἀπεστράφησαν
3496 4456 3500 4457 7
3537 4456 3778 4558 πίστεως,

434 4555 794 4616 Athanasius
823 4553 895 4613 ad
928 4551 1123 4650 ipsum
1150 4553 1400 4650 veniret,
1430 4556 1740 4633 jubentes,
1778 4568 1839 4617 et
1867 4559 2073 4620 Ariani

2176 4551 2424 4644 θρίσαντες
2483 4563 2537 4618 ὶν
2586 4551 2954 4640 Ἀλεξανδρείᾳ
2994 4568 3086 4623 τὸν
3149 4551 3309 4647 λόγον
3362 4569 3589 4650 ὑπέχειν
3631 4575 3704 4627 ὧν
3732 4551 3782 4627 ἐν

433 4661 674 4724 quoque
707 4641 1148 4736 quamprimum
1179 4642 1755 4736 Constantinopolim
1775 4647 2070 4710 venirent.

2176 4638 2295 4724 ιίτίᾳ
2326 4653 2634 4709 καθίσταται
2669 4670 2687 4688 ο
2736 4652 2789 4708 ἐν
2883 4659 2970 4710 καί
2997 4655 3063 4706 55
3089 4638 3666 4736 παραγεγονὼξὲάλω.
3699 4660 3780 4717 Ἐν

431 4734 536 4797 Hae
567 4735 780 4795 littera
812 4730 1155 4829 maestitiam
1190 4731 1412 4811 synodo
1447 4743 1836 4829 pepererunt:
1859 4733 2074 4807 Quam-

2176 4740 2356 4803 ῖούτοις
2433 4740 2488 4796 δὲ
2561 4747 2667 4796 τῶν
2748 4746 3127 4819 πραττομένων
3201 4746 3526 4818 κινουμένων
3608 4749 3780 4829 φθάνει

431 4823 637 4883 obrem
673 4819 912 4901 plurimi
935 4819 1176 4880 domum
1204 4820 1462 4897 regressi
1495 4830 1635 4881 sunt
1665 4820 1954 4883 Eusebius
1980 4841 2071 4885 ve-

2176 4829 2445 4905 γράμματα
2500 4831 2593 4884 τοῦ
2647 4830 2933 4912 βασιλέως³
2993 4836 3080 4890 καὶ
3139 4834 3452 4892 Ἀθανάσιον
3513 4819 3783 4915 πρὸςαύ-

428 4927 496 4971 ro
528 4919 588 4970 et
615 4909 997 4988 Theogonius
1031 4909 1268 4969 interim
1302 4907 1386 4969 ibi
1418 4928 1643 4971 moram
1682 4911 1922 4972 trahere
1956 4912 2066 4974 de-

2176 4919 2244 4971 :6v
2298 4916 2711 4994 ἀπαγγέλλοντα
2771 4918 2924 4986 ἥκειν
2983 4925 3070 4979 καὶ
3127 4922 3317 4986 αὐτοὺς
3367 4924 3451 4981 ἐπὶ
3503 4927 3602 4991 τὴν
3630 4927 3784 5003 βασι-

427 5006 768 5074 creverunt,
805 4996 1095 5077 temporis
1143 5014 1313 5060 mora
1342 5001 1577 5063 solvere
1606 5017 1928 5062 marorem
1959 5019 2065 5063 co-

2176 5002 2267 5059 ,ίδα
2317 5005 2704 5084 παραγενέσθαι
2739 5022 2754 5037 ⁸
2821 5011 2907 5067 καὶ
2964 5013 3037 5074 εἰς
3099 5011 3332 5091 ἀγωνίαν
3391 4996 3654 5087 ἐμϐάλλει
3690 5019 3785 5082 τὴν

427 5085 707 5164 gitantes.
2149 5091 2391 5154 σύνοδον.
2458 5095 2551 5151 Διὸ
2613 5098 2661 5150 οἱ
2725 5095 2942 5163 πλείους
3003 5101 3101 5178 μὲν
3151 5085 3332 5160 ἀὐτῶν
3366 5085 3439 5167 εἷς
3498 5105 3564 5160 τὰ
3623 5106 3789 5163 οἰκεῖα

1737 5267 1831 5332 VA
1842 5268 1991 5332 ΓιΙᾹΒ
2047 5265 2366 5334 LECTION
2372 5269 2479 5335 ES.

504 5365 560 5410 9³
588 5368 966 5464 περιεγράφὶἱο
993 5369 1113 5464 ςέο
1163 5368 1224 5420 24
1252 5369 1616 5464 ἃπρῌξεχθῆναι
1646 5374 1727 5448 ς,
1902 5377 2416 5464 ἀντιπαεξτίθει-καῖ
2477 5377 3062 5464 ἀντιπρουϐςὶλλετοΔ
3149 5383 3212 5435 26
3254 5387 3327 5450 είς
3361 5385 3433 5464 δὲ]
3464 5386 3585 5444 ἀλλ’
3618 5389 3690 5451 εἷς
3720 5388 3783 5449 Β.

421 5443 482 5496 97
532 5443 864 5525 κατηγορίαν
883 5449 944 5522 ς’
948 5487 968 5508 .
1050 5445 1114 5500 ΞΒ
1161 5443 1529 5520 συσκιάζοντες
1580 5443 2028 5527 Αίσκευάζοντες
2093 5443 2176 5529 .
2263 5455 2325 5508 29
2373 5479 2539 5538 προεγ
2576 5443 2748 5533 ἅψατο
2795 5461 2870 5522 Α.
2955 5458 3010 5504 ³ο
3051 5443 3328 5544 δεογένιος
3535 5443 3586 5511 3‘

421 5542 586 5585 rum.
645 5528 742 5584 καί
780 5525 918 5585 add.
967 5527 1049 5585 Α.
1132 5527 1188 5572 53
1231 5531 1704 5585 περιφανέστατονῖ
1752 5533 1951 5585 malim
2002 5535 2290 5585 πεοιωανέε
2335 5559 2410 5585 τε.
2502 5481 2961 5585 θθρδιειιαητιέηηφη
3010 5542 3073 5585 Γ·
3179 5543 3233 5585 34
3263 5546 3391 5585 ...κη
3453 5547 3516 5585 τ’
3621 5545 3676 5585 35
3705 5547 3782 5585 ..ηἶ

421 5528 742 5671 ιὲἓῐιᾟκαί
780 5525 918 5590 add.
967 5527 1049 5593 Α.
1132 5527 1188 5572 ⁵³
1231 5525 1704 5614 περιφανέστατον]
1752 5525 1955 5598 malim
2002 5525 2290 5616 περῖφανές
2335 5525 2428 5600 τεί
2502 5525 2555 5585 δέ
2585 5525 2961 5619 δίεμαρτύρατο
3010 5542 3073 5615 ς·
3079 5589 3092 5603 .
3169 5525 3233 5589 ’³4
3262 5525 3535 5621 αόττζ.
3621 5525 3788 5603 3έ-ιιαὶ
