4008 6210
480 333 590 398 147

1673 327 1941 392 PHOTII
1983 304 2502 389 PATRIARCH/E
2543 276 2659 387 op.

3724 322 3827 392 148

474 468 578 551 qui
609 484 813 533 secum
843 465 1161 537 sentirent,
1192 481 1428 526 summo
1460 461 1673 526 dolore
1704 479 1839 524 sese
1861 460 2122 523 allectu-

2225 461 2580 525 ἰωνστάντιος
2638 457 2709 551 δὲχ
2752 459 3041 539 προθύμως
3085 482 3143 518 τε
3188 460 3275 518 καὶ
3320 460 3412 518 σὺν
3453 457 3621 538 ἡδονῇ
3668 459 3833 540 ἐπηγ-

474 577 632 623 rum.
660 555 867 639 Itaque
897 557 1246 636 imperator,
1279 554 1387 616 viri
1440 552 1818 632 prudentiam
1852 551 2123 615 admira—

476 655 593 724 tus,
628 666 698 710 ac
751 644 1085 720 solertiam,
1138 663 1300 718 eum,
1355 660 1572 721 magno
1625 640 1859 705 honore
1891 640 2123 712 habito,

481 737 774 801 dimittit:
832 734 1111 797 scribens
1166 733 1347 795 etiam
1404 730 1732 810 (Nestorio)
1787 731 2123 811 Augustali,

478 826 639 890 inter
669 833 883 888 caetera
912 834 978 888 ut
1005 842 1220 903 magno
1253 822 1481 887 bonorc
1517 840 1653 883 eum
1685 819 2036 897 deduceret,
2070 831 2131 884 et

481 915 681 981 omnia
737 930 870 995 qua!
924 912 1058 994 ipse
1112 911 1526 992 Constantius,
1591 919 1650 972 et
1681 909 1889 973 Ariani
1918 919 2129 972 contra

482 1005 652 1069 illum
709 1001 1084 1077 statuissent,
1147 1004 1315 1065 irrita
1374 999 1628 1063 haberet
1682 999 1880 1081 :quin
1911 1007 1971 1062 et
1998 1000 2127 1063 cle-

480 1114 615 1158 rum
676 1094 802 1173 ejus
854 1095 1128 1156 eamdem
1180 1091 1356 1173 jubet
1415 1088 1690 1152 obtinere
1745 1089 2119 1170 dignitatem,

481 1184 947 1265 libertatemque
1026 1200 1125 1245 res
1202 1199 1407 1244 sacras
1496 1176 1740 1262 publice
1829 1179 2125 1243 adminis-

484 1273 704 1339 trandi.

562 1452 927 1518 Athanasius
954 1450 1154 1532 itaque
1183 1468 1317 1513 cum
1356 1448 1732 1529 pervenisset
1771 1447 2123 1532 Hierosoly-

487 1562 672 1619 mam,
704 1541 960 1607 Maximo
993 1540 1277 1622 episcopo
1309 1549 1367 1602 et
1428 1538 1785 1613 confessori,
1821 1548 1960 1602 nota
1991 1539 2131 1602 facit

486 1642 623 1697 acta
673 1630 1050 1697 Sardicensis
1106 1630 1370 1705 concilii,
1434 1629 1715 1713 quodque
1746 1629 2132 1692 Constantius

486 1725 814 1805 imperator
875 1740 1016 1802 erga
1072 1739 1138 1784 se
1194 1720 1348 1783 bene
1411 1720 1708 1782 animatus
1766 1720 1863 1783 sit.
1900 1719 2132 1785 Deinde

490 1818 813 1893 congregat
867 1809 1157 1892 synodum
1234 1809 1699 1891 episcoporum,
1770 1828 1901 1890 qum
1958 1809 2133 1872 beato

490 1901 816 1967 Athanasio
846 1911 905 1965 et
933 1903 1423 1964 communionem
1458 1909 1516 1962 et
1565 1899 1915 1979 dignitatem
1965 1899 2130 1980 epis-

491 1992 763 2073 copalem
813 1991 1110 2064 decernit,
1171 1996 1230 2053 et
1281 1989 1492 2053 scribit
1538 1990 1664 2069 ipsa
1696 1989 1960 2070 synodus
1989 1988 2132 2052 Ale-

492 2081 847 2163 xandrinis,
923 2089 983 2143 et
1045 2080 1325 2143 omnibus
1395 2081 1455 2141 in
1513 2079 1762 2160 Egypto
1820 2087 1879 2141 et
1954 2078 2130 2160 Libya

492 2171 816 2255 episcopis,
872 2189 1008 2249 qua;
1061 2170 1138 2233 de
1188 2168 1520 2233 Athanasio
1568 2169 1811 2232 decreta
1840 2177 2043 2232 essent
2076 2177 2135 2232 et

491 2273 681 2346 gesta.

573 2353 936 2418 Athanasius
984 2362 1182 2416 autem
1216 2350 1641 2415 Alexandriam
1675 2370 1809 2414 cum
1843 2351 2132 2428 venisset,

496 2453 833 2510 conventus
852 2443 1274 2525 episcoporum
1299 2441 1358 2503 in
1384 2441 1637 2523 Ευριο
1662 2441 1943 2523 egit,quae
1962 2461 2136 2524 syno—

496 2536 613 2598 dus
646 2532 1066 2597 consentiebat
1093 2531 1167 2593 iis
1197 2549 1330 2610 quae
1362 2531 1425 2592 in
1457 2530 1800 2593 Sardicensi
1833 2539 1893 2592 et
1920 2531 2135 2594 Hiero-

495 2624 844 2704 solymitana
863 2620 1090 2702 synodo
1113 2620 1359 2682 decreta
1382 2628 1601 2681 essent.
1620 2620 1763 2700 Sed,
1795 2621 2135 2701 Magnentio

495 2713 868 2795 tyrannidem
899 2711 1237 2785 atl‘ectante,
1286 2718 1345 2772 et
1393 2708 1717 2772 Constante
1751 2712 2136 2790 interempto,

495 2803 709 2870 Ariani
732 2802 948 2864 iterum
970 2799 1180 2863 dolose
1220 2807 1429 2861 contra
1448 2799 1843 2863 Athanasium
1868 2801 2137 2862 concita-

500 2899 645 2957 runt
670 2890 1106 2965 Constantium,
1151 2908 1222 2951 ac
1250 2907 1459 2952 rursus
1486 2887 1674 2970 impia
1703 2888 1967 2965 decreta,
2001 2909 2137 2952 rur-

496 3003 601 3048 sus
631 2984 788 3065 fuga,
815 2999 1023 3045 rursus
1051 2978 1388 3062 inquisitio,
1415 2987 1474 3042 et
1498 2979 1691 3042 sancti
1720 2980 1784 3042 tit
1812 2980 2137 3062 indagatio.

502 3074 794 3154 Georgius
815 3089 958 3134 vero
979 3069 1402 3133 Alexandrina:
1422 3068 1707 3132 Ecclesia;
1726 3069 2139 3141 invasorjtem

2207 550 2426 631 γείλατο
2460 570 2473 585 ·
2520 542 2709 630 ἠγνόει
2735 549 2789 605 δὲ
2833 549 2932 631 ἄρα
2978 548 3159 608 λυπῶν
3205 551 3267 608 τὰ
3298 550 3524 628 μέγιστα
3554 552 3669 617 τοὺς
3708 552 3837 627 ὀμό-

2209 664 2430 721 φρονας.
2467 638 2616 709 Πλὴν
2647 638 3013 721 καταπλαγεὶς
3062 641 3161 711 τὴν
3211 642 3305 697 τοῦ
3364 638 3678 703 Ἀθανασίου
3719 664 3838 698 συν-

2213 732 2320 788 εσίν
2374 753 2430 788 τε
2478 733 2568 789 καὶ
2612 729 2923 810 ἆγχίνοιαν,
2969 733 3043 794 ὡς
3089 730 3425 810 προείρηται,
3487 731 3623 806 μετὰ
3676 732 3841 798 nam

2212 820 2367 889 δόξης
2414 822 2502 878 καὶ
2561 820 2726 894 τιμῆς
2801 819 3089 900 ἐκπέμπει,
3157 820 3375 901 γράφων
3435 822 3523 876 καὶ
3579 821 3704 897 πρὸς
3758 822 3833 878 τὸν

2210 909 2604 990 Αὖγουστάλιον
2636 909 2825 991 [1444
2869 909 2966 988 8.]
3026 912 3091 969 τά
3121 932 3179 968 τε
3210 909 3347 967 ἄλλα
3376 908 3463 966 διὰ
3493 908 3844 986 σεϐασμιότηιο

2210 1023 2299 1064 τος
2346 999 2495 1080 ἄγειν
2542 1003 2723 1077 αὖτὸν,
2759 1001 2847 1057 καὶ
2876 1001 3072 1074 πάντα,
3105 1000 3193 1066 οἷς
3238 999 3397 1058 αὖτὸν
3446 1000 3602 1064 αὐτός
3661 1021 3716 1057 τε
3755 1000 3841 1058 καί

2209 1092 2255 1148 οἱ
2301 1091 2393 1148 σὺν
2437 1090 2581 1166 αὐτῷ
2640 1092 3104 1172 κατεψηφίσαντο,
3172 1092 3227 1147 τό
3285 1091 3476 1169 ἄκυρον
3553 1090 3640 1147 καὶ
3696 1090 3843 1147 ἆνεν-

2211 1180 2437 1260 έργητον
2488 1180 2662 1261 ἔχειν,
2697 1179 2838 1238 ἀλλά
2871 1202 2932 1259 γε
2960 1178 3027 1249 δὴ
3071 1180 3162 1239 καί
3194 1183 3280 1238 τὸν
3309 1180 3402 1237 ὑπ’
3450 1181 3594 1256 αὐτῷ
3627 1179 3687 1230 ἠ
3713 1178 3842 1247 χλῆ-

2209 1293 2299 1350 ρον
2341 1271 2441 1339 τὴν
2484 1269 2745 1349 προτέραν
2776 1273 2943 1344 τιμήν
2988 1272 3075 1329 καὶ
3117 1270 3298 1339 πάσης
3351 1268 3615 1347 δημοσίου
3657 1270 3843 1351 ὃπηρε-

2208 1363 2324 1425 σίας
2368 1358 2660 1418 ἀναλαϐεῖν
2691 1361 2787 1430 τὴν
2818 1360 3138 1440 ἐλευθερίαν.

2297 1448 2622 1510 Καταλαῦὼν
2684 1452 2774 1509 οὖν
2816 1452 2845 1508 δ
2898 1449 3227 1516 Ἀθανάσιος
3271 1451 3336 1509 τὰ
3368 1441 3730 1530 Ἰεροσόλυμα,
3759 1451 3843 1507 καί

2213 1540 2438 1617 Μαξίμῳ
2486 1548 2563 1617 τῷ
2613 1542 2864 1622 ἀρχιερεῖ
2911 1551 3004 1601 τοῦ
3035 1549 3167 1599 Θεοῦ
3196 1543 3284 1599 καὶ
3315 1540 3634 1618 ὁμολογητῇ
3670 1540 3841 1597 συνελ-

2213 1632 2316 1689 θὼν
2361 1633 2436 1696 εἷς
2496 1628 2619 1707 ὄψιν
2673 1654 2732 1687 τε
2776 1633 2865 1688 καὶ
2918 1630 3152 1705 ὁμιλίαν⁹
3190 1632 3255 1688 τά
3295 1652 3348 1688 τε
3387 1631 3442 1688 ἐν
3474 1629 3708 1709 Σαρδιαῇ
3735 1629 3843 1686 δια-

2216 1721 2567 1799 πεπραγμένα
2621 1722 2710 1779 καὶ
2762 1723 2834 1784 ὡς
2884 1723 3016 1801 πρὸς
3062 1721 3222 1778 αὺτὸν
3259 1720 3629 1785 Κωνστάντιος
3659 1720 3847 1787 διετέθη

2218 1808 2685 1887 ἂναδιδαξάμενος,
2758 1810 2973 1867 σύνοδον
3047 1810 3294 1889 ἀθροῖσαι
3369 1810 3462 1867 τὸν
3523 1810 3848 1888 ὁμολογητὴν

2215 1900 2667 1979 καταπράττεται.
2734 1901 2831 1957 Καὶ
2883 1900 2916 1969 ἡ
2965 1897 3179 1961 σύνοδος
3223 1901 3300 1975 τῷ
3354 1902 3647 1975 θαυμαστῷ
3689 1898 3849 1962 Ἀθα-

2216 1992 2378 2065 νασίῳ
2412 1990 2497 2046 καὶ
2530 1990 2626 2056 τὴν
2685 1990 2964 2046 κοινωνίαν
3005 1990 3094 2046 καὶ
3144 1992 3205 2048 τὸ
3261 1988 3645 2071 ὰρχιερατικὸν
3703 1989 3847 2055 ἆξίωυ

2216 2103 2291 2158 μα
2324 2080 2705 2160 ἐπιψηφίζεται
2746 2075 2832 2160 75,
2885 2081 2975 2136 καὶ
3017 2080 3207 2160 γράφει
3261 2094 3381 2144 τοῖς
3414 2079 3469 2134 ἐν
3501 2077 3850 2155 Ἀλεξανδρείᾳ

2214 2172 2303 2227 καὶ
2332 2170 2480 2246 πάσῃ
2513 2168 2580 2245 τῇ
2611 2190 2669 2225 τε
2710 2170 2967 2247 Αἰγύπτῳ
3009 2170 3099 2227 καὶ
3142 2167 3313 2248 Λιϐύῃ
3365 2169 3397 2226 ἃ
3454 2174 3585 2249 περὶ
3627 2167 3843 2230 Ἀθανα-

2219 2262 2331 2316 σίου
2362 2258 2500 2337 ἔγνω
2530 2280 2587 2315 τε
2620 2257 2716 2315 καί
2745 2258 3083 2337 διεπράξατο.

2303 2340 2360 2408 Ὀ
2418 2346 2471 2405 δὲ
2530 2362 2778 2426 γενναῖος
2838 2352 2992 2413 οὗτος
3065 2348 3301 2418 ἀθλητὴς
3364 2351 3432 2427 τῇ
3493 2346 3849 2424 Ἀλεξανδρείᾳ

2218 2438 2437 2504 ἐπιστὰς
2494 2439 2693 2510 καθίζει
2748 2438 2845 2495 καί
2906 2440 3063 2503 αὐτὸς
3120 2439 3421 2520 ἆργιερέων
3482 2439 3537 2506 ἐξ
3590 2438 3849 2515 Αἰγύπτου

2219 2551 2275 2585 τε
2304 2530 2393 2585 καὶ
2451 2525 2649 2595 Λιϐύης
2712 2526 2975 2605 σύλλογον
3005 2547 3020 2562 ⁸
3054 2528 3142 2586 καὶ
3193 2529 3328 2596 αὕτη
3379 2530 3475 2591 τὰς
3538 2529 3719 2605 ὁμοίας
3771 2526 3851 2583 καὶ

2220 2615 2659 2695 ἀπαραλλάκτους
2715 2618 2927 2697 ψήφους
2993 2632 3116 2684 ταῖς
3184 2617 3237 2675 ἓν
3283 2616 3523 2697 Σαρδικῇ
3565 2621 3655 2675 καί⁵
3696 2619 3747 2674 ἐν
3796 2613 3852 2665 ῗθ

2224 2700 2613 2787 Ἰεροσολύμοις
2673 2705 2908 2772 συνόδοις
2962 2710 3273 2789 ψηφίζεται.
3329 2709 3511 2772 Ἀλλᾶ
3570 2711 3667 2789 γὰρ
3711 2716 3846 2786 May-

2231 2797 2424 2854 vcvriou
2482 2795 2739 2870 τυραννίδι
2825 2797 3139 2873 ἐπιθεμένου
3217 2800 3306 2856 καὶ
3369 2801 3463 2857 τὸν
3520 2799 3854 2877 βασιλεύοντα

2222 2892 2321 2955 τῆς
2378 2886 2589 2951 Δύσεως
2648 2884 3066 2967 διαφθείραντος,
3115 2890 3162 2946 οἱ
3226 2887 3279 2954 ἐξ
3344 2891 3537 2968 ᾼρείου
3579 2888 3734 2946 πάλιν
3778 2890 3854 2943 τὸν

2224 2977 2494 3054 κονιορτὸν
2559 2977 2925 3035 Κωνστάντιον
2986 2979 3119 3034 κατὰ
3176 2986 3267 3035 τοῦ
3343 2976 3649 3038 πολυάθλου
3702 2974 3853 3054 ἀναῤ-

2221 3067 2523 3145 ριπίζουσι⁹
2585 3067 2681 3123 καί
2743 3064 2906 3126 πάλιν
2959 3067 3024 3123 τα
3082 3072 3182 3137 τῆς
3227 3066 3849 3147 ἀσεϐείας-ψηφίσματα,

496 3153 774 3241 Acacius,
806 3170 866 3224 et
888 3159 1269 3240 Patrophilus
1317 3167 1647 3221 sectatores
1677 3160 1834 3240 Arii,
1867 3170 2136 3221 sanctum

2225 3156 2311 3211 καὶ
2341 3153 2507 3211 πάλιν
2537 3157 2703 3236 φυγὴ,
2736 3156 2821 3212 καὶ
2852 3155 3013 3212 πάλιν
3056 3156 3260 3235 ἔρευνα,
3322 3159 3410 3215 καὶ
3454 3158 3619 3215 πάλιν
3666 3158 3853 3228 ἀναζή-

494 3232 816 3315 Maximuin
839 3232 1442 3330 Hierosolymitanum
1469 3232 1917 3329 expulerunt,et
1948 3247 2136 3328 Cyril-

2225 3267 2404 3312 τησις.
2471 3232 2576 3303 Kal
2622 3232 2705 3313 δὴ
2759 3247 2851 3302 καὶ
2916 3232 3179 3326 Γιώργιος
3235 3249 3262 3304 ὁ
3320 3253 3421 3316 τῆς
3481 3245 3853 3325 Ἀλεξανδρεων

503 3344 626 3405 lum
657 3336 1422 3417 substituerunt.Georgius
1444 3353 1586 3399 vero
1612 3346 1699 3400 tot
1722 3337 1878 3401 mala
1895 3337 2145 3401 Alexan-

504 3431 653 3495 dria)
702 3429 923 3505 intulit,
976 3435 1043 3501 ut
1090 3446 1161 3490 ea
1211 3447 1348 3509 quae
1376 3427 1438 3489 in
1470 3427 1843 3491 Christianos
1873 3427 2147 3491 fecerunt

504 3520 752 3597 ethnici,
788 3518 1048 3581 humana
1064 3524 1259 3598 putes.
1294 3516 1470 3579 Novae
1486 3517 1898 3598 excogitantur
1929 3537 2143 3598 paena,

502 3609 639 3688 igni
663 3607 925 3688 virgines
952 3605 1130 3668 nuda)
1158 3604 1704 3686 apponebantur,et
1736 3625 1895 3669 mors
1925 3608 2146 3669 multos

502 3699 679 3774 alios,
719 3704 779 3760 et
801 3696 916 3758 vita
943 3704 1003 3757 et
1034 3712 1211 3778 paena
1241 3693 1861 3775 eripuit.Exsulabant
1883 3696 1944 3757 in
1971 3696 2148 3778 [Egy-

2226 3333 2434 3396 πόλεως
2495 3336 2735 3408 ἁρπάσας
2794 3337 2884 3393 τὸν
2942 3338 3152 3417 θρόνον,
3186 3336 3295 3406 ἅμα
3327 3352 3446 3403 τοῖς
3480 3340 3599 3417 περὶ
3630 3337 3853 3395 Δκάκιον

2226 3427 2313 3482 καὶ
2350 3424 2727 3508 ΔΠιτρόςριλον,
2782 3428 2829 3483 ol
2875 3431 2970 3493 της
3032 3417 3222 3505 Ἀρείου
3265 3428 3516 3508 φατρίας,
3563 3427 3850 3497 ἔξωθήσαν-

2231 3535 2315 3579 τες
2347 3503 2733 3594 Ἱεροσολύμων
2790 3517 2880 3573 τὸν
2939 3516 3289 3596 ὁμολογητὴν
3351 3518 3595 3593 Μάξιμον
3655 3518 3854 3574 ἂντεισ-

2228 3605 2414 3684 άγουσι
2459 3604 2739 3687 Κύριλλον.
2798 3604 2861 3664 Ὀ
2918 3603 2973 3661 δὲ
3031 3605 3092 3656 77
3149 3606 3407 3676 δυσσεϐὴς
3468 3609 3730 3687 Γεώργιος
3771 3625 3855 3660 το-

2231 3696 2434 3753 σούτων
2462 3694 2527 3743 78
2554 3695 2647 3763 τὴν
2683 3683 3049 3770 Ἀλεξανδρέων
3098 3696 3360 3764 ὲνέπλησε
3415 3683 3642 3772 κακῶν(
3678 3700 3747 3757 ὼς
3800 3694 3859 3749 τὰ

505 3796 604 3872 pto
638 3785 882 3867 triginta
907 3783 1025 3847 duo
1056 3783 1355 3864 episcopi,
1391 3792 1449 3846 et
1479 3784 1846 3848 sacerdotes.

2230 3797 2347 3850 τοῖς
2378 3786 2391 3807 ⁸
2413 3782 2614 3852 Ελλησι
2673 3787 2811 3842 κατὰ
2844 3792 3171 3865 Χριστιανῶν
3207 3787 3543 3865 τολμηθέντα
3573 3787 3857 3869 φιλανθρω-

503 3881 627 3937 πίαν
693 3877 1017 3952 νομίζεσθαι.
1080 3876 1327 3950 Λίκισμοί
1385 3896 1441 3931 τε
1496 3880 1597 3954 γὰρ
1655 3875 1921 3951 σωμάτων
1978 3888 2194 3940 καιναῖς
2261 3874 2519 3938 ἐπινοίαις
2564 3875 2860 3954 ἀφορήτους
2920 3875 3167 3956 φέροντες
3225 3878 3319 3942 τὰς
3379 3877 3679 3957 ἀλγηδόνας
3733 3894 3858 3932 κατ-

508 3967 737 4039 έξαινον,
798 3964 891 4023 καί
950 3971 1051 4041 πῦρ
1106 3977 1339 4039 γυμναῖς
1396 3977 1520 4025 ταῖς
1594 3964 1873 4042 παρθένοις
1930 3964 2308 4045 προσεφέρετο,
2374 3965 2460 4020 καὶ
2538 3964 2758 4031 θάνατος
2813 3963 2876 4015 79
2929 3966 3160 4033 πολλοὺς
3232 3964 3424 4032 ἄλλους
3490 3969 3577 4025 καὶ
3631 3969 3719 4025 τεῦ
3775 3969 3860 4039 ζῇν

502 4056 647 4137 [⁸787
710 4050 811 4135 1-1.]
869 4054 965 4109 καί
1018 4054 1116 4119 τῆς
1175 4053 1429 4129 τιμωρίας
1485 4050 1596 4126 ἅμα
1652 4053 1719 4104 80
1766 4051 2049 4131 ἐξήρπαξε·
2097 4055 2348 4133 γεγόνασι
2400 4054 2488 4110 καὶ
2538 4055 2804 4134 ὑπερορίαι
2860 4061 2967 4113 τῶν
3015 4058 3152 4113 κατὰ
3208 4057 3307 4125 τὴν
3366 4056 3642 4136 Αἴγυπτον
3696 4054 3862 4134 ἱερέων

501 4167 560 4203 τε
593 4144 685 4201 καὶ
724 4139 1023 4223 ἀρχιερέων
1052 4139 1140 4197 δύο
1172 4142 1257 4197 καὶ
1302 4141 1615 4217 τριάκοντα.

589 4230 772 4291 483a
805 4228 1215 4307 Constantius,
1250 4246 1385 4290 cum
1432 4227 1664 4291 videret
1710 4248 1778 4293 se
1796 4231 1921 4311 jam
1955 4232 2136 4293 fratri:

2317 4230 2378 4291 Ὀ
2434 4230 2490 4289 δὲ
2549 4234 2917 4298 Κωνστάντιος
2962 4232 3283 4312 προσλαϐὼν
3325 4237 3415 4293 καὶ
3456 4237 3560 4305 τὴν
3620 4233 3865 4313 τάδελνροῦ

504 4318 824 4401 imperium
846 4314 1320 4396 nactum,episco
1329 4334 1435 4397 pos
1458 4314 1880 4382 Occidentales
1902 4329 2136 4384 conatui

2235 4322 2441 4404 ἀρχὴν;
2486 4323 2573 4404 καὶ
2615 4325 2735 4386 τοὺς
2782 4321 3092 4398 Ἐσπερίους
3124 4326 3447 4389 ἐπισκόπους
3493 4326 3761 4403 μεθέλκειν
3790 4320 3863 4385 εἴς

503 4407 820 4479 inducere,
855 4412 921 4467 ut
948 4404 1337 4467 Athanasium
1363 4406 1861 4487 condemnarent,
1899 4419 1958 4473 et
1983 4412 2136 4474 Aria-

2234 4435 2291 4470 τε
2362 4414 2461 4481 τὴν
2530 4402 2826 4473 Ἀθανασίου
2910 4416 3222 4493 κατάκρισιν
3299 4417 3387 4473 καὶ
3463 4419 3534 4479 εἰς
3596 4418 3692 4483 τὴν
3745 4410 3863 4470 ἰδίαν

505 4514 646 4562 nam
678 4503 903 4558 sectam
948 4494 1354 4576 susciperent,
1383 4505 1446 4559 et
1477 4508 1789 4579 propterea
1822 4502 2136 4564 concilium

2235 4502 2556 4560 ἐσπούδανεν
2589 4503 2647 4561 αἵ
2833 4520 2848 4536 ⁸
2896 4502 2963 4559 δ’
3078 4507 3092 4525 ‘
3174 4505 3187 4525 '
3255 4503 3284 4557 δ
3401 4503 3470 4561 δ’
3616 4514 3635 4524 ⁵
3841 4501 3852 4516 ’

2469 4548 2496 4576 .,
2652 4526 2798 4581 ρεσιν
2930 4527 2977 4560 ιο
3008 4526 3095 4561 και
3128 4528 3251 4562 συνο
3285 4527 3343 4561 ον
3433 4529 3485 4562 ια
3542 4528 3705 4564 ταυτα
3741 4522 3865 4560 κατα

507 4583 902 4651 convocabat.
957 4582 1281 4648 Mediolani
1339 4584 1402 4646 in
1445 4584 1637 4649 Italiae
1678 4588 1933 4666 civitate,
1970 4590 2136 4653 etiau

2239 4591 2563 4651 Μεδιόλανον
2621 4593 2779 4651 πόλιν
2845 4599 2941 4662 τῆς
3011 4592 3237 4660 Ἰταλίας
3284 4595 3531 4671 ἀθροίζει.
3587 4595 3683 4655 Καί
3731 4613 3862 4654 τινας

508 4675 729 4740 multos
782 4674 872 4765 in_
903 4691 1073 4765 suam
1103 4674 1472 4765 sententiam
1505 4675 1785 4765 traduxit.
1834 4680 2136 4762 Dionysiu:

2235 4682 2334 4759 μὲν
2379 4685 2507 4763 πρὸς
2538 4683 2598 4741 τὸ
2629 4685 2833 4740 οἰκεῖον
2860 4682 3161 4765 διαστρέφει
3193 4682 3467 4761 βούλημα·
3496 4686 3761 4746 Διονύσιος
3787 4678 3852 4759 δὲῒ

503 4772 798 4849 autem,et
827 4761 1146 4840 Eusebius,
1176 4763 1526 4843 Rhodanus,
1549 4764 1860 4845 Paulinus,
1893 4761 2136 4847 Lucifer,

2235 4774 2323 4831 καὶ
2368 4761 2637 4846 Εύσέὸιος,
2671 4774 2761 4830 καὶ
2791 4761 3061 4844 Ῥοδανὸς,
3090 4761 3378 4841 *Παυλῖνός
3412 4796 3468 4831 τε
3500 4778 3589 4833 καὶ
3622 4772 3861 4848 Λουκίφερ

507 4855 666 4944 piam
687 4855 1046 4944 sententiam
1060 4870 1198 4917 cum
1213 4851 1499 4944 deserere
1514 4854 1967 4941 nollent,neque
1988 4860 2136 4922 dam.

2234 4865 2298 4922 τὸ
2327 4866 2528 4921 οἰκεῖον
2556 4863 2772 4931 καὶτῆς
2821 4860 3086 4928 εὐσεϐείας
3150 4866 3229 4939 μὴ
3276 4862 3682 4944 καθυϐρίσαντες
3735 4859 3859 4941 φρό-

507 4942 642 5007 nari
665 4942 1055 5008 Athanasium
1085 4943 1462 5007 sustinerent
1523 4945 1830 5027 (videbant
1861 4949 2021 5012 enim
2056 4951 2155 5014 in-

512 5032 755 5097 teritum
787 5033 929 5096 fidei
954 5052 1090 5097 cum
1115 5034 1432 5098 Athanasii
1463 5035 1705 5100 interitu
1743 5056 1877 5101 esse
1909 5040 2157 5119 conjun-

511 5122 726 5204 ctum),
759 5122 1094 5186 Ariminum
1128 5123 1187 5186 in
1220 5124 1495 5190 exsilium
1520 5126 2156 5209 ablegantur.Sanctus

513 5219 711 5302 autem
725 5211 1252 5290 Athanasius,cum
1273 5214 1488 5279 iterum
1504 5220 1894 5302 comperisset
1908 5220 2157 5287 Arianos

512 5301 578 5366 in
600 5319 667 5368 se
690 5302 1011 5385 quaerendo
1033 5304 1291 5387 amplius
1311 5309 1592 5387 grassari,
1626 5301 1801 5392 atque
1824 5310 2154 5393 crudelius,

2237 4973 2409 5031 νημα,
2441 4949 2537 5007 καὶ
2583 4948 2674 5008 οὒδ
2738 4951 3050 5009 ’Δθανασίου
3106 4960 3448 5030 καταγνῶναι
3506 4952 3857 5030 ἆνασγόμενοι

2241 5037 2461 5121 (ᾔδεσαν
2501 5041 2602 5118 γὰρ
2656 5042 2757 5108 τὴν
2788 5040 3105 5101 Ἀθανασίου
3138 5043 3449 5121 κατάκρισιν
3502 5042 3604 5112 τήν
3645 5046 3739 5110 τῆς
3774 5037 3857 5095 πί·

2238 5152 2408 5197 στεως
2448 5132 2884 5209 προοιμιάζεσθαι
2942 5132 3275 5212 καθαίρεσιν)
3306 5132 3362 5189 ἐν
3414 5133 3693 5209 Ἀριμήνῳ
3719 5132 3858 5205 ὑπερ-

2238 5221 2525 5300 ορίζονται,
2573 5223 2732 5283 Γνοὺς
2764 5217 2810 5277 δ’
2840 5221 2868 5277 ό
2897 5243 2992 5279 του
3023 5228 3157 5278 Θεοῦ
3198 5222 3442 5299 θεράπων
3470 5223 3768 5285 Ἀθανασιος
3794 5217 3861 5280 ὡς

2239 5310 2401 5369 πάλιν
2431 5308 2548 5368 κατ’
2581 5312 2742 5369 αὒτου
2797 5309 3111 5391 πικρότερον
3156 5332 3216 5368 τε
3265 5312 3354 5369 καὶ
3409 5311 3757 5392 φονικώτερον
3805 5306 3861 5362 τὸ

1815 5476 2069 5544 VARUE
2127 5476 2565 5545 LECTIONES.

590 5579 656 5631 τι
681 5582 838 5662 αὐτὸν
869 5581 937 5644 Β.
1023 5581 1087 5636 78
1113 5582 1485 5662 ἐπιφημίζεται
1516 5584 1645 5648 ΑΒ.
1721 5585 1786 5638 ⁷ο
1824 5586 2078 5651 alterum
2112 5588 2166 5646 ἐν
2223 5587 2362 5654 add.
2401 5590 2472 5654 Α.

512 5683 625 5729 τοις
656 5661 748 5726 vel
775 5663 1000 5724 θανάτου
1028 5663 1097 5729 Β.
1182 5661 1247 5715 80
1270 5664 1403 5743 ἅμα]
1439 5669 1539 5745 πρὸ
1571 5665 1636 5730 Β,

2558 5588 2622 5641 77
2649 5586 2703 5647 δὲ
2734 5590 2875 5657 add,
2907 5590 2979 5656 Α,
3064 5589 3130 5641 68
3171 5597 3422 5649 τοσοῦτον
3461 5588 3528 5657 Β.
3572 5600 3583 5607 ’
3612 5585 3675 5637 ⁷9
3711 5582 3861 5642 θινέ·
