  <div class='ocr_page' id='page_1' title='image "/cluster/home/n/w/nwhite01/storage/ocr_20150623/104/hvd.32044073502163/099.png"; bbox 0 0 4008 6210; ppageno 0'>
   <div class='ocr_carea' id='block_1_1' title="bbox 418 249 528 318">
    <p class='ocr_par' dir='ltr' id='par_1_1' title="bbox 418 249 528 318">
     <span class='ocr_line' id='line_1_1' title="bbox 418 249 528 318; baseline 0.018 -3"><span class='ocrx_word' id='word_1_1' title='bbox 418 249 528 318; x_wconf 88' lang='grc'><strong>167</strong></span> 
     </span>
    </p>
   </div>
   <div class='ocr_carea' id='block_1_2' title="bbox 1603 247 2596 320">
    <p class='ocr_par' dir='ltr' id='par_1_2' title="bbox 1603 247 2596 320">
     <span class='ocr_line' id='line_1_2' title="bbox 1603 247 2596 320; baseline 0.004 -6"><span class='ocrx_word' id='word_1_2' title='bbox 1603 247 1868 316; x_wconf 89' lang='grc' dir='ltr'><strong>ΡΗΟΤΙΙ</strong></span> <span class='ocrx_word' id='word_1_3' title='bbox 1919 248 2439 318; x_wconf 75' lang='grc' dir='ltr'><strong>ΡΑΤΒῙΑΒΟΗιΕ</strong></span> <span class='ocrx_word' id='word_1_4' title='bbox 2482 257 2596 320; x_wconf 90' lang='lat' dir='ltr'><strong>CP.</strong></span> 
     </span>
    </p>
   </div>
   <div class='ocr_carea' id='block_1_3' title="bbox 3667 261 3780 330">
    <p class='ocr_par' dir='ltr' id='par_1_3' title="bbox 3667 261 3780 330">
     <span class='ocr_line' id='line_1_3' title="bbox 3667 261 3780 330; baseline 0.018 -2"><span class='ocrx_word' id='word_1_5' title='bbox 3667 261 3780 330; x_wconf 86' lang='grc'><strong>168</strong></span> 
     </span>
    </p>
   </div>
   <div class='ocr_carea' id='block_1_4' title="bbox 407 384 2034 476">
    <p class='ocr_par' dir='ltr' id='par_1_4' title="bbox 407 387 2034 472">
     <span class='ocr_line' id='line_1_4' title="bbox 407 387 2034 472; baseline -0.008 -18"><span class='ocrx_word' id='word_1_6' title='bbox 407 407 558 470; x_wconf 86' lang='lat' dir='ltr'><strong>quas</strong></span> <span class='ocrx_word' id='word_1_7' title='bbox 589 391 646 452; x_wconf 92' lang='lat' dir='ltr'><strong>in</strong></span> <span class='ocrx_word' id='word_1_8' title='bbox 673 388 978 472; x_wconf 86' lang='lat' dir='ltr'><strong>republica</strong></span> <span class='ocrx_word' id='word_1_9' title='bbox 994 391 1580 467; x_wconf 76' lang='lat' dir='ltr'><strong>gessisset,magnam</strong></span> <span class='ocrx_word' id='word_1_10' title='bbox 1613 387 1862 469; x_wconf 81' lang='lat' dir='ltr'><strong>gloriam</strong></span> <span class='ocrx_word' id='word_1_11' title='bbox 1895 399 2034 451; x_wconf 71' lang='lat' dir='ltr'><strong>esse:</strong></span> 
     </span>
    </p>
   </div>
   <div class='ocr_carea' id='block_1_5' title="bbox 2122 384 3778 476">
    <p class='ocr_par' dir='ltr' id='par_1_5' title="bbox 2135 384 3778 476">
     <span class='ocr_line' id='line_1_5' title="bbox 2135 384 3778 476; baseline 0.009 -35"><span class='ocrx_word' id='word_1_12' title='bbox 2135 384 2350 446; x_wconf 77' lang='grc' dir='ltr'>ἐπέθετο</span> <span class='ocrx_word' id='word_1_13' title='bbox 2408 389 2725 469; x_wconf 75' lang='grc' dir='ltr'>ναυκληρίαν</span> <span class='ocrx_word' id='word_1_14' title='bbox 2773 392 2857 468; x_wconf 73' lang='grc'><strong>74,</strong></span> <span class='ocrx_word' id='word_1_15' title='bbox 2917 393 3012 450; x_wconf 75' lang='grc' dir='ltr'><strong>καί</strong></span> <span class='ocrx_word' id='word_1_16' title='bbox 3071 407 3189 459; x_wconf 76' lang='grc' dir='ltr'>τοῖς</span> <span class='ocrx_word' id='word_1_17' title='bbox 3245 417 3302 452; x_wconf 83' lang='grc' dir='ltr'><strong>τε</strong></span> <span class='ocrx_word' id='word_1_18' title='bbox 3340 401 3578 470; x_wconf 72' lang='grc' dir='ltr'>Κυπρίωδ</span> <span class='ocrx_word' id='word_1_19' title='bbox 3617 400 3778 476; x_wconf 81' lang='grc' dir='ltr'>βασι-</span> 
     </span>
    </p>
   </div>
   <div class='ocr_carea' id='block_1_6' title="bbox 406 476 2050 560">
    <p class='ocr_par' dir='ltr' id='par_1_6' title="bbox 406 476 2050 560">
     <span class='ocr_line' id='line_1_6' title="bbox 406 476 2050 560; baseline -0.002 -20"><span class='ocrx_word' id='word_1_20' title='bbox 406 489 786 555; x_wconf 88' lang='lat' dir='ltr'><strong>consecutus,</strong></span> <span class='ocrx_word' id='word_1_21' title='bbox 823 481 1054 544; x_wconf 79' lang='lat' dir='ltr'><strong>navium</strong></span> <span class='ocrx_word' id='word_1_22' title='bbox 1087 487 1152 542; x_wconf 88' lang='lat' dir='ltr'><strong>et</strong></span> <span class='ocrx_word' id='word_1_23' title='bbox 1194 479 1317 560; x_wconf 90' lang='lat' dir='ltr'><strong>ipse</strong></span> <span class='ocrx_word' id='word_1_24' title='bbox 1347 479 1731 558; x_wconf 74' lang='lat' dir='ltr'><strong>gubernator,</strong></span> <span class='ocrx_word' id='word_1_25' title='bbox 1767 488 1824 540; x_wconf 92' lang='lat' dir='ltr'><strong>et</strong></span> <span class='ocrx_word' id='word_1_26' title='bbox 1855 476 2050 539; x_wconf 91' lang='lat' dir='ltr'><strong>admi-</strong></span> 
     </span>
    </p>
   </div>
   <div class='ocr_carea' id='block_1_7' title="bbox 405 566 2051 649">
    <p class='ocr_par' dir='ltr' id='par_1_7' title="bbox 405 566 2051 649">
     <span class='ocr_line' id='line_1_7' title="bbox 405 566 2051 649; baseline -0.004 -16"><span class='ocrx_word' id='word_1_27' title='bbox 405 570 689 633; x_wconf 78' lang='lat' dir='ltr'><strong>nistrator</strong></span> <span class='ocrx_word' id='word_1_28' title='bbox 717 573 900 632; x_wconf 85' lang='lat' dir='ltr'><strong>factus</strong></span> <span class='ocrx_word' id='word_1_29' title='bbox 932 579 1041 645; x_wconf 88' lang='lat' dir='ltr'><strong>est,</strong></span> <span class='ocrx_word' id='word_1_30' title='bbox 1079 587 1147 631; x_wconf 89' lang='lat' dir='ltr'><strong>ac</strong></span> <span class='ocrx_word' id='word_1_31' title='bbox 1178 567 1350 649; x_wconf 72' lang='lat' dir='ltr'><strong>Cypri</strong></span> <span class='ocrx_word' id='word_1_32' title='bbox 1409 568 1670 648; x_wconf 78' lang='lat' dir='ltr'><strong>regibus,</strong></span> <span class='ocrx_word' id='word_1_33' title='bbox 1726 566 2051 648; x_wconf 75' lang='lat' dir='ltr'><strong>multisque</strong></span> 
     </span>
    </p>
   </div>
   <div class='ocr_carea' id='block_1_8' title="bbox 405 658 2051 738">
    <p class='ocr_par' dir='ltr' id='par_1_8' title="bbox 405 658 2051 738">
     <span class='ocr_line' id='line_1_8' title="bbox 405 658 2051 738; baseline -0.002 -15"><span class='ocrx_word' id='word_1_34' title='bbox 405 660 538 724; x_wconf 86' lang='lat' dir='ltr'><strong>aliis</strong></span> <span class='ocrx_word' id='word_1_35' title='bbox 561 661 887 723; x_wconf 73' lang='lat' dir='ltr'><strong>illustribus</strong></span> <span class='ocrx_word' id='word_1_36' title='bbox 916 658 1178 738; x_wconf 81' lang='lat' dir='ltr'><strong>hospitio</strong></span> <span class='ocrx_word' id='word_1_37' title='bbox 1204 659 1315 720; x_wconf 87' lang='lat' dir='ltr'><strong>fuit</strong></span> <span class='ocrx_word' id='word_1_38' title='bbox 1336 658 1857 737; x_wconf 83' lang='lat' dir='ltr'><strong>conjunctus,cum</strong></span> <span class='ocrx_word' id='word_1_39' title='bbox 1888 660 2051 720; x_wconf 87' lang='lat' dir='ltr'><strong>Aris-</strong></span> 
     </span>
    </p>
   </div>
   <div class='ocr_carea' id='block_1_9' title="bbox 405 747 2046 827">
    <p class='ocr_par' dir='ltr' id='par_1_9' title="bbox 405 747 2046 827">
     <span class='ocr_line' id='line_1_9' title="bbox 405 747 2046 827; baseline -0.002 -16"><span class='ocrx_word' id='word_1_40' title='bbox 405 751 544 812; x_wconf 89' lang='lat' dir='ltr'><strong>tidis</strong></span> <span class='ocrx_word' id='word_1_41' title='bbox 575 752 779 827; x_wconf 82' lang='lat' dir='ltr'><strong>filiam,</strong></span> <span class='ocrx_word' id='word_1_42' title='bbox 810 769 988 812; x_wconf 88' lang='lat' dir='ltr'><strong>unam</strong></span> <span class='ocrx_word' id='word_1_43' title='bbox 1022 768 1089 811; x_wconf 84' lang='lat' dir='ltr'><strong>ex</strong></span> <span class='ocrx_word' id='word_1_44' title='bbox 1128 748 1353 810; x_wconf 85' lang='lat' dir='ltr'><strong>civibus</strong></span> <span class='ocrx_word' id='word_1_45' title='bbox 1382 747 1805 810; x_wconf 85' lang='lat' dir='ltr'><strong>consobrinam</strong></span> <span class='ocrx_word' id='word_1_46' title='bbox 1851 766 2046 820; x_wconf 92' lang='lat' dir='ltr'><strong>suam,</strong></span> 
     </span>
    </p>
   </div>
   <div class='ocr_carea' id='block_1_10' title="bbox 403 841 2046 922">
    <p class='ocr_par' dir='ltr' id='par_1_10' title="bbox 403 841 2046 922">
     <span class='ocr_line' id='line_1_10' title="bbox 403 841 2046 922; baseline -0.002 -18"><span class='ocrx_word' id='word_1_47' title='bbox 403 844 554 905; x_wconf 88' lang='lat' dir='ltr'><strong>clam</strong></span> <span class='ocrx_word' id='word_1_48' title='bbox 587 843 940 905; x_wconf 69' lang='lat' dir='ltr'><strong>domesticis</strong></span> <span class='ocrx_word' id='word_1_49' title='bbox 964 849 1024 905; x_wconf 90' lang='lat' dir='ltr'><strong>et</strong></span> <span class='ocrx_word' id='word_1_50' title='bbox 1058 841 1448 904; x_wconf 90' lang='lat' dir='ltr'><strong>familiaribus</strong></span> <span class='ocrx_word' id='word_1_51' title='bbox 1479 841 1854 918; x_wconf 87' lang='lat' dir='ltr'><strong>eduxit,etad</strong></span> <span class='ocrx_word' id='word_1_52' title='bbox 1875 841 2046 922; x_wconf 80' lang='lat' dir='ltr'><strong>Cypri</strong></span> 
     </span>
    </p>
   </div>
   <div class='ocr_carea' id='block_1_11' title="bbox 400 931 2048 1012">
    <p class='ocr_par' dir='ltr' id='par_1_11' title="bbox 400 931 2048 1012">
     <span class='ocr_line' id='line_1_11' title="bbox 400 931 2048 1012; baseline -0.002 -19"><span class='ocrx_word' id='word_1_53' title='bbox 400 950 602 1012; x_wconf 84' lang='lat' dir='ltr'><strong>regem</strong></span> <span class='ocrx_word' id='word_1_54' title='bbox 637 934 792 994; x_wconf 88' lang='lat' dir='ltr'><strong>dono</strong></span> <span class='ocrx_word' id='word_1_55' title='bbox 829 933 1205 1012; x_wconf 88' lang='lat' dir='ltr'><strong>misit.Cujus</strong></span> <span class='ocrx_word' id='word_1_56' title='bbox 1238 933 1324 994; x_wconf 88' lang='lat' dir='ltr'><strong>rei</strong></span> <span class='ocrx_word' id='word_1_57' title='bbox 1355 950 1534 994; x_wconf 84' lang='lat' dir='ltr'><strong>causa</strong></span> <span class='ocrx_word' id='word_1_58' title='bbox 1555 951 1689 994; x_wconf 93' lang='lat' dir='ltr'><strong>cum</strong></span> <span class='ocrx_word' id='word_1_59' title='bbox 1721 931 1951 993; x_wconf 85' lang='lat' dir='ltr'><strong>videret</strong></span> <span class='ocrx_word' id='word_1_60' title='bbox 1981 948 2048 991; x_wconf 91' lang='lat' dir='ltr'><strong>se</strong></span> 
     </span>
    </p>
   </div>
   <div class='ocr_carea' id='block_1_12' title="bbox 401 1021 2047 1101">
    <p class='ocr_par' dir='ltr' id='par_1_12' title="bbox 401 1021 2047 1101">
     <span class='ocr_line' id='line_1_12' title="bbox 401 1021 2047 1101; baseline -0.002 -18"><span class='ocrx_word' id='word_1_61' title='bbox 401 1022 459 1083; x_wconf 93' lang='lat' dir='ltr'><strong>in</strong></span> <span class='ocrx_word' id='word_1_62' title='bbox 485 1023 577 1101; x_wconf 77' lang='lat' dir='ltr'><strong>ius</strong></span> <span class='ocrx_word' id='word_1_63' title='bbox 619 1041 751 1084; x_wconf 82' lang='lat' dir='ltr'><strong>mox</strong></span> <span class='ocrx_word' id='word_1_64' title='bbox 785 1031 1056 1084; x_wconf 81' lang='lat' dir='ltr'><strong>vocatum</strong></span> <span class='ocrx_word' id='word_1_65' title='bbox 1092 1023 1187 1096; x_wconf 87' lang='lat' dir='ltr'><strong>iri,</strong></span> <span class='ocrx_word' id='word_1_66' title='bbox 1227 1041 1430 1084; x_wconf 89' lang='lat' dir='ltr'><strong>rursus</strong></span> <span class='ocrx_word' id='word_1_67' title='bbox 1457 1022 1618 1084; x_wconf 88' lang='lat' dir='ltr'><strong>illam</strong></span> <span class='ocrx_word' id='word_1_68' title='bbox 1647 1041 1678 1084; x_wconf 93' lang='lat' dir='ltr'><strong>e</strong></span> <span class='ocrx_word' id='word_1_69' title='bbox 1703 1021 1840 1083; x_wconf 68' lang='lat'><strong>488</strong></span> <span class='ocrx_word' id='word_1_70' title='bbox 1868 1022 1901 1082; x_wconf 78' lang='grc' dir='ltr'><strong>Ι)</strong></span> <span class='ocrx_word' id='word_1_71' title='bbox 1931 1022 2047 1100; x_wconf 89' lang='lat' dir='ltr'><strong>Cy-</strong></span> 
     </span>
    </p>
   </div>
   <div class='ocr_carea' id='block_1_13' title="bbox 401 1111 2052 1193">
    <p class='ocr_par' dir='ltr' id='par_1_13' title="bbox 401 1111 2052 1193">
     <span class='ocr_line' id='line_1_13' title="bbox 401 1111 2052 1193; baseline -0.001 -21"><span class='ocrx_word' id='word_1_72' title='bbox 401 1131 507 1193; x_wconf 91' lang='lat' dir='ltr'><strong>pro</strong></span> <span class='ocrx_word' id='word_1_73' title='bbox 530 1123 619 1174; x_wconf 90' lang='lat' dir='ltr'><strong>est</strong></span> <span class='ocrx_word' id='word_1_74' title='bbox 647 1113 896 1187; x_wconf 89' lang='lat' dir='ltr'><strong>furatus,</strong></span> <span class='ocrx_word' id='word_1_75' title='bbox 933 1131 1190 1193; x_wconf 83' lang='lat' dir='ltr'><strong>cumquo</strong></span> <span class='ocrx_word' id='word_1_76' title='bbox 1225 1113 1668 1191; x_wconf 85' lang='lat' dir='ltr'><strong>deprehensum</strong></span> <span class='ocrx_word' id='word_1_77' title='bbox 1703 1130 1803 1174; x_wconf 87' lang='lat' dir='ltr'><strong>rex</strong></span> <span class='ocrx_word' id='word_1_78' title='bbox 1835 1111 1892 1172; x_wconf 89' lang='lat' dir='ltr'><strong>in</strong></span> <span class='ocrx_word' id='word_1_79' title='bbox 1925 1111 2052 1171; x_wconf 88' lang='lat' dir='ltr'><strong>vin-</strong></span> 
     </span>
    </p>
   </div>
   <div class='ocr_carea' id='block_1_14' title="bbox 399 1200 2045 1283">
    <p class='ocr_par' dir='ltr' id='par_1_14' title="bbox 399 1200 2045 1283">
     <span class='ocr_line' id='line_1_14' title="bbox 399 1200 2045 1283; baseline -0.001 -21"><span class='ocrx_word' id='word_1_80' title='bbox 399 1201 531 1264; x_wconf 85' lang='lat' dir='ltr'><strong>cula</strong></span> <span class='ocrx_word' id='word_1_81' title='bbox 557 1203 818 1283; x_wconf 85' lang='lat' dir='ltr'><strong>conjicit.</strong></span> <span class='ocrx_word' id='word_1_82' title='bbox 878 1202 1022 1265; x_wconf 89' lang='lat' dir='ltr'><strong>Cum</strong></span> <span class='ocrx_word' id='word_1_83' title='bbox 1056 1220 1194 1264; x_wconf 84' lang='lat' dir='ltr'><strong>vero</strong></span> <span class='ocrx_word' id='word_1_84' title='bbox 1228 1201 1575 1282; x_wconf 87' lang='lat' dir='ltr'><strong>aufugisset,</strong></span> <span class='ocrx_word' id='word_1_85' title='bbox 1611 1201 1770 1264; x_wconf 83' lang='lat' dir='ltr'><strong>venit</strong></span> <span class='ocrx_word' id='word_1_86' title='bbox 1798 1203 1860 1262; x_wconf 90' lang='lat' dir='ltr'><strong>in</strong></span> <span class='ocrx_word' id='word_1_87' title='bbox 1894 1200 2045 1262; x_wconf 87' lang='lat' dir='ltr'><strong>civi-</strong></span> 
     </span>
    </p>
   </div>
   <div class='ocr_carea' id='block_1_15' title="bbox 399 1289 2044 1373">
    <p class='ocr_par' dir='ltr' id='par_1_15' title="bbox 399 1289 2044 1373">
     <span class='ocr_line' id='line_1_15' title="bbox 399 1289 2044 1373; baseline -0.001 -21"><span class='ocrx_word' id='word_1_88' title='bbox 399 1301 576 1353; x_wconf 89' lang='lat' dir='ltr'><strong>tatem</strong></span> <span class='ocrx_word' id='word_1_89' title='bbox 598 1311 712 1373; x_wconf 89' lang='lat' dir='ltr'><strong>quo</strong></span> <span class='ocrx_word' id='word_1_90' title='bbox 741 1302 1010 1372; x_wconf 78' lang='lat' dir='ltr'><strong>tempore</strong></span> <span class='ocrx_word' id='word_1_91' title='bbox 1024 1291 1449 1371; x_wconf 86' lang='lat' dir='ltr'><strong>quadringenti</strong></span> <span class='ocrx_word' id='word_1_92' title='bbox 1474 1291 1584 1352; x_wconf 88' lang='lat' dir='ltr'><strong>viri</strong></span> <span class='ocrx_word' id='word_1_93' title='bbox 1609 1289 2044 1370; x_wconf 89' lang='lat' dir='ltr'><strong>rempublicam</strong></span> 
     </span>
    </p>
   </div>
   <div class='ocr_carea' id='block_1_16' title="bbox 395 1380 2042 1462">
    <p class='ocr_par' dir='ltr' id='par_1_16' title="bbox 395 1380 2042 1462">
     <span class='ocr_line' id='line_1_16' title="bbox 395 1380 2042 1462; baseline -0.002 -18"><span class='ocrx_word' id='word_1_94' title='bbox 395 1383 894 1444; x_wconf 81' lang='lat' dir='ltr'><strong>administrabant</strong></span> <span class='ocrx_word' id='word_1_95' title='bbox 929 1400 942 1444; x_wconf 92' lang='lat'>:</span> <span class='ocrx_word' id='word_1_96' title='bbox 971 1400 1006 1442; x_wconf 89' lang='lat' dir='ltr'><strong>a</strong></span> <span class='ocrx_word' id='word_1_97' title='bbox 1035 1381 1253 1462; x_wconf 85' lang='lat' dir='ltr'><strong>quibus</strong></span> <span class='ocrx_word' id='word_1_98' title='bbox 1285 1400 1421 1442; x_wconf 89' lang='lat' dir='ltr'><strong>cum</strong></span> <span class='ocrx_word' id='word_1_99' title='bbox 1455 1390 1611 1443; x_wconf 85' lang='lat' dir='ltr'><strong>esset</strong></span> <span class='ocrx_word' id='word_1_100' title='bbox 1644 1380 1897 1455; x_wconf 80' lang='lat' dir='ltr'><strong>vinctus,</strong></span> <span class='ocrx_word' id='word_1_101' title='bbox 1931 1399 2042 1441; x_wconf 86' lang='lat' dir='ltr'><strong>au-</strong></span> 
     </span>
    </p>
   </div>
   <div class='ocr_carea' id='block_1_17' title="bbox 396 1469 2043 1553">
    <p class='ocr_par' dir='ltr' id='par_1_17' title="bbox 396 1469 2043 1553">
     <span class='ocr_line' id='line_1_17' title="bbox 396 1469 2043 1553; baseline -0.002 -21"><span class='ocrx_word' id='word_1_102' title='bbox 396 1472 559 1551; x_wconf 83' lang='lat' dir='ltr'><strong>fugit,</strong></span> <span class='ocrx_word' id='word_1_103' title='bbox 592 1491 661 1533; x_wconf 89' lang='lat' dir='ltr'><strong>ac</strong></span> <span class='ocrx_word' id='word_1_104' title='bbox 690 1491 902 1533; x_wconf 86' lang='lat' dir='ltr'><strong>rursus</strong></span> <span class='ocrx_word' id='word_1_105' title='bbox 925 1490 1130 1532; x_wconf 90' lang='lat' dir='ltr'><strong>everso</strong></span> <span class='ocrx_word' id='word_1_106' title='bbox 1158 1470 1258 1533; x_wconf 87' lang='lat' dir='ltr'><strong>illo</strong></span> <span class='ocrx_word' id='word_1_107' title='bbox 1293 1490 1616 1553; x_wconf 88' lang='lat' dir='ltr'><strong>paucorum</strong></span> <span class='ocrx_word' id='word_1_108' title='bbox 1652 1470 1958 1533; x_wconf 89' lang='lat' dir='ltr'><strong>dominatu</strong></span> <span class='ocrx_word' id='word_1_109' title='bbox 1983 1469 2043 1530; x_wconf 93' lang='lat' dir='ltr'><strong>in</strong></span> 
     </span>
    </p>
   </div>
   <div class='ocr_carea' id='block_1_18' title="bbox 395 1557 2039 1642">
    <p class='ocr_par' dir='ltr' id='par_1_18' title="bbox 395 1557 2039 1642">
     <span class='ocr_line' id='line_1_18' title="bbox 395 1557 2039 1642; baseline -0.004 -18"><span class='ocrx_word' id='word_1_110' title='bbox 395 1564 668 1624; x_wconf 82' lang='lat' dir='ltr'><strong>exsilium</strong></span> <span class='ocrx_word' id='word_1_111' title='bbox 700 1562 909 1642; x_wconf 81' lang='lat' dir='ltr'><strong>pulsus</strong></span> <span class='ocrx_word' id='word_1_112' title='bbox 963 1570 1075 1621; x_wconf 91' lang='lat' dir='ltr'><strong>est.</strong></span> <span class='ocrx_word' id='word_1_113' title='bbox 1110 1559 1233 1622; x_wconf 86' lang='lat' dir='ltr'><strong>Hoc</strong></span> <span class='ocrx_word' id='word_1_114' title='bbox 1280 1561 1472 1623; x_wconf 87' lang='lat' dir='ltr'><strong>exsilii</strong></span> <span class='ocrx_word' id='word_1_115' title='bbox 1506 1572 1774 1642; x_wconf 90' lang='lat' dir='ltr'><strong>tempore</strong></span> <span class='ocrx_word' id='word_1_116' title='bbox 1808 1557 2039 1622; x_wconf 90' lang='lat' dir='ltr'><strong>Elidem</strong></span> 
     </span>
    </p>
   </div>
   <div class='ocr_carea' id='block_1_19' title="bbox 393 1650 2039 1731">
    <p class='ocr_par' dir='ltr' id='par_1_19' title="bbox 393 1650 2039 1731">
     <span class='ocr_line' id='line_1_19' title="bbox 393 1650 2039 1731; baseline -0.002 -19"><span class='ocrx_word' id='word_1_117' title='bbox 393 1651 737 1726; x_wconf 89' lang='lat' dir='ltr'><strong>incoluit,et</strong></span> <span class='ocrx_word' id='word_1_118' title='bbox 767 1671 900 1712; x_wconf 89' lang='lat' dir='ltr'><strong>cum</strong></span> <span class='ocrx_word' id='word_1_119' title='bbox 929 1650 1280 1731; x_wconf 76' lang='lat' dir='ltr'><strong>Thrasybuli</strong></span> <span class='ocrx_word' id='word_1_120' title='bbox 1308 1651 1635 1712; x_wconf 85' lang='lat' dir='ltr'><strong>familiares</strong></span> <span class='ocrx_word' id='word_1_121' title='bbox 1664 1650 1722 1710; x_wconf 92' lang='lat' dir='ltr'><strong>in</strong></span> <span class='ocrx_word' id='word_1_122' title='bbox 1749 1650 2039 1711; x_wconf 87' lang='lat' dir='ltr'><strong>civitatem</strong></span> 
     </span>
    </p>
   </div>
   <div class='ocr_carea' id='block_1_20' title="bbox 2134 477 3779 564">
    <p class='ocr_par' dir='ltr' id='par_1_20' title="bbox 2134 477 3779 564">
     <span class='ocr_line' id='line_1_20' title="bbox 2134 477 3779 564; baseline 0.007 -30"><span class='ocrx_word' id='word_1_123' title='bbox 2134 477 2278 536; x_wconf 77' lang='grc' dir='ltr'>λεῦσι</span> <span class='ocrx_word' id='word_1_124' title='bbox 2334 480 2478 546; x_wconf 78' lang='grc' dir='ltr'>ξένος</span> <span class='ocrx_word' id='word_1_125' title='bbox 2537 481 2748 560; x_wconf 78' lang='grc' dir='ltr'>ἐγένετο</span> <span class='ocrx_word' id='word_1_126' title='bbox 2805 485 2893 541; x_wconf 84' lang='grc' dir='ltr'><strong>καὶ</strong></span> <span class='ocrx_word' id='word_1_127' title='bbox 2965 482 3195 550; x_wconf 72' lang='grc' dir='ltr'>πολλοῖς</span> <span class='ocrx_word' id='word_1_128' title='bbox 3270 485 3449 553; x_wconf 66' lang='grc' dir='ltr'>ἄλλοις</span> <span class='ocrx_word' id='word_1_129' title='bbox 3510 486 3779 564; x_wconf 79' lang='grc' dir='ltr'><strong>δοκίμοις,</strong></span> 
     </span>
    </p>
   </div>
   <div class='ocr_carea' id='block_1_21' title="bbox 2135 570 3783 653">
    <p class='ocr_par' dir='ltr' id='par_1_21' title="bbox 2135 570 3783 653">
     <span class='ocr_line' id='line_1_21' title="bbox 2135 570 3783 653; baseline 0.007 -30"><span class='ocrx_word' id='word_1_130' title='bbox 2135 570 2290 636; x_wconf 76' lang='grc' dir='ltr'>ἡνίκα</span> <span class='ocrx_word' id='word_1_131' title='bbox 2377 573 2464 627; x_wconf 79' lang='grc' dir='ltr'><strong>καί</strong></span> <span class='ocrx_word' id='word_1_132' title='bbox 2548 573 2808 650; x_wconf 76' lang='grc' dir='ltr'>θυγατέρα</span> <span class='ocrx_word' id='word_1_133' title='bbox 2889 573 2985 650; x_wconf 65' lang='grc' dir='ltr'>μὲν</span> <span class='ocrx_word' id='word_1_134' title='bbox 3066 573 3385 653; x_wconf 72' lang='grc' dir='ltr'><strong>Ἀριστείδου</strong></span> <span class='ocrx_word' id='word_1_135' title='bbox 3443 576 3662 653; x_wconf 73' lang='grc' dir='ltr'>ἀνεψιάν</span> <span class='ocrx_word' id='word_1_136' title='bbox 3726 577 3783 634; x_wconf 76' lang='grc' dir='ltr'>δὲ</span> 
     </span>
    </p>
   </div>
   <div class='ocr_carea' id='block_1_22' title="bbox 2133 659 3786 744">
    <p class='ocr_par' dir='ltr' id='par_1_22' title="bbox 2133 659 3786 744">
     <span class='ocr_line' id='line_1_22' title="bbox 2133 659 3786 744; baseline 0.007 -30"><span class='ocrx_word' id='word_1_137' title='bbox 2133 659 2292 716; x_wconf 66' lang='grc' dir='ltr'>ἄδτοῦ</span> <span class='ocrx_word' id='word_1_138' title='bbox 2361 668 2467 717; x_wconf 85' lang='grc' dir='ltr'>τῶν</span> <span class='ocrx_word' id='word_1_139' title='bbox 2522 664 2729 720; x_wconf 78' lang='grc' dir='ltr'><strong>οἰκείων</strong></span> <span class='ocrx_word' id='word_1_140' title='bbox 2789 663 3130 739; x_wconf 74' lang='grc' dir='ltr'>ὑπεκκλέψας</span> <span class='ocrx_word' id='word_1_141' title='bbox 3217 665 3380 742; x_wconf 85' lang='grc' dir='ltr'>δῶρον</span> <span class='ocrx_word' id='word_1_142' title='bbox 3437 666 3644 744; x_wconf 76' lang='grc' dir='ltr'>ἔπεμψε</span> <span class='ocrx_word' id='word_1_143' title='bbox 3703 672 3786 744; x_wconf 79' lang='grc' dir='ltr'><strong>τῷ</strong></span> 
     </span>
    </p>
   </div>
   <div class='ocr_carea' id='block_1_23' title="bbox 2137 750 3783 836">
    <p class='ocr_par' dir='ltr' id='par_1_23' title="bbox 2137 750 3783 836">
     <span class='ocr_line' id='line_1_23' title="bbox 2137 750 3783 836; baseline 0.006 -29"><span class='ocrx_word' id='word_1_144' title='bbox 2137 750 2382 827; x_wconf 75' lang='grc' dir='ltr'><strong>Κυπρίων</strong></span> <span class='ocrx_word' id='word_1_145' title='bbox 2439 752 2679 828; x_wconf 71' lang='grc' dir='ltr'>βασιλεῖ.</span> <span class='ocrx_word' id='word_1_146' title='bbox 2745 753 2965 810; x_wconf 75' lang='grc' dir='ltr'>Μέλλων</span> <span class='ocrx_word' id='word_1_147' title='bbox 3024 753 3080 810; x_wconf 73' lang='grc' dir='ltr'>δὲ</span> <span class='ocrx_word' id='word_1_148' title='bbox 3143 757 3216 818; x_wconf 77' lang='grc' dir='ltr'><strong>εἰς</strong></span> <span class='ocrx_word' id='word_1_149' title='bbox 3290 754 3632 836; x_wconf 82' lang='grc' dir='ltr'>δικαστήριον</span> <span class='ocrx_word' id='word_1_150' title='bbox 3691 759 3783 816; x_wconf 84' lang='grc' dir='ltr'><strong>ἐπὶ</strong></span> 
     </span>
    </p>
   </div>
   <div class='ocr_carea' id='block_1_24' title="bbox 2131 840 3775 927">
    <p class='ocr_par' dir='ltr' id='par_1_24' title="bbox 2131 840 3775 927">
     <span class='ocr_line' id='line_1_24' title="bbox 2131 840 3775 927; baseline 0.008 -33"><span class='ocrx_word' id='word_1_151' title='bbox 2131 840 2198 914; x_wconf 71' lang='grc' dir='ltr'><strong>τῇ</strong></span> <span class='ocrx_word' id='word_1_152' title='bbox 2255 843 2545 921; x_wconf 72' lang='grc' dir='ltr'><strong>κακουργίᾳ</strong></span> <span class='ocrx_word' id='word_1_153' title='bbox 2615 845 2938 923; x_wconf 74' lang='grc' dir='ltr'>εἰσάγεσθαι,</span> <span class='ocrx_word' id='word_1_154' title='bbox 3003 844 3162 902; x_wconf 68' lang='grc' dir='ltr'>πάλιν</span> <span class='ocrx_word' id='word_1_155' title='bbox 3208 845 3371 914; x_wconf 72' lang='grc' dir='ltr'>αὐτὴν</span> <span class='ocrx_word' id='word_1_156' title='bbox 3423 847 3528 904; x_wconf 79' lang='grc' dir='ltr'><strong>ἀπὸ</strong></span> <span class='ocrx_word' id='word_1_157' title='bbox 3564 850 3775 927; x_wconf 72' lang='grc' dir='ltr'>Κύπρου</span> 
     </span>
    </p>
   </div>
   <div class='ocr_carea' id='block_1_25' title="bbox 2131 927 3779 1015">
    <p class='ocr_par' dir='ltr' id='par_1_25' title="bbox 2131 927 3779 1015">
     <span class='ocr_line' id='line_1_25' title="bbox 2131 927 3779 1015; baseline 0.007 -31"><span class='ocrx_word' id='word_1_158' title='bbox 2131 927 2373 1005; x_wconf 77' lang='grc' dir='ltr'>κλέπτει,</span> <span class='ocrx_word' id='word_1_159' title='bbox 2448 935 2535 989; x_wconf 83' lang='grc' dir='ltr'><strong>καὶ</strong></span> <span class='ocrx_word' id='word_1_160' title='bbox 2602 933 2760 998; x_wconf 75' lang='grc' dir='ltr'>ἁλοὺς</span> <span class='ocrx_word' id='word_1_161' title='bbox 2841 936 2943 991; x_wconf 81' lang='grc' dir='ltr'>ὑπό</span> <span class='ocrx_word' id='word_1_162' title='bbox 3012 945 3105 994; x_wconf 71' lang='grc' dir='ltr'>τοῦ</span> <span class='ocrx_word' id='word_1_163' title='bbox 3186 939 3428 1015; x_wconf 58' lang='grc' dir='ltr'>Κοπρίων</span> <span class='ocrx_word' id='word_1_164' title='bbox 3509 937 3779 1014; x_wconf 68' lang='grc' dir='ltr'>βασιλέως</span> 
     </span>
    </p>
   </div>
   <div class='ocr_carea' id='block_1_26' title="bbox 2131 1017 3779 1104">
    <p class='ocr_par' dir='ltr' id='par_1_26' title="bbox 2131 1017 3779 1104">
     <span class='ocr_line' id='line_1_26' title="bbox 2131 1017 3779 1104; baseline 0.007 -30"><span class='ocrx_word' id='word_1_165' title='bbox 2131 1017 2352 1095; x_wconf 77' lang='grc' dir='ltr'>δεσμοῖς</span> <span class='ocrx_word' id='word_1_166' title='bbox 2411 1021 2702 1099; x_wconf 81' lang='grc' dir='ltr'>παρεδόθη.</span> <span class='ocrx_word' id='word_1_167' title='bbox 2763 1024 3019 1082; x_wconf 76' lang='grc' dir='ltr'>Κάκεῖθεν</span> <span class='ocrx_word' id='word_1_168' title='bbox 3075 1024 3129 1081; x_wconf 77' lang='grc' dir='ltr'>δὲ</span> <span class='ocrx_word' id='word_1_169' title='bbox 3189 1024 3397 1104; x_wconf 71' lang='grc' dir='ltr'>διαδρὰς</span> <span class='ocrx_word' id='word_1_170' title='bbox 3463 1027 3779 1102; x_wconf 72' lang='grc' dir='ltr'><strong>ἐπεδήμησε</strong></span> 
     </span>
    </p>
   </div>
   <div class='ocr_carea' id='block_1_27' title="bbox 2133 1109 3780 1193">
    <p class='ocr_par' dir='ltr' id='par_1_27' title="bbox 2133 1109 3780 1193">
     <span class='ocr_line' id='line_1_27' title="bbox 2133 1109 3780 1193; baseline 0.006 -27"><span class='ocrx_word' id='word_1_171' title='bbox 2133 1109 2200 1178; x_wconf 79' lang='grc' dir='ltr'>τῆ</span> <span class='ocrx_word' id='word_1_172' title='bbox 2255 1109 2408 1168; x_wconf 81' lang='grc' dir='ltr'>πόλει</span> <span class='ocrx_word' id='word_1_173' title='bbox 2463 1112 2584 1168; x_wconf 82' lang='grc' dir='ltr'>κατ’</span> <span class='ocrx_word' id='word_1_174' title='bbox 2646 1113 2822 1171; x_wconf 71' lang='grc' dir='ltr'>ἐκεῖνο</span> <span class='ocrx_word' id='word_1_175' title='bbox 2866 1123 3066 1193; x_wconf 80' lang='grc' dir='ltr'>καιροῦ,</span> <span class='ocrx_word' id='word_1_176' title='bbox 3102 1115 3258 1184; x_wconf 79' lang='grc' dir='ltr'>ἡνίκα</span> <span class='ocrx_word' id='word_1_177' title='bbox 3304 1130 3421 1183; x_wconf 75' lang='grc' dir='ltr'>τοῖς</span> <span class='ocrx_word' id='word_1_178' title='bbox 3448 1117 3496 1173; x_wconf 89' lang='grc' dir='ltr'>υ’</span> <span class='ocrx_word' id='word_1_179' title='bbox 3527 1120 3591 1176; x_wconf 69' lang='grc' dir='ltr'><strong>τά</strong></span> <span class='ocrx_word' id='word_1_180' title='bbox 3618 1119 3780 1176; x_wconf 80' lang='grc' dir='ltr'>πολι-</span> 
     </span>
    </p>
   </div>
   <div class='ocr_carea' id='block_1_28' title="bbox 2131 1201 3775 1282">
    <p class='ocr_par' dir='ltr' id='par_1_28' title="bbox 2131 1201 3775 1282">
     <span class='ocr_line' id='line_1_28' title="bbox 2131 1201 3775 1282; baseline 0.006 -25"><span class='ocrx_word' id='word_1_181' title='bbox 2131 1201 2253 1258; x_wconf 79' lang='grc' dir='ltr'>τικᾶ</span> <span class='ocrx_word' id='word_1_182' title='bbox 2311 1205 2710 1282; x_wconf 76' lang='grc' dir='ltr'><strong>μετεχειρίζετο</strong></span> <span class='ocrx_word' id='word_1_183' title='bbox 2759 1205 3048 1282; x_wconf 66' lang='grc' dir='ltr'>πράγματα</span> <span class='ocrx_word' id='word_1_184' title='bbox 3084 1225 3098 1241; x_wconf 86' lang='grc'><strong>·</strong></span> <span class='ocrx_word' id='word_1_185' title='bbox 3161 1204 3323 1270; x_wconf 78' lang='grc' dir='ltr'>δεθεὶς</span> <span class='ocrx_word' id='word_1_186' title='bbox 3386 1206 3441 1263; x_wconf 79' lang='grc' dir='ltr'>δὲ</span> <span class='ocrx_word' id='word_1_187' title='bbox 3529 1212 3614 1266; x_wconf 79' lang='grc' dir='ltr'>καὶ</span> <span class='ocrx_word' id='word_1_188' title='bbox 3664 1213 3775 1266; x_wconf 68' lang='grc' dir='ltr'><strong>ὑπὸ</strong></span> 
     </span>
    </p>
   </div>
   <div class='ocr_carea' id='block_1_29' title="bbox 2128 1291 3776 1380">
    <p class='ocr_par' dir='ltr' id='par_1_29' title="bbox 2128 1291 3776 1380">
     <span class='ocr_line' id='line_1_29' title="bbox 2128 1291 3776 1380; baseline 0.006 -34"><span class='ocrx_word' id='word_1_189' title='bbox 2128 1292 2329 1380; x_wconf 74' lang='grc' dir='ltr'>τούτων</span> <span class='ocrx_word' id='word_1_190' title='bbox 2385 1292 2546 1348; x_wconf 82' lang='grc' dir='ltr'>παλιν</span> <span class='ocrx_word' id='word_1_191' title='bbox 2605 1291 2871 1374; x_wconf 75' lang='grc' dir='ltr'>διεφυγεν.</span> <span class='ocrx_word' id='word_1_192' title='bbox 2931 1293 3116 1352; x_wconf 82' lang='grc' dir='ltr'>Ἢνίκα</span> <span class='ocrx_word' id='word_1_193' title='bbox 3175 1294 3230 1352; x_wconf 77' lang='grc' dir='ltr'>δὲ</span> <span class='ocrx_word' id='word_1_194' title='bbox 3283 1299 3319 1366; x_wconf 75' lang='grc' dir='ltr'>ἡ</span> <span class='ocrx_word' id='word_1_195' title='bbox 3377 1297 3438 1347; x_wconf 75' lang='grc'><strong>75</strong></span> <span class='ocrx_word' id='word_1_196' title='bbox 3481 1297 3776 1380; x_wconf 64' lang='grc' dir='ltr'>ὁλιιραρχία</span> 
     </span>
    </p>
   </div>
   <div class='ocr_carea' id='block_1_30' title="bbox 2127 1379 3772 1462">
    <p class='ocr_par' dir='ltr' id='par_1_30' title="bbox 2127 1379 3772 1462">
     <span class='ocr_line' id='line_1_30' title="bbox 2127 1379 3772 1462; baseline 0.007 -26"><span class='ocrx_word' id='word_1_197' title='bbox 2127 1379 2410 1452; x_wconf 77' lang='grc' dir='ltr'>κατελύθη,</span> <span class='ocrx_word' id='word_1_198' title='bbox 2472 1381 2796 1462; x_wconf 74' lang='grc' dir='ltr'>ὶφυγαδεόθη</span> <span class='ocrx_word' id='word_1_199' title='bbox 2851 1389 2950 1453; x_wconf 83' lang='grc' dir='ltr'>τῆς</span> <span class='ocrx_word' id='word_1_200' title='bbox 3012 1385 3244 1459; x_wconf 86' lang='grc' dir='ltr'>πόλεως,</span> <span class='ocrx_word' id='word_1_201' title='bbox 3319 1390 3404 1444; x_wconf 84' lang='grc' dir='ltr'>καὶ</span> <span class='ocrx_word' id='word_1_202' title='bbox 3461 1387 3516 1444; x_wconf 79' lang='grc' dir='ltr'>ἐν</span> <span class='ocrx_word' id='word_1_203' title='bbox 3571 1379 3772 1447; x_wconf 73' lang='grc' dir='ltr'>⁸Ἠλιδι</span> 
     </span>
    </p>
   </div>
   <div class='ocr_carea' id='block_1_31' title="bbox 2127 1472 3776 1555">
    <p class='ocr_par' dir='ltr' id='par_1_31' title="bbox 2127 1472 3776 1555">
     <span class='ocr_line' id='line_1_31' title="bbox 2127 1472 3776 1555; baseline 0.007 -31"><span class='ocrx_word' id='word_1_204' title='bbox 2127 1473 2218 1525; x_wconf 85' lang='grc' dir='ltr'><strong>τὸν</strong></span> <span class='ocrx_word' id='word_1_205' title='bbox 2275 1475 2372 1536; x_wconf 76' lang='grc' dir='ltr'>τῆς</span> <span class='ocrx_word' id='word_1_206' title='bbox 2434 1477 2605 1551; x_wconf 74' lang='grc' dir='ltr'>φυγῆς</span> <span class='ocrx_word' id='word_1_207' title='bbox 2665 1473 2863 1550; x_wconf 68' lang='grc' dir='ltr'>γρόνον</span> <span class='ocrx_word' id='word_1_208' title='bbox 2921 1472 3196 1553; x_wconf 75' lang='grc' dir='ltr'>διατρίψας</span> <span class='ocrx_word' id='word_1_209' title='bbox 3241 1483 3346 1532; x_wconf 84' lang='grc' dir='ltr'>τῶν</span> <span class='ocrx_word' id='word_1_210' title='bbox 3413 1478 3530 1555; x_wconf 84' lang='grc' dir='ltr'>περὶ</span> <span class='ocrx_word' id='word_1_211' title='bbox 3565 1482 3776 1554; x_wconf 70' lang='grc' dir='ltr'>Θρασύ-</span> 
     </span>
    </p>
   </div>
   <div class='ocr_carea' id='block_1_32' title="bbox 2125 1556 3770 1640">
    <p class='ocr_par' dir='ltr' id='par_1_32' title="bbox 2125 1556 3770 1640">
     <span class='ocr_line' id='line_1_32' title="bbox 2125 1556 3770 1640; baseline 0.005 -27"><span class='ocrx_word' id='word_1_212' title='bbox 2125 1556 2315 1616; x_wconf 81' lang='grc' dir='ltr'>ϐουλον</span> <span class='ocrx_word' id='word_1_213' title='bbox 2378 1561 2818 1628; x_wconf 76' lang='grc' dir='ltr'>κατεληλυθότων</span> <span class='ocrx_word' id='word_1_214' title='bbox 2877 1565 2964 1619; x_wconf 85' lang='grc' dir='ltr'>καὶ</span> <span class='ocrx_word' id='word_1_215' title='bbox 3050 1566 3203 1629; x_wconf 70' lang='grc' dir='ltr'>αὒτὸς</span> <span class='ocrx_word' id='word_1_216' title='bbox 3284 1565 3770 1640; x_wconf 69' lang='grc' dir='ltr'>σιιγκατελήλυθεν,</span> 
     </span>
    </p>
   </div>
   <div class='ocr_carea' id='block_1_33' title="bbox 2130 1649 3778 1732">
    <p class='ocr_par' dir='ltr' id='par_1_33' title="bbox 2130 1649 3778 1732">
     <span class='ocr_line' id='line_1_33' title="bbox 2130 1649 3778 1732; baseline 0.007 -28"><span class='ocrx_word' id='word_1_217' title='bbox 2130 1650 2360 1726; x_wconf 78' lang='grc' dir='ltr'>Λίρεθεὶς</span> <span class='ocrx_word' id='word_1_218' title='bbox 2416 1649 2558 1730; x_wconf 80' lang='grc'><strong>[796</strong></span> <span class='ocrx_word' id='word_1_219' title='bbox 2608 1651 2708 1731; x_wconf 73' lang='grc'><strong>[1,]</strong></span> <span class='ocrx_word' id='word_1_220' title='bbox 2767 1650 2821 1707; x_wconf 73' lang='grc' dir='ltr'>δὲ</span> <span class='ocrx_word' id='word_1_221' title='bbox 2866 1655 2980 1728; x_wconf 82' lang='grc' dir='ltr'>περὶ</span> <span class='ocrx_word' id='word_1_222' title='bbox 3009 1653 3104 1720; x_wconf 75' lang='grc' dir='ltr'><strong>ἰἧς</strong></span> <span class='ocrx_word' id='word_1_223' title='bbox 3137 1656 3351 1732; x_wconf 76' lang='grc' dir='ltr'>εἰρήνης</span> <span class='ocrx_word' id='word_1_224' title='bbox 3394 1657 3468 1718; x_wconf 81' lang='grc' dir='ltr'>εἷς</span> <span class='ocrx_word' id='word_1_225' title='bbox 3505 1657 3778 1715; x_wconf 80' lang='grc' dir='ltr'>Δακεδαὶ-</span> 
     </span>
    </p>
   </div>
   <div class='ocr_carea' id='block_1_34' title="bbox 392 1739 2034 1825">
    <p class='ocr_par' dir='ltr' id='par_1_34' title="bbox 392 1739 2034 1822">
     <span class='ocr_line' id='line_1_34' title="bbox 392 1739 2034 1822; baseline -0.002 -20"><span class='ocrx_word' id='word_1_226' title='bbox 392 1743 686 1817; x_wconf 88' lang='lat' dir='ltr'><strong>redirent,</strong></span> <span class='ocrx_word' id='word_1_227' title='bbox 723 1745 847 1821; x_wconf 89' lang='lat' dir='ltr'><strong>ipse</strong></span> <span class='ocrx_word' id='word_1_228' title='bbox 881 1759 1119 1822; x_wconf 80' lang='lat' dir='ltr'><strong>quoque</strong></span> <span class='ocrx_word' id='word_1_229' title='bbox 1171 1751 1260 1802; x_wconf 92' lang='lat' dir='ltr'><strong>est</strong></span> <span class='ocrx_word' id='word_1_230' title='bbox 1310 1759 1606 1802; x_wconf 73' lang='lat' dir='ltr'><strong>reversus.</strong></span> <span class='ocrx_word' id='word_1_231' title='bbox 1659 1739 1873 1802; x_wconf 81' lang='lat' dir='ltr'><strong>Missus</strong></span> <span class='ocrx_word' id='word_1_232' title='bbox 1905 1757 2034 1800; x_wconf 81' lang='lat' dir='ltr'><strong>vero</strong></span> 
     </span>
    </p>
   </div>
   <div class='ocr_carea' id='block_1_35' title="bbox 2122 1739 3776 1825">
    <p class='ocr_par' dir='ltr' id='par_1_35' title="bbox 2125 1739 3776 1825">
     <span class='ocr_line' id='line_1_35' title="bbox 2125 1739 3776 1825; baseline 0.006 -30"><span class='ocrx_word' id='word_1_233' title='bbox 2125 1761 2263 1814; x_wconf 80' lang='grc' dir='ltr'>μονα</span> <span class='ocrx_word' id='word_1_234' title='bbox 2325 1739 2629 1812; x_wconf 76' lang='grc' dir='ltr'>πρεσϐεύειν</span> <span class='ocrx_word' id='word_1_235' title='bbox 2685 1745 2772 1798; x_wconf 82' lang='grc' dir='ltr'>καὶ</span> <span class='ocrx_word' id='word_1_236' title='bbox 2830 1740 3034 1799; x_wconf 71' lang='grc' dir='ltr'>ἀδικεῖν</span> <span class='ocrx_word' id='word_1_237' title='bbox 3078 1741 3228 1809; x_wconf 78' lang='grc' dir='ltr'>δόξας</span> <span class='ocrx_word' id='word_1_238' title='bbox 3263 1744 3441 1825; x_wconf 75' lang='grc' dir='ltr'>ἔφυγε.</span> <span class='ocrx_word' id='word_1_239' title='bbox 3478 1749 3684 1804; x_wconf 73' lang='grc' dir='ltr'>Τούτου</span> <span class='ocrx_word' id='word_1_240' title='bbox 3716 1747 3776 1805; x_wconf 75' lang='grc' dir='ltr'>δὲ</span> 
     </span>
    </p>
   </div>
   <div class='ocr_carea' id='block_1_36' title="bbox 395 1829 2042 1912">
    <p class='ocr_par' dir='ltr' id='par_1_36' title="bbox 395 1829 2042 1912">
     <span class='ocr_line' id='line_1_36' title="bbox 395 1829 2042 1912; baseline -0.002 -18"><span class='ocrx_word' id='word_1_241' title='bbox 395 1850 502 1912; x_wconf 84' lang='lat' dir='ltr'><strong>pro</strong></span> <span class='ocrx_word' id='word_1_242' title='bbox 539 1851 681 1912; x_wconf 84' lang='lat' dir='ltr'><strong>pace</strong></span> <span class='ocrx_word' id='word_1_243' title='bbox 711 1833 783 1893; x_wconf 89' lang='lat' dir='ltr'><strong>ad</strong></span> <span class='ocrx_word' id='word_1_244' title='bbox 802 1829 1719 1910; x_wconf 62' lang='lat' dir='ltr'><strong>Lacedaamontoscumimprobe</strong></span> <span class='ocrx_word' id='word_1_245' title='bbox 1742 1829 2042 1890; x_wconf 78' lang='lat' dir='ltr'><strong>videretur</strong></span> 
     </span>
    </p>
   </div>
   <div class='ocr_carea' id='block_1_37' title="bbox 390 1919 2041 2000">
    <p class='ocr_par' dir='ltr' id='par_1_37' title="bbox 390 1919 2041 2000">
     <span class='ocr_line' id='line_1_37' title="bbox 390 1919 2041 2000; baseline -0.002 -19"><span class='ocrx_word' id='word_1_246' title='bbox 390 1926 449 1982; x_wconf 88' lang='lat' dir='ltr'><strong>in</strong></span> <span class='ocrx_word' id='word_1_247' title='bbox 475 1921 588 1983; x_wconf 93' lang='lat' dir='ltr'><strong>hoc</strong></span> <span class='ocrx_word' id='word_1_248' title='bbox 607 1922 802 1983; x_wconf 90' lang='lat' dir='ltr'><strong>studio</strong></span> <span class='ocrx_word' id='word_1_249' title='bbox 833 1930 1121 1994; x_wconf 89' lang='lat' dir='ltr'><strong>versatus,</strong></span> <span class='ocrx_word' id='word_1_250' title='bbox 1157 1921 1518 2000; x_wconf 88' lang='lat' dir='ltr'><strong>fugit.Porro</strong></span> <span class='ocrx_word' id='word_1_251' title='bbox 1537 1919 1608 1980; x_wconf 90' lang='lat' dir='ltr'><strong>ab</strong></span> <span class='ocrx_word' id='word_1_252' title='bbox 1643 1919 1745 1982; x_wconf 93' lang='lat' dir='ltr'><strong>iilo</strong></span> <span class='ocrx_word' id='word_1_253' title='bbox 1771 1919 2041 1981; x_wconf 89' lang='lat' dir='ltr'><strong>denomi-</strong></span> 
     </span>
    </p>
   </div>
   <div class='ocr_carea' id='block_1_38' title="bbox 392 2009 2040 2092">
    <p class='ocr_par' dir='ltr' id='par_1_38' title="bbox 392 2009 2040 2092">
     <span class='ocr_line' id='line_1_38' title="bbox 392 2009 2040 2092; baseline -0.001 -20"><span class='ocrx_word' id='word_1_254' title='bbox 392 2025 569 2076; x_wconf 88' lang='lat' dir='ltr'><strong>natur</strong></span> <span class='ocrx_word' id='word_1_255' title='bbox 599 2013 775 2074; x_wconf 91' lang='lat' dir='ltr'><strong>etiam</strong></span> <span class='ocrx_word' id='word_1_256' title='bbox 834 2013 1114 2074; x_wconf 87' lang='lat' dir='ltr'><strong>Mercurii</strong></span> <span class='ocrx_word' id='word_1_257' title='bbox 1149 2020 1360 2074; x_wconf 89' lang='lat' dir='ltr'><strong>statua.</strong></span> <span class='ocrx_word' id='word_1_258' title='bbox 1396 2010 1478 2072; x_wconf 88' lang='lat' dir='ltr'><strong>Ea</strong></span> <span class='ocrx_word' id='word_1_259' title='bbox 1520 2012 1680 2074; x_wconf 86' lang='lat' dir='ltr'><strong>enim</strong></span> <span class='ocrx_word' id='word_1_260' title='bbox 1709 2009 1979 2092; x_wconf 87' lang='lat' dir='ltr'><strong>quamvis</strong></span> <span class='ocrx_word' id='word_1_261' title='bbox 2005 2026 2040 2070; x_wconf 92' lang='lat' dir='ltr'><strong>a</strong></span> 
     </span>
    </p>
   </div>
   <div class='ocr_carea' id='block_1_39' title="bbox 391 2099 2036 2183">
    <p class='ocr_par' dir='ltr' id='par_1_39' title="bbox 391 2099 2036 2183">
     <span class='ocr_line' id='line_1_39' title="bbox 391 2099 2036 2183; baseline -0.002 -19"><span class='ocrx_word' id='word_1_262' title='bbox 391 2104 550 2164; x_wconf 85' lang='lat' dir='ltr'><strong>tribu</strong></span> <span class='ocrx_word' id='word_1_263' title='bbox 582 2103 832 2183; x_wconf 68' lang='lat' dir='ltr'><strong>Egeide</strong></span> <span class='ocrx_word' id='word_1_264' title='bbox 858 2102 1042 2182; x_wconf 87' lang='lat' dir='ltr'><strong>posita</strong></span> <span class='ocrx_word' id='word_1_265' title='bbox 1087 2120 1154 2163; x_wconf 89' lang='lat' dir='ltr'><strong>ac</strong></span> <span class='ocrx_word' id='word_1_266' title='bbox 1186 2101 1456 2163; x_wconf 86' lang='lat' dir='ltr'><strong>dedicata</strong></span> <span class='ocrx_word' id='word_1_267' title='bbox 1488 2101 1584 2175; x_wconf 85' lang='lat' dir='ltr'><strong>sit,</strong></span> <span class='ocrx_word' id='word_1_268' title='bbox 1612 2100 1688 2162; x_wconf 87' lang='lat' dir='ltr'><strong>ab</strong></span> <span class='ocrx_word' id='word_1_269' title='bbox 1723 2099 2036 2161; x_wconf 81' lang='lat' dir='ltr'><strong>Andocide</strong></span> 
     </span>
    </p>
   </div>
   <div class='ocr_carea' id='block_1_40' title="bbox 391 2190 2042 2272">
    <p class='ocr_par' dir='ltr' id='par_1_40' title="bbox 391 2190 2042 2272">
     <span class='ocr_line' id='line_1_40' title="bbox 391 2190 2042 2272; baseline -0.003 -16"><span class='ocrx_word' id='word_1_270' title='bbox 391 2201 590 2256; x_wconf 89' lang='lat' dir='ltr'><strong>tamen</strong></span> <span class='ocrx_word' id='word_1_271' title='bbox 651 2211 868 2255; x_wconf 88' lang='lat' dir='ltr'><strong>nomen</strong></span> <span class='ocrx_word' id='word_1_272' title='bbox 927 2191 1124 2268; x_wconf 90' lang='lat' dir='ltr'><strong>habet,</strong></span> <span class='ocrx_word' id='word_1_273' title='bbox 1173 2190 1329 2272; x_wconf 91' lang='lat' dir='ltr'><strong>quod</strong></span> <span class='ocrx_word' id='word_1_274' title='bbox 1384 2191 1487 2254; x_wconf 92' lang='lat' dir='ltr'><strong>ille</strong></span> <span class='ocrx_word' id='word_1_275' title='bbox 1517 2199 1726 2255; x_wconf 65' lang='lat' dir='ltr'><strong>statuae</strong></span> <span class='ocrx_word' id='word_1_276' title='bbox 1775 2190 2042 2272; x_wconf 81' lang='lat' dir='ltr'><strong>proxime</strong></span> 
     </span>
    </p>
   </div>
   <div class='ocr_carea' id='block_1_41' title="bbox 388 2282 700 2346">
    <p class='ocr_par' dir='ltr' id='par_1_41' title="bbox 388 2282 700 2346">
     <span class='ocr_line' id='line_1_41' title="bbox 388 2282 700 2346; baseline -0.006 -2"><span class='ocrx_word' id='word_1_277' title='bbox 388 2282 700 2346; x_wconf 81' lang='lat' dir='ltr'><strong>habitaret.</strong></span> 
     </span>
    </p>
   </div>
   <div class='ocr_carea' id='block_1_42' title="bbox 1070 2371 1342 2435">
    <p class='ocr_par' dir='ltr' id='par_1_42' title="bbox 1070 2371 1342 2435">
     <span class='ocr_line' id='line_1_42' title="bbox 1070 2371 1342 2435; baseline -0.007 0"><span class='ocrx_word' id='word_1_278' title='bbox 1070 2371 1342 2435; x_wconf 82' lang='lat' dir='ltr'><strong>CCLXII.</strong></span> 
     </span>
    </p>
   </div>
   <div class='ocr_carea' id='block_1_43' title="bbox 914 2475 1505 2556">
    <p class='ocr_par' dir='ltr' id='par_1_43' title="bbox 914 2475 1505 2556">
     <span class='ocr_line' id='line_1_43' title="bbox 914 2475 1505 2556; baseline -0.003 -20"><span class='ocrx_word' id='word_1_279' title='bbox 914 2478 1118 2556; x_wconf 73' lang='lat' dir='ltr'><strong>Lysia:</strong></span> <span class='ocrx_word' id='word_1_280' title='bbox 1175 2475 1505 2536; x_wconf 82' lang='lat' dir='ltr'><strong>orationes.</strong></span> 
     </span>
    </p>
   </div>
   <div class='ocr_carea' id='block_1_44' title="bbox 465 2575 2032 2658">
    <p class='ocr_par' dir='ltr' id='par_1_44' title="bbox 465 2575 2032 2658">
     <span class='ocr_line' id='line_1_44' title="bbox 465 2575 2032 2658; baseline -0.003 -19"><span class='ocrx_word' id='word_1_281' title='bbox 465 2577 602 2655; x_wconf 78' lang='lat' dir='ltr'><strong>Legi</strong></span> <span class='ocrx_word' id='word_1_282' title='bbox 634 2577 824 2640; x_wconf 90' lang='lat' dir='ltr'><strong>varias</strong></span> <span class='ocrx_word' id='word_1_283' title='bbox 856 2577 1040 2658; x_wconf 66' lang='lat' dir='ltr'><strong>Lysia:</strong></span> <span class='ocrx_word' id='word_1_284' title='bbox 1070 2578 1391 2650; x_wconf 89' lang='lat' dir='ltr'><strong>orationes,</strong></span> <span class='ocrx_word' id='word_1_285' title='bbox 1427 2593 1559 2654; x_wconf 67' lang='lat' dir='ltr'><strong>qua:</strong></span> <span class='ocrx_word' id='word_1_286' title='bbox 1589 2575 1868 2641; x_wconf 90' lang='lat' dir='ltr'><strong>dicuntur</strong></span> <span class='ocrx_word' id='word_1_287' title='bbox 1900 2591 2032 2636; x_wconf 88' lang='lat' dir='ltr'><strong>esse</strong></span> 
     </span>
    </p>
   </div>
   <div class='ocr_carea' id='block_1_45' title="bbox 387 2665 2031 2748">
    <p class='ocr_par' dir='ltr' id='par_1_45' title="bbox 387 2665 2031 2748">
     <span class='ocr_line' id='line_1_45' title="bbox 387 2665 2031 2748; baseline -0.003 -17"><span class='ocrx_word' id='word_1_288' title='bbox 387 2688 634 2732; x_wconf 83' lang='lat' dir='ltr'><strong>numero</strong></span> <span class='ocrx_word' id='word_1_289' title='bbox 666 2677 948 2732; x_wconf 65' lang='lat' dir='ltr'><strong>trecenta)</strong></span> <span class='ocrx_word' id='word_1_290' title='bbox 977 2680 1038 2731; x_wconf 89' lang='lat' dir='ltr'><strong>et</strong></span> <span class='ocrx_word' id='word_1_291' title='bbox 1065 2668 1267 2746; x_wconf 82' lang='lat' dir='ltr'><strong>viginti</strong></span> <span class='ocrx_word' id='word_1_292' title='bbox 1295 2668 1847 2748; x_wconf 89' lang='lat' dir='ltr'><strong>quinque,quarum</strong></span> <span class='ocrx_word' id='word_1_293' title='bbox 1880 2665 2031 2744; x_wconf 90' lang='lat' dir='ltr'><strong>legi-</strong></span> 
     </span>
    </p>
   </div>
   <div class='ocr_carea' id='block_1_46' title="bbox 386 2755 2032 2836">
    <p class='ocr_par' dir='ltr' id='par_1_46' title="bbox 386 2755 2032 2836">
     <span class='ocr_line' id='line_1_46' title="bbox 386 2755 2032 2836; baseline -0.002 -16"><span class='ocrx_word' id='word_1_294' title='bbox 386 2760 544 2821; x_wconf 75' lang='lat' dir='ltr'><strong>timae</strong></span> <span class='ocrx_word' id='word_1_295' title='bbox 597 2769 738 2821; x_wconf 90' lang='lat' dir='ltr'><strong>sunt</strong></span> <span class='ocrx_word' id='word_1_296' title='bbox 787 2758 1060 2820; x_wconf 67' lang='lat' dir='ltr'><strong>ducentas</strong></span> <span class='ocrx_word' id='word_1_297' title='bbox 1110 2767 1168 2820; x_wconf 86' lang='lat' dir='ltr'><strong>et</strong></span> <span class='ocrx_word' id='word_1_298' title='bbox 1228 2757 1467 2836; x_wconf 85' lang='lat' dir='ltr'><strong>triginta</strong></span> <span class='ocrx_word' id='word_1_299' title='bbox 1527 2766 1669 2820; x_wconf 92' lang='lat' dir='ltr'><strong>tres.</strong></span> <span class='ocrx_word' id='word_1_300' title='bbox 1715 2757 1779 2819; x_wconf 90' lang='lat' dir='ltr'><strong>In</strong></span> <span class='ocrx_word' id='word_1_301' title='bbox 1813 2755 2032 2833; x_wconf 89' lang='lat' dir='ltr'><strong>quibus</strong></span> 
     </span>
    </p>
   </div>
   <div class='ocr_carea' id='block_1_47' title="bbox 387 2847 2028 2924">
    <p class='ocr_par' dir='ltr' id='par_1_47' title="bbox 387 2847 2028 2924">
     <span class='ocr_line' id='line_1_47' title="bbox 387 2847 2028 2924; baseline -0.002 -12"><span class='ocrx_word' id='word_1_302' title='bbox 387 2849 501 2924; x_wconf 88' lang='lat' dir='ltr'><strong>bis,</strong></span> <span class='ocrx_word' id='word_1_303' title='bbox 559 2856 787 2912; x_wconf 90' lang='lat' dir='ltr'><strong>tantum</strong></span> <span class='ocrx_word' id='word_1_304' title='bbox 847 2847 1104 2910; x_wconf 88' lang='lat' dir='ltr'><strong>dicendo</strong></span> <span class='ocrx_word' id='word_1_305' title='bbox 1166 2849 1350 2909; x_wconf 85' lang='lat' dir='ltr'><strong>victus</strong></span> <span class='ocrx_word' id='word_1_306' title='bbox 1377 2847 1618 2919; x_wconf 90' lang='lat' dir='ltr'><strong>dicitur,</strong></span> <span class='ocrx_word' id='word_1_307' title='bbox 1663 2865 1796 2908; x_wconf 90' lang='lat' dir='ltr'><strong>cum</strong></span> <span class='ocrx_word' id='word_1_308' title='bbox 1834 2853 2028 2908; x_wconf 88' lang='lat' dir='ltr'><strong>tamen</strong></span> 
     </span>
    </p>
   </div>
   <div class='ocr_carea' id='block_1_48' title="bbox 384 2935 2030 3020">
    <p class='ocr_par' dir='ltr' id='par_1_48' title="bbox 384 2935 2030 3020">
     <span class='ocr_line' id='line_1_48' title="bbox 384 2935 2030 3020; baseline -0.001 -21"><span class='ocrx_word' id='word_1_309' title='bbox 384 2939 599 3020; x_wconf 65' lang='lat' dir='ltr'><strong>saepius</strong></span> <span class='ocrx_word' id='word_1_310' title='bbox 631 2958 765 3000; x_wconf 90' lang='lat' dir='ltr'><strong>cum</strong></span> <span class='ocrx_word' id='word_1_311' title='bbox 789 2937 1158 3000; x_wconf 86' lang='lat' dir='ltr'><strong>adversariis</strong></span> <span class='ocrx_word' id='word_1_312' title='bbox 1183 2935 1696 3000; x_wconf 86' lang='lat' dir='ltr'><strong>contenderit.Est</strong></span> <span class='ocrx_word' id='word_1_313' title='bbox 1724 2936 1785 2998; x_wconf 93' lang='lat' dir='ltr'><strong>in</strong></span> <span class='ocrx_word' id='word_1_314' title='bbox 1817 2935 2030 2997; x_wconf 86' lang='lat' dir='ltr'><strong>oratio-</strong></span> 
     </span>
    </p>
   </div>
   <div class='ocr_carea' id='block_1_49' title="bbox 388 3027 2028 3106">
    <p class='ocr_par' dir='ltr' id='par_1_49' title="bbox 388 3027 2028 3106">
     <span class='ocr_line' id='line_1_49' title="bbox 388 3027 2028 3106; baseline -0.002 -16"><span class='ocrx_word' id='word_1_315' title='bbox 388 3029 560 3092; x_wconf 87' lang='lat' dir='ltr'><strong>nibus</strong></span> <span class='ocrx_word' id='word_1_316' title='bbox 592 3028 716 3091; x_wconf 86' lang='lat' dir='ltr'><strong>suis</strong></span> <span class='ocrx_word' id='word_1_317' title='bbox 745 3027 1154 3101; x_wconf 88' lang='lat' dir='ltr'><strong>brevissimus,</strong></span> <span class='ocrx_word' id='word_1_318' title='bbox 1185 3039 1243 3089; x_wconf 91' lang='lat' dir='ltr'><strong>et</strong></span> <span class='ocrx_word' id='word_1_319' title='bbox 1267 3027 1338 3088; x_wconf 91' lang='lat' dir='ltr'><strong>ad</strong></span> <span class='ocrx_word' id='word_1_320' title='bbox 1375 3027 1855 3106; x_wconf 84' lang='lat' dir='ltr'><strong>persuadendum</strong></span> <span class='ocrx_word' id='word_1_321' title='bbox 1891 3043 2028 3103; x_wconf 84' lang='lat' dir='ltr'><strong>per-</strong></span> 
     </span>
    </p>
   </div>
   <div class='ocr_carea' id='block_1_50' title="bbox 2123 1828 3775 1916">
    <p class='ocr_par' dir='ltr' id='par_1_50' title="bbox 2123 1828 3775 1916">
     <span class='ocr_line' id='line_1_50' title="bbox 2123 1828 3775 1916; baseline 0.007 -33"><span class='ocrx_word' id='word_1_322' title='bbox 2123 1831 2265 1884; x_wconf 70' lang='grc' dir='ltr'>ἔστιν</span> <span class='ocrx_word' id='word_1_323' title='bbox 2315 1830 2596 1905; x_wconf 68' lang='grc' dir='ltr'>ἐπώνυμος</span> <span class='ocrx_word' id='word_1_324' title='bbox 2653 1835 2745 1888; x_wconf 76' lang='grc' dir='ltr'>καὶ</span> <span class='ocrx_word' id='word_1_325' title='bbox 2807 1828 3033 1909; x_wconf 67' lang='grc' dir='ltr'>Ἑρμῆς,</span> <span class='ocrx_word' id='word_1_326' title='bbox 3125 1833 3370 1910; x_wconf 67' lang='grc' dir='ltr'>ἀνάθημα</span> <span class='ocrx_word' id='word_1_327' title='bbox 3420 1836 3519 1911; x_wconf 81' lang='grc' dir='ltr'>μὲν</span> <span class='ocrx_word' id='word_1_328' title='bbox 3594 1837 3775 1916; x_wconf 62' lang='grc' dir='ltr'>φυλῆς</span> 
     </span>
    </p>
   </div>
   <div class='ocr_carea' id='block_1_51' title="bbox 2127 1920 3776 2000">
    <p class='ocr_par' dir='ltr' id='par_1_51' title="bbox 2127 1920 3776 2000">
     <span class='ocr_line' id='line_1_51' title="bbox 2127 1920 3776 2000; baseline 0.005 -22"><span class='ocrx_word' id='word_1_329' title='bbox 2127 1920 2409 2000; x_wconf 81' lang='grc' dir='ltr'>Αἰγηίδος,</span> <span class='ocrx_word' id='word_1_330' title='bbox 2470 1922 2775 1992; x_wconf 74' lang='grc' dir='ltr'>ἓπικληθεῖς</span> <span class='ocrx_word' id='word_1_331' title='bbox 2830 1922 2886 1980; x_wconf 74' lang='grc' dir='ltr'>δὲ</span> <span class='ocrx_word' id='word_1_332' title='bbox 2948 1922 3272 1999; x_wconf 77' lang='grc' dir='ltr'>’Δνδοκίδου,</span> <span class='ocrx_word' id='word_1_333' title='bbox 3359 1925 3491 1985; x_wconf 80' lang='grc' dir='ltr'>διότι</span> <span class='ocrx_word' id='word_1_334' title='bbox 3536 1929 3776 1998; x_wconf 78' lang='grc' dir='ltr'>πλησίον</span> 
     </span>
    </p>
   </div>
   <div class='ocr_carea' id='block_1_52' title="bbox 2122 2011 2819 2082">
    <p class='ocr_par' dir='ltr' id='par_1_52' title="bbox 2122 2011 2819 2082">
     <span class='ocr_line' id='line_1_52' title="bbox 2122 2011 2819 2082; baseline 0.006 -14"><span class='ocrx_word' id='word_1_335' title='bbox 2122 2013 2282 2070; x_wconf 75' lang='grc' dir='ltr'><strong>αὗτοῦ</strong></span> <span class='ocrx_word' id='word_1_336' title='bbox 2326 2011 2640 2082; x_wconf 75' lang='grc' dir='ltr'>’Δνδοκίδης</span> <span class='ocrx_word' id='word_1_337' title='bbox 2671 2015 2819 2074; x_wconf 82' lang='grc' dir='ltr'>ὢκεί.</span> 
     </span>
    </p>
   </div>
   <div class='ocr_carea' id='block_1_53' title="bbox 2852 2375 3010 2416">
    <p class='ocr_par' dir='ltr' id='par_1_53' title="bbox 2852 2375 3010 2416">
     <span class='ocr_line' id='line_1_53' title="bbox 2852 2375 3010 2416; baseline 0 0"><span class='ocrx_word' id='word_1_338' title='bbox 2852 2375 3010 2416; x_wconf 59' lang='grc' dir='ltr'><strong>ςῖτιν</strong></span> 
     </span>
    </p>
   </div>
   <div class='ocr_carea' id='block_1_54' title="bbox 2849 2413 2946 2430">
    <p class='ocr_par' dir='ltr' id='par_1_54' title="bbox 2849 2413 2946 2430">
     <span class='ocr_line' id='line_1_54' title="bbox 2849 2413 2946 2430; baseline 0 0"><span class='ocrx_word' id='word_1_339' title='bbox 2849 2413 2946 2430; x_wconf 60' lang='lat'><strong>“&#39;—</strong></span> 
     </span>
    </p>
   </div>
   <div class='ocr_carea' id='block_1_55' title="bbox 2761 2482 3155 2561">
    <p class='ocr_par' dir='ltr' id='par_1_55' title="bbox 2761 2482 3155 2561">
     <span class='ocr_line' id='line_1_55' title="bbox 2761 2482 3155 2561; baseline 0 -23"><span class='ocrx_word' id='word_1_340' title='bbox 2761 2483 2952 2542; x_wconf 79' lang='grc' dir='ltr'>Λυσίου</span> <span class='ocrx_word' id='word_1_341' title='bbox 2980 2482 3155 2561; x_wconf 73' lang='grc' dir='ltr'>λόγοι,</span> 
     </span>
    </p>
   </div>
   <div class='ocr_carea' id='block_1_56' title="bbox 2196 2583 3776 2668">
    <p class='ocr_par' dir='ltr' id='par_1_56' title="bbox 2196 2583 3776 2668">
     <span class='ocr_line' id='line_1_56' title="bbox 2196 2583 3776 2668; baseline 0.002 -25"><span class='ocrx_word' id='word_1_342' title='bbox 2196 2583 2638 2664; x_wconf 73' lang='grc' dir='ltr'>’Δνεγνώσθησαν</span> <span class='ocrx_word' id='word_1_343' title='bbox 2704 2588 2893 2642; x_wconf 79' lang='grc' dir='ltr'>Λυσίου</span> <span class='ocrx_word' id='word_1_344' title='bbox 2963 2585 3113 2665; x_wconf 84' lang='grc' dir='ltr'>λόγοι</span> <span class='ocrx_word' id='word_1_345' title='bbox 3169 2585 3430 2667; x_wconf 77' lang='grc' dir='ltr'>διάφοροι,</span> <span class='ocrx_word' id='word_1_346' title='bbox 3512 2588 3776 2668; x_wconf 68' lang='grc' dir='ltr'>φέρονται</span> 
     </span>
    </p>
   </div>
   <div class='ocr_carea' id='block_1_57' title="bbox 2115 2667 3767 2755">
    <p class='ocr_par' dir='ltr' id='par_1_57' title="bbox 2115 2667 3767 2755">
     <span class='ocr_line' id='line_1_57' title="bbox 2115 2667 3767 2755; baseline 0.001 -23"><span class='ocrx_word' id='word_1_347' title='bbox 2115 2673 2170 2732; x_wconf 67' lang='grc' dir='ltr'>δὲ</span> <span class='ocrx_word' id='word_1_348' title='bbox 2231 2675 2386 2732; x_wconf 67' lang='grc' dir='ltr'>αὑτοῦ</span> <span class='ocrx_word' id='word_1_349' title='bbox 2445 2674 2524 2732; x_wconf 86' lang='grc' dir='ltr'>κε’</span> <span class='ocrx_word' id='word_1_350' title='bbox 2570 2677 2658 2732; x_wconf 83' lang='grc' dir='ltr'><strong>καὶ</strong></span> <span class='ocrx_word' id='word_1_351' title='bbox 2712 2679 2764 2748; x_wconf 85' lang='grc' dir='ltr'>ύ,</span> <span class='ocrx_word' id='word_1_352' title='bbox 2823 2676 2896 2732; x_wconf 81' lang='grc' dir='ltr'>ὧν</span> <span class='ocrx_word' id='word_1_353' title='bbox 2929 2689 3044 2739; x_wconf 70' lang='grc' dir='ltr'>τοῖς</span> <span class='ocrx_word' id='word_1_354' title='bbox 3093 2678 3334 2755; x_wconf 77' lang='grc' dir='ltr'>γνησίοις</span> <span class='ocrx_word' id='word_1_355' title='bbox 3367 2667 3424 2755; x_wconf 72' lang='grc' dir='ltr'>γ’</span> <span class='ocrx_word' id='word_1_356' title='bbox 3451 2667 3539 2734; x_wconf 65' lang='grc' dir='ltr'><strong>καί</strong></span> <span class='ocrx_word' id='word_1_357' title='bbox 3573 2677 3627 2734; x_wconf 81' lang='grc' dir='ltr'>λ’</span> <span class='ocrx_word' id='word_1_358' title='bbox 3663 2679 3767 2736; x_wconf 77' lang='grc' dir='ltr'>καὶ</span> 
     </span>
    </p>
   </div>
   <div class='ocr_carea' id='block_1_58' title="bbox 2114 2763 3770 2846">
    <p class='ocr_par' dir='ltr' id='par_1_58' title="bbox 2114 2763 3770 2846">
     <span class='ocr_line' id='line_1_58' title="bbox 2114 2763 3770 2846; baseline 0.002 -25"><span class='ocrx_word' id='word_1_359' title='bbox 2114 2763 2412 2828; x_wconf 72' lang='grc' dir='ltr'>διακοσίους</span> <span class='ocrx_word' id='word_1_360' title='bbox 2455 2764 2517 2815; x_wconf 77' lang='grc'><strong>76</strong></span> <span class='ocrx_word' id='word_1_361' title='bbox 2585 2766 2935 2846; x_wconf 71' lang='grc' dir='ltr'>ἐγκρίνωσιν,</span> <span class='ocrx_word' id='word_1_362' title='bbox 2998 2766 3052 2822; x_wconf 74' lang='grc' dir='ltr'>ἐν</span> <span class='ocrx_word' id='word_1_363' title='bbox 3085 2767 3172 2830; x_wconf 76' lang='grc' dir='ltr'>οἷς</span> <span class='ocrx_word' id='word_1_364' title='bbox 3204 2765 3279 2831; x_wconf 77' lang='grc' dir='ltr'><strong>δὶς</strong></span> <span class='ocrx_word' id='word_1_365' title='bbox 3309 2769 3472 2842; x_wconf 85' lang='grc' dir='ltr'>μόνον</span> <span class='ocrx_word' id='word_1_366' title='bbox 3501 2770 3562 2824; x_wconf 82' lang='grc' dir='ltr'>τὸ</span> <span class='ocrx_word' id='word_1_367' title='bbox 3593 2767 3770 2825; x_wconf 73' lang='grc' dir='ltr'>ἔλατ-</span> 
     </span>
    </p>
   </div>
   <div class='ocr_carea' id='block_1_59' title="bbox 2113 2855 3770 2934">
    <p class='ocr_par' dir='ltr' id='par_1_59' title="bbox 2113 2855 3770 2934">
     <span class='ocr_line' id='line_1_59' title="bbox 2113 2855 3770 2934; baseline 0.002 -23"><span class='ocrx_word' id='word_1_368' title='bbox 2113 2877 2202 2912; x_wconf 88' lang='grc' dir='ltr'><strong>τον</strong></span> <span class='ocrx_word' id='word_1_369' title='bbox 2246 2857 2491 2932; x_wconf 70' lang='grc' dir='ltr'>ὶνεγκεϊν</span> <span class='ocrx_word' id='word_1_370' title='bbox 2551 2863 2620 2923; x_wconf 80' lang='grc' dir='ltr'>τῆ</span> <span class='ocrx_word' id='word_1_371' title='bbox 2691 2855 2828 2920; x_wconf 76' lang='grc' dir='ltr'>λέξει</span> <span class='ocrx_word' id='word_1_372' title='bbox 2873 2858 3006 2934; x_wconf 81' lang='grc' dir='ltr'>πρὸς</span> <span class='ocrx_word' id='word_1_373' title='bbox 3037 2858 3156 2919; x_wconf 75' lang='grc' dir='ltr'>τοὺς</span> <span class='ocrx_word' id='word_1_374' title='bbox 3189 2859 3586 2934; x_wconf 76' lang='grc' dir='ltr'>ἀνταγωνιστὰς</span> <span class='ocrx_word' id='word_1_375' title='bbox 3613 2858 3770 2915; x_wconf 86' lang='grc' dir='ltr'>πολ-</span> 
     </span>
    </p>
   </div>
   <div class='ocr_carea' id='block_1_60' title="bbox 2113 2942 3767 3026">
    <p class='ocr_par' dir='ltr' id='par_1_60' title="bbox 2113 2942 3767 3026">
     <span class='ocr_line' id='line_1_60' title="bbox 2113 2942 3767 3026; baseline 0.003 -27"><span class='ocrx_word' id='word_1_376' title='bbox 2113 2942 2265 3007; x_wconf 70' lang='grc' dir='ltr'>λάκις</span> <span class='ocrx_word' id='word_1_377' title='bbox 2321 2943 2717 3022; x_wconf 73' lang='grc' dir='ltr'>ἅγωνισάμενος</span> <span class='ocrx_word' id='word_1_378' title='bbox 2767 2944 3003 3022; x_wconf 78' lang='grc' dir='ltr'>λέγεται.</span> <span class='ocrx_word' id='word_1_379' title='bbox 3065 2945 3222 3004; x_wconf 80' lang='grc' dir='ltr'>’Ἐστι</span> <span class='ocrx_word' id='word_1_380' title='bbox 3281 2944 3336 3002; x_wconf 75' lang='grc' dir='ltr'>δὲ</span> <span class='ocrx_word' id='word_1_381' title='bbox 3392 2960 3511 3008; x_wconf 71' lang='grc' dir='ltr'>τοῖς</span> <span class='ocrx_word' id='word_1_382' title='bbox 3575 2947 3767 3026; x_wconf 74' lang='grc' dir='ltr'>λόγοις</span> 
     </span>
    </p>
   </div>
   <div class='ocr_carea' id='block_1_61' title="bbox 2111 3034 3766 3113">
    <p class='ocr_par' dir='ltr' id='par_1_61' title="bbox 2111 3034 3766 3113">
     <span class='ocr_line' id='line_1_61' title="bbox 2111 3034 3766 3113; baseline 0.002 -23"><span class='ocrx_word' id='word_1_383' title='bbox 2111 3035 2446 3113; x_wconf 72' lang='grc' dir='ltr'>βραχύτατός</span> <span class='ocrx_word' id='word_1_384' title='bbox 2499 3055 2555 3090; x_wconf 86' lang='grc' dir='ltr'><strong>τε</strong></span> <span class='ocrx_word' id='word_1_385' title='bbox 2601 3035 2686 3089; x_wconf 79' lang='grc' dir='ltr'><strong>καὶ</strong></span> <span class='ocrx_word' id='word_1_386' title='bbox 2730 3035 3108 3106; x_wconf 83' lang='grc' dir='ltr'>τιθανώτατος,</span> <span class='ocrx_word' id='word_1_387' title='bbox 3171 3039 3264 3092; x_wconf 62' lang='grc' dir='ltr'>καὶ</span> <span class='ocrx_word' id='word_1_388' title='bbox 3343 3041 3421 3109; x_wconf 82' lang='grc' dir='ltr'>τῷ</span> <span class='ocrx_word' id='word_1_389' title='bbox 3451 3034 3628 3092; x_wconf 79' lang='grc' dir='ltr'>δοκεῖν</span> <span class='ocrx_word' id='word_1_390' title='bbox 3677 3038 3766 3110; x_wconf 73' lang='grc' dir='ltr'>μὴ</span> 
     </span>
    </p>
   </div>
   <div class='ocr_carea' id='block_1_62' title="bbox 384 3115 2034 3203">
    <p class='ocr_par' dir='ltr' id='par_1_62' title="bbox 384 3115 2026 3200">
     <span class='ocr_line' id='line_1_62' title="bbox 384 3115 2026 3200; baseline -0.002 -20"><span class='ocrx_word' id='word_1_391' title='bbox 384 3120 779 3200; x_wconf 82' lang='lat' dir='ltr'><strong>appositus,et</strong></span> <span class='ocrx_word' id='word_1_392' title='bbox 799 3118 849 3179; x_wconf 92' lang='lat' dir='ltr'><strong>si</strong></span> <span class='ocrx_word' id='word_1_393' title='bbox 882 3119 1019 3199; x_wconf 75' lang='lat' dir='ltr'><strong>quis</strong></span> <span class='ocrx_word' id='word_1_394' title='bbox 1049 3117 1200 3179; x_wconf 88' lang='lat' dir='ltr'><strong>alius</strong></span> <span class='ocrx_word' id='word_1_395' title='bbox 1223 3116 1478 3196; x_wconf 79' lang='lat' dir='ltr'><strong>graviter</strong></span> <span class='ocrx_word' id='word_1_396' title='bbox 1509 3115 1748 3177; x_wconf 91' lang='lat' dir='ltr'><strong>dicendi</strong></span> <span class='ocrx_word' id='word_1_397' title='bbox 1777 3123 2026 3195; x_wconf 78' lang='lat' dir='ltr'><strong>peritus,</strong></span> 
     </span>
    </p>
   </div>
   <div class='ocr_carea' id='block_1_63' title="bbox 2122 3115 3768 3203">
    <p class='ocr_par' dir='ltr' id='par_1_63' title="bbox 2122 3121 3768 3203">
     <span class='ocr_line' id='line_1_63' title="bbox 2122 3121 3768 3203; baseline 0.002 -23"><span class='ocrx_word' id='word_1_398' title='bbox 2122 3123 2297 3187; x_wconf 74' lang='grc' dir='ltr'>δεινῶς</span> <span class='ocrx_word' id='word_1_399' title='bbox 2355 3123 2564 3199; x_wconf 81' lang='grc' dir='ltr'>λέγειν,</span> <span class='ocrx_word' id='word_1_400' title='bbox 2597 3121 2751 3201; x_wconf 71' lang='grc' dir='ltr'>εἴπερ</span> <span class='ocrx_word' id='word_1_401' title='bbox 2795 3122 2870 3184; x_wconf 72' lang='grc' dir='ltr'><strong>διε</strong></span> <span class='ocrx_word' id='word_1_402' title='bbox 2907 3124 3094 3203; x_wconf 69' lang='grc' dir='ltr'>ἄλλος,</span> <span class='ocrx_word' id='word_1_403' title='bbox 3129 3123 3427 3189; x_wconf 76' lang='grc' dir='ltr'>δεινότατος</span> <span class='ocrx_word' id='word_1_404' title='bbox 3472 3125 3533 3174; x_wconf 82' lang='lat'><strong>77</strong></span> <span class='ocrx_word' id='word_1_405' title='bbox 3566 3147 3577 3157; x_wconf 86' lang='lat'><strong>&#39;</strong></span> <span class='ocrx_word' id='word_1_406' title='bbox 3615 3126 3768 3183; x_wconf 70' lang='grc' dir='ltr'>ἀλλὰ</span> 
     </span>
    </p>
   </div>
   <div class='ocr_carea' id='block_1_64' title="bbox 387 3205 2033 3288">
    <p class='ocr_par' dir='ltr' id='par_1_64' title="bbox 387 3205 2033 3288">
     <span class='ocr_line' id='line_1_64' title="bbox 387 3205 2033 3288; baseline -0.001 -19"><span class='ocrx_word' id='word_1_407' title='bbox 387 3209 619 3272; x_wconf 86' lang='lat' dir='ltr'><strong>tametsi</strong></span> <span class='ocrx_word' id='word_1_408' title='bbox 648 3228 763 3270; x_wconf 90' lang='lat' dir='ltr'><strong>non</strong></span> <span class='ocrx_word' id='word_1_409' title='bbox 797 3217 1100 3288; x_wconf 82' lang='lat' dir='ltr'><strong>appareat.</strong></span> <span class='ocrx_word' id='word_1_410' title='bbox 1159 3208 1393 3270; x_wconf 86' lang='lat' dir='ltr'><strong>Etenim</strong></span> <span class='ocrx_word' id='word_1_411' title='bbox 1445 3224 1782 3287; x_wconf 88' lang='lat' dir='ltr'><strong>quanquam</strong></span> <span class='ocrx_word' id='word_1_412' title='bbox 1836 3205 2033 3268; x_wconf 81' lang='lat' dir='ltr'><strong>facilis</strong></span> 
     </span>
    </p>
   </div>
   <div class='ocr_carea' id='block_1_65' title="bbox 381 3295 2028 3367">
    <p class='ocr_par' dir='ltr' id='par_1_65' title="bbox 381 3295 2028 3367">
     <span class='ocr_line' id='line_1_65' title="bbox 381 3295 2028 3367; baseline -0.002 -8"><span class='ocrx_word' id='word_1_413' title='bbox 381 3299 618 3360; x_wconf 89' lang='lat' dir='ltr'><strong>videtur</strong></span> <span class='ocrx_word' id='word_1_414' title='bbox 647 3317 803 3367; x_wconf 91' lang='lat' dir='ltr'><strong>esse,</strong></span> <span class='ocrx_word' id='word_1_415' title='bbox 830 3297 1226 3360; x_wconf 82' lang='lat' dir='ltr'><strong>nihilominus</strong></span> <span class='ocrx_word' id='word_1_416' title='bbox 1259 3307 1457 3358; x_wconf 87' lang='lat' dir='ltr'><strong>tamen</strong></span> <span class='ocrx_word' id='word_1_417' title='bbox 1489 3297 1720 3358; x_wconf 90' lang='lat' dir='ltr'><strong>imitatu</strong></span> <span class='ocrx_word' id='word_1_418' title='bbox 1749 3303 1838 3358; x_wconf 91' lang='lat' dir='ltr'><strong>est</strong></span> <span class='ocrx_word' id='word_1_419' title='bbox 1869 3295 2028 3356; x_wconf 76' lang='lat' dir='ltr'><strong>ditii-</strong></span> 
     </span>
    </p>
   </div>
   <div class='ocr_carea' id='block_1_66' title="bbox 383 3385 2030 3468">
    <p class='ocr_par' dir='ltr' id='par_1_66' title="bbox 383 3385 2030 3468">
     <span class='ocr_line' id='line_1_66' title="bbox 383 3385 2030 3468; baseline -0.004 -16"><span class='ocrx_word' id='word_1_420' title='bbox 383 3389 538 3452; x_wconf 84' lang='lat' dir='ltr'><strong>cilis.</strong></span> <span class='ocrx_word' id='word_1_421' title='bbox 575 3387 786 3449; x_wconf 84' lang='lat' dir='ltr'><strong>Multas</strong></span> <span class='ocrx_word' id='word_1_422' title='bbox 815 3387 1119 3450; x_wconf 89' lang='lat' dir='ltr'><strong>orationes</strong></span> <span class='ocrx_word' id='word_1_423' title='bbox 1143 3387 1385 3468; x_wconf 86' lang='lat' dir='ltr'><strong>privatis</strong></span> <span class='ocrx_word' id='word_1_424' title='bbox 1415 3385 1763 3448; x_wconf 80' lang='lat' dir='ltr'><strong>hominibus</strong></span> <span class='ocrx_word' id='word_1_425' title='bbox 1790 3385 2030 3447; x_wconf 85' lang='lat' dir='ltr'><strong>dedisse</strong></span> 
     </span>
    </p>
   </div>
   <div class='ocr_carea' id='block_1_67' title="bbox 382 3475 2032 3558">
    <p class='ocr_par' dir='ltr' id='par_1_67' title="bbox 382 3475 2032 3558">
     <span class='ocr_line' id='line_1_67' title="bbox 382 3475 2032 3558; baseline -0.002 -18"><span class='ocrx_word' id='word_1_426' title='bbox 382 3479 625 3542; x_wconf 87' lang='lat' dir='ltr'><strong>dicitur.</strong></span> <span class='ocrx_word' id='word_1_427' title='bbox 656 3475 904 3558; x_wconf 87' lang='lat' dir='ltr'><strong>Scripsit</strong></span> <span class='ocrx_word' id='word_1_428' title='bbox 940 3478 1078 3540; x_wconf 91' lang='lat' dir='ltr'><strong>item</strong></span> <span class='ocrx_word' id='word_1_429' title='bbox 1109 3478 1168 3538; x_wconf 89' lang='lat' dir='ltr'><strong>in</strong></span> <span class='ocrx_word' id='word_1_430' title='bbox 1200 3495 1422 3555; x_wconf 43' lang='lat' dir='ltr'><strong>tenere</strong></span> <span class='ocrx_word' id='word_1_431' title='bbox 1453 3475 1761 3542; x_wconf 86' lang='lat' dir='ltr'><strong>orationis.</strong></span> <span class='ocrx_word' id='word_1_432' title='bbox 1793 3477 2032 3537; x_wconf 88' lang='lat' dir='ltr'><strong>concio-</strong></span> 
     </span>
    </p>
   </div>
   <div class='ocr_carea' id='block_1_68' title="bbox 381 3565 2037 3645">
    <p class='ocr_par' dir='ltr' id='par_1_68' title="bbox 381 3565 2037 3645">
     <span class='ocr_line' id='line_1_68' title="bbox 381 3565 2037 3645; baseline -0.002 -14"><span class='ocrx_word' id='word_1_433' title='bbox 381 3586 514 3644; x_wconf 87' lang='lat' dir='ltr'><strong>nes,</strong></span> <span class='ocrx_word' id='word_1_434' title='bbox 545 3567 854 3642; x_wconf 69' lang='lat' dir='ltr'><strong>epistolas,</strong></span> <span class='ocrx_word' id='word_1_435' title='bbox 891 3566 1288 3641; x_wconf 87' lang='lat' dir='ltr'><strong>laudationes,</strong></span> <span class='ocrx_word' id='word_1_436' title='bbox 1323 3565 2037 3645; x_wconf 85' lang='lat' dir='ltr'><strong>epitaphia,amatoria,et</strong></span> 
     </span>
    </p>
   </div>
   <div class='ocr_carea' id='block_1_69' title="bbox 380 3653 2031 3738">
    <p class='ocr_par' dir='ltr' id='par_1_69' title="bbox 380 3653 2031 3738">
     <span class='ocr_line' id='line_1_69' title="bbox 380 3653 2031 3738; baseline -0.004 -16"><span class='ocrx_word' id='word_1_437' title='bbox 380 3659 646 3722; x_wconf 82' lang='lat' dir='ltr'><strong>Socratis</strong></span> <span class='ocrx_word' id='word_1_438' title='bbox 679 3657 1200 3719; x_wconf 74' lang='lat' dir='ltr'><strong>defensionemJn</strong></span> <span class='ocrx_word' id='word_1_439' title='bbox 1223 3656 1524 3738; x_wconf 85' lang='lat' dir='ltr'><strong>plerisque</strong></span> <span class='ocrx_word' id='word_1_440' title='bbox 1550 3653 1924 3718; x_wconf 87' lang='lat' dir='ltr'><strong>orationibus</strong></span> <span class='ocrx_word' id='word_1_441' title='bbox 1940 3663 2031 3716; x_wconf 91' lang='lat' dir='ltr'><strong>est</strong></span> 
     </span>
    </p>
   </div>
   <div class='ocr_carea' id='block_1_70' title="bbox 380 3743 2032 3830">
    <p class='ocr_par' dir='ltr' id='par_1_70' title="bbox 380 3743 2032 3830">
     <span class='ocr_line' id='line_1_70' title="bbox 380 3743 2032 3830; baseline -0.003 -19"><span class='ocrx_word' id='word_1_442' title='bbox 380 3749 645 3823; x_wconf 89' lang='lat' dir='ltr'><strong>moralis,</strong></span> <span class='ocrx_word' id='word_1_443' title='bbox 681 3756 739 3810; x_wconf 90' lang='lat' dir='ltr'><strong>et</strong></span> <span class='ocrx_word' id='word_1_444' title='bbox 769 3747 1012 3830; x_wconf 90' lang='lat' dir='ltr'><strong>quidem</strong></span> <span class='ocrx_word' id='word_1_445' title='bbox 1047 3746 1121 3808; x_wconf 86' lang='lat' dir='ltr'><strong>ad</strong></span> <span class='ocrx_word' id='word_1_446' title='bbox 1151 3747 1606 3826; x_wconf 84' lang='lat' dir='ltr'><strong>intelligentiam</strong></span> <span class='ocrx_word' id='word_1_447' title='bbox 1637 3764 1773 3808; x_wconf 91' lang='lat' dir='ltr'><strong>cum</strong></span> <span class='ocrx_word' id='word_1_448' title='bbox 1807 3743 2032 3808; x_wconf 85' lang='lat' dir='ltr'><strong>bonum</strong></span> 
     </span>
    </p>
   </div>
   <div class='ocr_carea' id='block_1_71' title="bbox 379 3833 2029 3917">
    <p class='ocr_par' dir='ltr' id='par_1_71' title="bbox 379 3833 2029 3917">
     <span class='ocr_line' id='line_1_71' title="bbox 379 3833 2029 3917; baseline -0.002 -17"><span class='ocrx_word' id='word_1_449' title='bbox 379 3840 622 3902; x_wconf 82' lang='lat' dir='ltr'><strong>sortitur</strong></span> <span class='ocrx_word' id='word_1_450' title='bbox 657 3846 1095 3917; x_wconf 83' lang='lat' dir='ltr'><strong>argumentum,</strong></span> <span class='ocrx_word' id='word_1_451' title='bbox 1120 3846 1174 3898; x_wconf 88' lang='lat' dir='ltr'><strong>et</strong></span> <span class='ocrx_word' id='word_1_452' title='bbox 1199 3836 1356 3917; x_wconf 91' lang='lat' dir='ltr'><strong>quod</strong></span> <span class='ocrx_word' id='word_1_453' title='bbox 1385 3836 1454 3898; x_wconf 87' lang='lat' dir='ltr'><strong>ad</strong></span> <span class='ocrx_word' id='word_1_454' title='bbox 1491 3833 1738 3896; x_wconf 87' lang='lat' dir='ltr'><strong>meliora</strong></span> <span class='ocrx_word' id='word_1_455' title='bbox 1769 3843 2029 3897; x_wconf 91' lang='lat' dir='ltr'><strong>conten-</strong></span> 
     </span>
    </p>
   </div>
   <div class='ocr_carea' id='block_1_72' title="bbox 380 3922 2026 4002">
    <p class='ocr_par' dir='ltr' id='par_1_72' title="bbox 380 3922 2026 4002">
     <span class='ocr_line' id='line_1_72' title="bbox 380 3922 2026 4002; baseline -0.003 -11"><span class='ocrx_word' id='word_1_456' title='bbox 380 3926 680 3991; x_wconf 85' lang='lat' dir='ltr'><strong>dat.Un(le</strong></span> <span class='ocrx_word' id='word_1_457' title='bbox 701 3947 818 3989; x_wconf 92' lang='lat' dir='ltr'><strong>non</strong></span> <span class='ocrx_word' id='word_1_458' title='bbox 843 3927 1103 3989; x_wconf 87' lang='lat' dir='ltr'><strong>tenuiter</strong></span> <span class='ocrx_word' id='word_1_459' title='bbox 1136 3926 1479 3998; x_wconf 89' lang='lat' dir='ltr'><strong>dicendum,</strong></span> <span class='ocrx_word' id='word_1_460' title='bbox 1507 3922 1647 4002; x_wconf 92' lang='lat' dir='ltr'><strong>quid</strong></span> <span class='ocrx_word' id='word_1_461' title='bbox 1669 3923 1754 3986; x_wconf 91' lang='lat' dir='ltr'><strong>rei</strong></span> <span class='ocrx_word' id='word_1_462' title='bbox 1773 3933 2026 4000; x_wconf 81' lang='lat' dir='ltr'><strong>gestum,</strong></span> 
     </span>
    </p>
   </div>
   <div class='ocr_carea' id='block_1_73' title="bbox 379 4011 2023 4094">
    <p class='ocr_par' dir='ltr' id='par_1_73' title="bbox 379 4011 2023 4094">
     <span class='ocr_line' id='line_1_73' title="bbox 379 4011 2023 4094; baseline -0.003 -14"><span class='ocrx_word' id='word_1_463' title='bbox 379 4017 485 4080; x_wconf 89' lang='lat' dir='ltr'><strong>sed</strong></span> <span class='ocrx_word' id='word_1_464' title='bbox 508 4027 568 4080; x_wconf 90' lang='lat' dir='ltr'><strong>et</strong></span> <span class='ocrx_word' id='word_1_465' title='bbox 595 4017 747 4077; x_wconf 88' lang='lat' dir='ltr'><strong>ratio</strong></span> <span class='ocrx_word' id='word_1_466' title='bbox 771 4014 1156 4082; x_wconf 79' lang='lat' dir='ltr'><strong>addenda,th</strong></span> <span class='ocrx_word' id='word_1_467' title='bbox 1187 4032 1365 4094; x_wconf 86' lang='lat' dir='ltr'><strong>quam</strong></span> <span class='ocrx_word' id='word_1_468' title='bbox 1398 4011 1631 4090; x_wconf 87' lang='lat' dir='ltr'><strong>singula</strong></span> <span class='ocrx_word' id='word_1_469' title='bbox 1660 4012 1782 4073; x_wconf 89' lang='lat' dir='ltr'><strong>sint</strong></span> <span class='ocrx_word' id='word_1_470' title='bbox 1806 4023 1975 4091; x_wconf 82' lang='lat' dir='ltr'><strong>gesta</strong></span> <span class='ocrx_word' id='word_1_471' title='bbox 2009 4035 2023 4094; x_wconf 90' lang='lat'><strong>;</strong></span> 
     </span>
    </p>
   </div>
   <div class='ocr_carea' id='block_1_74' title="bbox 377 4101 2028 4185">
    <p class='ocr_par' dir='ltr' id='par_1_74' title="bbox 377 4101 2028 4185">
     <span class='ocr_line' id='line_1_74' title="bbox 377 4101 2028 4185; baseline -0.001 -19"><span class='ocrx_word' id='word_1_472' title='bbox 377 4107 543 4168; x_wconf 80' lang='lat' dir='ltr'><strong>verbi</strong></span> <span class='ocrx_word' id='word_1_473' title='bbox 573 4105 788 4185; x_wconf 85' lang='lat' dir='ltr'><strong>gratia,</strong></span> <span class='ocrx_word' id='word_1_474' title='bbox 823 4105 874 4166; x_wconf 91' lang='lat' dir='ltr'><strong>si</strong></span> <span class='ocrx_word' id='word_1_475' title='bbox 897 4101 1167 4165; x_wconf 83' lang='lat' dir='ltr'><strong>dillicilia</strong></span> <span class='ocrx_word' id='word_1_476' title='bbox 1197 4103 1455 4182; x_wconf 81' lang='lat' dir='ltr'><strong>dixerit,</strong></span> <span class='ocrx_word' id='word_1_477' title='bbox 1489 4101 1722 4162; x_wconf 88' lang='lat' dir='ltr'><strong>causari</strong></span> <span class='ocrx_word' id='word_1_478' title='bbox 1756 4103 2028 4166; x_wconf 86' lang='lat' dir='ltr'><strong>necessi-</strong></span> 
     </span>
    </p>
   </div>
   <div class='ocr_carea' id='block_1_75' title="bbox 380 4191 2026 4272">
    <p class='ocr_par' dir='ltr' id='par_1_75' title="bbox 380 4191 2026 4272">
     <span class='ocr_line' id='line_1_75' title="bbox 380 4191 2026 4272; baseline 0 -17"><span class='ocrx_word' id='word_1_479' title='bbox 380 4203 564 4270; x_wconf 86' lang='lat' dir='ltr'><strong>tatem</strong></span> <span class='ocrx_word' id='word_1_480' title='bbox 603 4211 741 4272; x_wconf 76' lang='lat' dir='ltr'><strong>erga</strong></span> <span class='ocrx_word' id='word_1_481' title='bbox 770 4193 1016 4267; x_wconf 88' lang='lat' dir='ltr'><strong>amicos,</strong></span> <span class='ocrx_word' id='word_1_482' title='bbox 1045 4199 1146 4253; x_wconf 88' lang='lat' dir='ltr'><strong>aut</strong></span> <span class='ocrx_word' id='word_1_483' title='bbox 1174 4191 1321 4253; x_wconf 90' lang='lat' dir='ltr'><strong>alios</strong></span> <span class='ocrx_word' id='word_1_484' title='bbox 1353 4191 1690 4254; x_wconf 83' lang='lat' dir='ltr'><strong>moderatos</strong></span> <span class='ocrx_word' id='word_1_485' title='bbox 1725 4213 1738 4255; x_wconf 91' lang='lat'>:</span> <span class='ocrx_word' id='word_1_486' title='bbox 1769 4210 1862 4254; x_wconf 87' lang='lat' dir='ltr'><strong>sm</strong></span> <span class='ocrx_word' id='word_1_487' title='bbox 1891 4211 2026 4256; x_wconf 86' lang='lat' dir='ltr'><strong>vero</strong></span> 
     </span>
    </p>
   </div>
   <div class='ocr_carea' id='block_1_76' title="bbox 381 4279 2026 4361">
    <p class='ocr_par' dir='ltr' id='par_1_76' title="bbox 381 4279 2026 4361">
     <span class='ocr_line' id='line_1_76' title="bbox 381 4279 2026 4361; baseline 0.001 -17"><span class='ocrx_word' id='word_1_488' title='bbox 381 4281 1018 4353; x_wconf 88' lang='lat' dir='ltr'><strong>meliora,voluntatem</strong></span> <span class='ocrx_word' id='word_1_489' title='bbox 1047 4279 1593 4361; x_wconf 63' lang='lat' dir='ltr'><strong>prietenilereﬂiec</strong></span> <span class='ocrx_word' id='word_1_490' title='bbox 1607 4299 1744 4343; x_wconf 84' lang='lat' dir='ltr'><strong>vero</strong></span> <span class='ocrx_word' id='word_1_491' title='bbox 1770 4283 2026 4346; x_wconf 81' lang='lat' dir='ltr'><strong>maxime</strong></span> 
     </span>
    </p>
   </div>
   <div class='ocr_carea' id='block_1_77' title="bbox 380 4371 2025 4454">
    <p class='ocr_par' dir='ltr' id='par_1_77' title="bbox 380 4371 2025 4454">
     <span class='ocr_line' id='line_1_77' title="bbox 380 4371 2025 4454; baseline 0 -20"><span class='ocrx_word' id='word_1_492' title='bbox 380 4371 708 4454; x_wconf 89' lang='lat' dir='ltr'><strong>probabilis</strong></span> <span class='ocrx_word' id='word_1_493' title='bbox 739 4381 850 4448; x_wconf 90' lang='lat' dir='ltr'><strong>est,</strong></span> <span class='ocrx_word' id='word_1_494' title='bbox 884 4373 935 4434; x_wconf 90' lang='lat' dir='ltr'><strong>si</strong></span> <span class='ocrx_word' id='word_1_495' title='bbox 968 4389 1203 4434; x_wconf 84' lang='lat' dir='ltr'><strong>causam</strong></span> <span class='ocrx_word' id='word_1_496' title='bbox 1251 4371 1684 4435; x_wconf 82' lang='lat' dir='ltr'><strong>addas.Causas</strong></span> <span class='ocrx_word' id='word_1_497' title='bbox 1736 4391 1873 4435; x_wconf 91' lang='lat' dir='ltr'><strong>vero</strong></span> <span class='ocrx_word' id='word_1_498' title='bbox 1905 4392 2025 4435; x_wconf 94' lang='lat' dir='ltr'><strong>non</strong></span> 
     </span>
    </p>
   </div>
   <div class='ocr_carea' id='block_1_78' title="bbox 378 4461 2034 4546">
    <p class='ocr_par' dir='ltr' id='par_1_78' title="bbox 378 4461 2022 4544">
     <span class='ocr_line' id='line_1_78' title="bbox 378 4461 2022 4544; baseline 0 -20"><span class='ocrx_word' id='word_1_499' title='bbox 378 4461 899 4544; x_wconf 85' lang='lat' dir='ltr'><strong>oportetutilitatis</strong></span> <span class='ocrx_word' id='word_1_500' title='bbox 927 4463 1121 4543; x_wconf 86' lang='lat' dir='ltr'><strong>gratia</strong></span> <span class='ocrx_word' id='word_1_501' title='bbox 1146 4480 1480 4526; x_wconf 88' lang='lat' dir='ltr'><strong>assumere.</strong></span> <span class='ocrx_word' id='word_1_502' title='bbox 1517 4463 1836 4526; x_wconf 84' lang='lat' dir='ltr'><strong>Prudentis</strong></span> <span class='ocrx_word' id='word_1_503' title='bbox 1862 4463 2022 4525; x_wconf 91' lang='lat' dir='ltr'><strong>enim</strong></span> 
     </span>
    </p>
   </div>
   <div class='ocr_carea' id='block_1_79' title="bbox 2122 4461 3027 4546">
    <p class='ocr_par' dir='ltr' id='par_1_79' title="bbox 2122 4463 3027 4546">
     <span class='ocr_line' id='line_1_79' title="bbox 2122 4463 3027 4546; baseline -0.001 -23"><span class='ocrx_word' id='word_1_504' title='bbox 2122 4466 2290 4529; x_wconf 77' lang='grc' dir='ltr'>ιελοῧς</span> <span class='ocrx_word' id='word_1_505' title='bbox 2335 4466 2490 4524; x_wconf 78' lang='grc' dir='ltr'>ἕνεκα</span> <span class='ocrx_word' id='word_1_506' title='bbox 2543 4463 2979 4546; x_wconf 63' lang='grc' dir='ltr'>παραλαμϐάνειν</span> <span class='ocrx_word' id='word_1_507' title='bbox 3012 4485 3027 4500; x_wconf 84' lang='grc'><em>’</em></span> 
     </span>
    </p>
   </div>
   <div class='ocr_carea' id='block_1_80' title="bbox 377 4550 2027 4632">
    <p class='ocr_par' dir='ltr' id='par_1_80' title="bbox 377 4550 2027 4632">
     <span class='ocr_line' id='line_1_80' title="bbox 377 4550 2027 4632; baseline 0 -16"><span class='ocrx_word' id='word_1_508' title='bbox 377 4554 492 4616; x_wconf 87' lang='lat' dir='ltr'><strong>hoc</strong></span> <span class='ocrx_word' id='word_1_509' title='bbox 516 4551 702 4632; x_wconf 82' lang='lat' dir='ltr'><strong>magis</strong></span> <span class='ocrx_word' id='word_1_510' title='bbox 726 4560 816 4613; x_wconf 89' lang='lat' dir='ltr'><strong>est</strong></span> <span class='ocrx_word' id='word_1_511' title='bbox 835 4552 946 4613; x_wconf 88' lang='lat' dir='ltr'><strong>viri</strong></span> <span class='ocrx_word' id='word_1_512' title='bbox 964 4551 1306 4632; x_wconf 86' lang='lat' dir='ltr'><strong>quamfrugi</strong></span> <span class='ocrx_word' id='word_1_513' title='bbox 1327 4571 1395 4614; x_wconf 90' lang='lat' dir='ltr'><strong>ac</strong></span> <span class='ocrx_word' id='word_1_514' title='bbox 1423 4550 1899 4631; x_wconf 80' lang='lat' dir='ltr'><strong>probi.Diffici|i5</strong></span> <span class='ocrx_word' id='word_1_515' title='bbox 1930 4553 2027 4616; x_wconf 87' lang='lat' dir='ltr'><strong>hic</strong></span> 
     </span>
    </p>
   </div>
   <div class='ocr_carea' id='block_1_81' title="bbox 379 4641 2029 4722">
    <p class='ocr_par' dir='ltr' id='par_1_81' title="bbox 379 4641 2029 4722">
     <span class='ocr_line' id='line_1_81' title="bbox 379 4641 2029 4722; baseline -0.001 -16"><span class='ocrx_word' id='word_1_516' title='bbox 379 4653 471 4707; x_wconf 90' lang='lat' dir='ltr'><strong>est</strong></span> <span class='ocrx_word' id='word_1_517' title='bbox 501 4642 778 4706; x_wconf 86' lang='lat' dir='ltr'><strong>servandi</strong></span> <span class='ocrx_word' id='word_1_518' title='bbox 812 4642 1046 4716; x_wconf 92' lang='lat' dir='ltr'><strong>modus,</strong></span> <span class='ocrx_word' id='word_1_519' title='bbox 1076 4641 1138 4705; x_wconf 87' lang='lat' dir='ltr'><strong>in</strong></span> <span class='ocrx_word' id='word_1_520' title='bbox 1171 4661 1289 4722; x_wconf 90' lang='lat' dir='ltr'><strong>quo</strong></span> <span class='ocrx_word' id='word_1_521' title='bbox 1323 4651 1381 4704; x_wconf 91' lang='lat' dir='ltr'><strong>et</strong></span> <span class='ocrx_word' id='word_1_522' title='bbox 1415 4642 1620 4721; x_wconf 84' lang='lat' dir='ltr'><strong>Lysias</strong></span> <span class='ocrx_word' id='word_1_523' title='bbox 1669 4659 1826 4722; x_wconf 69' lang='lat' dir='ltr'><strong>saepe</strong></span> <span class='ocrx_word' id='word_1_524' title='bbox 1855 4643 2029 4705; x_wconf 90' lang='lat' dir='ltr'><strong>vide-</strong></span> 
     </span>
    </p>
   </div>
   <div class='ocr_carea' id='block_1_82' title="bbox 377 4730 2032 4816">
    <p class='ocr_par' dir='ltr' id='par_1_82' title="bbox 377 4730 2032 4816">
     <span class='ocr_line' id='line_1_82' title="bbox 377 4730 2032 4816; baseline -0.001 -19"><span class='ocrx_word' id='word_1_525' title='bbox 377 4743 472 4797; x_wconf 89' lang='lat' dir='ltr'><strong>tur</strong></span> <span class='ocrx_word' id='word_1_526' title='bbox 502 4751 804 4816; x_wconf 87' lang='lat' dir='ltr'><strong>peccasse.</strong></span> <span class='ocrx_word' id='word_1_527' title='bbox 839 4731 1096 4796; x_wconf 82' lang='lat' dir='ltr'><strong>Maxime</strong></span> <span class='ocrx_word' id='word_1_528' title='bbox 1123 4730 1395 4794; x_wconf 81' lang='lat' dir='ltr'><strong>celebres</strong></span> <span class='ocrx_word' id='word_1_529' title='bbox 1417 4731 1716 4793; x_wconf 83' lang='lat' dir='ltr'><strong>habentur</strong></span> <span class='ocrx_word' id='word_1_530' title='bbox 1742 4752 1876 4794; x_wconf 93' lang='lat' dir='ltr'><strong>cum</strong></span> <span class='ocrx_word' id='word_1_531' title='bbox 1901 4732 2032 4795; x_wconf 65' lang='lat' dir='ltr'><strong>alia)</strong></span> 
     </span>
    </p>
   </div>
   <div class='ocr_carea' id='block_1_83' title="bbox 374 4820 2026 4904">
    <p class='ocr_par' dir='ltr' id='par_1_83' title="bbox 374 4820 2026 4904">
     <span class='ocr_line' id='line_1_83' title="bbox 374 4820 2026 4904; baseline -0.001 -18"><span class='ocrx_word' id='word_1_532' title='bbox 374 4827 676 4887; x_wconf 88' lang='lat' dir='ltr'><strong>orationes</strong></span> <span class='ocrx_word' id='word_1_533' title='bbox 705 4823 857 4904; x_wconf 87' lang='lat' dir='ltr'><strong>ejus,</strong></span> <span class='ocrx_word' id='word_1_534' title='bbox 895 4832 1016 4884; x_wconf 90' lang='lat' dir='ltr'><strong>tum</strong></span> <span class='ocrx_word' id='word_1_535' title='bbox 1050 4821 1126 4886; x_wconf 86' lang='lat' dir='ltr'><strong>de</strong></span> <span class='ocrx_word' id='word_1_536' title='bbox 1167 4821 1352 4884; x_wconf 86' lang='lat' dir='ltr'><strong>tutela</strong></span> <span class='ocrx_word' id='word_1_537' title='bbox 1385 4829 1593 4884; x_wconf 88' lang='lat' dir='ltr'><strong>contra</strong></span> <span class='ocrx_word' id='word_1_538' title='bbox 1624 4820 2026 4902; x_wconf 90' lang='lat' dir='ltr'><strong>Diogitonem,</strong></span> 
     </span>
    </p>
   </div>
   <div class='ocr_carea' id='block_1_84' title="bbox 375 4912 2024 4998">
    <p class='ocr_par' dir='ltr' id='par_1_84' title="bbox 375 4912 2024 4998">
     <span class='ocr_line' id='line_1_84' title="bbox 375 4912 2024 4998; baseline -0.001 -20"><span class='ocrx_word' id='word_1_539' title='bbox 375 4913 749 4998; x_wconf 84' lang='lat' dir='ltr'><strong>probabilem</strong></span> <span class='ocrx_word' id='word_1_540' title='bbox 779 4931 1041 4996; x_wconf 87' lang='lat' dir='ltr'><strong>namque</strong></span> <span class='ocrx_word' id='word_1_541' title='bbox 1087 4925 1146 4974; x_wconf 87' lang='lat' dir='ltr'><strong>et</strong></span> <span class='ocrx_word' id='word_1_542' title='bbox 1181 4930 1387 4992; x_wconf 80' lang='lat' dir='ltr'><strong>param</strong></span> <span class='ocrx_word' id='word_1_543' title='bbox 1419 4912 1827 4975; x_wconf 89' lang='lat' dir='ltr'><strong>narrationem</strong></span> <span class='ocrx_word' id='word_1_544' title='bbox 1861 4915 2024 4994; x_wconf 85' lang='lat' dir='ltr'><strong>facit,</strong></span> 
     </span>
    </p>
   </div>
   <div class='ocr_carea' id='block_1_85' title="bbox 373 5003 2018 5085">
    <p class='ocr_par' dir='ltr' id='par_1_85' title="bbox 373 5003 2018 5085">
     <span class='ocr_line' id='line_1_85' title="bbox 373 5003 2018 5085; baseline 0.001 -18"><span class='ocrx_word' id='word_1_545' title='bbox 373 5005 478 5068; x_wconf 83' lang='lat' dir='ltr'><strong>sed</strong></span> <span class='ocrx_word' id='word_1_546' title='bbox 513 5023 632 5068; x_wconf 91' lang='lat' dir='ltr'><strong>non</strong></span> <span class='ocrx_word' id='word_1_547' title='bbox 654 5013 818 5068; x_wconf 89' lang='lat' dir='ltr'><strong>recta</strong></span> <span class='ocrx_word' id='word_1_548' title='bbox 855 5003 929 5067; x_wconf 83' lang='lat' dir='ltr'><strong>ad</strong></span> <span class='ocrx_word' id='word_1_549' title='bbox 959 5003 1456 5085; x_wconf 81' lang='lat' dir='ltr'><strong>ampliﬁcationes</strong></span> <span class='ocrx_word' id='word_1_550' title='bbox 1485 5010 1545 5065; x_wconf 91' lang='lat' dir='ltr'><strong>et</strong></span> <span class='ocrx_word' id='word_1_551' title='bbox 1575 5003 2018 5084; x_wconf 73' lang='lat' dir='ltr'><strong>aggerationes,</strong></span> 
     </span>
    </p>
   </div>
   <div class='ocr_carea' id='block_1_86' title="bbox 376 5091 2022 5168">
    <p class='ocr_par' dir='ltr' id='par_1_86' title="bbox 376 5091 2022 5168">
     <span class='ocr_line' id='line_1_86' title="bbox 376 5091 2022 5168; baseline 0.002 -12"><span class='ocrx_word' id='word_1_552' title='bbox 376 5104 440 5157; x_wconf 93' lang='lat' dir='ltr'><strong>ut</strong></span> <span class='ocrx_word' id='word_1_553' title='bbox 463 5094 626 5156; x_wconf 87' lang='lat' dir='ltr'><strong>multi</strong></span> <span class='ocrx_word' id='word_1_554' title='bbox 648 5091 1538 5168; x_wconf 78' lang='lat' dir='ltr'><strong>faciunt,convertitur.Etenim</strong></span> <span class='ocrx_word' id='word_1_555' title='bbox 1571 5111 1692 5155; x_wconf 89' lang='lat' dir='ltr'><strong>non</strong></span> <span class='ocrx_word' id='word_1_556' title='bbox 1721 5103 1863 5156; x_wconf 83' lang='lat' dir='ltr'><strong>sunt</strong></span> <span class='ocrx_word' id='word_1_557' title='bbox 1897 5095 2022 5159; x_wconf 66' lang='lat' dir='ltr'><strong>haac</strong></span> 
     </span>
    </p>
   </div>
   <div class='ocr_carea' id='block_1_87' title="bbox 373 5183 2018 5266">
    <p class='ocr_par' dir='ltr' id='par_1_87' title="bbox 373 5183 2018 5266">
     <span class='ocr_line' id='line_1_87' title="bbox 373 5183 2018 5266; baseline 0.002 -20"><span class='ocrx_word' id='word_1_558' title='bbox 373 5185 614 5266; x_wconf 88' lang='lat' dir='ltr'><strong>propria</strong></span> <span class='ocrx_word' id='word_1_559' title='bbox 645 5185 823 5247; x_wconf 75' lang='lat' dir='ltr'><strong>480a</strong></span> <span class='ocrx_word' id='word_1_560' title='bbox 855 5185 1062 5264; x_wconf 61' lang='lat' dir='ltr'><strong>prima;</strong></span> <span class='ocrx_word' id='word_1_561' title='bbox 1094 5185 1180 5246; x_wconf 89' lang='lat' dir='ltr'><strong>rei</strong></span> <span class='ocrx_word' id='word_1_562' title='bbox 1212 5183 1650 5264; x_wconf 81' lang='lat' dir='ltr'><strong>explicationis,</strong></span> <span class='ocrx_word' id='word_1_563' title='bbox 1679 5183 1783 5245; x_wconf 89' lang='lat' dir='ltr'><strong>sed</strong></span> <span class='ocrx_word' id='word_1_564' title='bbox 1822 5185 2018 5248; x_wconf 91' lang='lat' dir='ltr'><strong>locum</strong></span> 
     </span>
    </p>
   </div>
   <div class='ocr_carea' id='block_1_88' title="bbox 373 5273 2014 5357">
    <p class='ocr_par' dir='ltr' id='par_1_88' title="bbox 373 5273 2014 5357">
     <span class='ocr_line' id='line_1_88' title="bbox 373 5273 2014 5357; baseline 0.002 -20"><span class='ocrx_word' id='word_1_565' title='bbox 373 5273 595 5338; x_wconf 84' lang='lat' dir='ltr'><strong>habent</strong></span> <span class='ocrx_word' id='word_1_566' title='bbox 616 5275 678 5336; x_wconf 89' lang='lat' dir='ltr'><strong>in</strong></span> <span class='ocrx_word' id='word_1_567' title='bbox 719 5273 1139 5357; x_wconf 85' lang='lat' dir='ltr'><strong>sequentibus.</strong></span> <span class='ocrx_word' id='word_1_568' title='bbox 1166 5273 1433 5352; x_wconf 76' lang='lat' dir='ltr'><strong>Magnam</strong></span> <span class='ocrx_word' id='word_1_569' title='bbox 1461 5283 1660 5337; x_wconf 87' lang='lat' dir='ltr'><strong>autem</strong></span> <span class='ocrx_word' id='word_1_570' title='bbox 1695 5275 2014 5356; x_wconf 85' lang='lat' dir='ltr'><strong>puritatem</strong></span> 
     </span>
    </p>
   </div>
   <div class='ocr_carea' id='block_1_89' title="bbox 2116 3210 3762 3291">
    <p class='ocr_par' dir='ltr' id='par_1_89' title="bbox 2116 3210 3762 3291">
     <span class='ocr_line' id='line_1_89' title="bbox 2116 3210 3762 3291; baseline 0 -23"><span class='ocrx_word' id='word_1_571' title='bbox 2116 3214 2216 3291; x_wconf 77' lang='grc' dir='ltr'>γὰρ</span> <span class='ocrx_word' id='word_1_572' title='bbox 2247 3213 2337 3268; x_wconf 81' lang='grc' dir='ltr'><strong>καὶ</strong></span> <span class='ocrx_word' id='word_1_573' title='bbox 2394 3210 2611 3274; x_wconf 64' lang='grc' dir='ltr'>εὔκολος</span> <span class='ocrx_word' id='word_1_574' title='bbox 2643 3212 2784 3268; x_wconf 74' lang='grc' dir='ltr'>εἶναι</span> <span class='ocrx_word' id='word_1_575' title='bbox 2842 3211 3013 3269; x_wconf 74' lang='grc' dir='ltr'>δοκῶν</span> <span class='ocrx_word' id='word_1_576' title='bbox 3040 3213 3185 3269; x_wconf 70' lang='grc' dir='ltr'>οὐδὲν</span> <span class='ocrx_word' id='word_1_577' title='bbox 3221 3212 3438 3270; x_wconf 79' lang='grc' dir='ltr'>ἔλαττον</span> <span class='ocrx_word' id='word_1_578' title='bbox 3487 3213 3762 3286; x_wconf 71' lang='grc' dir='ltr'>δυσμίμη-</span> 
     </span>
    </p>
   </div>
   <div class='ocr_carea' id='block_1_90' title="bbox 2115 3297 3764 3381">
    <p class='ocr_par' dir='ltr' id='par_1_90' title="bbox 2115 3297 3764 3381">
     <span class='ocr_line' id='line_1_90' title="bbox 2115 3297 3764 3381; baseline 0.001 -23"><span class='ocrx_word' id='word_1_579' title='bbox 2115 3323 2200 3366; x_wconf 83' lang='grc' dir='ltr'><strong>τος</strong></span> <span class='ocrx_word' id='word_1_580' title='bbox 2251 3297 2629 3360; x_wconf 70' lang='grc' dir='ltr'>ἒπιδείκνυται.</span> <span class='ocrx_word' id='word_1_581' title='bbox 2690 3301 2823 3367; x_wconf 84' lang='grc' dir='ltr'>Τοὺς</span> <span class='ocrx_word' id='word_1_582' title='bbox 2881 3302 3062 3377; x_wconf 81' lang='grc' dir='ltr'>μέντοι</span> <span class='ocrx_word' id='word_1_583' title='bbox 3108 3324 3168 3380; x_wconf 88' lang='grc' dir='ltr'><strong>γε</strong></span> <span class='ocrx_word' id='word_1_584' title='bbox 3199 3308 3306 3359; x_wconf 85' lang='grc' dir='ltr'><strong>τῶν</strong></span> <span class='ocrx_word' id='word_1_585' title='bbox 3338 3303 3509 3381; x_wconf 85' lang='grc' dir='ltr'>λόγῶν</span> <span class='ocrx_word' id='word_1_586' title='bbox 3538 3302 3764 3369; x_wconf 79' lang='grc' dir='ltr'>πλείους</span> 
     </span>
    </p>
   </div>
   <div class='ocr_carea' id='block_1_91' title="bbox 2112 3388 3769 3472">
    <p class='ocr_par' dir='ltr' id='par_1_91' title="bbox 2112 3388 3769 3472">
     <span class='ocr_line' id='line_1_91' title="bbox 2112 3388 3769 3472; baseline 0.002 -25"><span class='ocrx_word' id='word_1_587' title='bbox 2112 3388 2346 3454; x_wconf 79' lang='grc' dir='ltr'>ίδιωταις</span> <span class='ocrx_word' id='word_1_588' title='bbox 2417 3388 2762 3448; x_wconf 79' lang='grc' dir='ltr'>ἑκδεδωκέναι</span> <span class='ocrx_word' id='word_1_589' title='bbox 2853 3389 3093 3470; x_wconf 69' lang='grc' dir='ltr'>λέγεται.</span> <span class='ocrx_word' id='word_1_590' title='bbox 3169 3391 3625 3472; x_wconf 69' lang='grc' dir='ltr'>Συγκεφαλαιοῦσι</span> <span class='ocrx_word' id='word_1_591' title='bbox 3701 3392 3769 3450; x_wconf 71' lang='grc' dir='ltr'>δὲ</span> 
     </span>
    </p>
   </div>
   <div class='ocr_carea' id='block_1_92' title="bbox 2118 3477 3768 3565">
    <p class='ocr_par' dir='ltr' id='par_1_92' title="bbox 2118 3477 3768 3565">
     <span class='ocr_line' id='line_1_92' title="bbox 2118 3477 3768 3565; baseline 0.001 -28"><span class='ocrx_word' id='word_1_592' title='bbox 2118 3480 2239 3544; x_wconf 77' lang='grc' dir='ltr'>τοὺς</span> <span class='ocrx_word' id='word_1_593' title='bbox 2297 3477 2488 3556; x_wconf 79' lang='grc' dir='ltr'>λόγους</span> <span class='ocrx_word' id='word_1_594' title='bbox 2547 3479 2708 3538; x_wconf 74' lang='grc' dir='ltr'>αὐτοῦ</span> <span class='ocrx_word' id='word_1_595' title='bbox 2739 3477 3089 3559; x_wconf 79' lang='grc' dir='ltr'>δημηγορίαι,</span> <span class='ocrx_word' id='word_1_596' title='bbox 3145 3482 3448 3561; x_wconf 74' lang='grc' dir='ltr'>ὶπιστολαῖ,</span> <span class='ocrx_word' id='word_1_597' title='bbox 3483 3481 3768 3565; x_wconf 66' lang='grc' dir='ltr'><strong>ἑγκιέιι.ι.ιει³</strong></span> 
     </span>
    </p>
   </div>
   <div class='ocr_carea' id='block_1_93' title="bbox 2119 3569 3767 3650">
    <p class='ocr_par' dir='ltr' id='par_1_93' title="bbox 2119 3569 3767 3650">
     <span class='ocr_line' id='line_1_93' title="bbox 2119 3569 3767 3650; baseline 0.001 -22"><span class='ocrx_word' id='word_1_598' title='bbox 2119 3570 2414 3647; x_wconf 71' lang='grc' dir='ltr'>ἐπιτάφιοι,</span> <span class='ocrx_word' id='word_1_599' title='bbox 2473 3571 2719 3646; x_wconf 62' lang='grc' dir='ltr'>ἔρωτικοὶ</span> <span class='ocrx_word' id='word_1_600' title='bbox 2777 3571 2866 3626; x_wconf 80' lang='grc' dir='ltr'><strong>καὶ</strong></span> <span class='ocrx_word' id='word_1_601' title='bbox 2923 3571 3234 3648; x_wconf 74' lang='grc' dir='ltr'>Σωκράτους</span> <span class='ocrx_word' id='word_1_602' title='bbox 3277 3569 3565 3650; x_wconf 80' lang='grc' dir='ltr'>ἀπολογία.</span> <span class='ocrx_word' id='word_1_603' title='bbox 3596 3570 3767 3630; x_wconf 68' lang='grc' dir='ltr'>’Ἐστι</span> 
     </span>
    </p>
   </div>
   <div class='ocr_carea' id='block_1_94' title="bbox 2118 3657 3764 3738">
    <p class='ocr_par' dir='ltr' id='par_1_94' title="bbox 2118 3657 3764 3738">
     <span class='ocr_line' id='line_1_94' title="bbox 2118 3657 3764 3738; baseline 0.002 -22"><span class='ocrx_word' id='word_1_604' title='bbox 2118 3661 2216 3736; x_wconf 77' lang='grc' dir='ltr'>μὲν</span> <span class='ocrx_word' id='word_1_605' title='bbox 2275 3659 2330 3715; x_wconf 81' lang='grc' dir='ltr'>ἐν</span> <span class='ocrx_word' id='word_1_606' title='bbox 2385 3661 2480 3716; x_wconf 73' lang='grc' dir='ltr'>οὐκ</span> <span class='ocrx_word' id='word_1_607' title='bbox 2537 3657 2732 3736; x_wconf 85' lang='grc' dir='ltr'>ὀλίγοις</span> <span class='ocrx_word' id='word_1_608' title='bbox 2789 3658 2947 3715; x_wconf 73' lang='grc' dir='ltr'>αὐτοῦ</span> <span class='ocrx_word' id='word_1_609' title='bbox 3004 3658 3187 3738; x_wconf 88' lang='grc' dir='ltr'>λόγοις</span> <span class='ocrx_word' id='word_1_610' title='bbox 3225 3661 3433 3734; x_wconf 73' lang='grc' dir='ltr'>ἡθικδς,</span> <span class='ocrx_word' id='word_1_611' title='bbox 3467 3661 3666 3738; x_wconf 77' lang='grc' dir='ltr'>γίνεται</span> <span class='ocrx_word' id='word_1_612' title='bbox 3699 3661 3764 3720; x_wconf 77' lang='grc' dir='ltr'>δὲ</span> 
     </span>
    </p>
   </div>
   <div class='ocr_carea' id='block_1_95' title="bbox 2117 3746 3766 3833">
    <p class='ocr_par' dir='ltr' id='par_1_95' title="bbox 2117 3746 3766 3833">
     <span class='ocr_line' id='line_1_95' title="bbox 2117 3746 3766 3833; baseline -0.001 -26"><span class='ocrx_word' id='word_1_613' title='bbox 2117 3751 2253 3807; x_wconf 84' lang='grc' dir='ltr'>κατὰ</span> <span class='ocrx_word' id='word_1_614' title='bbox 2307 3750 2406 3816; x_wconf 74' lang='grc' dir='ltr'>τὴν</span> <span class='ocrx_word' id='word_1_615' title='bbox 2455 3746 2519 3797; x_wconf 73' lang='grc'><strong>78</strong></span> <span class='ocrx_word' id='word_1_616' title='bbox 2569 3746 2800 3806; x_wconf 71' lang='grc' dir='ltr'>διάνοιαν</span> <span class='ocrx_word' id='word_1_617' title='bbox 2833 3751 2860 3804; x_wconf 81' lang='grc' dir='ltr'>ὁ</span> <span class='ocrx_word' id='word_1_618' title='bbox 2931 3749 3139 3823; x_wconf 78' lang='grc' dir='ltr'>ἠθικὸς,</span> <span class='ocrx_word' id='word_1_619' title='bbox 3201 3749 3327 3806; x_wconf 81' lang='grc' dir='ltr'>ὅταν</span> <span class='ocrx_word' id='word_1_620' title='bbox 3368 3749 3610 3833; x_wconf 63' lang='grc' dir='ltr'>χρηστὴν</span> <span class='ocrx_word' id='word_1_621' title='bbox 3643 3749 3766 3833; x_wconf 72' lang='grc' dir='ltr'><strong>ἔχῃ</strong></span> 
     </span>
    </p>
   </div>
   <div class='ocr_carea' id='block_1_96' title="bbox 2111 3824 3761 3918">
    <p class='ocr_par' dir='ltr' id='par_1_96' title="bbox 2111 3824 3761 3918">
     <span class='ocr_line' id='line_1_96' title="bbox 2111 3824 3761 3918; baseline 0.001 -22"><span class='ocrx_word' id='word_1_622' title='bbox 2111 3839 2418 3918; x_wconf 74' lang='grc' dir='ltr'>προαίρεσιν</span> <span class='ocrx_word' id='word_1_623' title='bbox 2471 3840 2559 3895; x_wconf 83' lang='grc' dir='ltr'><strong>καὶ</strong></span> <span class='ocrx_word' id='word_1_624' title='bbox 2630 3859 2758 3916; x_wconf 76' lang='grc' dir='ltr'>προς</span> <span class='ocrx_word' id='word_1_625' title='bbox 2811 3839 2877 3894; x_wconf 68' lang='grc' dir='ltr'><strong>τὰ</strong></span> <span class='ocrx_word' id='word_1_626' title='bbox 2928 3838 3120 3915; x_wconf 77' lang='grc' dir='ltr'>βελτίω</span> <span class='ocrx_word' id='word_1_627' title='bbox 3165 3824 3446 3918; x_wconf 61' lang='grc' dir='ltr'>ῥέπουσαν.</span> <span class='ocrx_word' id='word_1_628' title='bbox 3495 3824 3761 3902; x_wconf 61' lang='grc' dir='ltr'>Ὃθινοῦ</span> 
     </span>
    </p>
   </div>
   <div class='ocr_carea' id='block_1_97' title="bbox 2111 3927 3762 4011">
    <p class='ocr_par' dir='ltr' id='par_1_97' title="bbox 2111 3927 3762 4011">
     <span class='ocr_line' id='line_1_97' title="bbox 2111 3927 3762 4011; baseline 0.003 -28"><span class='ocrx_word' id='word_1_629' title='bbox 2111 3931 2223 4009; x_wconf 79' lang='grc' dir='ltr'>χρὴ</span> <span class='ocrx_word' id='word_1_630' title='bbox 2280 3927 2454 4004; x_wconf 82' lang='grc' dir='ltr'>ψιλῶς</span> <span class='ocrx_word' id='word_1_631' title='bbox 2513 3929 2579 3984; x_wconf 78' lang='grc' dir='ltr'>τὰ</span> <span class='ocrx_word' id='word_1_632' title='bbox 2609 3927 2917 4009; x_wconf 79' lang='grc' dir='ltr'>πραχθέντα</span> <span class='ocrx_word' id='word_1_633' title='bbox 2947 3929 3145 4011; x_wconf 79' lang='grc' dir='ltr'><strong>λέγειν⁹</strong></span> <span class='ocrx_word' id='word_1_634' title='bbox 3189 3929 3326 3986; x_wconf 77' lang='grc' dir='ltr'>ἀλλὰ</span> <span class='ocrx_word' id='word_1_635' title='bbox 3357 3932 3445 3987; x_wconf 79' lang='grc' dir='ltr'>καὶ</span> <span class='ocrx_word' id='word_1_636' title='bbox 3475 3933 3571 3997; x_wconf 72' lang='grc' dir='ltr'><strong>την</strong></span> <span class='ocrx_word' id='word_1_637' title='bbox 3600 3931 3762 4010; x_wconf 79' lang='grc' dir='ltr'>γνώ-</span> 
     </span>
    </p>
   </div>
   <div class='ocr_carea' id='block_1_98' title="bbox 2111 4017 3766 4097">
    <p class='ocr_par' dir='ltr' id='par_1_98' title="bbox 2111 4017 3766 4097">
     <span class='ocr_line' id='line_1_98' title="bbox 2111 4017 3766 4097; baseline 0.003 -22"><span class='ocrx_word' id='word_1_638' title='bbox 2111 4020 2218 4094; x_wconf 84' lang='grc' dir='ltr'>μῆν</span> <span class='ocrx_word' id='word_1_639' title='bbox 2276 4019 2559 4076; x_wconf 83' lang='grc' dir='ltr'>συνάπτειν</span> <span class='ocrx_word' id='word_1_640' title='bbox 2615 4022 2712 4093; x_wconf 83' lang='grc' dir='ltr'><strong>μεθ</strong></span> <span class='ocrx_word' id='word_1_641' title='bbox 2768 4017 2832 4085; x_wconf 82' lang='grc' dir='ltr'>ἦς</span> <span class='ocrx_word' id='word_1_642' title='bbox 2893 4018 3183 4097; x_wconf 66' lang='grc' dir='ltr'>ἐπράττετο</span> <span class='ocrx_word' id='word_1_643' title='bbox 3235 4018 3482 4090; x_wconf 66' lang='grc' dir='ltr'>ἕκαςτον,</span> <span class='ocrx_word' id='word_1_644' title='bbox 3515 4023 3657 4093; x_wconf 84' lang='grc' dir='ltr'>οἷον,</span> <span class='ocrx_word' id='word_1_645' title='bbox 3690 4019 3766 4081; x_wconf 75' lang='grc' dir='ltr'>ἄν</span> 
     </span>
    </p>
   </div>
   <div class='ocr_carea' id='block_1_99' title="bbox 2111 4105 3766 4188">
    <p class='ocr_par' dir='ltr' id='par_1_99' title="bbox 2111 4105 3766 4188">
     <span class='ocr_line' id='line_1_99' title="bbox 2111 4105 3766 4188; baseline 0.002 -24"><span class='ocrx_word' id='word_1_646' title='bbox 2111 4108 2210 4183; x_wconf 74' lang='grc' dir='ltr'>μὲν</span> <span class='ocrx_word' id='word_1_647' title='bbox 2243 4106 2458 4188; x_wconf 73' lang='grc' dir='ltr'>χαλεπὰ</span> <span class='ocrx_word' id='word_1_648' title='bbox 2482 4107 2518 4174; x_wconf 78' lang='grc' dir='ltr'><strong>ἦ</strong></span> <span class='ocrx_word' id='word_1_649' title='bbox 2549 4105 2612 4156; x_wconf 78' lang='lat'><strong>79</strong></span> <span class='ocrx_word' id='word_1_650' title='bbox 2660 4108 2746 4164; x_wconf 83' lang='grc' dir='ltr'><strong>καὶ</strong></span> <span class='ocrx_word' id='word_1_651' title='bbox 2781 4108 2910 4186; x_wconf 80' lang='grc' dir='ltr'>πρὸς</span> <span class='ocrx_word' id='word_1_652' title='bbox 2941 4107 3122 4187; x_wconf 76' lang='grc' dir='ltr'>φίλους</span> <span class='ocrx_word' id='word_1_653' title='bbox 3157 4109 3188 4177; x_wconf 75' lang='grc' dir='ltr'>ἢ</span> <span class='ocrx_word' id='word_1_654' title='bbox 3239 4107 3416 4174; x_wconf 70' lang='grc' dir='ltr'>ἄλλως</span> <span class='ocrx_word' id='word_1_655' title='bbox 3483 4113 3766 4188; x_wconf 79' lang='grc' dir='ltr'>μετρίους,</span> 
     </span>
    </p>
   </div>
   <div class='ocr_carea' id='block_1_100' title="bbox 2109 4197 3775 4280">
    <p class='ocr_par' dir='ltr' id='par_1_100' title="bbox 2109 4197 3775 4280">
     <span class='ocr_line' id='line_1_100' title="bbox 2109 4197 3775 4280; baseline 0.002 -26"><span class='ocrx_word' id='word_1_656' title='bbox 2109 4198 2208 4265; x_wconf 73' lang='grc' dir='ltr'>τὴν</span> <span class='ocrx_word' id='word_1_657' title='bbox 2252 4198 2492 4276; x_wconf 73' lang='grc' dir='ltr'>ἀνάγκην</span> <span class='ocrx_word' id='word_1_658' title='bbox 2553 4199 2841 4273; x_wconf 82' lang='grc' dir='ltr'>αἰτιᾶσθαι,</span> <span class='ocrx_word' id='word_1_659' title='bbox 2898 4197 2960 4253; x_wconf 73' lang='grc' dir='ltr'>ἄν</span> <span class='ocrx_word' id='word_1_660' title='bbox 3021 4197 3076 4254; x_wconf 77' lang='grc' dir='ltr'>δὲ</span> <span class='ocrx_word' id='word_1_661' title='bbox 3113 4199 3339 4274; x_wconf 73' lang='grc' dir='ltr'>ἄμείνω,</span> <span class='ocrx_word' id='word_1_662' title='bbox 3383 4200 3484 4268; x_wconf 76' lang='grc' dir='ltr'>τὴν</span> <span class='ocrx_word' id='word_1_663' title='bbox 3514 4203 3775 4280; x_wconf 76' lang='grc' dir='ltr'>προαίρε-</span> 
     </span>
    </p>
   </div>
   <div class='ocr_carea' id='block_1_101' title="bbox 2109 4285 3771 4367">
    <p class='ocr_par' dir='ltr' id='par_1_101' title="bbox 2109 4285 3771 4367">
     <span class='ocr_line' id='line_1_101' title="bbox 2109 4285 3771 4367; baseline 0.005 -24"><span class='ocrx_word' id='word_1_664' title='bbox 2109 4309 2212 4346; x_wconf 90' lang='grc' dir='ltr'>σιν.</span> <span class='ocrx_word' id='word_1_665' title='bbox 2249 4287 2393 4355; x_wconf 74' lang='grc' dir='ltr'><strong>Δῦτη</strong></span> <span class='ocrx_word' id='word_1_666' title='bbox 2469 4285 2524 4342; x_wconf 70' lang='grc' dir='ltr'>δὲ</span> <span class='ocrx_word' id='word_1_667' title='bbox 2583 4288 2814 4361; x_wconf 77' lang='grc' dir='ltr'>μάλιστα</span> <span class='ocrx_word' id='word_1_668' title='bbox 2869 4288 3065 4357; x_wconf 82' lang='grc' dir='ltr'>πιθανῆ</span> <span class='ocrx_word' id='word_1_669' title='bbox 3099 4290 3320 4367; x_wconf 82' lang='grc' dir='ltr'>γίνεται,</span> <span class='ocrx_word' id='word_1_670' title='bbox 3370 4291 3414 4346; x_wconf 77' lang='grc' dir='ltr'>εἰ</span> <span class='ocrx_word' id='word_1_671' title='bbox 3458 4291 3556 4358; x_wconf 77' lang='grc' dir='ltr'><strong>τὴν</strong></span> <span class='ocrx_word' id='word_1_672' title='bbox 3584 4292 3771 4352; x_wconf 78' lang='grc' dir='ltr'>αἰτίαν</span> 
     </span>
    </p>
   </div>
   <div class='ocr_carea' id='block_1_102' title="bbox 2112 4373 3769 4458">
    <p class='ocr_par' dir='ltr' id='par_1_102' title="bbox 2112 4373 3769 4458">
     <span class='ocr_line' id='line_1_102' title="bbox 2112 4373 3769 4458; baseline 0.002 -25"><span class='ocrx_word' id='word_1_673' title='bbox 2112 4373 2425 4453; x_wconf 76' lang='grc' dir='ltr'>προσλάϐοι.</span> <span class='ocrx_word' id='word_1_674' title='bbox 2460 4378 2563 4439; x_wconf 81' lang='grc' dir='ltr'><strong>Τὰς</strong></span> <span class='ocrx_word' id='word_1_675' title='bbox 2621 4377 2804 4451; x_wconf 73' lang='grc' dir='ltr'>μέντοι</span> <span class='ocrx_word' id='word_1_676' title='bbox 2837 4397 2896 4454; x_wconf 89' lang='grc' dir='ltr'><strong>γε</strong></span> <span class='ocrx_word' id='word_1_677' title='bbox 2927 4376 2993 4426; x_wconf 77' lang='grc'><strong>80</strong></span> <span class='ocrx_word' id='word_1_678' title='bbox 3022 4380 3190 4442; x_wconf 78' lang='grc' dir='ltr'>αἰτίας</span> <span class='ocrx_word' id='word_1_679' title='bbox 3235 4382 3294 4438; x_wconf 77' lang='grc' dir='ltr'>οὒ</span> <span class='ocrx_word' id='word_1_680' title='bbox 3323 4379 3437 4458; x_wconf 73' lang='grc' dir='ltr'><strong>χρὴ</strong></span> <span class='ocrx_word' id='word_1_681' title='bbox 3471 4386 3563 4436; x_wconf 81' lang='grc' dir='ltr'>τοῦ</span> <span class='ocrx_word' id='word_1_682' title='bbox 3592 4379 3769 4440; x_wconf 79' lang='grc' dir='ltr'>λυσι-</span> 
     </span>
    </p>
   </div>
   <div class='ocr_carea' id='block_1_103' title="bbox 3088 4468 3772 4548">
    <p class='ocr_par' dir='ltr' id='par_1_103' title="bbox 3088 4468 3772 4548">
     <span class='ocr_line' id='line_1_103' title="bbox 3088 4468 3772 4548; baseline 0.004 -22"><span class='ocrx_word' id='word_1_683' title='bbox 3088 4469 3344 4548; x_wconf 75' lang='grc' dir='ltr'>φρονίμου</span> <span class='ocrx_word' id='word_1_684' title='bbox 3400 4470 3501 4547; x_wconf 70' lang='grc' dir='ltr'>γὰρ</span> <span class='ocrx_word' id='word_1_685' title='bbox 3546 4468 3772 4543; x_wconf 77' lang='grc' dir='ltr'>μᾶλλον</span> 
     </span>
    </p>
   </div>
   <div class='ocr_carea' id='block_1_104' title="bbox 2113 4555 3773 4636">
    <p class='ocr_par' dir='ltr' id='par_1_104' title="bbox 2113 4555 3773 4636">
     <span class='ocr_line' id='line_1_104' title="bbox 2113 4555 3773 4636; baseline 0.015 -42"><span class='ocrx_word' id='word_1_686' title='bbox 2113 4557 2148 4624; x_wconf 63' lang='grc' dir='ltr'><strong>ἢ</strong></span> <span class='ocrx_word' id='word_1_687' title='bbox 2199 4559 2441 4636; x_wconf 58' lang='grc' dir='ltr'>χρηστοῦ</span> <span class='ocrx_word' id='word_1_688' title='bbox 2511 4555 2607 4612; x_wconf 59' lang='lat' dir='ltr'><strong>ut</strong></span> <span class='ocrx_word' id='word_1_689' title='bbox 2686 4556 3020 4634; x_wconf 74' lang='grc' dir='ltr'>εὐγνώμονος</span> <span class='ocrx_word' id='word_1_690' title='bbox 3093 4560 3159 4615; x_wconf 79' lang='grc' dir='ltr'>τὰ</span> <span class='ocrx_word' id='word_1_691' title='bbox 3201 4560 3442 4621; x_wconf 76' lang='grc' dir='ltr'>τοιαῦτα.</span> <span class='ocrx_word' id='word_1_692' title='bbox 3506 4558 3773 4628; x_wconf 75' lang='grc' dir='ltr'>Χαλεπὸς</span> 
     </span>
    </p>
   </div>
   <div class='ocr_carea' id='block_1_105' title="bbox 2113 4644 3772 4727">
    <p class='ocr_par' dir='ltr' id='par_1_105' title="bbox 2113 4644 3772 4727">
     <span class='ocr_line' id='line_1_105' title="bbox 2113 4644 3772 4727; baseline 0.003 -23"><span class='ocrx_word' id='word_1_693' title='bbox 2113 4645 2167 4704; x_wconf 83' lang='grc' dir='ltr'>δὲ</span> <span class='ocrx_word' id='word_1_694' title='bbox 2201 4650 2228 4703; x_wconf 87' lang='grc' dir='ltr'>ὁ</span> <span class='ocrx_word' id='word_1_695' title='bbox 2251 4647 2443 4724; x_wconf 81' lang='grc' dir='ltr'>τρόπος</span> <span class='ocrx_word' id='word_1_696' title='bbox 2502 4644 2746 4726; x_wconf 74' lang='grc' dir='ltr'>φυλάξαι·</span> <span class='ocrx_word' id='word_1_697' title='bbox 2795 4645 2875 4703; x_wconf 84' lang='grc' dir='ltr'>διὸ</span> <span class='ocrx_word' id='word_1_698' title='bbox 2904 4649 2992 4704; x_wconf 82' lang='grc' dir='ltr'>καὶ</span> <span class='ocrx_word' id='word_1_699' title='bbox 3036 4649 3229 4712; x_wconf 70' lang='grc' dir='ltr'>Λυσίας</span> <span class='ocrx_word' id='word_1_700' title='bbox 3256 4647 3310 4704; x_wconf 69' lang='grc' dir='ltr'>ἐν</span> <span class='ocrx_word' id='word_1_701' title='bbox 3341 4649 3485 4723; x_wconf 76' lang='grc' dir='ltr'><strong>αὖτῷ</strong></span> <span class='ocrx_word' id='word_1_702' title='bbox 3513 4649 3772 4727; x_wconf 72' lang='grc' dir='ltr'>φαίνεται</span> 
     </span>
    </p>
   </div>
   <div class='ocr_carea' id='block_1_106' title="bbox 2111 4735 3775 4817">
    <p class='ocr_par' dir='ltr' id='par_1_106' title="bbox 2111 4735 3775 4817">
     <span class='ocr_line' id='line_1_106' title="bbox 2111 4735 3775 4817; baseline 0.004 -23"><span class='ocrx_word' id='word_1_703' title='bbox 2111 4735 2372 4803; x_wconf 69' lang='grc' dir='ltr'>πολλάκις</span> <span class='ocrx_word' id='word_1_704' title='bbox 2429 4735 2827 4817; x_wconf 79' lang='grc' dir='ltr'>διαμαρτάνων,</span> <span class='ocrx_word' id='word_1_705' title='bbox 2860 4739 3227 4813; x_wconf 79' lang='grc' dir='ltr'>Θαυμάζονται</span> <span class='ocrx_word' id='word_1_706' title='bbox 3273 4738 3458 4813; x_wconf 77' lang='grc' dir='ltr'>μέντοι</span> <span class='ocrx_word' id='word_1_707' title='bbox 3489 4759 3552 4817; x_wconf 87' lang='grc' dir='ltr'><strong>γε</strong></span> <span class='ocrx_word' id='word_1_708' title='bbox 3596 4744 3775 4800; x_wconf 77' lang='grc' dir='ltr'>αὐτοῦ</span> 
     </span>
    </p>
   </div>
   <div class='ocr_carea' id='block_1_107' title="bbox 2112 4824 3776 4907">
    <p class='ocr_par' dir='ltr' id='par_1_107' title="bbox 2112 4824 3776 4907">
     <span class='ocr_line' id='line_1_107' title="bbox 2112 4824 3776 4907; baseline 0.004 -25"><span class='ocrx_word' id='word_1_709' title='bbox 2112 4825 2264 4884; x_wconf 74' lang='grc' dir='ltr'>ἄλλοι</span> <span class='ocrx_word' id='word_1_710' title='bbox 2294 4848 2351 4883; x_wconf 84' lang='grc' dir='ltr'><strong>τε</strong></span> <span class='ocrx_word' id='word_1_711' title='bbox 2384 4824 2574 4883; x_wconf 73' lang='grc' dir='ltr'>πολλοὶ</span> <span class='ocrx_word' id='word_1_712' title='bbox 2605 4827 2660 4876; x_wconf 75' lang='grc'><strong>81</strong></span> <span class='ocrx_word' id='word_1_713' title='bbox 2707 4825 2859 4906; x_wconf 81' lang='grc' dir='ltr'>λόγοι</span> <span class='ocrx_word' id='word_1_714' title='bbox 2913 4829 3001 4884; x_wconf 82' lang='grc' dir='ltr'><strong>καὶ</strong></span> <span class='ocrx_word' id='word_1_715' title='bbox 3059 4826 3126 4894; x_wconf 79' lang='grc' dir='ltr'>δὴ</span> <span class='ocrx_word' id='word_1_716' title='bbox 3181 4827 3208 4884; x_wconf 80' lang='grc' dir='ltr'><strong>ὃ</strong></span> <span class='ocrx_word' id='word_1_717' title='bbox 3251 4829 3381 4904; x_wconf 76' lang='grc' dir='ltr'>πρὸς</span> <span class='ocrx_word' id='word_1_718' title='bbox 3447 4829 3776 4907; x_wconf 70' lang='grc' dir='ltr'>Διογείτονα</span> 
     </span>
    </p>
   </div>
   <div class='ocr_carea' id='block_1_108' title="bbox 2111 4915 3777 4998">
    <p class='ocr_par' dir='ltr' id='par_1_108' title="bbox 2111 4915 3777 4998">
     <span class='ocr_line' id='line_1_108' title="bbox 2111 4915 3777 4998; baseline -0.004 -24"><span class='ocrx_word' id='word_1_719' title='bbox 2111 4917 2426 4995; x_wconf 81' lang='grc' dir='ltr'>ἐπιτροπῆς⁶</span> <span class='ocrx_word' id='word_1_720' title='bbox 2499 4917 2724 4984; x_wconf 70' lang='grc' dir='ltr'>πιθανὴν</span> <span class='ocrx_word' id='word_1_721' title='bbox 2769 4937 2826 4973; x_wconf 83' lang='grc' dir='ltr'><strong>τε</strong></span> <span class='ocrx_word' id='word_1_722' title='bbox 2885 4917 2985 4997; x_wconf 76' lang='grc' dir='ltr'><strong>γάρ</strong></span> <span class='ocrx_word' id='word_1_723' title='bbox 3029 4919 3114 4973; x_wconf 81' lang='grc' dir='ltr'><strong>καὶ</strong></span> <span class='ocrx_word' id='word_1_724' title='bbox 3156 4917 3390 4996; x_wconf 76' lang='grc' dir='ltr'>καθαρὰν</span> <span class='ocrx_word' id='word_1_725' title='bbox 3425 4919 3522 4985; x_wconf 72' lang='grc' dir='ltr'>τήν</span> <span class='ocrx_word' id='word_1_726' title='bbox 3553 4915 3777 4998; x_wconf 67' lang='grc' dir='ltr'>διηγη..</span> 
     </span>
    </p>
   </div>
   <div class='ocr_carea' id='block_1_109' title="bbox 2107 5004 3765 5082">
    <p class='ocr_par' dir='ltr' id='par_1_109' title="bbox 2107 5004 3765 5082">
     <span class='ocr_line' id='line_1_109' title="bbox 2107 5004 3765 5082; baseline 0.002 -20"><span class='ocrx_word' id='word_1_727' title='bbox 2107 5029 2190 5063; x_wconf 88' lang='grc' dir='ltr'><strong>σιν</strong></span> <span class='ocrx_word' id='word_1_728' title='bbox 2251 5019 2514 5082; x_wconf 81' lang='grc' dir='ltr'>ποιεῖται,</span> <span class='ocrx_word' id='word_1_729' title='bbox 2589 5004 2710 5062; x_wconf 80' lang='grc' dir='ltr'>ἀλλ’</span> <span class='ocrx_word' id='word_1_730' title='bbox 2771 5007 2865 5064; x_wconf 73' lang='grc' dir='ltr'><strong>οὒκ</strong></span> <span class='ocrx_word' id='word_1_731' title='bbox 2923 5008 3069 5072; x_wconf 62' lang='lat' dir='ltr'><strong>stet;</strong></span> <span class='ocrx_word' id='word_1_732' title='bbox 3127 5006 3334 5068; x_wconf 69' lang='grc' dir='ltr'>ἔπὶτὰς</span> <span class='ocrx_word' id='word_1_733' title='bbox 3366 5007 3613 5076; x_wconf 72' lang='grc' dir='ltr'>αὐξήσεις</span> <span class='ocrx_word' id='word_1_734' title='bbox 3650 5011 3765 5066; x_wconf 71' lang='grc' dir='ltr'>καὶ</span> 
     </span>
    </p>
   </div>
   <div class='ocr_carea' id='block_1_110' title="bbox 2106 5095 3766 5177">
    <p class='ocr_par' dir='ltr' id='par_1_110' title="bbox 2106 5095 3766 5177">
     <span class='ocr_line' id='line_1_110' title="bbox 2106 5095 3766 5177; baseline 0.002 -23"><span class='ocrx_word' id='word_1_735' title='bbox 2106 5099 2201 5161; x_wconf 80' lang='grc' dir='ltr'><strong>τὰς</strong></span> <span class='ocrx_word' id='word_1_736' title='bbox 2261 5095 2554 5171; x_wconf 85' lang='grc' dir='ltr'>δεινώσεις,</span> <span class='ocrx_word' id='word_1_737' title='bbox 2623 5096 2754 5177; x_wconf 80' lang='grc' dir='ltr'>ὅπερ</span> <span class='ocrx_word' id='word_1_738' title='bbox 2810 5096 3001 5154; x_wconf 80' lang='grc' dir='ltr'>πολλοὶ</span> <span class='ocrx_word' id='word_1_739' title='bbox 3058 5096 3383 5176; x_wconf 74' lang='grc' dir='ltr'>πάσχουσιν,</span> <span class='ocrx_word' id='word_1_740' title='bbox 3460 5097 3766 5175; x_wconf 76' lang='grc' dir='ltr'>ὑπάγεται.</span> 
     </span>
    </p>
   </div>
   <div class='ocr_carea' id='block_1_111' title="bbox 2107 5182 3772 5265">
    <p class='ocr_par' dir='ltr' id='par_1_111' title="bbox 2107 5182 3772 5265">
     <span class='ocr_line' id='line_1_111' title="bbox 2107 5182 3772 5265; baseline -0.001 -20"><span class='ocrx_word' id='word_1_741' title='bbox 2107 5187 2201 5245; x_wconf 75' lang='grc' dir='ltr'>Καὶ</span> <span class='ocrx_word' id='word_1_742' title='bbox 2233 5186 2332 5264; x_wconf 81' lang='grc' dir='ltr'><strong>γὰρ</strong></span> <span class='ocrx_word' id='word_1_743' title='bbox 2360 5182 2464 5243; x_wconf 71' lang='grc' dir='ltr'>οὐδ’</span> <span class='ocrx_word' id='word_1_744' title='bbox 2493 5184 2552 5234; x_wconf 66' lang='grc'><strong>82</strong></span> <span class='ocrx_word' id='word_1_745' title='bbox 2598 5185 2740 5242; x_wconf 78' lang='grc' dir='ltr'>ἔστιν</span> <span class='ocrx_word' id='word_1_746' title='bbox 2792 5185 2972 5242; x_wconf 74' lang='grc' dir='ltr'>οἰκεῖα</span> <span class='ocrx_word' id='word_1_747' title='bbox 3028 5186 3091 5241; x_wconf 64' lang='grc' dir='ltr'>τὶ</span> <span class='ocrx_word' id='word_1_748' title='bbox 3141 5192 3357 5242; x_wconf 78' lang='grc' dir='ltr'>τοιαῦτα</span> <span class='ocrx_word' id='word_1_749' title='bbox 3388 5190 3488 5253; x_wconf 77' lang='grc' dir='ltr'>τῆς</span> <span class='ocrx_word' id='word_1_750' title='bbox 3533 5188 3772 5265; x_wconf 82' lang='grc' dir='ltr'>πρώτῆς</span> 
     </span>
    </p>
   </div>
   <div class='ocr_carea' id='block_1_112' title="bbox 2101 5272 3768 5354">
    <p class='ocr_par' dir='ltr' id='par_1_112' title="bbox 2101 5272 3768 5354">
     <span class='ocr_line' id='line_1_112' title="bbox 2101 5272 3768 5354; baseline 0.002 -22"><span class='ocrx_word' id='word_1_751' title='bbox 2101 5273 2439 5339; x_wconf 76' lang='grc' dir='ltr'>διδασκαλίας</span> <span class='ocrx_word' id='word_1_752' title='bbox 2527 5277 2981 5354; x_wconf 67' lang='grc' dir='ltr'>τοῦπράγματος,</span> <span class='ocrx_word' id='word_1_753' title='bbox 3063 5272 3183 5331; x_wconf 80' lang='grc' dir='ltr'>ἀλλ’</span> <span class='ocrx_word' id='word_1_754' title='bbox 3268 5275 3323 5330; x_wconf 78' lang='grc' dir='ltr'>ἐν</span> <span class='ocrx_word' id='word_1_755' title='bbox 3379 5286 3500 5338; x_wconf 77' lang='grc' dir='ltr'>τοῖς</span> <span class='ocrx_word' id='word_1_756' title='bbox 3608 5280 3768 5353; x_wconf 74' lang='grc' dir='ltr'>μετὰ</span> 
     </span>
    </p>
   </div>
   <div class='ocr_carea' id='block_1_113' title="bbox 1681 5433 2436 5505">
    <p class='ocr_par' dir='ltr' id='par_1_113' title="bbox 1681 5433 2436 5505">
     <span class='ocr_line' id='line_1_113' title="bbox 1681 5433 2436 5505; baseline -0.003 -6"><span class='ocrx_word' id='word_1_757' title='bbox 1681 5436 1941 5502; x_wconf 70' lang='lat' dir='ltr'><strong>VARIE</strong></span> <span class='ocrx_word' id='word_1_758' title='bbox 1994 5433 2436 5505; x_wconf 85' lang='lat' dir='ltr'><strong>LECTIONES.</strong></span> 
     </span>
    </p>
   </div>
   <div class='ocr_carea' id='block_1_114' title="bbox 449 5541 3760 5632">
    <p class='ocr_par' dir='ltr' id='par_1_114' title="bbox 449 5541 3760 5632">
     <span class='ocr_line' id='line_1_114' title="bbox 449 5541 3760 5632; baseline 0.002 -31"><span class='ocrx_word' id='word_1_759' title='bbox 449 5541 504 5586; x_wconf 70' lang='grc'><strong>⁷4</strong></span> <span class='ocrx_word' id='word_1_760' title='bbox 531 5543 824 5632; x_wconf 68' lang='grc' dir='ltr'>ναυκληρίᾳ</span> <span class='ocrx_word' id='word_1_761' title='bbox 855 5541 1140 5632; x_wconf 68' lang='lat' dir='ltr'><strong>Tayl_o_rus</strong></span> <span class='ocrx_word' id='word_1_762' title='bbox 1161 5543 1348 5606; x_wconf 87' lang='lat' dir='ltr'><strong>Leclt.</strong></span> <span class='ocrx_word' id='word_1_763' title='bbox 1375 5541 1616 5632; x_wconf 51' lang='lat' dir='ltr'><strong>Lysiae:</strong></span> <span class='ocrx_word' id='word_1_764' title='bbox 1644 5563 1703 5632; x_wconf 91' lang='lat' dir='ltr'><strong>p_.</strong></span> <span class='ocrx_word' id='word_1_765' title='bbox 1731 5545 1897 5632; x_wconf 67' lang='lat'><strong>689.,</strong></span> <span class='ocrx_word' id='word_1_766' title='bbox 1922 5547 1995 5632; x_wconf 86' lang='lat' dir='ltr'><strong>_c_f.</strong></span> <span class='ocrx_word' id='word_1_767' title='bbox 2030 5568 2095 5632; x_wconf 70' lang='lat' dir='ltr'><strong>p.</strong></span> <span class='ocrx_word' id='word_1_768' title='bbox 2113 5547 2243 5632; x_wconf 27' lang='lat' dir='ltr'><strong>A489</strong></span> <span class='ocrx_word' id='word_1_769' title='bbox 2270 5545 2303 5609; x_wconf 88' lang='lat' dir='ltr'><strong>b</strong></span> <span class='ocrx_word' id='word_1_770' title='bbox 2331 5544 2409 5608; x_wconf 82' lang='lat'>37</span> <span class='ocrx_word' id='word_1_771' title='bbox 2431 5551 2492 5632; x_wconf 80' lang='lat' dir='ltr'><strong>et</strong></span> <span class='ocrx_word' id='word_1_772' title='bbox 2517 5541 2638 5632; x_wconf 66' lang='lat'><strong>499</strong></span> <span class='ocrx_word' id='word_1_773' title='bbox 2662 5542 2694 5606; x_wconf 85' lang='lat' dir='ltr'><strong>b</strong></span> <span class='ocrx_word' id='word_1_774' title='bbox 2723 5541 2831 5632; x_wconf 67' lang='grc' dir='ltr'><strong>25ἶ</strong></span> <span class='ocrx_word' id='word_1_775' title='bbox 2850 5543 2938 5632; x_wconf 28' lang='grc' dir='ltr'>,Ἱεξ</span> <span class='ocrx_word' id='word_1_776' title='bbox 2961 5545 2988 5612; x_wconf 72' lang='grc' dir='ltr'>ἡ</span> <span class='ocrx_word' id='word_1_777' title='bbox 3014 5561 3135 5632; x_wconf 79' lang='lat' dir='ltr'><strong>om.</strong></span> <span class='ocrx_word' id='word_1_778' title='bbox 3162 5542 3234 5632; x_wconf 59' lang='lat' dir='ltr'><strong>a.</strong></span> <span class='ocrx_word' id='word_1_779' title='bbox 3279 5542 3350 5632; x_wconf 59' lang='grc' dir='ltr'><strong>’ξς</strong></span> <span class='ocrx_word' id='word_1_780' title='bbox 3363 5543 3630 5632; x_wconf 43' lang='lat' dir='ltr'><strong>stagnat</strong></span> <span class='ocrx_word' id='word_1_781' title='bbox 3662 5546 3760 5632; x_wconf 66' lang='grc' dir='ltr'>ς.</span> 
     </span>
    </p>
   </div>
   <div class='ocr_carea' id='block_1_115' title="bbox 369 5621 3770 5712">
    <p class='ocr_par' dir='ltr' id='par_1_115' title="bbox 369 5621 3770 5712">
     <span class='ocr_line' id='line_1_115' title="bbox 369 5621 3770 5712; baseline 0 -23"><span class='ocrx_word' id='word_1_782' title='bbox 369 5623 432 5678; x_wconf 77' lang='grc'>77</span> <span class='ocrx_word' id='word_1_783' title='bbox 461 5632 700 5710; x_wconf 57' lang='lat' dir='ltr'><strong>prastat</strong></span> <span class='ocrx_word' id='word_1_784' title='bbox 727 5621 922 5690; x_wconf 81' lang='grc' dir='ltr'>δεινός.</span> <span class='ocrx_word' id='word_1_785' title='bbox 944 5621 960 5625; x_wconf 46' lang='grc'>⁷</span> <span class='ocrx_word' id='word_1_786' title='bbox 986 5624 1050 5676; x_wconf 79' lang='grc'><strong>⁷8</strong></span> <span class='ocrx_word' id='word_1_787' title='bbox 1077 5625 1173 5695; x_wconf 77' lang='grc' dir='ltr'>τὴν</span> <span class='ocrx_word' id='word_1_788' title='bbox 1205 5641 1324 5687; x_wconf 91' lang='lat' dir='ltr'><strong>om.</strong></span> <span class='ocrx_word' id='word_1_789' title='bbox 1357 5621 1448 5686; x_wconf 64' lang='lat' dir='ltr'><strong>A.‘</strong></span> <span class='ocrx_word' id='word_1_790' title='bbox 1494 5621 1558 5675; x_wconf 79' lang='grc'><strong>79</strong></span> <span class='ocrx_word' id='word_1_791' title='bbox 1587 5621 1704 5706; x_wconf 67' lang='grc' dir='ltr'><strong>ᾒλ</strong></span> <span class='ocrx_word' id='word_1_792' title='bbox 1734 5646 1751 5693; x_wconf 88' lang='lat'><strong>:</strong></span> <span class='ocrx_word' id='word_1_793' title='bbox 1783 5621 1990 5707; x_wconf 76' lang='grc' dir='ltr'>εἴης,</span> <span class='ocrx_word' id='word_1_794' title='bbox 2030 5621 2051 5632; x_wconf 78' lang='grc'><strong>’</strong></span> <span class='ocrx_word' id='word_1_795' title='bbox 2071 5629 2139 5686; x_wconf 84' lang='grc'><strong>89</strong></span> <span class='ocrx_word' id='word_1_796' title='bbox 2167 5651 2229 5712; x_wconf 85' lang='grc' dir='ltr'><strong>γε</strong></span> <span class='ocrx_word' id='word_1_797' title='bbox 2259 5645 2383 5692; x_wconf 89' lang='lat' dir='ltr'><strong>om.</strong></span> <span class='ocrx_word' id='word_1_798' title='bbox 2415 5624 2486 5690; x_wconf 77' lang='grc' dir='ltr'><strong>Α.</strong></span> <span class='ocrx_word' id='word_1_799' title='bbox 2559 5626 2616 5676; x_wconf 71' lang='grc' dir='ltr'><strong>8ι</strong></span> <span class='ocrx_word' id='word_1_800' title='bbox 2650 5646 2708 5684; x_wconf 84' lang='grc' dir='ltr'><strong>τε</strong></span> <span class='ocrx_word' id='word_1_801' title='bbox 2737 5624 2941 5687; x_wconf 86' lang='grc' dir='ltr'>πολλοί</span> <span class='ocrx_word' id='word_1_802' title='bbox 2972 5624 3113 5689; x_wconf 90' lang='lat' dir='ltr'><strong>add.</strong></span> <span class='ocrx_word' id='word_1_803' title='bbox 3147 5626 3218 5689; x_wconf 78' lang='grc' dir='ltr'><strong>Α.</strong></span> <span class='ocrx_word' id='word_1_804' title='bbox 3290 5623 3354 5679; x_wconf 66' lang='lat'><strong>33</strong></span> <span class='ocrx_word' id='word_1_805' title='bbox 3379 5622 3518 5708; x_wconf 71' lang='grc' dir='ltr'>οὐδ’]</span> <span class='ocrx_word' id='word_1_806' title='bbox 3551 5627 3649 5685; x_wconf 78' lang='grc' dir='ltr'><strong>οὐκ</strong></span> <span class='ocrx_word' id='word_1_807' title='bbox 3680 5626 3770 5702; x_wconf 73' lang='grc' dir='ltr'><strong>Β,</strong></span> 
     </span>
    </p>
   </div>
  </div>
