4070 6204
505 373 626 440 ⁷175

1705 377 1972 444 ΡΗΟΤΙῙ
2015 377 2533 446 PATRIARCHE
2574 381 2688 445 ΟΡ.

3755 375 3862 441 176

508 514 723 577 Postea
743 534 1047 590 vero,cum
1069 515 1346 597 Philippo
1372 513 1972 592 mortu0,Alexander
1991 521 2120 576 tran

2227 529 2420 591 τιμαϊς
2447 521 2806 594 Κτησιφῶντα
2853 512 3175 592 παρανόμων
3230 512 3523 592 ἐγράψατο.
3574 520 3644 574 0-5
3692 537 3860 589 μετα-

507 603 659 668 siret
683 606 744 668 in
769 606 1392 689 Asia,Ctesipb0ntem
1417 607 1475 668 in
1495 606 1598 687 jus
1618 599 2027 686 vocavit,quod
2054 605 2156 667 de-

506 695 826 758 cernendis
838 697 1230 760 Demostheni
1252 695 1590 759 honoribus
1621 696 1750 777 ipse
1767 705 1972 758 contra
1990 695 2152 773 leges

501 783 766 846 fecisset.
815 784 942 858 Quo
971 785 1033 848 in
1083 786 1412 850 certamine
1462 805 1597 848 cum
1628 786 1894 868 quintam
1942 785 2151 846 suffra~

502 873 733 952 giorum
760 883 986 956 partem
1020 894 1139 938 non
1173 874 1833 950 obtinuisset,Bbodum
1859 873 2139 954 confugit,

502 981 638 1026 cum
669 983 702 1026 a
742 966 928 1028 multa
959 965 1126 1028 mille
1159 965 1584 1030 drochmarum
1615 963 2035 1044 persolvenda,
2067 963 2139 1024 ad

502 1069 684 1132 quam
715 1053 910 1117 fuerat
940 1054 1488 1130 damnatus,animo
1511 1072 1580 1116 ac
1605 1053 1903 1116 voluntate
1933 1051 2146 1114 abhor-

497 1149 684 1204 reret.
740 1143 1028 1225 Ludoque
1075 1144 1269 1207 Rhodi
1319 1151 1532 1224 aperto
1580 1142 1804 1218 docuit,
1856 1141 1958 1204 ubi
2003 1160 2141 1204 cum

499 1232 757 1294 Rhodiis
779 1234 1112 1297 orationem
1134 1253 1167 1297 a
1191 1253 1258 1298 se
1278 1233 1538 1296 habitam
1572 1242 1779 1295 contra
1799 1232 2146 1312 Ctesiphon-

500 1329 619 1382 tem
654 1322 1039 1397 ostendisset,
1074 1341 1336 1404 cumque
1368 1341 1580 1384 omnes
1620 1322 2003 1401 mirarentur,
2037 1339 2146 1400 po-

498 1412 683 1474 tuisse
713 1412 880 1475 illum
938 1413 1032 1475 his
1061 1432 1168 1494 pro
1201 1432 1268 1474 se
1299 1414 1474 1475 dictis
1507 1412 1566 1474 in
1595 1411 1820 1491 judicio
1849 1410 2141 1491 superari.

2236 604 2412 663 λαϐὼν
2457 603 2512 662 δὲ
2555 607 2616 662 τὸ
2660 605 2906 682 πέμπτον
2939 603 3101 678 μέρος
3135 609 3243 660 τῶν
3273 602 3469 683 ψάφων
3500 603 3558 655 λθ
3584 607 3654 670 εἰς
3686 603 3861 662 Ῥόδον

2234 694 2418 776 ἔφυγε,
2463 693 2709 776 δραχμὰς
2742 693 2924 775 χιλίας
2972 696 3032 752 οὗ
3072 691 3349 765 βουληθεὶς
3378 694 3509 773 ὑπὲρ
3546 695 3636 762 τῆς
3696 694 3860 762 ἥττης

2229 783 2556 842 καταϐαλεῖν
2611 783 2686 848 η,
2734 786 2826 842 Ἐν
2867 783 2923 839 δὲ
2971 789 3038 856 τῇ
3084 779 3245 855 Ῥόδῳ
3274 782 3483 862 σχολὴν
3513 784 3857 851 καταστησά-

2230 896 2388 950 μενος
2421 871 2683 932 ἐδίδασκεν
2719 890 2732 904 ⁸
2780 877 2834 930 ἓν
2877 875 2923 946 ᾧ
2953 884 3071 935 τοῖς
3118 868 3336 937 Ῥοδίοις
3369 874 3459 928 τὸν
3487 875 3622 931 κατὰ
3656 883 3860 940 Κτησι-

2227 971 2436 1043 φῶντος
2485 962 2787 1029 ἐπεδείξατο
2830 961 3014 1040 λόγον,
3082 962 3458 1036 θαυμαζόντων
3502 961 3556 1018 δὲ
3601 965 3644 1020 εἰ
3700 971 3859 1020 ταῦτα

2227 1051 2619 1132 δημηγορήσας
2683 1053 2915 1122 ἡττήθη,
2986 1051 3098 1106 Ηῦκ
3148 1050 3234 1129 ἃν,
3298 1051 3446 1124 εἶπε,
3511 1054 3682 1129 θαῦμα
3725 1074 3856 1108 κατε-

2227 1145 2384 1221 εἶχεν
2469 1144 2631 1217 ὑμᾶς,
2691 1145 2735 1196 ὦ
2796 1139 3011 1219 Ῥόξιοι,
3073 1141 3118 1195 εἰ
3210 1141 3580 1214 Δημοσθένους
3637 1139 3855 1207 ἀντιδη-

2229 1239 2591 1309 μηγοροῠντος
2677 1231 2966 1304 ἠκούσατε,
3052 1231 3257 1286 ἐκεῖθεν
3342 1229 3397 1286 δὲ
3478 1231 3708 1294 πλεύσας
3779 1233 3854 1292 εἰς

2230 1321 2436 1396 Σάμον,
2468 1323 2556 1379 καὶ
2598 1320 2878 1400 διατρίψας
2935 1320 3015 1376 ἐπὶ
3061 1324 3160 1387 τῆς
3197 1321 3384 1396 νήσου,
3418 1321 3598 1399 ὀλίγον
3639 1319 3853 1400 ὕστερον

2231 1409 2600 1478 ἐτελεύτησεν.

491 1503 740 1564 Minime
785 1520 952 1576 sane,
988 1503 1206 1584 inquit,
1240 1503 1537 1566 miraturi
1580 1501 1883 1580 fuissetis,
1922 1500 2161 1572 Rhodii,
2191 1499 2248 1560 si
2297 1506 2514 1562 contra
2569 1517 2642 1562 ea
2688 1500 2984 1563 dicentem
3015 1499 3460 1562 Demosthenem
3508 1499 3857 1562 audissetis.

491 1589 642 1654 Inde
670 1600 869 1655 autem
900 1590 1144 1656 Samum
1179 1591 1488 1672 navigans,
1525 1599 1707 1673 atque
1739 1592 1803 1654 in
1835 1589 2032 1653 insula
2061 1586 2365 1668 habitans,
2399 1606 2519 1650 non
2553 1591 2613 1652 in
2647 1589 2831 1652 multo
2863 1597 2997 1671 post
3025 1596 3295 1673 mortuus
3323 1597 3435 1652 est.

1184 1681 1451 1748 CCLXV.

916 1773 1341 1838 Demosthenis
1387 1777 1714 1836 orationes.

573 1861 715 1944 Legi
746 1879 957 1924 omnes
994 1880 1151 1944 pene
1208 1863 1516 1925 orationes
1544 1859 1984 1923 Demosthenis.
2029 1860 2137 1922 Di-

491 1960 710 2015 cuntur
736 1951 899 2014 illius
919 1969 1219 2032 germanas
1245 1952 1554 2032 sexaginta
1572 1951 1859 2032 quinque:
1879 1966 2134 2030 quarum

487 2044 670 2105 49in
694 2041 1094 2122 elegantiores
1125 2060 1258 2124 quae
1285 2043 1358 2105 ad
1384 2042 1881 2123 populum,quam
1907 2057 2041 2120 quas
2061 2037 2135 2100 ad

487 2144 760 2196 senatum
793 2132 1031 2204 habitae,
1059 2151 1094 2195 a
1142 2132 1414 2214 pluribus
1442 2130 1814 2212 judicantur.
1849 2128 2132 2191 Nonnulli

486 2225 817 2287 orationem
867 2223 944 2285 de
988 2223 1284 2285 Haloneso
1339 2231 1492 2304 (quae
1537 2232 1745 2285 contra
1793 2219 2130 2300 Philippum

485 2311 750 2375 secunda
803 2312 1206 2393 inscribitur,)
1250 2313 1389 2394 quia
1437 2331 1570 2374 cum
1633 2330 1703 2374 ea
1734 2317 1953 2391 pugnat
1995 2327 2131 2371 ora-

487 2404 674 2478 tione,
707 2421 884 2483 qusm
915 2410 1121 2465 contra
1150 2402 1412 2484 Philippi
1448 2402 1756 2482 epistolam
1791 2399 2132 2471 dixit,illins

489 2492 795 2574 propriam
826 2509 962 2553 esse
1013 2504 1257 2570 negant,
1295 2501 1354 2553 et
1385 2491 1746 2553 conﬁrmare
1787 2488 2131 2569 opinionem

485 2599 653 2644 suam
699 2589 988 2642 conantur
1017 2579 1362 2642 nominibus
1394 2588 1453 2642 et
1501 2579 1719 2654 verbis,
1757 2587 1816 2640 et
1845 2578 2130 2658 composi-

481 2671 662 2733 tionis
693 2671 1142 2734 modulatione:
1179 2671 1411 2733 nullum
1443 2669 1605 2733 enim
1639 2689 1674 2732 a
1708 2669 2127 2732 Demosthenis

482 2761 634 2842 stylo
686 2759 1033 2823 abhorrere.
1071 2763 1444 2824 Attenuatam
1477 2766 1634 2822 enim
1668 2769 1726 2821 et
1774 2759 2122 2821 dissolutam

482 2850 664 2931 hujus
715 2850 998 2913 orationis
1026 2868 1161 2912 esse
1222 2849 1518 2932 phrasim,
1552 2857 1612 2911 et
1642 2849 1892 2912 oratoris
1944 2849 2124 2910 facul-

484 2948 600 3002 tate
643 2939 992 3002 inl’eriorem
1033 2939 1181 3002 :alii
1233 2957 1371 3002 vero
1402 2937 1813 3019 abjudicantes
1867 2939 2120 3000 Demos-

2951 1670 3134 1744 ΣΞΕᾌ

2749 1773 3117 1848 Δημοσθένους
3163 1773 3338 1852 λόγοι.

2301 1865 2741 1945 Ἀνεγνώσθησαν
2824 1864 2882 1913 η
2969 1865 3338 1941 Δημοσθένους
3421 1864 3574 1943 λόγοι
3669 1873 3865 1942 μικροῦ

2219 1954 2523 2031 σύμπαντες
2556 1973 2570 1988 ⁸
2637 1955 2883 2034 φέρονται
2932 1953 2986 2010 δὲ
3031 1957 3190 2012 αυτοῦ
3233 1957 3278 2012 0i
3337 1955 3548 2031 γνήσιοι
3576 1954 3622 2011 ε’
3653 1959 3741 2012 καὶ
3787 1949 3858 2031 ξ’,

2218 2045 2295 2100 ὧν
2337 2046 2384 2100 οἱ
2415 2043 2663 2120 δημόσιοι
2708 2043 2915 2120 μᾶλλον
2961 2046 3034 2109 εἷς
3079 2046 3140 2101 τὸ
3185 2042 3401 2118 ἄριστον
3444 2044 3862 2103 κατεσκευάσθαι

2217 2147 2336 2197 τοῖς
2395 2133 2602 2190 πλείοσι
2671 2135 2957 2213 κρίνονται.
3024 2133 3175 2196 Τινὲς
3249 2132 3346 2207 μὲν
3428 2134 3514 2189 οὖν
3579 2137 3670 2190 τὸν
3727 2136 3861 2214 περῖ

2218 2218 2549 2293 Ἀλλονήσου
2592 2222 2644 2265 ίθ
2685 2223 2844 2301 λόγον
2887 2224 2972 2301 (ὃς
3014 2224 3100 2280 καὶ
3143 2219 3196 2264 ¹⁴
3239 2223 3372 2278 κατὰ
3412 2222 3680 2283 Φιλίππου
3726 2223 3859 2281 ἐπι-

2215 2312 2471 2392 γράφεται
2522 2311 2760 2390 δεότερος
2796 2331 2810 2346 ο
2859 2311 2951 2368 καί
3009 2313 3110 2390 γὰρ
3167 2315 3298 2390 πρὸς
3338 2312 3435 2380 τὴν
3481 2313 3768 2382 ἐπιστολὴν
3825 2315 3859 2370 ὀ

2213 2399 2389 2479 ῥήτωρ
2422 2399 2568 2479 [800
2599 2399 2695 2478 H.|
2741 2401 3151 2478 ἆνταγωνίζειαι
3191 2409 3284 2458 τοῦ
3327 2400 3615 2481 Φιλίππου)
3667 2410 3856 2462 τοῦτον

2213 2487 2273 2545 οὔ
2307 2513 2463 2570 φασιν
2537 2492 2680 2548 εἶναι
2741 2492 2962 2568 γοήσιον
3026 2491 3419 2563 Δημοσθένους,
3481 2493 3569 2548 καὶ
3637 2513 3856 2566 τεκμη-

2213 2583 2448 2656 ριοῦσθαι
2499 2582 2598 2649 τὴν
2657 2578 2806 2646 δόξαν
2879 2580 3054 2637 αὒτῶν
3105 2578 3440 2659 ἐπιχειροῦσι
3495 2594 3610 2644 τοῖς
3652 2582 3862 2659 ῥήμασί

2213 2689 2272 2724 τε
2330 2671 2418 2726 καὶ
2449 2671 2672 2744 ὀνόμασι
2703 2671 2793 2727 καὶ
2825 2672 2892 2746 τῇ
2925 2675 3022 2736 τῆς
3072 2671 3364 2733 συνθέσεως
3409 2672 3632 2749 ἁρμονίᾳ
3664 2688 3678 2702 ·
3713 2672 3859 2729 πολὺ

2208 2761 2308 2840 γὰρ
2389 2769 2553 2819 ταῦτα
2640 2762 2912 2820 λείπεσθαι
2992 2770 3086 2819 τοῦ
3163 2767 3559 2838 Δημοσθενικοῦ
3625 2765 3793 2821 τύπου
3834 2784 3850 2798 ·

2209 2849 2396 2929 [1468
2428 2850 2531 2931 3.]
2559 2852 2846 2928 ἀνειμένην
2891 2875 2946 2910 τε
2991 2854 3093 2932 γάρ
3151 2856 3291 2909 εἶναι
3325 2855 3523 2920 ταύτην
3571 2855 3652 2910 καὶ
3683 2853 3856 2911 λελυ-

2205 2939 2396 3017 μένην,
2457 2944 2687 3009 καὶτῆς
2731 2950 2822 2999 τοῦ
2881 2943 3108 3022 ῥήτορος
3176 2945 3292 3019 περὶ
3351 2953 3515 3001 ταῦτα
3575 2941 3856 3020 δυνάμεως

479 3029 666 3106 theni,
700 3027 1038 3109 Hegesippo
1073 3027 1363 3090 tribuunt.
1421 3026 1716 3110 Equidem
1750 3045 1882 3088 cum
1918 3024 2123 3088 obser-

2215 3027 2596 3106 ἑλαττουμέντην
2654 3032 2755 3098 τὴν
2799 3033 3010 3111 φράσιν.
3074 3033 3176 3090 Καῖ
3210 3029 3270 3087 οἴ
3301 3053 3360 3110 γε
3395 3033 3553 3088 αὒτὸν
3582 3035 3855 3113 ἀφαιρού-

481 3119 665 3180 varim
725 3117 1098 3180 diversorum
1156 3117 1464 3180 orationes
1527 3123 1827 3179 oratorum
1889 3114 2119 3176 similes

2215 3140 2353 3176 ιενοι
2399 3127 2492 3177 τοῦ
2554 3121 2923 3196 Δημοσθένους
2969 3121 3042 3183 εἷς
3088 3119 3435 3198 Ἡγήσιππον
3465 3121 3849 3201 ἀναφέρουσιν,

478 3207 782 3270 interdum
832 3206 1144 3282 exsistere,
1179 3217 1238 3270 ot
1291 3215 1498 3269 contra
1540 3205 1811 3288 ejusdem
1861 3203 2120 3266 auctoris

477 3296 802 3360 dissimiles
852 3315 1284 3376 nonnunquam
1329 3297 1580 3359 evadere
1634 3294 1934 3358 orationes
1981 3302 2120 3369 (non

478 3389 642 3448 enim
695 3387 754 3448 in
785 3385 1044 3458 dicendo
1082 3385 1352 3460 facultas,
1391 3385 1721 3468 praesertim
1754 3384 1832 3446 im
1867 3384 2121 3465 propriis

474 3495 547 3539 ac
569 3478 823 3539 maxime
852 3477 1210 3558 opportunis
1241 3476 1634 3549 orationibus,
1669 3484 1732 3536 ut
1763 3493 1873 3537 nec
1905 3475 1962 3534 in
1991 3473 2125 3535 aliis

473 3566 659 3628 rebus
687 3565 992 3641 omnibus,
1026 3564 1418 3628 immutabilis
1448 3574 1560 3641 est,
1594 3582 1663 3626 ac
1693 3565 1784 3627 sui
1833 3571 2121 3645 perpetuo

401 3691 403 3698 ι
474 3655 712 3734 similis)
759 3673 1014 3736 cumque
1051 3655 1208 3717 hanc
1261 3655 1671 3718 diversitatem
1703 3653 1800 3716 hic
1847 3652 2120 3716 animad-

471 3754 724 3822 vertam,
758 3745 1149 3827 pronuntiare
1179 3763 1297 3807 non
1329 3747 1550 3824 ausim,
1583 3749 1738 3807 sitne
1784 3743 2120 3825 Hegeseppi

476 3835 621 3915 hac,
655 3855 730 3900 an
760 3835 1182 3900 Demosthenis
1211 3835 1425 3900 oratio.

563 4190 853 4256 Similiter
908 4197 968 4253 et
1023 4190 1375 4267 orationem,
1439 4210 1571 4274 quas
1641 4191 1988 4254 inscribitur
2041 4191 2116 4254 de

480 4278 944 4345 Conditionibus
1000 4278 1072 4341 ad
1124 4279 1557 4358 Alexandrum,
1587 4281 1863 4364 Hyperidi
1921 4281 2118 4364 potius

481 4388 658 4452 quam
708 4368 1097 4432 Demostheni
1149 4370 1498 4450 attribuunt,
1530 4373 1686 4454 quod
1736 4391 1868 4434 cum
1917 4370 2119 4434 multis

479 4440 612 4522 aliis
643 4459 1078 4523 Demosthenes
1107 4459 1336 4524 artibus
1365 4440 1626 4543 reliquos
1657 4469 1922 4524 oratoers
1953 4461 2117 4524 vice—
2141 4440 2184 4492 θ

474 4549 578 4625 rit,
610 4559 734 4611 tum
775 4547 1150 4630 petissimum
1184 4551 1500 4614 verborum
1530 4551 1768 4614 delectu
1798 4550 2114 4632 superarit.

476 4642 553 4703 At
582 4641 708 4704 haec
751 4639 941 4701 oratio
975 4639 1156 4703 habet
1185 4641 1504 4703 nonnullas
1549 4659 1723 4704 voces
1753 4659 1872 4702 non
1913 4647 2115 4702 orato-

477 4732 622 4812 rias,
655 4739 718 4794 ut
748 4728 1089 4808 νεόπλουτος,
1125 4729 1518 4811 βδελυρεύεσθαι
1553 4739 1611 4794 et
1637 4731 1754 4793 alia
1782 4730 2020 4794 similia.

555 4909 704 4973 Sunt
725 4909 902 4973 etiam
928 4909 1031 4972 dui
1054 4911 1202 4974 duas
1231 4911 1292 4973 in
1319 4909 1781 4990 Aristogitonem
1813 4913 2117 4976 orationes

472 5000 641 5082 quasi
665 5017 784 5061 non
808 5017 1129 5079 germanas
1149 5000 1564 5082 rejiciantzsed
1590 5010 1787 5064 tamen
1813 5021 1931 5064 non
1961 5002 2112 5064 indi-

470 5096 606 5153 cant
627 5097 930 5152 auctorem
957 5106 1190 5166 earum,
1219 5089 1380 5153 inter
1411 5109 1562 5170 quos
1587 5109 1743 5152 unus
1766 5102 1858 5153 est
1887 5092 2113 5172 Diony-

468 5179 592 5243 sius
615 5179 1128 5262 Halicarnasseus,
1164 5199 1284 5244 non
1317 5199 1596 5261 magnum
1630 5182 1945 5245 sentt-mite
1967 5201 2109 5263 pro-

467 5269 665 5332 ferens
714 5267 1149 5348 testimonium,
1185 5289 1298 5333 nec
1356 5271 1711 5349 investigare
1743 5271 2010 5348 studens,
2043 5278 2111 5334 ut

469 5359 658 5442 pluris
707 5357 840 5422 ﬁeri
871 5357 1086 5422 debeat
1131 5362 1498 5440 Aristogiton
1545 5372 1756 5424 contra
1783 5379 1848 5424 se
1885 5361 2108 5424 Demo-

2204 3205 2347 3285 Ἐγὼ
2428 3207 2483 3266 δὲ
2571 3209 2720 3274 εἰδὼς
2808 3209 3066 3276 πολλάκις

2202 3299 2540 3376 γεννητόρων
2592 3298 2802 3366 πολλὴν
2851 3299 3082 3379 ἔχοντας
3127 3301 3223 3366 τὴν
3269 3301 3561 3375 ὁμοιότητα
3614 3305 3698 3358 καὶ
3729 3303 3855 3362 διά-

2205 3409 2367 3469 φορον
2410 3387 2659 3466 ἐργασίαν
2705 3387 2880 3468 λόγων
2938 3390 3031 3444 τὸν
3077 3390 3235 3447 αὐτὸν
3291 3389 3602 3467 ἐγνωκότων
3646 3397 3859 3470 γεννή-

2204 3498 2334 3556 τορα
2402 3478 2490 3556 (οὗ
2543 3479 2644 3557 γὰρ
2694 3479 2776 3535 ἀεὶ
2826 3477 3157 3546 καθέστηκεν
3210 3479 3467 3556 ἄτρεπτος
3525 3483 3612 3538 καὶ
3671 3483 3860 3541 ἄναλ-

2205 3565 2440 3630 λοίωπος
2499 3569 2636 3624 κατὰ
2691 3568 2890 3642 πάντα,
2947 3567 3128 3647 ὥσπερ
3183 3566 3301 3625 οὒδὲ
3358 3568 3412 3624 ἐν
3457 3583 3574 3634 τοῖς
3630 3571 3853 3656 ἄλλοις,

2205 3655 2374 3721 οὕτως
2419 3656 2537 3714 οὐδὲ
2569 3657 2704 3714 κατὰ
2753 3658 2875 3721 τοὺς
2921 3656 3113 3735 λόγους
3162 3659 3196 3726 ἡ
3230 3657 3530 3736 ἀνθρωπίνη
3573 3655 3854 3744 δύναμις),

2204 3744 2382 3808 ἄλλως
2425 3767 2482 3802 τε
2509 3744 2571 3802 δέ
2602 3745 2718 3803 οὐδὲ
2751 3747 2805 3803 ἐν
2833 3759 2951 3811 τοῖς
2990 3748 3368 3826 καιριωτάτοις
3395 3755 3502 3804 τῶν
3540 3748 3856 3823 ἱδιωμάτων

3155 3211 3240 3266 καὶ
3312 3209 3505 3289 λόγους
3577 3208 3852 3293 διαφόρων

2202 3838 2295 3892 τοῦ
2334 3836 2582 3914 ῥήτορος,
2643 3834 2781 3893 ἀλλὰ
2838 3838 2926 3895 καὶ
2969 3838 3172 3904 ταύτην
3215 3837 3300 3894 ἐπ’
3353 3837 3530 3915 ὀλίγον
3577 3841 3714 3918 ὁρῶν
3743 3843 3860 3910 τὴν

2200 3923 2474 4004 διαφορὰν,
2509 3927 2603 3983 οὒκ
2637 3925 2756 4008 ἔχω
2805 3925 3018 4006 θαρῤετν
3067 3927 3443 4006 ἀποφήνασθαι
3481 3928 3596 3986 εἴτε
3657 3928 3859 4010 Ἡγη-

2199 4017 2395 4075 σίππου
2451 4015 2614 4080 πόνος
2674 4019 2703 4074 ὁ
2764 4017 2883 4094 περὶ
2947 4015 3276 4087 Ἀλοννήσου
3351 4015 3513 4096 λόγος
3573 4018 3684 4077 εἴτε
3748 4021 3862 4090 τῆς

2201 4108 2600 4181 Δημοώενικῆς
2631 4104 2917 4183 ἰλάττωμα
2946 4105 3242 4173 καθέστηκε
3270 4106 3500 4186 φύσεως,

2278 4193 2554 4258 Ὠσαότως
2601 4193 2774 4252 δὲκαὶ
2819 4198 2912 4253 τὸν
2957 4193 3144 4275 λόγον,
3208 4196 3266 4261 ὃς
3311 4194 3656 4278 ἐπιγράφεται
3722 4203 3867 4281 περὶ

2199 4285 2305 4341 τῶν
2339 4285 2469 4362 πρὸς
2521 4283 2883 4365 Ἀλέξανδρων
2928 4287 3224 4366 συνθηκῶν,
3274 4285 3549 4365 Ὑπερείδῃ
3588 4286 3642 4330 1⁵
3691 4289 3865 4365 μᾶλ-

2200 4373 2294 4431 λον
2353 4375 2390 4443 ἢ
2440 4375 2768 4452 Δημοσθένει
2825 4376 3238 4457 προσνέμουσιν,
3273 4375 3354 4433 ὅτι
3397 4399 3496 4457 περ
3527 4377 3760 4444 πολλοῖς
3785 4403 3865 4439 τε

2201 4463 2383 4531 ἄλλοις
2413 4467 2440 4522 ὁ
2475 4466 2827 4543 Δημοσθένης
2860 4467 3195 4524 πλεονεκτῶν
3225 4468 3330 4522 τῶν
3363 4464 3569 4524 λοιπῶν
3597 4469 3869 4550 ῥητόρων

2197 4555 2287 4611 καὶ
2341 4555 2410 4624 τῇ
2453 4562 2557 4612 τῶν
2602 4557 2878 4632 ὀνομάτων
2921 4554 3122 4633 ἐκλογῇ
3170 4555 3254 4612 ἐπὶ
3312 4557 3372 4612 τὸ
3400 4553 3454 4598 ¹⁶
3483 4557 3698 4634 ἄμεινον
3755 4560 3871 4618 δι-

2199 4645 2483 4725 ενήνοχεν,
2520 4649 2547 4702 ὁ
2579 4644 2633 4702 δὲ
2679 4653 2766 4704 νῦν
2822 4645 2984 4724 λόγος
3017 4644 3137 4725 ἔχει
3165 4667 3214 4702 τι
3246 4646 3336 4703 καὶ
3363 4651 3470 4702 τῶν
3500 4647 3561 4702 οὐ
3593 4647 3867 4727 λογάδων

2197 4744 2414 4815 φωνῶν,
2469 4735 2648 4814 ὥσπερ
2697 4738 2759 4792 τὸ
2815 4735 3137 4800 νεόπλουτος
3198 4736 3286 4792 καὶ
3329 4737 3391 4793 τὸ
3438 4735 3865 4819 βδελυρεὺεσθσιι

2197 4824 2286 4880 καὶ
2313 4823 2464 4905 ἕτερᾶ
2492 4848 2609 4883 τινα
2640 4832 2886 4886 τοιαῦτα.

2283 4915 2394 4970 Εἰσὶ
2425 4912 2480 4970 δὲ
2512 4913 2567 4972 ο⁹ί
2609 4917 2702 4972 καὶ
2739 4916 2862 4980 τοὺς
2894 4913 2982 4972 δόο
3013 4915 3136 4980 τοὺς
3164 4914 3219 4958 17
3246 4916 3381 4972 κατὰ
3436 4915 3870 4998 Ἀριστογείτο-

2191 5024 2281 5068 νος
2326 5005 2400 5069 ὡς
2431 5005 2616 5067 νόθους
2673 5005 3114 5084 παραγράφονται
3143 5025 3160 5043 ο
3209 5003 3330 5062 ἀλλ’
3367 5005 3508 5063 οὗτοι
3541 5006 3633 5064 καί
3661 5009 3868 5090 ὀρφα-

2192 5093 2531 5174 νοὺςῌαῦτοῦς
2563 5093 2800 5174 ἀφιᾶσιν,
2835 5093 2930 5152 οὒκ
2961 5093 3185 5174 ἔχοντες
3245 5097 3419 5153 εἰπεῖν
3477 5097 3599 5163 τοὺς
3641 5100 3870 5156 τεκόν-

2190 5171 2413 5248 τας.Ὠν
2442 5185 2528 5249 εἷς
2559 5171 2745 5264 γέγονε
2781 5185 2869 5242 καὶ
2905 5171 3176 5252 Διονύσιος
3209 5187 3236 5242 ὁ
3268 5183 3725 5264 Ἀλικαρνασσεὺς
3760 5189 3864 5274 ιθ,

2191 5271 2338 5330 οὐδὲν
2367 5272 2508 5352 μέγα
2563 5274 2854 5352 τεκμήριον
2899 5279 2996 5342 τῆς
3045 5272 3175 5339 ἰδίας
3218 5273 3542 5352 ὑπολήψεως
3581 5271 3868 5360 παρεχόᾷ

2191 5385 2376 5444 μενος,
2437 5363 2554 5422 οὐδὲ
2613 5364 2793 5422 ἐκεῖνο
2861 5362 3092 5423 συνιδεῖν
3152 5361 3434 5443 ἐθελήσας,
3495 5367 3570 5433 ὡς
3641 5367 3869 5450 πολλῷ

1771 5464 2039 5534 VABIZE
2096 5468 2530 5537 LECTIONES.

546 5555 966 5652 ‘Oft'bvlgrifpozv
998 5554 1622 5652 Rando-Plutarchus
1704 5556 2540 5652 nam.Pholiilibringligdw.“
2591 5559 3416 5652 ίΞ-καταξαλετνὶόξποτῐσαι--β,
3466 5647 3477 5652 _
3503 5563 3556 5610 ί²
3587 5565 3864 5652 ἄνεγνᾼῶ..

463 5643 572 5730 cli-n-
589 5640 676 5730 A_1
747 5636 1148 5730 ίὲξιῃᾍλονήσου
1179 5638 1264 5730 .
1333 5637 1406 5730 i4
1433 5640 1521 5697 καὶ
1571 5644 1709 5702 ante
1739 5640 1873 5700 κατὰ
1917 5658 2039 5708 om.
2076 5641 2145 5708 Β.
2229 5642 2287 5697 ίὸ
2333 5636 2580 5728 Τπε-ρίδῃ
2610 5644 2696 5721 ς’.
2779 5643 2840 5697 16
2870 5646 2936 5706 τὰ
2981 5636 3122 5710 ίάά.
3152 5643 3225 5713 Α.
3313 5644 3372 5696 Π
3400 5647 3524 5712 τοὺς
3555 5636 3710 5730 ροεί
3744 5648 3865 5713 δύο

460 5719 599 5788 add.
630 5721 702 5786 B.
791 5715 847 5764 ιθ
877 5709 1283 5801 ιΑλικςιιρντιισείις
1325 5720 1388 5797 ς·
1391 5767 1410 5788 ,
