4070 6204
537 331 650 396 195

536 561 942 623 continentur.

1179 751 1526 816 CCLXVIII.

1035 849 1314 926 Lycurgi
1343 849 1676 910 orationes.

591 941 716 1002 Non
742 941 853 1000 fuit
874 940 1058 1002 otium
1085 938 1322 1018 legendi
1346 938 1648 1000 orationes
1666 938 2048 1021 Lycurgi,qui
2069 959 2189 1003 non

541 1033 874 1111 pauciores,
901 1047 1075 1109 quam
1111 1029 1308 1089 caeteri
1341 1038 1636 1106 oratores,
1672 1031 1971 1093 orationes
2003 1031 2190 1111 scrip-

537 1122 633 1181 sit.
672 1119 935 1200 Scriptas
961 1136 1100 1180 vero
1135 1138 1203 1180 ex
1238 1119 1371 1197 ejus
1426 1119 1674 1181 historia
1705 1121 1900 1182 solum
1935 1120 2190 1201 quinde-

538 1209 650 1270 cim
679 1209 1213 1270 didicimus.497a
1236 1211 1471 1270 Patrem
1488 1207 1694 1270 habuit
1713 1209 2185 1289 lycophronem,

536 1299 784 1380 Lycurgi
839 1299 1054 1372 ﬁlium,
1091 1317 1267 1379 quem
1304 1298 1545 1376 triginta
1591 1301 1828 1378 tyranni
1861 1300 2186 1362 interfece-

537 1398 698 1464 runt,
734 1387 896 1450 tribu
927 1386 1328 1449 Eteobutades
1362 1388 1492 1450 luit.
1537 1387 1798 1450 Primum
1829 1387 2095 1469 quidem,
2128 1397 2190 1450 ut

539 1479 788 1541 historia
819 1487 1092 1556 testatur,
1127 1477 1524 1556 philosophia;
1559 1478 1756 1540 studio
1788 1497 1854 1541 se
1909 1477 2095 1553 dedit,
2129 1479 2189 1540 in

538 1589 655 1650 quo
690 1569 970 1644 magistro
995 1576 1241 1628 estusus
1269 1566 1514 1628 Platone
1552 1565 1928 1649 philosopho.
1959 1567 2192 1631 Deinde

541 1661 730 1720 factus
752 1655 1029 1718 Isocratis
1059 1655 1394 1727 familiaris,
1419 1656 1770 1719 versabatur
1796 1660 1852 1719 in
1884 1658 2195 1739 republica

540 1748 852 1829 prmclare,
890 1755 1011 1807 tum
1036 1745 1293 1807 dicendo
1322 1754 1440 1806 tum
1467 1745 1762 1808 faciendo:
1799 1723 1998 1827 etjam
2029 1749 2190 1812 illius
2218 1723 2252 1772 Β

542 1838 680 1900 ﬁdei
737 1835 1124 1917 pecuniarum
1176 1835 1614 1897 administratio
1665 1844 1792 1898 erat
1851 1840 2189 1902 commissa.

540 1931 814 2001 Quwstor
843 1943 981 1986 vero
1014 1935 1271 1996 creatus,
1308 1932 1367 1986 et
1425 1943 1530 2005 per
1562 1925 1674 1988 tria
1705 1927 1892 1988 lustra
1922 1939 2190 2009 quaestu-

540 2035 666 2079 ram
691 2015 875 2095 gessit
899 2013 1352 2095 quatuordecim
1383 2013 1635 2074 millium
1664 2017 2016 2078 talentorum
2042 2017 2189 2097 (14).

540 2108 632 2171 Ad
667 2105 918 2167 bellicos
941 2113 1258 2185 apparatus
1289 2104 2036 2186 delectus,rempublicam
2065 2107 2189 2169 fra-

541 2205 690 2259 ctam
727 2194 926 2256 multis
945 2194 1128 2255 rebus
1145 2192 1456 2255 meliorem
1491 2201 1549 2256 et
1577 2195 1905 2258 ﬁrmiorem
1927 2196 2185 2260 redden-

542 2289 617 2350 do
649 2283 1024 2358 instauravit,
1062 2285 1457 2365 triremesque
1484 2285 1701 2365 populo
1729 2294 2026 2347 trecentas
2059 2289 2193 2350 ins-

541 2374 1054 2455 truxit,multaque
1077 2391 1260 2454 opera
1294 2374 1646 2453 imperfecta
1667 2375 1876 2437 relicta
1907 2376 1978 2437 ad
2012 2377 2192 2438 ﬁnem

543 2465 868 2548 perduxit:
919 2464 1144 2524 navalia
1190 2469 1326 2523 item
1357 2473 1416 2525 et
1464 2483 1666 2524 rerum
1720 2466 2193 2528 necessariarum

541 2553 1066 2619 armamentarium
1097 2574 1111 2614 :
1138 2553 1268 2631 ipse
1293 2571 1529 2632 quoque
1551 2552 2077 2617 fundamentorum
2095 2557 2194 2636 ja-

541 2645 890 2709 ciendorum
931 2645 990 2702 in
1029 2641 1219 2703 stadio
1243 2640 1679 2704 Panathenaico
1703 2654 1908 2704 auctor
1938 2644 2196 2708 fuit.Pe-

542 2754 651 2797 nes
675 2735 834 2794 hunc
868 2733 978 2793 fuit
997 2732 1250 2794 civitatis
1275 2731 1564 2806 custodia,
1588 2741 1646 2794 et
1677 2733 1998 2794 sceleratos
2028 2753 2196 2795 com-

1727 334 1995 399 PHOTII
2040 335 2555 400 PATRIARCHE
2597 338 2710 401 ΟΡ.

616 469 836 532 Novem
898 475 1200 531 oratorum
1234 467 1556 546 orationes,
1592 485 1737 549 quas
1781 468 2054 549 legimus,
2089 468 2239 531 his‘A

3806 345 3915 409 196

2347 479 2464 530 Τῶν
2513 472 2612 547 μὲν
2643 472 2733 529 οὖν
2762 473 2788 514 9
2845 474 2894 530 θ’
2942 476 3182 555 ῥητόρων
3212 477 3259 532 οἱ
3315 475 3496 554 λόγοι,
3533 478 3610 533 ὦν
3656 477 3917 544 ἰποιηατί-

2263 565 2396 637 μεθα
2451 562 2555 618 τὼν
2627 562 2948 641 ἀνάγνωσιν,
3009 567 3066 620 ἓν
3147 567 3352 629 τοότοις
3431 568 3819 648 περιγράφεται
3887 572 3918 639 ἡ

2263 649 2475 726 μνήμη.

3005 754 3200 816 ΣΞΗ’.

2829 849 3128 927 Λυκούργου
3171 847 3348 926 λόγοι.

2352 939 2655 1017 Λυκούργου
2705 939 2759 996 δὲ
2814 940 3023 1008 οὐδενὸς
3085 949 3189 998 τῶν
3232 942 3438 1018 ἄλλων,
3477 943 3584 999 ὅσα
3634 966 3693 1022 γε
3747 945 3922 1002 τελεῖν

2273 1030 2344 1092 εἷς
2394 1029 2619 1106 ῥήτορας
2672 1030 2758 1084 καὶ
2814 1028 3171 1108 δημαγωγοὺς
3225 1033 3288 1086 τὸ
3331 1031 3576 1090 ἔλαττον
3638 1034 3921 1110 φερομένου

2272 1115 2418 1173 οὔπω
2475 1117 2747 1196 παρέσχεν
2792 1121 2928 1186 ἡμῖν
2999 1123 3026 1175 ὂ
3071 1121 3267 1198 χρόνος
3326 1119 3527 1198 λόγους
3603 1121 3915 1199 ἀναγνῶναι,

2273 1207 2513 1286 φέρεσθαι
2546 1205 2602 1262 δὲ
2637 1210 2796 1264 αὐτοῦ
2833 1208 2883 1273 ἐξ
2961 1212 3188 1287 ιστορίας
3222 1209 3287 1265 ιε’
3328 1211 3750 1285 μεμαθήκαμεν,
3815 1211 3916 1269 Οὗ-

2270 1318 2360 1358 τος
2418 1294 2473 1351 δέ
2500 1296 2610 1361 υἱός
2643 1297 2740 1368 μὲν
2798 1297 2865 1365 ἦν
2898 1298 3231 1374 Λυκόφρονος
3287 1321 3380 1355 του
3410 1300 3747 1376 Λυκούργου,
3782 1301 3840 1356 ὃν
3884 1303 3915 1367 ἡ

2271 1386 2380 1442 τῶν
2436 1384 2489 1441 λ’
2547 1387 2784 1463 τυραννὶς
2839 1385 3047 1459 ἀνεῖλε,
3103 1388 3191 1444 τόν
3249 1386 3419 1463 δῆμον
3482 1387 3916 1456 Ἐτεοϐουτάδηςο

2273 1475 2576 1552 ἠκροάσατο
2622 1474 2676 1531 δέ
2723 1477 2788 1532 τὰ
2833 1479 2932 1551 μέν
3000 1483 3183 1554 πρῶτα
3240 1479 3341 1557 (ὡς
3398 1480 3434 1546 ἠ
3495 1479 3706 1556 ἱστορία
3758 1478 3915 1558 λέγει)

2277 1563 2559 1631 Πλάτωνος
2616 1565 2707 1622 τοῦ
2753 1564 3068 1645 φιλοσόφου,
3105 1566 3290 1622 ἔπειτα
3333 1565 3388 1623 δέ
3446 1569 3540 1625 καὶ
3575 1576 3666 1625 του
3707 1569 3921 1646 ῥήτορος

2277 1655 2628 1734 Ἰσοκράτους.
2690 1655 3103 1715 Ἐπολιτεύσατο
3153 1656 3208 1714 δέ
3257 1659 3346 1715 καὶ
3390 1657 3575 1735 λέγων
3625 1661 3716 1716 καὶ
3757 1661 3919 1737 πράτ-

2276 1768 2382 1801 των
2442 1745 2730 1826 ἐπιφανῶς,
2769 1748 2855 1804 καὶ
2895 1748 2962 1803 τὰ
2992 1753 3089 1815 τῆς
3149 1747 3357 1812 πόλεως
3389 1750 3664 1828 χρήματα
3708 1747 3921 1806 διοικεῖν

2274 1837 2709 1900 καταπιστευθεὶς
2753 1835 2848 1892 ἐπΐ
2912 1837 2966 1915 γ’
3019 1836 3432 1915 πενταετηρίδας
3493 1839 3636 1894 κατᾶ
3690 1840 3752 1894 τὸ
3808 1837 3918 1909 ἄρι-

2273 1947 2398 1980 στον
2473 1932 2637 1982 ταῦτα
2707 1928 2794 1981 καὶ
2869 1925 3331 2006 φιλοπονώτατον,
3395 1925 3680 1983 ταλάντων
3734 1930 3922 2005 μυρίων

2273 2013 2398 2071 ὄντα
2456 2017 2544 2071 καὶ
2608 2015 3053 2096 τετρακισχιλίων
3125 2015 3455 2091 διῳκήσατο,
3519 2019 3916 2095 Χειροτονηθεὶς

2272 2102 2326 2159 δέ
2356 2101 2384 2144 ³
2411 2104 2496 2160 ἐπὶ
2527 2104 2624 2171 τὴν
2663 2104 2755 2160 τοῦ
2783 2104 3020 2180 πολέμου
3072 2107 3435 2184 παρασκευὴν,
3473 2104 3616 2163 ἄλλα
3663 2129 3721 2163 τε
3753 2105 3918 2164 πολλὰ

2273 2191 2371 2258 τῆς
2436 2192 2647 2257 πόλεως
2709 2191 3098 2271 καύεῤῥυηκότα
3143 2192 3466 2276 ἐπανέλαϐε³
3531 2196 3632 2252 καὶ
3695 2196 3915 2274 τριήρεις

2275 2288 2352 2356 τῷ
2404 2280 2559 2356 δήμῳ
2587 2274 2643 2337 υ’
2685 2284 3072 2359 παρεσκεύασε.
3135 2283 3314 2340 Πολλὰ
3358 2283 3412 2340 δέ
3452 2274 3703 2342 καὶτῶν
3760 2284 3913 2362 ’ἐργωι

2276 2370 2509 2446 ἡμιτελῆ
2551 2371 2897 2451 παρειληφὼς
2931 2374 3005 2436 εἰς
3063 2372 3215 2436 τέλος
3261 2375 3566 2452 προήνεγκε
3597 2373 3647 2446 ⁴,
3679 2374 3806 2436 νεώς
3861 2392 3910 2428 τε

2278 2460 2460 2523 οἴκους
2518 2458 2784 2534 ἐδείματο,
2819 2465 2905 2518 καὶ
2964 2464 3062 2533 τὴν
3107 2464 3441 2532 σκευοθήκην
3508 2463 3909 2532 ἑπεσκευάσιτν),

2277 2551 2365 2608 καὶ
2412 2549 2490 2623 τῷ
2517 2551 2903 2625 παναθῆναΐκῷ
2935 2549 3129 2625 σταδίῳ
3188 2552 3287 2619 τὴν
3320 2554 3568 2629 κρηπῖδα
3614 2550 3908 2610 ὑπεϐάλετο.

2282 2639 2597 2705 Ἐπιστεύθη
2631 2639 2683 2694 δέ
2712 2641 2744 2689 5
2785 2642 2872 2696 καὶ
2917 2652 3009 2700 τοῦ
3037 2641 3224 2703 ἄστεος
3261 2640 3409 2720 [810
3440 2641 3550 2725 Η.]
3597 2644 3696 2710 τὴν
3730 2640 3911 2716 Επιμέ-

2279 2728 2452 2803 λειαν,
2485 2729 2572 2784 καὶ
2616 2730 2726 2803 μὴν
2782 2730 2876 2786 καί
2910 2737 3015 2787 τῶν
3058 2733 3366 2809 κακούργων
3411 2734 3511 2800 τὴν
3563 2732 3823 2810 ἆνευρεσίν
3860 2750 3910 2785 τε

543 2821 965 2908 prehendendi
1001 2829 1262 2902 potestas
1293 2840 1305 2882 :
1364 2839 1513 2900 quos
1545 2839 1758 2882 omnes
1792 2822 1872 2883 ita
1903 2821 2098 2902 ejecit,
2134 2833 2193 2883 ut

2283 2821 2368 2876 καὶ
2412 2817 2702 2893 σύλληψιν⁸
2753 2820 2845 2875 καῖ
2900 2819 3066 2885 οὕτως
3127 2821 3350 2897 ἐκάθηρε
3384 2819 3418 2870 6
3458 2823 3559 2889 τὴν
3608 2820 3762 2878 πόλιν
3815 2824 3909 2875 τῶν

539 2915 943 2995 sophistarum
999 2909 1272 2971 nonnulli
1333 2909 1626 2991 dicerent,
1678 2909 2011 2990 Lycurgum
2075 2930 2192 2972 non

541 2999 1007 3075 atramento,sed
1029 3003 1320 3079 sanguine
1340 2999 1635 3060 calamum
1661 3009 1867 3061 contra
1890 3001 2195 3082 improbos

540 3095 935 3173 intingentem
969 3088 1374 3151 conscribere.
1398 3090 1649 3151 Tantum
1675 3090 1766 3151 sui
1798 3089 2190 3166 desiderium,

541 3199 929 3260 amoremque
959 3177 1428 3241 Atheniensibus
1472 3178 1737 3258 reliquit,
1773 3187 1838 3239 ut
1869 3199 2002 3240 cum
2036 3189 2197 3242 esset

542 3276 614 3336 ab
643 3269 983 3334 Alexandro
1017 3287 1152 3331 cum
1184 3267 1418 3329 caeteris
1463 3267 1806 3329 oratoribus
1838 3269 2190 3348 postulatus,

541 3361 796 3445 populus
835 3376 1208 3440 nequaquam
1247 3359 1403 3419 hunc
1447 3356 1792 3419 dedendum
1820 3357 2190 3421 existimarit.

539 3454 894 3532 Legationes
939 3449 1153 3510 multas
1185 3445 1333 3508 obiit
1375 3467 1388 3510 :
1445 3466 1577 3508 cum
1623 3447 2028 3510 Demosthene
2054 3469 2195 3512 vero

542 3544 614 3604 ad
679 3539 1146 3621 Peloponnesios
1178 3538 1332 3615 (15).
1365 3535 1573 3616 Magna
1618 3536 1724 3598 fuit
1757 3538 2013 3601 Athenis
2060 3539 2192 3618 glo-

541 3633 655 3708 ria,
719 3647 1085 3709 semperque
1146 3625 1441 3708 aequitatis
1512 3627 1692 3689 laude
1747 3629 1950 3704 valuit,
2011 3639 2078 3691 ut
2135 3631 2195 3691 in

537 3721 785 3803 judiciis
815 3718 1062 3800 Lycurgi
1103 3735 1442 3780 sermonem
1476 3717 1822 3797 protulisse,
1861 3719 2193 3798 patrocinio

542 3812 790 3874 adderet
843 3808 1280 3871 auctoritatem.
1337 3806 1498 3868 Tulit
1529 3825 1676 3869 vero
1721 3807 1904 3885 leges,
1942 3827 2193 3888 quarum

2237 2909 2588 2990 ,κακούργων
2639 2907 2692 2982 7,
2728 2907 2975 2974 ἐξελάσας
3024 2911 3280 2990 ἃφαιτας,
3317 2913 3390 2976 ὡς
3441 2913 3533 2969 καὶ
3582 2911 3706 2987 παρ’
3767 2910 3910 2970 ἐνίοις

2279 3003 2385 3053 τῶν
2446 2998 2711 3077 σοφιστῶν
2743 2997 2775 3046 8
2831 2998 3076 3076 λέγεσθαι
3109 2998 3190 3056 ὅτι
3243 2999 3321 3075 μή
3376 2999 3571 3075 μέλανι
3633 3006 3911 3076 Λυκοῦργος

2278 3086 2416 3143 ἀλλὰ
2472 3094 2549 3161 τῷ
2607 3088 2816 3160 θανάτῳ
2844 3089 3013 3168 χρίων
3070 3091 3161 3144 τὸν
3214 3089 3455 3165 κάλαμον
3515 3091 3584 3147 τὰ
3635 3089 3768 3145 κατὰ
3819 3089 3913 3142 τῶν

2278 3182 2529 3254 πονηρῶν
2613 3180 2932 3256 ψηφίσματα
3001 3177 3221 3256 ἔγραψε.
3311 3187 3578 3237 Τοσοῦτον
3648 3177 3702 3235 δέ
3769 3177 3914 3233 πόθον

2280 3266 2440 3324 αὑτοῦ
2482 3267 2569 3323 καὶ
2629 3265 2756 3324 αἰδῶ
2818 3281 2937 3330 τοῖς
2993 3265 3290 3343 Ἀθηναίοις
3349 3270 3631 3337 ἐνεποίησε
3689 3273 3916 3324 πολιτευ-

2279 3356 2498 3431 όμενος,
2532 3358 2604 3420 ὡς
2664 3358 2980 3427 αἰτήσαντος
3037 3359 3194 3415 αὒτὸν
3253 3356 3604 3437 Ἀλεξάνδρου
3635 3364 3725 3415 τοῦ
3777 3356 3915 3432 βασι-

2279 3445 2443 3517 λέως,
2476 3445 2657 3524 ὥσπερ
2701 3447 2786 3502 καὶ
2840 3451 2964 3511 τοὺς
2999 3443 3219 3521 ἄλλους,
3252 3449 3279 3504 ὁ
3311 3446 3480 3524 δῆμος
3516 3450 3577 3506 οὗ
3632 3444 3910 3524 προήκατο.

2280 3534 2632 3614 Ἐπρέσϐευσε
2669 3533 2719 3591 δέ
2779 3535 2872 3591 καὶ
2917 3537 3044 3613 πρὸς
3078 3535 3360 3615 διαφόρους
3419 3537 3610 3601 πόλεις
3642 3536 3735 3592 καὶ
3790 3531 3912 3608 μετᾶ

2283 3625 2648 3702 Δημοσθένους
2704 3626 2774 3690 εἷς
2833 3623 3266 3693 Πελοπόννησον.
3305 3625 3409 3684 Καῖ
3461 3625 3723 3683 διετέλεσε
3755 3621 3785 3672 9
3823 3621 3903 3676 τὸν

2277 3725 2370 3774 τοῦ
2426 3715 2542 3791 βίου
2600 3711 2798 3793 χρόνον
2859 3711 3152 3789 εὐδοκιμῶν
3210 3717 3296 3771 καὶ
3350 3713 3552 3778 δίκαιος
3601 3714 3742 3771 εὗναι
3797 3706 3906 3785 παρ’

2281 3804 2578 3872 Ἀθηναίοις
2626 3801 2996 3879 νομιζόμενος³
3052 3801 3241 3882 [1485
3268 3801 3376 3884 3.]
3429 3803 3510 3861 διὸ
3541 3805 3628 3862 καὶ
3671 3805 3729 3858 τὸ
3765 3798 3907 3876 λόγον

543 3902 750 3984 quinta
802 3907 912 3975 est,
950 3917 1022 3959 ne
1085 3897 1300 3958 mulier
1348 3895 1690 3984 Eleusinem
1748 3897 2027 3958 vehiculo
2086 3899 2193 3960 iter

2281 3917 2399 3953 τινα
2461 3905 2807 3971 προενεγκεῖν
2860 3893 2915 3948 ὲν
2971 3906 3091 3959 τοῖς
3135 3891 3495 3970 δικαστηρίοις
3555 3892 3684 3971 ὺπέρ
3715 3894 3906 3948 ὁτουοῦν

545 3983 791 4065 faceret,
827 4008 903 4050 ne
937 3986 1242 4049 tenuiores
1273 3983 1590 4045 ditioribus
1620 3993 1821 4045 essent
1850 3984 2194 4053 inferiores.

2283 3984 2496 4066 μεγάλη
2579 3989 2656 4060 τῷ
2742 3986 3165 4064 συναγορευθέντι
3250 3988 3471 4064 βοήθεια
3557 3985 3756 4063 ἑγίσετο
3834 3975 3900 4066 φο

547 4080 880 4151 Ἐποιήσατο
948 4077 1002 4131 δὲ
1063 4079 1152 4132 καὶ
1228 4076 1404 4149 νόμων
1450 4076 1693 4153 εἰσφορὰς
1749 4073 2035 4154 διαφόρων’
2100 4079 2171 4136 ὧν
2217 4077 2332 4138 ἐστί
2373 4065 2664 4156 πέμπτος,
2723 4075 2782 4139 ’ὃς
2847 4077 2942 4133 οὒκ
3005 4075 3065 4148 ἐᾷ
3123 4077 3215 4139 τὰς
3261 4090 3519 4155 γυναῖκας
3587 4065 3905 4132 Ἐλευσῖνάδε

544 4169 629 4229 επὶ
672 4170 886 4245 ζεύγους
932 4164 1234 4244 ὀχουμέναις
1265 4165 1622 4243 ἀφικνεῖσθαι,
1657 4169 1729 4228 ὡς
1775 4165 1836 4222 ἂν
1870 4168 1921 4221 αἱ
1952 4163 2341 4248 δημοτικαὶμῆ
2372 4167 2502 4224 ὦσιν
2543 4165 2643 4221 ὑπὸ
2672 4165 2776 4222 τῶν
2822 4165 3083 4223 πλουσίων
3131 4166 3544 4242 ἐλαττούμεναι.
3857 4166 3866 4179 ’

631 4261 777 4322 Cum
814 4263 1009 4316 autem
1036 4253 1414 4331 vectigalium
1447 4262 1684 4314 exactor
1707 4252 1948 4334 quidam
1990 4273 2201 4320 manus

2365 4256 2689 4333 Ξενοκράτει
2751 4254 2806 4310 δέ
2856 4278 2986 4312 ποτε
3043 4265 3117 4331 τῷ
3164 4255 3211 4298 ﬂ
3272 4255 3549 4338 φιλοσόφῳ
3579 4256 3671 4318 τὰς
3726 4262 3899 4331 χεῖρας

544 4350 608 4412 in
655 4350 1067 4412 Xenocratum
1102 4342 1523 4422 philosophum
1584 4343 1910 4423 injecisset,
1947 4365 2193 4429 cumque

2285 4345 2630 4409 ἐπιϐαλόντος
2696 4343 2948 4420 τελώνου,
2995 4348 3082 4402 καὶ
3126 4347 3257 4424 πρὸς
3323 4349 3385 4402 τὸ
3443 4347 3706 4423 μετοίκιον
3761 4338 3900 4395 αὐτὸν

545 4441 608 4502 in
638 4435 969 4500 custodiam
995 4432 1497 4506 abduceret,huic
1524 4431 1694 4494 datus
1718 4433 1950 4495 obviam
1976 4426 2193 4516 Lycur-

2287 4437 2534 4516 ἄγοντος,
2568 4435 2894 4505 συναντήσας
2927 4437 3016 4490 τὸν
3075 4434 3171 4509 μέν
3205 4435 3494 4515 φιλόσοφον
3539 4433 3784 4501 ἀπέλυσε,
3811 4426 3896 4489 τὴν

547 4549 658 4609 gus
693 4526 973 4589 baculum
1036 4525 1095 4584 in
1132 4530 1306 4603 caput
1335 4522 1606 4603 impegit,
1643 4525 1956 4604 ipsumque
1988 4513 2193 4589 Xeno-

2282 4513 2346 4582 δέή
2366 4513 2605 4605 κεφαλὴν
2634 4531 2728 4581 τοῦ
2761 4523 2991 4580 τελώνου
3020 4523 3192 4601 ῥάϐδῳ
3220 4513 3453 4599 παίσας,
3485 4526 3579 4583 ἅτε
3610 4522 3674 4588 δὴ
3702 4515 3752 4560 ﬂ
3779 4513 3897 4572 »ωιτἆ

547 4626 773 4681 cratem
814 4612 1283 4687 Iiberavit,illum
1304 4621 1500 4673 autem
1537 4615 1727 4694 turpis
1759 4615 2197 4694 atqueinfamis

545 4707 831 4771 facinoris
861 4713 1192 4784 auctorem,
1227 4703 1288 4764 in
1320 4721 1625 4765 carcerem
1662 4703 1960 4784 compingi
1987 4706 2189 4784 jussit.

544 4799 710 4863 Hanc
734 4798 808 4860 ob
833 4815 1072 4861 causam
1107 4813 1241 4857 cum
1275 4801 1431 4855 esset
1461 4793 1834 4855 collaudatus
1865 4793 2188 4876 Lycurgus,

548 4891 871 4972 paucisque
900 4886 1118 4968 elapsis
1171 4883 1381 4947 diebus
1441 4884 1681 4965 Lycurgi
1715 4883 1822 4947 ﬁlii
1869 4883 2192 4948 Xenocrati

2278 4625 2371 4675 τοῦ
2429 4613 2722 4692 πρέποντος
2781 4613 3297 4692 ἂποθρασυνομένου,
3348 4613 3707 4692 δεσμωτήριον
3747 4608 3895 4664 οἰκεῖν

2279 4703 2640 4784 παραδέδωκε,
2721 4703 2808 4758 καὶ
2872 4703 3088 4760 πολλῶν
3171 4703 3400 4760 ἐπαίνων
3474 4704 3560 4761 ἐπὶ
3630 4700 3786 4772 ταύτῃ
3835 4696 3894 4766 τῇ

2277 4794 2459 4873 πράξει
2521 4793 2813 4872 τετύχηκε.
2882 4795 2975 4849 Διὸ
3035 4794 3120 4849 καὶ
3173 4793 3291 4867 μεθ’
3345 4793 3552 4870 ἡμέρας
3608 4790 3747 4852 τινὰς
3790 4793 3891 4873 τθῖξ

2277 4884 2426 4942 παισὶ
2491 4889 2583 4941 τοῦ
2641 4883 2942 4962 Λυκούργου
3027 4887 3369 4962 Ξενοκράτης
3443 4881 3712 4963 συντυχὼν
3764 4866 3894 4950 ιάχύ

1861 5055 2116 5123 VARUE
2166 5051 2487 5121 LECTION
2496 5051 2603 5115 ES.

628 5169 660 5220 2
684 5171 772 5225 οὖν
829 5183 950 5228 om.
985 5165 1053 5227 B.
1140 5162 1166 5206 3
1195 5162 1248 5219 δὲ
1309 5181 1429 5224 om.
1461 5162 1534 5227 A.
1619 5163 1651 5213 ι
1680 5163 1945 5244 παρήνεκε
1977 5166 2053 5228 Α,
2139 5167 2173 5218 5
2199 5164 2253 5223 δὲ
2285 5182 2407 5227 om.
2465 5160 2560 5244 B._
2589 5159 2652 5244 _3
2685 5161 2893 5244 ⁸κάθηρε
2922 5178 3019 5244 pr.
3045 5163 3157 5244 AA.
3243 5160 3273 5211 7
3302 5161 3405 5220 τῶν
3450 5162 3750 5240 κακούργων
3801 5147 3888 5215 τὴν

547 5251 700 5311 πόλιν
901 5246 932 5294 8
974 5247 1148 5324 σοφῶν
1346 5244 1379 5294 9
1409 5243 1615 5302 ἐτέλεσε
1645 5245 1714 5308 Α,

1801 5242 1855 5289 ¹⁰
1883 5244 2093 5326 ἒγένετο

2294 5245 2342 5289 ii
2386 5245 2463 5321 τῷ
2492 5241 2631 5307 add.
2662 5241 2740 5306 A.
2827 5239 2879 5284 ¹²
2909 5239 3004 5322 δὴ]
3037 5240 3292 5308 fortasse
3321 5244 3424 5321 μή.

2110 5427 2356 5492 NOTAE}.

621 5552 737 5621 (14)
793 5553 974 5612 Hodie
1021 5555 1325 5623 sunt_oc_to
1375 5547 1664 5623 myriades
1695 5555 1750 5623 et
1804 5547 2188 5623 quadraginta

549 5616 731 5694 millia
761 5634 1123 5684 scutatorum
1158 5616 1391 5685 Budaeo,
1423 5616 1487 5677 ut
1541 5619 1768 5694 singula
1811 5616 2189 5683 t‘alenta'sex-

548 5690 733 5756 contis
762 5695 1054 5757 coronatis
1083 5699 1457 5752 aestimentur.

2345 5549 2456 5617 (15)
2513 5545 2890 5621 Polyeuctum
2938 5546 3034 5621 hic
3067 5544 3297 5604 tertium
3355 5545 3513 5606 addit
3543 5547 3777 5621 legatum
3827 5532 3879 5591 in

2275 5617 2746 5693 Peloponnesium
2775 5617 3142 5678 Plutarchus.
