4070 6204
458 261 572 330 227

1651 253 1885 319 ΡΗΟΤΙ
1893 255 1916 316 Ι
1961 247 2475 316 PATRIARCHEE
2517 249 2633 318 ΟΡ.

3704 255 3829 322 228

455 419 661 482 ceps,o
683 400 919 463 Domini
951 392 1576 482 commiserationeml
1615 388 1944 482 indignatio
1972 387 2091 482 bu-

2179 389 2436 463 κροθύμου
2494 389 2791 452 δικαστοῦι
2855 388 3056 470 ἀφῆκεν
3113 388 3237 448 ὅλον
3270 387 3340 457 εἷς
3384 391 3474 446 τὸ»
3518 391 3633 472 ὄφιν
3687 413 3822 447 συι-

456 477 798 552 manitatem
825 485 1312 570 supergrediens,
1351 483 1500 561 legis
1531 481 1771 544 dolores
1814 477 2096 540 terminat

456 595 510 641 et
531 586 859 656 gemitus,ut
874 584 965 638 his
983 577 1344 636 invalescens
1363 581 1605 633 mortem
1631 590 1699 632 ex
1718 572 2096 630 delectatione

455 667 1106 743 exuat,multitudinem
1140 662 1384 724 humani
1413 661 1652 741 generis
1673 658 2092 721 comminatus.

454 759 835 821 Additionem
868 752 1266 816 successionis
1289 751 1580 831 promittit
1602 749 2093 821 dolens,malrem

457 847 664 908 mundi
698 847 873 923 elegit
893 845 1100 919 iratus,
1125 842 1436 902 cadentem
1471 841 1711 901 trahens
1735 840 1791 900 in
1812 852 2096 919 progres-

453 955 583 996 sum
599 937 690 998 .In
720 933 1038 996 doloribus
1052 933 1265 1013 paries
1286 929 1446 1010 ﬁlios
1467 945 1530 992 ll:
1561 947 1665 1010 per
1688 935 1955 989 ventrem
1985 923 2095 985 do-

449 1039 674 1099 cet.per
698 1041 867 1099 quem
893 1028 956 1082 tn
981 1025 1263 1081 mundum
1292 1024 1708 1086 venit.vetitum
1731 1021 1966 1090 capiens
1985 1018 2100 1074 fru-

449 1121 634 1182 ctum,
672 1113 798 1190 ipsa
849 1109 1132 1190 puniatur
1163 1117 1368 1186 partus
1415 1105 1748 1178 doloribus,
1783 1113 1842 1165 et
1871 1120 2098 1181 magnae

448 1201 785 1281 cupiditatis
806 1200 1090 1260 damnum
1114 1197 1294 1258 507a
1315 1197 1703 1275 contrahens,
1731 1202 1789 1256 et
1823 1192 2096 1254 multitu-

448 1291 650 1352 dinem
694 1287 935 1368 generis
966 1305 1280 1367 opponens
1327 1286 1616 1366 serpenti,
1651 1293 1706 1344 et
1762 1283 2099 1360 permultos

450 1389 838 1461 prosternens
856 1379 1151 1438 laetantem
1183 1393 1287 1454 per
1308 1374 1719 1437 unum.Parias
1736 1392 1870 1436 cum
1890 1371 2098 1434 dolore

448 1477 634 1544 caste,
664 1488 798 1530 cum
828 1469 961 1529 laeta
989 1465 1276 1546 peperisti
1301 1464 1430 1526 sine
1453 1464 1869 1537 damno,etad
1898 1468 2095 1524 virum

449 1567 620 1622 tuum
651 1563 962 1620 conversio
994 1563 1100 1617 tua
1131 1553 1443 1618 Subditam
1479 1553 1651 1615 Evam
1680 1553 1906 1614 Adamo
1930 1552 2091 1615 iecit.

446 1648 717 1710 Libertas
748 1647 908 1709 enim
963 1645 1192 1707 inutilis
1224 1645 1298 1706 iis
1347 1645 1449 1726 qui
1483 1663 1588 1725 per
1617 1664 1680 1705 se
1710 1661 1920 1724 sapere
1951 1661 2094 1703 nes-

2179 482 2411 558 αχθῆνσι
2467 482 2529 536 τὸ
2579 481 2779 556 αἴτιον,
2812 480 2904 536 ’ἕνα
2961 483 3280 559 κουφότερον
3333 483 3643 556 καταστήσῃ
3700 496 3824 542 τοῖς

2180 566 2596 626 ἐπιϐουλευθεϊσι
2653 571 2714 626 τὸ
2773 568 3041 648 ἔγκλημα,
3107 570 3524 648 Ἐπικατάρατος
3597 571 3659 626 σὺ
3716 571 3828 626 ὰπὸ

2179 659 2390 713 πάντων
2447 665 2554 713 τῶν
2616 665 2826 725 κτηνῶν
2883 682 2970 715 και
3026 659 3132 715 ἀπὸ
3190 659 3400 716 πάντων
3462 667 3565 715 τῶν
3624 660 3827 738 θηρίων

2180 747 2276 812 τῆς
2325 753 2450 824 γῆς.
2518 740 2610 812 Ὠς
2667 750 2802 804 κατὰ
2855 750 3033 816 πάσης
3080 749 3296 820 ἐκζέσας
3332 751 3430 816 τὴν
3462 748 3665 805 ἀδικίαν
3724 755 3823 815 τῆς

2181 837 2425 896 κτίσεως.
2490 840 2752 911 Οὗρανοὺς
2810 837 3103 917 ἐνὸϐρισας,
3166 845 3242 912 τῷ
3305 840 3369 911 ἰῷ
3426 839 3671 916 ῥυπώσας
3732 845 3825 895 τοῦ

2183 926 2390 1004 φθόνου,
2450 925 2743 1004 ’Λγγέλους
2801 925 3070 994 ὶλύπησας
3116 929 3182 1003 τῇ
3225 928 3544 1008 ἀποστασία,
3592 929 3824 1002 νομίζων

2183 1013 2434 1072 ἐλαττοῦν
2477 1021 2582 1071 τῶν
2641 1015 2948 1094 ὕμνολόγων
2994 1018 3054 1072 τὸ
3117 1019 3329 1095 μέτρον,
3386 1017 3480 1074 οὒκ
3536 1016 3684 1080 εἰδὼς
3737 1016 3824 1073 ὅτι

2181 1106 2258 1178 τῷ
2315 1113 2582 1184 χωρισμῴ
2635 1113 2726 1162 τοῦ
2783 1107 3026 1186 χείρονος
3084 1106 3362 1178 πλεονάζει
3420 1108 3479 1162 τὸ
3548 1119 3817 1184 κρεῖττον.

2183 1193 2469 1260 Πληθύιων
2553 1194 2806 1260 πληθυνῶ
2885 1197 2978 1258 τὰς
3063 1195 3231 1254 λύπας
3318 1219 3434 1268 σου,
3497 1199 3584 1252 καὶ
3665 1195 3818 1269 ἑξῆς,

3426 1285 3823 1364 Ἀγανᾶκτησις

2181 1372 2572 1452 φιλανθρωπίαν
2626 1371 3008 1452 ὑπερϐαίνουσα
3074 1376 3239 1450 νόμου
3293 1374 3462 1440 λύπας
3521 1378 3678 1454 ἰρίζει
3730 1378 3823 1433 καὶ

2179 1464 2533 1540 στεναγμοὺς,
2587 1463 2681 1519 ἵνα
2749 1466 2963 1528 ταύταις
3018 1465 3404 1544 ἐγκαρτεροῦσα
3474 1467 3565 1522 τὸν
3606 1469 3668 1522 εκ
3719 1466 3820 1533 τῆς

2177 1552 2414 1630 τέρψεως
2465 1551 2790 1620 ἀποδύσηται
2847 1553 3090 1612 θάνατον.
3159 1555 3470 1622 Πλατύτητα
3517 1554 3662 1633 [896
3717 1553 3822 1633 Η.]

2178 1643 2359 1720 γένους
2433 1641 2670 1699 ἀπειλῶν
2713 1646 3130 1722 εὒαγγελὶζεται·
3197 1647 3499 1719 προσθήκην
3555 1644 3822 1725 διαδοχῆς

3318 1219 3434 1268 σου,
3497 1199 3584 1252 καὶ

2181 1281 2345 1340 Βαϐαὶ
2408 1284 2504 1351 τῆς
2569 1291 2902 1352 Δεσποτικῆς
2972 1287 3344 1360 συμπαθείαςὲ

447 1735 777 1816 ciunt.Ipse
799 1734 1210 1797 dominabitur
1231 1740 1334 1808 tui,
1363 1733 1520 1796 habe
1541 1735 1732 1797 virum
1758 1733 2088 1808 dominum,

2176 1733 2520 1810 ὑπισχνεῖται
2581 1731 2938 1806 λυπούμενοςο
2997 1733 3205 1813 μητέρα
3249 1744 3451 1808 κόσμου
3511 1749 3826 1814 χειροτονεῖ

447 1839 507 1890 et
532 1846 650 1887 non
674 1825 1282 1906 serpentem.Deinde
1305 1825 1377 1886 ad
1406 1825 1720 1886 meliorem
1754 1823 1928 1883 vitam
1953 1841 2090 1884 con-

448 1916 808 1992 versa,unde
838 1924 1078 1996 sumpta
1103 1915 1314 1977 venisti
1345 1915 1406 1976 in
1437 1914 1750 1976 mundum.
1787 1913 1859 1974 Et
1888 1912 2091 1972 Adam

442 2008 760 2080 dixit,etc.
794 2003 955 2066 Nova
985 2005 1309 2066 clementia
1335 2023 1469 2086 quae
1510 2003 1772 2084 priorem
1821 2013 2088 2082 superat.

443 2096 700 2158 Animus
726 2095 958 2175 paterni
978 2095 1192 2175 plenus
1218 2094 1651 2170 amoris,minte
1677 2093 1868 2172 plena:
1882 2110 2093 2154 conso-

441 2185 705 2247 lationis.
758 2182 1035 2264 Oportuit
1086 2184 1330 2264 quidem
1384 2192 1463 2257 te,
1499 2183 1718 2260 inquit,
1755 2181 1902 2243 mibi
1951 2181 2093 2243 obe-

438 2275 706 2337 dientem
763 2274 1034 2336 mulieris
1065 2273 1383 2335 consilium
1440 2291 1560 2334 non
1595 2271 1946 2344 attendisse,
1980 2290 2092 2332 nec

444 2367 664 2444 legem,
700 2383 876 2445 quam
928 2381 1058 2424 mea
1093 2383 1273 2424 manu
1304 2361 1545 2442 scripsi,
1576 2362 1777 2441 digitis
1817 2359 1950 2422 Eva:
1980 2361 2092 2422 de—

443 2457 608 2518 lere:
662 2473 796 2515 cum
831 2472 970 2515 vero
1011 2453 1396 2528 separatione
1439 2453 1728 2528 mulieris,
1763 2462 1819 2512 et
1849 2459 2090 2532 peccato

444 2563 565 2605 non
619 2543 944 2622 separeris,
977 2543 1186 2622 accipe
1236 2542 1458 2622 legem,
1495 2561 1628 2622 quae
1659 2541 1778 2603 tuis
1828 2541 2091 2622 peccatis

449 2632 806 2694 conveniat:
863 2631 1116 2692 malecta
1160 2639 1342 2694 terra.
1374 2631 1567 2693 Adam
1603 2629 1897 2712 peccavit,
1935 2639 2091 2693 terra

446 2741 680 2803 ptenam
729 2721 860 2795 luit,
896 2720 1038 2782 inde
1069 2720 1316 2801 inccepit
1368 2720 1663 2794 doctrina,
1700 2720 1862 2782 unde
1910 2738 2090 2782 causa

439 2812 672 2873 fraudis
718 2820 913 2872 ortum
945 2809 1139 2872 duxit.
1173 2808 1318 2873 Cum
1368 2810 1586 2890 plantis
1620 2812 1907 2891 deceptus
1956 2827 2091 2871 mea

441 2909 740 2981 praecepta
791 2899 1128 2979 neglexisti,
1183 2899 1434 2961 tribulos
1478 2909 1536 2961 et
1591 2901 1797 2980 spinas
1844 2899 2080 2965 habeat.

439 2990 815 3070 Sapientium
873 2989 1246 3051 medicorum
1302 2998 1411 3069 est,
1451 2989 1643 3051 morbi
1680 2991 1987 3051 materiam
2021 2990 2081 3051 in

2176 1821 2541 1901 ὀργιζόμενος,
2614 1823 2686 1886 εἷς
2759 1823 3037 1901 προκοπὴν
3109 1822 3252 1902 ἄγων
3321 1825 3420 1892 τὴν
3492 1826 3820 1885 πταίσασαν.

2175 1909 2267 1967 Ἐν
2320 1909 2510 1975 λύπαις
2566 1910 2689 1987 τέξῃ
2753 1913 2936 1976 τέκνα,
3001 1914 3099 1974 Διὰ
3153 1916 3382 1994 γαστρὸς
3440 1913 3701 1993 παιδευει,
3747 1913 3824 1970 δι’

2173 2004 2239 2068 ἧς
2297 2000 2560 2073 προῆλθεν
2591 2003 2665 2065 εἰς
2717 2001 2954 2062 ὄλισθον.
3016 1995 3077 2060 Ἠ
3132 2006 3225 2060 τὸν
3256 2003 3622 2080 κεκωλυμένον
3677 2007 3826 2062 ὑπο-

2175 2088 2432 2164 δεξαμένη
2490 2094 2694 2168 καρπὸν
2757 2091 2890 2159 αὖτή
2952 2095 3282 2167 μαστιζέσθω
3340 2108 3458 2158 τοῖς
3511 2102 3601 2152 τοῦ
3657 2096 3828 2154 τόκου

2175 2180 2385 2258 πόνοις,
2446 2184 2533 2236 καὶ
2597 2187 2696 2247 τῆς
2767 2190 3063 2258 προπετοῦς
3125 2184 3402 2259 ἐπιθυμίας
3445 2185 3544 2251 τὴν
3611 2182 3826 2262 βλάϐην

2177 2269 2567 2349 συστέλλουσα,
2599 2273 2687 2327 καὶ
2729 2272 2826 2338 τὴν
2883 2271 3191 2340 πλατύτητα
3234 2280 3327 2330 τοῦ
3387 2275 3567 2351 γένους
3611 2276 3825 2332 ἀντιτι-

2173 2361 2326 2415 θεϊσα
2382 2363 2459 2432 τῷ
2488 2359 2628 2439 deget,
2662 2362 2750 2416 ni
2798 2360 2884 2417 διὰ
2930 2361 3144 2418 πολλῶν
3187 2360 3590 2421 καταϐαλλουσα
3617 2363 3671 2408 ³8
3725 2367 3827 2421 τὸν

2173 2445 2244 2503 δι’
2277 2448 2418 2531 ,ἐνὸς
2465 2451 2902 2527 καυχησαμενον,
2957 2451 3272 2527 Λυπουμένη
3320 2453 3460 2508 τίκτε
3506 2455 3817 2532 σωφρόνως,

2172 2535 2357 2603 ἔπειδή
2415 2538 2674 2618 χαίρουσα
2735 2539 2955 2602 τέτοκας
3016 2539 3358 2621 ἀσυμφόρως.
3408 2545 3510 2600 Καὶ
3541 2544 3670 2622 πρὸς
3721 2547 3820 2600 τὸν

2173 2624 2332 2700 ἄνδρα
2417 2649 2509 2686 σου
2591 2629 2625 2695 ἡ
2710 2626 3018 2711 ἀποστροφή
3091 2653 3207 2688 σου.
3299 2623 3630 2697 ’Τπεξούσιον
3713 2634 3818 2702 τὴν

2176 2714 2308 2773 Εὕαν
2381 2730 2532 2772 ποιεῖ
2587 2717 2662 2791 τῷ
2720 2716 2885 2797 ἁνδρί⁶
2959 2723 3020 2776 τὸ
3078 2722 3176 2798 γαρ
3248 2719 3487 2802 ἄναρχον
3541 2722 3816 2801 ἀνωφελὲς

2171 2818 2288 2868 τοῖς
2332 2805 2384 2870 ἐξ
2443 2806 2643 2862 ἑαυτῶν
2703 2823 2996 2887 σωφρονεῖν
3055 2812 3151 2866 οὐκ
3206 2809 3420 2874 εἰδόσιν,
3493 2811 3596 2869 Kal
3651 2813 3816 2877 αὐτός

2169 2917 2263 2951 σου
2329 2897 2614 2971 κυριεύσει.
2694 2897 2870 2977 Δέχου
2939 2901 3027 2955 τὸν
3100 2898 3258 2979 ἄνδρα
3327 2903 3505 2978 κύριον
3574 2904 3661 2959 καὶ
3730 2904 3818 2976 μὴ

2167 2984 2258 3038 τὸν
2315 2983 2433 3064 ὅφιν
2491 2982 2776 3061 δεσπότην,
2809 2986 3016 3044 ἓκεῖθεν
3073 2987 3403 3066 ὁδηγουμένη
3440 2993 3570 3066 πρὸς
3627 2993 3816 3066 κρείτ-

439 3079 712 3141 sanitatis
741 3077 1078 3138 remedium
1121 3087 1373 3157 mutare,
1407 3085 1467 3139 et
1495 3095 1625 3158 quae
1656 3095 1880 3140 nocere
1902 3086 2076 3158 puta-

2176 3094 2291 3129 :ova
2345 3075 2481 3150 βίον,
2515 3072 2631 3131 ὅθεν
2690 3074 2952 3156 ληφθετσα
2999 3077 3259 3155 προῆλθες
3306 3081 3376 3144 εἷς
3435 3079 3662 3158 γένεσιν.
3714 3092 3819 3150 Καὶ

440 3169 680 3243 bantur,
709 3168 875 3229 utilia
905 3185 1039 3228 esse
1085 3165 1492 3228 laborantibus
1520 3166 1862 3230 ostendere.
1897 3167 2082 3229 Biiida

2176 3169 2241 3235 τῷ
2311 3160 2489 3238 Ἀδὰμ
2563 3165 2742 3237 εἶπεν,
2803 3170 2892 3221 καὶ
2962 3165 3105 3234 ἑξῆς.
3183 3165 3358 3237 Ἀλλη
3427 3169 3830 3249 φιλανθρωπίας

439 3259 642 3338 lingua
691 3266 1067 3335 serpentum,
1102 3256 1328 3338 spinas,
1360 3265 1417 3318 et
1452 3255 1700 3318 tribulos
1727 3257 1976 3332 imitata,
2010 3275 2080 3319 ex

2176 3249 2457 3326 Ξιπόδειεις,
2491 3258 2590 3319 τῆς
2649 3254 2905 3333 προτέρας
2954 3261 3156 3313 νικῶσα
3203 3259 3294 3314 τὸν
3353 3257 3593 3316 ἔπαινον·
3657 3263 3830 3328 θυμὸς

437 3367 556 3410 uno
590 3355 722 3409 ortu
759 3347 818 3408 in
853 3355 976 3409 tres
1006 3346 1199 3407 divisa
1257 3346 1557 3408 stimulos.
1593 3345 1755 3408 lianc
1786 3347 1859 3408 ad
1905 3364 2080 3427 opem

2176 3346 2434 3419 πατρικῆς
2494 3342 2676 3418 γέμων
2731 3349 2990 3426 στοργῆς,
3020 3344 3221 3413 ἀπειλή
3285 3347 3588 3423 μιμουμένη
3642 3353 3831 3426 παρά-

439 3439 693 3517 sumpsit
730 3435 990 3508 invidus,
1017 3444 1296 3517 tanquam
1331 3446 1534 3498 contra
1558 3437 1907 3498 Trinitatem
1941 3455 2085 3517 pug-

2176 3441 2384 3498 ιιλησιν,
2447 3430 2594 3488 ’Ἔδει
2627 3432 2727 3506 μέν
2784 3455 2866 3507 σε,
2903 3434 3094 3514 φησὶν,
3130 3435 3250 3512 ἐμοὶ
3293 3441 3688 3518 πειθαρχοῦντα
3741 3443 3829 3515 μὴ

440 3534 780 3600 naturus,et
805 3544 912 3608 per
935 3544 1114 3588 unam
1137 3526 1345 3589 Adami
1373 3525 1907 3606 imaginem,totam
1943 3525 2087 3589 Dei-

2176 3518 2409 3585 δέξασθαι
2480 3524 2728 3599 γυναικός
2803 3522 3131 3600 συμϐουλὴν,
3198 3519 3332 3600 μηδὲ
3372 3529 3482 3583 ’τόν
3556 3527 3657 3583 ὑπὸ
3713 3535 3823 3596 τῆς

439 3626 619 3679 tatem
643 3614 1222 3679 calumnians.Unde
1240 3615 1326 3678 illi
1344 3633 1562 3696 parens
1576 3615 1820 3678 rebellis
1835 3625 1918 3676 est
1935 3613 2084 3691 Deo,

2176 3608 2308 3684 ἱμῆς
2365 3612 2547 3689 χειρός
2609 3613 2876 3692 γραφέντα
2933 3614 3096 3689 νόμον
3167 3613 3442 3679 δακτύλοις
3506 3615 3816 3692 ἀπαλεῖψαι

438 3724 545 3788 per
597 3705 825 3767 similes
854 3724 952 3766 res
973 3707 1193 3788 accipit
1222 3704 1582 3779 doctrinam,
1617 3713 1682 3767 ut
1723 3705 1798 3767 ab
1829 3706 1955 3768 haec
1984 3724 2084 3768 re-

2176 3705 2264 3767 τῆς
2300 3699 2457 3764 Εὔας·
2505 3701 2624 3758 ἐπεὶ
2656 3700 2710 3757 δὲ
2740 3703 2924 3782 σχέσει
2980 3708 3200 3782 γυναίου
3231 3704 3464 3786 ἄσχετον
3523 3705 3684 3784 ἔσχες
3713 3715 3818 3764 τοῦ

439 3796 794 3878 prehensus,
821 3798 1091 3876 serpenti
1109 3797 1324 3859 merito
1347 3795 1715 3874 indignetur,
1740 3795 2087 3857 inimicitias

2176 3796 2336 3847 κακοῦ
2379 3791 2476 3857 τὴν
2507 3790 2704 3869 ὁρμὴν,
2736 3789 2898 3872 δέχου
2956 3793 3114 3868 νόμον
3173 3808 3290 3858 τοῖς
3335 3809 3453 3859 σοῖς
3478 3875 3489 3878 Α
3511 3795 3815 3875 ἁρμόζοντα

433 3875 564 3948 cum
603 3886 706 3947 illo
739 3875 1029 3968 perpetuo
1060 3904 1300 3966 gerens.
1333 3885 1494 3948 Vidit
1526 3896 1856 3948 creaturam
1890 3885 1964 3947 ad
1995 3904 2086 3948 re-

2176 3879 2512 3968 πταίσμασιν.
2625 3879 3045 3960 Ἐπικατάρατος
3149 3886 3184 3952 ἡ
3289 3889 3386 3962 γῆ.
3475 3875 3533 3942 Ὀ
3634 3883 3814 3962 Ἀδὰμ

435 3976 621 4039 medii
643 3967 1130 4057 desperationem
1155 3984 1466 4056 aegrotare,
1493 3993 1613 4036 uno
1637 3973 1962 4054 impietatis
1984 3976 2085 4037 fae-

2176 3967 2392 4040 ἥμαρτε,
2430 3970 2516 4058 καὶ
2545 3971 2578 4037 ἡ
2609 3974 2680 4047 γῆ
2711 3971 2808 4037 τὴν
2841 3969 2989 4043 δίκην
3037 3973 3425 4049 εἰσπράττεται,
3490 3973 3675 4054 [1513
3706 3972 3810 4058 3.]

435 4067 579 4129 dere
599 4066 903 4140 victam,et
928 4065 1109 4126 alium
1136 4069 1377 4126 modum
1404 4083 1521 4126 non
1543 4081 1680 4126 esse
1698 4064 2082 4131 sanandimisi

2176 4057 2404 4116 Ἐκεῖθεν
2474 4057 2652 4137 ἀρχὴν
2709 4058 2926 4140 δέχεται
2977 4064 3011 4130 ἡ
3061 4061 3292 4135 παιδεία,
3338 4062 3452 4120 ὅθεν
3511 4057 3813 4133 ἐϐλάστησε

433 4155 620 4236 is,qui
641 4173 776 4219 cum
805 4163 1045 4218 naturas
1063 4155 1516 4234 providisset,ac
1534 4153 2084 4228 voluntates,medi-

2176 4152 2260 4214 τῆς
2303 4147 2514 4215 ἆπατης
2545 4155 2606 4204 τὸ
2667 4148 2864 4211 αἴτιον,
2913 4150 3130 4219 Ἐπειδή
3186 4165 3303 4215 τοῖς
3335 4166 3518 4232 φυτοῖς
3575 4153 3816 4233 ὶφαλλό-

436 4245 631 4308 cinam
662 4243 1038 4304 adhibuisset
1062 4243 1323 4322 aegrotis,
1347 4252 1489 4304 tunc
1512 4243 1753 4304 demum
1779 4245 1960 4306 sciret
1979 4262 2079 4305 sa-

2176 4257 2322 4292 ιενοτ
2381 4244 2489 4294 τῶν
2559 4239 2704 4311 εμῶν
2763 4241 3154 4318 απεσκίρτησας
3237 4241 3492 4319 ἐντολῶν,
3557 4242 3818 4311 ἀκάνθαις

436 4349 754 4408 nare,cum
782 4332 1058 4395 sanitatis
1080 4349 1258 4412 capax
1285 4331 1532 4393 omnino
1560 4329 1891 4394 esset.ldeo
1910 4331 2077 4396 dixit:

2176 4326 2252 4382 ἔσο
2283 4323 2339 4369 ³9
2369 4327 2729 4406 συνεχόμενος
2773 4330 2861 4385 καὶ
2894 4328 3176 4408 τριϐόλοις,
3215 4339 3404 4412 Σοφῶν
3435 4333 3578 4389 ἐστιν
3613 4335 3819 4411 ἰατρῶν

433 4424 712 4500 Domine,
737 4421 978 4484 inclina
1001 4420 1176 4484 calas
1199 4429 1350 4496 tuos,
1367 4429 1428 4483 et
1451 4421 1740 4483 descende
1769 4429 1882 4493 P,et
1911 4422 2078 4482 simi-

2176 4420 2258 4482 τῆς
2321 4416 2474 4472 νόσου
2531 4418 2626 4483 τὴν
2695 4417 2827 4486 ὕλην
2895 4421 2973 4481 οἷς
3045 4421 3322 4499 φάρμακον
3395 4425 3815 4496 μετασκευάζειν

429 4511 535 4576 lia.
564 4510 834 4571 Imitatus
855 4509 1264 4576 estJoannem
1291 4511 1541 4572 Lazarus
1571 4522 1620 4573 (ι.
1646 4509 1752 4572 ΙΙΙο
1785 4511 1841 4572 in
1872 4521 2079 4573 ventre

2176 4506 2362 4593 iytiac,
2450 4507 2539 4562 καὶ
2641 4507 2701 4562 τὰ
2783 4509 3104 4584 νομιζόμενα
3208 4509 3464 4586 βλάπτειν
3547 4512 3814 4593 ἕπωφελῆ

429 4601 636 4664 matris
685 4599 1023 4676 exsultavit,
1061 4619 1330 4664 errorem
1382 4601 1734 4663 dissolutum
1768 4601 1842 4664 iri
1873 4603 2081 4664 exsul-

2176 4591 2414 4651 Ξεικνύειν
2474 4609 2594 4660 τοῖς
2665 4597 2945 4672 κάμνουσι.
3012 4597 3350 4678 Πολυσχιδης
3409 4603 3443 4669 ἡ
3500 4609 3592 4658 τοῦ
3632 4591 3814 4682 ὄφεως

433 4700 568 4755 tans
603 4713 617 4752 :
662 4689 760 4754 hic
791 4691 851 4752 in
883 4691 1147 4774 sepulcri
1178 4701 1353 4754 utero
1385 4709 1590 4754 eorum
1623 4690 1724 4773 qui
1754 4702 2078 4769 errassent,

2176 4682 2405 4764 γλῶσσα,
2479 4685 2708 4749 ἀκάνθας
2778 4687 2874 4744 καῖ
2957 4686 3229 4766 τριϐόλους
3301 4692 3630 4768 μιμουμένη,
3696 4692 3816 4750 ἀπὸ

426 4781 603 4843 δΟῚῡ
651 4781 1061 4843 reversionem
1091 4781 1542 4844 demonstravit.
1597 4780 1666 4843 Et
1721 4781 2076 4844 miraculum

2176 4780 2288 4835 ιιᾶς
2349 4776 2484 4847 φύῆς
2561 4777 2634 4841 εἰς
2718 4777 2836 4853 τρία
2908 4775 3245 4855 διαιρουμένη
3315 4779 3523 4860 κέντρα.
3599 4783 3818 4850 Ταύτην

431 4871 733 4953 duplicem
761 4869 967 4933 habuit
994 4873 1240 4946 seriem,
1274 4879 1332 4933 et
1360 4870 1680 4952 potentiam
1713 4869 1952 4933 Domini
1984 4891 2079 4934 ex-

2176 4861 2350 4920 ξλαόεν
2413 4866 2487 4928 εἰς
2545 4865 2860 4945 συμμαχίαν
2916 4869 2944 4922 ὁ
3001 4869 3265 4943 βάσκανος
3323 4871 3396 4934 ὡς
3449 4872 3580 4949 πρὸς
3639 4871 3816 4940 αὖτὴν

431 4961 768 5041 tollentem,
803 4969 860 5022 et
888 4962 1232 5024 Judmorum
1292 4961 1552 5041 linguam
1586 4961 2075 5025 confundentem.

2176 4956 2476 5034 ιαχόμενος
2508 4955 2605 5023 τὴν
2651 4953 2872 5033 Τρεάδα,
2911 4959 2998 5013 καὶ
3029 4955 3113 5014 διὰ
3142 4965 3268 5034 μιᾶς
3321 4966 3414 5016 τοῦ
3443 4959 3613 5036 Ἀδὰμ
3656 4963 3814 5018 εἰκό-

428 5051 701 5112 Mortuus
754 5049 983 5128 obedit,
1019 5061 1078 5115 et
1108 5051 1216 5114 vivi
1265 5069 1385 5113 non
1421 5051 1588 5113 item.
1623 5051 1838 5113 lnl'eris
1892 5053 2075 5115 male-

2176 5065 2249 5106 voc
2282 5043 2406 5101 ὅλον
2466 5049 2563 5112 τῆς
2593 5045 2841 5112 θεότητος
2874 5043 3150 5124 ἐνυϐρίζων
3179 5049 3241 5104 τὸ
3294 5047 3586 5127 πλήρωμα.
3617 5051 3810 5128 Ὀθεν,

429 5148 667 5216 xerunt,
696 5138 838 5220 quia
859 5142 1160 5205 Lazarium
1186 5139 1546 5207 reddebant.
1582 5140 2082 5208 Conviciabantur

2176 5131 2346 5203 ἐπειδὴ
2404 5136 2572 5212 ταύτῃ
2625 5138 2858 5201 πεισθεὶς
2905 5135 3108 5205 ἠπείθει
3159 5144 3298 5214 Θεῷ,
3333 5136 3418 5194 διὰ
3446 5141 3554 5196 τῶν
3605 5141 3815 5217 ὁμοίων

507 5334 536 5368 ιι
565 5321 716 5386 Gen.
752 5337 841 5398 Ill,
873 5320 973 5384 16.
1057 5331 1083 5375 ι)
1114 5322 1274 5387 Psal.
1308 5339 1429 5404 xlv,
1461 5327 1522 5402 4,
1555 5325 1616 5390 5.

1702 5337 1727 5380 ιι
1757 5326 1898 5390 Luc.
1935 5348 1978 5394 ι.
2007 5329 2110 5408 41,
2143 5335 2246 5396 4-4.

1725 5496 1822 5562 VA
1832 5498 1983 5567 ΒΙΔΕ
2037 5499 2486 5571 LECTIONES.

501 5604 567 5662 53
597 5604 738 5673 libri
766 5606 1161 5675 καταϐαλοῦσα.
1244 5606 1309 5662 ³9
1336 5608 1428 5670 ἔσο
1458 5609 1510 5679 Α
1543 5629 1560 5680 2
1593 5611 1732 5674 ἔστω
