  <div class='ocr_page' id='page_1' title='image "/cluster/home/n/w/nwhite01/storage/ocr_20150623/104/hvd.32044073502163/151.png"; bbox 0 0 4070 6204; ppageno 0'>
   <div class='ocr_carea' id='block_1_1' title="bbox 595 316 712 383">
    <p class='ocr_par' dir='ltr' id='par_1_1' title="bbox 595 316 712 383">
     <span class='ocr_line' id='line_1_1' title="bbox 595 316 712 383; baseline 0 -1"><span class='ocrx_word' id='word_1_1' title='bbox 595 316 712 383; x_wconf 82' lang='lat'>267</span> 
     </span>
    </p>
   </div>
   <div class='ocr_carea' id='block_1_2' title="bbox 592 450 2485 534">
    <p class='ocr_par' dir='ltr' id='par_1_2' title="bbox 592 450 2485 534">
     <span class='ocr_line' id='line_1_2' title="bbox 592 450 2485 534; baseline 0.002 -20"><span class='ocrx_word' id='word_1_2' title='bbox 592 451 724 515; x_wconf 87' lang='lat' dir='ltr'><strong>Non</strong></span> <span class='ocrx_word' id='word_1_3' title='bbox 745 450 922 515; x_wconf 89' lang='lat' dir='ltr'><strong>dabat</strong></span> <span class='ocrx_word' id='word_1_4' title='bbox 939 458 1193 534; x_wconf 86' lang='lat' dir='ltr'><strong>terra,ut</strong></span> <span class='ocrx_word' id='word_1_5' title='bbox 1211 451 1399 532; x_wconf 83' lang='lat' dir='ltr'><strong>prius,</strong></span> <span class='ocrx_word' id='word_1_6' title='bbox 1431 451 1659 514; x_wconf 77' lang='lat' dir='ltr'><strong>fructus</strong></span> <span class='ocrx_word' id='word_1_7' title='bbox 1690 469 2013 532; x_wconf 88' lang='lat' dir='ltr'><strong>puros,nec</strong></span> <span class='ocrx_word' id='word_1_8' title='bbox 2045 470 2234 526; x_wconf 86' lang='lat' dir='ltr'><strong>mare,</strong></span> <span class='ocrx_word' id='word_1_9' title='bbox 2262 461 2298 509; x_wconf 83' lang='grc' dir='ltr'><strong>Α</strong></span> <span class='ocrx_word' id='word_1_10' title='bbox 2324 460 2485 532; x_wconf 76' lang='grc' dir='ltr'>σόνης</span> 
     </span>
    </p>
   </div>
   <div class='ocr_carea' id='block_1_3' title="bbox 594 540 2231 622">
    <p class='ocr_par' dir='ltr' id='par_1_3' title="bbox 594 540 2231 622">
     <span class='ocr_line' id='line_1_3' title="bbox 594 540 2231 622; baseline -0.001 -19"><span class='ocrx_word' id='word_1_11' title='bbox 594 558 705 604; x_wconf 91' lang='lat' dir='ltr'>nec</span> <span class='ocrx_word' id='word_1_12' title='bbox 722 542 923 622; x_wconf 84' lang='lat' dir='ltr'><strong>aliqua</strong></span> <span class='ocrx_word' id='word_1_13' title='bbox 950 540 1066 603; x_wconf 89' lang='lat' dir='ltr'><strong>alia</strong></span> <span class='ocrx_word' id='word_1_14' title='bbox 1087 541 1816 603; x_wconf 69' lang='lat' dir='ltr'><strong>creatura.Praavaricator</strong></span> <span class='ocrx_word' id='word_1_15' title='bbox 1834 541 1994 603; x_wconf 88' lang='lat' dir='ltr'><strong>enim</strong></span> <span class='ocrx_word' id='word_1_16' title='bbox 2018 542 2077 602; x_wconf 91' lang='lat' dir='ltr'>in</span> <span class='ocrx_word' id='word_1_17' title='bbox 2103 560 2231 603; x_wconf 87' lang='lat' dir='ltr'>eam</span> 
     </span>
    </p>
   </div>
   <div class='ocr_carea' id='block_1_4' title="bbox 588 630 2231 710">
    <p class='ocr_par' dir='ltr' id='par_1_4' title="bbox 588 630 2231 710">
     <span class='ocr_line' id='line_1_4' title="bbox 588 630 2231 710; baseline 0.001 -19"><span class='ocrx_word' id='word_1_18' title='bbox 588 631 922 710; x_wconf 79' lang='lat' dir='ltr'><strong>ingressus,</strong></span> <span class='ocrx_word' id='word_1_19' title='bbox 955 630 1379 693; x_wconf 86' lang='lat' dir='ltr'><strong>contaminavit</strong></span> <span class='ocrx_word' id='word_1_20' title='bbox 1427 650 1495 693; x_wconf 90' lang='lat' dir='ltr'>ac</span> <span class='ocrx_word' id='word_1_21' title='bbox 1548 630 1788 693; x_wconf 73' lang='lat' dir='ltr'><strong>fmdavit</strong></span> <span class='ocrx_word' id='word_1_22' title='bbox 1815 632 2036 705; x_wconf 88' lang='lat' dir='ltr'>omnia,</span> <span class='ocrx_word' id='word_1_23' title='bbox 2070 630 2231 709; x_wconf 86' lang='lat' dir='ltr'><strong>blas-</strong></span> 
     </span>
    </p>
   </div>
   <div class='ocr_carea' id='block_1_5' title="bbox 590 719 2230 801">
    <p class='ocr_par' dir='ltr' id='par_1_5' title="bbox 590 719 2230 801">
     <span class='ocr_line' id='line_1_5' title="bbox 590 719 2230 801; baseline -0.001 -19"><span class='ocrx_word' id='word_1_24' title='bbox 590 720 850 801; x_wconf 85' lang='lat' dir='ltr'><strong>phemiis</strong></span> <span class='ocrx_word' id='word_1_25' title='bbox 878 719 1004 783; x_wconf 90' lang='lat' dir='ltr'><strong>Deo</strong></span> <span class='ocrx_word' id='word_1_26' title='bbox 1048 720 1282 795; x_wconf 81' lang='lat' dir='ltr'>invisis,</span> <span class='ocrx_word' id='word_1_27' title='bbox 1321 722 1719 801; x_wconf 88' lang='lat' dir='ltr'><strong>turpibusque</strong></span> <span class='ocrx_word' id='word_1_28' title='bbox 1746 720 1929 783; x_wconf 73' lang='grc' dir='ltr'>ὃιθα</span> <span class='ocrx_word' id='word_1_29' title='bbox 1959 721 2230 796; x_wconf 83' lang='lat' dir='ltr'>vocibus,</span> 
     </span>
    </p>
   </div>
   <div class='ocr_carea' id='block_1_6' title="bbox 588 809 2233 891">
    <p class='ocr_par' dir='ltr' id='par_1_6' title="bbox 588 809 2233 891">
     <span class='ocr_line' id='line_1_6' title="bbox 588 809 2233 891; baseline 0 -19"><span class='ocrx_word' id='word_1_30' title='bbox 588 819 649 873; x_wconf 89' lang='lat' dir='ltr'>et</span> <span class='ocrx_word' id='word_1_31' title='bbox 673 809 960 883; x_wconf 69' lang='lat' dir='ltr'><strong>caadibus,</strong></span> <span class='ocrx_word' id='word_1_32' title='bbox 997 828 1163 872; x_wconf 89' lang='lat' dir='ltr'><strong>mare</strong></span> <span class='ocrx_word' id='word_1_33' title='bbox 1194 810 1401 891; x_wconf 75' lang='lat' dir='ltr'><strong>piratis</strong></span> <span class='ocrx_word' id='word_1_34' title='bbox 1453 819 1512 872; x_wconf 93' lang='lat' dir='ltr'>et</span> <span class='ocrx_word' id='word_1_35' title='bbox 1560 811 1919 886; x_wconf 82' lang='lat' dir='ltr'><strong>latronibus,</strong></span> <span class='ocrx_word' id='word_1_36' title='bbox 1951 812 2148 873; x_wconf 87' lang='lat' dir='ltr'><strong>fontes</strong></span> <span class='ocrx_word' id='word_1_37' title='bbox 2174 822 2233 874; x_wconf 91' lang='lat' dir='ltr'>et</span> 
     </span>
    </p>
   </div>
   <div class='ocr_carea' id='block_1_7' title="bbox 585 897 2227 981">
    <p class='ocr_par' dir='ltr' id='par_1_7' title="bbox 585 897 2227 981">
     <span class='ocr_line' id='line_1_7' title="bbox 585 897 2227 981; baseline -0.001 -20"><span class='ocrx_word' id='word_1_38' title='bbox 585 900 795 962; x_wconf 83' lang='lat' dir='ltr'><strong>ﬂuvios</strong></span> <span class='ocrx_word' id='word_1_39' title='bbox 824 899 1004 964; x_wconf 87' lang='lat' dir='ltr'><strong>idolis</strong></span> <span class='ocrx_word' id='word_1_40' title='bbox 1034 908 1098 962; x_wconf 83' lang='lat' dir='ltr'>et</span> <span class='ocrx_word' id='word_1_41' title='bbox 1127 900 1407 980; x_wconf 75' lang='lat' dir='ltr'><strong>nymphis</strong></span> <span class='ocrx_word' id='word_1_42' title='bbox 1456 902 1787 980; x_wconf 88' lang='lat' dir='ltr'><strong>statuisque</strong></span> <span class='ocrx_word' id='word_1_43' title='bbox 1846 897 2227 981; x_wconf 83' lang='lat' dir='ltr'><strong>complendo,</strong></span> 
     </span>
    </p>
   </div>
   <div class='ocr_carea' id='block_1_8' title="bbox 586 988 2227 1053">
    <p class='ocr_par' dir='ltr' id='par_1_8' title="bbox 586 988 2227 1053">
     <span class='ocr_line' id='line_1_8' title="bbox 586 988 2227 1053; baseline 0.001 -3"><span class='ocrx_word' id='word_1_44' title='bbox 586 1007 798 1051; x_wconf 89' lang='lat' dir='ltr'><strong>omnes</strong></span> <span class='ocrx_word' id='word_1_45' title='bbox 827 1007 926 1052; x_wconf 86' lang='lat' dir='ltr'>res</span> <span class='ocrx_word' id='word_1_46' title='bbox 950 989 1227 1052; x_wconf 87' lang='lat' dir='ltr'><strong>conditas</strong></span> <span class='ocrx_word' id='word_1_47' title='bbox 1256 990 1317 1050; x_wconf 88' lang='lat' dir='ltr'>in</span> <span class='ocrx_word' id='word_1_48' title='bbox 1360 988 1510 1052; x_wconf 89' lang='lat' dir='ltr'><strong>deos</strong></span> <span class='ocrx_word' id='word_1_49' title='bbox 1551 989 1831 1052; x_wconf 84' lang='lat' dir='ltr'><strong>homines</strong></span> <span class='ocrx_word' id='word_1_50' title='bbox 1862 989 2227 1053; x_wconf 73' lang='lat' dir='ltr'><strong>formabant.</strong></span> 
     </span>
    </p>
   </div>
   <div class='ocr_carea' id='block_1_9' title="bbox 582 1078 2225 1153">
    <p class='ocr_par' dir='ltr' id='par_1_9' title="bbox 582 1078 2225 1153">
     <span class='ocr_line' id='line_1_9' title="bbox 582 1078 2225 1153; baseline -0.002 -11"><span class='ocrx_word' id='word_1_51' title='bbox 582 1078 745 1142; x_wconf 85' lang='lat' dir='ltr'><strong>Nihil</strong></span> <span class='ocrx_word' id='word_1_52' title='bbox 778 1088 976 1141; x_wconf 89' lang='lat' dir='ltr'><strong>autem</strong></span> <span class='ocrx_word' id='word_1_53' title='bbox 1015 1079 1102 1141; x_wconf 88' lang='lat' dir='ltr'>sic</span> <span class='ocrx_word' id='word_1_54' title='bbox 1141 1088 1477 1140; x_wconf 85' lang='lat' dir='ltr'><strong>creaturam</strong></span> <span class='ocrx_word' id='word_1_55' title='bbox 1515 1078 1773 1140; x_wconf 83' lang='lat' dir='ltr'><strong>maculat</strong></span> <span class='ocrx_word' id='word_1_56' title='bbox 1807 1090 1867 1139; x_wconf 91' lang='lat' dir='ltr'>et</span> <span class='ocrx_word' id='word_1_57' title='bbox 1899 1078 2225 1153; x_wconf 87' lang='lat' dir='ltr'><strong>adulterat,</strong></span> 
     </span>
    </p>
   </div>
   <div class='ocr_carea' id='block_1_10' title="bbox 581 1166 2228 1249">
    <p class='ocr_par' dir='ltr' id='par_1_10' title="bbox 581 1166 2228 1249">
     <span class='ocr_line' id='line_1_10' title="bbox 581 1166 2228 1249; baseline -0.001 -19"><span class='ocrx_word' id='word_1_58' title='bbox 581 1187 757 1249; x_wconf 90' lang='lat' dir='ltr'><strong>quam</strong></span> <span class='ocrx_word' id='word_1_59' title='bbox 780 1187 846 1231; x_wconf 80' lang='lat' dir='ltr'>se</span> <span class='ocrx_word' id='word_1_60' title='bbox 876 1168 937 1230; x_wconf 91' lang='lat' dir='ltr'>in</span> <span class='ocrx_word' id='word_1_61' title='bbox 969 1170 1160 1231; x_wconf 89' lang='lat' dir='ltr'><strong>Deum</strong></span> <span class='ocrx_word' id='word_1_62' title='bbox 1193 1168 1508 1230; x_wconf 84' lang='lat' dir='ltr'><strong>conﬂetur.</strong></span> <span class='ocrx_word' id='word_1_63' title='bbox 1549 1167 1685 1229; x_wconf 91' lang='lat' dir='ltr'><strong>ldeo</strong></span> <span class='ocrx_word' id='word_1_64' title='bbox 1719 1166 1989 1231; x_wconf 79' lang='lat' dir='ltr'><strong>Salvator</strong></span> <span class='ocrx_word' id='word_1_65' title='bbox 2020 1168 2228 1229; x_wconf 91' lang='lat' dir='ltr'><strong>mundi</strong></span> 
     </span>
    </p>
   </div>
   <div class='ocr_carea' id='block_1_11' title="bbox 580 1256 2229 1339">
    <p class='ocr_par' dir='ltr' id='par_1_11' title="bbox 580 1256 2229 1339">
     <span class='ocr_line' id='line_1_11' title="bbox 580 1256 2229 1339; baseline 0 -21"><span class='ocrx_word' id='word_1_66' title='bbox 580 1258 740 1319; x_wconf 87' lang='lat' dir='ltr'><strong>venit</strong></span> <span class='ocrx_word' id='word_1_67' title='bbox 768 1261 826 1319; x_wconf 91' lang='lat' dir='ltr'>in</span> <span class='ocrx_word' id='word_1_68' title='bbox 859 1257 1024 1319; x_wconf 88' lang='lat' dir='ltr'><strong>illam</strong></span> <span class='ocrx_word' id='word_1_69' title='bbox 1060 1275 1170 1339; x_wconf 90' lang='lat' dir='ltr'>per</span> <span class='ocrx_word' id='word_1_70' title='bbox 1199 1266 1537 1331; x_wconf 87' lang='lat' dir='ltr'><strong>carnem,et</strong></span> <span class='ocrx_word' id='word_1_71' title='bbox 1566 1257 1840 1319; x_wconf 86' lang='lat' dir='ltr'><strong>eamdem</strong></span> <span class='ocrx_word' id='word_1_72' title='bbox 1870 1256 1944 1318; x_wconf 89' lang='lat' dir='ltr'>ab</span> <span class='ocrx_word' id='word_1_73' title='bbox 1978 1256 2229 1318; x_wconf 78' lang='lat' dir='ltr'><strong>inﬁnitis</strong></span> 
     </span>
    </p>
   </div>
   <div class='ocr_carea' id='block_1_12' title="bbox 579 1346 2229 1425">
    <p class='ocr_par' dir='ltr' id='par_1_12' title="bbox 579 1346 2229 1425">
     <span class='ocr_line' id='line_1_12' title="bbox 579 1346 2229 1425; baseline -0.001 -17"><span class='ocrx_word' id='word_1_74' title='bbox 579 1347 703 1409; x_wconf 87' lang='lat' dir='ltr'><strong>illis</strong></span> <span class='ocrx_word' id='word_1_75' title='bbox 735 1347 983 1409; x_wconf 88' lang='lat' dir='ltr'><strong>maculis</strong></span> <span class='ocrx_word' id='word_1_76' title='bbox 1016 1346 1360 1409; x_wconf 80' lang='lat' dir='ltr'><strong>mundatam</strong></span> <span class='ocrx_word' id='word_1_77' title='bbox 1396 1347 1792 1414; x_wconf 84' lang='lat' dir='ltr'><strong>renovavit.et</strong></span> <span class='ocrx_word' id='word_1_78' title='bbox 1823 1346 2060 1425; x_wconf 79' lang='lat' dir='ltr'><strong>alonge</strong></span> <span class='ocrx_word' id='word_1_79' title='bbox 2081 1346 2229 1407; x_wconf 83' lang='lat' dir='ltr'><strong>diili-</strong></span> 
     </span>
    </p>
   </div>
   <div class='ocr_carea' id='block_1_13' title="bbox 577 1435 2225 1516">
    <p class='ocr_par' dir='ltr' id='par_1_13' title="bbox 577 1435 2225 1516">
     <span class='ocr_line' id='line_1_13' title="bbox 577 1435 2225 1516; baseline -0.001 -18"><span class='ocrx_word' id='word_1_80' title='bbox 577 1436 891 1513; x_wconf 85' lang='lat' dir='ltr'><strong>cilioribus</strong></span> <span class='ocrx_word' id='word_1_81' title='bbox 921 1435 1149 1498; x_wconf 88' lang='lat' dir='ltr'><strong>morbis</strong></span> <span class='ocrx_word' id='word_1_82' title='bbox 1180 1444 1239 1497; x_wconf 86' lang='lat' dir='ltr'>et</span> <span class='ocrx_word' id='word_1_83' title='bbox 1267 1435 1905 1516; x_wconf 68' lang='lat' dir='ltr'><strong>aﬂ‘ectionibus,quam</strong></span> <span class='ocrx_word' id='word_1_84' title='bbox 1936 1453 2225 1516; x_wconf 87' lang='lat' dir='ltr'><strong>corporea</strong></span> 
     </span>
    </p>
   </div>
   <div class='ocr_carea' id='block_1_14' title="bbox 577 1524 2222 1608">
    <p class='ocr_par' dir='ltr' id='par_1_14' title="bbox 577 1524 2222 1608">
     <span class='ocr_line' id='line_1_14' title="bbox 577 1524 2222 1608; baseline -0.002 -19"><span class='ocrx_word' id='word_1_85' title='bbox 577 1528 965 1608; x_wconf 87' lang='lat' dir='ltr'><strong>corruptione</strong></span> <span class='ocrx_word' id='word_1_86' title='bbox 1021 1525 1320 1597; x_wconf 84' lang='lat' dir='ltr'><strong>liberavit,</strong></span> <span class='ocrx_word' id='word_1_87' title='bbox 1377 1534 1630 1586; x_wconf 84' lang='lat' dir='ltr'><strong>renovat</strong></span> <span class='ocrx_word' id='word_1_88' title='bbox 1679 1543 1786 1605; x_wconf 88' lang='lat' dir='ltr'>per</span> <span class='ocrx_word' id='word_1_89' title='bbox 1813 1524 2074 1604; x_wconf 90' lang='lat' dir='ltr'><strong>primum</strong></span> <span class='ocrx_word' id='word_1_90' title='bbox 2107 1525 2222 1586; x_wconf 90' lang='lat' dir='ltr'><strong>ad-</strong></span> 
     </span>
    </p>
   </div>
   <div class='ocr_carea' id='block_1_15' title="bbox 576 1613 2223 1694">
    <p class='ocr_par' dir='ltr' id='par_1_15' title="bbox 576 1613 2223 1694">
     <span class='ocr_line' id='line_1_15' title="bbox 576 1613 2223 1694; baseline 0 -20"><span class='ocrx_word' id='word_1_91' title='bbox 576 1625 817 1678; x_wconf 89' lang='lat' dir='ltr'><strong>ventum</strong></span> <span class='ocrx_word' id='word_1_92' title='bbox 849 1624 1211 1691; x_wconf 87' lang='lat' dir='ltr'><strong>creaturam,</strong></span> <span class='ocrx_word' id='word_1_93' title='bbox 1245 1622 1311 1676; x_wconf 92' lang='lat' dir='ltr'>ut</span> <span class='ocrx_word' id='word_1_94' title='bbox 1370 1613 1571 1676; x_wconf 88' lang='lat' dir='ltr'><strong>discas</strong></span> <span class='ocrx_word' id='word_1_95' title='bbox 1615 1613 1895 1676; x_wconf 80' lang='lat' dir='ltr'><strong>eumdem</strong></span> <span class='ocrx_word' id='word_1_96' title='bbox 1929 1632 2087 1688; x_wconf 77' lang='lat' dir='ltr'><strong>esse,</strong></span> <span class='ocrx_word' id='word_1_97' title='bbox 2122 1614 2223 1694; x_wconf 90' lang='lat' dir='ltr'>qui</span> 
     </span>
    </p>
   </div>
   <div class='ocr_carea' id='block_1_16' title="bbox 576 1700 2225 1785">
    <p class='ocr_par' dir='ltr' id='par_1_16' title="bbox 576 1700 2225 1785">
     <span class='ocr_line' id='line_1_16' title="bbox 576 1700 2225 1785; baseline -0.001 -19"><span class='ocrx_word' id='word_1_98' title='bbox 576 1724 708 1766; x_wconf 90' lang='lat' dir='ltr'>eam</span> <span class='ocrx_word' id='word_1_99' title='bbox 740 1705 802 1766; x_wconf 93' lang='lat' dir='ltr'>in</span> <span class='ocrx_word' id='word_1_100' title='bbox 835 1703 1133 1785; x_wconf 90' lang='lat' dir='ltr'><strong>principio</strong></span> <span class='ocrx_word' id='word_1_101' title='bbox 1165 1703 1414 1767; x_wconf 88' lang='lat' dir='ltr'><strong>creavit.</strong></span> <span class='ocrx_word' id='word_1_102' title='bbox 1461 1700 1592 1764; x_wconf 86' lang='lat' dir='ltr'><strong>Non</strong></span> <span class='ocrx_word' id='word_1_103' title='bbox 1637 1702 1800 1764; x_wconf 90' lang='lat' dir='ltr'><strong>enim</strong></span> <span class='ocrx_word' id='word_1_104' title='bbox 1853 1702 2105 1764; x_wconf 83' lang='lat' dir='ltr'><strong>alterius</strong></span> <span class='ocrx_word' id='word_1_105' title='bbox 2137 1712 2225 1764; x_wconf 83' lang='lat' dir='ltr'>est</span> 
     </span>
    </p>
   </div>
   <div class='ocr_carea' id='block_1_17' title="bbox 574 1790 2221 1873">
    <p class='ocr_par' dir='ltr' id='par_1_17' title="bbox 574 1790 2221 1873">
     <span class='ocr_line' id='line_1_17' title="bbox 574 1790 2221 1873; baseline -0.002 -17"><span class='ocrx_word' id='word_1_106' title='bbox 574 1803 877 1869; x_wconf 89' lang='lat' dir='ltr'><strong>creare,et</strong></span> <span class='ocrx_word' id='word_1_107' title='bbox 902 1792 1154 1857; x_wconf 89' lang='lat' dir='ltr'><strong>alterius</strong></span> <span class='ocrx_word' id='word_1_108' title='bbox 1175 1800 1516 1873; x_wconf 84' lang='lat' dir='ltr'><strong>corruptam</strong></span> <span class='ocrx_word' id='word_1_109' title='bbox 1541 1790 1900 1870; x_wconf 82' lang='lat' dir='ltr'><strong>instaurare,</strong></span> <span class='ocrx_word' id='word_1_110' title='bbox 1931 1791 2034 1854; x_wconf 87' lang='lat' dir='ltr'>sed</span> <span class='ocrx_word' id='word_1_111' title='bbox 2056 1791 2221 1871; x_wconf 89' lang='lat' dir='ltr'><strong>ejus-</strong></span> 
     </span>
    </p>
   </div>
   <div class='ocr_carea' id='block_1_18' title="bbox 573 1879 2222 1964">
    <p class='ocr_par' dir='ltr' id='par_1_18' title="bbox 573 1879 2222 1964">
     <span class='ocr_line' id='line_1_18' title="bbox 573 1879 2222 1964; baseline 0 -21"><span class='ocrx_word' id='word_1_112' title='bbox 573 1882 710 1945; x_wconf 87' lang='lat' dir='ltr'>dem</span> <span class='ocrx_word' id='word_1_113' title='bbox 733 1895 1055 1964; x_wconf 89' lang='lat' dir='ltr'><strong>utrumque</strong></span> <span class='ocrx_word' id='word_1_114' title='bbox 1069 1890 1161 1945; x_wconf 90' lang='lat' dir='ltr'>est</span> <span class='ocrx_word' id='word_1_115' title='bbox 1179 1882 1489 1963; x_wconf 66' lang='lat' dir='ltr'><strong>sapientiai</strong></span> <span class='ocrx_word' id='word_1_116' title='bbox 1505 1888 1561 1943; x_wconf 85' lang='lat' dir='ltr'>et</span> <span class='ocrx_word' id='word_1_117' title='bbox 1585 1880 1751 1942; x_wconf 85' lang='lat' dir='ltr'><strong>artis.</strong></span> <span class='ocrx_word' id='word_1_118' title='bbox 1763 1879 2031 1943; x_wconf 80' lang='lat' dir='ltr'><strong>Benovat</strong></span> <span class='ocrx_word' id='word_1_119' title='bbox 2056 1900 2222 1943; x_wconf 79' lang='lat' dir='ltr'><strong>crea-</strong></span> 
     </span>
    </p>
   </div>
   <div class='ocr_carea' id='block_1_19' title="bbox 574 1970 2216 2054">
    <p class='ocr_par' dir='ltr' id='par_1_19' title="bbox 574 1970 2216 2054">
     <span class='ocr_line' id='line_1_19' title="bbox 574 1970 2216 2054; baseline -0.001 -21"><span class='ocrx_word' id='word_1_120' title='bbox 574 1984 766 2037; x_wconf 81' lang='lat' dir='ltr'><strong>turam</strong></span> <span class='ocrx_word' id='word_1_121' title='bbox 819 1972 1010 2054; x_wconf 85' lang='lat' dir='ltr'><strong>priori</strong></span> <span class='ocrx_word' id='word_1_122' title='bbox 1069 1971 1350 2045; x_wconf 88' lang='lat' dir='ltr'><strong>adventu,</strong></span> <span class='ocrx_word' id='word_1_123' title='bbox 1398 1979 1462 2032; x_wconf 92' lang='lat' dir='ltr'>ut</span> <span class='ocrx_word' id='word_1_124' title='bbox 1490 1970 1702 2033; x_wconf 87' lang='lat' dir='ltr'><strong>credas</strong></span> <span class='ocrx_word' id='word_1_125' title='bbox 1733 1970 2006 2032; x_wconf 86' lang='lat' dir='ltr'><strong>secundo</strong></span> <span class='ocrx_word' id='word_1_126' title='bbox 2038 1970 2216 2034; x_wconf 88' lang='lat' dir='ltr'><strong>etiam</strong></span> 
     </span>
    </p>
   </div>
   <div class='ocr_carea' id='block_1_20' title="bbox 570 2058 2219 2132">
    <p class='ocr_par' dir='ltr' id='par_1_20' title="bbox 570 2058 2219 2132">
     <span class='ocr_line' id='line_1_20' title="bbox 570 2058 2219 2132; baseline -0.001 -9"><span class='ocrx_word' id='word_1_127' title='bbox 570 2062 827 2125; x_wconf 84' lang='lat' dir='ltr'><strong>adventu</strong></span> <span class='ocrx_word' id='word_1_128' title='bbox 858 2080 990 2124; x_wconf 89' lang='lat' dir='ltr'>eam</span> <span class='ocrx_word' id='word_1_129' title='bbox 1027 2064 1417 2122; x_wconf 87' lang='lat' dir='ltr'><strong>instauratum</strong></span> <span class='ocrx_word' id='word_1_130' title='bbox 1447 2058 1545 2132; x_wconf 89' lang='lat' dir='ltr'><strong>iri,</strong></span> <span class='ocrx_word' id='word_1_131' title='bbox 1574 2067 1632 2122; x_wconf 90' lang='lat' dir='ltr'>et</span> <span class='ocrx_word' id='word_1_132' title='bbox 1667 2068 1724 2122; x_wconf 93' lang='lat' dir='ltr'>te</span> <span class='ocrx_word' id='word_1_133' title='bbox 1753 2069 1893 2121; x_wconf 87' lang='lat' dir='ltr'><strong>ante</strong></span> <span class='ocrx_word' id='word_1_134' title='bbox 1922 2060 2083 2122; x_wconf 87' lang='lat' dir='ltr'><strong>illam</strong></span> <span class='ocrx_word' id='word_1_135' title='bbox 2114 2079 2219 2122; x_wconf 82' lang='lat' dir='ltr'><strong>re-</strong></span> 
     </span>
    </p>
   </div>
   <div class='ocr_carea' id='block_1_21' title="bbox 572 2150 2217 2233">
    <p class='ocr_par' dir='ltr' id='par_1_21' title="bbox 572 2150 2217 2233">
     <span class='ocr_line' id='line_1_21' title="bbox 572 2150 2217 2233; baseline -0.002 -17"><span class='ocrx_word' id='word_1_136' title='bbox 572 2164 848 2216; x_wconf 87' lang='lat' dir='ltr'><strong>novatum</strong></span> <span class='ocrx_word' id='word_1_137' title='bbox 901 2155 961 2216; x_wconf 90' lang='lat' dir='ltr'>in</span> <span class='ocrx_word' id='word_1_138' title='bbox 1001 2151 1657 2233; x_wconf 88' lang='lat' dir='ltr'><strong>incorruptibilitatem,</strong></span> <span class='ocrx_word' id='word_1_139' title='bbox 1697 2150 2217 2233; x_wconf 82' lang='lat' dir='ltr'><strong>perturbationum</strong></span> 
     </span>
    </p>
   </div>
   <div class='ocr_carea' id='block_1_22' title="bbox 569 2239 2215 2324">
    <p class='ocr_par' dir='ltr' id='par_1_22' title="bbox 569 2239 2215 2324">
     <span class='ocr_line' id='line_1_22' title="bbox 569 2239 2215 2324; baseline -0.001 -21"><span class='ocrx_word' id='word_1_140' title='bbox 569 2250 1016 2324; x_wconf 81' lang='lat' dir='ltr'><strong>vacuitatem,et</strong></span> <span class='ocrx_word' id='word_1_141' title='bbox 1033 2240 1402 2304; x_wconf 74' lang='lat' dir='ltr'><strong>ineffabilem</strong></span> <span class='ocrx_word' id='word_1_142' title='bbox 1429 2239 2037 2321; x_wconf 88' lang='lat' dir='ltr'><strong>pulchritudinem.Si</strong></span> <span class='ocrx_word' id='word_1_143' title='bbox 2057 2242 2215 2303; x_wconf 90' lang='lat' dir='ltr'><strong>enim</strong></span> 
     </span>
    </p>
   </div>
   <div class='ocr_carea' id='block_1_23' title="bbox 568 2334 2219 2412">
    <p class='ocr_par' dir='ltr' id='par_1_23' title="bbox 568 2334 2219 2412">
     <span class='ocr_line' id='line_1_23' title="bbox 568 2334 2219 2412; baseline -0.001 -15"><span class='ocrx_word' id='word_1_144' title='bbox 568 2336 813 2412; x_wconf 84' lang='lat' dir='ltr'><strong>quando</strong></span> <span class='ocrx_word' id='word_1_145' title='bbox 834 2336 1044 2398; x_wconf 84' lang='lat' dir='ltr'><strong>volens</strong></span> <span class='ocrx_word' id='word_1_146' title='bbox 1065 2334 1126 2397; x_wconf 91' lang='lat' dir='ltr'>in</span> <span class='ocrx_word' id='word_1_147' title='bbox 1147 2335 1498 2397; x_wconf 83' lang='lat' dir='ltr'><strong>inﬁrmitate</strong></span> <span class='ocrx_word' id='word_1_148' title='bbox 1523 2334 1723 2395; x_wconf 85' lang='lat' dir='ltr'><strong>carnis</strong></span> <span class='ocrx_word' id='word_1_149' title='bbox 1750 2346 1875 2395; x_wconf 89' lang='lat' dir='ltr'><strong>erat</strong></span> <span class='ocrx_word' id='word_1_150' title='bbox 1900 2337 1960 2396; x_wconf 91' lang='lat' dir='ltr'>in</span> <span class='ocrx_word' id='word_1_151' title='bbox 1984 2334 2219 2396; x_wconf 82' lang='lat' dir='ltr'><strong>sudori-</strong></span> 
     </span>
    </p>
   </div>
   <div class='ocr_carea' id='block_1_24' title="bbox 568 2421 2217 2504">
    <p class='ocr_par' dir='ltr' id='par_1_24' title="bbox 568 2421 2217 2504">
     <span class='ocr_line' id='line_1_24' title="bbox 568 2421 2217 2504; baseline 0.001 -19"><span class='ocrx_word' id='word_1_152' title='bbox 568 2424 704 2499; x_wconf 88' lang='lat' dir='ltr'><strong>bus,</strong></span> <span class='ocrx_word' id='word_1_153' title='bbox 724 2424 785 2485; x_wconf 92' lang='lat' dir='ltr'>in</span> <span class='ocrx_word' id='word_1_154' title='bbox 817 2423 1400 2504; x_wconf 73' lang='lat' dir='ltr'><strong>dol-iribus,quando</strong></span> <span class='ocrx_word' id='word_1_155' title='bbox 1418 2422 1704 2483; x_wconf 87' lang='lat' dir='ltr'><strong>seductor</strong></span> <span class='ocrx_word' id='word_1_156' title='bbox 1723 2430 1783 2485; x_wconf 89' lang='lat' dir='ltr'>et</span> <span class='ocrx_word' id='word_1_157' title='bbox 1804 2421 2217 2487; x_wconf 86' lang='lat' dir='ltr'><strong>Samaritanus</strong></span> 
     </span>
    </p>
   </div>
   <div class='ocr_carea' id='block_1_25' title="bbox 570 2510 2214 2592">
    <p class='ocr_par' dir='ltr' id='par_1_25' title="bbox 570 2510 2214 2592">
     <span class='ocr_line' id='line_1_25' title="bbox 570 2510 2214 2592; baseline 0.002 -21"><span class='ocrx_word' id='word_1_158' title='bbox 570 2512 911 2587; x_wconf 83' lang='lat' dir='ltr'><strong>vocabatur,</strong></span> <span class='ocrx_word' id='word_1_159' title='bbox 939 2519 1274 2574; x_wconf 87' lang='lat' dir='ltr'><strong>creaturam</strong></span> <span class='ocrx_word' id='word_1_160' title='bbox 1307 2511 1380 2572; x_wconf 87' lang='lat' dir='ltr'>ab</span> <span class='ocrx_word' id='word_1_161' title='bbox 1411 2511 1506 2572; x_wconf 82' lang='lat' dir='ltr'><strong>lllS</strong></span> <span class='ocrx_word' id='word_1_162' title='bbox 1538 2510 1839 2592; x_wconf 88' lang='lat' dir='ltr'><strong>tantisque</strong></span> <span class='ocrx_word' id='word_1_163' title='bbox 1869 2520 1929 2573; x_wconf 90' lang='lat' dir='ltr'>et</span> <span class='ocrx_word' id='word_1_164' title='bbox 1956 2513 2214 2575; x_wconf 81' lang='lat' dir='ltr'><strong>maxime</strong></span> 
     </span>
    </p>
   </div>
   <div class='ocr_carea' id='block_1_26' title="bbox 566 2600 2212 2682">
    <p class='ocr_par' dir='ltr' id='par_1_26' title="bbox 566 2600 2212 2682">
     <span class='ocr_line' id='line_1_26' title="bbox 566 2600 2212 2682; baseline -0.001 -18"><span class='ocrx_word' id='word_1_165' title='bbox 566 2601 866 2664; x_wconf 87' lang='lat' dir='ltr'><strong>diuturnis</strong></span> <span class='ocrx_word' id='word_1_166' title='bbox 896 2600 1145 2677; x_wconf 82' lang='lat' dir='ltr'><strong>morbis,</strong></span> <span class='ocrx_word' id='word_1_167' title='bbox 1199 2608 1259 2661; x_wconf 91' lang='lat' dir='ltr'>et</span> <span class='ocrx_word' id='word_1_168' title='bbox 1315 2600 1569 2660; x_wconf 88' lang='lat' dir='ltr'><strong>maculis</strong></span> <span class='ocrx_word' id='word_1_169' title='bbox 1606 2600 1931 2674; x_wconf 87' lang='lat' dir='ltr'><strong>mundavit,</strong></span> <span class='ocrx_word' id='word_1_170' title='bbox 1972 2603 2212 2682; x_wconf 88' lang='lat' dir='ltr'><strong>quando</strong></span> 
     </span>
    </p>
   </div>
   <div class='ocr_carea' id='block_1_27' title="bbox 567 2689 2209 2771">
    <p class='ocr_par' dir='ltr' id='par_1_27' title="bbox 567 2689 2209 2771">
     <span class='ocr_line' id='line_1_27' title="bbox 567 2689 2209 2771; baseline 0 -20"><span class='ocrx_word' id='word_1_171' title='bbox 567 2691 763 2755; x_wconf 89' lang='lat' dir='ltr'><strong>veniet</strong></span> <span class='ocrx_word' id='word_1_172' title='bbox 774 2690 964 2771; x_wconf 85' lang='lat' dir='ltr'><strong>judex</strong></span> <span class='ocrx_word' id='word_1_173' title='bbox 984 2689 1249 2752; x_wconf 86' lang='lat' dir='ltr'><strong>vivorum</strong></span> <span class='ocrx_word' id='word_1_174' title='bbox 1278 2698 1340 2750; x_wconf 91' lang='lat' dir='ltr'>et</span> <span class='ocrx_word' id='word_1_175' title='bbox 1364 2690 2011 2769; x_wconf 86' lang='lat' dir='ltr'><strong>mortuorum,quando</strong></span> <span class='ocrx_word' id='word_1_176' title='bbox 2033 2708 2209 2768; x_wconf 82' lang='lat' dir='ltr'><strong>ange-</strong></span> 
     </span>
    </p>
   </div>
   <div class='ocr_carea' id='block_1_28' title="bbox 564 2777 2208 2860">
    <p class='ocr_par' dir='ltr' id='par_1_28' title="bbox 564 2777 2208 2860">
     <span class='ocr_line' id='line_1_28' title="bbox 564 2777 2208 2860; baseline -0.002 -17"><span class='ocrx_word' id='word_1_177' title='bbox 564 2781 762 2843; x_wconf 91' lang='lat' dir='ltr'><strong>lorum</strong></span> <span class='ocrx_word' id='word_1_178' title='bbox 798 2778 1054 2842; x_wconf 83' lang='lat' dir='ltr'><strong>intinitis</strong></span> <span class='ocrx_word' id='word_1_179' title='bbox 1093 2777 1463 2860; x_wconf 76' lang='lat' dir='ltr'><strong>myriadibus</strong></span> <span class='ocrx_word' id='word_1_180' title='bbox 1485 2777 1765 2857; x_wconf 82' lang='lat' dir='ltr'><strong>stipatus,</strong></span> <span class='ocrx_word' id='word_1_181' title='bbox 1800 2778 2041 2857; x_wconf 83' lang='lat' dir='ltr'><strong>quando</strong></span> <span class='ocrx_word' id='word_1_182' title='bbox 2071 2798 2208 2840; x_wconf 82' lang='lat' dir='ltr'><strong>om-</strong></span> 
     </span>
    </p>
   </div>
   <div class='ocr_carea' id='block_1_29' title="bbox 563 2867 2207 2947">
    <p class='ocr_par' dir='ltr' id='par_1_29' title="bbox 563 2867 2207 2947">
     <span class='ocr_line' id='line_1_29' title="bbox 563 2867 2207 2947; baseline -0.001 -14"><span class='ocrx_word' id='word_1_183' title='bbox 563 2870 1116 2933; x_wconf 38' lang='lat' dir='ltr'><strong>nium‘Dominator</strong></span> <span class='ocrx_word' id='word_1_184' title='bbox 1137 2877 1196 2930; x_wconf 94' lang='lat' dir='ltr'>et</span> <span class='ocrx_word' id='word_1_185' title='bbox 1226 2867 1799 2947; x_wconf 85' lang='lat' dir='ltr'><strong>Dominus,quando</strong></span> <span class='ocrx_word' id='word_1_186' title='bbox 1832 2868 2033 2929; x_wconf 86' lang='lat' dir='ltr'><strong>omnia</strong></span> <span class='ocrx_word' id='word_1_187' title='bbox 2061 2868 2207 2931; x_wconf 87' lang='lat' dir='ltr'><strong>hor-</strong></span> 
     </span>
    </p>
   </div>
   <div class='ocr_carea' id='block_1_30' title="bbox 561 2957 2208 3037">
    <p class='ocr_par' dir='ltr' id='par_1_30' title="bbox 561 2957 2208 3037">
     <span class='ocr_line' id='line_1_30' title="bbox 561 2957 2208 3037; baseline -0.001 -15"><span class='ocrx_word' id='word_1_188' title='bbox 561 2978 702 3022; x_wconf 90' lang='lat' dir='ltr'><strong>rore</strong></span> <span class='ocrx_word' id='word_1_189' title='bbox 731 2964 1156 3022; x_wconf 86' lang='lat' dir='ltr'><strong>concutientur</strong></span> <span class='ocrx_word' id='word_1_190' title='bbox 1186 2966 1245 3018; x_wconf 88' lang='lat' dir='ltr'>et</span> <span class='ocrx_word' id='word_1_191' title='bbox 1287 2964 1569 3031; x_wconf 90' lang='lat' dir='ltr'><strong>trement,</strong></span> <span class='ocrx_word' id='word_1_192' title='bbox 1620 2957 1922 3037; x_wconf 87' lang='lat' dir='ltr'><strong>quomodo</strong></span> <span class='ocrx_word' id='word_1_193' title='bbox 1957 2959 2208 3020; x_wconf 87' lang='lat' dir='ltr'><strong>mutatio</strong></span> 
     </span>
    </p>
   </div>
   <div class='ocr_carea' id='block_1_31' title="bbox 556 3045 2211 3131">
    <p class='ocr_par' dir='ltr' id='par_1_31' title="bbox 556 3045 2211 3131">
     <span class='ocr_line' id='line_1_31' title="bbox 556 3045 2211 3131; baseline -0.001 -19"><span class='ocrx_word' id='word_1_194' title='bbox 556 3049 965 3131; x_wconf 88' lang='lat' dir='ltr'><strong>corruptionis</strong></span> <span class='ocrx_word' id='word_1_195' title='bbox 996 3054 1055 3111; x_wconf 85' lang='lat' dir='ltr'>in</span> <span class='ocrx_word' id='word_1_196' title='bbox 1089 3045 1699 3126; x_wconf 86' lang='lat' dir='ltr'><strong>incorruptibile,non</strong></span> <span class='ocrx_word' id='word_1_197' title='bbox 1732 3046 2006 3108; x_wconf 86' lang='lat' dir='ltr'><strong>videatur</strong></span> <span class='ocrx_word' id='word_1_198' title='bbox 2026 3066 2211 3125; x_wconf 85' lang='lat' dir='ltr'><strong>quam</strong></span> 
     </span>
    </p>
   </div>
   <div class='ocr_carea' id='block_1_32' title="bbox 556 3135 1705 3214">
    <p class='ocr_par' dir='ltr' id='par_1_32' title="bbox 556 3135 1705 3214">
     <span class='ocr_line' id='line_1_32' title="bbox 556 3135 1705 3214; baseline -0.004 -13"><span class='ocrx_word' id='word_1_199' title='bbox 556 3138 843 3203; x_wconf 75' lang='lat' dir='ltr'><strong>facillime</strong></span> <span class='ocrx_word' id='word_1_200' title='bbox 872 3145 1291 3211; x_wconf 89' lang='lat' dir='ltr'><strong>consecutura,</strong></span> <span class='ocrx_word' id='word_1_201' title='bbox 1321 3135 1444 3198; x_wconf 91' lang='lat' dir='ltr'><strong>Deo</strong></span> <span class='ocrx_word' id='word_1_202' title='bbox 1476 3135 1655 3214; x_wconf 82' lang='lat' dir='ltr'><strong>digna</strong></span> <span class='ocrx_word' id='word_1_203' title='bbox 1677 3141 1705 3196; x_wconf 84' lang='lat'>‘?</span> 
     </span>
    </p>
   </div>
   <div class='ocr_carea' id='block_1_33' title="bbox 1793 314 2778 386">
    <p class='ocr_par' dir='ltr' id='par_1_33' title="bbox 1793 314 2778 386">
     <span class='ocr_line' id='line_1_33' title="bbox 1793 314 2778 386; baseline 0.002 -5"><span class='ocrx_word' id='word_1_204' title='bbox 1793 314 2060 383; x_wconf 84' lang='lat' dir='ltr'>PHOTII</span> <span class='ocrx_word' id='word_1_205' title='bbox 2102 317 2623 386; x_wconf 66' lang='lat' dir='ltr'>PATRIARCHE</span> <span class='ocrx_word' id='word_1_206' title='bbox 2665 320 2778 384; x_wconf 83' lang='lat' dir='ltr'>GP.</span> 
     </span>
    </p>
   </div>
   <div class='ocr_carea' id='block_1_34' title="bbox 2374 212 2399 228">
    <p class='ocr_par' dir='ltr' id='par_1_34' title="bbox 2374 212 2399 228">
     <span class='ocr_line' id='line_1_34' title="bbox 2374 212 2399 228; baseline 0 0"><span class='ocrx_word' id='word_1_207' title='bbox 2374 212 2399 228; x_wconf 49' lang='grc' dir='ltr'>δ</span> 
     </span>
    </p>
   </div>
   <div class='ocr_carea' id='block_1_35' title="bbox 3820 317 3923 389">
    <p class='ocr_par' dir='ltr' id='par_1_35' title="bbox 3820 317 3923 389">
     <span class='ocr_line' id='line_1_35' title="bbox 3820 317 3923 389; baseline 0.019 -2"><span class='ocrx_word' id='word_1_208' title='bbox 3820 317 3923 389; x_wconf 70' lang='grc' dir='ltr'>ἳὸὃ</span> 
     </span>
    </p>
   </div>
   <div class='ocr_carea' id='block_1_36' title="bbox 2573 455 3913 537">
    <p class='ocr_par' dir='ltr' id='par_1_36' title="bbox 2573 455 3913 537">
     <span class='ocr_line' id='line_1_36' title="bbox 2573 455 3913 537; baseline -0.004 -19"><span class='ocrx_word' id='word_1_209' title='bbox 2573 460 2886 537; x_wconf 69' lang='grc' dir='ltr'>εὑρίσκεται.</span> <span class='ocrx_word' id='word_1_210' title='bbox 2965 456 3090 515; x_wconf 57' lang='grc' dir='ltr'>’τοτι</span> <span class='ocrx_word' id='word_1_211' title='bbox 3175 461 3274 523; x_wconf 71' lang='grc' dir='ltr'>τῆς</span> <span class='ocrx_word' id='word_1_212' title='bbox 3336 457 3555 522; x_wconf 75' lang='grc' dir='ltr'>κτίσεως</span> <span class='ocrx_word' id='word_1_213' title='bbox 3607 455 3800 537; x_wconf 74' lang='grc' dir='ltr'>(φησὶν)</span> <span class='ocrx_word' id='word_1_214' title='bbox 3852 458 3913 519; x_wconf 80' lang='grc' dir='ltr'>ὡς</span> 
     </span>
    </p>
   </div>
   <div class='ocr_carea' id='block_1_37' title="bbox 2316 544 3918 632">
    <p class='ocr_par' dir='ltr' id='par_1_37' title="bbox 2316 544 3918 632">
     <span class='ocr_line' id='line_1_37' title="bbox 2316 544 3918 632; baseline -0.004 -24"><span class='ocrx_word' id='word_1_215' title='bbox 2316 554 2627 632; x_wconf 81' lang='grc' dir='ltr'>προείρηται</span> <span class='ocrx_word' id='word_1_216' title='bbox 2684 545 3049 621; x_wconf 85' lang='grc' dir='ltr'>διακειμένης,</span> <span class='ocrx_word' id='word_1_217' title='bbox 3135 547 3225 603; x_wconf 81' lang='grc' dir='ltr'>καὶ</span> <span class='ocrx_word' id='word_1_218' title='bbox 3308 546 3707 622; x_wconf 67' lang='grc' dir='ltr'>ἀγανακτούσης</span> <span class='ocrx_word' id='word_1_219' title='bbox 3760 544 3830 624; x_wconf 64' lang='grc' dir='ltr'>ἔφ’</span> <span class='ocrx_word' id='word_1_220' title='bbox 3880 550 3918 619; x_wconf 81' lang='grc' dir='ltr'>ᾧ</span> 
     </span>
    </p>
   </div>
   <div class='ocr_carea' id='block_1_38' title="bbox 2315 633 3914 715">
    <p class='ocr_par' dir='ltr' id='par_1_38' title="bbox 2315 633 3914 715">
     <span class='ocr_line' id='line_1_38' title="bbox 2315 633 3914 715; baseline -0.005 -15"><span class='ocrx_word' id='word_1_221' title='bbox 2315 644 2403 699; x_wconf 85' lang='grc' dir='ltr'>καὶ</span> <span class='ocrx_word' id='word_1_222' title='bbox 2445 642 2643 698; x_wconf 78' lang='grc' dir='ltr'>ἄκουσα</span> <span class='ocrx_word' id='word_1_223' title='bbox 2687 645 2764 711; x_wconf 82' lang='grc' dir='ltr'>τῷ</span> <span class='ocrx_word' id='word_1_224' title='bbox 2808 633 3092 714; x_wconf 79' lang='grc' dir='ltr'>παραϐάτῃ</span> <span class='ocrx_word' id='word_1_225' title='bbox 3150 649 3387 715; x_wconf 77' lang='grc' dir='ltr'>παρεῖχε</span> <span class='ocrx_word' id='word_1_226' title='bbox 3453 635 3554 702; x_wconf 73' lang='grc' dir='ltr'>τὴν</span> <span class='ocrx_word' id='word_1_227' title='bbox 3606 636 3779 713; x_wconf 84' lang='grc' dir='ltr'>χρείαν</span> <span class='ocrx_word' id='word_1_228' title='bbox 3842 638 3914 692; x_wconf 79' lang='grc' dir='ltr'>καὶ</span> 
     </span>
    </p>
   </div>
   <div class='ocr_carea' id='block_1_39' title="bbox 2315 724 3913 810">
    <p class='ocr_par' dir='ltr' id='par_1_39' title="bbox 2315 724 3913 810">
     <span class='ocr_line' id='line_1_39' title="bbox 2315 724 3913 810; baseline -0.004 -22"><span class='ocrx_word' id='word_1_229' title='bbox 2315 732 2651 810; x_wconf 78' lang='grc' dir='ltr'>ἐξυπηρέτει,</span> <span class='ocrx_word' id='word_1_230' title='bbox 2737 728 2827 782; x_wconf 86' lang='grc' dir='ltr'>καὶ</span> <span class='ocrx_word' id='word_1_231' title='bbox 2890 725 3135 801; x_wconf 71' lang='grc' dir='ltr'>ἀγγέλων</span> <span class='ocrx_word' id='word_1_232' title='bbox 3202 724 3520 804; x_wconf 81' lang='grc' dir='ltr'>ἀχθομένων</span> <span class='ocrx_word' id='word_1_233' title='bbox 3589 724 3674 780; x_wconf 70' lang='grc' dir='ltr'>ἐπὶ</span> <span class='ocrx_word' id='word_1_234' title='bbox 3730 732 3785 792; x_wconf 75' lang='grc' dir='ltr'>τῆ</span> <span class='ocrx_word' id='word_1_235' title='bbox 3839 727 3913 781; x_wconf 77' lang='grc' dir='ltr'>τοῦ</span> 
     </span>
    </p>
   </div>
   <div class='ocr_carea' id='block_1_40' title="bbox 2316 813 3908 901">
    <p class='ocr_par' dir='ltr' id='par_1_40' title="bbox 2316 813 3908 901">
     <span class='ocr_line' id='line_1_40' title="bbox 2316 813 3908 901; baseline -0.005 -23"><span class='ocrx_word' id='word_1_236' title='bbox 2316 818 2757 901; x_wconf 66' lang='grc' dir='ltr'>εὔεργετουμένου</span> <span class='ocrx_word' id='word_1_237' title='bbox 2842 815 3223 893; x_wconf 73' lang='grc' dir='ltr'>ἀγνωμοσύνῃ,</span> <span class='ocrx_word' id='word_1_238' title='bbox 3279 818 3366 870; x_wconf 82' lang='grc' dir='ltr'>καὶ</span> <span class='ocrx_word' id='word_1_239' title='bbox 3449 813 3576 870; x_wconf 80' lang='grc' dir='ltr'>ὅλου</span> <span class='ocrx_word' id='word_1_240' title='bbox 3620 814 3908 885; x_wconf 77' lang='grc' dir='ltr'>κακωθέντος</span> 
     </span>
    </p>
   </div>
   <div class='ocr_carea' id='block_1_41' title="bbox 2315 902 3915 990">
    <p class='ocr_par' dir='ltr' id='par_1_41' title="bbox 2315 902 3915 990">
     <span class='ocr_line' id='line_1_41' title="bbox 2315 902 3915 990; baseline -0.006 -23"><span class='ocrx_word' id='word_1_241' title='bbox 2315 919 2409 969; x_wconf 77' lang='grc' dir='ltr'>τοῦ</span> <span class='ocrx_word' id='word_1_242' title='bbox 2471 910 2620 990; x_wconf 76' lang='grc'>[846</span> <span class='ocrx_word' id='word_1_243' title='bbox 2648 906 2746 983; x_wconf 85' lang='grc' dir='ltr'>Η.Ι</span> <span class='ocrx_word' id='word_1_244' title='bbox 2806 907 3011 989; x_wconf 74' lang='grc' dir='ltr'>κόσμου</span> <span class='ocrx_word' id='word_1_245' title='bbox 3054 903 3139 963; x_wconf 67' lang='grc' dir='ltr'>διὰ</span> <span class='ocrx_word' id='word_1_246' title='bbox 3182 904 3275 967; x_wconf 74' lang='grc' dir='ltr'>τὰς</span> <span class='ocrx_word' id='word_1_247' title='bbox 3308 904 3641 980; x_wconf 85' lang='grc' dir='ltr'>παρανομίας</span> <span class='ocrx_word' id='word_1_248' title='bbox 3692 902 3787 983; x_wconf 81' lang='grc' dir='ltr'>(καὶ</span> <span class='ocrx_word' id='word_1_249' title='bbox 3827 905 3915 981; x_wconf 68' lang='grc' dir='ltr'>γὰρ</span> 
     </span>
    </p>
   </div>
   <div class='ocr_carea' id='block_1_42' title="bbox 2317 993 3916 1079">
    <p class='ocr_par' dir='ltr' id='par_1_42' title="bbox 2317 993 3916 1079">
     <span class='ocr_line' id='line_1_42' title="bbox 2317 993 3916 1079; baseline -0.008 -23"><span class='ocrx_word' id='word_1_250' title='bbox 2317 999 2468 1074; x_wconf 82' lang='grc' dir='ltr'>Εἶὸε,</span> <span class='ocrx_word' id='word_1_251' title='bbox 2531 1000 2717 1079; x_wconf 79' lang='grc' dir='ltr'>φησίν,</span> <span class='ocrx_word' id='word_1_252' title='bbox 2776 997 2804 1051; x_wconf 98' lang='lat'>6</span> <span class='ocrx_word' id='word_1_253' title='bbox 2855 996 2987 1055; x_wconf 82' lang='grc' dir='ltr'>Θεὸς</span> <span class='ocrx_word' id='word_1_254' title='bbox 3017 994 3117 1060; x_wconf 77' lang='grc' dir='ltr'>τὴν</span> <span class='ocrx_word' id='word_1_255' title='bbox 3147 995 3271 1070; x_wconf 75' lang='grc' dir='ltr'>γῆν,</span> <span class='ocrx_word' id='word_1_256' title='bbox 3302 997 3390 1049; x_wconf 87' lang='grc' dir='ltr'>καὶ</span> <span class='ocrx_word' id='word_1_257' title='bbox 3421 993 3487 1060; x_wconf 76' lang='grc' dir='ltr'>ἦν</span> <span class='ocrx_word' id='word_1_258' title='bbox 3519 993 3916 1072; x_wconf 68' lang='grc' dir='ltr'>κατεφθαρμένῃ,</span> 
     </span>
    </p>
   </div>
   <div class='ocr_carea' id='block_1_43' title="bbox 2313 1080 3922 1166">
    <p class='ocr_par' dir='ltr' id='par_1_43' title="bbox 2313 1080 3922 1166">
     <span class='ocr_line' id='line_1_43' title="bbox 2313 1080 3922 1166; baseline -0.001 -20"><span class='ocrx_word' id='word_1_259' title='bbox 2313 1088 2393 1145; x_wconf 76' lang='grc' dir='ltr'>ὅτι</span> <span class='ocrx_word' id='word_1_260' title='bbox 2480 1088 2790 1166; x_wconf 73' lang='grc' dir='ltr'>κατέφθειρε</span> <span class='ocrx_word' id='word_1_261' title='bbox 2870 1090 3013 1139; x_wconf 81' lang='grc' dir='ltr'>πᾶσα</span> <span class='ocrx_word' id='word_1_262' title='bbox 3114 1082 3239 1159; x_wconf 77' lang='grc' dir='ltr'>σὰρξ</span> <span class='ocrx_word' id='word_1_263' title='bbox 3332 1083 3430 1149; x_wconf 82' lang='grc' dir='ltr'>τὴν</span> <span class='ocrx_word' id='word_1_264' title='bbox 3528 1080 3648 1139; x_wconf 78' lang='grc' dir='ltr'>ὁδὸν</span> <span class='ocrx_word' id='word_1_265' title='bbox 3733 1082 3922 1156; x_wconf 47' lang='lat' dir='ltr'><strong>tritici,</strong></span> 
     </span>
    </p>
   </div>
   <div class='ocr_carea' id='block_1_44' title="bbox 2316 1171 3929 1255">
    <p class='ocr_par' dir='ltr' id='par_1_44' title="bbox 2316 1171 3929 1255">
     <span class='ocr_line' id='line_1_44' title="bbox 2316 1171 3929 1255; baseline -0.008 -21"><span class='ocrx_word' id='word_1_266' title='bbox 2316 1177 2496 1255; x_wconf 74' lang='grc'>11548</span> <span class='ocrx_word' id='word_1_267' title='bbox 2528 1178 2579 1240; x_wconf 77' lang='lat' dir='ltr'><strong>R</strong></span> <span class='ocrx_word' id='word_1_268' title='bbox 2613 1178 2627 1255; x_wconf 81' lang='lat'><strong>]</strong></span> <span class='ocrx_word' id='word_1_269' title='bbox 2664 1177 2759 1231; x_wconf 73' lang='grc' dir='ltr'>οὒκ</span> <span class='ocrx_word' id='word_1_270' title='bbox 2788 1174 2855 1241; x_wconf 75' lang='grc' dir='ltr'>ἦν</span> <span class='ocrx_word' id='word_1_271' title='bbox 2882 1176 2915 1241; x_wconf 78' lang='grc' dir='ltr'><strong>ἠ</strong></span> <span class='ocrx_word' id='word_1_272' title='bbox 2962 1174 3129 1234; x_wconf 81' lang='grc' dir='ltr'>κτίσις</span> <span class='ocrx_word' id='word_1_273' title='bbox 3190 1172 3313 1229; x_wconf 70' lang='grc' dir='ltr'>οἵαν</span> <span class='ocrx_word' id='word_1_274' title='bbox 3342 1172 3642 1239; x_wconf 75' lang='grc' dir='ltr'>ὺπέστησεν</span> <span class='ocrx_word' id='word_1_275' title='bbox 3698 1173 3844 1238; x_wconf 68' lang='grc' dir='ltr'>αὐτὴν</span> <span class='ocrx_word' id='word_1_276' title='bbox 3869 1171 3929 1221; x_wconf 74' lang='grc'>84</span> 
     </span>
    </p>
   </div>
   <div class='ocr_carea' id='block_1_45' title="bbox 2313 1260 3923 1342">
    <p class='ocr_par' dir='ltr' id='par_1_45' title="bbox 2313 1260 3923 1342">
     <span class='ocr_line' id='line_1_45' title="bbox 2313 1260 3923 1342; baseline -0.004 -18"><span class='ocrx_word' id='word_1_277' title='bbox 2313 1270 2340 1323; x_wconf 89' lang='lat'>6</span> <span class='ocrx_word' id='word_1_278' title='bbox 2400 1270 2530 1332; x_wconf 79' lang='grc' dir='ltr'>Θεὸς</span> <span class='ocrx_word' id='word_1_279' title='bbox 2586 1264 2682 1322; x_wconf 87' lang='grc' dir='ltr'>ἀπ’</span> <span class='ocrx_word' id='word_1_280' title='bbox 2724 1263 2900 1342; x_wconf 74' lang='grc' dir='ltr'>ἀρχῆς</span> <span class='ocrx_word' id='word_1_281' title='bbox 2936 1280 2949 1293; x_wconf 91' lang='grc'><strong>·</strong></span> <span class='ocrx_word' id='word_1_282' title='bbox 2998 1264 3092 1319; x_wconf 77' lang='grc' dir='ltr'>οὒκ</span> <span class='ocrx_word' id='word_1_283' title='bbox 3139 1262 3204 1327; x_wconf 74' lang='grc' dir='ltr'>ἦν</span> <span class='ocrx_word' id='word_1_284' title='bbox 3248 1275 3367 1324; x_wconf 85' lang='grc' dir='ltr'>τοῖς</span> <span class='ocrx_word' id='word_1_285' title='bbox 3400 1260 3611 1336; x_wconf 68' lang='grc' dir='ltr'>ἄστροις</span> <span class='ocrx_word' id='word_1_286' title='bbox 3643 1264 3671 1317; x_wconf 84' lang='lat'>6</span> <span class='ocrx_word' id='word_1_287' title='bbox 3702 1262 3923 1337; x_wconf 68' lang='grc' dir='ltr'>οοόρανος,</span> 
     </span>
    </p>
   </div>
   <div class='ocr_carea' id='block_1_46' title="bbox 2311 1349 3925 1431">
    <p class='ocr_par' dir='ltr' id='par_1_46' title="bbox 2311 1349 3925 1431">
     <span class='ocr_line' id='line_1_46' title="bbox 2311 1349 3925 1431; baseline -0.004 -18"><span class='ocrx_word' id='word_1_288' title='bbox 2311 1358 2386 1419; x_wconf 81' lang='grc' dir='ltr'>ὡς</span> <span class='ocrx_word' id='word_1_289' title='bbox 2430 1359 2492 1413; x_wconf 78' lang='grc' dir='ltr'>τὸ</span> <span class='ocrx_word' id='word_1_290' title='bbox 2525 1358 2679 1431; x_wconf 64' lang='grc' dir='ltr'>πρὶν,</span> <span class='ocrx_word' id='word_1_291' title='bbox 2724 1352 2845 1411; x_wconf 68' lang='grc' dir='ltr'>ἄνευ</span> <span class='ocrx_word' id='word_1_292' title='bbox 2888 1353 3031 1416; x_wconf 78' lang='grc' dir='ltr'>τινὸς</span> <span class='ocrx_word' id='word_1_293' title='bbox 3076 1352 3379 1425; x_wconf 80' lang='grc' dir='ltr'>μιάσματος</span> <span class='ocrx_word' id='word_1_294' title='bbox 3432 1349 3925 1424; x_wconf 49' lang='grc' dir='ltr'>καταλαμπόμενος</span> 
     </span>
    </p>
   </div>
   <div class='ocr_carea' id='block_1_47' title="bbox 2309 1438 3922 1522">
    <p class='ocr_par' dir='ltr' id='par_1_47' title="bbox 2309 1438 3922 1522">
     <span class='ocr_line' id='line_1_47' title="bbox 2309 1438 3922 1522; baseline -0.003 -21"><span class='ocrx_word' id='word_1_295' title='bbox 2309 1449 2402 1504; x_wconf 68' lang='grc' dir='ltr'>οὐκ</span> <span class='ocrx_word' id='word_1_296' title='bbox 2429 1448 2497 1512; x_wconf 76' lang='grc' dir='ltr'>ἧν</span> <span class='ocrx_word' id='word_1_297' title='bbox 2546 1445 2679 1522; x_wconf 68' lang='grc' dir='ltr'>ὗλγῆ</span> <span class='ocrx_word' id='word_1_298' title='bbox 2711 1443 2832 1504; x_wconf 76' lang='grc' dir='ltr'>τοὺς</span> <span class='ocrx_word' id='word_1_299' title='bbox 2892 1441 3125 1516; x_wconf 68' lang='grc' dir='ltr'>καρποὺς</span> <span class='ocrx_word' id='word_1_300' title='bbox 3168 1438 3518 1513; x_wconf 79' lang='grc' dir='ltr'>ἀμολύντους,</span> <span class='ocrx_word' id='word_1_301' title='bbox 3578 1441 3653 1501; x_wconf 76' lang='grc' dir='ltr'>ὡς</span> <span class='ocrx_word' id='word_1_302' title='bbox 3695 1442 3753 1496; x_wconf 81' lang='grc' dir='ltr'>τὸ</span> <span class='ocrx_word' id='word_1_303' title='bbox 3792 1442 3922 1515; x_wconf 77' lang='grc' dir='ltr'>πρὶν,</span> 
     </span>
    </p>
   </div>
   <div class='ocr_carea' id='block_1_48' title="bbox 2307 1528 3919 1606">
    <p class='ocr_par' dir='ltr' id='par_1_48' title="bbox 2307 1528 3919 1606">
     <span class='ocr_line' id='line_1_48' title="bbox 2307 1528 3919 1606; baseline -0.003 -16"><span class='ocrx_word' id='word_1_304' title='bbox 2307 1534 2621 1591; x_wconf 67' lang='grc' dir='ltr'>ἀναδιδοῦσα</span> <span class='ocrx_word' id='word_1_305' title='bbox 2658 1550 2672 1563; x_wconf 89' lang='grc'><strong>·</strong></span> <span class='ocrx_word' id='word_1_306' title='bbox 2719 1534 2779 1589; x_wconf 70' lang='grc' dir='ltr'>οὗ</span> <span class='ocrx_word' id='word_1_307' title='bbox 2806 1532 3067 1603; x_wconf 66' lang='grc' dir='ltr'>θάλασσα,</span> <span class='ocrx_word' id='word_1_308' title='bbox 3102 1531 3198 1585; x_wconf 73' lang='grc' dir='ltr'>οὒκ</span> <span class='ocrx_word' id='word_1_309' title='bbox 3226 1528 3359 1586; x_wconf 69' lang='grc' dir='ltr'>ἄλλο</span> <span class='ocrx_word' id='word_1_310' title='bbox 3400 1551 3450 1585; x_wconf 91' lang='grc' dir='ltr'>τι</span> <span class='ocrx_word' id='word_1_311' title='bbox 3492 1535 3600 1584; x_wconf 82' lang='grc' dir='ltr'>τῶν</span> <span class='ocrx_word' id='word_1_312' title='bbox 3632 1530 3685 1585; x_wconf 76' lang='grc' dir='ltr'>ἰν</span> <span class='ocrx_word' id='word_1_313' title='bbox 3714 1535 3777 1606; x_wconf 74' lang='grc' dir='ltr'>τῇ</span> <span class='ocrx_word' id='word_1_314' title='bbox 3814 1531 3919 1585; x_wconf 84' lang='grc' dir='ltr'>κτί-</span> 
     </span>
    </p>
   </div>
   <div class='ocr_carea' id='block_1_49' title="bbox 2307 1615 3917 1699">
    <p class='ocr_par' dir='ltr' id='par_1_49' title="bbox 2307 1615 3917 1699">
     <span class='ocr_line' id='line_1_49' title="bbox 2307 1615 3917 1699; baseline -0.003 -19"><span class='ocrx_word' id='word_1_315' title='bbox 2307 1645 2411 1685; x_wconf 88' lang='grc' dir='ltr'>σει.</span> <span class='ocrx_word' id='word_1_316' title='bbox 2445 1615 2503 1681; x_wconf 74' lang='grc' dir='ltr'>Ὀ</span> <span class='ocrx_word' id='word_1_317' title='bbox 2549 1623 2649 1699; x_wconf 81' lang='grc' dir='ltr'>γὰρ</span> <span class='ocrx_word' id='word_1_318' title='bbox 2696 1617 3009 1699; x_wconf 69' lang='grc' dir='ltr'>παραϐἇτης</span> <span class='ocrx_word' id='word_1_319' title='bbox 3053 1617 3302 1675; x_wconf 78' lang='grc' dir='ltr'>εἰσελθὼν</span> <span class='ocrx_word' id='word_1_320' title='bbox 3362 1621 3414 1674; x_wconf 74' lang='lat' dir='ltr'><strong>&#39;sv</strong></span> <span class='ocrx_word' id='word_1_321' title='bbox 3474 1622 3616 1695; x_wconf 74' lang='grc' dir='ltr'>αὗτῇ</span> <span class='ocrx_word' id='word_1_322' title='bbox 3660 1619 3917 1694; x_wconf 82' lang='grc' dir='ltr'>κατεμίανε</span> 
     </span>
    </p>
   </div>
   <div class='ocr_carea' id='block_1_50' title="bbox 2306 1707 3921 1785">
    <p class='ocr_par' dir='ltr' id='par_1_50' title="bbox 2306 1707 3921 1785">
     <span class='ocr_line' id='line_1_50' title="bbox 2306 1707 3921 1785; baseline -0.004 -14"><span class='ocrx_word' id='word_1_323' title='bbox 2306 1715 2395 1771; x_wconf 81' lang='grc' dir='ltr'>καὶ</span> <span class='ocrx_word' id='word_1_324' title='bbox 2447 1712 2777 1769; x_wconf 79' lang='grc' dir='ltr'>ἀνεθόλωσεν</span> <span class='ocrx_word' id='word_1_325' title='bbox 2839 1710 2905 1760; x_wconf 75' lang='grc'>85</span> <span class='ocrx_word' id='word_1_326' title='bbox 2956 1708 3165 1765; x_wconf 80' lang='grc' dir='ltr'>ἅπαντα</span> <span class='ocrx_word' id='word_1_327' title='bbox 3220 1721 3345 1771; x_wconf 87' lang='grc' dir='ltr'>ταῖς</span> <span class='ocrx_word' id='word_1_328' title='bbox 3399 1707 3781 1785; x_wconf 68' lang='grc' dir='ltr'>βλασφημίαις,</span> <span class='ocrx_word' id='word_1_329' title='bbox 3812 1721 3921 1770; x_wconf 75' lang='grc' dir='ltr'>ταῖς</span> 
     </span>
    </p>
   </div>
   <div class='ocr_carea' id='block_1_51' title="bbox 2249 1797 3921 1880">
    <p class='ocr_par' dir='ltr' id='par_1_51' title="bbox 2249 1797 3921 1880">
     <span class='ocr_line' id='line_1_51' title="bbox 2249 1797 3921 1880; baseline -0.004 -22"><span class='ocrx_word' id='word_1_330' title='bbox 2249 1816 2284 1863; x_wconf 70' lang='lat'><strong>3</strong></span> <span class='ocrx_word' id='word_1_331' title='bbox 2306 1802 2599 1880; x_wconf 74' lang='grc' dir='ltr'>θεομάχοις</span> <span class='ocrx_word' id='word_1_332' title='bbox 2660 1805 2757 1855; x_wconf 75' lang='grc' dir='ltr'>καί</span> <span class='ocrx_word' id='word_1_333' title='bbox 2812 1797 3072 1878; x_wconf 71' lang='grc' dir='ltr'>αἰσχραῖς</span> <span class='ocrx_word' id='word_1_334' title='bbox 3117 1810 3350 1876; x_wconf 81' lang='grc' dir='ltr'>φωναῖς,</span> <span class='ocrx_word' id='word_1_335' title='bbox 3410 1808 3533 1858; x_wconf 90' lang='grc' dir='ltr'>ταῖς</span> <span class='ocrx_word' id='word_1_336' title='bbox 3593 1797 3921 1875; x_wconf 74' lang='grc' dir='ltr'>μιαιφονίαις’</span> 
     </span>
    </p>
   </div>
   <div class='ocr_carea' id='block_1_52' title="bbox 2303 1884 3927 1968">
    <p class='ocr_par' dir='ltr' id='par_1_52' title="bbox 2303 1884 3927 1968">
     <span class='ocr_line' id='line_1_52' title="bbox 2303 1884 3927 1968; baseline -0.004 -20"><span class='ocrx_word' id='word_1_337' title='bbox 2303 1904 2421 1954; x_wconf 89' lang='grc' dir='ltr'>τοῖς</span> <span class='ocrx_word' id='word_1_338' title='bbox 2454 1902 2737 1968; x_wconf 87' lang='grc' dir='ltr'>πειραταῖς</span> <span class='ocrx_word' id='word_1_339' title='bbox 2795 1888 2886 1944; x_wconf 80' lang='grc' dir='ltr'>καὶ</span> <span class='ocrx_word' id='word_1_340' title='bbox 2946 1886 3177 1963; x_wconf 85' lang='grc' dir='ltr'>λῃσταῖς</span> <span class='ocrx_word' id='word_1_341' title='bbox 3222 1886 3321 1952; x_wconf 78' lang='grc' dir='ltr'>τὴν</span> <span class='ocrx_word' id='word_1_342' title='bbox 3364 1884 3652 1943; x_wconf 79' lang='grc' dir='ltr'>θάλατταν·</span> <span class='ocrx_word' id='word_1_343' title='bbox 3700 1887 3791 1945; x_wconf 79' lang='grc' dir='ltr'>τὰς</span> <span class='ocrx_word' id='word_1_344' title='bbox 3821 1909 3927 1952; x_wconf 86' lang='grc' dir='ltr'>πη-</span> 
     </span>
    </p>
   </div>
   <div class='ocr_carea' id='block_1_53' title="bbox 2304 1974 3927 2058">
    <p class='ocr_par' dir='ltr' id='par_1_53' title="bbox 2304 1974 3927 2058">
     <span class='ocr_line' id='line_1_53' title="bbox 2304 1974 3927 2058; baseline -0.003 -23"><span class='ocrx_word' id='word_1_345' title='bbox 2304 1980 2403 2058; x_wconf 81' lang='grc' dir='ltr'>γὰς</span> <span class='ocrx_word' id='word_1_346' title='bbox 2471 1984 2556 2035; x_wconf 82' lang='grc' dir='ltr'>καὶ</span> <span class='ocrx_word' id='word_1_347' title='bbox 2618 1978 2890 2051; x_wconf 85' lang='grc' dir='ltr'>ποταμοὺς</span> <span class='ocrx_word' id='word_1_348' title='bbox 2973 1988 3099 2037; x_wconf 83' lang='grc' dir='ltr'>ταῖς</span> <span class='ocrx_word' id='word_1_349' title='bbox 3168 1974 3652 2049; x_wconf 71' lang='grc' dir='ltr'>εἰδωλολατρείαις,</span> <span class='ocrx_word' id='word_1_350' title='bbox 3710 1976 3927 2054; x_wconf 74' lang='grc' dir='ltr'>νύμφαις</span> 
     </span>
    </p>
   </div>
   <div class='ocr_carea' id='block_1_54' title="bbox 2302 2064 3931 2143">
    <p class='ocr_par' dir='ltr' id='par_1_54' title="bbox 2302 2064 3931 2143">
     <span class='ocr_line' id='line_1_54' title="bbox 2302 2064 3931 2143; baseline -0.004 -16"><span class='ocrx_word' id='word_1_351' title='bbox 2302 2071 2390 2127; x_wconf 87' lang='grc' dir='ltr'>καὶ</span> <span class='ocrx_word' id='word_1_352' title='bbox 2434 2066 2678 2143; x_wconf 75' lang='grc' dir='ltr'>δαίμοσιν</span> <span class='ocrx_word' id='word_1_353' title='bbox 2738 2065 3063 2127; x_wconf 82' lang='grc' dir='ltr'>ἀνάπτοντες</span> <span class='ocrx_word' id='word_1_354' title='bbox 3124 2065 3277 2124; x_wconf 71' lang='grc' dir='ltr'>αὖτέ.</span> <span class='ocrx_word' id='word_1_355' title='bbox 3341 2071 3489 2120; x_wconf 80' lang='grc' dir='ltr'>Πᾶσα</span> <span class='ocrx_word' id='word_1_356' title='bbox 3552 2078 3671 2128; x_wconf 82' lang='grc' dir='ltr'>τοῖς</span> <span class='ocrx_word' id='word_1_357' title='bbox 3731 2064 3931 2139; x_wconf 68' lang='grc' dir='ltr'>ἀνθρώ-</span> 
     </span>
    </p>
   </div>
   <div class='ocr_carea' id='block_1_55' title="bbox 2303 2152 3927 2226">
    <p class='ocr_par' dir='ltr' id='par_1_55' title="bbox 2303 2152 3927 2226">
     <span class='ocr_line' id='line_1_55' title="bbox 2303 2152 3927 2226; baseline -0.004 -11"><span class='ocrx_word' id='word_1_358' title='bbox 2303 2180 2423 2220; x_wconf 85' lang='grc' dir='ltr'>ποις</span> <span class='ocrx_word' id='word_1_359' title='bbox 2481 2159 2516 2226; x_wconf 80' lang='grc' dir='ltr'>ἦ</span> <span class='ocrx_word' id='word_1_360' title='bbox 2575 2159 2742 2217; x_wconf 82' lang='grc' dir='ltr'>κτίσις</span> <span class='ocrx_word' id='word_1_361' title='bbox 2816 2157 2891 2218; x_wconf 79' lang='grc' dir='ltr'>εἷς</span> <span class='ocrx_word' id='word_1_362' title='bbox 2960 2154 3110 2218; x_wconf 80' lang='grc' dir='ltr'>θεοὺς</span> <span class='ocrx_word' id='word_1_363' title='bbox 3190 2152 3550 2211; x_wconf 79' lang='grc' dir='ltr'>ἀνεπλάττετο</span> <span class='ocrx_word' id='word_1_364' title='bbox 3583 2170 3597 2185; x_wconf 89' lang='grc'><strong>·</strong></span> <span class='ocrx_word' id='word_1_365' title='bbox 3673 2152 3818 2210; x_wconf 75' lang='grc' dir='ltr'>οὖδὲν</span> <span class='ocrx_word' id='word_1_366' title='bbox 3876 2152 3927 2209; x_wconf 69' lang='grc' dir='ltr'>δὲ</span> 
     </span>
    </p>
   </div>
   <div class='ocr_carea' id='block_1_56' title="bbox 2303 2240 3928 2319">
    <p class='ocr_par' dir='ltr' id='par_1_56' title="bbox 2303 2240 3928 2319">
     <span class='ocr_line' id='line_1_56' title="bbox 2303 2240 3928 2319; baseline -0.004 -16"><span class='ocrx_word' id='word_1_367' title='bbox 2303 2248 2473 2305; x_wconf 78' lang='grc' dir='ltr'>κτίσιν</span> <span class='ocrx_word' id='word_1_368' title='bbox 2515 2245 2654 2302; x_wconf 65' lang='grc' dir='ltr'>οὕτω</span> <span class='ocrx_word' id='word_1_369' title='bbox 2711 2246 2908 2319; x_wconf 79' lang='grc' dir='ltr'>μιαίνει</span> <span class='ocrx_word' id='word_1_370' title='bbox 2952 2244 3042 2300; x_wconf 85' lang='grc' dir='ltr'>καὶ</span> <span class='ocrx_word' id='word_1_371' title='bbox 3099 2240 3404 2309; x_wconf 72' lang='grc' dir='ltr'>κιϐδηλεύει</span> <span class='ocrx_word' id='word_1_372' title='bbox 3447 2245 3517 2306; x_wconf 75' lang='grc' dir='ltr'>ὣς</span> <span class='ocrx_word' id='word_1_373' title='bbox 3564 2244 3624 2299; x_wconf 78' lang='grc' dir='ltr'>τὸ</span> <span class='ocrx_word' id='word_1_374' title='bbox 3652 2246 3928 2299; x_wconf 81' lang='grc' dir='ltr'>θεοποιεῖ-</span> 
     </span>
    </p>
   </div>
   <div class='ocr_carea' id='block_1_57' title="bbox 2305 2331 3933 2410">
    <p class='ocr_par' dir='ltr' id='par_1_57' title="bbox 2305 2331 3933 2410">
     <span class='ocr_line' id='line_1_57' title="bbox 2305 2331 3933 2410; baseline -0.004 -16"><span class='ocrx_word' id='word_1_375' title='bbox 2305 2341 2420 2394; x_wconf 90' lang='grc' dir='ltr'>οθαι</span> <span class='ocrx_word' id='word_1_376' title='bbox 2480 2339 2667 2405; x_wconf 68' lang='grc' dir='ltr'>αὒτήν,</span> <span class='ocrx_word' id='word_1_377' title='bbox 2719 2335 2818 2390; x_wconf 79' lang='grc' dir='ltr'>Διὰ</span> <span class='ocrx_word' id='word_1_378' title='bbox 2860 2336 3026 2390; x_wconf 76' lang='grc' dir='ltr'>ταῦτα</span> <span class='ocrx_word' id='word_1_379' title='bbox 3078 2331 3144 2382; x_wconf 78' lang='grc'>86</span> <span class='ocrx_word' id='word_1_380' title='bbox 3211 2332 3453 2399; x_wconf 75' lang='grc' dir='ltr'>εἰσῆλθεν</span> <span class='ocrx_word' id='word_1_381' title='bbox 3513 2335 3540 2389; x_wconf 85' lang='lat'>6</span> <span class='ocrx_word' id='word_1_382' title='bbox 3598 2332 3787 2410; x_wconf 72' lang='grc' dir='ltr'>Σωτὴρ</span> <span class='ocrx_word' id='word_1_383' title='bbox 3847 2338 3933 2388; x_wconf 78' lang='grc' dir='ltr'>τοῦ</span> 
     </span>
    </p>
   </div>
   <div class='ocr_carea' id='block_1_58' title="bbox 2298 2421 3933 2501">
    <p class='ocr_par' dir='ltr' id='par_1_58' title="bbox 2298 2421 3933 2501">
     <span class='ocr_line' id='line_1_58' title="bbox 2298 2421 3933 2501; baseline -0.004 -19"><span class='ocrx_word' id='word_1_384' title='bbox 2298 2428 2505 2501; x_wconf 82' lang='grc' dir='ltr'>κόσμου</span> <span class='ocrx_word' id='word_1_385' title='bbox 2560 2423 2646 2480; x_wconf 77' lang='grc' dir='ltr'>διὰ</span> <span class='ocrx_word' id='word_1_386' title='bbox 2688 2425 2885 2501; x_wconf 78' lang='grc' dir='ltr'>σαρκὸς</span> <span class='ocrx_word' id='word_1_387' title='bbox 2918 2422 2972 2478; x_wconf 75' lang='grc' dir='ltr'>ἐν</span> <span class='ocrx_word' id='word_1_388' title='bbox 3035 2422 3191 2500; x_wconf 76' lang='grc' dir='ltr'>αὖτῇ,</span> <span class='ocrx_word' id='word_1_389' title='bbox 3244 2423 3333 2477; x_wconf 86' lang='grc' dir='ltr'>καὶ</span> <span class='ocrx_word' id='word_1_390' title='bbox 3364 2421 3561 2487; x_wconf 86' lang='grc' dir='ltr'>ταύτην</span> <span class='ocrx_word' id='word_1_391' title='bbox 3603 2426 3707 2476; x_wconf 78' lang='grc' dir='ltr'>τῶν</span> <span class='ocrx_word' id='word_1_392' title='bbox 3735 2422 3933 2499; x_wconf 81' lang='grc' dir='ltr'>μυρίων</span> 
     </span>
    </p>
   </div>
   <div class='ocr_carea' id='block_1_59' title="bbox 2298 2510 3935 2587">
    <p class='ocr_par' dir='ltr' id='par_1_59' title="bbox 2298 2510 3935 2587">
     <span class='ocr_line' id='line_1_59' title="bbox 2298 2510 3935 2587; baseline -0.002 -17"><span class='ocrx_word' id='word_1_393' title='bbox 2298 2517 2498 2572; x_wconf 82' lang='grc' dir='ltr'>τούτων</span> <span class='ocrx_word' id='word_1_394' title='bbox 2584 2511 2891 2578; x_wconf 77' lang='grc' dir='ltr'>ἀπαλλάξας</span> <span class='ocrx_word' id='word_1_395' title='bbox 2970 2513 3293 2585; x_wconf 72' lang='grc' dir='ltr'>μιασμάτων</span> <span class='ocrx_word' id='word_1_396' title='bbox 3388 2510 3705 2587; x_wconf 83' lang='grc' dir='ltr'>ἀνεκαίνισε,</span> <span class='ocrx_word' id='word_1_397' title='bbox 3798 2511 3935 2568; x_wconf 74' lang='grc' dir='ltr'>πολὺ</span> 
     </span>
    </p>
   </div>
   <div class='ocr_carea' id='block_1_60' title="bbox 2297 2597 3935 2683">
    <p class='ocr_par' dir='ltr' id='par_1_60' title="bbox 2297 2597 3935 2683">
     <span class='ocr_line' id='line_1_60' title="bbox 2297 2597 3935 2683; baseline -0.002 -24"><span class='ocrx_word' id='word_1_398' title='bbox 2297 2603 2696 2683; x_wconf 75' lang='grc' dir='ltr'>χαλεπωτέρων</span> <span class='ocrx_word' id='word_1_399' title='bbox 2746 2602 2781 2669; x_wconf 78' lang='grc' dir='ltr'><strong>ἣ</strong></span> <span class='ocrx_word' id='word_1_400' title='bbox 2854 2604 3169 2674; x_wconf 75' lang='grc' dir='ltr'>σωματικῆς</span> <span class='ocrx_word' id='word_1_401' title='bbox 3236 2597 3517 2678; x_wconf 82' lang='grc' dir='ltr'>διαφθορᾶς</span> <span class='ocrx_word' id='word_1_402' title='bbox 3581 2598 3935 2678; x_wconf 74' lang='grc' dir='ltr'>ἐλευθερώσας</span> 
     </span>
    </p>
   </div>
   <div class='ocr_carea' id='block_1_61' title="bbox 2295 2687 3937 2760">
    <p class='ocr_par' dir='ltr' id='par_1_61' title="bbox 2295 2687 3937 2760">
     <span class='ocr_line' id='line_1_61' title="bbox 2295 2687 3937 2760; baseline -0.002 -12"><span class='ocrx_word' id='word_1_403' title='bbox 2295 2693 2459 2760; x_wconf 71' lang='grc' dir='ltr'>αὒτὴν</span> <span class='ocrx_word' id='word_1_404' title='bbox 2516 2692 2805 2748; x_wconf 85' lang='grc' dir='ltr'>κακώσεων</span> <span class='ocrx_word' id='word_1_405' title='bbox 2847 2692 2935 2746; x_wconf 84' lang='grc' dir='ltr'>καὶ</span> <span class='ocrx_word' id='word_1_406' title='bbox 3005 2692 3210 2746; x_wconf 63' lang='grc' dir='ltr'>παθῶν.</span> <span class='ocrx_word' id='word_1_407' title='bbox 3262 2688 3617 2758; x_wconf 76' lang='grc' dir='ltr'>Ἀνακσινίζει</span> <span class='ocrx_word' id='word_1_408' title='bbox 3681 2687 3767 2744; x_wconf 74' lang='grc' dir='ltr'>διὰ</span> <span class='ocrx_word' id='word_1_409' title='bbox 3834 2696 3937 2756; x_wconf 79' lang='grc' dir='ltr'>τῆς</span> 
     </span>
    </p>
   </div>
   <div class='ocr_carea' id='block_1_62' title="bbox 2293 2777 3936 2857">
    <p class='ocr_par' dir='ltr' id='par_1_62' title="bbox 2293 2777 3936 2857">
     <span class='ocr_line' id='line_1_62' title="bbox 2293 2777 3936 2857; baseline -0.001 -20"><span class='ocrx_word' id='word_1_410' title='bbox 2293 2782 2512 2857; x_wconf 81' lang='grc' dir='ltr'>πρώτης</span> <span class='ocrx_word' id='word_1_411' title='bbox 2574 2801 2863 2857; x_wconf 69' lang='grc' dir='ltr'>πιαρουσιας</span> <span class='ocrx_word' id='word_1_412' title='bbox 2923 2780 3025 2846; x_wconf 74' lang='grc' dir='ltr'>τὴν</span> <span class='ocrx_word' id='word_1_413' title='bbox 3084 2779 3279 2851; x_wconf 87' lang='grc' dir='ltr'>κτίσιν,</span> <span class='ocrx_word' id='word_1_414' title='bbox 3334 2777 3427 2833; x_wconf 74' lang='grc' dir='ltr'>ἵνα</span> <span class='ocrx_word' id='word_1_415' title='bbox 3458 2778 3634 2854; x_wconf 75' lang='grc' dir='ltr'>μάθῃς</span> <span class='ocrx_word' id='word_1_416' title='bbox 3664 2777 3936 2843; x_wconf 76' lang='grc' dir='ltr'>ὄτιαῦτός</span> 
     </span>
    </p>
   </div>
   <div class='ocr_carea' id='block_1_63' title="bbox 2291 2865 3937 2948">
    <p class='ocr_par' dir='ltr' id='par_1_63' title="bbox 2291 2865 3937 2948">
     <span class='ocr_line' id='line_1_63' title="bbox 2291 2865 3937 2948; baseline 0.001 -23"><span class='ocrx_word' id='word_1_417' title='bbox 2291 2871 2434 2926; x_wconf 71' lang='grc' dir='ltr'>ἐστιν</span> <span class='ocrx_word' id='word_1_418' title='bbox 2464 2873 2491 2926; x_wconf 83' lang='lat'>6</span> <span class='ocrx_word' id='word_1_419' title='bbox 2524 2871 2611 2926; x_wconf 83' lang='grc' dir='ltr'>καὶ</span> <span class='ocrx_word' id='word_1_420' title='bbox 2642 2868 2733 2925; x_wconf 85' lang='grc' dir='ltr'>ἀπ’</span> <span class='ocrx_word' id='word_1_421' title='bbox 2767 2868 2947 2948; x_wconf 81' lang='grc' dir='ltr'>ἀρχῆς</span> <span class='ocrx_word' id='word_1_422' title='bbox 2998 2868 3164 2934; x_wconf 73' lang='grc' dir='ltr'>αὖτὴν</span> <span class='ocrx_word' id='word_1_423' title='bbox 3223 2865 3627 2944; x_wconf 70' lang='grc' dir='ltr'>δημιουργήσας</span> <span class='ocrx_word' id='word_1_424' title='bbox 3664 2886 3679 2903; x_wconf 88' lang='grc'><strong>·</strong></span> <span class='ocrx_word' id='word_1_425' title='bbox 3731 2870 3795 2924; x_wconf 70' lang='grc' dir='ltr'>οὗ</span> <span class='ocrx_word' id='word_1_426' title='bbox 3835 2872 3937 2948; x_wconf 80' lang='grc' dir='ltr'>γὰρ</span> 
     </span>
    </p>
   </div>
   <div class='ocr_carea' id='block_1_64' title="bbox 2290 2954 3932 3034">
    <p class='ocr_par' dir='ltr' id='par_1_64' title="bbox 2290 2954 3932 3034">
     <span class='ocr_line' id='line_1_64' title="bbox 2290 2954 3932 3034; baseline -0.001 -19"><span class='ocrx_word' id='word_1_427' title='bbox 2290 2958 2455 3018; x_wconf 79' lang='grc' dir='ltr'>ἄλλου</span> <span class='ocrx_word' id='word_1_428' title='bbox 2499 2959 2598 3033; x_wconf 73' lang='grc' dir='ltr'>μὲν</span> <span class='ocrx_word' id='word_1_429' title='bbox 2656 2957 2876 3028; x_wconf 80' lang='grc' dir='ltr'>κτίζειν,</span> <span class='ocrx_word' id='word_1_430' title='bbox 2935 2955 3097 3016; x_wconf 66' lang='grc' dir='ltr'>ἄλλου</span> <span class='ocrx_word' id='word_1_431' title='bbox 3128 2957 3184 3012; x_wconf 73' lang='grc' dir='ltr'>δὲ</span> <span class='ocrx_word' id='word_1_432' title='bbox 3236 2954 3611 3034; x_wconf 72' lang='grc' dir='ltr'>διαφθαρεῖσαν</span> <span class='ocrx_word' id='word_1_433' title='bbox 3656 2957 3932 3014; x_wconf 75' lang='grc' dir='ltr'>ἀνακαινί-</span> 
     </span>
    </p>
   </div>
   <div class='ocr_carea' id='block_1_65' title="bbox 2289 3046 3929 3127">
    <p class='ocr_par' dir='ltr' id='par_1_65' title="bbox 2289 3046 3929 3127">
     <span class='ocr_line' id='line_1_65' title="bbox 2289 3046 3929 3127; baseline -0.002 -23"><span class='ocrx_word' id='word_1_434' title='bbox 2289 3056 2421 3123; x_wconf 86' lang='grc' dir='ltr'>ζειν,</span> <span class='ocrx_word' id='word_1_435' title='bbox 2472 3047 2607 3104; x_wconf 68' lang='grc' dir='ltr'>ἀλλὰ</span> <span class='ocrx_word' id='word_1_436' title='bbox 2663 3046 2758 3113; x_wconf 76' lang='grc' dir='ltr'>τῆς</span> <span class='ocrx_word' id='word_1_437' title='bbox 2817 3047 2975 3114; x_wconf 65' lang='grc' dir='ltr'>αὐτῆς</span> <span class='ocrx_word' id='word_1_438' title='bbox 3038 3046 3287 3122; x_wconf 76' lang='grc' dir='ltr'>ἑκάτερον</span> <span class='ocrx_word' id='word_1_439' title='bbox 3348 3046 3534 3124; x_wconf 81' lang='grc' dir='ltr'>σοφίας</span> <span class='ocrx_word' id='word_1_440' title='bbox 3578 3047 3669 3103; x_wconf 82' lang='grc' dir='ltr'>καὶ</span> <span class='ocrx_word' id='word_1_441' title='bbox 3700 3047 3929 3127; x_wconf 79' lang='grc' dir='ltr'>τέχνης,</span> 
     </span>
    </p>
   </div>
   <div class='ocr_carea' id='block_1_66' title="bbox 2220 3133 3924 3207">
    <p class='ocr_par' dir='ltr' id='par_1_66' title="bbox 2220 3133 3924 3207">
     <span class='ocr_line' id='line_1_66' title="bbox 2220 3133 3924 3207; baseline -0.001 -13"><span class='ocrx_word' id='word_1_442' title='bbox 2220 3138 2640 3207; x_wconf 76' lang='grc' dir='ltr'>ΟἈνακ-ιινίζει</span> <span class='ocrx_word' id='word_1_443' title='bbox 2697 3136 2797 3203; x_wconf 78' lang='grc' dir='ltr'>την</span> <span class='ocrx_word' id='word_1_444' title='bbox 2853 3136 3024 3192; x_wconf 89' lang='grc' dir='ltr'>κτίσιν</span> <span class='ocrx_word' id='word_1_445' title='bbox 3082 3136 3219 3190; x_wconf 81' lang='grc' dir='ltr'>κατά</span> <span class='ocrx_word' id='word_1_446' title='bbox 3276 3133 3376 3198; x_wconf 71' lang='grc' dir='ltr'>τὴν</span> <span class='ocrx_word' id='word_1_447' title='bbox 3449 3135 3670 3207; x_wconf 69' lang='grc' dir='ltr'>πρώτην</span> <span class='ocrx_word' id='word_1_448' title='bbox 3736 3135 3924 3202; x_wconf 70' lang='grc' dir='ltr'>ἐπιδη-</span> 
     </span>
    </p>
   </div>
   <div class='ocr_carea' id='block_1_67' title="bbox 558 3222 3926 3310">
    <p class='ocr_par' dir='ltr' id='par_1_67' title="bbox 558 3222 3926 3310">
     <span class='ocr_line' id='line_1_67' title="bbox 558 3222 3926 3310; baseline -0.001 -25"><span class='ocrx_word' id='word_1_449' title='bbox 558 3231 705 3310; x_wconf 83' lang='grc' dir='ltr'>μίαν,</span> <span class='ocrx_word' id='word_1_450' title='bbox 750 3228 845 3287; x_wconf 59' lang='grc' dir='ltr'>τίνα</span> <span class='ocrx_word' id='word_1_451' title='bbox 904 3227 1142 3304; x_wconf 81' lang='grc' dir='ltr'>μηδεμία</span> <span class='ocrx_word' id='word_1_452' title='bbox 1178 3248 1267 3284; x_wconf 91' lang='grc' dir='ltr'>σοι</span> <span class='ocrx_word' id='word_1_453' title='bbox 1309 3225 1466 3306; x_wconf 79' lang='grc' dir='ltr'>χώρα</span> <span class='ocrx_word' id='word_1_454' title='bbox 1520 3223 1850 3304; x_wconf 76' lang='grc' dir='ltr'>καταλειφθῇ</span> <span class='ocrx_word' id='word_1_455' title='bbox 1896 3225 2147 3292; x_wconf 74' lang='grc' dir='ltr'>ἀπιστίας</span> <span class='ocrx_word' id='word_1_456' title='bbox 2177 3230 2249 3290; x_wconf 85' lang='grc' dir='ltr'>ὡς</span> <span class='ocrx_word' id='word_1_457' title='bbox 2300 3228 2437 3283; x_wconf 68' lang='grc' dir='ltr'>κατὰ</span> <span class='ocrx_word' id='word_1_458' title='bbox 2490 3227 2586 3294; x_wconf 77' lang='grc' dir='ltr'>τὴν</span> <span class='ocrx_word' id='word_1_459' title='bbox 2640 3224 2880 3303; x_wconf 70' lang='grc' dir='ltr'>δευτέραδ</span> <span class='ocrx_word' id='word_1_460' title='bbox 2933 3223 3223 3301; x_wconf 84' lang='grc' dir='ltr'>παρουσίαν</span> <span class='ocrx_word' id='word_1_461' title='bbox 3268 3225 3329 3280; x_wconf 72' lang='grc' dir='ltr'>οὔ</span> <span class='ocrx_word' id='word_1_462' title='bbox 3380 3222 3806 3299; x_wconf 73' lang='grc' dir='ltr'>καινισθήσεται,</span> <span class='ocrx_word' id='word_1_463' title='bbox 3837 3249 3926 3305; x_wconf 52' lang='grc' dir='ltr'>και</span> 
     </span>
    </p>
   </div>
   <div class='ocr_carea' id='block_1_68' title="bbox 557 3312 3938 3397">
    <p class='ocr_par' dir='ltr' id='par_1_68' title="bbox 557 3312 3938 3397">
     <span class='ocr_line' id='line_1_68' title="bbox 557 3312 3938 3397; baseline -0.001 -22"><span class='ocrx_word' id='word_1_464' title='bbox 557 3322 619 3375; x_wconf 81' lang='grc' dir='ltr'>σὺ</span> <span class='ocrx_word' id='word_1_465' title='bbox 674 3320 776 3387; x_wconf 82' lang='grc' dir='ltr'>πρὸ</span> <span class='ocrx_word' id='word_1_466' title='bbox 833 3320 999 3385; x_wconf 71' lang='grc' dir='ltr'>αὐτῆς</span> <span class='ocrx_word' id='word_1_467' title='bbox 1053 3319 1126 3381; x_wconf 83' lang='grc' dir='ltr'>εἷς</span> <span class='ocrx_word' id='word_1_468' title='bbox 1191 3315 1503 3394; x_wconf 70' lang='grc' dir='ltr'>ἀφθαρσίαν,</span> <span class='ocrx_word' id='word_1_469' title='bbox 1564 3316 1637 3379; x_wconf 85' lang='grc' dir='ltr'>είς</span> <span class='ocrx_word' id='word_1_470' title='bbox 1692 3314 1975 3394; x_wconf 83' lang='grc' dir='ltr'>ἀπάθειαν,</span> <span class='ocrx_word' id='word_1_471' title='bbox 2024 3317 2097 3380; x_wconf 87' lang='grc' dir='ltr'>εἰς</span> <span class='ocrx_word' id='word_1_472' title='bbox 2158 3316 2358 3397; x_wconf 79' lang='grc' dir='ltr'>ἄφατον</span> <span class='ocrx_word' id='word_1_473' title='bbox 2421 3314 2717 3385; x_wconf 76' lang='grc' dir='ltr'>καλλονήν,</span> <span class='ocrx_word' id='word_1_474' title='bbox 2793 3316 2851 3371; x_wconf 83' lang='lat' dir='ltr'><strong>Ei</strong></span> <span class='ocrx_word' id='word_1_475' title='bbox 2907 3312 3028 3391; x_wconf 75' lang='grc' dir='ltr'>γάρ,</span> <span class='ocrx_word' id='word_1_476' title='bbox 3096 3314 3186 3369; x_wconf 80' lang='grc' dir='ltr'>ὅτε</span> <span class='ocrx_word' id='word_1_477' title='bbox 3243 3313 3309 3380; x_wconf 86' lang='grc' dir='ltr'>ἧν</span> <span class='ocrx_word' id='word_1_478' title='bbox 3362 3312 3502 3369; x_wconf 62' lang='grc' dir='ltr'>ἑκὼν</span> <span class='ocrx_word' id='word_1_479' title='bbox 3569 3313 3624 3369; x_wconf 75' lang='grc' dir='ltr'>ἓν</span> <span class='ocrx_word' id='word_1_480' title='bbox 3682 3313 3938 3388; x_wconf 73' lang='grc' dir='ltr'>ἀσθενείᾳ</span> 
     </span>
    </p>
   </div>
   <div class='ocr_carea' id='block_1_69' title="bbox 556 3401 3943 3487">
    <p class='ocr_par' dir='ltr' id='par_1_69' title="bbox 556 3401 3943 3487">
     <span class='ocr_line' id='line_1_69' title="bbox 556 3401 3943 3487; baseline -0 -24"><span class='ocrx_word' id='word_1_481' title='bbox 556 3409 771 3487; x_wconf 73' lang='grc' dir='ltr'>σαρκὸς,</span> <span class='ocrx_word' id='word_1_482' title='bbox 805 3406 858 3464; x_wconf 74' lang='grc' dir='ltr'>ἐν</span> <span class='ocrx_word' id='word_1_483' title='bbox 915 3405 1150 3485; x_wconf 76' lang='grc' dir='ltr'>ἱδρῶσιν,</span> <span class='ocrx_word' id='word_1_484' title='bbox 1210 3405 1265 3460; x_wconf 71' lang='grc' dir='ltr'>ἂν</span> <span class='ocrx_word' id='word_1_485' title='bbox 1325 3405 1547 3461; x_wconf 81' lang='grc' dir='ltr'>πάθεσιν</span> <span class='ocrx_word' id='word_1_486' title='bbox 1589 3406 1618 3461; x_wconf 91' lang='lat'>6</span> <span class='ocrx_word' id='word_1_487' title='bbox 1662 3406 1911 3483; x_wconf 76' lang='grc' dir='ltr'>Χριστὸς,</span> <span class='ocrx_word' id='word_1_488' title='bbox 1969 3403 2053 3461; x_wconf 77' lang='grc' dir='ltr'>ὅτε</span> <span class='ocrx_word' id='word_1_489' title='bbox 2113 3405 2316 3471; x_wconf 71' lang='grc' dir='ltr'>πλάδος</span> <span class='ocrx_word' id='word_1_490' title='bbox 2390 3406 2479 3462; x_wconf 84' lang='grc' dir='ltr'>καὶ</span> <span class='ocrx_word' id='word_1_491' title='bbox 2522 3405 2861 3481; x_wconf 81' lang='grc' dir='ltr'>Σαμαρείτης</span> <span class='ocrx_word' id='word_1_492' title='bbox 2922 3406 3364 3482; x_wconf 70' lang='grc' dir='ltr'>ὶσυκοφαντεῖτο,</span> <span class='ocrx_word' id='word_1_493' title='bbox 3411 3401 3510 3469; x_wconf 77' lang='grc' dir='ltr'>τὴν</span> <span class='ocrx_word' id='word_1_494' title='bbox 3582 3405 3756 3460; x_wconf 86' lang='grc' dir='ltr'>κτίσιν</span> <span class='ocrx_word' id='word_1_495' title='bbox 3801 3405 3943 3462; x_wconf 69' lang='grc' dir='ltr'>ἐνά-</span> 
     </span>
    </p>
   </div>
   <div class='ocr_carea' id='block_1_70' title="bbox 555 3491 3944 3576">
    <p class='ocr_par' dir='ltr' id='par_1_70' title="bbox 555 3491 3944 3576">
     <span class='ocr_line' id='line_1_70' title="bbox 555 3491 3944 3576; baseline -0.001 -20"><span class='ocrx_word' id='word_1_496' title='bbox 555 3502 678 3576; x_wconf 77' lang='grc' dir='ltr'>θαρε</span> <span class='ocrx_word' id='word_1_497' title='bbox 722 3497 831 3555; x_wconf 78' lang='grc' dir='ltr'>τῶν</span> <span class='ocrx_word' id='word_1_498' title='bbox 877 3498 1169 3567; x_wconf 80' lang='grc' dir='ltr'>τοσούτων,</span> <span class='ocrx_word' id='word_1_499' title='bbox 1203 3496 1293 3552; x_wconf 83' lang='grc' dir='ltr'>καὶ</span> <span class='ocrx_word' id='word_1_500' title='bbox 1343 3492 1674 3561; x_wconf 81' lang='grc' dir='ltr'>τηλικούτων</span> <span class='ocrx_word' id='word_1_501' title='bbox 1737 3496 1826 3550; x_wconf 83' lang='grc' dir='ltr'>καί</span> <span class='ocrx_word' id='word_1_502' title='bbox 1883 3494 2409 3575; x_wconf 76' lang='grc' dir='ltr'>πολυχρονιωτάτων</span> <span class='ocrx_word' id='word_1_503' title='bbox 2454 3497 2634 3551; x_wconf 83' lang='grc' dir='ltr'>παθῶν</span> <span class='ocrx_word' id='word_1_504' title='bbox 2695 3494 2791 3550; x_wconf 77' lang='grc' dir='ltr'>καί</span> <span class='ocrx_word' id='word_1_505' title='bbox 2846 3493 3189 3567; x_wconf 75' lang='grc' dir='ltr'>μιασμάτων,</span> <span class='ocrx_word' id='word_1_506' title='bbox 3232 3491 3358 3547; x_wconf 83' lang='grc' dir='ltr'>ὅταν</span> <span class='ocrx_word' id='word_1_507' title='bbox 3413 3492 3490 3556; x_wconf 84' lang='grc' dir='ltr'>ὡς</span> <span class='ocrx_word' id='word_1_508' title='bbox 3545 3493 3732 3571; x_wconf 70' lang='grc' dir='ltr'>κριτὴς</span> <span class='ocrx_word' id='word_1_509' title='bbox 3792 3494 3944 3566; x_wconf 76' lang='grc' dir='ltr'>ζών-</span> 
     </span>
    </p>
   </div>
   <div class='ocr_carea' id='block_1_71' title="bbox 553 3580 3944 3665">
    <p class='ocr_par' dir='ltr' id='par_1_71' title="bbox 553 3580 3944 3665">
     <span class='ocr_line' id='line_1_71' title="bbox 553 3580 3944 3665; baseline -0.001 -20"><span class='ocrx_word' id='word_1_510' title='bbox 553 3611 659 3645; x_wconf 86' lang='grc' dir='ltr'>των</span> <span class='ocrx_word' id='word_1_511' title='bbox 726 3586 1099 3665; x_wconf 76' lang='grc' dir='ltr'>παραγένηταί</span> <span class='ocrx_word' id='word_1_512' title='bbox 1159 3585 1247 3641; x_wconf 82' lang='grc' dir='ltr'>καὶ</span> <span class='ocrx_word' id='word_1_513' title='bbox 1305 3590 1527 3657; x_wconf 80' lang='grc' dir='ltr'>νεκρῶν,</span> <span class='ocrx_word' id='word_1_514' title='bbox 1586 3581 1715 3639; x_wconf 78' lang='grc' dir='ltr'>ὅταν</span> <span class='ocrx_word' id='word_1_515' title='bbox 1786 3583 2032 3660; x_wconf 73' lang='grc' dir='ltr'>μσριάσιν</span> <span class='ocrx_word' id='word_1_516' title='bbox 2091 3584 2338 3663; x_wconf 70' lang='grc' dir='ltr'>ἀγγέλων</span> <span class='ocrx_word' id='word_1_517' title='bbox 2397 3581 2847 3662; x_wconf 69' lang='grc' dir='ltr'>δορυφορούμενος</span> <span class='ocrx_word' id='word_1_518' title='bbox 2908 3582 3199 3661; x_wconf 79' lang='grc' dir='ltr'>τάγμασιν,</span> <span class='ocrx_word' id='word_1_519' title='bbox 3261 3581 3387 3638; x_wconf 80' lang='grc' dir='ltr'>ὅταν</span> <span class='ocrx_word' id='word_1_520' title='bbox 3445 3581 3659 3639; x_wconf 80' lang='grc' dir='ltr'>πάντων</span> <span class='ocrx_word' id='word_1_521' title='bbox 3723 3580 3944 3642; x_wconf 80' lang='grc' dir='ltr'>δεσπό-</span> 
     </span>
    </p>
   </div>
   <div class='ocr_carea' id='block_1_72' title="bbox 552 3668 3949 3754">
    <p class='ocr_par' dir='ltr' id='par_1_72' title="bbox 552 3668 3949 3754">
     <span class='ocr_line' id='line_1_72' title="bbox 552 3668 3949 3754; baseline -0.002 -20"><span class='ocrx_word' id='word_1_522' title='bbox 552 3685 656 3749; x_wconf 87' lang='grc' dir='ltr'>ζων</span> <span class='ocrx_word' id='word_1_523' title='bbox 706 3679 794 3735; x_wconf 80' lang='grc' dir='ltr'>καὶ</span> <span class='ocrx_word' id='word_1_524' title='bbox 868 3675 1075 3754; x_wconf 79' lang='grc' dir='ltr'>Κύριος,</span> <span class='ocrx_word' id='word_1_525' title='bbox 1139 3671 1266 3730; x_wconf 79' lang='grc' dir='ltr'>ὅταν</span> <span class='ocrx_word' id='word_1_526' title='bbox 1324 3673 1498 3729; x_wconf 81' lang='grc' dir='ltr'>πάντα</span> <span class='ocrx_word' id='word_1_527' title='bbox 1552 3671 1746 3751; x_wconf 69' lang='grc' dir='ltr'>φρίσστ,</span> <span class='ocrx_word' id='word_1_528' title='bbox 1807 3675 1891 3729; x_wconf 76' lang='grc' dir='ltr'>καὶ</span> <span class='ocrx_word' id='word_1_529' title='bbox 1951 3672 2146 3751; x_wconf 83' lang='grc' dir='ltr'>τρὲμῃ,</span> <span class='ocrx_word' id='word_1_530' title='bbox 2206 3681 2321 3736; x_wconf 84' lang='grc' dir='ltr'>πῶς</span> <span class='ocrx_word' id='word_1_531' title='bbox 2375 3675 2405 3741; x_wconf 65' lang='grc' dir='ltr'>ἦ</span> <span class='ocrx_word' id='word_1_532' title='bbox 2469 3673 2532 3728; x_wconf 68' lang='grc' dir='ltr'>ἐκ</span> <span class='ocrx_word' id='word_1_533' title='bbox 2587 3675 2783 3751; x_wconf 82' lang='grc' dir='ltr'>φθορᾶς</span> <span class='ocrx_word' id='word_1_534' title='bbox 2843 3673 2917 3738; x_wconf 79' lang='grc' dir='ltr'>εἰς</span> <span class='ocrx_word' id='word_1_535' title='bbox 2976 3671 3263 3750; x_wconf 78' lang='grc' dir='ltr'>ἀφθαρσίαν</span> <span class='ocrx_word' id='word_1_536' title='bbox 3318 3668 3593 3746; x_wconf 75' lang='grc' dir='ltr'>μεταϐολὴ</span> <span class='ocrx_word' id='word_1_537' title='bbox 3648 3673 3709 3729; x_wconf 73' lang='grc' dir='ltr'>οὗ</span> <span class='ocrx_word' id='word_1_538' title='bbox 3767 3674 3834 3730; x_wconf 73' lang='grc' dir='ltr'>τὸ</span> <span class='ocrx_word' id='word_1_539' title='bbox 3879 3676 3949 3727; x_wconf 83' lang='grc'>87</span> 
     </span>
    </p>
   </div>
   <div class='ocr_carea' id='block_1_73' title="bbox 551 3760 2401 3846">
    <p class='ocr_par' dir='ltr' id='par_1_73' title="bbox 551 3760 2401 3846">
     <span class='ocr_line' id='line_1_73' title="bbox 551 3760 2401 3846; baseline -0.003 -23"><span class='ocrx_word' id='word_1_540' title='bbox 551 3768 740 3845; x_wconf 79' lang='grc' dir='ltr'>ῥᾷστον</span> <span class='ocrx_word' id='word_1_541' title='bbox 771 3766 971 3846; x_wconf 77' lang='grc' dir='ltr'>ἔχουσα</span> <span class='ocrx_word' id='word_1_542' title='bbox 999 3764 1064 3814; x_wconf 80' lang='grc'>88</span> <span class='ocrx_word' id='word_1_543' title='bbox 1091 3766 1376 3837; x_wconf 80' lang='grc' dir='ltr'>καθορᾶται</span> <span class='ocrx_word' id='word_1_544' title='bbox 1418 3763 1506 3817; x_wconf 86' lang='grc' dir='ltr'>καὶ</span> <span class='ocrx_word' id='word_1_545' title='bbox 1536 3764 1598 3817; x_wconf 82' lang='grc' dir='ltr'>τὸ</span> <span class='ocrx_word' id='word_1_546' title='bbox 1630 3760 1917 3818; x_wconf 76' lang='grc' dir='ltr'>ἀκόλουθον</span> <span class='ocrx_word' id='word_1_547' title='bbox 1949 3765 2035 3818; x_wconf 84' lang='grc' dir='ltr'>καὶ</span> <span class='ocrx_word' id='word_1_548' title='bbox 2064 3761 2354 3839; x_wconf 75' lang='grc' dir='ltr'>θεοπρεπὲς</span> <span class='ocrx_word' id='word_1_549' title='bbox 2384 3784 2401 3833; x_wconf 78' lang='grc' dir='ltr'>ς</span> 
     </span>
    </p>
   </div>
   <div class='ocr_carea' id='block_1_74' title="bbox 627 3848 2195 3931">
    <p class='ocr_par' dir='ltr' id='par_1_74' title="bbox 627 3848 2195 3931">
     <span class='ocr_line' id='line_1_74' title="bbox 627 3848 2195 3931; baseline -0.003 -14"><span class='ocrx_word' id='word_1_550' title='bbox 627 3853 808 3917; x_wconf 87' lang='lat' dir='ltr'><strong>Venit</strong></span> <span class='ocrx_word' id='word_1_551' title='bbox 860 3853 1133 3915; x_wconf 87' lang='lat' dir='ltr'><strong>Salvator</strong></span> <span class='ocrx_word' id='word_1_552' title='bbox 1196 3848 1659 3931; x_wconf 65' lang='lat' dir='ltr'><strong>praedicentibus</strong></span> <span class='ocrx_word' id='word_1_553' title='bbox 1719 3850 2057 3929; x_wconf 87' lang='lat' dir='ltr'><strong>prophetis,</strong></span> <span class='ocrx_word' id='word_1_554' title='bbox 2117 3867 2195 3913; x_wconf 82' lang='lat' dir='ltr'>ne</span> 
     </span>
    </p>
   </div>
   <div class='ocr_carea' id='block_1_75' title="bbox 550 3937 2193 4025">
    <p class='ocr_par' dir='ltr' id='par_1_75' title="bbox 550 3937 2193 4025">
     <span class='ocr_line' id='line_1_75' title="bbox 550 3937 2193 4025; baseline -0.002 -20"><span class='ocrx_word' id='word_1_555' title='bbox 550 3942 687 4025; x_wconf 90' lang='lat' dir='ltr'><strong>quis</strong></span> <span class='ocrx_word' id='word_1_556' title='bbox 718 3951 905 4024; x_wconf 90' lang='lat' dir='ltr'><strong>putet,</strong></span> <span class='ocrx_word' id='word_1_557' title='bbox 939 3960 1056 4022; x_wconf 89' lang='lat' dir='ltr'>quo</span> <span class='ocrx_word' id='word_1_558' title='bbox 1094 3940 1270 4001; x_wconf 89' lang='lat' dir='ltr'><strong>modo</strong></span> <span class='ocrx_word' id='word_1_559' title='bbox 1319 3957 1354 4000; x_wconf 91' lang='lat' dir='ltr'>a</span> <span class='ocrx_word' id='word_1_560' title='bbox 1407 3937 1604 4019; x_wconf 86' lang='lat' dir='ltr'><strong>p-imo</strong></span> <span class='ocrx_word' id='word_1_561' title='bbox 1658 3937 1967 4018; x_wconf 88' lang='lat' dir='ltr'><strong>proposito</strong></span> <span class='ocrx_word' id='word_1_562' title='bbox 1999 3947 2060 4001; x_wconf 91' lang='lat' dir='ltr'>et</span> <span class='ocrx_word' id='word_1_563' title='bbox 2088 3957 2193 4002; x_wconf 90' lang='lat' dir='ltr'><strong>au-</strong></span> 
     </span>
    </p>
   </div>
   <div class='ocr_carea' id='block_1_76' title="bbox 549 4026 2193 4106">
    <p class='ocr_par' dir='ltr' id='par_1_76' title="bbox 549 4026 2193 4106">
     <span class='ocr_line' id='line_1_76' title="bbox 549 4026 2193 4106; baseline -0.004 -11"><span class='ocrx_word' id='word_1_564' title='bbox 549 4033 699 4096; x_wconf 82' lang='lat' dir='ltr'><strong>xilio</strong></span> <span class='ocrx_word' id='word_1_565' title='bbox 730 4033 1043 4103; x_wconf 85' lang='lat' dir='ltr'><strong>aberrans,</strong></span> <span class='ocrx_word' id='word_1_566' title='bbox 1073 4027 1236 4088; x_wconf 89' lang='lat' dir='ltr'><strong>aliud</strong></span> <span class='ocrx_word' id='word_1_567' title='bbox 1267 4027 1614 4106; x_wconf 88' lang='lat' dir='ltr'><strong>arripuerit,</strong></span> <span class='ocrx_word' id='word_1_568' title='bbox 1650 4026 1864 4088; x_wconf 89' lang='lat' dir='ltr'><strong>eodem</strong></span> <span class='ocrx_word' id='word_1_569' title='bbox 1895 4028 2193 4105; x_wconf 77' lang='lat' dir='ltr'><strong>agendum</strong></span> 
     </span>
    </p>
   </div>
   <div class='ocr_carea' id='block_1_77' title="bbox 551 4113 2197 4195">
    <p class='ocr_par' dir='ltr' id='par_1_77' title="bbox 551 4113 2197 4195">
     <span class='ocr_line' id='line_1_77' title="bbox 551 4113 2197 4195; baseline -0.002 -12"><span class='ocrx_word' id='word_1_570' title='bbox 551 4138 685 4182; x_wconf 90' lang='lat' dir='ltr'><strong>esse</strong></span> <span class='ocrx_word' id='word_1_571' title='bbox 712 4122 859 4182; x_wconf 87' lang='lat' dir='ltr'><strong>Deo.</strong></span> <span class='ocrx_word' id='word_1_572' title='bbox 893 4116 980 4179; x_wconf 88' lang='lat' dir='ltr'><strong>Ne</strong></span> <span class='ocrx_word' id='word_1_573' title='bbox 1013 4116 1192 4195; x_wconf 80' lang='lat' dir='ltr'><strong>igitur</strong></span> <span class='ocrx_word' id='word_1_574' title='bbox 1219 4115 1355 4194; x_wconf 83' lang='lat' dir='ltr'><strong>quis</strong></span> <span class='ocrx_word' id='word_1_575' title='bbox 1384 4115 1499 4177; x_wconf 88' lang='lat' dir='ltr'>hoc</span> <span class='ocrx_word' id='word_1_576' title='bbox 1524 4121 1709 4195; x_wconf 88' lang='lat' dir='ltr'><strong>putet,</strong></span> <span class='ocrx_word' id='word_1_577' title='bbox 1745 4113 1920 4193; x_wconf 86' lang='lat' dir='ltr'><strong>longo</strong></span> <span class='ocrx_word' id='word_1_578' title='bbox 1951 4117 2026 4177; x_wconf 90' lang='lat' dir='ltr'>ab</span> <span class='ocrx_word' id='word_1_579' title='bbox 2057 4116 2197 4179; x_wconf 90' lang='lat' dir='ltr'><strong>hinc</strong></span> 
     </span>
    </p>
   </div>
   <div class='ocr_carea' id='block_1_78' title="bbox 550 4202 2187 4286">
    <p class='ocr_par' dir='ltr' id='par_1_78' title="bbox 550 4202 2187 4286">
     <span class='ocr_line' id='line_1_78' title="bbox 550 4202 2187 4286; baseline -0.001 -18"><span class='ocrx_word' id='word_1_580' title='bbox 550 4218 819 4286; x_wconf 87' lang='lat' dir='ltr'><strong>tempore</strong></span> <span class='ocrx_word' id='word_1_581' title='bbox 866 4205 1173 4286; x_wconf 83' lang='lat' dir='ltr'><strong>prophetae</strong></span> <span class='ocrx_word' id='word_1_582' title='bbox 1218 4204 1381 4265; x_wconf 84' lang='lat' dir='ltr'><strong>illius</strong></span> <span class='ocrx_word' id='word_1_583' title='bbox 1410 4202 1727 4265; x_wconf 87' lang='lat' dir='ltr'><strong>adventum</strong></span> <span class='ocrx_word' id='word_1_584' title='bbox 1762 4203 2187 4283; x_wconf 66' lang='lat' dir='ltr'><strong>praedixerunt,</strong></span> 
     </span>
    </p>
   </div>
   <div class='ocr_carea' id='block_1_79' title="bbox 547 4292 2191 4358">
    <p class='ocr_par' dir='ltr' id='par_1_79' title="bbox 547 4292 2191 4358">
     <span class='ocr_line' id='line_1_79' title="bbox 547 4292 2191 4358; baseline -0.001 0"><span class='ocrx_word' id='word_1_585' title='bbox 547 4308 614 4358; x_wconf 92' lang='lat' dir='ltr'>ut</span> <span class='ocrx_word' id='word_1_586' title='bbox 668 4294 1057 4356; x_wconf 87' lang='lat' dir='ltr'><strong>ostenderent</strong></span> <span class='ocrx_word' id='word_1_587' title='bbox 1107 4292 1298 4356; x_wconf 89' lang='lat' dir='ltr'><strong>Deum</strong></span> <span class='ocrx_word' id='word_1_588' title='bbox 1359 4311 1476 4354; x_wconf 91' lang='lat' dir='ltr'>non</span> <span class='ocrx_word' id='word_1_589' title='bbox 1538 4292 1881 4354; x_wconf 82' lang='lat' dir='ltr'><strong>meditando</strong></span> <span class='ocrx_word' id='word_1_590' title='bbox 1915 4295 2191 4358; x_wconf 89' lang='lat' dir='ltr'><strong>invenire</strong></span> 
     </span>
    </p>
   </div>
   <div class='ocr_carea' id='block_1_80' title="bbox 546 4381 2186 4464">
    <p class='ocr_par' dir='ltr' id='par_1_80' title="bbox 546 4381 2186 4464">
     <span class='ocr_line' id='line_1_80' title="bbox 546 4381 2186 4464; baseline 0.001 -18"><span class='ocrx_word' id='word_1_591' title='bbox 546 4383 957 4457; x_wconf 79' lang='lat' dir='ltr'><strong>commodum,</strong></span> <span class='ocrx_word' id='word_1_592' title='bbox 1016 4383 1121 4444; x_wconf 85' lang='lat' dir='ltr'>sed</span> <span class='ocrx_word' id='word_1_593' title='bbox 1172 4400 1206 4443; x_wconf 90' lang='lat' dir='ltr'>a</span> <span class='ocrx_word' id='word_1_594' title='bbox 1257 4381 1557 4462; x_wconf 86' lang='lat' dir='ltr'><strong>principio</strong></span> <span class='ocrx_word' id='word_1_595' title='bbox 1585 4382 1787 4444; x_wconf 90' lang='lat' dir='ltr'><strong>omnia</strong></span> <span class='ocrx_word' id='word_1_596' title='bbox 1819 4383 2186 4464; x_wconf 78' lang='lat' dir='ltr'><strong>praevidisse.</strong></span> 
     </span>
    </p>
   </div>
   <div class='ocr_carea' id='block_1_81' title="bbox 544 4470 2187 4552">
    <p class='ocr_par' dir='ltr' id='par_1_81' title="bbox 544 4470 2187 4552">
     <span class='ocr_line' id='line_1_81' title="bbox 544 4470 2187 4552; baseline 0.001 -18"><span class='ocrx_word' id='word_1_597' title='bbox 544 4470 691 4534; x_wconf 88' lang='lat' dir='ltr'><strong>Nam</strong></span> <span class='ocrx_word' id='word_1_598' title='bbox 747 4490 856 4533; x_wconf 92' lang='lat' dir='ltr'>nos</span> <span class='ocrx_word' id='word_1_599' title='bbox 913 4471 1153 4552; x_wconf 89' lang='lat' dir='ltr'><strong>quidem</strong></span> <span class='ocrx_word' id='word_1_600' title='bbox 1234 4470 1508 4532; x_wconf 88' lang='lat' dir='ltr'><strong>homines</strong></span> <span class='ocrx_word' id='word_1_601' title='bbox 1569 4471 1953 4548; x_wconf 87' lang='lat' dir='ltr'><strong>meditamur,</strong></span> <span class='ocrx_word' id='word_1_602' title='bbox 2015 4492 2083 4535; x_wconf 89' lang='lat' dir='ltr'>ac</span> <span class='ocrx_word' id='word_1_603' title='bbox 2138 4474 2187 4536; x_wconf 91' lang='lat' dir='ltr'>si</span> 
     </span>
    </p>
   </div>
   <div class='ocr_carea' id='block_1_82' title="bbox 545 4560 2187 4642">
    <p class='ocr_par' dir='ltr' id='par_1_82' title="bbox 545 4560 2187 4642">
     <span class='ocr_line' id='line_1_82' title="bbox 545 4560 2187 4642; baseline -0.001 -19"><span class='ocrx_word' id='word_1_604' title='bbox 545 4561 730 4642; x_wconf 87' lang='lat' dir='ltr'><strong>priori</strong></span> <span class='ocrx_word' id='word_1_605' title='bbox 760 4570 979 4625; x_wconf 86' lang='lat' dir='ltr'><strong>conatu</strong></span> <span class='ocrx_word' id='word_1_606' title='bbox 1037 4560 1417 4636; x_wconf 79' lang='lat' dir='ltr'><strong>frustremur,</strong></span> <span class='ocrx_word' id='word_1_607' title='bbox 1452 4560 1527 4622; x_wconf 93' lang='lat' dir='ltr'>ad</span> <span class='ocrx_word' id='word_1_608' title='bbox 1582 4560 1765 4622; x_wconf 83' lang='lat' dir='ltr'><strong>alium</strong></span> <span class='ocrx_word' id='word_1_609' title='bbox 1817 4561 2187 4625; x_wconf 85' lang='lat' dir='ltr'><strong>accedimus.</strong></span> 
     </span>
    </p>
   </div>
   <div class='ocr_carea' id='block_1_83' title="bbox 545 4649 2186 4733">
    <p class='ocr_par' dir='ltr' id='par_1_83' title="bbox 545 4649 2186 4733">
     <span class='ocr_line' id='line_1_83' title="bbox 545 4649 2186 4733; baseline 0.001 -20"><span class='ocrx_word' id='word_1_610' title='bbox 545 4657 704 4716; x_wconf 90' lang='lat' dir='ltr'><strong>Deus</strong></span> <span class='ocrx_word' id='word_1_611' title='bbox 730 4669 871 4715; x_wconf 87' lang='lat' dir='ltr'><strong>vero</strong></span> <span class='ocrx_word' id='word_1_612' title='bbox 926 4669 1045 4713; x_wconf 91' lang='lat' dir='ltr'>non</span> <span class='ocrx_word' id='word_1_613' title='bbox 1078 4651 1190 4721; x_wconf 90' lang='lat' dir='ltr'><strong>sic,</strong></span> <span class='ocrx_word' id='word_1_614' title='bbox 1244 4649 1351 4711; x_wconf 90' lang='lat' dir='ltr'>sed</span> <span class='ocrx_word' id='word_1_615' title='bbox 1385 4649 1550 4712; x_wconf 90' lang='lat' dir='ltr'><strong>dedit</strong></span> <span class='ocrx_word' id='word_1_616' title='bbox 1582 4649 1799 4730; x_wconf 74' lang='lat' dir='ltr'><strong>legem,</strong></span> <span class='ocrx_word' id='word_1_617' title='bbox 1838 4651 2186 4733; x_wconf 86' lang='lat' dir='ltr'><strong>prophetas,</strong></span> 
     </span>
    </p>
   </div>
   <div class='ocr_carea' id='block_1_84' title="bbox 541 4739 2190 4824">
    <p class='ocr_par' dir='ltr' id='par_1_84' title="bbox 541 4739 2190 4824">
     <span class='ocr_line' id='line_1_84' title="bbox 541 4739 2190 4824; baseline -0.001 -19"><span class='ocrx_word' id='word_1_618' title='bbox 541 4752 601 4805; x_wconf 94' lang='lat' dir='ltr'>et</span> <span class='ocrx_word' id='word_1_619' title='bbox 634 4752 765 4824; x_wconf 88' lang='lat' dir='ltr'><strong>post</strong></span> <span class='ocrx_word' id='word_1_620' title='bbox 796 4741 898 4804; x_wconf 89' lang='lat' dir='ltr'><strong>illa</strong></span> <span class='ocrx_word' id='word_1_621' title='bbox 926 4739 1337 4819; x_wconf 77' lang='lat' dir='ltr'><strong>Evangelium,</strong></span> <span class='ocrx_word' id='word_1_622' title='bbox 1395 4757 1514 4800; x_wconf 92' lang='lat' dir='ltr'>non</span> <span class='ocrx_word' id='word_1_623' title='bbox 1565 4746 1861 4820; x_wconf 88' lang='lat' dir='ltr'><strong>tempore,</strong></span> <span class='ocrx_word' id='word_1_624' title='bbox 1916 4760 2037 4824; x_wconf 90' lang='lat' dir='ltr'>quo</span> <span class='ocrx_word' id='word_1_625' title='bbox 2086 4760 2190 4804; x_wconf 91' lang='lat' dir='ltr'><strong>es-</strong></span> 
     </span>
    </p>
   </div>
   <div class='ocr_carea' id='block_1_85' title="bbox 2360 3849 3948 3930">
    <p class='ocr_par' dir='ltr' id='par_1_85' title="bbox 2360 3849 3948 3930">
     <span class='ocr_line' id='line_1_85' title="bbox 2360 3849 3948 3930; baseline 0.003 -22"><span class='ocrx_word' id='word_1_626' title='bbox 2360 3850 2482 3909; x_wconf 85' lang='grc' dir='ltr'>”Οτι</span> <span class='ocrx_word' id='word_1_627' title='bbox 2527 3849 2878 3930; x_wconf 83' lang='grc' dir='ltr'>παραγίνεται</span> <span class='ocrx_word' id='word_1_628' title='bbox 2941 3852 2969 3907; x_wconf 87' lang='lat'>6</span> <span class='ocrx_word' id='word_1_629' title='bbox 3015 3850 3217 3926; x_wconf 81' lang='grc' dir='ltr'>Σωτὴρ</span> <span class='ocrx_word' id='word_1_630' title='bbox 3276 3850 3766 3930; x_wconf 85' lang='grc' dir='ltr'>προκηρυττόντων</span> <span class='ocrx_word' id='word_1_631' title='bbox 3825 3858 3948 3911; x_wconf 81' lang='grc' dir='ltr'>τῶν</span> 
     </span>
    </p>
   </div>
   <div class='ocr_carea' id='block_1_86' title="bbox 2278 3931 3946 4021">
    <p class='ocr_par' dir='ltr' id='par_1_86' title="bbox 2278 3931 3946 4021">
     <span class='ocr_line' id='line_1_86' title="bbox 2278 3931 3946 4021; baseline 0.004 -26"><span class='ocrx_word' id='word_1_632' title='bbox 2278 3946 2589 4021; x_wconf 77' lang='grc' dir='ltr'>προφητῶν,</span> <span class='ocrx_word' id='word_1_633' title='bbox 2649 3939 2743 3996; x_wconf 77' lang='grc' dir='ltr'>’ίνα</span> <span class='ocrx_word' id='word_1_634' title='bbox 2799 3941 2877 4014; x_wconf 67' lang='grc' dir='ltr'>μή</span> <span class='ocrx_word' id='word_1_635' title='bbox 2927 3961 3010 4001; x_wconf 87' lang='grc' dir='ltr'>τις</span> <span class='ocrx_word' id='word_1_636' title='bbox 3069 3940 3263 4015; x_wconf 89' lang='grc' dir='ltr'>νομίσῃ</span> <span class='ocrx_word' id='word_1_637' title='bbox 3304 3938 3385 3996; x_wconf 79' lang='grc' dir='ltr'>ὅτι</span> <span class='ocrx_word' id='word_1_638' title='bbox 3430 3931 3551 3997; x_wconf 74' lang='grc' dir='ltr'>καθι</span> <span class='ocrx_word' id='word_1_639' title='bbox 3608 3942 3668 3997; x_wconf 84' lang='grc' dir='ltr'>ὃν</span> <span class='ocrx_word' id='word_1_640' title='bbox 3725 3944 3946 4016; x_wconf 81' lang='grc' dir='ltr'>τρόπον</span> 
     </span>
    </p>
   </div>
   <div class='ocr_carea' id='block_1_87' title="bbox 2279 4027 3943 4110">
    <p class='ocr_par' dir='ltr' id='par_1_87' title="bbox 2279 4027 3943 4110">
     <span class='ocr_line' id='line_1_87' title="bbox 2279 4027 3943 4110; baseline -0.002 -26"><span class='ocrx_word' id='word_1_641' title='bbox 2279 4027 2551 4107; x_wconf 84' lang='grc' dir='ltr'>ἅνθρωπος</span> <span class='ocrx_word' id='word_1_642' title='bbox 2584 4029 2681 4097; x_wconf 66' lang='grc' dir='ltr'>τῆς</span> <span class='ocrx_word' id='word_1_643' title='bbox 2710 4027 2967 4106; x_wconf 79' lang='grc' dir='ltr'>προτέρας</span> <span class='ocrx_word' id='word_1_644' title='bbox 3020 4027 3327 4106; x_wconf 85' lang='grc' dir='ltr'>διαμαρτὼν</span> <span class='ocrx_word' id='word_1_645' title='bbox 3355 4027 3612 4097; x_wconf 68' lang='grc' dir='ltr'>ὶπιόολῆς</span> <span class='ocrx_word' id='word_1_646' title='bbox 3642 4035 3747 4088; x_wconf 68' lang='grc' dir='ltr'>καὶ</span> <span class='ocrx_word' id='word_1_647' title='bbox 3783 4034 3943 4110; x_wconf 81' lang='grc' dir='ltr'>βοη-</span> 
     </span>
    </p>
   </div>
   <div class='ocr_carea' id='block_1_88' title="bbox 2276 4117 3945 4197">
    <p class='ocr_par' dir='ltr' id='par_1_88' title="bbox 2276 4117 3945 4197">
     <span class='ocr_line' id='line_1_88' title="bbox 2276 4117 3945 4197; baseline 0.004 -22"><span class='ocrx_word' id='word_1_648' title='bbox 2276 4119 2419 4183; x_wconf 86' lang='grc' dir='ltr'>θείας</span> <span class='ocrx_word' id='word_1_649' title='bbox 2475 4120 2560 4175; x_wconf 64' lang='lat' dir='ltr'>ini</span> <span class='ocrx_word' id='word_1_650' title='bbox 2619 4118 2864 4194; x_wconf 80' lang='grc' dir='ltr'>δευτέραν</span> <span class='ocrx_word' id='word_1_651' title='bbox 2902 4117 3148 4197; x_wconf 74' lang='grc' dir='ltr'>ἔρχεται,</span> <span class='ocrx_word' id='word_1_652' title='bbox 3205 4118 3344 4175; x_wconf 78' lang='grc' dir='ltr'>οὕτω</span> <span class='ocrx_word' id='word_1_653' title='bbox 3399 4118 3495 4175; x_wconf 75' lang='grc' dir='ltr'>καί</span> <span class='ocrx_word' id='word_1_654' title='bbox 3545 4121 3574 4175; x_wconf 89' lang='lat'>6</span> <span class='ocrx_word' id='word_1_655' title='bbox 3611 4120 3774 4185; x_wconf 80' lang='grc' dir='ltr'>Θεός.</span> <span class='ocrx_word' id='word_1_656' title='bbox 3812 4122 3945 4182; x_wconf 56' lang='grc' dir='ltr'>*ινα</span> 
     </span>
    </p>
   </div>
   <div class='ocr_carea' id='block_1_89' title="bbox 2276 4208 3948 4289">
    <p class='ocr_par' dir='ltr' id='par_1_89' title="bbox 2276 4208 3948 4289">
     <span class='ocr_line' id='line_1_89' title="bbox 2276 4208 3948 4289; baseline 0.001 -24"><span class='ocrx_word' id='word_1_657' title='bbox 2276 4210 2362 4265; x_wconf 77' lang='grc' dir='ltr'>οὖν</span> <span class='ocrx_word' id='word_1_658' title='bbox 2410 4208 2487 4281; x_wconf 78' lang='grc' dir='ltr'>μή</span> <span class='ocrx_word' id='word_1_659' title='bbox 2542 4229 2623 4267; x_wconf 86' lang='grc' dir='ltr'>τις</span> <span class='ocrx_word' id='word_1_660' title='bbox 2676 4208 2956 4282; x_wconf 76' lang='grc' dir='ltr'>ὑπονοήσῃ</span> <span class='ocrx_word' id='word_1_661' title='bbox 3021 4217 3199 4285; x_wconf 78' lang='grc' dir='ltr'>τοῦτο,</span> <span class='ocrx_word' id='word_1_662' title='bbox 3255 4208 3453 4265; x_wconf 76' lang='grc' dir='ltr'>ἄνωθεν</span> <span class='ocrx_word' id='word_1_663' title='bbox 3515 4209 3825 4289; x_wconf 72' lang='grc' dir='ltr'>προέλεγον</span> <span class='ocrx_word' id='word_1_664' title='bbox 3893 4218 3948 4272; x_wconf 68' lang='lat' dir='ltr'><strong>oi.</strong></span> 
     </span>
    </p>
   </div>
   <div class='ocr_carea' id='block_1_90' title="bbox 2274 4296 3949 4377">
    <p class='ocr_par' dir='ltr' id='par_1_90' title="bbox 2274 4296 3949 4377">
     <span class='ocr_line' id='line_1_90' title="bbox 2274 4296 3949 4377; baseline 0.002 -23"><span class='ocrx_word' id='word_1_665' title='bbox 2274 4298 2541 4377; x_wconf 72' lang='grc' dir='ltr'>προφῆται</span> <span class='ocrx_word' id='word_1_666' title='bbox 2597 4297 2695 4364; x_wconf 77' lang='grc' dir='ltr'>τὴν</span> <span class='ocrx_word' id='word_1_667' title='bbox 2774 4296 3066 4373; x_wconf 70' lang='grc' dir='ltr'>παρουσίαν</span> <span class='ocrx_word' id='word_1_668' title='bbox 3125 4297 3308 4373; x_wconf 65' lang='grc' dir='ltr'>αὑτοῦ,</span> <span class='ocrx_word' id='word_1_669' title='bbox 3371 4298 3464 4355; x_wconf 75' lang='grc' dir='ltr'>ἵνα</span> <span class='ocrx_word' id='word_1_670' title='bbox 3521 4296 3769 4365; x_wconf 75' lang='grc' dir='ltr'>δείξωσιν</span> <span class='ocrx_word' id='word_1_671' title='bbox 3854 4302 3949 4359; x_wconf 72' lang='grc' dir='ltr'>ὅτι</span> 
     </span>
    </p>
   </div>
   <div class='ocr_carea' id='block_1_91' title="bbox 2275 4386 3947 4468">
    <p class='ocr_par' dir='ltr' id='par_1_91' title="bbox 2275 4386 3947 4468">
     <span class='ocr_line' id='line_1_91' title="bbox 2275 4386 3947 4468; baseline 0.002 -25"><span class='ocrx_word' id='word_1_672' title='bbox 2275 4390 2403 4452; x_wconf 75' lang='grc' dir='ltr'>Θεὸς</span> <span class='ocrx_word' id='word_1_673' title='bbox 2449 4389 2509 4444; x_wconf 73' lang='grc' dir='ltr'>οὗ</span> <span class='ocrx_word' id='word_1_674' title='bbox 2538 4386 2900 4461; x_wconf 67' lang='grc' dir='ltr'>σκεπτόμενος</span> <span class='ocrx_word' id='word_1_675' title='bbox 2953 4386 3177 4468; x_wconf 72' lang='grc' dir='ltr'>εὑρίσκει</span> <span class='ocrx_word' id='word_1_676' title='bbox 3210 4388 3270 4442; x_wconf 80' lang='grc' dir='ltr'>τὸ</span> <span class='ocrx_word' id='word_1_677' title='bbox 3319 4387 3606 4468; x_wconf 64' lang='grc' dir='ltr'>σαμφὲρον,</span> <span class='ocrx_word' id='word_1_678' title='bbox 3640 4387 3772 4445; x_wconf 79' lang='grc' dir='ltr'>ἀλλ’</span> <span class='ocrx_word' id='word_1_679' title='bbox 3839 4392 3947 4448; x_wconf 79' lang='grc' dir='ltr'>ἀπ’</span> 
     </span>
    </p>
   </div>
   <div class='ocr_carea' id='block_1_92' title="bbox 2276 4466 3951 4556">
    <p class='ocr_par' dir='ltr' id='par_1_92' title="bbox 2276 4466 3951 4556">
     <span class='ocr_line' id='line_1_92' title="bbox 2276 4466 3951 4556; baseline 0.004 -24"><span class='ocrx_word' id='word_1_680' title='bbox 2276 4475 2454 4556; x_wconf 74' lang='grc' dir='ltr'>ἀρχῆς</span> <span class='ocrx_word' id='word_1_681' title='bbox 2506 4473 2753 4555; x_wconf 85' lang='grc' dir='ltr'>προεῖδεν</span> <span class='ocrx_word' id='word_1_682' title='bbox 2831 4474 3061 4538; x_wconf 83' lang='grc' dir='ltr'>ἄπαντα,</span> <span class='ocrx_word' id='word_1_683' title='bbox 3128 4466 3323 4551; x_wconf 71' lang='grc' dir='ltr'>Ἡμεῖς</span> <span class='ocrx_word' id='word_1_684' title='bbox 3396 4466 3495 4552; x_wconf 73' lang='grc' dir='ltr'>μὶν</span> <span class='ocrx_word' id='word_1_685' title='bbox 3551 4479 3651 4556; x_wconf 80' lang='grc' dir='ltr'>γὰρ</span> <span class='ocrx_word' id='word_1_686' title='bbox 3712 4481 3767 4536; x_wconf 74' lang='grc' dir='ltr'>οἱ</span> <span class='ocrx_word' id='word_1_687' title='bbox 3832 4481 3951 4539; x_wconf 74' lang='grc' dir='ltr'>ἄν·</span> 
     </span>
    </p>
   </div>
   <div class='ocr_carea' id='block_1_93' title="bbox 2274 4564 3951 4649">
    <p class='ocr_par' dir='ltr' id='par_1_93' title="bbox 2274 4564 3951 4649">
     <span class='ocr_line' id='line_1_93' title="bbox 2274 4564 3951 4649; baseline 0.002 -27"><span class='ocrx_word' id='word_1_688' title='bbox 2274 4569 2472 4645; x_wconf 87' lang='grc' dir='ltr'>θρωποι</span> <span class='ocrx_word' id='word_1_689' title='bbox 2508 4564 2868 4639; x_wconf 73' lang='grc' dir='ltr'>σκεπτόμεθα,</span> <span class='ocrx_word' id='word_1_690' title='bbox 2913 4566 3001 4623; x_wconf 82' lang='grc' dir='ltr'>καὶ</span> <span class='ocrx_word' id='word_1_691' title='bbox 3033 4565 3125 4621; x_wconf 67' lang='grc' dir='ltr'>ἐὰν</span> <span class='ocrx_word' id='word_1_692' title='bbox 3155 4566 3516 4646; x_wconf 84' lang='grc' dir='ltr'>ἀποτύχωμεν</span> <span class='ocrx_word' id='word_1_693' title='bbox 3550 4572 3649 4633; x_wconf 73' lang='grc' dir='ltr'>τῆς</span> <span class='ocrx_word' id='word_1_694' title='bbox 3696 4570 3951 4649; x_wconf 69' lang='grc' dir='ltr'>πρώτης</span> 
     </span>
    </p>
   </div>
   <div class='ocr_carea' id='block_1_94' title="bbox 2274 4652 3956 4742">
    <p class='ocr_par' dir='ltr' id='par_1_94' title="bbox 2274 4652 3956 4742">
     <span class='ocr_line' id='line_1_94' title="bbox 2274 4652 3956 4742; baseline -0.001 -29"><span class='ocrx_word' id='word_1_695' title='bbox 2274 4656 2484 4734; x_wconf 87' lang='grc' dir='ltr'>πείρας,</span> <span class='ocrx_word' id='word_1_696' title='bbox 2544 4653 2631 4742; x_wconf 51' lang='grc' dir='ltr'>ὶφξ</span> <span class='ocrx_word' id='word_1_697' title='bbox 2685 4654 2867 4742; x_wconf 80' lang='grc' dir='ltr'>ἑτέραν</span> <span class='ocrx_word' id='word_1_698' title='bbox 2930 4652 3316 4732; x_wconf 82' lang='grc' dir='ltr'>μεταϐαίνομεν</span> <span class='ocrx_word' id='word_1_699' title='bbox 3348 4674 3367 4693; x_wconf 79' lang='grc' dir='ltr'><strong><em>ο</em></strong></span> <span class='ocrx_word' id='word_1_700' title='bbox 3421 4659 3450 4713; x_wconf 90' lang='lat'>6</span> <span class='ocrx_word' id='word_1_701' title='bbox 3508 4655 3565 4712; x_wconf 78' lang='grc' dir='ltr'>δὲ</span> <span class='ocrx_word' id='word_1_702' title='bbox 3617 4661 3756 4726; x_wconf 79' lang='grc' dir='ltr'>Θεὸς</span> <span class='ocrx_word' id='word_1_703' title='bbox 3827 4665 3956 4742; x_wconf 64' lang='grc' dir='ltr'>οὔχ</span> 
     </span>
    </p>
   </div>
   <div class='ocr_carea' id='block_1_95' title="bbox 2273 4740 3955 4825">
    <p class='ocr_par' dir='ltr' id='par_1_95' title="bbox 2273 4740 3955 4825">
     <span class='ocr_line' id='line_1_95' title="bbox 2273 4740 3955 4825; baseline 0.004 -24"><span class='ocrx_word' id='word_1_704' title='bbox 2273 4744 2468 4818; x_wconf 72' lang='grc' dir='ltr'>οὕτως,</span> <span class='ocrx_word' id='word_1_705' title='bbox 2502 4740 2625 4800; x_wconf 77' lang='grc' dir='ltr'>ἀλλ’</span> <span class='ocrx_word' id='word_1_706' title='bbox 2681 4741 2845 4800; x_wconf 82' lang='grc' dir='ltr'>ἔδωκε</span> <span class='ocrx_word' id='word_1_707' title='bbox 2892 4744 3079 4819; x_wconf 88' lang='grc' dir='ltr'>νόμον,</span> <span class='ocrx_word' id='word_1_708' title='bbox 3124 4746 3428 4825; x_wconf 79' lang='grc' dir='ltr'>προφήτας,</span> <span class='ocrx_word' id='word_1_709' title='bbox 3459 4748 3547 4803; x_wconf 86' lang='grc' dir='ltr'>καὶ</span> <span class='ocrx_word' id='word_1_710' title='bbox 3578 4748 3720 4822; x_wconf 79' lang='grc' dir='ltr'>μετὰ</span> <span class='ocrx_word' id='word_1_711' title='bbox 3754 4740 3955 4811; x_wconf 76' lang='grc' dir='ltr'>ταῦτα</span> 
     </span>
    </p>
   </div>
   <div class='ocr_carea' id='block_1_96' title="bbox 537 4827 2212 4916">
    <p class='ocr_par' dir='ltr' id='par_1_96' title="bbox 537 4827 2212 4911">
     <span class='ocr_line' id='line_1_96' title="bbox 537 4827 2212 4911; baseline -0.004 -16"><span class='ocrx_word' id='word_1_712' title='bbox 537 4843 629 4896; x_wconf 90' lang='lat' dir='ltr'>set</span> <span class='ocrx_word' id='word_1_713' title='bbox 664 4832 834 4906; x_wconf 88' lang='lat' dir='ltr'><strong>utile,</strong></span> <span class='ocrx_word' id='word_1_714' title='bbox 890 4830 1153 4903; x_wconf 76' lang='lat' dir='ltr'><strong>discens,</strong></span> <span class='ocrx_word' id='word_1_715' title='bbox 1208 4846 1412 4891; x_wconf 88' lang='lat' dir='ltr'><strong>verum</strong></span> <span class='ocrx_word' id='word_1_716' title='bbox 1466 4827 1541 4890; x_wconf 90' lang='lat' dir='ltr'>ab</span> <span class='ocrx_word' id='word_1_717' title='bbox 1572 4827 1746 4890; x_wconf 89' lang='lat' dir='ltr'><strong>initio</strong></span> <span class='ocrx_word' id='word_1_718' title='bbox 1777 4829 2009 4911; x_wconf 89' lang='lat' dir='ltr'><strong>videns,</strong></span> <span class='ocrx_word' id='word_1_719' title='bbox 2059 4843 2212 4893; x_wconf 86' lang='lat' dir='ltr'><strong>nont</strong></span> 
     </span>
    </p>
   </div>
   <div class='ocr_carea' id='block_1_97' title="bbox 2297 4827 3950 4916">
    <p class='ocr_par' dir='ltr' id='par_1_97' title="bbox 2297 4831 3950 4916">
     <span class='ocr_line' id='line_1_97' title="bbox 2297 4831 3950 4916; baseline 0.003 -25"><span class='ocrx_word' id='word_1_720' title='bbox 2297 4835 2324 4891; x_wconf 81' lang='grc' dir='ltr'>ὸ</span> <span class='ocrx_word' id='word_1_721' title='bbox 2384 4831 2706 4911; x_wconf 73' lang='grc' dir='ltr'>Εὐαγγίλιον</span> <span class='ocrx_word' id='word_1_722' title='bbox 2764 4837 2825 4891; x_wconf 76' lang='grc' dir='ltr'>οὖ</span> <span class='ocrx_word' id='word_1_723' title='bbox 2868 4833 3052 4913; x_wconf 79' lang='grc' dir='ltr'>χρόνῳ</span> <span class='ocrx_word' id='word_1_724' title='bbox 3109 4836 3171 4891; x_wconf 79' lang='grc' dir='ltr'>τὸ</span> <span class='ocrx_word' id='word_1_725' title='bbox 3229 4834 3496 4916; x_wconf 79' lang='grc' dir='ltr'>συμφέρον</span> <span class='ocrx_word' id='word_1_726' title='bbox 3556 4840 3950 4915; x_wconf 81' lang='grc' dir='ltr'>μεταμαθὼν,</span> 
     </span>
    </p>
   </div>
   <div class='ocr_carea' id='block_1_98' title="bbox 536 4917 2212 5002">
    <p class='ocr_par' dir='ltr' id='par_1_98' title="bbox 536 4917 2176 5002">
     <span class='ocr_line' id='line_1_98' title="bbox 536 4917 2176 5002; baseline -0.002 -18"><span class='ocrx_word' id='word_1_727' title='bbox 536 4922 714 4984; x_wconf 85' lang='lat' dir='ltr'><strong>aliter</strong></span> <span class='ocrx_word' id='word_1_728' title='bbox 771 4920 1038 5002; x_wconf 89' lang='lat' dir='ltr'><strong>potuisse</strong></span> <span class='ocrx_word' id='word_1_729' title='bbox 1096 4926 1452 4993; x_wconf 88' lang='lat' dir='ltr'><strong>creaturam,</strong></span> <span class='ocrx_word' id='word_1_730' title='bbox 1515 4930 1576 4979; x_wconf 89' lang='lat' dir='ltr'>et</span> <span class='ocrx_word' id='word_1_731' title='bbox 1633 4917 1694 4979; x_wconf 91' lang='lat' dir='ltr'>in</span> <span class='ocrx_word' id='word_1_732' title='bbox 1747 4936 1817 4981; x_wconf 87' lang='lat' dir='ltr'>ea</span> <span class='ocrx_word' id='word_1_733' title='bbox 1869 4919 2176 4982; x_wconf 88' lang='lat' dir='ltr'><strong>hominem</strong></span> 
     </span>
    </p>
   </div>
   <div class='ocr_carea' id='block_1_99' title="bbox 2297 4917 3958 5002">
    <p class='ocr_par' dir='ltr' id='par_1_99' title="bbox 2302 4918 3958 5002">
     <span class='ocr_line' id='line_1_99' title="bbox 2302 4918 3958 5002; baseline -0.02 3"><span class='ocrx_word' id='word_1_734' title='bbox 2302 4920 2356 4977; x_wconf 82' lang='grc' dir='ltr'>π’</span> <span class='ocrx_word' id='word_1_735' title='bbox 2417 4920 2593 5000; x_wconf 72' lang='grc' dir='ltr'>ἀρχῆς</span> <span class='ocrx_word' id='word_1_736' title='bbox 2629 4918 2685 4976; x_wconf 71' lang='grc' dir='ltr'>δὲ</span> <span class='ocrx_word' id='word_1_737' title='bbox 2731 4918 2879 4986; x_wconf 69' lang='grc' dir='ltr'>εἰδὼς</span> <span class='ocrx_word' id='word_1_738' title='bbox 2935 4923 3009 4985; x_wconf 82' lang='grc' dir='ltr'>ὡς</span> <span class='ocrx_word' id='word_1_739' title='bbox 3061 4920 3167 5002; x_wconf 69' lang='grc' dir='ltr'>οὔχ</span> <span class='ocrx_word' id='word_1_740' title='bbox 3223 4922 3346 4980; x_wconf 79' lang='grc' dir='ltr'>οῐάν</span> <span class='ocrx_word' id='word_1_741' title='bbox 3402 4944 3460 4980; x_wconf 88' lang='grc' dir='ltr'>τε</span> <span class='ocrx_word' id='word_1_742' title='bbox 3504 4922 3679 4991; x_wconf 78' lang='grc' dir='ltr'>ἄλλως</span> <span class='ocrx_word' id='word_1_743' title='bbox 3715 4928 3797 4993; x_wconf 71' lang='grc' dir='ltr'>ἦν</span> <span class='ocrx_word' id='word_1_744' title='bbox 3836 4930 3958 4998; x_wconf 66' lang='grc' dir='ltr'>τὴν</span> 
     </span>
    </p>
   </div>
   <div class='ocr_carea' id='block_1_100' title="bbox 537 5006 2212 5090">
    <p class='ocr_par' dir='ltr' id='par_1_100' title="bbox 537 5006 2177 5090">
     <span class='ocr_line' id='line_1_100' title="bbox 537 5006 2177 5090; baseline 0 -19"><span class='ocrx_word' id='word_1_745' title='bbox 537 5011 693 5085; x_wconf 83' lang='lat' dir='ltr'><strong>ﬁeri,</strong></span> <span class='ocrx_word' id='word_1_746' title='bbox 728 5028 839 5072; x_wconf 91' lang='lat' dir='ltr'>nec</span> <span class='ocrx_word' id='word_1_747' title='bbox 872 5028 1049 5072; x_wconf 89' lang='lat' dir='ltr'><strong>manu</strong></span> <span class='ocrx_word' id='word_1_748' title='bbox 1075 5008 1438 5090; x_wconf 87' lang='lat' dir='ltr'><strong>duci,neque</strong></span> <span class='ocrx_word' id='word_1_749' title='bbox 1470 5007 1945 5089; x_wconf 86' lang='lat' dir='ltr'><strong>incorruptionis</strong></span> <span class='ocrx_word' id='word_1_750' title='bbox 1976 5006 2177 5089; x_wconf 82' lang='lat' dir='ltr'><strong>digni-</strong></span> 
     </span>
    </p>
   </div>
   <div class='ocr_carea' id='block_1_101' title="bbox 2297 5006 3961 5090">
    <p class='ocr_par' dir='ltr' id='par_1_101' title="bbox 2300 5008 3961 5090">
     <span class='ocr_line' id='line_1_101' title="bbox 2300 5008 3961 5090; baseline 0.006 -24"><span class='ocrx_word' id='word_1_751' title='bbox 2300 5010 2430 5067; x_wconf 87' lang='grc' dir='ltr'>τίσιν</span> <span class='ocrx_word' id='word_1_752' title='bbox 2458 5011 2548 5067; x_wconf 86' lang='grc' dir='ltr'>καὶ</span> <span class='ocrx_word' id='word_1_753' title='bbox 2577 5011 2667 5067; x_wconf 84' lang='grc' dir='ltr'>τὸν</span> <span class='ocrx_word' id='word_1_754' title='bbox 2699 5008 2757 5066; x_wconf 70' lang='grc' dir='ltr'>ἰν</span> <span class='ocrx_word' id='word_1_755' title='bbox 2805 5013 2941 5087; x_wconf 82' lang='grc' dir='ltr'>αὒτῇ</span> <span class='ocrx_word' id='word_1_756' title='bbox 2983 5008 3257 5088; x_wconf 77' lang='grc' dir='ltr'>ἄνθρωπον</span> <span class='ocrx_word' id='word_1_757' title='bbox 3307 5011 3425 5070; x_wconf 69' lang='grc' dir='ltr'>οὔτε</span> <span class='ocrx_word' id='word_1_758' title='bbox 3483 5013 3737 5090; x_wconf 79' lang='grc' dir='ltr'>γενέσθαι</span> <span class='ocrx_word' id='word_1_759' title='bbox 3807 5019 3961 5076; x_wconf 71' lang='grc' dir='ltr'>οὔτε</span> 
     </span>
    </p>
   </div>
   <div class='ocr_carea' id='block_1_102' title="bbox 534 5096 2212 5189">
    <p class='ocr_par' dir='ltr' id='par_1_102' title="bbox 534 5097 2179 5189">
     <span class='ocr_line' id='line_1_102' title="bbox 534 5097 2179 5189; baseline 0.001 -29"><span class='ocrx_word' id='word_1_760' title='bbox 534 5108 714 5189; x_wconf 80' lang='lat' dir='ltr'><strong>tatem</strong></span> <span class='ocrx_word' id='word_1_761' title='bbox 741 5098 1039 5189; x_wconf 76' lang='lat' dir='ltr'><strong>recipere,</strong></span> <span class='ocrx_word' id='word_1_762' title='bbox 1074 5098 1188 5189; x_wconf 83' lang='lat' dir='ltr'><strong>nisi</strong></span> <span class='ocrx_word' id='word_1_763' title='bbox 1211 5117 1281 5160; x_wconf 92' lang='lat' dir='ltr'>eo</span> <span class='ocrx_word' id='word_1_764' title='bbox 1302 5097 1514 5189; x_wconf 79' lang='lat' dir='ltr'><strong>modo,</strong></span> <span class='ocrx_word' id='word_1_765' title='bbox 1546 5117 1664 5189; x_wconf 86' lang='lat' dir='ltr'>quo</span> <span class='ocrx_word' id='word_1_766' title='bbox 1698 5098 2020 5162; x_wconf 80' lang='lat' dir='ltr'><strong>ineifabilis</strong></span> <span class='ocrx_word' id='word_1_767' title='bbox 2044 5118 2179 5182; x_wconf 90' lang='lat' dir='ltr'><strong>pro-</strong></span> 
     </span>
    </p>
   </div>
   <div class='ocr_carea' id='block_1_103' title="bbox 2297 5096 3969 5189">
    <p class='ocr_par' dir='ltr' id='par_1_103' title="bbox 2297 5096 3969 5189">
     <span class='ocr_line' id='line_1_103' title="bbox 2297 5096 3969 5189; baseline 0.005 -35"><span class='ocrx_word' id='word_1_768' title='bbox 2297 5096 2771 5189; x_wconf 51' lang='grc' dir='ltr'>ριδαγωγηθῇναι,</span> <span class='ocrx_word' id='word_1_769' title='bbox 2851 5101 2970 5157; x_wconf 77' lang='grc' dir='ltr'>οὔτε</span> <span class='ocrx_word' id='word_1_770' title='bbox 3023 5102 3083 5157; x_wconf 81' lang='grc' dir='ltr'>τὸ</span> <span class='ocrx_word' id='word_1_771' title='bbox 3140 5104 3241 5170; x_wconf 76' lang='grc' dir='ltr'>τῆς</span> <span class='ocrx_word' id='word_1_772' title='bbox 3292 5100 3581 5181; x_wconf 84' lang='grc' dir='ltr'>ἀφθαρσίας</span> <span class='ocrx_word' id='word_1_773' title='bbox 3642 5104 3798 5182; x_wconf 69' lang='grc'>[347</span> <span class='ocrx_word' id='word_1_774' title='bbox 3834 5107 3969 5189; x_wconf 81' lang='grc' dir='ltr'>Η,]</span> 
     </span>
    </p>
   </div>
   <div class='ocr_carea' id='block_1_104' title="bbox 535 5183 2212 5278">
    <p class='ocr_par' dir='ltr' id='par_1_104' title="bbox 535 5186 1666 5269">
     <span class='ocr_line' id='line_1_104' title="bbox 535 5186 1666 5269; baseline 0.002 -20"><span class='ocrx_word' id='word_1_775' title='bbox 535 5186 796 5250; x_wconf 89' lang='lat' dir='ltr'><strong>videntia</strong></span> <span class='ocrx_word' id='word_1_776' title='bbox 827 5197 885 5250; x_wconf 90' lang='lat' dir='ltr'>et</span> <span class='ocrx_word' id='word_1_777' title='bbox 915 5188 1254 5250; x_wconf 86' lang='lat' dir='ltr'><strong>humanitas</strong></span> <span class='ocrx_word' id='word_1_778' title='bbox 1281 5187 1666 5269; x_wconf 79' lang='lat' dir='ltr'><strong>dispensavit.</strong></span> 
     </span>
    </p>
   </div>
   <div class='ocr_carea' id='block_1_105' title="bbox 2297 5183 3956 5278">
    <p class='ocr_par' dir='ltr' id='par_1_105' title="bbox 2297 5183 3956 5278">
     <span class='ocr_line' id='line_1_105' title="bbox 2297 5183 3956 5278; baseline 0.007 -34"><span class='ocrx_word' id='word_1_779' title='bbox 2297 5186 2468 5263; x_wconf 74' lang='grc' dir='ltr'>Είωμα</span> <span class='ocrx_word' id='word_1_780' title='bbox 2518 5183 2835 5278; x_wconf 63' lang='grc' dir='ltr'>ἀναλαβεῖν,</span> <span class='ocrx_word' id='word_1_781' title='bbox 2893 5189 2939 5244; x_wconf 80' lang='grc' dir='ltr'>εί</span> <span class='ocrx_word' id='word_1_782' title='bbox 2994 5189 3074 5278; x_wconf 65' lang='grc' dir='ltr'>μὴ</span> <span class='ocrx_word' id='word_1_783' title='bbox 3127 5189 3246 5248; x_wconf 84' lang='grc' dir='ltr'>καθ’</span> <span class='ocrx_word' id='word_1_784' title='bbox 3288 5189 3349 5247; x_wconf 79' lang='grc' dir='ltr'>θν</span> <span class='ocrx_word' id='word_1_785' title='bbox 3398 5191 3595 5270; x_wconf 87' lang='grc' dir='ltr'>τρόπον</span> <span class='ocrx_word' id='word_1_786' title='bbox 3623 5195 3658 5263; x_wconf 72' lang='grc' dir='ltr'>ἡ</span> <span class='ocrx_word' id='word_1_787' title='bbox 3707 5183 3956 5278; x_wconf 75' lang='grc' dir='ltr'>ἄφατος</span> 
     </span>
    </p>
   </div>
   <div class='ocr_carea' id='block_1_106' title="bbox 2257 5274 3398 5358">
    <p class='ocr_par' dir='ltr' id='par_1_106' title="bbox 2257 5274 3398 5358">
     <span class='ocr_line' id='line_1_106' title="bbox 2257 5274 3398 5358; baseline 0.001 -23"><span class='ocrx_word' id='word_1_788' title='bbox 2257 5280 2484 5358; x_wconf 83' lang='grc' dir='ltr'>πρόνοια</span> <span class='ocrx_word' id='word_1_789' title='bbox 2513 5278 2603 5334; x_wconf 83' lang='grc' dir='ltr'>καὶ</span> <span class='ocrx_word' id='word_1_790' title='bbox 2630 5274 3001 5357; x_wconf 86' lang='grc' dir='ltr'>φιλανθρωπία</span> <span class='ocrx_word' id='word_1_791' title='bbox 3029 5276 3398 5357; x_wconf 78' lang='grc' dir='ltr'>ᾦκονόμησεν.</span> 
     </span>
    </p>
   </div>
   <div class='ocr_carea' id='block_1_107' title="bbox 1834 5448 2583 5518">
    <p class='ocr_par' dir='ltr' id='par_1_107' title="bbox 1834 5448 2583 5518">
     <span class='ocr_line' id='line_1_107' title="bbox 1834 5448 2583 5518; baseline -0.001 -3"><span class='ocrx_word' id='word_1_792' title='bbox 1834 5451 2089 5518; x_wconf 72' lang='lat' dir='ltr'>VARllE</span> <span class='ocrx_word' id='word_1_793' title='bbox 2138 5448 2583 5516; x_wconf 82' lang='lat' dir='ltr'>LECTIONES.</span> 
     </span>
    </p>
   </div>
   <div class='ocr_carea' id='block_1_108' title="bbox 607 5583 3958 5665">
    <p class='ocr_par' dir='ltr' id='par_1_108' title="bbox 607 5583 3958 5665">
     <span class='ocr_line' id='line_1_108' title="bbox 607 5583 3958 5665; baseline 0.004 -28"><span class='ocrx_word' id='word_1_794' title='bbox 607 5584 674 5637; x_wconf 67' lang='grc'><strong>84</strong></span> <span class='ocrx_word' id='word_1_795' title='bbox 700 5583 889 5665; x_wconf 71' lang='grc' dir='ltr'>αὖτὴν,</span> <span class='ocrx_word' id='word_1_796' title='bbox 936 5586 1119 5650; x_wconf 75' lang='grc' dir='ltr'>αὐτοῖς</span> <span class='ocrx_word' id='word_1_797' title='bbox 1152 5601 1243 5665; x_wconf 84' lang='lat' dir='ltr'>pr.</span> <span class='ocrx_word' id='word_1_798' title='bbox 1276 5583 1372 5665; x_wconf 30' lang='grc' dir='ltr'>Α,</span> <span class='ocrx_word' id='word_1_799' title='bbox 1433 5584 1497 5637; x_wconf 73' lang='grc'>85</span> <span class='ocrx_word' id='word_1_800' title='bbox 1523 5584 1852 5645; x_wconf 75' lang='grc' dir='ltr'>ἀνεθάλωσεν</span> <span class='ocrx_word' id='word_1_801' title='bbox 1884 5586 1933 5650; x_wconf 86' lang='grc' dir='ltr'><strong>Α</strong></span> <span class='ocrx_word' id='word_1_802' title='bbox 1966 5603 1981 5650; x_wconf 85' lang='lat'>:</span> <span class='ocrx_word' id='word_1_803' title='bbox 2016 5586 2348 5647; x_wconf 82' lang='grc' dir='ltr'>ἀνεθάλωσεν</span> <span class='ocrx_word' id='word_1_804' title='bbox 2379 5587 2627 5654; x_wconf 75' lang='grc' dir='ltr'>Ηωεοιι.</span> <span class='ocrx_word' id='word_1_805' title='bbox 2659 5594 2717 5653; x_wconf 88' lang='lat' dir='ltr'>et</span> <span class='ocrx_word' id='word_1_806' title='bbox 2747 5586 2975 5654; x_wconf 71' lang='lat' dir='ltr'><strong>Gener.</strong></span> <span class='ocrx_word' id='word_1_807' title='bbox 3011 5590 3422 5653; x_wconf 74' lang='grc' dir='ltr'>ἀπεπαλαίωσεν</span> <span class='ocrx_word' id='word_1_808' title='bbox 3452 5589 3631 5656; x_wconf 86' lang='lat' dir='ltr'><strong>Roth.</strong></span> <span class='ocrx_word' id='word_1_809' title='bbox 3729 5591 3812 5647; x_wconf 66' lang='grc'>8⁸</span> <span class='ocrx_word' id='word_1_810' title='bbox 3847 5592 3958 5654; x_wconf 68' lang='grc' dir='ltr'>διὰ</span> 
     </span>
    </p>
   </div>
   <div class='ocr_carea' id='block_1_109' title="bbox 525 5663 2242 5749">
    <p class='ocr_par' dir='ltr' id='par_1_109' title="bbox 525 5663 2242 5749">
     <span class='ocr_line' id='line_1_109' title="bbox 525 5663 2242 5749; baseline -0.002 -18"><span class='ocrx_word' id='word_1_811' title='bbox 525 5675 695 5731; x_wconf 79' lang='grc' dir='ltr'>ταῦτα</span> <span class='ocrx_word' id='word_1_812' title='bbox 737 5663 972 5731; x_wconf 78' lang='grc' dir='ltr'>οω.Ἀ.</span> <span class='ocrx_word' id='word_1_813' title='bbox 1054 5664 1116 5718; x_wconf 73' lang='grc'>8⁷</span> <span class='ocrx_word' id='word_1_814' title='bbox 1151 5663 1212 5726; x_wconf 73' lang='grc' dir='ltr'>οὗ</span> <span class='ocrx_word' id='word_1_815' title='bbox 1252 5663 1390 5724; x_wconf 80' lang='grc' dir='ltr'>κατὰ</span> <span class='ocrx_word' id='word_1_816' title='bbox 1418 5667 1479 5725; x_wconf 81' lang='grc' dir='ltr'>τὸ</span> <span class='ocrx_word' id='word_1_817' title='bbox 1689 5666 1755 5719; x_wconf 75' lang='grc'>88</span> <span class='ocrx_word' id='word_1_818' title='bbox 1783 5666 1981 5749; x_wconf 74' lang='grc' dir='ltr'>ἔχουσα</span> <span class='ocrx_word' id='word_1_819' title='bbox 2012 5685 2137 5734; x_wconf 84' lang='lat' dir='ltr'><strong>om.</strong></span> <span class='ocrx_word' id='word_1_820' title='bbox 2169 5668 2242 5732; x_wconf 85' lang='lat' dir='ltr'><strong>A.</strong></span> 
     </span>
    </p>
   </div>
  </div>
