4070 6204
399 307 402 310 ’
479 301 596 375 315
1678 307 1943 374 ΡΗΟΤῙΙ
1989 305 2096 370 ΡΑ*

2183 304 2502 372 ιῙΑΗΟΗΛΕ
2543 307 2656 372 GP.
3680 309 3775 381 316

477 455 743 522 vocatur,
795 444 884 509 vel
946 464 981 508 a
1033 449 1231 522 θεῖναι,
1293 443 1451 526 quod
1497 444 1793 526 signiﬁcat
1845 443 2096 507 manibo:

2205 448 2328 507 ’Ὀτι
2372 450 2432 506 τὸ
2496 447 2779 517 Κυθνώλης
2848 446 2932 504 διὰ
2999 454 3093 506 τοῦ
3135 445 3166 504 λ
3221 447 3518 530 γράφουσιν,
3569 450 3674 509 ἀλλ’
3721 455 3772 513 οὗ

477 540 710 615 operari
736 545 798 599 et
827 535 1046 598 facere.
1075 535 1355 616 Antiquis
1389 535 1549 597 enim
1587 534 1829 597 dicendi
1859 534 2096 596 formul:

2198 537 2282 595 διὰ
2328 545 2419 595 τοῦ
2461 538 2513 599 δ.
2549 539 2799 618 ’¹Αργους
2841 539 2942 617 γὰρ
2985 537 3049 607 ἦν
3084 537 3221 617 [871
3262 535 3366 618 Η]
3396 543 3576 619 χωρίον
3603 565 3643 599 τι
3678 565 3766 600 κα-

479 635 604 688 eral
633 627 817 694 ἔθηκεν
853 644 958 706 pro
989 649 1038 682 τι
1069 625 1190 701 δρᾶν
1245 626 1481 705 aliquid
1521 642 1725 707 agere,
1762 632 1825 686 ut
1856 634 1912 686 et
1943 624 2096 687 labo-

2198 628 2458 703 λούμενον
2503 630 2744 703 Κύθνιον,
2783 631 2842 685 οὗ
2892 630 3016 694 τοὺς
3076 625 3265 705 ἄνδρας
3309 630 3434 686 ποτὲ
3488 627 3763 710 Ἀμφιτρύων

479 716 845 778 riosissimus
895 717 1074 777 heros
1127 714 1262 778 ideo
1297 725 1533 777 vocatus
1565 725 1654 778 est
1685 718 1916 789 Θησεὺς,
1947 714 2096 778 The-

2199 718 2380 775 ἀνεῖλε
2425 719 2654 799 πάντας,
2701 721 2842 786 πλὴν
2903 719 3097 798 ὀλίγων
3142 720 3298 778 πάνυ.
3344 717 3476 775 ’Ὅτι
3505 721 3528 776 0
3557 721 3657 794 παρ’
3679 721 3761 776 ἄλ-

478 823 639 876 sons,
674 805 764 866 vel
799 804 1122 866 mutatione
1154 827 1182 862 τ
1214 805 1273 866 in
1306 811 1357 884 θ,
1419 805 1671 884 penuria
1702 806 1862 866 enim
1895 806 2028 867 vitae
2057 823 2088 866 e

2198 807 2312 871 λοις
2357 813 2546 882 μισθοῦ
2575 807 2834 865 δουλεύων
2877 811 2971 878 θὴς
3018 807 3290 887 καλεῖται,
3324 807 3357 873 ἢ
3415 811 3543 884 παρά
3577 813 3627 865 τὸ
3662 811 3760 867 θεῖ-

477 893 804 973 indigentia
863 894 1081 956 multos
1133 894 1204 955 ad
1251 912 1434 975 opera
1464 894 1700 956 servilia
1729 893 1901 973 cogit.
1935 893 2096 958 Multa

2197 920 2306 973 ναι,
2369 899 2396 954 ὃ
2440 897 2601 965 δηλοῖ
2656 901 2718 955 τὸ
2766 901 2949 978 χερσὶν
3001 899 3311 976 ἐργάζεσθαι
3355 900 3440 953 καὶ
3479 913 3632 955 ποιεῖν
3678 900 3766 978 (καὶ

478 992 684 1044 contra
731 984 1065 1064 analogiam
1126 983 1582 1045 committuntur
1633 991 1850 1059 errata,
1882 991 1946 1044 ut
2003 1001 2096 1062 ρι’(

2195 989 2295 1066 γάρ
2340 1001 2458 1052 τοῖς
2501 988 2759 1054 παλαιοῖς
2805 988 2983 1065 λέγειν
3015 988 3130 1053 ἔθος
3160 989 3222 1044 τὸ
3275 987 3455 1052 ἔθηκεν
3497 989 3572 1044 ἐπὶ
3620 999 3696 1048 τοῦ
3726 1011 3768 1045 τι

473 1075 650 1138 σίκυος
682 1074 894 1135 dicunt
923 1085 1220 1148 errantes,
1275 1076 1419 1136 σίκυς
1452 1076 1748 1148 cucumis,
1782 1083 1838 1136 et
1869 1092 1973 1154 pro
2013 1075 2096 1130 ἂν·

2199 1076 2342 1154 δρᾷν,
2375 1079 2463 1135 καὶ
2495 1081 2566 1142 ὡς
2598 1076 2660 1128 93
2691 1077 3118 1156 δραστικώτατος
3150 1077 3292 1153 ἥρως
3325 1074 3407 1131 διὰ
3436 1078 3576 1134 τοῦτο
3603 1078 3774 1145 κέκλη-

468 1161 679 1244 δραχλη
715 1181 820 1244 per
848 1163 878 1219 λ
932 1164 1041 1245 (sic
1086 1170 1248 1225 enim
1282 1163 1488 1225 dicunt
1515 1162 1726 1242 Attici)
1756 1163 1967 1225 dicunt
2012 1164 2096 1219 et.

2197 1190 2281 1223 ται
2315 1166 2572 1248 Θησεὺς),
2606 1168 2640 1235 ἢ
2673 1170 2809 1226 κατὰ
2839 1170 3120 1244 μετάθεσιν
3149 1173 3241 1223 τοῦ
3271 1188 3298 1222 τ
3331 1167 3404 1230 είς
3434 1168 3491 1222 τὸ
3517 1172 3563 1224 θ’
3609 1171 3660 1224 τὸ
3696 1169 3777 1244 γὰρ

466 1251 698 1331 δραχνη,
765 1253 910 1310 Εἴσω
963 1253 1188 1314 rectius
1242 1261 1334 1314 est
1383 1271 1561 1335 quam
1613 1254 1741 1313 ἔσω.
1778 1261 1836 1314 et
1867 1253 2110 1328 ὥμιλλαν

468 1339 782 1420 proferunt
826 1341 1034 1420 vulgus
1085 1359 1228 1404 vero
1262 1360 1370 1422 per
1401 1365 1454 1405 α.
1486 1340 1855 1422 Euphorion,
1892 1341 2106 1422 inquit,

465 1430 654 1492 refert
683 1432 956 1508 quaedam
989 1432 1224 1492 somnia
1281 1431 1506 1494 alicubi
1560 1450 1678 1492 non
1715 1431 1930 1494 videri.
1983 1432 2111 1494 Mu-

467 1520 611 1594 lam,
644 1540 759 1600 qua
811 1521 1085 1596 ferimur,
1141 1540 1276 1584 cum
1329 1523 1540 1600 jugum
1577 1540 1693 1584 non
1727 1522 1900 1596 ferat,
1931 1521 2113 1584 Attici

465 1610 736 1686 ἀστραόην
795 1619 1049 1672 vocant:
1115 1610 1256 1672 inde
1287 1611 1507 1674 dicitur
1557 1619 1616 1672 et
1668 1611 2108 1688 ἀστραϐηγαιτης.

470 1698 697 1760 Dicitur
723 1702 898 1762 etiam
928 1699 1166 1780 ἀστραϐη
1187 1718 1293 1782 pro
1313 1701 1476 1763 cella
1492 1702 1754 1782 equestri
1778 1709 1841 1761 ut
1864 1703 2115 1764 Demos-

2195 1257 2444 1315 πένεσθαι
2478 1261 2562 1314 καὶ
2592 1262 2852 1325 τητᾶσθαι
2884 1260 3021 1335 βίου,
3051 1255 3106 1299 ²⁴
3137 1258 3255 1314 οἷον
3284 1254 3346 1305 25
3375 1256 3784 1335 στέρεσθαι,ἀναγ-

2197 1347 2344 1417 κᾶζει
2375 1346 2610 1411 πολλοὺς
2655 1349 2719 1405 τὰ
2757 1346 2962 1403 δούλων
3002 1349 3278 1424 πράττειν,
3315 1338 3451 1404 "Ott
3481 1349 3608 1422 παρά
3635 1347 3784 1423 γράμ-

2196 1460 2294 1517 μα,
2329 1442 2494 1516 φησι,
2531 1440 2687 1513 μυρία
2719 1439 2858 1494 εστὶν
2903 1436 3288 1515 ἡμαρτημένα,
3319 1440 3493 1515 ὥσπερ
3521 1438 3622 1494 ἀντὶ
3661 1436 3786 1491 τοῦὃ

2195 1527 2372 1592 σίκυος
2430 1527 2822 1602 ἁμαρτάνοντες
2880 1526 3127 1604 λέγουσιν
3176 1529 3204 1583 0
3263 1528 3407 1593 σίκυς
3452 1530 3534 1584 καὶ
3576 1527 3790 1582 ἀντὶτοῦ

2197 1613 2473 1696 ἀνδράχλη
2530 1616 2590 1665 26
2633 1616 2718 1673 διὰ.
2774 1616 2867 1674 τοῦ
2897 1616 2927 1672 λ
2958 1616 3117 1688 (οὕτω
3148 1617 3248 1694 γάρ
3279 1641 3434 1695 φασιν
3465 1623 3509 1674 οὶ
3549 1614 3788 1694 Ἀττικοί)

2197 1703 2441 1782 λέγουσιν
2471 1706 2768 1786 ἀνδράχνη.
2810 1707 2906 1764 Καὶ
2935 1707 2996 1762 τὸ
3031 1706 3165 1761 εἴσω
3212 1705 3266 1761 δὲ
3307 1707 3692 1784 ἀναλογώτερον
3715 1713 3793 1760 τοῦ

472 1789 682 1848 thenes
712 1789 772 1850 in
806 1791 1074 1852 oratione
1103 1789 1388 1851 adversus
1411 1791 1672 1852 Midiam:
1696 1791 1817 1848 Ἐπ’
1842 1789 2096 1868 ἀστράϐης

2197 1793 2322 1854 ἔσω.
2360 1796 2456 1852 Καὶ
2485 1798 2578 1851 τὸν
2607 1797 2818 1858 ὠλε,...
2853 1794 3204 1874 προφέρουσιν
3233 1816 3247 1832 ⁸
3285 1797 3318 1863 ἡ
3352 1795 3404 1851 δὲ
3454 1798 3686 1864 συνήθεια
3721 1793 3794 1850 διὰ

468 1879 760 1958 ὀχούμενος
793 1881 1020 1958 ἀργυρᾶς
1059 1898 1072 1942 :
1113 1880 1412 1961 Argenteo
1471 1881 1747 1942 insidens
1802 1880 2103 1960 ephippia.

467 1966 689 2044 "Af-10c,
740 1969 956 2050 inquit,
1015 1969 1237 2032 dicitur
1286 1988 1355 2032 ex
1389 1971 1587 2047 αἴρειν,
1621 1969 1779 2050 quod
1810 1971 2109 2047 signiﬁcat

467 2055 784 2120 admovere
805 2059 895 2120 vel
925 2060 1406 2140 capere.Etenim
1435 2060 1684 2139 singulis
1716 2060 1873 2121 hunc
1894 2057 2109 2121 diebus

468 2148 762 2222 capimus.
789 2146 858 2210 Et
889 2148 1542 2230 aippamutrimentum,
1561 2149 1635 2211 ab
1659 2149 2019 2229 Hippocrate
2049 2159 2108 2212 et

465 2235 598 2297 aliis
611 2236 1636 2318 dicitur.TalptZo:,salsomentum,in
1653 2247 1864 2301 neutro
1883 2256 2105 2318 genere

468 2325 820 2407 plerumque
851 2327 1058 2389 dicunt
1089 2327 1531 2391 Athenienses:
1589 2329 1788 2390 minus
1807 2347 1946 2390 vero
1975 2329 2104 2390 fre-

465 2423 718 2493 quenter
739 2417 798 2478 in
823 2417 1175 2480 masculino.
1211 2418 1596 2482 Grammatici
1622 2437 1761 2480 vero
1781 2419 1840 2480 in
1859 2418 2103 2481 vocibus

459 2503 753 2584 occupati,
788 2505 994 2567 dicunt
1025 2509 1080 2567 in
1125 2507 1456 2570 masculino
1484 2511 1666 2587 magis
1687 2508 1972 2586 analogia:
1997 2525 2097 2569 re-

361 2665 364 2668 ,
459 2594 761 2671 spondere
815 2595 1018 2658 5325b.
1079 2597 1326 2673 ’Ἄριστος
1381 2598 1622 2677 proprie
1671 2599 1743 2658 de
1773 2597 1869 2669 iis,
1904 2597 2007 2678 qui
2040 2599 2095 2658 in

460 2679 620 2742 bello
645 2682 870 2764 aliquid
904 2685 1191 2765 praeclare
1223 2695 1560 2760 gesserunt.
1593 2685 1732 2748 Ideo
1764 2694 1821 2746 et
1851 2687 2095 2761 ἀριστέας

460 2788 564 2830 eos
593 2789 891 2847 vocamus,
927 2784 988 2835 et
1018 2776 1174 2854 ἄρον,
1209 2773 1494 2848 Martem,
1533 2775 1619 2836 rei
1652 2774 1882 2836 bellicae
1913 2775 2096 2855 epho-

459 2878 591 2920 rum
629 2870 858 2942 putant.
894 2863 1136 2926 abusive
1171 2883 1309 2926 vero
1344 2865 1521 2926 etiam
1557 2883 1662 2944 pro
1703 2865 1909 2946 quavis
1939 2865 2000 2926 in
2031 2885 2097 2928 re

461 2952 892 3014 excellentibus
923 2953 1163 3017 dicitur.
1198 2955 1446 3032 Μάκτραν
1505 2962 1716 3015 vocant
1759 2972 1858 3015 vas
1889 2954 1947 3015 in
1980 2973 2096 3035 quo

459 3041 695 3119 polenta
729 3051 830 3122 aut
861 3060 1054 3105 massa
1095 3042 1393 3122 sibigitur.
1421 3044 1685 3106 Atticum
1714 3053 1827 3119 est,
1863 3053 1922 3104 et
1951 3063 2092 3118 non,

2191 1891 2282 1940 τού
2304 1907 2358 1941 οι.
2388 1884 2510 1942 Ὀτι
2545 1888 2571 1940 0
2607 1887 2895 1962 Εὐφορίων,
2929 1885 3118 1963 φησὶν,
3151 1884 3355 1963 ἱστορεῖ
3385 1907 3499 1940 τινα
3526 1883 3580 1932 ςἸ
3607 1884 3795 1940 ἐνύπνια

2192 1973 2464 2048 μηδέποτε
2521 1972 2578 2016 9⁸
2634 1975 2947 2052 ἑωρακέναι.
2999 1964 3134 2031 "Ott
3182 1976 3279 2040 την
3322 1976 3560 2048 ἡμίοδον,
3615 1973 3690 2052 ἐφ’
3739 1974 3796 2040 ἧς

2192 2065 2486 2143 ὀχούμεθα,
2521 2066 2708 2142 φησὶν,
2739 2063 2791 2107 ἳθ
2821 2065 3012 2141 ἀζύγου
3046 2063 3232 2134 οῧσης,
3272 2065 3544 2129 Ἀθηναῖοι
3573 2063 3796 2122 καλοῦσιν

2191 2152 2460 2228 ἀστράϐην
2495 2170 2508 2184 ⁸
2588 2154 2730 2210 ἔνθεν
2797 2153 3012 2232 λέγεται
3098 2155 3187 2208 καὶ
3271 2156 3298 2208 0
3389 2151 3792 2232 ἀστραϐηλάτης.

2190 2242 2377 2322 [1589
2409 2240 2512 2323 3.]
2549 2245 2770 2319 Λέγεται
2804 2244 2986 2319 μέντοι
3017 2241 3258 2322 ἀστράόη
3291 2244 3461 2299 καὶτὸ
3490 2245 3795 2300 κατασκεύα-

2188 2353 2320 2407 σμα,
2369 2336 2440 2397 ὡς
2505 2333 2852 2407 Δημοσθένης
2905 2333 2956 2388 ἐν
3004 2335 3066 2388 τὸ
3113 2334 3249 2388 κατά
3298 2331 3506 2388 Μειδίου
3548 2334 3682 2407 λόγῳ
3720 2330 3795 2386 ἐπ’

2189 2420 2455 2497 ἀστράϐης
2531 2423 2829 2502 ὀχούμενος
2892 2422 3141 2498 ἀργυρᾶς.
3196 2411 3332 2479 UO‘t't
3391 2421 3544 2498 ἄρτος
3613 2421 3666 2476 ἐκ
3717 2423 3796 2478 τοῦ

2189 2511 2360 2589 σαίρειν
2420 2510 2657 2590 εἴρηται,
2706 2513 2890 2591 φησὶν,
2945 2513 2972 2567 ὃ
3031 2509 3194 2576 δηλοῖ
3269 2512 3332 2567 τὰ
3392 2511 3790 2591 προσφέρεσθαι·

2183 2603 2414 2680 καὶγὰρ
2471 2601 2591 2658 καθ’
2665 2602 2900 2668 ἑκάστην
2971 2609 3161 2658 τοῦτον
3232 2602 3652 2681 προσφερόμεθα.
3711 2600 3796 2658 Καὶ

2183 2690 2324 2765 ἅρμα
2381 2690 2434 2747 δὲ
2492 2694 2525 2760 ἡ
2589 2695 2756 2769 τροφὴ
2843 2693 2985 2766 παρά
3047 2681 3390 2768 Ἱπποκράτει
3452 2694 3536 2747 καὶ
3590 2689 3794 2752 πολλοῖς

2181 2779 2388 2842 ἄλλοις.
2447 2770 2577 2838 ιὈτι
2637 2783 2699 2836 τὸ
2770 2781 2998 2857 τάριχος
3070 2782 3142 2841 ὡς
3229 2779 3318 2836 ἐπὶ
3395 2781 3454 2836 τὸ
3533 2779 3659 2836 πολὺ
3710 2779 3792 2847 μὲν

2180 2869 2424 2945 λέγωσιν
2481 2868 2763 2938 οὐδετέρως
2809 2872 2854 2926 οἱ
2906 2869 3167 2947 Ἀττικοὶ,
3216 2869 3302 2925 ἐπ’
3353 2869 3573 2926 ἔλαττον
3614 2868 3664 2925 δὲ
3719 2869 3794 2924 καί

2179 2959 2471 3036 ἀρσενικῶς
2510 2979 2520 2990 ·
2558 2963 2604 3015 οἱ
2651 2959 2704 3014 δὲ
2755 2960 3108 3037 γραμματικοὶ
3167 2958 3618 3038 τεχνολογοῦντες
3677 2958 3790 3014 ἀνα-

2180 3048 2477 3128 λογώτερόν
2508 3072 2633 3127 φασι
2679 3050 2767 3106 τὸν
2820 3049 3045 3127 τάριχον
3091 3047 3366 3125 λέγεσθαι,
3415 3040 3545 3106 ΗΟτι
3589 3050 3647 3104 τὸ
3688 3046 3787 3118 ἄρι-

459 3139 523 3190 υι
556 3119 827 3192 nonnulli
858 3133 1065 3194 dicunt
1087 3119 1494 3214 tritdmmmlc
1521 3152 1669 3196 acus
1691 3135 2096 3215 estantiquius

2183 3161 2306 3201 στος
2365 3140 2555 3216 κυρίως
2615 3140 2712 3213 μὲν
2785 3139 2870 3193 ἐπὶ
2929 3145 3035 3193 τῶν
3095 3139 3229 3194 κατὰ
3289 3137 3530 3212 πόλεμον
3606 3136 3786 3193 εὐδοκι-

458 3238 634 3298 quam
672 3221 895 3295 Βελόνη,
955 3233 1013 3283 et
1068 3221 1257 3301 Ξύστρα
1289 3223 1576 3304 strigilis,
1609 3241 1786 3304 quam
1819 3224 2090 3302 στλεγγὶς,

456 3309 705 3386 ὺδροῤῥύη
753 3310 1045 3386 alveolus,
1100 3331 1276 3392 quam
1313 3313 1530 3394 ὅχετον,
1567 3323 1626 3375 et
1659 3314 1860 3370 ἀλέτων
1905 3313 2090 3388 mola,

459 3416 634 3477 quam
665 3401 851 3474 μύλος.
886 3399 1170 3481 Lapidem
1215 3402 1378 3464 enim
1408 3403 1783 3480 superiorem
1812 3403 1984 3464 molae
2007 3404 2095 3467 sic

459 3496 692 3559 vocant,
727 3489 847 3546 ὄνον
877 3508 1018 3551 vero
1038 3492 1252 3552 molam
1279 3491 1655 3554 inferiorem.
1690 3494 1762 3554 Et
1793 3494 1950 3571 μαγίς
1985 3512 2092 3573 pro

457 3577 1030 3659 mensa,/Egyptium
1064 3581 1388 3660 videtur,et
1419 3581 1662 3642 omnino
1688 3581 2088 3662 illegitimum.

460 3667 856 3746 Epicharmus
881 3689 1018 3732 vero
1050 3670 1324 3746 Doricus,
1361 3683 1421 3734 et
1451 3672 1732 3734 Cercidas
1775 3683 1951 3752 poeta
1980 3675 2094 3736 hoc

457 3774 637 3816 sensu
657 3757 745 3819 usi
772 3769 910 3821 sunt
935 3761 1147 3822 eadem
1173 3773 1411 3838 voce,ut
1436 3763 1614 3825 etiam
1631 3761 2090 3845 Sophocles,qui

455 3845 687 3908 Atticus
743 3859 856 3911 est.
936 3849 1292 3912 Aristoteles
1351 3850 1757 3931 peripatetica
1813 3857 2092 3934 princeps

449 3935 733 4009 scholam
764 3937 1009 4000 Platone
1041 3940 1237 4018 pullus
1263 3940 1601 4001 nominatus
1624 3949 1732 4012 est,
1755 3942 1911 4020 quod
1935 3959 2092 4021 pra:-

450 4027 677 4106 ceptori
709 4028 1174 4090 contradiceret.
1198 4028 1364 4109 Equo
1388 4028 1547 4090 enim
1571 4029 1788 4110 volupe
1806 4038 1895 4090 est
1913 4033 2088 4094 etiam

451 4126 680 4195 patrem
700 4118 996 4178 mordere.
1027 4117 1417 4179 Proverbium
1447 4136 1582 4179 esse
1613 4117 1780 4198 dicit,
1810 4119 2084 4182 dextrum

450 4205 718 4266 calceare
751 4206 988 4284 pedem,
1045 4216 1103 4268 et
1143 4206 1449 4268 sinistrum
1484 4208 1702 4268 lavare.
1746 4209 1900 4270 Dicit
1929 4211 2088 4270 enim

449 4291 875 4366 Polemo,teste
906 4294 1457 4374 Didymo,dextrum
1490 4297 1550 4356 in
1582 4297 1874 4373 calceum,
1903 4299 2089 4360 sinis-

450 4393 608 4443 trum
645 4382 703 4442 in
741 4381 1080 4463 polubrum.
1114 4388 1209 4448 Ait
1255 4386 1452 4447 vocari
1483 4386 1675 4461 δήμιον
1704 4389 2082 4466 carniﬁcem,

447 4471 549 4551 qui
591 4489 693 4532 eos
721 4472 946 4534 occidit
976 4473 1076 4553 qui
1107 4475 1180 4536 ad
1218 4481 1470 4536 mortem
1506 4477 1890 4539 condemnati
1921 4488 2059 4540 sunt

2064 4526 2151 4576 ’D

2179 3229 2420 3301 μούντων
2469 3230 2530 3284 ἃν
2587 3228 2798 3304 ῥηθείη,
2834 3226 2965 3283 διότι
3024 3228 3110 3282 καὶ
3149 3227 3400 3303 ἀριστέας
3455 3228 3663 3290 τούτους
3704 3246 3791 3280 κα-

2177 3317 2372 3392 λοῦμεν
2429 3317 2637 3374 καὶτὸν
2670 3317 2832 3393 Ἀρην
2884 3316 3075 3394 ἔφορον
3119 3322 3226 3372 τῶν
3280 3317 3595 3391 πολεμικῶν
3645 3317 3794 3392 ἔργων

2177 3416 2472 3482 νομιζουσιν
2511 3422 2524 3436 '
2573 3407 2627 3462 ἒν
2687 3407 3022 3485 καταχρήσει
3077 3403 3131 3460 δὲ
3175 3407 3262 3461 καὶ
3311 3405 3400 3461 ἐπὶ
3461 3411 3564 3461 τῶν
3594 3403 3714 3460 ἄλλο
3750 3425 3794 3458 τι

2177 3497 2570 3573 κατορθούντων
2628 3494 2865 3572 λέγεται.
2926 3493 3066 3553 ’Ὅτι
3101 3496 3161 3550 τὸ
3205 3495 3446 3572 μάκτραν
3505 3495 3707 3566 καλεῖν,
3747 3491 3794 3546 ἐν

2178 3587 2270 3651 αῖς
2332 3608 2426 3650 τας
2486 3586 2656 3658 μάζας
2719 3583 3032 3658 μάττουσιν,
3087 3584 3362 3657 Ἀττικὸν,
3418 3588 3507 3640 καὶ
3562 3588 3686 3663 ούχ,
3728 3583 3793 3644 ὡς

2177 3676 2306 3731 ἔνιοι
2367 3673 2633 3746 δοκοῦσιν,
2690 3673 2977 3735 ἰδιωτικόν,
3026 3671 3195 3730 Ἀλλά
3237 3675 3328 3728 καὶ
3371 3679 3471 3741 τῆς
3523 3672 3793 3750 βελόνηςὴ

2177 3767 2326 3844 ῥαφὶς
2415 3763 2792 3839 παλαιότερον,
2879 3764 2965 3818 καὶ
3048 3761 3083 3828 ἡ
3168 3761 3364 3838 ξύστρα
3448 3768 3546 3829 τῆς
3616 3760 3795 3836 στλεγ-

2176 3855 2342 3932 γίδος,
2444 3855 2532 3908 καὶ
2630 3861 2722 3908 τοῦ
2809 3852 3003 3931 ὀχετοῦ
3078 3854 3112 3920 ἦ
3224 3850 3477 3929 ὑδοῤῥόη.
3582 3853 3673 3908 Καὶ
3772 3850 3796 3903 0

2176 3944 2378 4002 ἀλέτων
2463 3942 2517 3998 δὲ
2600 3949 2692 3998 τοῦ
2751 3941 2958 4014 μύλου·
3020 3943 3111 3997 τὸν
3169 3943 3269 4018 γάρ
3332 3941 3444 3997 ἄνω
3503 3950 3594 4000 τοῦ
3648 3937 3796 4014 μύλου

2175 4035 2315 4092 λίθον
2387 4035 2552 4098 οὕτως
2624 4032 3052 4107 ἐπονομάζομεν,
3138 4031 3257 4087 ὄνον
3347 4030 3403 4087 δὲ
3488 4031 3586 4096 τὴν
3665 4029 3798 4083 κάτω

2175 4123 2368 4200 μύλην.
2446 4127 2542 4180 Καὶ
2605 4125 2638 4190 ἡ
2725 4124 2884 4198 μαγίς
2941 4119 2994 4175 δὲ
3058 4120 3173 4175 ἀντὶ
3233 4126 3331 4186 τῆς
3392 4120 3657 4197 τραπέζης
3710 4117 3797 4172 Αί-

2175 4217 2394 4292 γύπτιον
2452 4211 2587 4278 δόξει
2648 4214 2734 4266 καὶ
2810 4209 3086 4272 παντελῶς
3159 4209 3419 4284 ἔκθεσμον
3457 4227 3470 4241 ⁸
3545 4209 3798 4286 Ἐπίχαρ-

2173 4325 2272 4376 μος
2350 4303 2404 4356 δὲ
2486 4304 2512 4356 0
2575 4301 2805 4378 Δωριεὺς
2895 4301 2980 4354 καὶ
3069 4296 3320 4375 Κερκίδας
3409 4303 3438 4355 0
3524 4297 3796 4371 μελοποιὸς

2171 4393 2255 4448 ἐπὶ
2313 4396 2412 4457 τῆς
2474 4393 2634 4454 αὐτῆς
2695 4387 2927 4451 διανοίας
2982 4387 3289 4466 ἐχρήσαντο
3351 4395 3422 4465 τῇ
3494 4389 3654 4466 λέξει,
3721 4386 3798 4440 καὶ

2171 4497 2278 4555 μην
2336 4481 2420 4536 καὶ
2481 4483 2507 4535 0
2555 4479 2799 4540 Ἀττικὸς
2860 4477 3164 4556 Σοφοκλῆς.
3223 4478 3363 4557 Ὀτι,
3419 4483 3581 4556 φησὶν
3637 4476 3794 4550 οὗτος,

448 4560 768 4633 δημόκοινον
793 4580 932 4623 vero
957 4570 1264 4626 tortorem.
1293 4556 1500 4630 Ἰππεϊς
1523 4577 1581 4627 et
1604 4581 1789 4642 νομεῖς
1813 4569 1872 4629 in
1899 4572 2084 4630 nomi-

2183 4569 2548 4648 Ἀριστοτέλης
2603 4572 2628 4624 0
2685 4579 2777 4626 τοὺ
2822 4570 3112 4643 περιπατου
3168 4556 3476 4643 προστάτης
3510 4569 3611 4623 ὑπὸ
3662 4563 3796 4620 Πλα-

450 4651 644 4712 nativo
678 4652 892 4728 plurali
925 4654 1244 4716 dicendum
1281 4663 1338 4715 et
1365 4653 1911 4730 scribendum,non
1947 4677 2083 4722 vero

2183 4682 2335 4725 ιωνος
2389 4660 2559 4722 ἵππος
2621 4657 3020 4731 ἐπωνομάζετο,
3079 4656 3442 4715 ἐναντιοῦσθαι
3516 4656 3682 4713 δοκῶν
3728 4655 3796 4724 τῷ

447 4740 507 4803 in
539 4743 902 4821 accusativo,
937 4744 1040 4806 sed
1073 4746 1264 4808 ἱππέας
1288 4748 1540 4824 equites,
1577 4747 1768 4820 νομέας
1789 4756 2079 4827 pastores,

2183 4748 2469 4821 Ξ.δασκ;ίλῳ
2504 4764 2516 4776 ·
2552 4750 2641 4803 καὶ
2673 4750 2772 4824 γὰρ
2804 4750 2829 4802 0
2861 4747 3032 4807 ’ίππος
3071 4763 3160 4802 τον
3193 4747 3383 4803 ἑαυτοῦ
3412 4746 3565 4823 φιλεῖ
3606 4743 3798 4817 πατέρα

449 4833 680 4893 tametsi
714 4832 1043 4915 Xenophon
1068 4831 1438 4914 dixerit,=ob;
1465 4848 1757 4910 νομεῖς,ηθ
1782 4838 2018 4900 mireris
2035 4841 2082 4900 si

2183 4840 2398 4900 ίάκνειν.
2437 4834 2574 4915 [872
2604 4834 2698 4914 H.]
2731 4837 2845 4893 Ὀτι
2878 4836 3166 4912 παροιμίαν
3199 4837 3337 4891 εἷναί
3367 4859 3500 4913 φησι
3527 4838 3620 4892 τὸν
3643 4833 3798 4898 δεξιὸν

449 4922 628 4983 homo
648 4922 823 4985 bellis
844 4936 1263 4998 assuetus,nec
1291 4924 2080 5008 urbanus(43-M),aliquam

2183 4927 2473 4985 ιποδεϊσθαι
2507 4924 2665 5005 ποδα,
2696 4928 2785 4980 τὸν
2817 4923 2862 4979 δ’
2894 4925 3168 5002 ἀριστερὸν
3225 4927 3403 4994 νίζειν·
3462 4926 3592 5002 φησὶ
3639 4924 3733 5000 γὰρ
3771 4920 3795 4974 0

450 5029 483 5072 e
515 5011 723 5091 patriis
745 5013 990 5076 vocibus
1009 5013 1323 5076 adulterat:
1352 5013 1487 5076 ideo
1514 5034 1630 5077 non
1654 5024 1744 5078 est
1767 5017 1924 5096 quod
1949 5019 2084 5098 quis

2183 5017 2454 5092 Ἱολέμων,
2510 5018 2585 5079 ὡς
2640 5027 2897 5092 μαρτυρεῖ
2946 5013 3193 5093 Δίδυμος,
3227 5012 3392 5078 δεξιὸν
3426 5016 3502 5078 εἷς
3531 5011 3794 5086 ὑπόδημα,

450 5099 615 5162 illum
635 5101 844 5162 Atticm
867 5101 1358 5182 lingumjudicem
1386 5104 1816 5166 sumat.Primo
1840 5106 2079 5186 quidem

2183 5108 2439 5185 lptatepbv
2496 5107 2568 5168 εἷς
2627 5103 2953 5182 ποδάνιπτρα
3011 5101 3082 5162 ³ο.
3129 5102 3241 5161 Ὀτι
3291 5102 3482 5177 δήμιοι
3532 5103 3628 5178 μὲν
3673 5123 3796 5182 φησι

1745 5211 1999 5278 νΑΙιιιΕ
2049 5211 2491 5283 LECTIONES.

524 5317 582 5366 93
611 5322 696 5373 καὶ
726 5321 797 5380 ὡς
831 5317 874 5379 C
907 5339 920 5376 :
957 5322 1044 5375 καὶ
1075 5322 1144 5382 ὡς
1175 5321 1258 5393 ς’.
1344 5322 1404 5369 24
1430 5323 1552 5396 βίου
1664 5342 1676 5383 :
1710 5321 1803 5402 τοῦ
1832 5323 1944 5394 βίου
2140 5325 2200 5378 95
2230 5323 2378 5402 οἷον]
2427 5321 2625 5382 malim
2657 5322 2686 5376 ὃ
2715 5321 2851 5393 ἔστι,
3028 5343 3114 5376 σιν
3145 5317 3417 5402 ἀνδράχνη
3449 5320 3539 5402 καὶ
3583 5318 3640 5402 t0
3671 5315 3796 5402 είίἱιιι

443 5397 610 5480 δὲ]ίοι
644 5417 776 5460 mox
809 5401 897 5480 τρν
922 5399 1104 5462 ὠὴ...
1128 5401 1316 5480 accpi]
1348 5393 1573 5462 lacuum
1605 5401 1665 5461 in
1697 5401 1762 5463 C.
1796 5393 1900 5479 pro
1936 5393 2023 5462 tva
2052 5407 2183 5470 ὠλε.
2218 5393 2393 5468 Roth.
2428 5406 2523 5470 τὴν
2555 5402 2819 5480 ὤμιλλαν.
2905 5401 2965 5450 υ
3002 5413 3054 5458 ει
3084 5402 3217 5477 mi]
3242 5393 3465 5462 lacuna
3496 5398 3557 5460 in
3591 5397 3655 5460 C.
3737 5393 3796 5443 33

447 5477 712 5554 μηδέποτε
747 5477 970 5555 μηδέπω
1003 5480 1067 5559 Ε,
1102 5477 1342 5555 magia};
1537 5480 1596 5529 29
1625 5477 1806 5562 φησὶν]
1835 5482 2048 5548 lacuna
2074 5487 2137 5550 in
2169 5485 2233 5550 Ο,
2319 5485 2383 5536 30
2412 5483 2734 5561 ποδάνιπτρα
2767 5479 2834 5546 C.
2869 5481 3164 5540 1:003'vmta

524 5679 755 5763 (43·44)
785 5677 1020 5743 Dictum
1055 5689 1253 5744 tamen
1283 5679 1360 5743 de
1392 5681 1517 5754 illo,
1555 5684 1976 5766 Xenophontis
2002 5593 2345 5755 gngfusas
2376 5686 2604 5751 locutas
2634 5683 2846 5751 videri.
2881 5681 3004 5751 CIC.
