  <div class='ocr_page' id='page_1' title='image "/cluster/home/n/w/nwhite01/storage/ocr_20150623/104/hvd.32044073502163/235.png"; bbox 0 0 4018 6206; ppageno 0'>
   <div class='ocr_carea' id='block_1_1' title="bbox 358 289 1945 367">
    <p class='ocr_par' dir='ltr' id='par_1_1' title="bbox 358 291 1945 366">
     <span class='ocr_line' id='line_1_1' title="bbox 358 291 1945 366; baseline -0.001 0"><span class='ocrx_word' id='word_1_1' title='bbox 358 291 470 366; x_wconf 73' lang='grc'><strong>431</strong></span> <span class='ocrx_word' id='word_1_2' title='bbox 1538 297 1808 365; x_wconf 86' lang='grc' dir='ltr'>ΡΗΟΤΙΙ</span> <span class='ocrx_word' id='word_1_3' title='bbox 1850 301 1945 364; x_wconf 83' lang='lat' dir='ltr'><strong>PA</strong></span> 
     </span>
    </p>
   </div>
   <div class='ocr_carea' id='block_1_2' title="bbox 2134 289 3721 367">
    <p class='ocr_par' dir='ltr' id='par_1_2' title="bbox 2134 289 3721 367">
     <span class='ocr_line' id='line_1_2' title="bbox 2134 289 3721 367; baseline 0.003 -5"><span class='ocrx_word' id='word_1_4' title='bbox 2134 295 2369 362; x_wconf 81' lang='lat' dir='ltr'><strong>.RCILE</strong></span> <span class='ocrx_word' id='word_1_5' title='bbox 2411 289 2526 361; x_wconf 72' lang='grc' dir='ltr'><strong>ΟΡ.</strong></span> <span class='ocrx_word' id='word_1_6' title='bbox 3595 295 3721 367; x_wconf 78' lang='lat'><strong>432</strong></span> 
     </span>
    </p>
   </div>
   <div class='ocr_carea' id='block_1_3' title="bbox 1639 607 2427 781">
    <p class='ocr_par' dir='ltr' id='par_1_3' title="bbox 1639 607 2427 781">
     <span class='ocr_line' id='line_1_3' title="bbox 1639 607 2427 781; baseline 0 -3"><span class='ocrx_word' id='word_1_7' title='bbox 1639 607 2427 781; x_wconf 88' lang='lat' dir='ltr'><strong>PHOTII</strong></span> 
     </span>
    </p>
   </div>
   <div class='ocr_carea' id='block_1_4' title="bbox 691 922 3380 1038">
    <p class='ocr_par' dir='ltr' id='par_1_4' title="bbox 691 922 3380 1038">
     <span class='ocr_line' id='line_1_4' title="bbox 691 922 3380 1038; baseline 0.001 -4"><span class='ocrx_word' id='word_1_8' title='bbox 691 923 1626 1036; x_wconf 66' lang='lat' dir='ltr'><strong>PATRIARCHE</strong></span> <span class='ocrx_word' id='word_1_9' title='bbox 1715 922 3380 1038; x_wconf 87' lang='lat' dir='ltr'><strong>CONSTANTINOPOLITANI</strong></span> 
     </span>
    </p>
   </div>
   <div class='ocr_carea' id='block_1_5' title="bbox 956 1180 3124 1353">
    <p class='ocr_par' dir='ltr' id='par_1_5' title="bbox 956 1180 3124 1353">
     <span class='ocr_line' id='line_1_5' title="bbox 956 1180 3124 1353; baseline -0.001 -21"><span class='ocrx_word' id='word_1_10' title='bbox 956 1183 1751 1332; x_wconf 81' lang='lat' dir='ltr'><strong>OPERUM</strong></span> <span class='ocrx_word' id='word_1_11' title='bbox 1820 1181 2314 1330; x_wconf 83' lang='lat' dir='ltr'><strong>PARS</strong></span> <span class='ocrx_word' id='word_1_12' title='bbox 2387 1180 3124 1353; x_wconf 85' lang='lat' dir='ltr'><strong>QUINTA</strong></span> 
     </span>
    </p>
   </div>
   <div class='ocr_carea' id='block_1_6' title="bbox 1421 1582 2639 1716">
    <p class='ocr_par' dir='ltr' id='par_1_6' title="bbox 1421 1582 2639 1716">
     <span class='ocr_line' id='line_1_6' title="bbox 1421 1582 2639 1716; baseline -0.005 0"><span class='ocrx_word' id='word_1_13' title='bbox 1421 1582 2639 1716; x_wconf 86' lang='lat' dir='ltr'><strong>CANONICA.</strong></span> 
     </span>
    </p>
   </div>
   <div class='ocr_carea' id='block_1_7' title="bbox 1269 1936 2779 2052">
    <p class='ocr_par' dir='ltr' id='par_1_7' title="bbox 1269 1936 2779 2052">
     <span class='ocr_line' id='line_1_7' title="bbox 1269 1936 2779 2052; baseline -0.006 0"><span class='ocrx_word' id='word_1_14' title='bbox 1269 1939 1930 2052; x_wconf 83' lang='lat' dir='ltr'><strong>MONITUM</strong></span> <span class='ocrx_word' id='word_1_15' title='bbox 2049 1936 2779 2046; x_wconf 86' lang='lat' dir='ltr'><strong>EDITORUM</strong></span> 
     </span>
    </p>
   </div>
   <div class='ocr_carea' id='block_1_8' title="bbox 427 2191 3718 2277">
    <p class='ocr_par' dir='ltr' id='par_1_8' title="bbox 427 2191 3718 2277">
     <span class='ocr_line' id='line_1_8' title="bbox 427 2191 3718 2277; baseline 0 -17"><span class='ocrx_word' id='word_1_16' title='bbox 427 2193 675 2260; x_wconf 88' lang='lat' dir='ltr'><strong>Pbotius</strong></span> <span class='ocrx_word' id='word_1_17' title='bbox 706 2195 819 2258; x_wconf 99' lang='lat' dir='ltr'><strong>tria</strong></span> <span class='ocrx_word' id='word_1_18' title='bbox 849 2212 1032 2277; x_wconf 86' lang='lat' dir='ltr'><strong>opera</strong></span> <span class='ocrx_word' id='word_1_19' title='bbox 1062 2195 1352 2258; x_wconf 87' lang='lat' dir='ltr'><strong>canonica</strong></span> <span class='ocrx_word' id='word_1_20' title='bbox 1382 2193 1680 2276; x_wconf 72' lang='lat' dir='ltr'><strong>praecipua</strong></span> <span class='ocrx_word' id='word_1_21' title='bbox 1739 2192 2090 2256; x_wconf 77' lang='lat' dir='ltr'><strong>elaboravit.</strong></span> <span class='ocrx_word' id='word_1_22' title='bbox 2143 2191 2407 2254; x_wconf 84' lang='lat' dir='ltr'><strong>Primum</strong></span> <span class='ocrx_word' id='word_1_23' title='bbox 2441 2191 2683 2271; x_wconf 85' lang='lat' dir='ltr'><strong>collegit</strong></span> <span class='ocrx_word' id='word_1_24' title='bbox 2716 2211 2981 2256; x_wconf 86' lang='lat' dir='ltr'><strong>canones</strong></span> <span class='ocrx_word' id='word_1_25' title='bbox 3008 2196 3406 2258; x_wconf 90' lang='lat' dir='ltr'><strong>conciliorum</strong></span> <span class='ocrx_word' id='word_1_26' title='bbox 3440 2217 3718 2262; x_wconf 71' lang='lat' dir='ltr'><strong>(Boume-</strong></span> 
     </span>
    </p>
   </div>
   <div class='ocr_carea' id='block_1_9' title="bbox 351 2281 3718 2366">
    <p class='ocr_par' dir='ltr' id='par_1_9' title="bbox 351 2281 3718 2366">
     <span class='ocr_line' id='line_1_9' title="bbox 351 2281 3718 2366; baseline 0 -16"><span class='ocrx_word' id='word_1_27' title='bbox 351 2288 622 2351; x_wconf 92' lang='lat' dir='ltr'><strong>nicorum</strong></span> <span class='ocrx_word' id='word_1_28' title='bbox 655 2287 715 2348; x_wconf 92' lang='lat' dir='ltr'><strong>in</strong></span> <span class='ocrx_word' id='word_1_29' title='bbox 744 2304 924 2348; x_wconf 85' lang='lat' dir='ltr'><strong>unam</strong></span> <span class='ocrx_word' id='word_1_30' title='bbox 952 2285 1239 2366; x_wconf 80' lang='lat' dir='ltr'><strong>syllogen,</strong></span> <span class='ocrx_word' id='word_1_31' title='bbox 1275 2303 1380 2347; x_wconf 88' lang='lat' dir='ltr'><strong>eos</strong></span> <span class='ocrx_word' id='word_1_32' title='bbox 1410 2284 1810 2346; x_wconf 74' lang='lat' dir='ltr'><strong>describenda</strong></span> <span class='ocrx_word' id='word_1_33' title='bbox 1843 2284 2056 2346; x_wconf 84' lang='lat' dir='ltr'><strong>ordine</strong></span> <span class='ocrx_word' id='word_1_34' title='bbox 2110 2281 2548 2361; x_wconf 85' lang='lat' dir='ltr'><strong>chronologico.</strong></span> <span class='ocrx_word' id='word_1_35' title='bbox 2581 2281 2826 2345; x_wconf 86' lang='lat' dir='ltr'><strong>Eisdem</strong></span> <span class='ocrx_word' id='word_1_36' title='bbox 2873 2284 3096 2363; x_wconf 79' lang='lat' dir='ltr'><strong>adjecit</strong></span> <span class='ocrx_word' id='word_1_37' title='bbox 3124 2303 3387 2348; x_wconf 81' lang='lat' dir='ltr'><strong>canones</strong></span> <span class='ocrx_word' id='word_1_38' title='bbox 3419 2289 3718 2352; x_wconf 90' lang='lat' dir='ltr'><strong>concilio-</strong></span> 
     </span>
    </p>
   </div>
   <div class='ocr_carea' id='block_1_10' title="bbox 344 2371 3720 2455">
    <p class='ocr_par' dir='ltr' id='par_1_10' title="bbox 344 2371 3720 2455">
     <span class='ocr_line' id='line_1_10' title="bbox 344 2371 3720 2455; baseline 0.001 -16"><span class='ocrx_word' id='word_1_39' title='bbox 344 2397 477 2440; x_wconf 85' lang='lat' dir='ltr'><strong>rum</strong></span> <span class='ocrx_word' id='word_1_40' title='bbox 509 2375 965 2455; x_wconf 77' lang='lat' dir='ltr'><strong>provincialium</strong></span> <span class='ocrx_word' id='word_1_41' title='bbox 997 2375 1094 2455; x_wconf 90' lang='lat' dir='ltr'><strong>qui</strong></span> <span class='ocrx_word' id='word_1_42' title='bbox 1128 2375 1203 2436; x_wconf 95' lang='lat' dir='ltr'><strong>ob</strong></span> <span class='ocrx_word' id='word_1_43' title='bbox 1237 2373 1578 2454; x_wconf 65' lang='lat' dir='ltr'><strong>praeclaram</strong></span> <span class='ocrx_word' id='word_1_44' title='bbox 1607 2374 1940 2434; x_wconf 79' lang='lat' dir='ltr'><strong>doctrinam</strong></span> <span class='ocrx_word' id='word_1_45' title='bbox 1975 2381 2033 2433; x_wconf 93' lang='lat' dir='ltr'><strong>et</strong></span> <span class='ocrx_word' id='word_1_46' title='bbox 2064 2389 2266 2432; x_wconf 89' lang='lat' dir='ltr'><strong>sanam</strong></span> <span class='ocrx_word' id='word_1_47' title='bbox 2296 2371 2832 2451; x_wconf 81' lang='lat' dir='ltr'><strong>juriSprudentiam</strong></span> <span class='ocrx_word' id='word_1_48' title='bbox 2867 2374 2980 2433; x_wconf 86' lang='lat' dir='ltr'><strong>vim</strong></span> <span class='ocrx_word' id='word_1_49' title='bbox 3015 2375 3162 2453; x_wconf 79' lang='lat' dir='ltr'><strong>legis</strong></span> <span class='ocrx_word' id='word_1_50' title='bbox 3185 2375 3246 2435; x_wconf 84' lang='lat' dir='ltr'><strong>in</strong></span> <span class='ocrx_word' id='word_1_51' title='bbox 3279 2377 3563 2439; x_wconf 88' lang='lat' dir='ltr'><strong>universa</strong></span> <span class='ocrx_word' id='word_1_52' title='bbox 3595 2380 3720 2441; x_wconf 89' lang='lat' dir='ltr'><strong>Ec-</strong></span> 
     </span>
    </p>
   </div>
   <div class='ocr_carea' id='block_1_11' title="bbox 346 2460 3723 2542">
    <p class='ocr_par' dir='ltr' id='par_1_11' title="bbox 346 2460 3723 2542">
     <span class='ocr_line' id='line_1_11' title="bbox 346 2460 3723 2542; baseline 0.001 -15"><span class='ocrx_word' id='word_1_53' title='bbox 346 2465 528 2527; x_wconf 88' lang='lat' dir='ltr'><strong>clesia</strong></span> <span class='ocrx_word' id='word_1_54' title='bbox 557 2464 928 2536; x_wconf 91' lang='lat' dir='ltr'><strong>obtinebant,</strong></span> <span class='ocrx_word' id='word_1_55' title='bbox 963 2471 1020 2524; x_wconf 90' lang='lat' dir='ltr'><strong>et</strong></span> <span class='ocrx_word' id='word_1_56' title='bbox 1051 2463 1330 2542; x_wconf 81' lang='lat' dir='ltr'><strong>epistolas</strong></span> <span class='ocrx_word' id='word_1_57' title='bbox 1360 2463 1681 2524; x_wconf 87' lang='lat' dir='ltr'><strong>canonicas</strong></span> <span class='ocrx_word' id='word_1_58' title='bbox 1719 2472 2059 2524; x_wconf 87' lang='lat' dir='ltr'><strong>sanctorum</strong></span> <span class='ocrx_word' id='word_1_59' title='bbox 2094 2463 2358 2535; x_wconf 85' lang='lat' dir='ltr'><strong>Patrum,</strong></span> <span class='ocrx_word' id='word_1_60' title='bbox 2391 2478 2519 2539; x_wconf 66' lang='lat' dir='ltr'><strong>quas</strong></span> <span class='ocrx_word' id='word_1_61' title='bbox 2548 2460 2622 2520; x_wconf 80' lang='lat' dir='ltr'><strong>ad</strong></span> <span class='ocrx_word' id='word_1_62' title='bbox 2657 2461 3035 2542; x_wconf 82' lang='lat' dir='ltr'><strong>disciplinam</strong></span> <span class='ocrx_word' id='word_1_63' title='bbox 3058 2466 3403 2542; x_wconf 77' lang='lat' dir='ltr'><strong>generalem</strong></span> <span class='ocrx_word' id='word_1_64' title='bbox 3429 2465 3723 2532; x_wconf 68' lang='lat' dir='ltr'><strong>Ecclesiae</strong></span> 
     </span>
    </p>
   </div>
   <div class='ocr_carea' id='block_1_12' title="bbox 342 2549 3720 2635">
    <p class='ocr_par' dir='ltr' id='par_1_12' title="bbox 342 2549 3720 2635">
     <span class='ocr_line' id='line_1_12' title="bbox 342 2549 3720 2635; baseline 0.001 -19"><span class='ocrx_word' id='word_1_65' title='bbox 342 2553 714 2635; x_wconf 87' lang='lat' dir='ltr'><strong>spectabant.</strong></span> <span class='ocrx_word' id='word_1_66' title='bbox 749 2555 914 2615; x_wconf 88' lang='lat' dir='ltr'><strong>Hanc</strong></span> <span class='ocrx_word' id='word_1_67' title='bbox 941 2551 1236 2632; x_wconf 82' lang='lat' dir='ltr'><strong>syllogen,</strong></span> <span class='ocrx_word' id='word_1_68' title='bbox 1271 2570 1450 2630; x_wconf 88' lang='lat' dir='ltr'><strong>quam</strong></span> <span class='ocrx_word' id='word_1_69' title='bbox 1485 2552 1770 2625; x_wconf 88' lang='lat' dir='ltr'><strong>Zonoras,</strong></span> <span class='ocrx_word' id='word_1_70' title='bbox 1808 2551 2119 2612; x_wconf 87' lang='lat' dir='ltr'><strong>Balsamon</strong></span> <span class='ocrx_word' id='word_1_71' title='bbox 2171 2558 2230 2610; x_wconf 93' lang='lat' dir='ltr'><strong>et</strong></span> <span class='ocrx_word' id='word_1_72' title='bbox 2261 2550 2545 2610; x_wconf 87' lang='lat' dir='ltr'><strong>Aresteni</strong></span> <span class='ocrx_word' id='word_1_73' title='bbox 2578 2549 2771 2611; x_wconf 92' lang='lat' dir='ltr'><strong>doctis</strong></span> <span class='ocrx_word' id='word_1_74' title='bbox 2823 2554 3274 2614; x_wconf 87' lang='lat' dir='ltr'><strong>commentariis</strong></span> <span class='ocrx_word' id='word_1_75' title='bbox 3299 2567 3622 2632; x_wconf 85' lang='lat' dir='ltr'><strong>ornarunt,</strong></span> <span class='ocrx_word' id='word_1_76' title='bbox 3657 2559 3720 2620; x_wconf 92' lang='lat' dir='ltr'><strong>in</strong></span> 
     </span>
    </p>
   </div>
   <div class='ocr_carea' id='block_1_13' title="bbox 344 2639 3716 2724">
    <p class='ocr_par' dir='ltr' id='par_1_13' title="bbox 344 2639 3716 2724">
     <span class='ocr_line' id='line_1_13' title="bbox 344 2639 3716 2724; baseline 0.001 -18"><span class='ocrx_word' id='word_1_77' title='bbox 344 2644 468 2706; x_wconf 92' lang='lat' dir='ltr'><strong>suis</strong></span> <span class='ocrx_word' id='word_1_78' title='bbox 496 2643 825 2707; x_wconf 78' lang='lat' dir='ltr'><strong>Pandectis</strong></span> <span class='ocrx_word' id='word_1_79' title='bbox 850 2658 1149 2704; x_wconf 87' lang='lat' dir='ltr'><strong>canonum</strong></span> <span class='ocrx_word' id='word_1_80' title='bbox 1174 2641 1360 2702; x_wconf 89' lang='lat' dir='ltr'><strong>edidit</strong></span> <span class='ocrx_word' id='word_1_81' title='bbox 1390 2641 1780 2720; x_wconf 82' lang='lat' dir='ltr'><strong>Beveregius,</strong></span> <span class='ocrx_word' id='word_1_82' title='bbox 1817 2658 2052 2720; x_wconf 92' lang='lat' dir='ltr'><strong>nosque</strong></span> <span class='ocrx_word' id='word_1_83' title='bbox 2078 2639 2327 2701; x_wconf 86' lang='lat' dir='ltr'><strong>edemus</strong></span> <span class='ocrx_word' id='word_1_84' title='bbox 2361 2641 2516 2700; x_wconf 89' lang='lat' dir='ltr'><strong>inter</strong></span> <span class='ocrx_word' id='word_1_85' title='bbox 2547 2658 2729 2720; x_wconf 89' lang='lat' dir='ltr'><strong>opera</strong></span> <span class='ocrx_word' id='word_1_86' title='bbox 2755 2641 3116 2721; x_wconf 90' lang='lat' dir='ltr'><strong>scriptorum</strong></span> <span class='ocrx_word' id='word_1_87' title='bbox 3148 2643 3250 2724; x_wconf 87' lang='lat' dir='ltr'><strong>qui</strong></span> <span class='ocrx_word' id='word_1_88' title='bbox 3279 2645 3354 2706; x_wconf 80' lang='lat' dir='ltr'><strong>ad</strong></span> <span class='ocrx_word' id='word_1_89' title='bbox 3383 2645 3565 2708; x_wconf 78' lang='lat' dir='ltr'><strong>linem</strong></span> <span class='ocrx_word' id='word_1_90' title='bbox 3603 2667 3716 2711; x_wconf 67' lang='lat' dir='ltr'><strong>sae-</strong></span> 
     </span>
    </p>
   </div>
   <div class='ocr_carea' id='block_1_14' title="bbox 346 2731 1407 2796">
    <p class='ocr_par' dir='ltr' id='par_1_14' title="bbox 346 2731 1407 2796">
     <span class='ocr_line' id='line_1_14' title="bbox 346 2731 1407 2796; baseline -0.007 0"><span class='ocrx_word' id='word_1_91' title='bbox 346 2733 462 2796; x_wconf 89' lang='lat' dir='ltr'><strong>culi</strong></span> <span class='ocrx_word' id='word_1_92' title='bbox 492 2751 578 2796; x_wconf 80' lang='lat' dir='ltr'><strong>xu</strong></span> <span class='ocrx_word' id='word_1_93' title='bbox 605 2732 695 2794; x_wconf 88' lang='lat' dir='ltr'><strong>vel</strong></span> <span class='ocrx_word' id='word_1_94' title='bbox 722 2731 892 2792; x_wconf 89' lang='lat' dir='ltr'><strong>initio</strong></span> <span class='ocrx_word' id='word_1_95' title='bbox 913 2747 1018 2792; x_wconf 80' lang='lat' dir='ltr'><strong>xm</strong></span> <span class='ocrx_word' id='word_1_96' title='bbox 1049 2731 1407 2792; x_wconf 80' lang='lat' dir='ltr'><strong>floruerunt.</strong></span> 
     </span>
    </p>
   </div>
   <div class='ocr_carea' id='block_1_15' title="bbox 424 2818 3712 2906">
    <p class='ocr_par' dir='ltr' id='par_1_15' title="bbox 424 2818 3712 2906">
     <span class='ocr_line' id='line_1_15' title="bbox 424 2818 3712 2906; baseline 0.001 -21"><span class='ocrx_word' id='word_1_97' title='bbox 424 2823 656 2886; x_wconf 91' lang='lat' dir='ltr'><strong>Deinde</strong></span> <span class='ocrx_word' id='word_1_98' title='bbox 687 2821 932 2884; x_wconf 91' lang='lat' dir='ltr'><strong>Photius</strong></span> <span class='ocrx_word' id='word_1_99' title='bbox 961 2820 1205 2882; x_wconf 90' lang='lat' dir='ltr'><strong>eosdem</strong></span> <span class='ocrx_word' id='word_1_100' title='bbox 1239 2837 1502 2882; x_wconf 79' lang='lat' dir='ltr'><strong>canones</strong></span> <span class='ocrx_word' id='word_1_101' title='bbox 1530 2818 1848 2899; x_wconf 84' lang='lat' dir='ltr'><strong>descripsit</strong></span> <span class='ocrx_word' id='word_1_102' title='bbox 1875 2818 2090 2880; x_wconf 81' lang='lat' dir='ltr'><strong>ordine</strong></span> <span class='ocrx_word' id='word_1_103' title='bbox 2112 2819 2402 2889; x_wconf 59' lang='lat' dir='ltr'><strong>materia,</strong></span> <span class='ocrx_word' id='word_1_104' title='bbox 2441 2819 2872 2899; x_wconf 82' lang='lat' dir='ltr'><strong>conjungendo</strong></span> <span class='ocrx_word' id='word_1_105' title='bbox 2901 2839 3164 2883; x_wconf 89' lang='lat' dir='ltr'><strong>canones</strong></span> <span class='ocrx_word' id='word_1_106' title='bbox 3206 2824 3482 2903; x_wconf 87' lang='lat' dir='ltr'><strong>ejusdem</strong></span> <span class='ocrx_word' id='word_1_107' title='bbox 3529 2845 3712 2906; x_wconf 82' lang='lat' dir='ltr'><strong>argu-</strong></span> 
     </span>
    </p>
   </div>
   <div class='ocr_carea' id='block_1_16' title="bbox 344 2907 3706 2994">
    <p class='ocr_par' dir='ltr' id='par_1_16' title="bbox 344 2907 3706 2994">
     <span class='ocr_line' id='line_1_16' title="bbox 344 2907 3706 2994; baseline 0 -18"><span class='ocrx_word' id='word_1_108' title='bbox 344 2913 552 2989; x_wconf 90' lang='lat' dir='ltr'><strong>menti,</strong></span> <span class='ocrx_word' id='word_1_109' title='bbox 589 2912 701 2974; x_wconf 88' lang='lat' dir='ltr'><strong>etsi</strong></span> <span class='ocrx_word' id='word_1_110' title='bbox 731 2911 988 2972; x_wconf 87' lang='lat' dir='ltr'><strong>diversis</strong></span> <span class='ocrx_word' id='word_1_111' title='bbox 1019 2908 1388 2990; x_wconf 88' lang='lat' dir='ltr'><strong>temporibus</strong></span> <span class='ocrx_word' id='word_1_112' title='bbox 1422 2907 1565 2970; x_wconf 91' lang='lat' dir='ltr'><strong>editi</strong></span> <span class='ocrx_word' id='word_1_113' title='bbox 1600 2908 1878 2981; x_wconf 82' lang='lat' dir='ltr'><strong>fuissent,</strong></span> <span class='ocrx_word' id='word_1_114' title='bbox 1943 2916 2002 2967; x_wconf 91' lang='lat' dir='ltr'><strong>et</strong></span> <span class='ocrx_word' id='word_1_115' title='bbox 2053 2915 2236 2966; x_wconf 92' lang='lat' dir='ltr'><strong>totam</strong></span> <span class='ocrx_word' id='word_1_116' title='bbox 2275 2907 2580 2970; x_wconf 85' lang='lat' dir='ltr'><strong>materiam</strong></span> <span class='ocrx_word' id='word_1_117' title='bbox 2609 2911 2770 2988; x_wconf 86' lang='lat' dir='ltr'><strong>juris</strong></span> <span class='ocrx_word' id='word_1_118' title='bbox 2799 2910 3123 2973; x_wconf 90' lang='lat' dir='ltr'><strong>dividendo</strong></span> <span class='ocrx_word' id='word_1_119' title='bbox 3155 2913 3215 2974; x_wconf 94' lang='lat' dir='ltr'><strong>in</strong></span> <span class='ocrx_word' id='word_1_120' title='bbox 3249 2915 3706 2994; x_wconf 84' lang='lat' dir='ltr'><strong>quatuordecim</strong></span> 
     </span>
    </p>
   </div>
   <div class='ocr_carea' id='block_1_17' title="bbox 341 2997 3693 3080">
    <p class='ocr_par' dir='ltr' id='par_1_17' title="bbox 341 2997 3693 3080">
     <span class='ocr_line' id='line_1_17' title="bbox 341 2997 3693 3080; baseline 0.001 -17"><span class='ocrx_word' id='word_1_121' title='bbox 341 3004 564 3067; x_wconf 87' lang='lat' dir='ltr'><strong>titulos.</strong></span> <span class='ocrx_word' id='word_1_122' title='bbox 599 3001 764 3063; x_wconf 87' lang='lat' dir='ltr'><strong>Hanc</strong></span> <span class='ocrx_word' id='word_1_123' title='bbox 790 2999 1230 3071; x_wconf 87' lang='lat' dir='ltr'><strong>collectionem,</strong></span> <span class='ocrx_word' id='word_1_124' title='bbox 1265 2998 1375 3059; x_wconf 90' lang='lat' dir='ltr'><strong>sub</strong></span> <span class='ocrx_word' id='word_1_125' title='bbox 1408 2997 1654 3059; x_wconf 91' lang='lat' dir='ltr'><strong>nomine</strong></span> <span class='ocrx_word' id='word_1_126' title='bbox 1688 2998 2120 3076; x_wconf 82' lang='lat' dir='ltr'><strong>Syntagmatis</strong></span> <span class='ocrx_word' id='word_1_127' title='bbox 2138 3012 2468 3071; x_wconf 86' lang='lat' dir='ltr'><strong>canonum,</strong></span> <span class='ocrx_word' id='word_1_128' title='bbox 2498 2997 2727 3078; x_wconf 82' lang='lat' dir='ltr'><strong>primus</strong></span> <span class='ocrx_word' id='word_1_129' title='bbox 2759 3000 2944 3061; x_wconf 90' lang='lat' dir='ltr'><strong>edidit</strong></span> <span class='ocrx_word' id='word_1_130' title='bbox 2967 3002 3284 3062; x_wconf 81' lang='lat' dir='ltr'><strong>cardinalis</strong></span> <span class='ocrx_word' id='word_1_131' title='bbox 3310 3003 3376 3066; x_wconf 81' lang='grc' dir='ltr'><strong>Α.</strong></span> <span class='ocrx_word' id='word_1_132' title='bbox 3410 2999 3542 3076; x_wconf 78' lang='lat' dir='ltr'><strong>Mai,</strong></span> <span class='ocrx_word' id='word_1_133' title='bbox 3580 3005 3693 3080; x_wconf 84' lang='lat' dir='ltr'><strong>vir,</strong></span> 
     </span>
    </p>
   </div>
   <div class='ocr_carea' id='block_1_18' title="bbox 339 3086 3686 3176">
    <p class='ocr_par' dir='ltr' id='par_1_18' title="bbox 339 3086 3686 3176">
     <span class='ocr_line' id='line_1_18' title="bbox 339 3086 3686 3176; baseline 0.001 -22"><span class='ocrx_word' id='word_1_134' title='bbox 339 3091 414 3155; x_wconf 92' lang='lat' dir='ltr'><strong>ob</strong></span> <span class='ocrx_word' id='word_1_135' title='bbox 444 3093 507 3154; x_wconf 92' lang='lat' dir='ltr'><strong>in</strong></span> <span class='ocrx_word' id='word_1_136' title='bbox 537 3093 731 3154; x_wconf 88' lang='lat' dir='ltr'><strong>lucem</strong></span> <span class='ocrx_word' id='word_1_137' title='bbox 761 3097 1058 3170; x_wconf 86' lang='lat' dir='ltr'><strong>protracta</strong></span> <span class='ocrx_word' id='word_1_138' title='bbox 1083 3088 1307 3168; x_wconf 89' lang='lat' dir='ltr'><strong>scripta</strong></span> <span class='ocrx_word' id='word_1_139' title='bbox 1338 3096 1608 3149; x_wconf 88' lang='lat' dir='ltr'><strong>veterum</strong></span> <span class='ocrx_word' id='word_1_140' title='bbox 1639 3086 1880 3147; x_wconf 89' lang='lat' dir='ltr'><strong>Patrum</strong></span> <span class='ocrx_word' id='word_1_141' title='bbox 1917 3086 2006 3146; x_wconf 82' lang='lat' dir='ltr'><strong>vix</strong></span> <span class='ocrx_word' id='word_1_142' title='bbox 2032 3103 2290 3166; x_wconf 90' lang='lat' dir='ltr'><strong>unquam</strong></span> <span class='ocrx_word' id='word_1_143' title='bbox 2319 3088 2457 3147; x_wconf 86' lang='lat' dir='ltr'><strong>satis</strong></span> <span class='ocrx_word' id='word_1_144' title='bbox 2482 3088 2836 3166; x_wconf 89' lang='lat' dir='ltr'><strong>laudandus,</strong></span> <span class='ocrx_word' id='word_1_145' title='bbox 2869 3090 3186 3172; x_wconf 80' lang='lat' dir='ltr'><strong>Spicilegii</strong></span> <span class='ocrx_word' id='word_1_146' title='bbox 3211 3092 3460 3155; x_wconf 82' lang='lat' dir='ltr'><strong>Romani</strong></span> <span class='ocrx_word' id='word_1_147' title='bbox 3485 3100 3525 3152; x_wconf 91' lang='lat' dir='ltr'><strong>t.</strong></span> <span class='ocrx_word' id='word_1_148' title='bbox 3553 3090 3686 3176; x_wconf 83' lang='lat' dir='ltr'><strong>VII,</strong></span> 
     </span>
    </p>
   </div>
   <div class='ocr_carea' id='block_1_19' title="bbox 343 3177 1166 3262">
    <p class='ocr_par' dir='ltr' id='par_1_19' title="bbox 343 3177 1166 3262">
     <span class='ocr_line' id='line_1_19' title="bbox 343 3177 1166 3262; baseline -0.007 -18"><span class='ocrx_word' id='word_1_149' title='bbox 343 3200 596 3262; x_wconf 90' lang='lat' dir='ltr'><strong>eamque</strong></span> <span class='ocrx_word' id='word_1_150' title='bbox 629 3201 737 3242; x_wconf 89' lang='lat' dir='ltr'><strong>nos</strong></span> <span class='ocrx_word' id='word_1_151' title='bbox 767 3179 866 3240; x_wconf 89' lang='lat' dir='ltr'><strong>hic</strong></span> <span class='ocrx_word' id='word_1_152' title='bbox 898 3177 1166 3240; x_wconf 90' lang='lat' dir='ltr'><strong>edemus.</strong></span> 
     </span>
    </p>
   </div>
   <div class='ocr_carea' id='block_1_20' title="bbox 419 3263 3708 3351">
    <p class='ocr_par' dir='ltr' id='par_1_20' title="bbox 419 3263 3708 3351">
     <span class='ocr_line' id='line_1_20' title="bbox 419 3263 3708 3351; baseline 0.001 -19"><span class='ocrx_word' id='word_1_153' title='bbox 419 3271 686 3332; x_wconf 88' lang='lat' dir='ltr'><strong>Tandem</strong></span> <span class='ocrx_word' id='word_1_154' title='bbox 717 3269 961 3332; x_wconf 87' lang='lat' dir='ltr'><strong>Photius</strong></span> <span class='ocrx_word' id='word_1_155' title='bbox 993 3285 1252 3329; x_wconf 88' lang='lat' dir='ltr'><strong>canones</strong></span> <span class='ocrx_word' id='word_1_156' title='bbox 1284 3265 1727 3346; x_wconf 78' lang='lat' dir='ltr'><strong>Syntagmatis,</strong></span> <span class='ocrx_word' id='word_1_157' title='bbox 1766 3263 1986 3326; x_wconf 87' lang='lat' dir='ltr'><strong>omisso</strong></span> <span class='ocrx_word' id='word_1_158' title='bbox 2047 3271 2228 3334; x_wconf 85' lang='lat' dir='ltr'><strong>textu,</strong></span> <span class='ocrx_word' id='word_1_159' title='bbox 2282 3264 2451 3344; x_wconf 85' lang='lat' dir='ltr'><strong>juxta</strong></span> <span class='ocrx_word' id='word_1_160' title='bbox 2503 3268 2780 3330; x_wconf 90' lang='lat' dir='ltr'><strong>ordinem</strong></span> <span class='ocrx_word' id='word_1_161' title='bbox 2811 3268 3234 3351; x_wconf 77' lang='lat' dir='ltr'><strong>Syntagmatis</strong></span> <span class='ocrx_word' id='word_1_162' title='bbox 3263 3272 3511 3346; x_wconf 85' lang='lat' dir='ltr'><strong>notavit,</strong></span> <span class='ocrx_word' id='word_1_163' title='bbox 3546 3280 3607 3334; x_wconf 90' lang='lat' dir='ltr'><strong>et</strong></span> <span class='ocrx_word' id='word_1_164' title='bbox 3641 3275 3708 3335; x_wconf 89' lang='lat' dir='ltr'><strong>in</strong></span> 
     </span>
    </p>
   </div>
   <div class='ocr_carea' id='block_1_21' title="bbox 334 3354 3711 3437">
    <p class='ocr_par' dir='ltr' id='par_1_21' title="bbox 334 3354 3711 3437">
     <span class='ocr_line' id='line_1_21' title="bbox 334 3354 3711 3437; baseline 0 -14"><span class='ocrx_word' id='word_1_165' title='bbox 334 3359 780 3424; x_wconf 85' lang='lat' dir='ltr'><strong>commentariis</strong></span> <span class='ocrx_word' id='word_1_166' title='bbox 804 3358 1103 3437; x_wconf 90' lang='lat' dir='ltr'><strong>adjunctis</strong></span> <span class='ocrx_word' id='word_1_167' title='bbox 1132 3356 1452 3436; x_wconf 88' lang='lat' dir='ltr'><strong>descripsit</strong></span> <span class='ocrx_word' id='word_1_168' title='bbox 1484 3356 1645 3431; x_wconf 84' lang='lat' dir='ltr'><strong>leges</strong></span> <span class='ocrx_word' id='word_1_169' title='bbox 1702 3354 2038 3434; x_wconf 77' lang='lat' dir='ltr'><strong>praesertim</strong></span> <span class='ocrx_word' id='word_1_170' title='bbox 2071 3355 2277 3415; x_wconf 86' lang='lat' dir='ltr'><strong>civiles</strong></span> <span class='ocrx_word' id='word_1_171' title='bbox 2331 3374 2464 3436; x_wconf 63' lang='lat' dir='ltr'><strong>quae</strong></span> <span class='ocrx_word' id='word_1_172' title='bbox 2513 3357 2741 3419; x_wconf 88' lang='lat' dir='ltr'><strong>eisdem</strong></span> <span class='ocrx_word' id='word_1_173' title='bbox 2772 3360 3241 3436; x_wconf 82' lang='lat' dir='ltr'><strong>respondebant.</strong></span> <span class='ocrx_word' id='word_1_174' title='bbox 3278 3361 3441 3423; x_wconf 87' lang='lat' dir='ltr'><strong>Hanc</strong></span> <span class='ocrx_word' id='word_1_175' title='bbox 3473 3361 3711 3424; x_wconf 83' lang='lat' dir='ltr'><strong>collec-</strong></span> 
     </span>
    </p>
   </div>
   <div class='ocr_carea' id='block_1_22' title="bbox 334 3443 3714 3530">
    <p class='ocr_par' dir='ltr' id='par_1_22' title="bbox 334 3443 3714 3530">
     <span class='ocr_line' id='line_1_22' title="bbox 334 3443 3714 3530; baseline 0.001 -17"><span class='ocrx_word' id='word_1_176' title='bbox 334 3450 560 3513; x_wconf 90' lang='lat' dir='ltr'><strong>tionem</strong></span> <span class='ocrx_word' id='word_1_177' title='bbox 589 3449 1074 3514; x_wconf 85' lang='lat' dir='ltr'><strong>Nomocanonem</strong></span> <span class='ocrx_word' id='word_1_178' title='bbox 1107 3447 1433 3526; x_wconf 89' lang='lat' dir='ltr'><strong>inscripsit,</strong></span> <span class='ocrx_word' id='word_1_179' title='bbox 1473 3443 1615 3525; x_wconf 90' lang='lat' dir='ltr'><strong>quia</strong></span> <span class='ocrx_word' id='word_1_180' title='bbox 1641 3444 1834 3524; x_wconf 82' lang='lat' dir='ltr'><strong>legum</strong></span> <span class='ocrx_word' id='word_1_181' title='bbox 1873 3453 1991 3504; x_wconf 87' lang='lat' dir='ltr'><strong>tam</strong></span> <span class='ocrx_word' id='word_1_182' title='bbox 2025 3444 2570 3508; x_wconf 88' lang='lat' dir='ltr'><strong>ecclesiasticarum</strong></span> <span class='ocrx_word' id='word_1_183' title='bbox 2606 3467 2780 3528; x_wconf 83' lang='lat' dir='ltr'><strong>quam</strong></span> <span class='ocrx_word' id='word_1_184' title='bbox 2812 3449 3076 3511; x_wconf 90' lang='lat' dir='ltr'><strong>civilium</strong></span> <span class='ocrx_word' id='word_1_185' title='bbox 3121 3449 3466 3530; x_wconf 77' lang='lat' dir='ltr'><strong>Cetalogum</strong></span> <span class='ocrx_word' id='word_1_186' title='bbox 3499 3471 3568 3514; x_wconf 85' lang='lat' dir='ltr'><strong>ac</strong></span> <span class='ocrx_word' id='word_1_187' title='bbox 3599 3471 3714 3516; x_wconf 86' lang='lat' dir='ltr'><strong>ve-</strong></span> 
     </span>
    </p>
   </div>
   <div class='ocr_carea' id='block_1_23' title="bbox 328 3532 3709 3621">
    <p class='ocr_par' dir='ltr' id='par_1_23' title="bbox 328 3532 3709 3621">
     <span class='ocr_line' id='line_1_23' title="bbox 328 3532 3709 3621; baseline 0.001 -20"><span class='ocrx_word' id='word_1_188' title='bbox 328 3539 446 3601; x_wconf 90' lang='lat' dir='ltr'><strong>luti</strong></span> <span class='ocrx_word' id='word_1_189' title='bbox 479 3540 849 3601; x_wconf 88' lang='lat' dir='ltr'><strong>harmoniam</strong></span> <span class='ocrx_word' id='word_1_190' title='bbox 883 3537 1220 3600; x_wconf 91' lang='lat' dir='ltr'><strong>exhibebat.</strong></span> <span class='ocrx_word' id='word_1_191' title='bbox 1261 3537 1400 3598; x_wconf 89' lang='lat' dir='ltr'><strong>Post</strong></span> <span class='ocrx_word' id='word_1_192' title='bbox 1427 3535 1578 3595; x_wconf 88' lang='lat' dir='ltr'><strong>alios</strong></span> <span class='ocrx_word' id='word_1_193' title='bbox 1611 3533 1881 3596; x_wconf 88' lang='lat' dir='ltr'><strong>Voellius</strong></span> <span class='ocrx_word' id='word_1_194' title='bbox 1917 3543 1970 3594; x_wconf 93' lang='lat' dir='ltr'><strong>et</strong></span> <span class='ocrx_word' id='word_1_195' title='bbox 2003 3532 2290 3596; x_wconf 86' lang='lat' dir='ltr'><strong>Justellus</strong></span> <span class='ocrx_word' id='word_1_196' title='bbox 2321 3553 2449 3596; x_wconf 89' lang='lat' dir='ltr'><strong>eam</strong></span> <span class='ocrx_word' id='word_1_197' title='bbox 2482 3537 2687 3598; x_wconf 70' lang='lat' dir='ltr'><strong>Graece</strong></span> <span class='ocrx_word' id='word_1_198' title='bbox 2715 3544 2776 3598; x_wconf 91' lang='lat' dir='ltr'><strong>et</strong></span> <span class='ocrx_word' id='word_1_199' title='bbox 2821 3537 3027 3600; x_wconf 88' lang='lat' dir='ltr'><strong>Latine</strong></span> <span class='ocrx_word' id='word_1_200' title='bbox 3058 3537 3382 3602; x_wconf 88' lang='lat' dir='ltr'><strong>ediderunt</strong></span> <span class='ocrx_word' id='word_1_201' title='bbox 3431 3541 3709 3621; x_wconf 83' lang='lat' dir='ltr'><strong>Parisiis,</strong></span> 
     </span>
    </p>
   </div>
   <div class='ocr_carea' id='block_1_24' title="bbox 336 3623 1923 3704">
    <p class='ocr_par' dir='ltr' id='par_1_24' title="bbox 336 3623 1923 3704">
     <span class='ocr_line' id='line_1_24' title="bbox 336 3623 1923 3704; baseline -0.005 -12"><span class='ocrx_word' id='word_1_202' title='bbox 336 3648 494 3692; x_wconf 88' lang='lat' dir='ltr'><strong>anno</strong></span> <span class='ocrx_word' id='word_1_203' title='bbox 527 3630 704 3704; x_wconf 82' lang='grc'><strong>1661,</strong></span> <span class='ocrx_word' id='word_1_204' title='bbox 742 3630 802 3690; x_wconf 83' lang='grc' dir='ltr'><strong>ἱιι</strong></span> <span class='ocrx_word' id='word_1_205' title='bbox 835 3647 953 3690; x_wconf 80' lang='lat' dir='ltr'><strong>sua</strong></span> <span class='ocrx_word' id='word_1_206' title='bbox 987 3625 1353 3689; x_wconf 76' lang='lat' dir='ltr'><strong>Bibliotheca</strong></span> <span class='ocrx_word' id='word_1_207' title='bbox 1384 3623 1574 3698; x_wconf 78' lang='lat' dir='ltr'><strong>Juris,</strong></span> <span class='ocrx_word' id='word_1_208' title='bbox 1613 3632 1656 3685; x_wconf 92' lang='lat' dir='ltr'><strong>t.</strong></span> <span class='ocrx_word' id='word_1_209' title='bbox 1691 3623 1764 3698; x_wconf 88' lang='grc' dir='ltr'>ΙΙ,</span> <span class='ocrx_word' id='word_1_210' title='bbox 1803 3643 1860 3703; x_wconf 86' lang='grc' dir='ltr'><strong>ρ.</strong></span> <span class='ocrx_word' id='word_1_211' title='bbox 1891 3626 1923 3684; x_wconf 88' lang='lat'><strong>7</strong></span> 
     </span>
    </p>
   </div>
   <div class='ocr_carea' id='block_1_25' title="bbox 1423 3623 3010 3704">
    <p class='ocr_par' dir='ltr' id='par_1_25' title="bbox 1426 3623 3010 3704">
     <span class='ocr_line' id='line_1_25' title="bbox 1426 3623 3010 3704; baseline 0.004 -20"><span class='ocrx_word' id='word_1_212' title='bbox 1426 3627 1574 3698; x_wconf 78' lang='lat' dir='ltr'><strong>uris,</strong></span> <span class='ocrx_word' id='word_1_213' title='bbox 1613 3632 1656 3685; x_wconf 92' lang='lat' dir='ltr'><strong>t.</strong></span> <span class='ocrx_word' id='word_1_214' title='bbox 1691 3623 1764 3698; x_wconf 88' lang='grc' dir='ltr'>ΙΙ,</span> <span class='ocrx_word' id='word_1_215' title='bbox 1803 3643 1860 3703; x_wconf 86' lang='grc' dir='ltr'><strong>ρ.</strong></span> <span class='ocrx_word' id='word_1_216' title='bbox 1891 3624 2010 3687; x_wconf 88' lang='grc'>’785</span> <span class='ocrx_word' id='word_1_217' title='bbox 2043 3631 2102 3684; x_wconf 90' lang='lat' dir='ltr'><strong>et</strong></span> <span class='ocrx_word' id='word_1_218' title='bbox 2133 3643 2261 3704; x_wconf 87' lang='lat' dir='ltr'><strong>seq.</strong></span> <span class='ocrx_word' id='word_1_219' title='bbox 2295 3623 2404 3686; x_wconf 87' lang='lat' dir='ltr'><strong>Hic</strong></span> <span class='ocrx_word' id='word_1_220' title='bbox 2429 3625 2603 3687; x_wconf 91' lang='lat' dir='ltr'><strong>nobis</strong></span> <span class='ocrx_word' id='word_1_221' title='bbox 2633 3627 2866 3689; x_wconf 90' lang='lat' dir='ltr'><strong>edenda</strong></span> <span class='ocrx_word' id='word_1_222' title='bbox 2897 3637 3010 3691; x_wconf 89' lang='lat' dir='ltr'><strong>est.</strong></span> 
     </span>
    </p>
   </div>
   <div class='ocr_carea' id='block_1_26' title="bbox 420 3703 3710 3794">
    <p class='ocr_par' dir='ltr' id='par_1_26' title="bbox 420 3703 3710 3794">
     <span class='ocr_line' id='line_1_26' title="bbox 420 3703 3710 3794; baseline 0.001 -22"><span class='ocrx_word' id='word_1_223' title='bbox 420 3710 668 3794; x_wconf 79' lang='lat' dir='ltr'><strong>Photius</strong></span> <span class='ocrx_word' id='word_1_224' title='bbox 691 3703 936 3789; x_wconf 80' lang='lat' dir='ltr'><strong>Scripsit</strong></span> <span class='ocrx_word' id='word_1_225' title='bbox 957 3707 1238 3794; x_wconf 78' lang='lat' dir='ltr'><strong>epistolas</strong></span> <span class='ocrx_word' id='word_1_226' title='bbox 1261 3705 1544 3794; x_wconf 40' lang='lat' dir='ltr'><strong>variashde</strong></span> <span class='ocrx_word' id='word_1_227' title='bbox 1579 3704 1760 3794; x_wconf 76' lang='lat' dir='ltr'><strong>rebus</strong></span> <span class='ocrx_word' id='word_1_228' title='bbox 1792 3703 2120 3794; x_wconf 83' lang='lat' dir='ltr'><strong>canonicis,</strong></span> <span class='ocrx_word' id='word_1_229' title='bbox 2155 3703 2300 3794; x_wconf 71' lang='lat' dir='ltr'><strong>quas</strong></span> <span class='ocrx_word' id='word_1_230' title='bbox 2333 3724 2440 3794; x_wconf 79' lang='lat' dir='ltr'><strong>su_o</strong></span> <span class='ocrx_word' id='word_1_231' title='bbox 2471 3707 2604 3768; x_wconf 93' lang='lat' dir='ltr'><strong>loco</strong></span> <span class='ocrx_word' id='word_1_232' title='bbox 2636 3707 2958 3772; x_wconf 90' lang='lat' dir='ltr'><strong>edidimus.</strong></span> <span class='ocrx_word' id='word_1_233' title='bbox 2995 3709 3241 3774; x_wconf 70' lang='lat' dir='ltr'><strong>Caztcris</strong></span> <span class='ocrx_word' id='word_1_234' title='bbox 3268 3709 3500 3774; x_wconf 87' lang='lat' dir='ltr'><strong>eminet</strong></span> <span class='ocrx_word' id='word_1_235' title='bbox 3532 3714 3710 3794; x_wconf 90' lang='lat' dir='ltr'><strong>epis-</strong></span> 
     </span>
    </p>
   </div>
   <div class='ocr_carea' id='block_1_27' title="bbox 339 3784 3092 3868">
    <p class='ocr_par' dir='ltr' id='par_1_27' title="bbox 339 3784 3092 3868">
     <span class='ocr_line' id='line_1_27' title="bbox 339 3784 3092 3868; baseline -0.003 -15"><span class='ocrx_word' id='word_1_236' title='bbox 339 3792 458 3854; x_wconf 82' lang='lat' dir='ltr'><strong>tola</strong></span> <span class='ocrx_word' id='word_1_237' title='bbox 488 3791 562 3852; x_wconf 88' lang='lat' dir='ltr'><strong>ad</strong></span> <span class='ocrx_word' id='word_1_238' title='bbox 593 3784 851 3854; x_wconf 86' lang='lat' dir='ltr'><strong>Leonem</strong></span> <span class='ocrx_word' id='word_1_239' title='bbox 890 3784 1408 3868; x_wconf 77' lang='lat' dir='ltr'><strong>archiepiscopum</strong></span> <span class='ocrx_word' id='word_1_240' title='bbox 1443 3785 1735 3868; x_wconf 60' lang='lat' dir='ltr'><strong>Calabria:</strong></span> <span class='ocrx_word' id='word_1_241' title='bbox 1765 3804 1897 3861; x_wconf 65' lang='lat' dir='ltr'><strong>quae</strong></span> <span class='ocrx_word' id='word_1_242' title='bbox 1923 3793 2013 3868; x_wconf 89' lang='lat' dir='ltr'><strong>est</strong></span> <span class='ocrx_word' id='word_1_243' title='bbox 2039 3800 2186 3868; x_wconf 52' lang='lat' dir='ltr'><strong>avni</strong></span> <span class='ocrx_word' id='word_1_244' title='bbox 2220 3784 2360 3868; x_wconf 81' lang='lat' dir='ltr'><strong>libri</strong></span> <span class='ocrx_word' id='word_1_245' title='bbox 2391 3787 2436 3848; x_wconf 92' lang='grc' dir='ltr'>Ι.</span> <span class='ocrx_word' id='word_1_246' title='bbox 2515 3866 2548 3868; x_wconf 24' lang='grc' dir='ltr'>Α</span> <span class='ocrx_word' id='word_1_247' title='bbox 2815 3867 2818 3868; x_wconf 15' lang='grc' dir='ltr'><em>ν</em></span> <span class='ocrx_word' id='word_1_248' title='bbox 3089 3797 3092 3800; x_wconf 77' lang='lat'><em>‘</em></span> 
     </span>
    </p>
   </div>
   <div class='ocr_carea' id='block_1_28' title="bbox 417 3865 3712 3951">
    <p class='ocr_par' dir='ltr' id='par_1_28' title="bbox 417 3865 3712 3951">
     <span class='ocr_line' id='line_1_28' title="bbox 417 3865 3712 3951; baseline 0 -15"><span class='ocrx_word' id='word_1_249' title='bbox 417 3871 644 3936; x_wconf 88' lang='lat' dir='ltr'><strong>Seriem</strong></span> <span class='ocrx_word' id='word_1_250' title='bbox 678 3872 888 3934; x_wconf 88' lang='lat' dir='ltr'><strong>horum</strong></span> <span class='ocrx_word' id='word_1_251' title='bbox 923 3865 1178 3951; x_wconf 75' lang='lat' dir='ltr'><strong>operum</strong></span> <span class='ocrx_word' id='word_1_252' title='bbox 1191 3865 1432 3951; x_wconf 82' lang='lat' dir='ltr'><strong>claudet</strong></span> <span class='ocrx_word' id='word_1_253' title='bbox 1462 3866 1828 3951; x_wconf 75' lang='lat' dir='ltr'><strong>opusculum</strong></span> <span class='ocrx_word' id='word_1_254' title='bbox 1884 3865 2077 3951; x_wconf 79' lang='lat' dir='ltr'><strong>Pbotii</strong></span> <span class='ocrx_word' id='word_1_255' title='bbox 2131 3865 2287 3951; x_wconf 81' lang='lat' dir='ltr'><strong>quod</strong></span> <span class='ocrx_word' id='word_1_256' title='bbox 2313 3865 2694 3951; x_wconf 63' lang='lat' dir='ltr'><strong>inscribitur</strong></span> <span class='ocrx_word' id='word_1_257' title='bbox 2727 3886 2740 3931; x_wconf 91' lang='lat'><strong>:</strong></span> <span class='ocrx_word' id='word_1_258' title='bbox 2799 3867 3303 3951; x_wconf 80' lang='lat' dir='ltr'><strong>Interrogationes</strong></span> <span class='ocrx_word' id='word_1_259' title='bbox 3332 3872 3537 3935; x_wconf 82' lang='lat' dir='ltr'><strong>decem</strong></span> <span class='ocrx_word' id='word_1_260' title='bbox 3566 3892 3712 3936; x_wconf 65' lang='lat' dir='ltr'><strong>cum</strong></span> 
     </span>
    </p>
   </div>
   <div class='ocr_carea' id='block_1_29' title="bbox 339 3945 3710 4036">
    <p class='ocr_par' dir='ltr' id='par_1_29' title="bbox 339 3945 3710 4036">
     <span class='ocr_line' id='line_1_29' title="bbox 339 3945 3710 4036; baseline 0.001 -23"><span class='ocrx_word' id='word_1_261' title='bbox 339 3954 590 4036; x_wconf 70' lang='lat' dir='ltr'><strong>totidem</strong></span> <span class='ocrx_word' id='word_1_262' title='bbox 622 3945 1130 4036; x_wconf 60' lang='lat' dir='ltr'><strong>responsion&#39;ibus.</strong></span> <span class='ocrx_word' id='word_1_263' title='bbox 1165 3950 1355 4036; x_wconf 72' lang='lat' dir='ltr'><strong>Fmtet</strong></span> <span class='ocrx_word' id='word_1_264' title='bbox 1385 3945 1906 4036; x_wconf 77' lang='lat' dir='ltr'><strong>quidem_lib_ellu_s</strong></span> <span class='ocrx_word' id='word_1_265' title='bbox 1932 3947 2047 4036; x_wconf 73' lang='lat' dir='ltr'><strong>iste</strong></span> <span class='ocrx_word' id='word_1_266' title='bbox 2078 3945 2214 4008; x_wconf 92' lang='lat' dir='ltr'><strong>odio</strong></span> <span class='ocrx_word' id='word_1_267' title='bbox 2243 3947 2625 4012; x_wconf 89' lang='lat' dir='ltr'><strong>schismatico</strong></span> <span class='ocrx_word' id='word_1_268' title='bbox 2652 3969 2668 4030; x_wconf 89' lang='lat'><strong>;</strong></span> <span class='ocrx_word' id='word_1_269' title='bbox 2703 3951 2808 4012; x_wconf 88' lang='lat' dir='ltr'><strong>sed</strong></span> <span class='ocrx_word' id='word_1_270' title='bbox 2838 3971 2955 4014; x_wconf 91' lang='lat' dir='ltr'><strong>non</strong></span> <span class='ocrx_word' id='word_1_271' title='bbox 2980 3945 3114 4014; x_wconf 71' lang='lat' dir='ltr'><strong>ideo</strong></span> <span class='ocrx_word' id='word_1_272' title='bbox 3147 3953 3710 4034; x_wconf 63' lang='lat' dir='ltr'><strong>praetermittenda:</strong></span> 
     </span>
    </p>
   </div>
   <div class='ocr_carea' id='block_1_30' title="bbox 335 4026 1998 4110">
    <p class='ocr_par' dir='ltr' id='par_1_30' title="bbox 335 4026 1998 4110">
     <span class='ocr_line' id='line_1_30' title="bbox 335 4026 1998 4110; baseline -0.001 -17"><span class='ocrx_word' id='word_1_273' title='bbox 335 4033 470 4108; x_wconf 83' lang='lat' dir='ltr'><strong>fuit,</strong></span> <span class='ocrx_word' id='word_1_274' title='bbox 503 4026 805 4110; x_wconf 85' lang='lat' dir='ltr'><strong>siquidem</strong></span> <span class='ocrx_word' id='word_1_275' title='bbox 838 4032 1068 4094; x_wconf 85' lang='lat' dir='ltr'><strong>indicet</strong></span> <span class='ocrx_word' id='word_1_276' title='bbox 1092 4031 1264 4106; x_wconf 74' lang='lat' dir='ltr'><strong>cuius</strong></span> <span class='ocrx_word' id='word_1_277' title='bbox 1305 4028 1559 4107; x_wconf 83' lang='lat' dir='ltr'><strong>spiritus</strong></span> <span class='ocrx_word' id='word_1_278' title='bbox 1590 4026 1839 4088; x_wconf 87' lang='lat' dir='ltr'><strong>Photius</strong></span> <span class='ocrx_word' id='word_1_279' title='bbox 1865 4026 1998 4091; x_wconf 85' lang='lat' dir='ltr'><strong>fuit.</strong></span> 
     </span>
    </p>
   </div>
   <div class='ocr_carea' id='block_1_31' title="bbox 1225 4335 2804 4456">
    <p class='ocr_par' dir='ltr' id='par_1_31' title="bbox 1225 4335 2804 4456">
     <span class='ocr_line' id='line_1_31' title="bbox 1225 4335 2804 4456; baseline 0 -2"><span class='ocrx_word' id='word_1_280' title='bbox 1225 4361 1380 4455; x_wconf 87' lang='lat' dir='ltr'><strong>DE</strong></span> <span class='ocrx_word' id='word_1_281' title='bbox 1454 4335 1882 4453; x_wconf 85' lang='lat' dir='ltr'><strong>PHOTII</strong></span> <span class='ocrx_word' id='word_1_282' title='bbox 1959 4355 2804 4456; x_wconf 86' lang='lat' dir='ltr'><strong>SYNTAGMATE</strong></span> 
     </span>
    </p>
   </div>
   <div class='ocr_carea' id='block_1_32' title="bbox 982 4566 3022 4660">
    <p class='ocr_par' dir='ltr' id='par_1_32' title="bbox 982 4566 3022 4660">
     <span class='ocr_line' id='line_1_32' title="bbox 982 4566 3022 4660; baseline 0.001 -22"><span class='ocrx_word' id='word_1_283' title='bbox 982 4575 1238 4657; x_wconf 81' lang='lat' dir='ltr'><strong>(Angelo</strong></span> <span class='ocrx_word' id='word_1_284' title='bbox 1295 4575 1407 4640; x_wconf 81' lang='lat' dir='ltr'><strong>MAI</strong></span> <span class='ocrx_word' id='word_1_285' title='bbox 1458 4572 1748 4656; x_wconf 78' lang='lat' dir='ltr'><strong>Spicileg.</strong></span> <span class='ocrx_word' id='word_1_286' title='bbox 1807 4566 1984 4638; x_wconf 85' lang='lat' dir='ltr'><strong>Rom.</strong></span> <span class='ocrx_word' id='word_1_287' title='bbox 2044 4582 2190 4641; x_wconf 87' lang='lat' dir='ltr'><strong>tom.</strong></span> <span class='ocrx_word' id='word_1_288' title='bbox 2255 4574 2381 4653; x_wconf 87' lang='lat' dir='ltr'><strong>VII,</strong></span> <span class='ocrx_word' id='word_1_289' title='bbox 2443 4575 2612 4658; x_wconf 72' lang='lat' dir='ltr'><strong>praef.</strong></span> <span class='ocrx_word' id='word_1_290' title='bbox 2667 4594 2804 4659; x_wconf 79' lang='lat' dir='ltr'><strong>pag.</strong></span> <span class='ocrx_word' id='word_1_291' title='bbox 2865 4577 3022 4660; x_wconf 88' lang='lat' dir='ltr'><strong>vm.)</strong></span> 
     </span>
    </p>
   </div>
   <div class='ocr_carea' id='block_1_33' title="bbox 390 4752 1977 4837">
    <p class='ocr_par' dir='ltr' id='par_1_33' title="bbox 390 4752 1960 4837">
     <span class='ocr_line' id='line_1_33' title="bbox 390 4752 1960 4837; baseline -0.002 -18"><span class='ocrx_word' id='word_1_292' title='bbox 390 4755 583 4819; x_wconf 89' lang='lat' dir='ltr'><strong>Pbotii</strong></span> <span class='ocrx_word' id='word_1_293' title='bbox 597 4756 935 4837; x_wconf 83' lang='lat' dir='ltr'><strong>Syntagma</strong></span> <span class='ocrx_word' id='word_1_294' title='bbox 954 4773 1255 4820; x_wconf 86' lang='lat' dir='ltr'><strong>canonum</strong></span> <span class='ocrx_word' id='word_1_295' title='bbox 1270 4753 1450 4832; x_wconf 84' lang='lat' dir='ltr'><strong>(quod</strong></span> <span class='ocrx_word' id='word_1_296' title='bbox 1465 4753 1538 4816; x_wconf 88' lang='lat' dir='ltr'><strong>ab</strong></span> <span class='ocrx_word' id='word_1_297' title='bbox 1562 4752 1812 4818; x_wconf 89' lang='lat' dir='ltr'><strong>eruditis</strong></span> <span class='ocrx_word' id='word_1_298' title='bbox 1825 4773 1960 4818; x_wconf 93' lang='lat' dir='ltr'><strong>cum</strong></span> 
     </span>
    </p>
   </div>
   <div class='ocr_carea' id='block_1_34' title="bbox 2103 4752 3690 4837">
    <p class='ocr_par' dir='ltr' id='par_1_34' title="bbox 2103 4754 3690 4834">
     <span class='ocr_line' id='line_1_34' title="bbox 2103 4754 3690 4834; baseline 0 -20"><span class='ocrx_word' id='word_1_299' title='bbox 2103 4763 2265 4834; x_wconf 63' lang='grc' dir='ltr'><strong>δηστῇ</strong></span> <span class='ocrx_word' id='word_1_300' title='bbox 2293 4754 2603 4830; x_wconf 75' lang='grc' dir='ltr'><strong>διδασγαλίᾳ</strong></span> <span class='ocrx_word' id='word_1_301' title='bbox 2635 4757 2843 4814; x_wconf 79' lang='grc' dir='ltr'>πάντων</span> <span class='ocrx_word' id='word_1_302' title='bbox 2873 4756 3163 4834; x_wconf 80' lang='grc' dir='ltr'><strong>ἀνθρώπων</strong></span> <span class='ocrx_word' id='word_1_303' title='bbox 3220 4755 3527 4823; x_wconf 73' lang='grc' dir='ltr'><strong>ἐκτεθέντας</strong></span> <span class='ocrx_word' id='word_1_304' title='bbox 3556 4760 3690 4815; x_wconf 77' lang='grc' dir='ltr'><strong>θεο-</strong></span> 
     </span>
    </p>
   </div>
   <div class='ocr_carea' id='block_1_35' title="bbox 323 4844 1910 4927">
    <p class='ocr_par' dir='ltr' id='par_1_35' title="bbox 323 4844 1910 4927">
     <span class='ocr_line' id='line_1_35' title="bbox 323 4844 1910 4927; baseline -0.001 -20"><span class='ocrx_word' id='word_1_305' title='bbox 323 4846 593 4925; x_wconf 88' lang='lat' dir='ltr'><strong>ejusdem</strong></span> <span class='ocrx_word' id='word_1_306' title='bbox 611 4845 1234 4927; x_wconf 80' lang='lat' dir='ltr'><strong>Synagogecanonum</strong></span> <span class='ocrx_word' id='word_1_307' title='bbox 1249 4844 1531 4906; x_wconf 85' lang='lat' dir='ltr'><strong>confundi</strong></span> <span class='ocrx_word' id='word_1_308' title='bbox 1547 4845 1721 4918; x_wconf 85' lang='lat' dir='ltr'><strong>solet)</strong></span> <span class='ocrx_word' id='word_1_309' title='bbox 1741 4845 1910 4906; x_wconf 79' lang='lat' dir='ltr'><strong>habet</strong></span> 
     </span>
    </p>
   </div>
   <div class='ocr_carea' id='block_1_36' title="bbox 2107 4844 3694 4927">
    <p class='ocr_par' dir='ltr' id='par_1_36' title="bbox 2107 4846 3694 4925">
     <span class='ocr_line' id='line_1_36' title="bbox 2107 4846 3694 4925; baseline 0.002 -24"><span class='ocrx_word' id='word_1_310' title='bbox 2107 4859 2273 4911; x_wconf 74' lang='grc' dir='ltr'><strong>ιεπεῐς</strong></span> <span class='ocrx_word' id='word_1_311' title='bbox 2306 4846 2530 4908; x_wconf 64' lang='grc' dir='ltr'>κανόνας</span> <span class='ocrx_word' id='word_1_312' title='bbox 2564 4848 2635 4912; x_wconf 76' lang='grc' dir='ltr'><strong>εἰς</strong></span> <span class='ocrx_word' id='word_1_313' title='bbox 2686 4849 2878 4904; x_wconf 74' lang='grc' dir='ltr'><strong>ταυτὸν</strong></span> <span class='ocrx_word' id='word_1_314' title='bbox 2909 4860 3258 4925; x_wconf 72' lang='grc' dir='ltr'><strong>συναγαγεῖν,</strong></span> <span class='ocrx_word' id='word_1_315' title='bbox 3305 4847 3540 4913; x_wconf 77' lang='grc' dir='ltr'><strong>ἑκάστης</strong></span> <span class='ocrx_word' id='word_1_316' title='bbox 3588 4869 3694 4905; x_wconf 80' lang='grc' dir='ltr'><strong>συ-</strong></span> 
     </span>
    </p>
   </div>
   <div class='ocr_carea' id='block_1_37' title="bbox 327 4933 1914 5018">
    <p class='ocr_par' dir='ltr' id='par_1_37' title="bbox 327 4933 1914 5018">
     <span class='ocr_line' id='line_1_37' title="bbox 327 4933 1914 5018; baseline 0 -23"><span class='ocrx_word' id='word_1_317' title='bbox 327 4952 422 4996; x_wconf 85' lang='lat' dir='ltr'><strong>me</strong></span> <span class='ocrx_word' id='word_1_318' title='bbox 440 4935 502 4996; x_wconf 93' lang='lat' dir='ltr'><strong>in</strong></span> <span class='ocrx_word' id='word_1_319' title='bbox 526 4936 1009 5018; x_wconf 85' lang='lat' dir='ltr'><strong>manibus,idque</strong></span> <span class='ocrx_word' id='word_1_320' title='bbox 1034 4933 1184 5018; x_wconf 81' lang='lat' dir='ltr'><strong>typis</strong></span> <span class='ocrx_word' id='word_1_321' title='bbox 1203 4934 1525 5015; x_wconf 86' lang='lat' dir='ltr'><strong>aliquando</strong></span> <span class='ocrx_word' id='word_1_322' title='bbox 1549 4934 1675 4995; x_wconf 84' lang='lat' dir='ltr'><strong>fore</strong></span> <span class='ocrx_word' id='word_1_323' title='bbox 1699 4935 1914 4996; x_wconf 91' lang='lat' dir='ltr'><strong>traditu</strong></span> 
     </span>
    </p>
   </div>
   <div class='ocr_carea' id='block_1_38' title="bbox 2105 4933 3692 5018">
    <p class='ocr_par' dir='ltr' id='par_1_38' title="bbox 2105 4935 3692 5015">
     <span class='ocr_line' id='line_1_38' title="bbox 2105 4935 3692 5015; baseline 0 -23"><span class='ocrx_word' id='word_1_324' title='bbox 2105 4936 2195 4994; x_wconf 80' lang='grc' dir='ltr'><strong>ὃου</strong></span> <span class='ocrx_word' id='word_1_325' title='bbox 2224 4942 2291 5012; x_wconf 69' lang='grc' dir='ltr'><strong>τῇ</strong></span> <span class='ocrx_word' id='word_1_326' title='bbox 2324 4937 2655 5014; x_wconf 74' lang='grc' dir='ltr'><strong>προσηγορίᾳ</strong></span> <span class='ocrx_word' id='word_1_327' title='bbox 2703 4938 2826 5001; x_wconf 82' lang='grc' dir='ltr'>τοὺς</span> <span class='ocrx_word' id='word_1_328' title='bbox 2877 4940 3041 5004; x_wconf 67' lang='grc' dir='ltr'><strong>αότῆς</strong></span> <span class='ocrx_word' id='word_1_329' title='bbox 3071 4935 3352 5015; x_wconf 83' lang='grc' dir='ltr'><strong>ἐχομένως</strong></span> <span class='ocrx_word' id='word_1_330' title='bbox 3383 4937 3692 5002; x_wconf 78' lang='grc' dir='ltr'><strong>ὑποτιθείς,</strong></span> 
     </span>
    </p>
   </div>
   <div class='ocr_carea' id='block_1_39' title="bbox 319 5024 3703 5106">
    <p class='ocr_par' dir='ltr' id='par_1_39' title="bbox 319 5024 3703 5106">
     <span class='ocr_line' id='line_1_39' title="bbox 319 5024 3703 5106; baseline 0.001 -22"><span class='ocrx_word' id='word_1_331' title='bbox 319 5024 612 5097; x_wconf 87' lang='lat' dir='ltr'><strong>rum,dixi</strong></span> <span class='ocrx_word' id='word_1_332' title='bbox 638 5025 860 5106; x_wconf 89' lang='lat' dir='ltr'><strong>aliquot</strong></span> <span class='ocrx_word' id='word_1_333' title='bbox 878 5027 1097 5089; x_wconf 87' lang='lat' dir='ltr'><strong>abhinc</strong></span> <span class='ocrx_word' id='word_1_334' title='bbox 1122 5025 1294 5087; x_wconf 91' lang='lat' dir='ltr'><strong>annis</strong></span> <span class='ocrx_word' id='word_1_335' title='bbox 1313 5025 1371 5085; x_wconf 91' lang='lat' dir='ltr'><strong>in</strong></span> <span class='ocrx_word' id='word_1_336' title='bbox 1397 5024 1841 5105; x_wconf 82' lang='lat' dir='ltr'><strong>prolegomenis</strong></span> <span class='ocrx_word' id='word_1_337' title='bbox 1865 5043 1957 5085; x_wconf 86' lang='lat' dir='ltr'><strong>re-</strong></span> <span class='ocrx_word' id='word_1_338' title='bbox 2043 5024 2342 5106; x_wconf 75' lang='lat' dir='ltr'><strong>Quotquot</strong></span> <span class='ocrx_word' id='word_1_339' title='bbox 2364 5042 2402 5086; x_wconf 93' lang='lat' dir='ltr'><strong>a</strong></span> <span class='ocrx_word' id='word_1_340' title='bbox 2423 5026 2649 5088; x_wconf 74' lang='lat' dir='ltr'><strong>sanctis</strong></span> <span class='ocrx_word' id='word_1_341' title='bbox 2673 5025 2874 5088; x_wconf 86' lang='lat' dir='ltr'><strong>decem</strong></span> <span class='ocrx_word' id='word_1_342' title='bbox 2894 5025 3442 5106; x_wconf 77' lang='lat' dir='ltr'><strong>synndis,diversis</strong></span> <span class='ocrx_word' id='word_1_343' title='bbox 3464 5031 3703 5106; x_wconf 75' lang='lat' dir='ltr'><strong>tempo-</strong></span> 
     </span>
    </p>
   </div>
   <div class='ocr_carea' id='block_1_40' title="bbox 320 5112 3694 5196">
    <p class='ocr_par' dir='ltr' id='par_1_40' title="bbox 320 5112 3694 5196">
     <span class='ocr_line' id='line_1_40' title="bbox 320 5112 3694 5196; baseline 0.001 -25"><span class='ocrx_word' id='word_1_344' title='bbox 320 5112 519 5190; x_wconf 75' lang='lat' dir='ltr'><strong>petitze</strong></span> <span class='ocrx_word' id='word_1_345' title='bbox 577 5113 854 5176; x_wconf 86' lang='lat' dir='ltr'><strong>editionis</strong></span> <span class='ocrx_word' id='word_1_346' title='bbox 919 5118 1061 5178; x_wconf 92' lang='lat' dir='ltr'><strong>tomi</strong></span> <span class='ocrx_word' id='word_1_347' title='bbox 1121 5117 1143 5178; x_wconf 93' lang='grc' dir='ltr'><strong>Ι</strong></span> <span class='ocrx_word' id='word_1_348' title='bbox 1223 5116 1606 5196; x_wconf 77' lang='lat' dir='ltr'><strong>Scriptorum</strong></span> <span class='ocrx_word' id='word_1_349' title='bbox 1657 5122 1949 5194; x_wconf 80' lang='lat' dir='ltr'><strong>veterum,</strong></span> <span class='ocrx_word' id='word_1_350' title='bbox 2038 5113 2230 5191; x_wconf 84' lang='lat' dir='ltr'><strong>ribus,</strong></span> <span class='ocrx_word' id='word_1_351' title='bbox 2265 5115 2344 5176; x_wconf 84' lang='lat' dir='ltr'><strong>ad</strong></span> <span class='ocrx_word' id='word_1_352' title='bbox 2370 5114 2667 5176; x_wconf 85' lang='lat' dir='ltr'><strong>salutaris</strong></span> <span class='ocrx_word' id='word_1_353' title='bbox 2690 5115 3539 5195; x_wconf 78' lang='lat' dir='ltr'><strong>doctrinwconﬁrmationem,</strong></span> <span class='ocrx_word' id='word_1_354' title='bbox 3576 5117 3694 5176; x_wconf 83' lang='lat' dir='ltr'><strong>bo-</strong></span> 
     </span>
    </p>
   </div>
   <div class='ocr_carea' id='block_1_41' title="bbox 319 5202 3691 5286">
    <p class='ocr_par' dir='ltr' id='par_1_41' title="bbox 319 5202 3691 5286">
     <span class='ocr_line' id='line_1_41' title="bbox 319 5202 3691 5286; baseline 0.001 -26"><span class='ocrx_word' id='word_1_355' title='bbox 319 5219 593 5281; x_wconf 79' lang='lat' dir='ltr'><strong>p.xxvnt;</strong></span> <span class='ocrx_word' id='word_1_356' title='bbox 618 5222 732 5282; x_wconf 86' lang='lat' dir='ltr'><strong>quo</strong></span> <span class='ocrx_word' id='word_1_357' title='bbox 758 5224 915 5265; x_wconf 85' lang='lat' dir='ltr'><strong>nunc</strong></span> <span class='ocrx_word' id='word_1_358' title='bbox 940 5208 1231 5286; x_wconf 88' lang='lat' dir='ltr'><strong>promisso</strong></span> <span class='ocrx_word' id='word_1_359' title='bbox 1258 5205 1497 5282; x_wconf 83' lang='lat' dir='ltr'><strong>defungi</strong></span> <span class='ocrx_word' id='word_1_360' title='bbox 1521 5205 1746 5279; x_wconf 90' lang='lat' dir='ltr'><strong>volens,</strong></span> <span class='ocrx_word' id='word_1_361' title='bbox 1767 5204 1953 5267; x_wconf 86' lang='lat' dir='ltr'><strong>trinas</strong></span> <span class='ocrx_word' id='word_1_362' title='bbox 2037 5220 2298 5284; x_wconf 72' lang='lat' dir='ltr'><strong>namque</strong></span> <span class='ocrx_word' id='word_1_363' title='bbox 2319 5206 2586 5266; x_wconf 82' lang='lat' dir='ltr'><strong>omnium</strong></span> <span class='ocrx_word' id='word_1_364' title='bbox 2605 5203 2913 5267; x_wconf 80' lang='lat' dir='ltr'><strong>hominum</strong></span> <span class='ocrx_word' id='word_1_365' title='bbox 2951 5205 3392 5266; x_wconf 79' lang='lat' dir='ltr'><strong>institutionem</strong></span> <span class='ocrx_word' id='word_1_366' title='bbox 3424 5202 3691 5279; x_wconf 77' lang='lat' dir='ltr'><strong>habilis,</strong></span> 
     </span>
    </p>
   </div>
   <div class='ocr_carea' id='block_1_42' title="bbox 319 5289 3695 5374">
    <p class='ocr_par' dir='ltr' id='par_1_42' title="bbox 319 5289 3695 5374">
     <span class='ocr_line' id='line_1_42' title="bbox 319 5289 3695 5374; baseline 0.001 -24"><span class='ocrx_word' id='word_1_367' title='bbox 319 5289 502 5351; x_wconf 89' lang='lat' dir='ltr'><strong>Pbotii</strong></span> <span class='ocrx_word' id='word_1_368' title='bbox 533 5292 689 5352; x_wconf 88' lang='lat' dir='ltr'><strong>circa</strong></span> <span class='ocrx_word' id='word_1_369' title='bbox 701 5293 802 5371; x_wconf 91' lang='lat' dir='ltr'><strong>jus</strong></span> <span class='ocrx_word' id='word_1_370' title='bbox 826 5295 1175 5356; x_wconf 86' lang='lat' dir='ltr'><strong>canonicum</strong></span> <span class='ocrx_word' id='word_1_371' title='bbox 1192 5313 1366 5356; x_wconf 87' lang='lat' dir='ltr'><strong>curas</strong></span> <span class='ocrx_word' id='word_1_372' title='bbox 1388 5296 1756 5372; x_wconf 75' lang='lat' dir='ltr'><strong>distinguere</strong></span> <span class='ocrx_word' id='word_1_373' title='bbox 1777 5302 1952 5374; x_wconf 85' lang='lat' dir='ltr'><strong>atque</strong></span> <span class='ocrx_word' id='word_1_374' title='bbox 2037 5297 2187 5355; x_wconf 77' lang='lat' dir='ltr'><strong>editi</strong></span> <span class='ocrx_word' id='word_1_375' title='bbox 2213 5303 2355 5356; x_wconf 83' lang='lat' dir='ltr'><strong>sunt</strong></span> <span class='ocrx_word' id='word_1_376' title='bbox 2395 5302 2555 5355; x_wconf 80' lang='lat' dir='ltr'><strong>sacri</strong></span> <span class='ocrx_word' id='word_1_377' title='bbox 2597 5311 2883 5369; x_wconf 85' lang='lat' dir='ltr'><strong>canones,</strong></span> <span class='ocrx_word' id='word_1_378' title='bbox 2915 5313 3012 5355; x_wconf 85' lang='lat' dir='ltr'><strong>eos</strong></span> <span class='ocrx_word' id='word_1_379' title='bbox 3038 5311 3142 5372; x_wconf 87' lang='lat' dir='ltr'><strong>ego</strong></span> <span class='ocrx_word' id='word_1_380' title='bbox 3163 5311 3367 5355; x_wconf 81' lang='lat' dir='ltr'><strong>omnes</strong></span> <span class='ocrx_word' id='word_1_381' title='bbox 3391 5294 3456 5354; x_wconf 88' lang='lat' dir='ltr'><strong>in</strong></span> <span class='ocrx_word' id='word_1_382' title='bbox 3486 5312 3695 5357; x_wconf 83' lang='lat' dir='ltr'><strong>unum</strong></span> 
     </span>
    </p>
   </div>
   <div class='ocr_carea' id='block_1_43' title="bbox 317 5378 3696 5464">
    <p class='ocr_par' dir='ltr' id='par_1_43' title="bbox 317 5378 3696 5464">
     <span class='ocr_line' id='line_1_43' title="bbox 317 5378 3696 5464; baseline 0.002 -24"><span class='ocrx_word' id='word_1_383' title='bbox 317 5378 380 5440; x_wconf 90' lang='lat' dir='ltr'><strong>in</strong></span> <span class='ocrx_word' id='word_1_384' title='bbox 401 5390 778 5442; x_wconf 83' lang='lat' dir='ltr'><strong>antecessum</strong></span> <span class='ocrx_word' id='word_1_385' title='bbox 799 5401 1097 5462; x_wconf 82' lang='lat' dir='ltr'><strong>exponere</strong></span> <span class='ocrx_word' id='word_1_386' title='bbox 1121 5402 1368 5445; x_wconf 88' lang='lat' dir='ltr'><strong>necesse</strong></span> <span class='ocrx_word' id='word_1_387' title='bbox 1391 5394 1502 5447; x_wconf 90' lang='lat' dir='ltr'><strong>est.</strong></span> <span class='ocrx_word' id='word_1_388' title='bbox 1540 5384 1794 5445; x_wconf 86' lang='lat' dir='ltr'><strong>Primam</strong></span> <span class='ocrx_word' id='word_1_389' title='bbox 1835 5385 1950 5444; x_wconf 89' lang='lat' dir='ltr'><strong>ita-</strong></span> <span class='ocrx_word' id='word_1_390' title='bbox 2035 5401 2249 5462; x_wconf 84' lang='lat' dir='ltr'><strong>corpus</strong></span> <span class='ocrx_word' id='word_1_391' title='bbox 2273 5382 2634 5463; x_wconf 79' lang='lat' dir='ltr'><strong>colligendos</strong></span> <span class='ocrx_word' id='word_1_392' title='bbox 2659 5385 2919 5464; x_wconf 84' lang='lat' dir='ltr'><strong>suscepi,</strong></span> <span class='ocrx_word' id='word_1_393' title='bbox 2953 5386 3040 5444; x_wconf 82' lang='lat' dir='ltr'><strong>ita</strong></span> <span class='ocrx_word' id='word_1_394' title='bbox 3089 5391 3157 5444; x_wconf 85' lang='lat' dir='ltr'><strong>ut</strong></span> <span class='ocrx_word' id='word_1_395' title='bbox 3205 5384 3696 5463; x_wconf 76' lang='lat' dir='ltr'><strong>uniuscuiusque</strong></span> 
     </span>
    </p>
   </div>
   <div class='ocr_carea' id='block_1_44' title="bbox 318 5471 3698 5554">
    <p class='ocr_par' dir='ltr' id='par_1_44' title="bbox 318 5471 3698 5554">
     <span class='ocr_line' id='line_1_44' title="bbox 318 5471 3698 5554; baseline 0.002 -24"><span class='ocrx_word' id='word_1_396' title='bbox 318 5487 435 5549; x_wconf 91' lang='lat' dir='ltr'><strong>que</strong></span> <span class='ocrx_word' id='word_1_397' title='bbox 458 5489 660 5531; x_wconf 88' lang='lat' dir='ltr'><strong>curam</strong></span> <span class='ocrx_word' id='word_1_398' title='bbox 687 5490 852 5532; x_wconf 89' lang='lat' dir='ltr'><strong>suam</strong></span> <span class='ocrx_word' id='word_1_399' title='bbox 879 5473 965 5531; x_wconf 91' lang='lat' dir='ltr'><strong>sic</strong></span> <span class='ocrx_word' id='word_1_400' title='bbox 991 5481 1195 5533; x_wconf 88' lang='lat' dir='ltr'><strong>narrat</strong></span> <span class='ocrx_word' id='word_1_401' title='bbox 1222 5473 1469 5534; x_wconf 85' lang='lat' dir='ltr'><strong>Photius</strong></span> <span class='ocrx_word' id='word_1_402' title='bbox 1491 5483 1626 5533; x_wconf 84' lang='lat' dir='ltr'><strong>ante</strong></span> <span class='ocrx_word' id='word_1_403' title='bbox 1647 5471 1951 5534; x_wconf 85' lang='lat' dir='ltr'><strong>Nomoca-</strong></span> <span class='ocrx_word' id='word_1_404' title='bbox 2033 5474 2251 5552; x_wconf 82' lang='lat' dir='ltr'><strong>synodi</strong></span> <span class='ocrx_word' id='word_1_405' title='bbox 2269 5473 2669 5552; x_wconf 78' lang='lat' dir='ltr'><strong>appellationi</strong></span> <span class='ocrx_word' id='word_1_406' title='bbox 2693 5491 2766 5535; x_wconf 84' lang='lat' dir='ltr'><strong>ac</strong></span> <span class='ocrx_word' id='word_1_407' title='bbox 2796 5476 2974 5536; x_wconf 72' lang='lat' dir='ltr'><strong>titulo</strong></span> <span class='ocrx_word' id='word_1_408' title='bbox 2997 5477 3097 5534; x_wconf 87' lang='lat' dir='ltr'><strong>sui</strong></span> <span class='ocrx_word' id='word_1_409' title='bbox 3111 5473 3390 5554; x_wconf 73' lang='lat' dir='ltr'><strong>proxime</strong></span> <span class='ocrx_word' id='word_1_410' title='bbox 3426 5489 3698 5538; x_wconf 84' lang='lat' dir='ltr'><strong>canones</strong></span> 
     </span>
    </p>
   </div>
   <div class='ocr_carea' id='block_1_45' title="bbox 317 5560 3697 5642">
    <p class='ocr_par' dir='ltr' id='par_1_45' title="bbox 317 5560 3697 5642">
     <span class='ocr_line' id='line_1_45' title="bbox 317 5560 3697 5642; baseline 0.001 -22"><span class='ocrx_word' id='word_1_411' title='bbox 317 5561 631 5622; x_wconf 76' lang='lat' dir='ltr'><strong>nunumin</strong></span> <span class='ocrx_word' id='word_1_412' title='bbox 660 5560 1033 5636; x_wconf 64' lang='lat' dir='ltr'><strong>Praefatione,</strong></span> <span class='ocrx_word' id='word_1_413' title='bbox 1069 5579 1241 5642; x_wconf 86' lang='lat' dir='ltr'><strong>quam</strong></span> <span class='ocrx_word' id='word_1_414' title='bbox 1285 5579 1358 5620; x_wconf 84' lang='lat' dir='ltr'><strong>ex</strong></span> <span class='ocrx_word' id='word_1_415' title='bbox 1379 5561 1698 5623; x_wconf 87' lang='lat' dir='ltr'><strong>Oxoniensi</strong></span> <span class='ocrx_word' id='word_1_416' title='bbox 1746 5562 1957 5624; x_wconf 90' lang='lat' dir='ltr'><strong>codice</strong></span> <span class='ocrx_word' id='word_1_417' title='bbox 2039 5562 2295 5642; x_wconf 77' lang='lat' dir='ltr'><strong>subjecti</strong></span> <span class='ocrx_word' id='word_1_418' title='bbox 2341 5564 2488 5623; x_wconf 82' lang='lat' dir='ltr'><strong>sint.</strong></span> <span class='ocrx_word' id='word_1_419' title='bbox 2531 5563 2736 5642; x_wconf 83' lang='lat' dir='ltr'><strong>Pergit</strong></span> <span class='ocrx_word' id='word_1_420' title='bbox 2783 5561 3005 5624; x_wconf 83' lang='lat' dir='ltr'><strong>deinde</strong></span> <span class='ocrx_word' id='word_1_421' title='bbox 3050 5562 3254 5624; x_wconf 89' lang='lat' dir='ltr'><strong>dicere</strong></span> <span class='ocrx_word' id='word_1_422' title='bbox 3297 5562 3565 5639; x_wconf 87' lang='lat' dir='ltr'><strong>Photius,</strong></span> <span class='ocrx_word' id='word_1_423' title='bbox 3618 5583 3697 5628; x_wconf 89' lang='lat' dir='ltr'><strong>se</strong></span> 
     </span>
    </p>
   </div>
   <div class='ocr_carea' id='block_1_46' title="bbox 313 5644 3694 5734">
    <p class='ocr_par' dir='ltr' id='par_1_46' title="bbox 313 5644 3694 5734">
     <span class='ocr_line' id='line_1_46' title="bbox 313 5644 3694 5734; baseline 0 -22"><span class='ocrx_word' id='word_1_424' title='bbox 313 5644 608 5714; x_wconf 76' lang='lat' dir='ltr'><strong>Justellus</strong></span> <span class='ocrx_word' id='word_1_425' title='bbox 629 5649 1144 5726; x_wconf 83' lang='lat' dir='ltr'><strong>edidit,Bibl.can.</strong></span> <span class='ocrx_word' id='word_1_426' title='bbox 1175 5659 1214 5712; x_wconf 94' lang='lat' dir='ltr'><strong>t.</strong></span> <span class='ocrx_word' id='word_1_427' title='bbox 1235 5647 1309 5725; x_wconf 88' lang='lat' dir='ltr'><strong>II,</strong></span> <span class='ocrx_word' id='word_1_428' title='bbox 1335 5669 1394 5730; x_wconf 92' lang='lat' dir='ltr'><strong>p.</strong></span> <span class='ocrx_word' id='word_1_429' title='bbox 1425 5651 1558 5712; x_wconf 82' lang='lat'><strong>789:</strong></span> <span class='ocrx_word' id='word_1_430' title='bbox 1587 5652 1952 5731; x_wconf 79' lang='grc' dir='ltr'><strong>Ἐπεχείρησα</strong></span> <span class='ocrx_word' id='word_1_431' title='bbox 2036 5669 2298 5713; x_wconf 89' lang='lat' dir='ltr'><strong>canones</strong></span> <span class='ocrx_word' id='word_1_432' title='bbox 2338 5671 2578 5734; x_wconf 90' lang='lat' dir='ltr'><strong>quoque</strong></span> <span class='ocrx_word' id='word_1_433' title='bbox 2633 5652 3064 5733; x_wconf 79' lang='lat' dir='ltr'><strong>apostolorum,</strong></span> <span class='ocrx_word' id='word_1_434' title='bbox 3098 5652 3390 5732; x_wconf 78' lang='lat' dir='ltr'><strong>synodum</strong></span> <span class='ocrx_word' id='word_1_435' title='bbox 3422 5650 3694 5714; x_wconf 84' lang='lat' dir='ltr'><strong>Cartha-</strong></span> 
     </span>
    </p>
   </div>
   <div class='ocr_carea' id='block_1_47' title="bbox 311 5738 1898 5824">
    <p class='ocr_par' dir='ltr' id='par_1_47' title="bbox 311 5739 1898 5824">
     <span class='ocr_line' id='line_1_47' title="bbox 311 5739 1898 5824; baseline -0.001 -25"><span class='ocrx_word' id='word_1_436' title='bbox 311 5743 436 5809; x_wconf 75' lang='grc' dir='ltr'><strong>τοὺς</strong></span> <span class='ocrx_word' id='word_1_437' title='bbox 463 5743 565 5799; x_wconf 75' lang='grc' dir='ltr'><strong>ὑπὸ</strong></span> <span class='ocrx_word' id='word_1_438' title='bbox 593 5748 698 5798; x_wconf 77' lang='grc' dir='ltr'><strong>τῶν</strong></span> <span class='ocrx_word' id='word_1_439' title='bbox 726 5744 781 5798; x_wconf 74' lang='grc' dir='ltr'><strong>ἓν</strong></span> <span class='ocrx_word' id='word_1_440' title='bbox 824 5743 1037 5824; x_wconf 79' lang='grc' dir='ltr'>χρόνοις</span> <span class='ocrx_word' id='word_1_441' title='bbox 1068 5739 1340 5822; x_wconf 76' lang='grc' dir='ltr'>διαφόροις</span> <span class='ocrx_word' id='word_1_442' title='bbox 1383 5740 1760 5819; x_wconf 79' lang='grc' dir='ltr'><strong>γεγένημένων</strong></span> <span class='ocrx_word' id='word_1_443' title='bbox 1785 5740 1898 5819; x_wconf 77' lang='grc' dir='ltr'><strong>ἀγῖυ</strong></span> 
     </span>
    </p>
   </div>
   <div class='ocr_carea' id='block_1_48' title="bbox 2099 5738 3686 5824">
    <p class='ocr_par' dir='ltr' id='par_1_48' title="bbox 2099 5738 3686 5822">
     <span class='ocr_line' id='line_1_48' title="bbox 2099 5738 3686 5822; baseline 0.002 -20"><span class='ocrx_word' id='word_1_444' title='bbox 2099 5739 2373 5804; x_wconf 88' lang='lat' dir='ltr'><strong>niensem</strong></span> <span class='ocrx_word' id='word_1_445' title='bbox 2409 5741 2542 5822; x_wconf 91' lang='lat' dir='ltr'><strong>(sub</strong></span> <span class='ocrx_word' id='word_1_446' title='bbox 2572 5741 2824 5822; x_wconf 88' lang='lat' dir='ltr'><strong>primate</strong></span> <span class='ocrx_word' id='word_1_447' title='bbox 2851 5739 3119 5817; x_wconf 82' lang='lat' dir='ltr'><strong>Aurelio)</strong></span> <span class='ocrx_word' id='word_1_448' title='bbox 3159 5750 3219 5804; x_wconf 89' lang='lat' dir='ltr'><strong>et</strong></span> <span class='ocrx_word' id='word_1_449' title='bbox 3249 5738 3686 5805; x_wconf 90' lang='lat' dir='ltr'><strong>nonnullorum</strong></span> 
     </span>
    </p>
   </div>
   <div class='ocr_carea' id='block_1_49' title="bbox 309 5827 1896 5912">
    <p class='ocr_par' dir='ltr' id='par_1_49' title="bbox 309 5827 1896 5912">
     <span class='ocr_line' id='line_1_49' title="bbox 309 5827 1896 5912; baseline -0.002 -22"><span class='ocrx_word' id='word_1_450' title='bbox 309 5831 439 5893; x_wconf 75' lang='grc' dir='ltr'><strong>δέκα</strong></span> <span class='ocrx_word' id='word_1_451' title='bbox 461 5831 693 5893; x_wconf 80' lang='grc' dir='ltr'><strong>συνόδων</strong></span> <span class='ocrx_word' id='word_1_452' title='bbox 719 5832 802 5892; x_wconf 78' lang='grc' dir='ltr'><strong>ἐπὶ</strong></span> <span class='ocrx_word' id='word_1_453' title='bbox 846 5830 1128 5912; x_wconf 80' lang='grc' dir='ltr'><strong>βεϐαιώσει</strong></span> <span class='ocrx_word' id='word_1_454' title='bbox 1159 5837 1251 5890; x_wconf 80' lang='grc' dir='ltr'><strong>τοῦ</strong></span> <span class='ocrx_word' id='word_1_455' title='bbox 1272 5831 1538 5910; x_wconf 80' lang='grc' dir='ltr'><strong>σωτηρίου</strong></span> <span class='ocrx_word' id='word_1_456' title='bbox 1561 5827 1826 5910; x_wconf 65' lang='grc' dir='ltr'><strong>δόγματος</strong></span> <span class='ocrx_word' id='word_1_457' title='bbox 1861 5853 1896 5887; x_wconf 63' lang='grc' dir='ltr'><strong>ρο</strong></span> 
     </span>
    </p>
   </div>
   <div class='ocr_carea' id='block_1_50' title="bbox 2088 5827 3675 5912">
    <p class='ocr_par' dir='ltr' id='par_1_50' title="bbox 2088 5829 3675 5896">
     <span class='ocr_line' id='line_1_50' title="bbox 2088 5829 3675 5896; baseline 0.001 -2"><span class='ocrx_word' id='word_1_458' title='bbox 2088 5837 2376 5894; x_wconf 82' lang='lat' dir='ltr'><strong>motorum</strong></span> <span class='ocrx_word' id='word_1_459' title='bbox 2432 5831 2675 5895; x_wconf 88' lang='lat' dir='ltr'><strong>Patrum</strong></span> <span class='ocrx_word' id='word_1_460' title='bbox 2729 5831 2880 5896; x_wconf 89' lang='lat' dir='ltr'><strong>alios</strong></span> <span class='ocrx_word' id='word_1_461' title='bbox 2935 5849 3196 5896; x_wconf 82' lang='lat' dir='ltr'><strong>canones</strong></span> <span class='ocrx_word' id='word_1_462' title='bbox 3248 5848 3357 5894; x_wconf 78' lang='lat' dir='ltr'><strong>seu</strong></span> <span class='ocrx_word' id='word_1_463' title='bbox 3413 5829 3675 5895; x_wconf 83' lang='lat' dir='ltr'><strong>decreta</strong></span> 
     </span>
    </p>
   </div>
  </div>
