4108 6222
304 331 420 401 437

1098 290 1521 403 SYNTAGMA
1560 338 1957 403 CANONUM.

2004 371 2084 385 —
2136 341 2206 403 A.
2256 342 2397 404 MAI
2444 343 2870 409 PREFATIO.
3553 340 3672 411 438

297 470 413 532 sibi
454 483 743 555 excerpta
772 475 1099 559 sumpserit
1127 475 1516 554 Syntagmati
1547 486 1604 538 et
1648 496 1780 541 mox
1811 477 1938 540 No-
1966 478 2000 527 A
2027 473 2684 551 associaverit,causam
2710 486 2912 541 narrat
2932 478 3191 559 ipsemet
3209 477 3530 544 Pbotinsin
3548 480 3667 543 ﬁne

297 568 626 624 mocanoni
654 565 1122 627 substernenda.
1151 565 1374 646 Utique
1430 565 1555 627 haec
1587 568 1783 647 legum
1814 568 1905 631 col

2031 562 2250 642 prioris
2275 564 2505 645 prologi
2542 587 2555 629 :
2584 568 2651 625 Εἴ
2674 592 2777 626 που
2807 567 2862 625 δὲ
2885 568 3123 648 χρειώδη
3148 572 3276 647 πρὸς
3298 572 3390 637 τὰς
3416 572 3666 634 τοιαύτας

293 648 502 726 lectio,
542 672 660 714 non
691 654 823 716 sine
854 673 1067 735 magna
1100 665 1298 717 tamen
1319 655 1789 738 varietate,apud
1811 657 1944 721 Jus-

290 739 504 802 tellum
553 762 795 823 quoque
828 744 888 805 in
920 745 1190 807 secundo
1219 744 1526 806 volumine
1556 754 1668 807 est.
1704 748 1820 809 Sed
1853 754 1942 809 ut-

2028 656 2307 716 ιιανονικὰς
2328 657 2637 734 συγγραφὰς
2656 657 2755 723 τὴν
2778 660 3063 727 πολιτικὴν
3102 661 3412 734 νομοθεσίαν
3432 660 3665 728 ὑπείλη-

2024 764 2119 821 φα,
2156 745 2353 809 ταύτης
2375 746 2585 822 βραχέα
2606 768 2661 802 τε
2684 749 2772 803 καὶ
2793 749 3203 823 συντετμημὲνα
3233 764 3351 815 τοῖς
3385 750 3662 827 συγγενέσι

291 848 533 910 cunque
572 851 642 894 ea
671 851 770 895 res
825 853 892 896 se
950 835 1152 909 habet,
1189 835 1397 898 titulos
1429 836 1608 914 hujus
1642 835 1905 899 Vaticana

2022 830 2330 909 κεφαλαίοις
2353 836 2707 911 προσήρμοσα
2728 837 2785 892 ἐν
2807 835 3055 908 ἰδιάζοντι
3089 839 3235 916 μέρει
3266 838 3430 906 τῆσδε
3450 845 3550 906 τῆς
3571 841 3663 915 βι-

286 918 648 1002 Synagoges
671 925 931 986 recitare
960 926 1180 1005 placet.

369 1009 464 1067 Ἐκ
488 1014 601 1069 τῶν
624 1016 762 1084 μετὰ
781 1013 991 1072 Κώδικα
1008 1016 1161 1072 θείων
1184 1016 1397 1093 Νεαρῶν
1419 1016 1704 1082 διατάξεων
1725 1026 1818 1075 τοῦ
1834 1024 1933 1086 τῆς

293 1099 427 1162 θείας
444 1098 659 1170 λήξεως
680 1102 1059 1161 Ἰουστινιανοῦ
1079 1103 1315 1184 διάφοροι
1331 1104 1931 1184 διατάξεις,συνᾴ⁵ἓουσαι

288 1186 573 1265 ἐξαιρέτως
596 1205 716 1257 τοῖς
736 1195 898 1257 θείοις
922 1195 1007 1249 καὶ
1034 1197 1202 1272 ἱεροῖς
1221 1195 1526 1266 κανόσι,καὶ
1550 1194 1609 1251 ἐκ
1630 1197 1930 1271 περιουσίας

279 1281 377 1345 τὴν
394 1280 603 1336 οἰκείαν
627 1283 787 1361 ἰσχὺν
809 1282 1089 1356 νέμουσαν
1118 1284 1210 1348 αἷς
1248 1283 1394 1348 τάξιν
1438 1285 1556 1339 τινὰ
1595 1286 1681 1341 καὶ
1713 1284 1928 1361 ὰριθμὸν

277 1366 628 1437 ἐπεθήκαμεν
672 1374 806 1439 πρὸς
857 1372 1119 1444 σύντομον
1153 1371 1358 1451 εὕρεσιν
1392 1379 1483 1428 τοῦ
1510 1371 1929 1447 ἔπιζητουμένου

274 1456 594 1535 κεφαλαίων
629 1457 713 1516 διὰ
742 1463 829 1534 τὸ,
881 1462 956 1522 ὡς
990 1460 1230 1539 εἴρηται,
1258 1461 1319 1517 ἐκ
1348 1458 1612 1539 διαφόρων
1643 1460 1928 1528 διατάξεων

272 1547 413 1603 εἶναι
436 1548 505 1607 τὰ
532 1550 923 1629 συνταχθέντα,
961 1551 1035 1614 ὡς
1054 1551 1410 1607 ὑποτέτακται
1434 1568 1450 1584 ⁶
1496 1550 1599 1612 Ea:
1618 1550 1927 1614 divalibus

271 1646 401 1715 post
424 1637 713 1700 Codicem
727 1637 1003 1700 Noveltis
1027 1638 1559 1701 constitutionibus
1577 1641 1927 1703 Iustiniani

277 1722 504 1789 divina
527 1728 909 1798 sortitionis,
940 1727 1202 1789 diversa:
1241 1726 1406 1808 leges
1445 1745 1578 1807 qua:
1626 1731 1928 1806 praecipua

2018 917 2149 977 ϐλου
2165 928 2272 977 τῶν
2293 925 2365 987 εἰς
2409 922 2865 994 ἐκκλησιαστικῆν
2884 927 3193 993 ἀνηκόντων
3223 927 3483 1001 εὐταξίαν,
3521 927 3574 983 ἕν
3602 950 3660 997 τε

2016 1024 2133 1071 τοῖς
2156 1013 2469 1085 βασιλικοῖς
2499 1015 2882 1093 θεσπίσμασιν,
2908 1015 2963 1071 ἓν
2983 1038 3039 1072 τε
3062 1030 3184 1081 ταῖς
3209 1022 3315 1072 τῶν
3347 1021 3527 1097 σοφῶν
3557 1019 3659 1096 ἁρ-

2015 1101 2519 1174 μονίαις,σύντοιιον
2531 1102 2586 1157 ἐν
2605 1104 2889 1181 συναγωγῇ
2907 1107 3276 1178 ποιησάμενος
3300 1106 3527 1163 ἔκθεσιν·
3543 1107 3656 1175 ἅμα

2014 1188 2111 1262 μὲν
2134 1192 2208 1252 εἰς
2233 1191 2557 1265 ἀνάμνησιν,
2593 1192 2704 1267 ἅμα
2751 1192 2806 1249 δὲ
2827 1196 2958 1266 πρὸς
2977 1194 3187 1252 τελείαν
3210 1199 3382 1252 αὒτῶν
3407 1199 3529 1260 τοὺς
3560 1197 3655 1252 ἐν-

2011 1268 2383 1359 τυγχάνοντας
2406 1281 2619 1356 ἔρευναν
2663 1283 2985 1360 (ὁδηγήσατ)
3024 1305 3037 1319 ⁸
3066 1284 3270 1348 Sicubi
3301 1302 3445 1349 vero
3477 1285 3659 1348 utiles

2010 1371 2088 1429 ad
2110 1370 2459 1442 huiusmodi
2479 1373 2777 1433 canonica
2794 1375 3026 1453 scripta
3050 1375 3261 1436 civiles
3295 1377 3453 1454 leges
3481 1374 3656 1437 orbi..-

2009 1465 2207 1520 tratus
2225 1476 2386 1532 sum,
2412 1477 2611 1539 pauca
2631 1461 2905 1541 quautam
2927 1480 3115 1541 eaque
3134 1463 3339 1524 brevia
3361 1483 3440 1525 ea:
3460 1465 3537 1527 iis
3557 1466 3658 1527 de-

2006 1555 2244 1624 sumpta
2257 1550 2965 1631 congruentibuscapitul
2974 1554 3025 1614 is
3043 1553 3656 1633 adjunxiinpmpria

2007 1635 2153 1697 libri
2176 1637 2362 1713 hujus
2382 1646 2587 1718 parte;
2612 1657 2821 1702 eorum
2841 1640 3071 1704 scilicet
3095 1659 3227 1720 quos
3243 1642 3323 1703 ad
3359 1642 3655 1705 Ecclesiae

2007 1734 2234 1788 rectum
2256 1729 2533 1789 ordinem
2550 1730 2855 1807 pertinent
2876 1748 3012 1792 cum
3038 1733 3106 1792 in
3143 1732 3332 1809 regiis
3372 1730 3648 1807 decretis,

276 1829 614 1877 consonant
636 1833 774 1877 cum
796 1819 990 1878 sacris
1013 1816 1578 1897 canonibus,eisque
1595 1820 1923 1898 praprlum
1949 1833 1985 1884 Β
2008 1823 2133 1877 tum
2167 1818 2231 1876 in
2274 1818 2670 1897 prudentium
2718 1820 3340 1900 interpretationibus,
3375 1820 3653 1884 breviata

276 1919 355 1965 ea:
372 1904 758 1968 abundantia
779 1909 902 1968 vim
922 1905 1201 1968 tribuunt
1224 1925 1244 1983 ;
1268 1907 1482 1984 quibus
1502 1924 1615 1969 nos
1649 1908 1925 1971 ordinem

286 1995 605 2074 quemdam
615 2013 1027 2076 numerosque
1045 2001 1465 2076 opposuimus,
1490 2003 1559 2059 ut
1578 1999 1925 2069 expeditius

289 2085 637 2163 reperiatur
658 2087 981 2166 quaesitum
1004 2086 1282 2165 quodque
1302 2085 1661 2165 capitulum;
1677 2094 1921 2166 propte-

289 2189 397 2235 rea
424 2174 582 2255 quod
626 2192 707 2237 ea:
752 2174 1016 2237 diuersis
1063 2174 1601 2238 constitutionibus
1628 2178 1745 2237 sint
1775 2194 1919 2238 coa-

291 2268 667 2339 cervata,“
688 2264 859 2343 infra
887 2265 1231 2343 subjicitur.
1266 2263 1412 2326 Cod.
1450 2282 1506 2344 p.
1541 2264 1837 2328 663-697.

382 2351 651 2418 Διατάεεις
688 2355 862 2429 νόμων
895 2353 1193 2411 πολιτικῶν
1221 2354 1282 2410 ἐκ
1323 2358 1430 2409 τῶν
1459 2360 1673 2431 Νεαρῶν
1703 2354 1923 2411 Ἰουστι-

302 2446 505 2497 νιανοῦ·
529 2438 798 2508 διατάξεων
851 2447 942 2500 καὶ
984 2444 1178 2520 ἑτέρων
1208 2442 1495 2519 βασιλέων,
1532 2450 1918 2521 συνηγοροῦσαι

304 2529 390 2585 καὶ
418 2528 753 2610 ἰπικυροῦσαιη
770 2533 895 2595 τοὺς
926 2540 1032 2589 τῶν
1062 2534 1229 2610 ἁγίων
1258 2531 1509 2607 Πατέρων
1537 2532 1914 2599 ἐκκλησιαστιο

298 2619 418 2682 κοὸς
447 2621 660 2686 κανόνας
690 2640 707 2684 :
742 2621 981 2684 Sintula
1013 2619 1217 2700 legum
1258 2619 1533 2684 ciuilium
1563 2638 1638 2683 ea:
1666 2621 1919 2685 novellis

285 2706 615 2771 Iustiniani
652 2717 711 2771 et
756 2710 1021 2773 aliorum
1056 2712 1495 2789 imperatorum
1524 2711 1912 2773 constitutio-

285 2795 613 2877 nibus,un
664 2800 879 2878 favent
926 2808 983 2862 et
1032 2800 1572 2878 conﬁrmationem
1611 2800 1917 2877 adjiciunt

282 2884 703 2952 ecclesiasticis
732 2896 1088 2953 sanctorum
1119 2889 1382 2952 Patrum
1410 2890 1746 2952 canonibus
1774 2888 1913 2953 Haec

277 2976 493 3040 habent
521 2987 691 3040 notas
717 2982 1030 3060 temporis,
1055 2989 1116 3040 et
1137 2978 1616 3057 subscriptiones
1647 2980 1907 3055 Latinas,

273 3065 483 3129 litteris
512 3068 845 3147 singularis
901 3069 961 3130 in
1010 3071 1154 3150 jure
1203 3069 1414 3132 formae
1444 3068 1719 3148 scriptas.
1759 3070 1906 3133 Cod.

276 3174 332 3236 p.
364 3156 672 3221 697-765.

348 3249 647 3327 Συναγωγὴ
701 3254 812 3306 τῶν
858 3248 1155 3327 εἰρημένων
1208 3247 1265 3303 ἐν
1310 3254 1388 3320 τῷ
1442 3246 1633 3305 Κώδικι
1669 3251 1904 3314 καὶτοῖς

273 3336 548 3414 Διγὲστοις
605 3339 701 3395 καὶ
736 3351 860 3404 ταῖς
911 3348 1147 3415 Νεαραϊς
1198 3335 1489 3407 διατάξεσι,
1534 3340 1653 3413 περὶ
1681 3338 1904 3396 ἐπισκό-

267 3447 403 3506 πων,
446 3425 548 3484 καὶ
606 3425 904 3505 κληρικῶν,
955 3429 1045 3484 καὶ
1085 3432 1372 3506 μοναχῶν,
1426 3429 1515 3483 καὶ
1571 3428 1902 3505 πραγμάτων

264 3514 489 3594 εὖαγῶν,
539 3513 720 3573 ἔτιδὲ
766 3516 861 3573 καί
912 3515 1180 3575 Ἰουδαίων
1221 3518 1311 3572 καὶ
1348 3518 1648 3593 αἱρετικῶς),
1696 3520 1757 3575 ὲκ
1810 3518 1903 3574 τοῦ

261 3605 469 3683 πρώτου
495 3603 712 3684 βιϐλίου
738 3613 835 3663 τοῦ
869 3605 1104 3668 Nam:
1134 3622 1148 3637 ’
1206 3603 1492 3667 Colleclio
1523 3622 1735 3667 eorum
1765 3623 1903 3686 quae

259 3692 556 3757 dicuntur
576 3700 654 3758 in
682 3695 923 3769 Codice,
961 3694 1241 3775 Digestis,
1276 3701 1334 3754 et
1380 3694 1643 3756 novellis
1671 3692 1902 3756 Consti-

260 3784 618 3857 tutionibus,
638 3783 713 3846 de
737 3789 869 3865 epis
884 3785 1057 3864 rapis,
1090 3783 1693 3860 clericis,monacltis,
1723 3783 1902 3846 rebus

254 3875 476 3954 sacris,
509 3875 661 3936 item
707 3873 784 3935 de
839 3871 1072 3935 Iudicis
1119 3879 1177 3934 el
1230 3873 1554 3948 haereticis,
1594 3890 1672 3933 ea:
1703 3873 1901 3951 primo

258 3962 497 4027 (Indicis
524 3960 712 4026 libre.
747 3961 892 4026 Cod.
932 3981 992 4043 p.
1029 3962 1321 4026 765-840.

689 4052 1129 4130 τῶνσποράδην
1187 4052 1244 4108 ἐν
1288 4066 1409 4117 τοῖς
1470 4053 1750 4129 Διγὲστοις
1808 4058 1896 4111 καὶ

251 4139 627 4204 Ἰνστιτούτοις
690 4143 978 4218 κειμένων,
1049 4144 1171 4218 περὶ
1226 4145 1382 4220 ἱερῶν
1438 4143 1617 4198 τόπων
1676 4165 1734 4199 τε
1805 4147 1893 4201 καὶ

248 4234 583 4309 πραγμάτων
644 4234 735 4289 καὶ
809 4238 917 4288 τῶν
974 4233 1030 4288 ἐν
1085 4232 1274 4295 αὖτοῖς
1336 4231 1635 4308 γινομένων
1689 4253 1746 4288 τε
1804 4236 1892 4290 οιαὶ

247 4319 780 4397 πλημμελουμένων,
844 4323 936 4377 καὶ
990 4324 1110 4399 περὶ
1169 4322 1378 4399 ἱερέων,
1433 4320 1510 4378 ἔτι
1542 4320 1597 4377 δὲ
1626 4322 1714 4378 καὶ
1750 4322 1890 4379 Ἰου-

247 4406 399 4466 δαίων
443 4413 539 4468 val
592 4414 810 4483 θυσιῶν,
875 4411 964 4467 καὶ
1020 4416 1130 4467 τῶν
1188 4410 1510 4487 ἀπάγόντων
1564 4411 1713 4474 τιδὰς
1756 4413 1888 4488 πρὸς

249 4498 690 4577 ἂπητορευμένας
721 4501 1029 4573 θρησκείας,
1062 4501 1151 4556 καὶ
1181 4502 1300 4577 περὶ
1330 4501 1640 4578 ἀποστροφῆς
1660 4500 1885 4579 παίδων⁷

248 4591 538 4665 γιρόντων,
573 4590 660 4645 καὶ
689 4591 943 4645 ἁσθενῶν⁹
981 4586 1278 4650 Collectio
1316 4589 1588 4667 sparsim
1627 4596 1885 4650 exstan-

251 4676 392 4738 tium
424 4679 494 4740 in
535 4678 795 4755 Digestis
822 4685 878 4738 et
910 4675 1429 4754 Institutionibus,
1463 4677 1538 4739 de
1566 4677 1762 4738 sacris
1790 4676 1884 4738 lo-

249 4767 331 4827 ris
358 4784 433 4829 ac
461 4767 758 4848 negotiis,
789 4766 943 4829 etde
967 4768 1046 4827 iis
1075 4784 1211 4847 quae
1240 4769 1307 4828 in
1332 4766 1427 4828 his
1455 4766 1615 4845 ﬁunt
1636 4766 1730 4827 uel
1757 4785 1886 4846 pec-

250 4866 494 4933 cantur;
519 4864 574 4919 el
601 4857 678 4918 de
699 4856 1153 4926 sacerdotibus;
1183 4858 1435 4933 insuper
1462 4858 1536 4917 de
1562 4856 1793 4919 Iudaeis
1815 4875 1887 4920 ac

250 4947 587 5024 sacrificiis;
619 4953 679 5006 et
707 4945 795 5008 de.
810 4947 891 5007 iis
912 4947 1025 5023 qui
1055 4945 1293 5026 aliquos
1322 4946 1630 5008 abducunt
1666 4947 1745 5008 ad
1773 4965 1876 5009 ve-

249 5032 382 5096 titas
411 5037 776 5114 religiones;
806 5035 967 5097 etde
993 5033 1233 5097 alendis
1258 5037 1498 5115 pueris,
1525 5034 1794 5111 senibus,
1822 5043 1881 5101 et

246 5124 699 5201 ngratantibus.

2007 1904 2271 1985 quadam
2298 1906 2651 1970 collectione
2670 1910 2915 1971 omnino
2935 1913 3363 1990 complectens;
3385 1915 3510 1972 tum
3530 1929 3651 1973 me-

2007 1997 2224 2056 moriae
2260 2014 2471 2076 causa,
2504 2010 2631 2059 tum
2673 2006 2739 2059 ut
2777 1999 2855 2060 ad
2874 1999 3110 2076 plenam
3132 2006 3406 2078 ipsarum
3440 2016 3649 2062 rerum

2009 2085 2464 2159 indagationem
2488 2084 2739 2149 lectores
2755 2086 3136 2149 deducerem.
3165 2086 3282 2150 Sed
3310 2106 3425 2149 non
3454 2088 3649 2167 placet

2005 2175 2122 2233 hoc
2145 2173 2328 2235 Leoni
2346 2175 2564 2237 Allatio
2590 2175 2957 2251 institutum,
2981 2176 3165 2257 quiin
3191 2195 3375 2257 opere
3399 2176 3477 2236 De
3497 2195 3645 2239 con-

2000 2262 3144 2343 sensu,lib.1,cap.15,p.221,rationem
3172 2267 3327 2327 banc
3347 2264 3646 2329 Nomoca-

2001 2367 2252 2428 nonum,
2287 2352 2349 2413 id
2372 2362 2462 2414 est
2485 2354 2562 2413 im
2575 2354 2867 2433 peralium
2891 2355 3093 2433 legum
3118 2373 3254 2415 cum
3277 2354 3643 2434 episcopali-

2003 2440 2112 2501 bus
2133 2442 2357 2521 regulis
2377 2443 2861 2522 copulam,prava
2878 2462 3018 2522 erga
3039 2444 3347 2525 principes
3368 2453 3643 2506 assenta-

2002 2530 2161 2590 tione
2184 2538 2553 2610 progenitam
2569 2532 3027 2612 judicat.N1mis
3049 2533 3108 2594 id
3128 2533 3380 2595 fortasse
3411 2533 3638 2596 dictum

2000 2636 2231 2682 severe:
2259 2622 2485 2683 etenim
2509 2622 2877 2702 civilisjuris
2901 2642 3038 2683 cum
3072 2624 3364 2685 canonico
3389 2642 3639 2703 compa-

2000 2709 2178 2779 ratio,
2214 2710 2338 2772 sive
2362 2711 2423 2771 in
2445 2710 2863 2791 Syntagmate
2884 2722 3091 2774 nostro
3114 2712 3237 2775 sive
3258 2712 3319 2772 in
3337 2713 3637 2776 Nomoca-

1996 2810 2242 2880 none,et
2266 2801 2478 2863 multas
2495 2801 2671 2864 habet
2697 2802 3074 2872 utilitates,et
3095 2803 3323 2863 nullum
3351 2821 3455 2881 per
3475 2822 3542 2865 se
3560 2804 3641 2865 vi-

1996 2890 2140 2951 tium
2189 2890 2467 2953 redolere
2494 2891 2748 2953 videtur.
2782 2891 2850 2953 In
2875 2911 3127 2971 corpore
3140 2891 3299 2971 juris
3318 2892 3638 2971 antejusti-

1993 2979 2195 3041 nianei
2219 2981 2461 3060 antiqua
2483 2987 2673 3042 exstat
2693 2982 3089 3044 Mosaicarum
3137 2990 3195 3042 et
3227 2982 3632 3044 Romanarum

1992 3068 2190 3146 legum
2217 3070 2818 3151 collatio.lnsuperin
2841 3070 3211 3133 Francorum
3235 3089 3442 3149 regum
3467 3070 3637 3151 Capi-

1927 3201 1967 3252 C
1995 3159 2308 3232 tularibus,
2336 3169 2393 3221 et
2433 3160 2493 3221 in
2521 3160 2917 3252 Barbarorum
2948 3159 3180 3252 legibus
3199 3161 3354 3252 apud
3379 3158 3633 3252 Carteia-

1992 3268 2164 3328 num,
2197 3258 2341 3331 quot
2387 3259 2727 3331 quantaque
2778 3250 3121 3329 bujusmodi
3146 3250 3468 3313 habemus!
3501 3250 3633 3313 Non

1989 3340 2144 3418 quod
2167 3339 2382 3401 saecula
2394 3340 2479 3400 ris
2503 3346 2765 3419 potestas
2782 3357 2909 3401 rem
2933 3340 3273 3418 religiosam
3290 3339 3632 3418 gubernare

1988 3429 2286 3509 queat,vel
2306 3429 2630 3508 quidquam
2664 3439 2874 3490 contra
2888 3447 3151 3490 canones
3170 3430 3497 3512 imperare;
3524 3432 3632 3495 sed

1987 3517 2126 3595 quia
2144 3516 2523 3596 disciplinam
2543 3516 2795 3595 judiciis
2815 3516 3261 3596 episcopalibus
3277 3517 3401 3595 jam
3448 3535 3626 3580 cons-

1986 3607 2215 3666 titutam
2244 3606 2384 3667 boni
2409 3604 2714 3686 principes
2734 3606 2898 3684 regia
2948 3606 3001 3665 vi
3041 3605 3444 3667 roborandam
3469 3606 3628 3686 ejus-

1986 3713 2103 3773 que
2125 3695 2351 3773 praxim
2374 3694 2786 3774 imperandum
2806 3693 3416 3758 curabant.Cmterum
3442 3696 3624 3756 etiam

1983 3785 2365 3861 Beveregius,
2394 3784 2480 3845 vir
2498 3784 2897 3862 Anglicanus,
2922 3782 3034 3844 sub
3056 3802 3197 3862 rege
3215 3783 3494 3845 scribens
3521 3784 3625 3861 qui

1980 3875 2329 3952 religiosum
2352 3875 2668 3953 primatum
2696 3881 2756 3935 et
2777 3874 3190 3935 auctoritatem
3210 3884 3619 3953 usurpaverat,

1980 3966 2209 4027 fortiter
2231 3964 2555 4024 admodum
2583 3982 2692 4041 pro
2737 3962 3029 4025 Ecclesiae
3049 3961 3330 4024 libertate
3351 3972 3409 4023 et
3431 3964 3625 4024 omni—

1980 4054 2157 4115 moda
2198 4054 2257 4114 in
2300 4051 2485 4115 sacris
2534 4060 2825 4133 potestate
2869 4052 3139 4114 decertat
3157 4051 3231 4113 ad
3283 4054 3625 4115 Pandectas

1976 4161 2278 4205 canonum
2300 4142 2850 4221 Prolegom.cap.9,
2875 4141 3352 4205 Occidentalium
3376 4142 3621 4222 episco-

1978 4252 2210 4311 porum,
2239 4233 2658 4314 praecipueque
2688 4231 3226 4311 Rom.pontiﬁcum
3261 4251 3367 4312 pro
3400 4233 3622 4295 tuenda

1972 4322 2255 4402 spiritalis
2313 4324 2401 4383 rei
2464 4322 2740 4383 libertate
2772 4322 3127 4383 notissimus
3155 4322 3321 4398 vigor
3347 4331 3437 4383 est
3465 4344 3478 4386 :
3512 4341 3617 4384 re-

1973 4413 2279 4473 missiores
2336 4411 2644 4473 interdum
2697 4411 2806 4472 visi
2858 4422 2997 4472 sunt
3028 4410 3243 4485 Graci,
3276 4429 3615 4493 quanquam

1970 4520 2073 4565 eos
2105 4501 2442 4564 luculenter
2503 4501 2790 4574 praedicto
2845 4501 2979 4564 loco
3028 4501 3306 4562 defendit
3330 4501 3613 4575 Allatius,

1971 4590 2243 4652 adductis
2273 4589 2476 4651 multis
2508 4588 2568 4649 in
2592 4587 2865 4656 medium
2892 4590 3275 4663 testimoniis,
3306 4607 3437 4668 quae
3460 4589 3617 4652 Grai-

1971 4698 2098 4741 cam
2125 4680 2302 4740 etiam
2329 4677 2660 4740 Ecclesiam
2692 4676 3029 4739 libertatem
3058 4696 3225 4739 suam
3252 4696 3357 4756 pro
3388 4677 3614 4740 viribus

1970 4787 2355 4831 conservasse
2386 4767 2803 4829 demonstrant
2835 4768 2950 4844 (α).

2053 4860 2252 4920 Placet
2280 4866 2477 4919 autem
2503 4856 2648 4916 mihi
2673 4855 3139 4934 dieputatiouem
3168 4854 3376 4916 Allatii
3405 4856 3513 4917 bac
3533 4855 3610 4918 de

1965 4946 2382 5024 recumnlare,
2411 4946 2638 5021 prolato
2656 4944 2969 5023 alio,quod
3005 4943 3159 5022 apud
3196 4962 3332 5004 eum
3370 4964 3487 5005 non
3520 4956 3607 5007 est

1964 5035 2329 5107 testimonio,
2366 5033 2521 5095 libro
2555 5052 2777 5112 nempe
2805 5034 3091 5113 synodico
3143 5033 3426 5097 Ecclesiae
3453 5037 3612 5096 Con-

1960 5137 2006 5189 st
2020 5145 2043 5187 3
2055 5124 2502 5202 ntinopolitanze
2517 5122 2641 5184 sive
2657 5123 2942 5184 Actorum
2960 5124 3092 5202 ejus
3106 5123 3605 5206 Ecclesiae,quem

274 5254 277 5257 -
318 5211 434 5274 Cur
463 5227 662 5275 autem
702 5213 970 5295 civilium
1002 5215 1205 5294 legum
1230 5223 1510 5293 excerpta
1541 5217 1876 5279 canonibus
1961 5219 2017 5278 in
2044 5214 2306 5293 pretioso
2329 5223 2386 5274 et
2408 5230 2545 5273 raro
2561 5212 2773 5274 codice
2787 5213 3071 5274 Vaticano
3095 5213 3472 5295 deprehendi
3491 5214 3601 5295 (b).

742 5350 825 5355 γι
1797 5324 1905 5389 NO'

1992 5324 2043 5386 Ξ.
2564 5324 2565 5327 “

321 5428 399 5511 _(a)
429 5429 528 5511 Sic
560 5428 737 5491 etiam
772 5431 1189 5511 Armeniorum
1223 5430 1493 5494 Ecclesia
1517 5432 1640 5511 jam
1676 5433 1815 5494 inde
1846 5454 1878 5495 a

252 5509 369 5593 suis
391 5510 1016 5593 _pArimordlis.Confer.
1053 5514 1278 5592 Script.
1311 5519 1408 5575 vel
1458 5509 1599 5586 LX,
1630 5522 1782 5593 part.
1808 5516 1871 5590 η,

255 5605 310 5744 νε.
327 5586 404 5744 (il
501 5671 665 5732 calce
688 5671 1012 5733 voluminis
1032 5671 1293 5734 afﬁrmat
1319 5672 1592 5734 Andreas
1624 5675 1875 5734 Darma-

258 5742 394 5823 rius,
426 5766 491 5812 se
504 5750 896 5834 descripsisse
915 5752 1076 5816 hunc
1101 5752 1373 5817 codicem
1390 5752 1451 5815 in
1474 5752 1877 5824 Escurialensi

1965 5431 2330 5493 bibliotheca
2363 5429 2653 5507 impensis
2682 5430 2901 5490 summi
2953 5430 3060 5490 viri
3096 5431 3333 5492 Antonii
3368 5432 3603 5510 Augus-

1922 5516 1925 5523 ’
1962 5514 2095 5594 tini,
2123 5512 2222 5593 qui
2248 5528 2468 5594 reapse
2500 5510 2570 5594 in
2593 5510 2859 5594 editione
2892 5511 3141 5571 Lucensi
3175 5529 3422 5594 operum
3457 5531 3599 5594 suo-

1960 5590 2115 5671 rum,
2143 5590 2189 5652 ἰ.
2247 5590 2375 5663 Vll,
2408 5609 2467 5672 p.
2501 5592 2579 5653 54
2610 5592 2956 5672 seq.,hunc
2991 5600 3283 5672 memorat
3316 5592 3469 5652 inter
3498 5593 3600 5651 do-

1962 5674 2244 5741 mesticos
2266 5671 2701 5753 suos'codices,
2735 5671 2985 5753 ejusque
3016 5671 3308 5753 rubricas,
3334 5690 3443 5734 seu
3494 5690 3597 5737 re-

1929 5770 2095 5821 ‘rum
2127 5748 2544 5817 contentarum
2576 5748 2801 5831 titulos,
2838 5748 3047 5814 Latine
3076 5752 3311 5821 recitat,
3366 5806 3371 5809 .
