4108 6222
448 349 570 416 439

1653 345 1921 409 PHOTII
1971 345 2489 410 PATRIARCHIE
2549 347 2663 410 ΟΡ.

3708 347 3832 414 440

451 483 659 568 Neque
688 483 947 548 alienum
981 499 1076 544 me
1106 480 1166 542 id
1196 480 1398 542 facere
1452 479 1694 568 putoin
1727 481 1843 542 hoc
1876 479 2090 558 praevio
2116 500 2148 545 Α
2175 480 2442 543 laminas
2471 482 2550 543 ad
2570 481 2980 562 illustrandos
3002 487 3058 543 si
3069 482 3270 564 placel
3292 500 3663 563 canones,ca
3691 501 3830 562 quae

450 567 735 637 sermone
764 573 837 635 ad
870 571 1068 635 Photii
1098 569 1384 650 opus,ubi
1415 575 1581 630 tanta
1611 567 1808 647 legum
1831 568 2090 629 civilium

451 664 526 726 ad
559 681 822 726 canones
853 659 1118 723 accessio
1152 659 1237 721 ﬁt.
1288 656 1390 721 Sic
1420 675 1560 737 ergo
1593 656 1749 719 liber
1776 655 2094 738 synodicus

456 753 497 814 Γ.
533 752 652 816 109
681 769 854 831 seqq.
893 767 907 809 ε
943 751 1040 807 Ἐκ
1069 748 1124 805 δὲ
1168 749 1277 804 τῶν
1321 748 1615 806 πολιτικῶν
1661 752 1862 822 νόμων,
1900 749 1944 803 εἰ
1993 749 2090 802 καὶ

452 844 530 917 μὴ
597 850 675 916 τῷ
740 841 954 897 ἐκείνων
1001 842 1144 915 ζυγῷ
1187 839 1250 894 τὰ
1295 837 1725 905 ἓκκλησιαστικὰ
1766 836 2089 894 ταλαντεύε-

452 953 565 1005 ται,
598 929 746 1005 ὅμως
779 931 912 1006 πρὸς
945 929 1238 1007 σαφήνειαν
1269 933 1375 983 τῶν
1404 930 1584 1004 ἱερῶν,
1618 928 1661 983 εἰ
1701 925 1875 1000 δοκεῖ,
1924 935 2088 982 κανό-

454 1041 559 1076 νων
601 1020 668 1076 τὰ
711 1020 832 1096 περὶ
873 1022 972 1084 τῆς
1005 1018 1187 1095 ψήφου
1213 1019 1481 1092 θεωρῆσαι
1511 1019 1606 1072 οὐκ
1654 1016 1874 1091 ἄκαιρον
1908 1031 1923 1045 ⁹
1973 1014 2091 1095 ἔχει

427 1109 507 1166 ’δὲ
551 1112 578 1166 ὁ
624 1112 750 1188 περὶ
796 1108 993 1172 ταύτης
1025 1107 1187 1180 νόμος
1223 1106 1414 1168 οὕτως’
1457 1129 1478 1160 ε
1521 1107 1576 1162 Εἰ
1608 1104 1663 1161 δὲ
1694 1107 1743 1160 οἱ
1788 1104 2092 1182 ὀφείλοντες

457 1219 486 1260 α
533 1200 600 1256 τὰ
644 1199 963 1278 ψηφίσματα
1009 1207 1213 1269 ποιεῖν,
1250 1196 1398 1258 ἐντὸς
1443 1202 1631 1270 μηνῶν
1676 1193 1729 1260 ἐξ
1786 1195 1864 1268 μὴ
1923 1195 2089 1264 ποιή-

459 1313 488 1345 ιι
535 1310 710 1360 σουσι,
770 1295 1064 1353 τηνικαῦτα
1121 1291 1198 1358 τῷ
1266 1283 1490 1358 κινδύνῳ
1547 1289 1648 1351 τῆς
1714 1281 1846 1346 ἰδίας
1906 1288 2092 1362 ψυχῆς

457 1400 488 1433 σ
534 1378 741 1439 ἐκεῖνος
767 1379 812 1449 ᾧ
841 1375 1061 1452 ἁρμόζει
1091 1375 1184 1429 τὸν
1215 1373 1506 1430 ἐπίσκοπον
1537 1378 1914 1452 χειροτονείτω
1944 1372 2085 1452 (0)..

455 1468 643 1547 Σαφὴς
676 1469 704 1523 ὁ
735 1465 894 1542 λόγος
925 1480 940 1495 ’
976 1461 1131 1519 ἄλλοι
1163 1463 1264 1541 γάρ
1293 1465 1424 1519 εἰσιν
1476 1464 1524 1519 οἱ
1579 1464 1958 1542 ψηφιζόμενοι,
2005 1463 2093 1518 καὶ

451 1555 632 1634 ἕτερος
661 1557 689 1612 ὁ
733 1559 1085 1634 χειροτονῶν,
1130 1549 1299 1609 Ἀλλά
1337 1561 1492 1611 τοῦτο
1550 1550 1636 1608 διὰ
1678 1551 1904 1614 λαϊκοὺς
1938 1551 2089 1629 εἰρῆ-

454 1649 575 1702 σθαι
629 1643 782 1701 δοκεῖ
815 1657 829 1674 ⁸
876 1642 1096 1704 ἐκείνοις
1141 1643 1242 1719 γὰρ
1273 1643 1300 1698 ὁ
1343 1642 1506 1716 νόμος
1561 1642 1654 1705 τὰς
1707 1643 1919 1720 ψήφους
1979 1641 2090 1697 ἀπ-

451 1734 692 1796 εναντίας
723 1739 829 1789 τῶν
858 1731 1096 1788 κανόνων
1135 1731 1435 1808 ἐπιτρέπει⁰
1469 1729 1601 1809 ὅπερ
1653 1729 1907 1787 οὒδέποτε
1953 1751 2087 1807 κρα-

2175 570 2250 633 de
2278 571 2602 650 suffragiis
2627 572 2759 634 sive
2789 571 3075 635 electione
3110 574 3430 648 dicuntur,
3463 574 3833 636 considera-

2176 676 2250 722 re
2275 677 2401 721 non
2430 668 2523 722 est
2553 662 3066 741 intempestivum.
3100 663 3206 724 Sic
3254 679 3402 740 ergo
3433 662 3504 725 de
3531 662 3832 728 electione

2178 746 2316 810 lex:
2357 771 2384 804 α
2421 749 2597 825 Quod
2625 750 2681 812 si
2707 750 2780 823 ii,
2815 753 2926 830 qui
2948 752 3251 833 suffragia
3283 751 3568 820 conferre
3594 753 3827 829 dibent,

2174 841 2348 900 intra
2376 847 2669 901 semestre
2697 846 2928 921 tempus
2959 842 3022 903 id
3049 843 3305 904 minime
3334 841 3623 918 tecerint,
3683 851 3826 905 tunc

2175 930 2401 989 animae
2427 945 2558 990 suae
2583 929 2883 1008 periculo,
2915 931 2969 992 is
2999 931 3080 993 ad
3120 949 3299 1012 quem
3328 932 3626 1012 pertinet,
3663 935 3821 1012 epis-

2172 1033 2390 1096 copum
2422 1016 2682 1079 ordinet.
2721 1042 2748 1072 ι
2806 1017 3146 1097 Perspicua
3194 1019 3504 1081 sententia
3533 1027 3616 1082 est
3647 1042 3665 1081 :
3700 1031 3822 1082 ete-

2173 1105 2302 1166 nim
2333 1105 2447 1167 alii
2475 1113 2616 1169 sunt
2649 1108 2759 1186 qui
2813 1108 3114 1188 suffragia
3145 1111 3496 1186 con/erunt,
3527 1110 3688 1171 alius
3718 1112 3825 1190 qui

2174 1193 2439 1257 ordinat.
2490 1193 2698 1257 Verum
2757 1198 2885 1258 haec
2951 1199 3026 1259 de
3075 1197 3256 1260 laicis
3283 1199 3451 1260 dicta
3480 1199 3828 1273 videntur;

2173 1300 2441 1363 namque
2465 1282 2566 1346 his
2597 1284 2716 1354 lex,
2749 1293 2962 1348 contra
3007 1303 3313 1349 canonum
3359 1289 3822 1359 auctoritatem.

2172 1373 2474 1452 suffragia
2499 1376 2803 1454 permittit
2836 1393 2854 1435 :
2907 1393 3042 1455 quae
3073 1394 3168 1438 res
3227 1384 3435 1440 tamen
3463 1378 3826 1457 ﬁrmitatem

2173 1460 2417 1525 nullam
2446 1464 2730 1539 obtinuit,
2763 1465 2866 1527 sed
2888 1466 2955 1528 in
2985 1467 3222 1545 scriptis
3247 1467 3442 1530 otiosa
3461 1469 3650 1545 jacet:
3678 1468 3825 1545 fru-

2173 1558 2305 1615 stra
2328 1554 2488 1616 enim
2519 1555 2848 1616 clamitant
2881 1557 3398 1637 leges,propterea
3429 1556 3585 1635 quod
3607 1555 3828 1619 Patres

2173 1641 2464 1705 mandata
2495 1643 2876 1725 huiusmodi,
2909 1653 3201 1726 tanquam
3234 1645 3447 1708 aliena
3476 1651 3532 1708 et
3551 1646 3828 1722 obtrusa,

2173 1749 2253 1794 ea:
2307 1731 2575 1795 Ecclesia
2630 1734 3020 1813 repulerunt.
3085 1735 3220 1798 Non
3275 1740 3435 1796 enim
3488 1736 3828 1814 quidquam

454 1829 626 1891 τῆσαν
675 1824 941 1903 φαίνεται,
1013 1820 1133 1876 ἀλλ’
1193 1820 1248 1876 ἐν
1306 1820 1584 1900 γράμμασι
1651 1821 1815 1894 μόνον
1885 1833 2085 1889 κεῖται,

2177 1838 2491 1913 commune
2541 1821 2770 1884 habent
2801 1825 3086 1913 spiritus
3141 1832 3198 1886 et
3255 1823 3525 1904 gladius.
3561 1825 3733 1899 Quod
3773 1828 3832 1888 si

454 1913 702 1990 ἄπρακτα
740 1910 1082 1989 κεκραγότων
1127 1912 1321 1982 αὖτῶν,
1374 1908 1460 1965 διὰ
1501 1911 1564 1966 τὸ
1613 1909 1757 1986 παρὰ
1813 1914 1916 1964 τῶν
1972 1915 2087 1964 Παι-

452 2003 621 2079 τέρων
677 2001 784 2058 ἀπὸ
855 2007 956 2068 τῆς
1002 1999 1328 2066 Ἐκκλησίας
1367 1999 1478 2073 ἀεί,
1528 2001 1602 2062 ὡς
1647 1997 1779 2054 ἄλλο
1837 1997 1996 2058 ἆϋλόν
2038 2020 2089 2054 τι

453 2090 820 2158 ἐξελαύνεσθαι
869 2092 930 2146 τὸ
977 2099 1217 2148 τοιοῦτον
1259 2088 1532 2165 ἐπίταγμα
1563 2108 1577 2122 ⁸
1625 2085 1772 2145 οὒδὲν
1822 2089 1922 2166 γὰρ
1966 2109 2089 2144 κοι-

453 2183 542 2238 νὸρ
599 2181 860 2255 πνεύματι
906 2180 993 2236 καὶ
1037 2183 1302 2259 μαχαίρᾳ.
1339 2181 1398 2235 Εἰ
1425 2178 1482 2234 δὲ
1549 2181 1637 2236 καὶ
1681 2180 1799 2255 περὶ
1828 2185 1935 2234 τῶν
1965 2177 2089 2234 ἐςτι-

458 2272 676 2328 σκόπων
731 2269 905 2348 λέγει,
951 2267 1071 2326 ἄλλ’
1113 2268 1261 2326 οὐδὲν
1318 2265 1402 2324 διὰ
1463 2276 1620 2324 τοῦτο
1675 2275 1744 2346 τῇ
1794 2266 2088 2339 Ἐκκλησία

455 2360 728 2439 πρόκριμα
761 2375 776 2390 ⁶
823 2359 1075 2416 ἀδύνατον
1136 2360 1237 2437 γὰρ
1281 2355 1408 2437 δίχα
1457 2358 1804 2437 ψηφίσματος
1861 2357 2084 2412 ἐπισκο-

457 2460 619 2509 πικοῦ
665 2450 1002 2530 χειροτονίαν
1055 2445 1319 2526 προϐῆναι
1357 2466 1370 2482 ·
1402 2447 1536 2510 τέως
1566 2445 1620 2502 δὲ
1651 2457 1806 2506 τοῦτο
1837 2448 1954 2524 περὶ
1984 2452 2090 2502 τῶν

455 2537 749 2595 πολιτικῶν
792 2541 995 2613 νόμων.
1031 2539 1089 2595 Εἰ
1143 2539 1243 2616 γὰρ
1297 2538 1415 2600 ἑνὸς
1462 2537 1762 2593 ὲπισκόπου
1790 2535 1826 2604 ἢ
1859 2533 2092 2611 πρεσϐυ-

453 2627 606 2706 τέρου
646 2628 682 2696 ἢ
725 2627 970 2686 διακόνου
1013 2627 1192 2707 ψῆερον
1223 2629 1317 2683 οὐκ
1359 2625 1651 2705 ἀνέχονται
1695 2629 1742 2681 οἱ
1794 2629 1933 2682 θεῖοι
1980 2631 2094 2680 Πα-

457 2717 605 2795 τέρες
635 2719 778 2795 παρὰ
832 2718 1038 2775 λα’ίκῶν
1068 2714 1358 2796 προϐῆναι,
1393 2721 1504 2781 πῶς
1537 2716 1937 2784 ὗποστήσονται
1993 2713 2095 2769 αὒ-

457 2809 554 2876 τήν
616 2808 826 2875 ἐκείνην
885 2810 984 2874 τὴν
1012 2808 1106 2872 τὰς
1164 2808 1375 2885 ψήφους
1421 2806 1509 2863 καὶ
1568 2806 1905 2885 χειροτονίας
1947 2804 2095 2869 ὅπως

457 2897 757 2978 ὀφείλουσιν
787 2898 1023 2976 γίνεσθαι
1079 2897 1394 2971 νομοθεσίαν
1425 2896 1516 2952 καὶ
1570 2893 1908 2950 διδασκαλίαν
1949 2897 2094 2974 παρὰ

456 2987 666 3045 λα’ίκῶν
723 2987 1072 3060 ἐκτιθεμένων
1132 2983 1571 3063 παραδέξασθαις
1647 2986 1703 3041 Εἰ
1774 2986 1874 3062 γὰρ
1939 2995 2093 3044 τοῦτο

456 3077 717 3158 δειχθείη,
767 3081 826 3136 οὗ
868 3080 1242 3152 πνευματικῶς
1295 3074 1534 3147 πάντως,
1583 3073 1710 3130 ἀλλ’
1751 3074 2091 3146 ἀνθρωπίνως

460 3165 526 3223 τά
554 3171 674 3223 θεῖα
719 3167 1151 3246 πραχθήσονται,
1197 3165 1304 3221 τῶι
1345 3163 1730 3244 χηφιζομένων
1775 3165 1867 3220 καί
1901 3185 2090 3244 χειρο-

457 3255 789 3332 τονουμένων
846 3254 907 3311 ἐκ
989 3256 1110 3311 τότε
1196 3254 1411 3310 πάντων
1481 3253 1836 3332 ἀνθρωπίνοις
1893 3255 1978 3310 καὶ
2036 3253 2096 3310 οὒ

458 3348 618 3404 θείοιν
689 3345 978 3417 ἐντάλμασι
1048 3342 1385 3418 τελουμένων
1421 3357 1437 3372 ⁶
1494 3342 1547 3408 ἐξ
1591 3345 1652 3400 οὒ
1708 3344 1798 3398 καὶ
1857 3341 1988 3399 ἄλλο
2048 3365 2095 3400 τι

459 3433 813 3510 συμϐήσεται.
895 3439 1012 3492 Τῶν
1068 3435 1168 3511 γὰρ
1243 3432 1709 3511 μεταγενεστέρων
1767 3433 1905 3498 ἴσως
1966 3431 2094 3488 δυσ-

460 3524 862 3602 αρεστουμένων
894 3523 978 3579 ἐπὶ
1029 3537 1148 3588 τοῖς
1198 3523 1318 3600 περὶ
1346 3521 1809 3588 ἒκκλησιαστικῶν
1845 3544 2094 3600 γεγραμ-

456 3616 660 3690 μένοις,
707 3611 822 3669 εἴτε
865 3611 951 3669 διὰ
994 3612 1332 3691 calumniam,
1383 3613 1551 3691 τυχὸν
1593 3610 1649 3667 δὲ
1695 3611 1786 3667 καῖ
1821 3610 1906 3669 δια
1949 3613 2092 3688 γνώ-

459 3726 570 3779 μην
613 3707 709 3762 οὐκ
739 3704 930 3781 ὠαγῆ,
963 3701 1224 3758 θελόντων
1274 3708 1409 3780 φῦρα
1467 3703 1553 3757 καὶ
1603 3701 1833 3780 συγχέαι
1868 3702 1933 3756 τὰ
1977 3702 2093 3776 περὶ

459 3794 556 3860 τῆς
626 3795 853 3858 πίστεως
924 3793 1080 3868 ἡμῶν
1152 3794 1276 3848 θεῖα
1327 3789 1650 3869 διδάγματα,
1711 3788 2093 3864 λαμϐανόντων

464 3883 709 3962 ἀφορμὴν
751 3885 811 3938 ὲκ
853 3881 946 3938 τοῦ
982 3882 1183 3958 γράψαι
1228 3881 1377 3943 τινὰς
1432 3886 1539 3936 τῶν
1609 3881 1712 3957 πρὸ
1756 3881 1926 3936 αὐτῶν
1970 3881 2096 3958 περῗ

460 3974 688 4047 τούτων,
723 3973 1140 4047 νομοθετήσουσι
1197 3972 1286 4026 καὶ
1315 3971 1460 4028 αὐτοὶ
1491 3975 1607 4033 πῶς
1653 3970 1749 4042 μὲν
1780 3968 1978 4046 ὀφείλει
2036 3972 2097 4026 τὸ

461 4063 740 4139 βάπτισμα
772 4061 1027 4137 γίνεσθαι,
1059 4061 1129 4123 ὡς
1190 4063 1285 4116 οὒκ
1340 4059 1577 4134 ἀρεστῶς
1619 4056 1804 4123 αὐτοῖς
1840 4057 1957 4135 ἄρτι
2003 4081 2096 4115 τε-

465 4151 724 4225 λουμένου
759 4167 772 4180 ·
807 4154 922 4213 πῶς
979 4147 1032 4203 δὲ
1090 4150 1124 4215 ἡ
1183 4152 1279 4215 τῆς
1309 4149 1450 4213 θείας
1479 4148 1860 4225 μυσταγωγίας
1891 4151 2098 4227 ἱερουρ-

459 4242 550 4319 γία
603 4237 1070 4306 ὲπιτελεσθήσεται
1105 4252 1119 4267 ⁸
1195 4239 1283 4293 καὶ
1339 4235 1504 4298 ἄλλος
1563 4236 1690 4314 περί
1750 4236 1936 4311 ἄλλου,
1997 4237 2095 4293 καΐ

461 4330 659 4390 πάντες
713 4328 832 4405 περὶ
889 4326 1104 4382 πάντων
1138 4341 1152 4355 ⁸
1215 4325 1276 4381 οὗ
1335 4327 1436 4405 γὰρ
1483 4326 1737 4395 στήσεται
1795 4328 1858 4382 τὸ
1901 4327 2091 4400 κακὸν,

462 4416 640 4496 ἀρχῆς
699 4414 939 4482 δοθείσης
986 4414 1213 4494 ἀτόπου,
1249 4415 1445 4494 μέχρις
1504 4413 1566 4470 ἂν
1609 4415 1919 4493 ὑπορύττειν
1969 4417 2094 4472 αὐτὸ

460 4508 523 4563 τὸ
551 4511 650 4573 τῆς
695 4502 914 4585 Τριάδος
967 4504 1061 4561 καί
1121 4504 1557 4585 παραχαράττειν
1621 4504 1953 4578 τολμήσουσι
1995 4511 2092 4572 τῆς

2169 1910 2334 1988 forte
2362 1911 2435 1973 de
2463 1913 2757 1990 episcopis
2791 1912 3067 1992 loquitur
3097 1913 3219 1988 lex,
3243 1913 3488 1976 nullum
3521 1916 3825 1994 hincprce-

2165 1999 2474 2078 judicium
2510 2007 2724 2062 contra
2747 2001 3085 2066 Ecclesium
3106 2004 3822 2084 conﬂatur,quandoqui-

2173 2089 2306 2150 dem
2360 2092 2494 2152 sine
2549 2091 2875 2170 episcOpali
2920 2093 3221 2170 suffragio
3279 2093 3607 2156 ordinatio
3648 2094 3827 2157 nulla

2168 2178 2634 2258 peragitur.Sed
2665 2181 2957 2244 hactenus
2984 2182 3058 2244 de
3089 2183 3377 2245 civilibus
3402 2183 3821 2262 legibus/Van:

2169 2269 2224 2328 εἰ
2250 2267 2342 2329 vel
2368 2270 2562 2330 unius
2592 2270 2880 2350 episcopi,
2914 2276 3026 2332 aut
3053 2271 3395 2351 presbyteri
3425 2281 3532 2334 aut
3568 2274 3824 2336 diaconi

2169 2357 2523 2420 electionem
2552 2375 2676 2420 non
2700 2361 3028 2438 patiuntur
3071 2360 3282 2423 Patres
3313 2379 3351 2423 a
3381 2363 3558 2424 laicis
3584 2381 3816 2443 proce-

2173 2446 2330 2521 dere,
2364 2449 2661 2528 quomodo
2717 2449 2784 2510 hi
2843 2451 3024 2526 legem
3078 2449 3174 2512 vel
3203 2451 3540 2513 doctrinam
3573 2472 3612 2512 a
3643 2452 3826 2517 laicis

2170 2543 2438 2616 praponi
2469 2535 2824 2616 tolerarent,
2859 2557 2998 2620 quae
3024 2539 3383 2603 electionem
3439 2549 3624 2621 atque
3651 2545 3824 2606 ordi-

2177 2626 2498 2688 nationum
2551 2644 2832 2689 normam
2887 2629 3347 2706 prmscriberel?
3374 2629 3451 2692 Si
3493 2633 3665 2694 enim
3719 2633 3827 2696 hoc

2177 2716 2466 2790 eveniret,
2516 2719 2659 2794 jam
2716 2734 2840 2779 non
2896 2718 3298 2797 spiritaliter,
3326 2720 3433 2782 sed
3466 2721 3827 2786 humanitus

2179 2821 2272 2866 res
2299 2805 2529 2867 divinae
2558 2807 3188 2872 administrarentur:
3239 2809 3546 2889 siquidem
3600 2815 3829 2875 exinde

2174 2901 2300 2955 tum
2331 2893 2649 2958 electiones
2679 2915 2886 2959 omnes
2915 2905 3042 2959 tum
3084 2899 3500 2963 ordinationes
3530 2902 3826 2964 humanis

2174 3000 2296 3045 non
2323 2983 2551 3045 divinis
2578 2985 2841 3061 iussibus
2869 2986 3102 3065 ﬁerent.
3138 2987 3243 3050 Ea:
3271 3005 3384 3067 quo
3413 2991 3544 3051 alia
3573 3007 3814 3069 quoque

2176 3080 2565 3136 consectanea
2594 3075 3041 3138 deducerentur
3079 3098 3098 3138 :
3128 3079 3382 3155 fortasse
3417 3079 3580 3140 enim
3609 3088 3802 3159 poste-

2177 3163 2235 3223 ri
2263 3164 2461 3224 nostri
2492 3181 2650 3243 aegre
2677 3166 2943 3241 ferentes
2973 3183 3045 3228 ea
3074 3183 3213 3246 quae
3245 3169 3314 3228 in
3331 3167 3472 3246 jure
3500 3167 3822 3230 ecclesias—

2183 3253 2301 3312 tico
2350 3254 2586 3332 scripta
2639 3263 2804 3329 sunt,
2863 3257 2996 3318 sive
3051 3255 3380 3318 ambitione
3427 3257 3651 3335 inﬂati,
3698 3259 3826 3320 sive

2179 3341 2366 3402 etiam
2395 3341 2466 3402 ob
2496 3348 2708 3404 mentis
2737 3343 3009 3423 aliquam
3036 3347 3426 3424 pravitatem,
3459 3346 3826 3426 perturbare

2177 3434 2234 3491 et
2262 3431 2638 3508 confundere
2664 3432 2906 3495 divinos
2953 3434 3095 3514 ﬁdei
3139 3441 3360 3497 nostra
3389 3436 3681 3497 articulos
3709 3454 3819 3498 vo-

2178 3517 2342 3596 lent;
2388 3528 2820 3601 capientesque
2865 3541 3082 3584 ansam
3134 3525 3320 3584 exiis
3349 3528 3458 3604 qui
3484 3533 3634 3587 ante
3663 3526 3824 3603 ipsos

2173 3610 2574 3688 scripserunt,
2608 3609 2768 3690 leges
2790 3619 2847 3674 et
2879 3613 3001 3692 ipsi
3023 3619 3321 3686 statuent,
3355 3615 3656 3693 quomodo
3678 3616 3825 3696 bap-

2176 3699 2358 3760 tisma
2378 3699 2813 3763 administrari
2853 3701 3089 3781 debeat,
3128 3719 3239 3763 ceu
3283 3705 3339 3764 si
3383 3703 3644 3766 minime
3677 3706 3830 3784 ipsis

2172 3787 2448 3866 placeret
2469 3792 2627 3869 quod
2647 3792 2938 3853 hactenus
2975 3799 3063 3854 est
3099 3793 3450 3869 factitatum
3488 3810 3502 3855 :
3537 3795 3682 3856 item
3711 3811 3828 3873 quo

2179 3883 2309 3939 ritu
2337 3895 2528 3940 sacrae
2548 3882 2748 3942 missae
2771 3879 3093 3961 liturgiam
3112 3881 3327 3961 perﬁci
3370 3889 3640 3962 oporteat
3663 3903 3678 3959 ;
3701 3887 3828 3946 sic-

2181 3983 2294 4046 que
2315 3967 2476 4030 alius
2499 3968 2626 4030 alia
2647 3972 3430 4051 praescriberet,cunctique
3451 3973 3524 4034 de
3545 3974 3829 4035 omnibus

2181 4064 2454 4119 statuere
2485 4059 2730 4122 vellent.
2750 4059 2961 4140 Neque
2995 4062 3158 4122 enim
3195 4060 3362 4122 ullus
3387 4069 3539 4124 esset
3568 4062 3722 4125 mali
3747 4063 3830 4143 ﬁ-

2180 4147 2364 4221 nis,si
2394 4147 2504 4209 hoc
2533 4147 2863 4210 absurdum
2897 4151 3146 4210 initium
3179 4151 3380 4229 ﬁeret,
3408 4150 3598 4214 donec
3627 4152 3833 4232 ipsum

2178 4237 2475 4298 audacter
2497 4237 2868 4316 suIToderent
2894 4237 3229 4301 Trinitatis
3249 4243 3611 4319 mysterium
3645 4251 3832 4321 atque

2177 4325 2525 4386 universam
2554 4327 2828 4389 delerent
2874 4326 3265 4406 religionem.
3308 4330 3721 4402 Quamobrem
3752 4348 3832 4392 ne

2182 4413 2334 4475 talia
2361 4416 2665 4489 eveniant,
2698 4416 2940 4478 nullam
2969 4419 3208 4497 uspiam
3238 4416 3366 4480 ullo
3393 4426 3659 4500 tempore
3684 4423 3834 4482 civi-

2177 4501 2293 4565 lem
2321 4502 2508 4583 legem
2538 4505 2858 4568 dominari
2883 4507 3142 4585 spiritui
3163 4523 3504 4568 concessum
3537 4511 3658 4586 fuit
3685 4509 3832 4590 ;sed

466 4593 733 4661 εὐσεϐείας
765 4597 1058 4674 μυστήριον
1097 4611 1112 4626 ⁸
1168 4591 1288 4652 ἀλλ’
1331 4597 1408 4653 ῶν
1459 4593 1552 4652 ἵνα
1583 4595 1662 4670 μὴ
1705 4605 1868 4654 ταῦτα
1926 4595 2093 4673 γένη-

2180 4591 2369 4655 veluti
2397 4595 2664 4656 emortui
2695 4596 3014 4675 conceptui
3050 4597 3116 4656 in
3145 4597 3296 4676 ipsis
3342 4599 3833 4678 exstinguuntur

462 4709 576 4761 ται,
631 4684 796 4750 οὐδείς
854 4708 954 4742 που
1011 4683 1174 4760 νόμος
1235 4684 1511 4750 πολιτικὸς
1568 4683 1809 4759 οὐδαμῶς
1843 4683 2096 4742 οὒδέποτε

461 4785 555 4836 τοῦ
613 4777 916 4851 Πνεύματος
973 4773 1310 4854 περιεγένετο
1344 4793 1358 4808 ⁶
1423 4771 1544 4830 ἀλλ’
1603 4774 1784 4852 ὥσπερ
1840 4775 1908 4830 τὰ
1938 4776 2097 4852 νεκρὰ

463 4866 862 4947 κυοφορούμενα
894 4865 1090 4944 βρέφη,
1153 4864 1344 4926 αὐταῖς
1390 4863 1777 4933 ἐναποθνήσκει
1809 4876 1932 4925 ταῖς
1979 4866 2097 4939 μή-

462 4978 637 5036 τραις,
697 4955 864 5019 οὕτως
910 4955 998 5011 καὶ
1041 4959 1146 5011 τῶν
1205 4953 1500 5012 πολιτικῶν
1563 4953 1742 5025 νόμων
1802 4952 1916 5008 ὅσοι
1975 4953 2098 5015 τοῖς

461 5055 555 5104 τοῦ
599 5043 904 5118 Πνεύματος
965 5042 1428 5122 ἂντιφθέγγονται,
1488 5043 1665 5120 νεκροὶ
1718 5042 1804 5100 καὶ
1835 5039 2098 5098 ἀνεϐιαϊοι

463 5136 678 5192 αὐτόθεν
710 5131 763 5196 ἐξ
796 5135 959 5198 αὐτῆς
991 5131 1167 5211 ἀρχῆς
1201 5129 1537 5211 ἐκφέρονται.

541 5219 616 5282 1η
638 5221 924 5283 civilibus
960 5226 1163 5282 autem
1209 5219 1461 5300 legibus,
1496 5235 1842 5299 quanquam
1862 5237 1989 5283 non
2021 5219 2104 5282 ad

457 5312 681 5375 harum
708 5309 944 5372 lancem
971 5307 1384 5373 ecclesiasticae
1413 5327 1512 5372 res
1563 5309 1898 5391 librantur,
1932 5309 2100 5372 nihi-

2179 4685 2388 4757 uteris,
2420 4684 2507 4746 sic
2537 4701 2909 4764 quaecunque
2940 4683 3154 4746 civiles
3186 4683 3340 4763 leges
3381 4688 3644 4766 spiritui
3672 4705 3831 4750 con-

2182 4772 2530 4849 tradicunt;
2591 4791 2780 4835 cassae
2835 4772 3073 4836 viribus
3101 4775 3228 4852 iam
3259 4791 3451 4855 usque
3482 4777 3556 4838 ab
3585 4777 3832 4858 origine

2181 4868 2556 4942 mortumque
2583 4864 2944 4942 pariuntur.

2261 4952 2644 5014 Postremum
2680 4953 2973 5015 monitum
3003 4953 3076 5015 ad
3108 4952 3397 5015 lectorem
3440 4955 3541 5030 sit,
3577 4955 3730 5018 nihil
3767 4955 3833 5017 iu

2179 5039 2376 5104 Photii
2397 5041 2797 5125 Sgntagmate
2816 5059 2948 5104 esse
2966 5042 3415 5104 schismaticum
3430 5045 3604 5119 ,nihil
3632 5045 3834 5108 studio

2186 5131 2442 5213 partium
2475 5131 2702 5194 dictum
2735 5153 2751 5209 ς
2778 5131 2963 5212 prisci
2995 5137 3158 5193 enim
3195 5135 3610 5197 tantummodo
3636 5135 3839 5198 Eccle-

2183 5220 2292 5284 siae
2321 5239 2586 5283 canones
2616 5220 2948 5283 recitantur
2979 5239 2996 5299 ;
3030 5239 3109 5283 ue
3139 5227 3270 5302 quis
3295 5221 3451 5284 forte
3484 5224 3834 5306 imperitus,

2186 5309 2389 5372 audito
2422 5311 2672 5374 nomine
2699 5309 2920 5388 Photii,
2954 5319 3206 5392 repente
3239 5309 3549 5392 pallescet.

2011 5505 2263 5574 ΝΟΤΛΕ.

531 5719 606 5803 (c)
634 5715 809 5802 Apud
841 5735 952 5781 nos
980 5716 1044 5783 in
1071 5717 1495 5802 Sgntagmate,
1531 5736 1592 5802 p.
1626 5715 1704 5780 49
1737 5733 1810 5778 ex
1837 5714 2136 5783 Novellis.
