  <div class='ocr_page' id='page_1' title='image "/cluster/home/n/w/nwhite01/storage/ocr_20150623/104/hvd.32044073502163/240.png"; bbox 0 0 4108 6222; ppageno 0'>
   <div class='ocr_carea' id='block_1_1' title="bbox 391 352 508 417">
    <p class='ocr_par' dir='ltr' id='par_1_1' title="bbox 391 352 508 417">
     <span class='ocr_line' id='line_1_1' title="bbox 391 352 508 417; baseline 0 -1"><span class='ocrx_word' id='word_1_1' title='bbox 391 352 508 417; x_wconf 77' lang='grc'><strong>441</strong></span> 
     </span>
    </p>
   </div>
   <div class='ocr_carea' id='block_1_2' title="bbox 1288 352 2881 436">
    <p class='ocr_par' dir='ltr' id='par_1_2' title="bbox 1288 352 2881 436">
     <span class='ocr_line' id='line_1_2' title="bbox 1288 352 2881 436; baseline 0.003 -21"><span class='ocrx_word' id='word_1_2' title='bbox 1288 352 1710 418; x_wconf 83' lang='lat' dir='ltr'><strong>SYNTAGMA</strong></span> <span class='ocrx_word' id='word_1_3' title='bbox 1753 356 2153 419; x_wconf 85' lang='lat' dir='ltr'><strong>CANONUM.</strong></span> <span class='ocrx_word' id='word_1_4' title='bbox 2194 387 2266 402; x_wconf 89' lang='lat'><strong>—</strong></span> <span class='ocrx_word' id='word_1_5' title='bbox 2315 357 2471 419; x_wconf 92' lang='lat' dir='ltr'><strong>TIT.</strong></span> <span class='ocrx_word' id='word_1_6' title='bbox 2521 358 2570 436; x_wconf 89' lang='grc' dir='ltr'><strong>Ι,</strong></span> <span class='ocrx_word' id='word_1_7' title='bbox 2617 358 2781 419; x_wconf 87' lang='lat' dir='ltr'><strong>CAP.</strong></span> <span class='ocrx_word' id='word_1_8' title='bbox 2832 356 2881 419; x_wconf 92' lang='grc' dir='ltr'><strong>Ι.</strong></span> 
     </span>
    </p>
   </div>
   <div class='ocr_carea' id='block_1_3' title="bbox 3646 349 3764 416">
    <p class='ocr_par' dir='ltr' id='par_1_3' title="bbox 3646 349 3764 416">
     <span class='ocr_line' id='line_1_3' title="bbox 3646 349 3764 416; baseline 0.008 -1"><span class='ocrx_word' id='word_1_9' title='bbox 3646 349 3764 416; x_wconf 74' lang='grc'><strong>442</strong></span> 
     </span>
    </p>
   </div>
   <div class='ocr_carea' id='block_1_4' title="bbox 1749 661 2409 810">
    <p class='ocr_par' dir='ltr' id='par_1_4' title="bbox 1749 661 2409 810">
     <span class='ocr_line' id='line_1_4' title="bbox 1749 661 2409 810; baseline 0.002 -4"><span class='ocrx_word' id='word_1_10' title='bbox 1749 661 2409 810; x_wconf 89' lang='grc' dir='ltr'><strong>ΡΗΟΤΙΙ</strong></span> 
     </span>
    </p>
   </div>
   <div class='ocr_carea' id='block_1_5' title="bbox 990 941 2093 1041">
    <p class='ocr_par' dir='ltr' id='par_1_5' title="bbox 990 941 2093 1038">
     <span class='ocr_line' id='line_1_5' title="bbox 990 941 2093 1038; baseline -0.004 -1"><span class='ocrx_word' id='word_1_11' title='bbox 990 941 1738 1038; x_wconf 78' lang='lat' dir='ltr'><strong>PATBIARCH/E</strong></span> <span class='ocrx_word' id='word_1_12' title='bbox 1851 947 2093 1036; x_wconf 72' lang='lat' dir='ltr'><strong>CON:</strong></span> 
     </span>
    </p>
   </div>
   <div class='ocr_carea' id='block_1_6' title="bbox 2124 941 3169 1041">
    <p class='ocr_par' dir='ltr' id='par_1_6' title="bbox 2124 951 3169 1041">
     <span class='ocr_line' id='line_1_6' title="bbox 2124 951 3169 1041; baseline 0.007 -7"><span class='ocrx_word' id='word_1_13' title='bbox 2124 951 3169 1041; x_wconf 69' lang='lat' dir='ltr'><strong>&#39;iTANTINOPOLITANI</strong></span> 
     </span>
    </p>
   </div>
   <div class='ocr_carea' id='block_1_7' title="bbox 1283 1180 2864 1292">
    <p class='ocr_par' dir='ltr' id='par_1_7' title="bbox 1283 1180 2864 1292">
     <span class='ocr_line' id='line_1_7' title="bbox 1283 1180 2864 1292; baseline 0.001 -2"><span class='ocrx_word' id='word_1_14' title='bbox 1283 1180 2032 1292; x_wconf 88' lang='lat' dir='ltr'><strong>SYNTAGMA</strong></span> <span class='ocrx_word' id='word_1_15' title='bbox 2140 1180 2864 1292; x_wconf 89' lang='lat' dir='ltr'><strong>CANONUM.</strong></span> 
     </span>
    </p>
   </div>
   <div class='ocr_carea' id='block_1_8' title="bbox 1772 1543 2379 1652">
    <p class='ocr_par' dir='ltr' id='par_1_8' title="bbox 1772 1543 2379 1652">
     <span class='ocr_line' id='line_1_8' title="bbox 1772 1543 2379 1652; baseline 0.007 -4"><span class='ocrx_word' id='word_1_16' title='bbox 1772 1560 2178 1648; x_wconf 83' lang='grc' dir='ltr'><strong>ΤΙΤΑΟΣ</strong></span> <span class='ocrx_word' id='word_1_17' title='bbox 2248 1543 2379 1652; x_wconf 86' lang='grc' dir='ltr'><strong>Α’.</strong></span> 
     </span>
    </p>
   </div>
   <div class='ocr_carea' id='block_1_9' title="bbox 658 1777 3483 1855">
    <p class='ocr_par' dir='ltr' id='par_1_9' title="bbox 658 1777 3483 1855">
     <span class='ocr_line' id='line_1_9' title="bbox 658 1777 3483 1855; baseline 0.001 -24"><span class='ocrx_word' id='word_1_18' title='bbox 658 1780 812 1834; x_wconf 78' lang='grc' dir='ltr'><strong>ΠΕΡΙ</strong></span> <span class='ocrx_word' id='word_1_19' title='bbox 859 1777 1264 1850; x_wconf 79' lang='grc' dir='ltr'><strong>ΘΕΟΔΟΓΙΑΣ,</strong></span> <span class='ocrx_word' id='word_1_20' title='bbox 1313 1781 1424 1832; x_wconf 75' lang='grc' dir='ltr'><strong>ΚΑΙ</strong></span> <span class='ocrx_word' id='word_1_21' title='bbox 1466 1779 1870 1834; x_wconf 78' lang='grc' dir='ltr'><strong>ΟΡΘΟΔΟΞΟΥ</strong></span> <span class='ocrx_word' id='word_1_22' title='bbox 1915 1780 2234 1853; x_wconf 82' lang='grc' dir='ltr'><strong>ΠΙΣΤΕΩΣ,</strong></span> <span class='ocrx_word' id='word_1_23' title='bbox 2285 1780 2396 1831; x_wconf 83' lang='grc' dir='ltr'><strong>ΣΑῐ</strong></span> <span class='ocrx_word' id='word_1_24' title='bbox 2445 1781 2793 1855; x_wconf 80' lang='grc' dir='ltr'><strong>ΚΑΝΟΝΩΝ,</strong></span> <span class='ocrx_word' id='word_1_25' title='bbox 2842 1783 2953 1833; x_wconf 81' lang='grc' dir='ltr'><strong>ΚΑΙ</strong></span> <span class='ocrx_word' id='word_1_26' title='bbox 3002 1782 3483 1840; x_wconf 72' lang='grc' dir='ltr'><strong>ΧΕΙΡΟΤΟΝΙΩΝ.</strong></span> 
     </span>
    </p>
   </div>
   <div class='ocr_carea' id='block_1_10' title="bbox 1755 2094 2366 2181">
    <p class='ocr_par' dir='ltr' id='par_1_10' title="bbox 1755 2094 2366 2181">
     <span class='ocr_line' id='line_1_10' title="bbox 1755 2094 2366 2181; baseline 0.002 -1"><span class='ocrx_word' id='word_1_27' title='bbox 1755 2095 2227 2180; x_wconf 87' lang='lat' dir='ltr'><strong>TITULUS</strong></span> <span class='ocrx_word' id='word_1_28' title='bbox 2300 2094 2366 2181; x_wconf 92' lang='grc' dir='ltr'><strong>Ι.</strong></span> 
     </span>
    </p>
   </div>
   <div class='ocr_carea' id='block_1_11' title="bbox 510 2313 3628 2394">
    <p class='ocr_par' dir='ltr' id='par_1_11' title="bbox 510 2313 3628 2394">
     <span class='ocr_line' id='line_1_11' title="bbox 510 2313 3628 2394; baseline 0.002 -14"><span class='ocrx_word' id='word_1_29' title='bbox 510 2315 614 2380; x_wconf 86' lang='lat' dir='ltr'><strong>DE</strong></span> <span class='ocrx_word' id='word_1_30' title='bbox 651 2315 1112 2394; x_wconf 79' lang='lat' dir='ltr'><strong>THEOLOGIA,</strong></span> <span class='ocrx_word' id='word_1_31' title='bbox 1158 2319 1252 2384; x_wconf 89' lang='lat' dir='ltr'><strong>ET</strong></span> <span class='ocrx_word' id='word_1_32' title='bbox 1297 2318 1466 2384; x_wconf 86' lang='lat' dir='ltr'><strong>FIDE</strong></span> <span class='ocrx_word' id='word_1_33' title='bbox 1509 2315 1999 2392; x_wconf 80' lang='lat' dir='ltr'><strong>ORTHODOXA,</strong></span> <span class='ocrx_word' id='word_1_34' title='bbox 2046 2315 2141 2378; x_wconf 90' lang='lat' dir='ltr'><strong>ET</strong></span> <span class='ocrx_word' id='word_1_35' title='bbox 2185 2313 2606 2380; x_wconf 80' lang='lat' dir='ltr'><strong>CANONIBUS</strong></span> <span class='ocrx_word' id='word_1_36' title='bbox 2669 2314 2920 2389; x_wconf 86' lang='lat' dir='ltr'><strong>ATQUE</strong></span> <span class='ocrx_word' id='word_1_37' title='bbox 2964 2315 3628 2386; x_wconf 77' lang='lat' dir='ltr'><strong>ORDINATIONIBUS.</strong></span> 
     </span>
    </p>
   </div>
   <div class='ocr_carea' id='block_1_12' title="bbox 482 2624 2093 2708">
    <p class='ocr_par' dir='ltr' id='par_1_12' title="bbox 482 2625 2090 2707">
     <span class='ocr_line' id='line_1_12' title="bbox 482 2625 2090 2707; baseline 0.001 -22"><span class='ocrx_word' id='word_1_38' title='bbox 482 2631 860 2687; x_wconf 74' lang='grc' dir='ltr'><strong>ΚΕΦΛΛΛΙΟΝ</strong></span> <span class='ocrx_word' id='word_1_39' title='bbox 934 2635 1226 2692; x_wconf 77' lang='grc' dir='ltr'><strong>ΠΡΩΤΟΝ.</strong></span> <span class='ocrx_word' id='word_1_40' title='bbox 1292 2661 1371 2674; x_wconf 90' lang='grc'><strong>-</strong></span> <span class='ocrx_word' id='word_1_41' title='bbox 1436 2629 1560 2707; x_wconf 83' lang='grc' dir='ltr'>Περὶ</span> <span class='ocrx_word' id='word_1_42' title='bbox 1606 2625 1883 2705; x_wconf 72' lang='grc' dir='ltr'>θεολογίας</span> <span class='ocrx_word' id='word_1_43' title='bbox 1941 2628 2090 2686; x_wconf 82' lang='grc' dir='ltr'>καὶΑ</span> 
     </span>
    </p>
   </div>
   <div class='ocr_carea' id='block_1_13' title="bbox 2124 2624 3858 2708">
    <p class='ocr_par' dir='ltr' id='par_1_13' title="bbox 2202 2624 3858 2708">
     <span class='ocr_line' id='line_1_13' title="bbox 2202 2624 3858 2708; baseline 0.003 -22"><span class='ocrx_word' id='word_1_44' title='bbox 2202 2631 2227 2686; x_wconf 79' lang='lat' dir='ltr'><strong>t</strong></span> <span class='ocrx_word' id='word_1_45' title='bbox 2259 2624 2505 2690; x_wconf 79' lang='lat' dir='ltr'><strong>CAPUT</strong></span> <span class='ocrx_word' id='word_1_46' title='bbox 2538 2624 2851 2689; x_wconf 80' lang='lat' dir='ltr'><strong>PRIMUM.</strong></span> <span class='ocrx_word' id='word_1_47' title='bbox 2886 2657 2962 2674; x_wconf 92' lang='lat'><strong>—</strong></span> <span class='ocrx_word' id='word_1_48' title='bbox 2993 2627 3078 2690; x_wconf 84' lang='lat' dir='ltr'><strong>De</strong></span> <span class='ocrx_word' id='word_1_49' title='bbox 3099 2626 3402 2708; x_wconf 78' lang='lat' dir='ltr'><strong>theologia</strong></span> <span class='ocrx_word' id='word_1_50' title='bbox 3428 2633 3484 2690; x_wconf 86' lang='lat' dir='ltr'><strong>et</strong></span> <span class='ocrx_word' id='word_1_51' title='bbox 3507 2627 3627 2708; x_wconf 78' lang='lat' dir='ltr'><strong>ﬁde</strong></span> <span class='ocrx_word' id='word_1_52' title='bbox 3658 2645 3754 2691; x_wconf 90' lang='lat' dir='ltr'><strong>or-</strong></span> <span class='ocrx_word' id='word_1_53' title='bbox 3856 2660 3858 2662; x_wconf 62' lang='grc' dir='ltr'><strong>τ</strong></span> 
     </span>
    </p>
   </div>
   <div class='ocr_carea' id='block_1_14' title="bbox 391 2714 946 2795">
    <p class='ocr_par' dir='ltr' id='par_1_14' title="bbox 391 2714 946 2795">
     <span class='ocr_line' id='line_1_14' title="bbox 391 2714 946 2795; baseline 0.011 -23"><span class='ocrx_word' id='word_1_54' title='bbox 391 2714 660 2795; x_wconf 79' lang='grc' dir='ltr'>ὅρθοδόξου</span> <span class='ocrx_word' id='word_1_55' title='bbox 689 2717 946 2784; x_wconf 81' lang='grc' dir='ltr'>πίστεως.</span> 
     </span>
    </p>
   </div>
   <div class='ocr_carea' id='block_1_15' title="bbox 794 2804 1609 2881">
    <p class='ocr_par' dir='ltr' id='par_1_15' title="bbox 794 2804 1609 2881">
     <span class='ocr_line' id='line_1_15' title="bbox 794 2804 1609 2881; baseline -0.005 -15"><span class='ocrx_word' id='word_1_56' title='bbox 794 2805 1151 2866; x_wconf 80' lang='grc' dir='ltr'>Ἀποστόλων</span> <span class='ocrx_word' id='word_1_57' title='bbox 1182 2807 1360 2864; x_wconf 79' lang='grc' dir='ltr'>κανὼν</span> <span class='ocrx_word' id='word_1_58' title='bbox 1390 2805 1502 2881; x_wconf 84' lang='grc' dir='ltr'>μθ’,</span> <span class='ocrx_word' id='word_1_59' title='bbox 1537 2804 1609 2869; x_wconf 84' lang='grc' dir='ltr'><strong>ν’,</strong></span> 
     </span>
    </p>
   </div>
   <div class='ocr_carea' id='block_1_16' title="bbox 468 2894 2028 2974">
    <p class='ocr_par' dir='ltr' id='par_1_16' title="bbox 468 2894 2028 2974">
     <span class='ocr_line' id='line_1_16' title="bbox 468 2894 2028 2974; baseline -0.002 -21"><span class='ocrx_word' id='word_1_60' title='bbox 468 2897 581 2972; x_wconf 83' lang='grc' dir='ltr'><strong>μθ⁹.</strong></span> <span class='ocrx_word' id='word_1_61' title='bbox 621 2895 686 2954; x_wconf 81' lang='grc' dir='ltr'><strong>Εἴ</strong></span> <span class='ocrx_word' id='word_1_62' title='bbox 714 2919 794 2959; x_wconf 88' lang='grc' dir='ltr'><strong>τις</strong></span> <span class='ocrx_word' id='word_1_63' title='bbox 827 2899 1116 2961; x_wconf 72' lang='grc' dir='ltr'>ιπὶσκοπος</span> <span class='ocrx_word' id='word_1_64' title='bbox 1161 2896 1196 2964; x_wconf 76' lang='grc' dir='ltr'><strong>ἢ</strong></span> <span class='ocrx_word' id='word_1_65' title='bbox 1237 2894 1610 2974; x_wconf 82' lang='grc' dir='ltr'>πρεσϐύτερος,</span> <span class='ocrx_word' id='word_1_66' title='bbox 1645 2896 1783 2953; x_wconf 78' lang='grc' dir='ltr'>κατὰ</span> <span class='ocrx_word' id='word_1_67' title='bbox 1808 2895 1908 2961; x_wconf 74' lang='grc' dir='ltr'><strong>τὴν</strong></span> <span class='ocrx_word' id='word_1_68' title='bbox 1937 2901 2028 2951; x_wconf 83' lang='grc' dir='ltr'>τοῦ</span> 
     </span>
    </p>
   </div>
   <div class='ocr_carea' id='block_1_17' title="bbox 386 2985 2024 3064">
    <p class='ocr_par' dir='ltr' id='par_1_17' title="bbox 386 2985 2024 3064">
     <span class='ocr_line' id='line_1_17' title="bbox 386 2985 2024 3064; baseline -0.003 -20"><span class='ocrx_word' id='word_1_69' title='bbox 386 2989 577 3063; x_wconf 77' lang='grc' dir='ltr'>Κυρίου</span> <span class='ocrx_word' id='word_1_70' title='bbox 620 2985 876 3052; x_wconf 78' lang='grc' dir='ltr'>διάταξιν,</span> <span class='ocrx_word' id='word_1_71' title='bbox 925 2990 1004 3063; x_wconf 73' lang='grc' dir='ltr'><strong>μή</strong></span> <span class='ocrx_word' id='word_1_72' title='bbox 1051 2987 1300 3064; x_wconf 69' lang='grc' dir='ltr'>βαπτίσει</span> <span class='ocrx_word' id='word_1_73' title='bbox 1345 2988 1418 3048; x_wconf 79' lang='grc' dir='ltr'>εἰς</span> <span class='ocrx_word' id='word_1_74' title='bbox 1469 2986 1700 3064; x_wconf 79' lang='grc' dir='ltr'>Πατέρα,</span> <span class='ocrx_word' id='word_1_75' title='bbox 1732 2987 1821 3042; x_wconf 79' lang='grc' dir='ltr'><strong>καὶ</strong></span> <span class='ocrx_word' id='word_1_76' title='bbox 1880 2987 2024 3058; x_wconf 78' lang='grc' dir='ltr'>Υἱὸν,</span> 
     </span>
    </p>
   </div>
   <div class='ocr_carea' id='block_1_18' title="bbox 381 3074 2024 3155">
    <p class='ocr_par' dir='ltr' id='par_1_18' title="bbox 381 3074 2024 3155">
     <span class='ocr_line' id='line_1_18' title="bbox 381 3074 2024 3155; baseline -0.002 -21"><span class='ocrx_word' id='word_1_77' title='bbox 381 3080 473 3134; x_wconf 79' lang='grc' dir='ltr'>καὶ</span> <span class='ocrx_word' id='word_1_78' title='bbox 531 3076 688 3155; x_wconf 72' lang='grc' dir='ltr'>ἅγιον</span> <span class='ocrx_word' id='word_1_79' title='bbox 746 3083 983 3151; x_wconf 82' lang='grc' dir='ltr'>Πνεῦμα,</span> <span class='ocrx_word' id='word_1_80' title='bbox 1029 3074 1151 3132; x_wconf 78' lang='grc' dir='ltr'><strong>ἀλλ’</strong></span> <span class='ocrx_word' id='word_1_81' title='bbox 1199 3077 1274 3138; x_wconf 73' lang='grc' dir='ltr'>εἰς</span> <span class='ocrx_word' id='word_1_82' title='bbox 1326 3088 1476 3153; x_wconf 86' lang='grc' dir='ltr'>τρεῖς</span> <span class='ocrx_word' id='word_1_83' title='bbox 1536 3076 1832 3155; x_wconf 73' lang='grc' dir='ltr'>ἀνάρχους,</span> <span class='ocrx_word' id='word_1_84' title='bbox 1877 3075 1912 3143; x_wconf 76' lang='grc' dir='ltr'><strong>ἢ</strong></span> <span class='ocrx_word' id='word_1_85' title='bbox 1950 3077 2024 3140; x_wconf 74' lang='grc' dir='ltr'>εἰς</span> 
     </span>
    </p>
   </div>
   <div class='ocr_carea' id='block_1_19' title="bbox 377 3163 2023 3246">
    <p class='ocr_par' dir='ltr' id='par_1_19' title="bbox 377 3163 2023 3246">
     <span class='ocr_line' id='line_1_19' title="bbox 377 3163 2023 3246; baseline -0.002 -21"><span class='ocrx_word' id='word_1_86' title='bbox 377 3180 530 3243; x_wconf 83' lang='grc' dir='ltr'>τρεῖς</span> <span class='ocrx_word' id='word_1_87' title='bbox 613 3168 780 3240; x_wconf 77' lang='grc' dir='ltr'>υἱοὺς,</span> <span class='ocrx_word' id='word_1_88' title='bbox 870 3167 906 3236; x_wconf 79' lang='grc' dir='ltr'><strong>ἢ</strong></span> <span class='ocrx_word' id='word_1_89' title='bbox 985 3169 1059 3231; x_wconf 76' lang='grc' dir='ltr'>εἷς</span> <span class='ocrx_word' id='word_1_90' title='bbox 1126 3181 1275 3246; x_wconf 70' lang='grc' dir='ltr'>τρεῖς</span> <span class='ocrx_word' id='word_1_91' title='bbox 1352 3163 1756 3244; x_wconf 77' lang='grc' dir='ltr'>παρακλήτους,</span> <span class='ocrx_word' id='word_1_92' title='bbox 1829 3169 2023 3222; x_wconf 81' lang='grc' dir='ltr'>καθαι-</span> 
     </span>
    </p>
   </div>
   <div class='ocr_carea' id='block_1_20' title="bbox 379 3257 595 3336">
    <p class='ocr_par' dir='ltr' id='par_1_20' title="bbox 379 3257 595 3336">
     <span class='ocr_line' id='line_1_20' title="bbox 379 3257 595 3336; baseline 0 -23"><span class='ocrx_word' id='word_1_93' title='bbox 379 3257 595 3336; x_wconf 82' lang='grc' dir='ltr'>ρεισθω,</span> 
     </span>
    </p>
   </div>
   <div class='ocr_carea' id='block_1_21' title="bbox 461 3343 2026 3423">
    <p class='ocr_par' dir='ltr' id='par_1_21' title="bbox 461 3343 2026 3423">
     <span class='ocr_line' id='line_1_21' title="bbox 461 3343 2026 3423; baseline -0.003 -19"><span class='ocrx_word' id='word_1_94' title='bbox 461 3346 535 3409; x_wconf 86' lang='grc' dir='ltr'><strong>ν’.</strong></span> <span class='ocrx_word' id='word_1_95' title='bbox 612 3346 680 3405; x_wconf 79' lang='grc' dir='ltr'>Εἴ</span> <span class='ocrx_word' id='word_1_96' title='bbox 734 3369 817 3410; x_wconf 87' lang='grc' dir='ltr'><strong>τις</strong></span> <span class='ocrx_word' id='word_1_97' title='bbox 881 3346 1172 3409; x_wconf 72' lang='grc' dir='ltr'>ἱπίσκοπος</span> <span class='ocrx_word' id='word_1_98' title='bbox 1228 3346 1258 3414; x_wconf 76' lang='grc' dir='ltr'>ἢ</span> <span class='ocrx_word' id='word_1_99' title='bbox 1315 3343 1699 3423; x_wconf 76' lang='grc' dir='ltr'>πρεσϐύτερος,</span> <span class='ocrx_word' id='word_1_100' title='bbox 1764 3344 1843 3416; x_wconf 77' lang='grc' dir='ltr'><strong>μὴ</strong></span> <span class='ocrx_word' id='word_1_101' title='bbox 1910 3343 2026 3420; x_wconf 76' lang='grc' dir='ltr'>τρία</span> 
     </span>
    </p>
   </div>
   <div class='ocr_carea' id='block_1_22' title="bbox 375 3432 2025 3514">
    <p class='ocr_par' dir='ltr' id='par_1_22' title="bbox 375 3432 2025 3514">
     <span class='ocr_line' id='line_1_22' title="bbox 375 3432 2025 3514; baseline -0.004 -20"><span class='ocrx_word' id='word_1_102' title='bbox 375 3439 724 3514; x_wconf 76' lang='grc' dir='ltr'>βαπτίσματα</span> <span class='ocrx_word' id='word_1_103' title='bbox 784 3443 912 3511; x_wconf 84' lang='grc' dir='ltr'>μιᾶς</span> <span class='ocrx_word' id='word_1_104' title='bbox 957 3437 1210 3512; x_wconf 78' lang='grc' dir='ltr'><strong>μυήσεως</strong></span> <span class='ocrx_word' id='word_1_105' title='bbox 1272 3433 1594 3513; x_wconf 72' lang='grc' dir='ltr'>ἓπιτελέσει,</span> <span class='ocrx_word' id='word_1_106' title='bbox 1641 3432 1763 3490; x_wconf 83' lang='grc' dir='ltr'><strong>ἀλλ’</strong></span> <span class='ocrx_word' id='word_1_107' title='bbox 1807 3433 1865 3489; x_wconf 81' lang='grc' dir='ltr'>ἓν</span> <span class='ocrx_word' id='word_1_108' title='bbox 1921 3434 2025 3508; x_wconf 77' lang='grc' dir='ltr'><strong>βά-</strong></span> 
     </span>
    </p>
   </div>
   <div class='ocr_carea' id='block_1_23' title="bbox 377 3521 2024 3602">
    <p class='ocr_par' dir='ltr' id='par_1_23' title="bbox 377 3521 2024 3602">
     <span class='ocr_line' id='line_1_23' title="bbox 377 3521 2024 3602; baseline -0.005 -18"><span class='ocrx_word' id='word_1_109' title='bbox 377 3549 590 3602; x_wconf 80' lang='grc' dir='ltr'>πτισμα</span> <span class='ocrx_word' id='word_1_110' title='bbox 639 3528 701 3584; x_wconf 80' lang='grc' dir='ltr'>τὸ</span> <span class='ocrx_word' id='word_1_111' title='bbox 755 3529 831 3592; x_wconf 79' lang='grc' dir='ltr'><strong>εἰς</strong></span> <span class='ocrx_word' id='word_1_112' title='bbox 891 3528 983 3583; x_wconf 79' lang='grc' dir='ltr'><strong>τὸν</strong></span> <span class='ocrx_word' id='word_1_113' title='bbox 1041 3527 1264 3584; x_wconf 75' lang='grc' dir='ltr'>θάνατον</span> <span class='ocrx_word' id='word_1_114' title='bbox 1328 3533 1424 3583; x_wconf 84' lang='grc' dir='ltr'>τοῦ</span> <span class='ocrx_word' id='word_1_115' title='bbox 1480 3527 1666 3602; x_wconf 78' lang='grc' dir='ltr'>Κυρίου</span> <span class='ocrx_word' id='word_1_116' title='bbox 1723 3521 2024 3598; x_wconf 73' lang='grc' dir='ltr'>διδόμενον,</span> 
     </span>
    </p>
   </div>
   <div class='ocr_carea' id='block_1_24' title="bbox 379 3613 2026 3694">
    <p class='ocr_par' dir='ltr' id='par_1_24' title="bbox 379 3613 2026 3694">
     <span class='ocr_line' id='line_1_24' title="bbox 379 3613 2026 3694; baseline -0.004 -20"><span class='ocrx_word' id='word_1_117' title='bbox 379 3619 731 3694; x_wconf 68' lang='grc' dir='ltr'><strong>καθαιρείσθω</strong></span> <span class='ocrx_word' id='word_1_118' title='bbox 765 3633 780 3647; x_wconf 85' lang='grc'><strong><em>⁸</em></strong></span> <span class='ocrx_word' id='word_1_119' title='bbox 838 3616 898 3672; x_wconf 70' lang='grc' dir='ltr'>οὗ</span> <span class='ocrx_word' id='word_1_120' title='bbox 953 3618 1053 3694; x_wconf 69' lang='grc' dir='ltr'><strong>γὰρ</strong></span> <span class='ocrx_word' id='word_1_121' title='bbox 1097 3617 1254 3674; x_wconf 79' lang='grc' dir='ltr'>εἶπεν</span> <span class='ocrx_word' id='word_1_122' title='bbox 1288 3619 1316 3673; x_wconf 87' lang='grc' dir='ltr'>ὁ</span> <span class='ocrx_word' id='word_1_123' title='bbox 1359 3615 1565 3693; x_wconf 73' lang='grc' dir='ltr'>Κύριος,</span> <span class='ocrx_word' id='word_1_124' title='bbox 1630 3615 1717 3676; x_wconf 70' lang='grc' dir='ltr'><strong>Εἷς</strong></span> <span class='ocrx_word' id='word_1_125' title='bbox 1777 3614 1868 3670; x_wconf 78' lang='grc' dir='ltr'>τὸν</span> <span class='ocrx_word' id='word_1_126' title='bbox 1925 3613 2026 3668; x_wconf 71' lang='lat' dir='ltr'><strong>0i—</strong></span> 
     </span>
    </p>
   </div>
   <div class='ocr_carea' id='block_1_25' title="bbox 381 3702 2024 3783">
    <p class='ocr_par' dir='ltr' id='par_1_25' title="bbox 381 3702 2024 3783">
     <span class='ocr_line' id='line_1_25' title="bbox 381 3702 2024 3783; baseline -0.002 -22"><span class='ocrx_word' id='word_1_127' title='bbox 381 3708 540 3762; x_wconf 78' lang='grc' dir='ltr'>νατὸν</span> <span class='ocrx_word' id='word_1_128' title='bbox 572 3729 674 3781; x_wconf 81' lang='grc' dir='ltr'>μου</span> <span class='ocrx_word' id='word_1_129' title='bbox 725 3707 1019 3783; x_wconf 78' lang='grc' dir='ltr'>βαπτίσατε</span> <span class='ocrx_word' id='word_1_130' title='bbox 1054 3722 1068 3737; x_wconf 81' lang='grc'><strong>⁸</strong></span> <span class='ocrx_word' id='word_1_131' title='bbox 1123 3705 1286 3777; x_wconf 77' lang='grc' dir='ltr'>ἀλλὰ,</span> <span class='ocrx_word' id='word_1_132' title='bbox 1351 3702 1696 3782; x_wconf 76' lang='grc' dir='ltr'>Πορευθέντες</span> <span class='ocrx_word' id='word_1_133' title='bbox 1751 3702 2024 3777; x_wconf 84' lang='grc' dir='ltr'>μαθητεύ-</span> 
     </span>
    </p>
   </div>
   <div class='ocr_carea' id='block_1_26' title="bbox 381 3793 2024 3874">
    <p class='ocr_par' dir='ltr' id='par_1_26' title="bbox 381 3793 2024 3874">
     <span class='ocr_line' id='line_1_26' title="bbox 381 3793 2024 3874; baseline -0.001 -24"><span class='ocrx_word' id='word_1_134' title='bbox 381 3816 511 3852; x_wconf 87' lang='grc' dir='ltr'>σατε</span> <span class='ocrx_word' id='word_1_135' title='bbox 553 3795 726 3852; x_wconf 84' lang='grc' dir='ltr'>πάντα</span> <span class='ocrx_word' id='word_1_136' title='bbox 797 3797 861 3852; x_wconf 80' lang='grc' dir='ltr'>τὰ</span> <span class='ocrx_word' id='word_1_137' title='bbox 932 3794 1082 3874; x_wconf 80' lang='grc' dir='ltr'>ἔθνη,</span> <span class='ocrx_word' id='word_1_138' title='bbox 1161 3795 1506 3872; x_wconf 78' lang='grc' dir='ltr'>βαπτίζοντες</span> <span class='ocrx_word' id='word_1_139' title='bbox 1565 3793 1757 3856; x_wconf 72' lang='grc' dir='ltr'>αὐτοὺς</span> <span class='ocrx_word' id='word_1_140' title='bbox 1817 3795 1891 3856; x_wconf 82' lang='grc' dir='ltr'><strong>εἱς</strong></span> <span class='ocrx_word' id='word_1_141' title='bbox 1961 3793 2024 3848; x_wconf 83' lang='grc' dir='ltr'><strong>τὸ</strong></span> 
     </span>
    </p>
   </div>
   <div class='ocr_carea' id='block_1_27' title="bbox 377 3882 2022 3961">
    <p class='ocr_par' dir='ltr' id='par_1_27' title="bbox 377 3882 2022 3961">
     <span class='ocr_line' id='line_1_27' title="bbox 377 3882 2022 3961; baseline -0.001 -21"><span class='ocrx_word' id='word_1_142' title='bbox 377 3885 553 3958; x_wconf 80' lang='grc' dir='ltr'>ὄνομα</span> <span class='ocrx_word' id='word_1_143' title='bbox 610 3891 702 3941; x_wconf 78' lang='grc' dir='ltr'>τοῦ</span> <span class='ocrx_word' id='word_1_144' title='bbox 760 3886 988 3960; x_wconf 64' lang='grc' dir='ltr'>Πατρὶς,</span> <span class='ocrx_word' id='word_1_145' title='bbox 1055 3886 1142 3941; x_wconf 80' lang='grc' dir='ltr'><strong>καὶ</strong></span> <span class='ocrx_word' id='word_1_146' title='bbox 1201 3892 1292 3942; x_wconf 81' lang='grc' dir='ltr'>τοῦ</span> <span class='ocrx_word' id='word_1_147' title='bbox 1352 3883 1496 3959; x_wconf 72' lang='grc' dir='ltr'><strong>Υἱοῦ,</strong></span> <span class='ocrx_word' id='word_1_148' title='bbox 1574 3884 1661 3939; x_wconf 83' lang='grc' dir='ltr'>καὶ</span> <span class='ocrx_word' id='word_1_149' title='bbox 1717 3889 1812 3940; x_wconf 73' lang='grc' dir='ltr'>τοῦ</span> <span class='ocrx_word' id='word_1_150' title='bbox 1870 3882 2022 3961; x_wconf 83' lang='grc' dir='ltr'>ἁγίου</span> 
     </span>
    </p>
   </div>
   <div class='ocr_carea' id='block_1_28' title="bbox 382 3974 716 4047">
    <p class='ocr_par' dir='ltr' id='par_1_28' title="bbox 382 3974 716 4047">
     <span class='ocr_line' id='line_1_28' title="bbox 382 3974 716 4047; baseline 0.009 -18"><span class='ocrx_word' id='word_1_151' title='bbox 382 3974 597 4047; x_wconf 57' lang='lat' dir='ltr'><strong>unum</strong></span> <span class='ocrx_word' id='word_1_152' title='bbox 607 3995 716 4038; x_wconf 85' lang='grc' dir='ltr'>τος.</span> 
     </span>
    </p>
   </div>
   <div class='ocr_carea' id='block_1_29' title="bbox 543 4060 1839 4134">
    <p class='ocr_par' dir='ltr' id='par_1_29' title="bbox 543 4060 1839 4134">
     <span class='ocr_line' id='line_1_29' title="bbox 543 4060 1839 4134; baseline 0.002 -15"><span class='ocrx_word' id='word_1_153' title='bbox 543 4063 771 4120; x_wconf 79' lang='grc' dir='ltr'>Συνόδου</span> <span class='ocrx_word' id='word_1_154' title='bbox 805 4063 1422 4128; x_wconf 80' lang='grc' dir='ltr'>Κωνσταντινουπόλεως</span> <span class='ocrx_word' id='word_1_155' title='bbox 1451 4065 1627 4121; x_wconf 84' lang='grc' dir='ltr'>κανὼν</span> <span class='ocrx_word' id='word_1_156' title='bbox 1661 4060 1736 4134; x_wconf 80' lang='grc' dir='ltr'>α’,</span> <span class='ocrx_word' id='word_1_157' title='bbox 1771 4061 1839 4122; x_wconf 82' lang='grc' dir='ltr'>ε’.</span> 
     </span>
    </p>
   </div>
   <div class='ocr_carea' id='block_1_30' title="bbox 462 4151 2024 4229">
    <p class='ocr_par' dir='ltr' id='par_1_30' title="bbox 462 4151 2024 4229">
     <span class='ocr_line' id='line_1_30' title="bbox 462 4151 2024 4229; baseline -0.003 -21"><span class='ocrx_word' id='word_1_158' title='bbox 462 4152 539 4215; x_wconf 82' lang='grc' dir='ltr'><strong>α’,</strong></span> <span class='ocrx_word' id='word_1_159' title='bbox 574 4154 664 4220; x_wconf 75' lang='grc' dir='ltr'><strong>Μὴ</strong></span> <span class='ocrx_word' id='word_1_160' title='bbox 721 4154 1023 4210; x_wconf 73' lang='grc' dir='ltr'>ἀθετεῖσθαι</span> <span class='ocrx_word' id='word_1_161' title='bbox 1068 4155 1167 4220; x_wconf 73' lang='grc' dir='ltr'><strong>τὴν</strong></span> <span class='ocrx_word' id='word_1_162' title='bbox 1212 4155 1392 4210; x_wconf 81' lang='grc' dir='ltr'>πίστιν</span> <span class='ocrx_word' id='word_1_163' title='bbox 1451 4159 1557 4209; x_wconf 82' lang='grc' dir='ltr'><strong>τῶν</strong></span> <span class='ocrx_word' id='word_1_164' title='bbox 1611 4151 1887 4229; x_wconf 82' lang='grc' dir='ltr'>Πατὲρων,</span> <span class='ocrx_word' id='word_1_165' title='bbox 1918 4157 2024 4206; x_wconf 82' lang='grc' dir='ltr'><strong>τῶν</strong></span> 
     </span>
    </p>
   </div>
   <div class='ocr_carea' id='block_1_31' title="bbox 374 4239 2025 4320">
    <p class='ocr_par' dir='ltr' id='par_1_31' title="bbox 374 4239 2025 4320">
     <span class='ocr_line' id='line_1_31' title="bbox 374 4239 2025 4320; baseline -0.003 -18"><span class='ocrx_word' id='word_1_166' title='bbox 374 4241 520 4316; x_wconf 81' lang='grc' dir='ltr'>τιη’,</span> <span class='ocrx_word' id='word_1_167' title='bbox 549 4244 656 4300; x_wconf 78' lang='grc' dir='ltr'><strong>τῶν</strong></span> <span class='ocrx_word' id='word_1_168' title='bbox 690 4244 747 4300; x_wconf 76' lang='grc' dir='ltr'>ἰν</span> <span class='ocrx_word' id='word_1_169' title='bbox 780 4246 971 4316; x_wconf 56' lang='lat' dir='ltr'><strong>Nini;</strong></span> <span class='ocrx_word' id='word_1_170' title='bbox 1013 4245 1110 4312; x_wconf 76' lang='grc' dir='ltr'>τῆς</span> <span class='ocrx_word' id='word_1_171' title='bbox 1166 4245 1400 4307; x_wconf 75' lang='grc' dir='ltr'>Βιθυνίας</span> <span class='ocrx_word' id='word_1_172' title='bbox 1455 4243 1838 4320; x_wconf 80' lang='grc' dir='ltr'>συνελθόντων,</span> <span class='ocrx_word' id='word_1_173' title='bbox 1885 4239 2025 4297; x_wconf 77' lang='grc' dir='ltr'>ἀλλὰ</span> 
     </span>
    </p>
   </div>
   <div class='ocr_carea' id='block_1_32' title="bbox 375 4332 2026 4412">
    <p class='ocr_par' dir='ltr' id='par_1_32' title="bbox 375 4332 2026 4412">
     <span class='ocr_line' id='line_1_32' title="bbox 375 4332 2026 4412; baseline -0.002 -22"><span class='ocrx_word' id='word_1_174' title='bbox 375 4333 562 4410; x_wconf 77' lang='grc' dir='ltr'>μένειν</span> <span class='ocrx_word' id='word_1_175' title='bbox 622 4333 834 4399; x_wconf 76' lang='grc' dir='ltr'>ἐκείνην</span> <span class='ocrx_word' id='word_1_176' title='bbox 885 4333 1091 4412; x_wconf 79' lang='grc' dir='ltr'>κυρίαν,</span> <span class='ocrx_word' id='word_1_177' title='bbox 1148 4332 1244 4390; x_wconf 69' lang='grc' dir='ltr'>καῖ</span> <span class='ocrx_word' id='word_1_178' title='bbox 1303 4335 1791 4407; x_wconf 56' lang='grc' dir='ltr'>ὰναθεματισθῆναι</span> <span class='ocrx_word' id='word_1_179' title='bbox 1849 4336 2026 4387; x_wconf 83' lang='grc' dir='ltr'>πᾶσαν</span> 
     </span>
    </p>
   </div>
   <div class='ocr_carea' id='block_1_33' title="bbox 376 4417 2026 4502">
    <p class='ocr_par' dir='ltr' id='par_1_33' title="bbox 376 4417 2026 4502">
     <span class='ocr_line' id='line_1_33' title="bbox 376 4417 2026 4502; baseline -0.004 -22"><span class='ocrx_word' id='word_1_180' title='bbox 376 4425 592 4502; x_wconf 78' lang='grc' dir='ltr'>αἳρεσιν</span> <span class='ocrx_word' id='word_1_181' title='bbox 628 4438 644 4453; x_wconf 88' lang='grc'><strong><em>⁸</em></strong></span> <span class='ocrx_word' id='word_1_182' title='bbox 719 4425 805 4480; x_wconf 63' lang='grc' dir='ltr'>καὶ</span> <span class='ocrx_word' id='word_1_183' title='bbox 867 4421 1072 4498; x_wconf 75' lang='grc' dir='ltr'>ἰδικῶς,</span> <span class='ocrx_word' id='word_1_184' title='bbox 1141 4424 1243 4490; x_wconf 75' lang='grc' dir='ltr'>τὴν</span> <span class='ocrx_word' id='word_1_185' title='bbox 1282 4430 1388 4479; x_wconf 82' lang='grc' dir='ltr'><strong>τῶν</strong></span> <span class='ocrx_word' id='word_1_186' title='bbox 1436 4427 1797 4498; x_wconf 72' lang='grc' dir='ltr'>Εὖνομιανῶν,</span> <span class='ocrx_word' id='word_1_187' title='bbox 1845 4417 2026 4477; x_wconf 67' lang='grc' dir='ltr'>εἵτοον</span> 
     </span>
    </p>
   </div>
   <div class='ocr_carea' id='block_1_34' title="bbox 375 4507 2019 4590">
    <p class='ocr_par' dir='ltr' id='par_1_34' title="bbox 375 4507 2019 4590">
     <span class='ocr_line' id='line_1_34' title="bbox 375 4507 2019 4590; baseline -0.004 -20"><span class='ocrx_word' id='word_1_188' title='bbox 375 4511 703 4588; x_wconf 77' lang='grc' dir='ltr'>Ἀνομοίων·</span> <span class='ocrx_word' id='word_1_189' title='bbox 738 4518 825 4570; x_wconf 77' lang='grc' dir='ltr'>και</span> <span class='ocrx_word' id='word_1_190' title='bbox 854 4513 954 4580; x_wconf 79' lang='grc' dir='ltr'><strong>τὴν</strong></span> <span class='ocrx_word' id='word_1_191' title='bbox 979 4519 1084 4569; x_wconf 84' lang='grc' dir='ltr'><strong>τῶν</strong></span> <span class='ocrx_word' id='word_1_192' title='bbox 1105 4513 1422 4590; x_wconf 73' lang='grc' dir='ltr'>Ἀρειανὼν,</span> <span class='ocrx_word' id='word_1_193' title='bbox 1457 4511 1638 4568; x_wconf 86' lang='grc' dir='ltr'>εἴτουν</span> <span class='ocrx_word' id='word_1_194' title='bbox 1670 4507 2019 4574; x_wconf 75' lang='grc' dir='ltr'>Εὗδοξιανῶν’</span> 
     </span>
    </p>
   </div>
   <div class='ocr_carea' id='block_1_35' title="bbox 372 4599 2014 4682">
    <p class='ocr_par' dir='ltr' id='par_1_35' title="bbox 372 4599 2014 4682">
     <span class='ocr_line' id='line_1_35' title="bbox 372 4599 2014 4682; baseline -0.004 -23"><span class='ocrx_word' id='word_1_195' title='bbox 372 4605 463 4659; x_wconf 66' lang='grc' dir='ltr'><strong>διαέ</strong></span> <span class='ocrx_word' id='word_1_196' title='bbox 507 4604 608 4669; x_wconf 77' lang='grc' dir='ltr'><strong>τὴν</strong></span> <span class='ocrx_word' id='word_1_197' title='bbox 677 4610 786 4659; x_wconf 84' lang='grc' dir='ltr'>τῶν</span> <span class='ocrx_word' id='word_1_198' title='bbox 827 4602 1180 4682; x_wconf 65' lang='grc' dir='ltr'>Ἠμιαρείων,</span> <span class='ocrx_word' id='word_1_199' title='bbox 1257 4603 1438 4659; x_wconf 78' lang='grc' dir='ltr'>εἴτουν</span> <span class='ocrx_word' id='word_1_200' title='bbox 1493 4599 1973 4676; x_wconf 79' lang='grc' dir='ltr'>Πνευματομάχων</span> <span class='ocrx_word' id='word_1_201' title='bbox 2001 4612 2014 4626; x_wconf 87' lang='grc'><strong>⁸</strong></span> 
     </span>
    </p>
   </div>
   <div class='ocr_carea' id='block_1_36' title="bbox 375 4687 2020 4772">
    <p class='ocr_par' dir='ltr' id='par_1_36' title="bbox 375 4687 2020 4772">
     <span class='ocr_line' id='line_1_36' title="bbox 375 4687 2020 4772; baseline -0.005 -23"><span class='ocrx_word' id='word_1_202' title='bbox 375 4694 469 4750; x_wconf 75' lang='grc' dir='ltr'><strong>καὶ</strong></span> <span class='ocrx_word' id='word_1_203' title='bbox 499 4694 596 4758; x_wconf 77' lang='grc' dir='ltr'><strong>τὴν</strong></span> <span class='ocrx_word' id='word_1_204' title='bbox 631 4699 736 4749; x_wconf 83' lang='grc' dir='ltr'>τῶν</span> <span class='ocrx_word' id='word_1_205' title='bbox 766 4690 1169 4772; x_wconf 81' lang='grc' dir='ltr'>Σαϐελλιανῶν,</span> <span class='ocrx_word' id='word_1_206' title='bbox 1200 4693 1290 4748; x_wconf 74' lang='grc' dir='ltr'><strong>καὶ</strong></span> <span class='ocrx_word' id='word_1_207' title='bbox 1315 4693 1412 4758; x_wconf 76' lang='grc' dir='ltr'><strong>τὴν</strong></span> <span class='ocrx_word' id='word_1_208' title='bbox 1441 4692 1549 4747; x_wconf 83' lang='grc' dir='ltr'>τῶν</span> <span class='ocrx_word' id='word_1_209' title='bbox 1581 4687 2020 4767; x_wconf 79' lang='grc' dir='ltr'>Μαρκελλιανῶν,</span> 
     </span>
    </p>
   </div>
   <div class='ocr_carea' id='block_1_37' title="bbox 374 4774 2017 4858">
    <p class='ocr_par' dir='ltr' id='par_1_37' title="bbox 374 4774 2017 4858">
     <span class='ocr_line' id='line_1_37' title="bbox 374 4774 2017 4858; baseline -0.006 -19"><span class='ocrx_word' id='word_1_210' title='bbox 374 4783 466 4839; x_wconf 75' lang='grc' dir='ltr'><strong>καὶ</strong></span> <span class='ocrx_word' id='word_1_211' title='bbox 507 4782 606 4850; x_wconf 73' lang='grc' dir='ltr'>τὴν</span> <span class='ocrx_word' id='word_1_212' title='bbox 661 4783 769 4838; x_wconf 79' lang='grc' dir='ltr'>τῶν</span> <span class='ocrx_word' id='word_1_213' title='bbox 811 4787 1217 4858; x_wconf 78' lang='grc' dir='ltr'>Φωτεινιανῶν,</span> <span class='ocrx_word' id='word_1_214' title='bbox 1265 4785 1352 4839; x_wconf 85' lang='grc' dir='ltr'>καὶ</span> <span class='ocrx_word' id='word_1_215' title='bbox 1398 4782 1494 4850; x_wconf 74' lang='grc' dir='ltr'>τὴν</span> <span class='ocrx_word' id='word_1_216' title='bbox 1554 4782 1662 4837; x_wconf 82' lang='grc' dir='ltr'>τῶν</span> <span class='ocrx_word' id='word_1_217' title='bbox 1723 4774 2017 4834; x_wconf 83' lang='grc' dir='ltr'>Ἀπολινα-</span> 
     </span>
    </p>
   </div>
   <div class='ocr_carea' id='block_1_38' title="bbox 375 4877 594 4950">
    <p class='ocr_par' dir='ltr' id='par_1_38' title="bbox 375 4877 594 4950">
     <span class='ocr_line' id='line_1_38' title="bbox 375 4877 594 4950; baseline 0.009 -22"><span class='ocrx_word' id='word_1_218' title='bbox 375 4877 594 4950; x_wconf 76' lang='grc' dir='ltr'>ριανῶν.</span> 
     </span>
    </p>
   </div>
   <div class='ocr_carea' id='block_1_39' title="bbox 457 4955 2017 5041">
    <p class='ocr_par' dir='ltr' id='par_1_39' title="bbox 457 4955 2017 5041">
     <span class='ocr_line' id='line_1_39' title="bbox 457 4955 2017 5041; baseline -0.005 -24"><span class='ocrx_word' id='word_1_219' title='bbox 457 4958 526 5024; x_wconf 82' lang='grc' dir='ltr'><strong>ε’.</strong></span> <span class='ocrx_word' id='word_1_220' title='bbox 562 4963 686 5041; x_wconf 78' lang='grc' dir='ltr'>Περὶ</span> <span class='ocrx_word' id='word_1_221' title='bbox 717 4967 814 5019; x_wconf 76' lang='grc' dir='ltr'>τοῦ</span> <span class='ocrx_word' id='word_1_222' title='bbox 842 4962 1010 5034; x_wconf 78' lang='grc' dir='ltr'>τόμου</span> <span class='ocrx_word' id='word_1_223' title='bbox 1039 4967 1145 5018; x_wconf 81' lang='grc' dir='ltr'><strong>τῶν</strong></span> <span class='ocrx_word' id='word_1_224' title='bbox 1189 4967 1426 5018; x_wconf 78' lang='grc' dir='ltr'>Δυτικῶν</span> <span class='ocrx_word' id='word_1_225' title='bbox 1469 4961 1558 5018; x_wconf 76' lang='grc' dir='ltr'>καὶ</span> <span class='ocrx_word' id='word_1_226' title='bbox 1583 4965 1683 5026; x_wconf 75' lang='grc' dir='ltr'>τῆς</span> <span class='ocrx_word' id='word_1_227' title='bbox 1715 4961 1773 5014; x_wconf 70' lang='grc' dir='ltr'><strong>ιν</strong></span> <span class='ocrx_word' id='word_1_228' title='bbox 1803 4955 2017 5013; x_wconf 79' lang='grc' dir='ltr'>Ἀντιο-</span> 
     </span>
    </p>
   </div>
   <div class='ocr_carea' id='block_1_40' title="bbox 372 5044 2014 5130">
    <p class='ocr_par' dir='ltr' id='par_1_40' title="bbox 372 5044 2014 5130">
     <span class='ocr_line' id='line_1_40' title="bbox 372 5044 2014 5130; baseline -0.004 -24"><span class='ocrx_word' id='word_1_229' title='bbox 372 5051 523 5130; x_wconf 73' lang='grc' dir='ltr'>χειᾳ,</span> <span class='ocrx_word' id='word_1_230' title='bbox 585 5049 952 5126; x_wconf 70' lang='grc' dir='ltr'>ἀπεδεξάμεθα</span> <span class='ocrx_word' id='word_1_231' title='bbox 994 5051 1118 5113; x_wconf 86' lang='grc' dir='ltr'>τοὺς</span> <span class='ocrx_word' id='word_1_232' title='bbox 1163 5049 1300 5126; x_wconf 73' lang='grc' dir='ltr'>μίαν</span> <span class='ocrx_word' id='word_1_233' title='bbox 1343 5050 1740 5129; x_wconf 77' lang='grc' dir='ltr'>ὁμολογοῦντας</span> <span class='ocrx_word' id='word_1_234' title='bbox 1786 5044 2014 5123; x_wconf 82' lang='grc' dir='ltr'>Πατρὸς,</span> 
     </span>
    </p>
   </div>
   <div class='ocr_carea' id='block_1_41' title="bbox 371 5139 1586 5219">
    <p class='ocr_par' dir='ltr' id='par_1_41' title="bbox 371 5139 1586 5219">
     <span class='ocr_line' id='line_1_41' title="bbox 371 5139 1586 5219; baseline 0.002 -24"><span class='ocrx_word' id='word_1_235' title='bbox 371 5139 469 5195; x_wconf 74' lang='grc' dir='ltr'>καί</span> <span class='ocrx_word' id='word_1_236' title='bbox 506 5139 651 5202; x_wconf 77' lang='grc' dir='ltr'><strong>Υἱοῦ.</strong></span> <span class='ocrx_word' id='word_1_237' title='bbox 696 5142 785 5197; x_wconf 74' lang='grc' dir='ltr'>καὶ</span> <span class='ocrx_word' id='word_1_238' title='bbox 809 5139 965 5219; x_wconf 73' lang='grc' dir='ltr'>ἁγίου</span> <span class='ocrx_word' id='word_1_239' title='bbox 995 5139 1304 5215; x_wconf 83' lang='grc' dir='ltr'>Πνεύματος</span> <span class='ocrx_word' id='word_1_240' title='bbox 1335 5143 1586 5208; x_wconf 69' lang='grc' dir='ltr'>θεότητα.</span> 
     </span>
    </p>
   </div>
   <div class='ocr_carea' id='block_1_42' title="bbox 798 5227 1608 5310">
    <p class='ocr_par' dir='ltr' id='par_1_42' title="bbox 798 5227 1608 5310">
     <span class='ocr_line' id='line_1_42' title="bbox 798 5227 1608 5310; baseline 0.002 -25"><span class='ocrx_word' id='word_1_241' title='bbox 798 5227 1030 5287; x_wconf 84' lang='grc' dir='ltr'>Συνόδου</span> <span class='ocrx_word' id='word_1_242' title='bbox 1073 5227 1298 5310; x_wconf 72' lang='grc' dir='ltr'>Ἐφέσου</span> <span class='ocrx_word' id='word_1_243' title='bbox 1327 5232 1506 5288; x_wconf 82' lang='grc' dir='ltr'>κανὼν</span> <span class='ocrx_word' id='word_1_244' title='bbox 1535 5228 1608 5304; x_wconf 81' lang='grc' dir='ltr'><strong>ζ’,</strong></span> 
     </span>
    </p>
   </div>
   <div class='ocr_carea' id='block_1_43' title="bbox 2109 2708 2400 2771">
    <p class='ocr_par' dir='ltr' id='par_1_43' title="bbox 2109 2708 2400 2771">
     <span class='ocr_line' id='line_1_43' title="bbox 2109 2708 2400 2771; baseline -0.007 -3"><span class='ocrx_word' id='word_1_245' title='bbox 2109 2708 2400 2771; x_wconf 71' lang='grc' dir='ltr'><strong>ιὴοάοωα.</strong></span> 
     </span>
    </p>
   </div>
   <div class='ocr_carea' id='block_1_44' title="bbox 2442 2802 3418 2884">
    <p class='ocr_par' dir='ltr' id='par_1_44' title="bbox 2442 2802 3418 2884">
     <span class='ocr_line' id='line_1_44' title="bbox 2442 2802 3418 2884; baseline 0.005 -20"><span class='ocrx_word' id='word_1_246' title='bbox 2442 2802 2855 2884; x_wconf 78' lang='lat' dir='ltr'><strong>Apostolorum</strong></span> <span class='ocrx_word' id='word_1_247' title='bbox 2881 2820 3147 2866; x_wconf 79' lang='lat' dir='ltr'><strong>canones</strong></span> <span class='ocrx_word' id='word_1_248' title='bbox 3183 2804 3285 2876; x_wconf 81' lang='grc'><strong>49,</strong></span> <span class='ocrx_word' id='word_1_249' title='bbox 3319 2805 3418 2870; x_wconf 85' lang='grc'>50.</span> 
     </span>
    </p>
   </div>
   <div class='ocr_carea' id='block_1_45' title="bbox 2191 2895 3750 2978">
    <p class='ocr_par' dir='ltr' id='par_1_45' title="bbox 2191 2895 3750 2978">
     <span class='ocr_line' id='line_1_45' title="bbox 2191 2895 3750 2978; baseline 0.004 -22"><span class='ocrx_word' id='word_1_250' title='bbox 2191 2897 2294 2960; x_wconf 81' lang='grc'>49.</span> <span class='ocrx_word' id='word_1_251' title='bbox 2321 2896 2436 2974; x_wconf 81' lang='grc'><strong>1481</strong></span> <span class='ocrx_word' id='word_1_252' title='bbox 2470 2895 2532 2958; x_wconf 87' lang='lat' dir='ltr'><strong>Si</strong></span> <span class='ocrx_word' id='word_1_253' title='bbox 2563 2896 2697 2976; x_wconf 86' lang='lat' dir='ltr'><strong>quis</strong></span> <span class='ocrx_word' id='word_1_254' title='bbox 2729 2896 3046 2975; x_wconf 86' lang='lat' dir='ltr'><strong>episcopus</strong></span> <span class='ocrx_word' id='word_1_255' title='bbox 3080 2897 3172 2959; x_wconf 85' lang='lat' dir='ltr'><strong>vel</strong></span> <span class='ocrx_word' id='word_1_256' title='bbox 3207 2900 3516 2978; x_wconf 72' lang='lat' dir='ltr'><strong>presbyter</strong></span> <span class='ocrx_word' id='word_1_257' title='bbox 3544 2918 3613 2961; x_wconf 86' lang='lat' dir='ltr'><strong>ex</strong></span> <span class='ocrx_word' id='word_1_258' title='bbox 3635 2899 3750 2962; x_wconf 86' lang='lat' dir='ltr'><strong>Do-</strong></span> 
     </span>
    </p>
   </div>
   <div class='ocr_carea' id='block_1_46' title="bbox 2112 2985 3750 3065">
    <p class='ocr_par' dir='ltr' id='par_1_46' title="bbox 2112 2985 3750 3065">
     <span class='ocr_line' id='line_1_46' title="bbox 2112 2985 3750 3065; baseline 0.003 -19"><span class='ocrx_word' id='word_1_259' title='bbox 2112 2985 2258 3046; x_wconf 91' lang='lat' dir='ltr'><strong>mini</strong></span> <span class='ocrx_word' id='word_1_260' title='bbox 2292 2986 2673 3047; x_wconf 68' lang='lat' dir='ltr'><strong>ordinatione</strong></span> <span class='ocrx_word' id='word_1_261' title='bbox 2699 3004 2816 3046; x_wconf 92' lang='lat' dir='ltr'><strong>non</strong></span> <span class='ocrx_word' id='word_1_262' title='bbox 2853 2985 3246 3065; x_wconf 82' lang='lat' dir='ltr'><strong>baptizaverit</strong></span> <span class='ocrx_word' id='word_1_263' title='bbox 3277 2988 3333 3047; x_wconf 93' lang='lat' dir='ltr'><strong>in</strong></span> <span class='ocrx_word' id='word_1_264' title='bbox 3369 2988 3612 3051; x_wconf 82' lang='lat' dir='ltr'><strong>nomine</strong></span> <span class='ocrx_word' id='word_1_265' title='bbox 3636 2988 3750 3050; x_wconf 86' lang='lat' dir='ltr'><strong>Pa-</strong></span> 
     </span>
    </p>
   </div>
   <div class='ocr_carea' id='block_1_47' title="bbox 2111 3073 3750 3156">
    <p class='ocr_par' dir='ltr' id='par_1_47' title="bbox 2111 3073 3750 3156">
     <span class='ocr_line' id='line_1_47' title="bbox 2111 3073 3750 3156; baseline 0.002 -21"><span class='ocrx_word' id='word_1_266' title='bbox 2111 3076 2240 3146; x_wconf 84' lang='lat' dir='ltr'><strong>tris,</strong></span> <span class='ocrx_word' id='word_1_267' title='bbox 2271 3083 2330 3138; x_wconf 92' lang='lat' dir='ltr'><strong>et</strong></span> <span class='ocrx_word' id='word_1_268' title='bbox 2360 3074 2516 3145; x_wconf 74' lang='lat' dir='ltr'><strong>Fllii.</strong></span> <span class='ocrx_word' id='word_1_269' title='bbox 2558 3084 2615 3136; x_wconf 90' lang='lat' dir='ltr'><strong>et</strong></span> <span class='ocrx_word' id='word_1_270' title='bbox 2644 3073 2904 3155; x_wconf 77' lang='lat' dir='ltr'><strong>Spiritus</strong></span> <span class='ocrx_word' id='word_1_271' title='bbox 2936 3075 3264 3141; x_wconf 88' lang='lat' dir='ltr'><strong>sancti.sed</strong></span> <span class='ocrx_word' id='word_1_272' title='bbox 3298 3077 3358 3137; x_wconf 88' lang='lat' dir='ltr'><strong>in</strong></span> <span class='ocrx_word' id='word_1_273' title='bbox 3386 3077 3564 3139; x_wconf 88' lang='lat' dir='ltr'><strong>trium</strong></span> <span class='ocrx_word' id='word_1_274' title='bbox 3591 3078 3750 3156; x_wconf 88' lang='lat' dir='ltr'><strong>prin-</strong></span> 
     </span>
    </p>
   </div>
   <div class='ocr_carea' id='block_1_48' title="bbox 2109 3164 3750 3245">
    <p class='ocr_par' dir='ltr' id='par_1_48' title="bbox 2109 3164 3750 3245">
     <span class='ocr_line' id='line_1_48' title="bbox 2109 3164 3750 3245; baseline 0.002 -20"><span class='ocrx_word' id='word_1_275' title='bbox 2109 3165 2249 3242; x_wconf 90' lang='lat' dir='ltr'><strong>cipii</strong></span> <span class='ocrx_word' id='word_1_276' title='bbox 2302 3165 2664 3245; x_wconf 83' lang='lat' dir='ltr'><strong>expertium,</strong></span> <span class='ocrx_word' id='word_1_277' title='bbox 2723 3165 2812 3226; x_wconf 89' lang='lat' dir='ltr'><strong>vel</strong></span> <span class='ocrx_word' id='word_1_278' title='bbox 2871 3164 3048 3224; x_wconf 84' lang='lat' dir='ltr'><strong>trium</strong></span> <span class='ocrx_word' id='word_1_279' title='bbox 3103 3165 3388 3243; x_wconf 86' lang='lat' dir='ltr'><strong>ﬁliorum,</strong></span> <span class='ocrx_word' id='word_1_280' title='bbox 3428 3167 3519 3228; x_wconf 92' lang='lat' dir='ltr'><strong>vel</strong></span> <span class='ocrx_word' id='word_1_281' title='bbox 3571 3166 3750 3228; x_wconf 85' lang='lat' dir='ltr'><strong>trium</strong></span> 
     </span>
    </p>
   </div>
   <div class='ocr_carea' id='block_1_49' title="bbox 2111 3254 2964 3334">
    <p class='ocr_par' dir='ltr' id='par_1_49' title="bbox 2111 3254 2964 3334">
     <span class='ocr_line' id='line_1_49' title="bbox 2111 3254 2964 3334; baseline -0.004 -19"><span class='ocrx_word' id='word_1_282' title='bbox 2111 3254 2567 3334; x_wconf 86' lang='lat' dir='ltr'><strong>paracletorum,</strong></span> <span class='ocrx_word' id='word_1_283' title='bbox 2603 3258 2964 3332; x_wconf 79' lang='lat' dir='ltr'><strong>deponatur.</strong></span> 
     </span>
    </p>
   </div>
   <div class='ocr_carea' id='block_1_50' title="bbox 2189 3342 3751 3427">
    <p class='ocr_par' dir='ltr' id='par_1_50' title="bbox 2189 3342 3751 3427">
     <span class='ocr_line' id='line_1_50' title="bbox 2189 3342 3751 3427; baseline 0.001 -21"><span class='ocrx_word' id='word_1_284' title='bbox 2189 3345 2289 3406; x_wconf 80' lang='lat'><strong>50.</strong></span> <span class='ocrx_word' id='word_1_285' title='bbox 2327 3345 2447 3421; x_wconf 72' lang='grc'><strong>1491</strong></span> <span class='ocrx_word' id='word_1_286' title='bbox 2489 3342 2550 3406; x_wconf 90' lang='lat' dir='ltr'><strong>Si</strong></span> <span class='ocrx_word' id='word_1_287' title='bbox 2583 3343 2717 3423; x_wconf 90' lang='lat' dir='ltr'><strong>quis</strong></span> <span class='ocrx_word' id='word_1_288' title='bbox 2769 3343 3090 3424; x_wconf 84' lang='lat' dir='ltr'><strong>episcopus</strong></span> <span class='ocrx_word' id='word_1_289' title='bbox 3143 3345 3233 3406; x_wconf 85' lang='lat' dir='ltr'><strong>vel</strong></span> <span class='ocrx_word' id='word_1_290' title='bbox 3268 3345 3597 3427; x_wconf 75' lang='lat' dir='ltr'><strong>presbyter,</strong></span> <span class='ocrx_word' id='word_1_291' title='bbox 3631 3365 3751 3408; x_wconf 89' lang='lat' dir='ltr'><strong>non</strong></span> 
     </span>
    </p>
   </div>
   <div class='ocr_carea' id='block_1_51' title="bbox 2113 3431 3750 3514">
    <p class='ocr_par' dir='ltr' id='par_1_51' title="bbox 2113 3431 3750 3514">
     <span class='ocr_line' id='line_1_51' title="bbox 2113 3431 3750 3514; baseline 0.002 -20"><span class='ocrx_word' id='word_1_292' title='bbox 2113 3433 2224 3496; x_wconf 84' lang='lat' dir='ltr'><strong>tria</strong></span> <span class='ocrx_word' id='word_1_293' title='bbox 2279 3433 2456 3494; x_wconf 90' lang='lat' dir='ltr'><strong>unius</strong></span> <span class='ocrx_word' id='word_1_294' title='bbox 2511 3432 2770 3512; x_wconf 84' lang='lat' dir='ltr'><strong>mysterii</strong></span> <span class='ocrx_word' id='word_1_295' title='bbox 2831 3431 3188 3512; x_wconf 73' lang='lat' dir='ltr'><strong>baptismate</strong></span> <span class='ocrx_word' id='word_1_296' title='bbox 3246 3436 3592 3514; x_wconf 85' lang='lat' dir='ltr'><strong>perfecerit,</strong></span> <span class='ocrx_word' id='word_1_297' title='bbox 3643 3436 3750 3498; x_wconf 89' lang='lat' dir='ltr'><strong>sed</strong></span> 
     </span>
    </p>
   </div>
   <div class='ocr_carea' id='block_1_52' title="bbox 2111 3520 3747 3602">
    <p class='ocr_par' dir='ltr' id='par_1_52' title="bbox 2111 3520 3747 3602">
     <span class='ocr_line' id='line_1_52' title="bbox 2111 3520 3747 3602; baseline 0.003 -20"><span class='ocrx_word' id='word_1_298' title='bbox 2111 3540 2294 3582; x_wconf 88' lang='lat' dir='ltr'><strong>unum</strong></span> <span class='ocrx_word' id='word_1_299' title='bbox 2329 3521 2713 3601; x_wconf 88' lang='lat' dir='ltr'><strong>baptismum.</strong></span> <span class='ocrx_word' id='word_1_300' title='bbox 2751 3520 2855 3598; x_wconf 89' lang='lat' dir='ltr'><strong>qui</strong></span> <span class='ocrx_word' id='word_1_301' title='bbox 2904 3521 3081 3582; x_wconf 83' lang='lat' dir='ltr'><strong>datur</strong></span> <span class='ocrx_word' id='word_1_302' title='bbox 3109 3521 3168 3582; x_wconf 90' lang='lat' dir='ltr'><strong>in</strong></span> <span class='ocrx_word' id='word_1_303' title='bbox 3205 3533 3456 3584; x_wconf 87' lang='lat' dir='ltr'><strong>mortem</strong></span> <span class='ocrx_word' id='word_1_304' title='bbox 3488 3524 3747 3602; x_wconf 88' lang='lat' dir='ltr'><strong>Domini,</strong></span> 
     </span>
    </p>
   </div>
   <div class='ocr_carea' id='block_1_53' title="bbox 2111 3609 3748 3689">
    <p class='ocr_par' dir='ltr' id='par_1_53' title="bbox 2111 3609 3748 3689">
     <span class='ocr_line' id='line_1_53' title="bbox 2111 3609 3748 3689; baseline 0.003 -17"><span class='ocrx_word' id='word_1_305' title='bbox 2111 3611 2470 3689; x_wconf 85' lang='lat' dir='ltr'><strong>deponatur.</strong></span> <span class='ocrx_word' id='word_1_306' title='bbox 2503 3609 2631 3671; x_wconf 86' lang='lat' dir='ltr'><strong>Non</strong></span> <span class='ocrx_word' id='word_1_307' title='bbox 2664 3610 2822 3672; x_wconf 90' lang='lat' dir='ltr'><strong>enim</strong></span> <span class='ocrx_word' id='word_1_308' title='bbox 2861 3611 3009 3672; x_wconf 82' lang='lat' dir='ltr'><strong>dixit</strong></span> <span class='ocrx_word' id='word_1_309' title='bbox 3040 3611 3330 3673; x_wconf 89' lang='lat' dir='ltr'><strong>Dominus</strong></span> <span class='ocrx_word' id='word_1_310' title='bbox 3361 3634 3375 3675; x_wconf 90' lang='lat'>:</span> <span class='ocrx_word' id='word_1_311' title='bbox 3405 3615 3467 3675; x_wconf 85' lang='lat' dir='ltr'><strong>In</strong></span> <span class='ocrx_word' id='word_1_312' title='bbox 3494 3623 3748 3677; x_wconf 90' lang='lat' dir='ltr'><strong>mortem</strong></span> 
     </span>
    </p>
   </div>
   <div class='ocr_carea' id='block_1_54' title="bbox 2112 3699 3750 3779">
    <p class='ocr_par' dir='ltr' id='par_1_54' title="bbox 2112 3699 3750 3779">
     <span class='ocr_line' id='line_1_54' title="bbox 2112 3699 3750 3779; baseline 0.003 -17"><span class='ocrx_word' id='word_1_313' title='bbox 2112 3719 2302 3762; x_wconf 91' lang='lat' dir='ltr'><strong>meam</strong></span> <span class='ocrx_word' id='word_1_314' title='bbox 2334 3701 2628 3779; x_wconf 80' lang='lat' dir='ltr'><strong>baptizate</strong></span> <span class='ocrx_word' id='word_1_315' title='bbox 2654 3720 2668 3760; x_wconf 92' lang='lat'><strong>:</strong></span> <span class='ocrx_word' id='word_1_316' title='bbox 2729 3699 2859 3774; x_wconf 90' lang='lat' dir='ltr'><strong>sed,</strong></span> <span class='ocrx_word' id='word_1_317' title='bbox 2896 3699 3286 3763; x_wconf 75' lang='lat' dir='ltr'><strong>Ambulantes</strong></span> <span class='ocrx_word' id='word_1_318' title='bbox 3313 3704 3520 3765; x_wconf 76' lang='lat' dir='ltr'><strong>docete</strong></span> <span class='ocrx_word' id='word_1_319' title='bbox 3543 3721 3750 3768; x_wconf 82' lang='lat' dir='ltr'><strong>omnes</strong></span> 
     </span>
    </p>
   </div>
   <div class='ocr_carea' id='block_1_55' title="bbox 2105 3791 3749 3871">
    <p class='ocr_par' dir='ltr' id='par_1_55' title="bbox 2105 3791 3749 3871">
     <span class='ocr_line' id='line_1_55' title="bbox 2105 3791 3749 3871; baseline 0.003 -19"><span class='ocrx_word' id='word_1_320' title='bbox 2105 3799 2330 3871; x_wconf 81' lang='lat' dir='ltr'><strong>gentes,</strong></span> <span class='ocrx_word' id='word_1_321' title='bbox 2367 3791 2753 3869; x_wconf 78' lang='lat' dir='ltr'><strong>baptizantes</strong></span> <span class='ocrx_word' id='word_1_322' title='bbox 2809 3793 2974 3868; x_wconf 86' lang='lat' dir='ltr'><strong>ipsos</strong></span> <span class='ocrx_word' id='word_1_323' title='bbox 3027 3795 3092 3852; x_wconf 81' lang='lat' dir='ltr'><strong>in</strong></span> <span class='ocrx_word' id='word_1_324' title='bbox 3144 3793 3388 3854; x_wconf 66' lang='lat' dir='ltr'><strong>nomine</strong></span> <span class='ocrx_word' id='word_1_325' title='bbox 3423 3794 3658 3865; x_wconf 79' lang='lat' dir='ltr'><strong>Patris,</strong></span> <span class='ocrx_word' id='word_1_326' title='bbox 3690 3800 3749 3857; x_wconf 84' lang='lat' dir='ltr'><strong>et</strong></span> 
     </span>
    </p>
   </div>
   <div class='ocr_carea' id='block_1_56' title="bbox 2107 3879 2970 3961">
    <p class='ocr_par' dir='ltr' id='par_1_56' title="bbox 2107 3879 2970 3961">
     <span class='ocr_line' id='line_1_56' title="bbox 2107 3879 2970 3961; baseline 0.002 -20"><span class='ocrx_word' id='word_1_327' title='bbox 2107 3882 2276 3956; x_wconf 81' lang='lat' dir='ltr'><strong>Filii,</strong></span> <span class='ocrx_word' id='word_1_328' title='bbox 2308 3889 2366 3943; x_wconf 86' lang='lat' dir='ltr'><strong>et</strong></span> <span class='ocrx_word' id='word_1_329' title='bbox 2396 3882 2664 3961; x_wconf 81' lang='lat' dir='ltr'><strong>Spiritus</strong></span> <span class='ocrx_word' id='word_1_330' title='bbox 2692 3883 2897 3942; x_wconf 77' lang='lat' dir='ltr'><strong>sancti</strong></span> <span class='ocrx_word' id='word_1_331' title='bbox 2925 3879 2970 3942; x_wconf 88' lang='grc'>¹.</span> 
     </span>
    </p>
   </div>
   <div class='ocr_carea' id='block_1_57' title="bbox 2210 4062 3642 4148">
    <p class='ocr_par' dir='ltr' id='par_1_57' title="bbox 2210 4062 3642 4148">
     <span class='ocr_line' id='line_1_57' title="bbox 2210 4062 3642 4148; baseline 0.001 -22"><span class='ocrx_word' id='word_1_332' title='bbox 2210 4065 2480 4126; x_wconf 77' lang='lat' dir='ltr'><strong>Consilii</strong></span> <span class='ocrx_word' id='word_1_333' title='bbox 2503 4062 3164 4143; x_wconf 79' lang='lat' dir='ltr'><strong>Constantinopolitani</strong></span> <span class='ocrx_word' id='word_1_334' title='bbox 3192 4082 3460 4128; x_wconf 82' lang='lat' dir='ltr'><strong>canones</strong></span> <span class='ocrx_word' id='word_1_335' title='bbox 3495 4068 3549 4148; x_wconf 88' lang='lat' dir='ltr'><strong>l,</strong></span> <span class='ocrx_word' id='word_1_336' title='bbox 3583 4068 3642 4128; x_wconf 90' lang='lat'><strong>5.</strong></span> 
     </span>
    </p>
   </div>
   <div class='ocr_carea' id='block_1_58' title="bbox 2189 4156 3746 4241">
    <p class='ocr_par' dir='ltr' id='par_1_58' title="bbox 2189 4156 3746 4241">
     <span class='ocr_line' id='line_1_58' title="bbox 2189 4156 3746 4241; baseline 0.002 -22"><span class='ocrx_word' id='word_1_337' title='bbox 2189 4159 2248 4219; x_wconf 85' lang='grc'>1.</span> <span class='ocrx_word' id='word_1_338' title='bbox 2281 4159 2709 4220; x_wconf 87' lang='lat' dir='ltr'><strong>Trecentorum</strong></span> <span class='ocrx_word' id='word_1_339' title='bbox 2744 4156 2951 4218; x_wconf 88' lang='lat' dir='ltr'><strong>decem</strong></span> <span class='ocrx_word' id='word_1_340' title='bbox 2988 4166 3044 4220; x_wconf 89' lang='lat' dir='ltr'><strong>et</strong></span> <span class='ocrx_word' id='word_1_341' title='bbox 3075 4169 3204 4220; x_wconf 91' lang='lat' dir='ltr'><strong>octo</strong></span> <span class='ocrx_word' id='word_1_342' title='bbox 3238 4158 3474 4221; x_wconf 82' lang='lat' dir='ltr'><strong>Patrum</strong></span> <span class='ocrx_word' id='word_1_343' title='bbox 3505 4160 3606 4241; x_wconf 90' lang='lat' dir='ltr'><strong>qui</strong></span> <span class='ocrx_word' id='word_1_344' title='bbox 3636 4159 3746 4224; x_wconf 84' lang='lat' dir='ltr'><strong>Ni-</strong></span> 
     </span>
    </p>
   </div>
   <div class='ocr_carea' id='block_1_59' title="bbox 2106 4247 3744 4328">
    <p class='ocr_par' dir='ltr' id='par_1_59' title="bbox 2106 4247 3744 4328">
     <span class='ocr_line' id='line_1_59' title="bbox 2106 4247 3744 4328; baseline 0 -18"><span class='ocrx_word' id='word_1_345' title='bbox 2106 4266 2244 4310; x_wconf 68' lang='lat' dir='ltr'><strong>ciam</strong></span> <span class='ocrx_word' id='word_1_346' title='bbox 2299 4256 2706 4310; x_wconf 87' lang='lat' dir='ltr'><strong>convenerunt</strong></span> <span class='ocrx_word' id='word_1_347' title='bbox 2765 4247 2944 4308; x_wconf 91' lang='lat' dir='ltr'><strong>ﬁdem</strong></span> <span class='ocrx_word' id='word_1_348' title='bbox 2997 4267 3116 4310; x_wconf 91' lang='lat' dir='ltr'><strong>non</strong></span> <span class='ocrx_word' id='word_1_349' title='bbox 3148 4248 3448 4328; x_wconf 76' lang='lat' dir='ltr'><strong>abrogari,</strong></span> <span class='ocrx_word' id='word_1_350' title='bbox 3497 4249 3602 4310; x_wconf 89' lang='lat' dir='ltr'><strong>sed</strong></span> <span class='ocrx_word' id='word_1_351' title='bbox 3638 4250 3744 4311; x_wconf 85' lang='lat' dir='ltr'><strong>ﬁr-</strong></span> 
     </span>
    </p>
   </div>
   <div class='ocr_carea' id='block_1_60' title="bbox 2111 4336 3744 4418">
    <p class='ocr_par' dir='ltr' id='par_1_60' title="bbox 2111 4336 3744 4418">
     <span class='ocr_line' id='line_1_60' title="bbox 2111 4336 3744 4418; baseline 0.001 -19"><span class='ocrx_word' id='word_1_352' title='bbox 2111 4356 2266 4399; x_wconf 90' lang='lat' dir='ltr'><strong>mam</strong></span> <span class='ocrx_word' id='word_1_353' title='bbox 2299 4355 2366 4398; x_wconf 88' lang='lat' dir='ltr'><strong>ac</strong></span> <span class='ocrx_word' id='word_1_354' title='bbox 2414 4336 2690 4398; x_wconf 83' lang='lat' dir='ltr'><strong>stabilem</strong></span> <span class='ocrx_word' id='word_1_355' title='bbox 2745 4356 2990 4398; x_wconf 87' lang='lat' dir='ltr'><strong>manere</strong></span> <span class='ocrx_word' id='word_1_356' title='bbox 3043 4345 3347 4418; x_wconf 84' lang='lat' dir='ltr'><strong>Oportere,</strong></span> <span class='ocrx_word' id='word_1_357' title='bbox 3399 4346 3457 4399; x_wconf 95' lang='lat' dir='ltr'><strong>et</strong></span> <span class='ocrx_word' id='word_1_358' title='bbox 3504 4356 3744 4401; x_wconf 89' lang='lat' dir='ltr'><strong>omnem</strong></span> 
     </span>
    </p>
   </div>
   <div class='ocr_carea' id='block_1_61' title="bbox 2109 4427 3746 4507">
    <p class='ocr_par' dir='ltr' id='par_1_61' title="bbox 2109 4427 3746 4507">
     <span class='ocr_line' id='line_1_61' title="bbox 2109 4427 3746 4507; baseline 0.001 -19"><span class='ocrx_word' id='word_1_359' title='bbox 2109 4427 2385 4489; x_wconf 72' lang='lat' dir='ltr'><strong>hmresim</strong></span> <span class='ocrx_word' id='word_1_360' title='bbox 2420 4427 2934 4503; x_wconf 76' lang='lat' dir='ltr'><strong>anathematizari,</strong></span> <span class='ocrx_word' id='word_1_361' title='bbox 2961 4436 3019 4488; x_wconf 91' lang='lat' dir='ltr'><strong>et</strong></span> <span class='ocrx_word' id='word_1_362' title='bbox 3048 4427 3395 4507; x_wconf 82' lang='lat' dir='ltr'><strong>specialiter</strong></span> <span class='ocrx_word' id='word_1_363' title='bbox 3420 4427 3746 4490; x_wconf 87' lang='lat' dir='ltr'><strong>Eunomia-</strong></span> 
     </span>
    </p>
   </div>
   <div class='ocr_carea' id='block_1_62' title="bbox 2109 4516 3748 4590">
    <p class='ocr_par' dir='ltr' id='par_1_62' title="bbox 2109 4516 3748 4590">
     <span class='ocr_line' id='line_1_62' title="bbox 2109 4516 3748 4590; baseline 0.004 -15"><span class='ocrx_word' id='word_1_364' title='bbox 2109 4534 2348 4586; x_wconf 90' lang='lat' dir='ltr'><strong>norum,</strong></span> <span class='ocrx_word' id='word_1_365' title='bbox 2403 4516 2528 4577; x_wconf 85' lang='lat' dir='ltr'><strong>sive</strong></span> <span class='ocrx_word' id='word_1_366' title='bbox 2560 4517 3008 4590; x_wconf 72' lang='lat' dir='ltr'><strong>Anomzeorum,</strong></span> <span class='ocrx_word' id='word_1_367' title='bbox 3043 4527 3103 4578; x_wconf 92' lang='lat' dir='ltr'><strong>et</strong></span> <span class='ocrx_word' id='word_1_368' title='bbox 3134 4517 3512 4585; x_wconf 83' lang='lat' dir='ltr'><strong>Arianorum,</strong></span> <span class='ocrx_word' id='word_1_369' title='bbox 3549 4525 3592 4577; x_wconf 70' lang='grc'><strong>2</strong></span> <span class='ocrx_word' id='word_1_370' title='bbox 3624 4518 3748 4581; x_wconf 86' lang='lat' dir='ltr'><strong>sive</strong></span> 
     </span>
    </p>
   </div>
   <div class='ocr_carea' id='block_1_63' title="bbox 2106 4602 3748 4683">
    <p class='ocr_par' dir='ltr' id='par_1_63' title="bbox 2106 4602 3748 4683">
     <span class='ocr_line' id='line_1_63' title="bbox 2106 4602 3748 4683; baseline 0.002 -19"><span class='ocrx_word' id='word_1_371' title='bbox 2106 4603 2612 4674; x_wconf 78' lang='lat' dir='ltr'><strong>Eudoxianorum,</strong></span> <span class='ocrx_word' id='word_1_372' title='bbox 2649 4615 2706 4662; x_wconf 93' lang='lat' dir='ltr'><strong>et</strong></span> <span class='ocrx_word' id='word_1_373' title='bbox 2755 4602 3293 4675; x_wconf 88' lang='lat' dir='ltr'><strong>Semiarianorum,</strong></span> <span class='ocrx_word' id='word_1_374' title='bbox 3336 4607 3459 4666; x_wconf 88' lang='lat' dir='ltr'><strong>sive</strong></span> <span class='ocrx_word' id='word_1_375' title='bbox 3490 4607 3748 4683; x_wconf 83' lang='lat' dir='ltr'><strong>Spiritus</strong></span> 
     </span>
    </p>
   </div>
   <div class='ocr_carea' id='block_1_64' title="bbox 2103 4693 3746 4768">
    <p class='ocr_par' dir='ltr' id='par_1_64' title="bbox 2103 4693 3746 4768">
     <span class='ocr_line' id='line_1_64' title="bbox 2103 4693 3746 4768; baseline 0.002 -14"><span class='ocrx_word' id='word_1_376' title='bbox 2103 4693 2293 4754; x_wconf 85' lang='lat' dir='ltr'><strong>sancti</strong></span> <span class='ocrx_word' id='word_1_377' title='bbox 2317 4693 2888 4760; x_wconf 77' lang='lat' dir='ltr'><strong>adversariorum.et</strong></span> <span class='ocrx_word' id='word_1_378' title='bbox 2912 4693 3455 4768; x_wconf 77' lang='lat' dir='ltr'><strong>Marcellianorum,</strong></span> <span class='ocrx_word' id='word_1_379' title='bbox 3489 4707 3551 4756; x_wconf 85' lang='lat' dir='ltr'><strong>et</strong></span> <span class='ocrx_word' id='word_1_380' title='bbox 3583 4695 3746 4758; x_wconf 79' lang='lat' dir='ltr'><strong>l’ho-</strong></span> 
     </span>
    </p>
   </div>
   <div class='ocr_carea' id='block_1_65' title="bbox 2105 4781 3195 4863">
    <p class='ocr_par' dir='ltr' id='par_1_65' title="bbox 2105 4781 3195 4863">
     <span class='ocr_line' id='line_1_65' title="bbox 2105 4781 3195 4863; baseline 0.003 -22"><span class='ocrx_word' id='word_1_381' title='bbox 2105 4781 2488 4863; x_wconf 85' lang='lat' dir='ltr'><strong>tinianorum,</strong></span> <span class='ocrx_word' id='word_1_382' title='bbox 2525 4791 2577 4843; x_wconf 87' lang='lat' dir='ltr'><strong>et</strong></span> <span class='ocrx_word' id='word_1_383' title='bbox 2610 4782 3195 4862; x_wconf 82' lang='lat' dir='ltr'><strong>Apollinaristarum.</strong></span> 
     </span>
    </p>
   </div>
   <div class='ocr_carea' id='block_1_66' title="bbox 2182 4958 3749 5042">
    <p class='ocr_par' dir='ltr' id='par_1_66' title="bbox 2182 4958 3749 5042">
     <span class='ocr_line' id='line_1_66' title="bbox 2182 4958 3749 5042; baseline 0.001 -20"><span class='ocrx_word' id='word_1_384' title='bbox 2182 4961 2241 5022; x_wconf 84' lang='lat'><strong>5.</strong></span> <span class='ocrx_word' id='word_1_385' title='bbox 2282 4963 2366 5024; x_wconf 92' lang='lat' dir='ltr'><strong>De</strong></span> <span class='ocrx_word' id='word_1_386' title='bbox 2395 4959 2601 5024; x_wconf 90' lang='lat' dir='ltr'><strong>libello</strong></span> <span class='ocrx_word' id='word_1_387' title='bbox 2633 4961 2722 5040; x_wconf 71' lang='lat'><strong>(1)</strong></span> <span class='ocrx_word' id='word_1_388' title='bbox 2752 4958 3253 5042; x_wconf 87' lang='lat' dir='ltr'><strong>Occidentalium,</strong></span> <span class='ocrx_word' id='word_1_389' title='bbox 3276 4960 3453 5024; x_wconf 87' lang='lat' dir='ltr'><strong>etiam</strong></span> <span class='ocrx_word' id='word_1_390' title='bbox 3485 4979 3590 5024; x_wconf 82' lang='lat' dir='ltr'><strong>eos</strong></span> <span class='ocrx_word' id='word_1_391' title='bbox 3621 4978 3749 5024; x_wconf 86' lang='lat' dir='ltr'><strong>sus-</strong></span> 
     </span>
    </p>
   </div>
   <div class='ocr_carea' id='block_1_67' title="bbox 2102 5049 3748 5132">
    <p class='ocr_par' dir='ltr' id='par_1_67' title="bbox 2102 5049 3748 5132">
     <span class='ocr_line' id='line_1_67' title="bbox 2102 5049 3748 5132; baseline 0.002 -19"><span class='ocrx_word' id='word_1_392' title='bbox 2102 5051 2396 5132; x_wconf 86' lang='lat' dir='ltr'><strong>cepimus,</strong></span> <span class='ocrx_word' id='word_1_393' title='bbox 2431 5049 2534 5130; x_wconf 86' lang='lat' dir='ltr'><strong>qui</strong></span> <span class='ocrx_word' id='word_1_394' title='bbox 2567 5049 2898 5112; x_wconf 77' lang='lat' dir='ltr'><strong>Antiochim</strong></span> <span class='ocrx_word' id='word_1_395' title='bbox 2947 5069 3125 5112; x_wconf 85' lang='lat' dir='ltr'><strong>unam</strong></span> <span class='ocrx_word' id='word_1_396' title='bbox 3159 5053 3374 5128; x_wconf 87' lang='lat' dir='ltr'><strong>Patris,</strong></span> <span class='ocrx_word' id='word_1_397' title='bbox 3408 5061 3466 5114; x_wconf 90' lang='lat' dir='ltr'><strong>et</strong></span> <span class='ocrx_word' id='word_1_398' title='bbox 3495 5051 3655 5130; x_wconf 84' lang='lat' dir='ltr'><strong>Filii,</strong></span> <span class='ocrx_word' id='word_1_399' title='bbox 3688 5061 3748 5116; x_wconf 90' lang='lat' dir='ltr'><strong>et</strong></span> 
     </span>
    </p>
   </div>
   <div class='ocr_carea' id='block_1_68' title="bbox 2101 5138 3296 5222">
    <p class='ocr_par' dir='ltr' id='par_1_68' title="bbox 2101 5138 3296 5222">
     <span class='ocr_line' id='line_1_68' title="bbox 2101 5138 3296 5222; baseline 0.001 -18"><span class='ocrx_word' id='word_1_400' title='bbox 2101 5141 2364 5222; x_wconf 87' lang='lat' dir='ltr'><strong>Spiritus</strong></span> <span class='ocrx_word' id='word_1_401' title='bbox 2383 5139 2574 5202; x_wconf 89' lang='lat' dir='ltr'><strong>sancti</strong></span> <span class='ocrx_word' id='word_1_402' title='bbox 2602 5138 2883 5201; x_wconf 88' lang='lat' dir='ltr'><strong>deitatem</strong></span> <span class='ocrx_word' id='word_1_403' title='bbox 2915 5139 3296 5206; x_wconf 83' lang='lat' dir='ltr'><strong>conﬁtentur.</strong></span> 
     </span>
    </p>
   </div>
   <div class='ocr_carea' id='block_1_69' title="bbox 2473 5231 3370 5313">
    <p class='ocr_par' dir='ltr' id='par_1_69' title="bbox 2473 5231 3370 5313">
     <span class='ocr_line' id='line_1_69' title="bbox 2473 5231 3370 5313; baseline 0.004 -18"><span class='ocrx_word' id='word_1_404' title='bbox 2473 5231 2733 5296; x_wconf 82' lang='lat' dir='ltr'><strong>Concilii</strong></span> <span class='ocrx_word' id='word_1_405' title='bbox 2762 5233 3055 5313; x_wconf 78' lang='lat' dir='ltr'><strong>Ephcsini</strong></span> <span class='ocrx_word' id='word_1_406' title='bbox 3082 5253 3280 5298; x_wconf 84' lang='lat' dir='ltr'><strong>canon</strong></span> <span class='ocrx_word' id='word_1_407' title='bbox 3305 5237 3370 5300; x_wconf 89' lang='lat'><strong>7.</strong></span> 
     </span>
    </p>
   </div>
   <div class='ocr_carea' id='block_1_70' title="bbox 453 5311 2093 5411">
    <p class='ocr_par' dir='ltr' id='par_1_70' title="bbox 453 5311 2080 5411">
     <span class='ocr_line' id='line_1_70' title="bbox 453 5311 2080 5411; baseline -0.002 -32"><span class='ocrx_word' id='word_1_408' title='bbox 453 5315 524 5389; x_wconf 81' lang='grc' dir='ltr'><strong>ζ’.</strong></span> <span class='ocrx_word' id='word_1_409' title='bbox 562 5319 777 5376; x_wconf 79' lang='grc' dir='ltr'>Τούτων</span> <span class='ocrx_word' id='word_1_410' title='bbox 817 5320 989 5376; x_wconf 78' lang='grc' dir='ltr'>τοίνυν</span> <span class='ocrx_word' id='word_1_411' title='bbox 1049 5319 1523 5398; x_wconf 78' lang='grc' dir='ltr'>ἀναγνωσθέντων,</span> <span class='ocrx_word' id='word_1_412' title='bbox 1573 5321 1772 5397; x_wconf 79' lang='grc' dir='ltr'>ὥρισεν</span> <span class='ocrx_word' id='word_1_413' title='bbox 1828 5311 2080 5411; x_wconf 53' lang='grc' dir='ltr'>ὴργῐαο</span> 
     </span>
    </p>
   </div>
   <div class='ocr_carea' id='block_1_71' title="bbox 2124 5311 3744 5411">
    <p class='ocr_par' dir='ltr' id='par_1_71' title="bbox 2185 5311 3744 5411">
     <span class='ocr_line' id='line_1_71' title="bbox 2185 5311 3744 5411; baseline 0.001 -25"><span class='ocrx_word' id='word_1_414' title='bbox 2185 5325 2219 5386; x_wconf 85' lang='lat'><strong>7</strong></span> <span class='ocrx_word' id='word_1_415' title='bbox 2231 5370 2240 5380; x_wconf 92' lang='lat'><strong>.</strong></span> <span class='ocrx_word' id='word_1_416' title='bbox 2253 5323 2355 5387; x_wconf 82' lang='lat' dir='ltr'><strong>His</strong></span> <span class='ocrx_word' id='word_1_417' title='bbox 2367 5325 2550 5405; x_wconf 75' lang='lat' dir='ltr'><strong>igitur</strong></span> <span class='ocrx_word' id='word_1_418' title='bbox 2567 5311 3084 5408; x_wconf 79' lang='lat' dir='ltr'><strong>perlectis,statuit</strong></span> <span class='ocrx_word' id='word_1_419' title='bbox 3096 5338 3299 5392; x_wconf 76' lang='lat' dir='ltr'><strong>sancta</strong></span> <span class='ocrx_word' id='word_1_420' title='bbox 3311 5325 3744 5411; x_wconf 78' lang='lat' dir='ltr'><strong>synodus,alte-</strong></span> 
     </span>
    </p>
   </div>
   <div class='ocr_carea' id='block_1_72' title="bbox 373 5404 2020 5491">
    <p class='ocr_par' dir='ltr' id='par_1_72' title="bbox 373 5404 2020 5491">
     <span class='ocr_line' id='line_1_72' title="bbox 373 5404 2020 5491; baseline -0.002 -28"><span class='ocrx_word' id='word_1_421' title='bbox 373 5405 595 5472; x_wconf 80' lang='grc' dir='ltr'>σύνοδος</span> <span class='ocrx_word' id='word_1_422' title='bbox 665 5407 848 5479; x_wconf 79' lang='grc' dir='ltr'>ἑτέραν</span> <span class='ocrx_word' id='word_1_423' title='bbox 921 5411 1099 5466; x_wconf 79' lang='grc' dir='ltr'>πίστιν</span> <span class='ocrx_word' id='word_1_424' title='bbox 1165 5409 1354 5487; x_wconf 82' lang='grc' dir='ltr'>μηδενὶ</span> <span class='ocrx_word' id='word_1_425' title='bbox 1424 5411 1623 5479; x_wconf 67' lang='grc' dir='ltr'>ἐξεῖναι</span> <span class='ocrx_word' id='word_1_426' title='bbox 1677 5404 2020 5491; x_wconf 59' lang='grc' dir='ltr'>προσφέρειν,</span> 
     </span>
    </p>
   </div>
   <div class='ocr_carea' id='block_1_73' title="bbox 460 5525 1101 5601">
    <p class='ocr_par' dir='ltr' id='par_1_73' title="bbox 460 5525 1101 5601">
     <span class='ocr_line' id='line_1_73' title="bbox 460 5525 1101 5601; baseline 0.002 -13"><span class='ocrx_word' id='word_1_427' title='bbox 460 5525 481 5575; x_wconf 75' lang='grc' dir='ltr'>ί</span> <span class='ocrx_word' id='word_1_428' title='bbox 517 5525 722 5588; x_wconf 83' lang='lat' dir='ltr'><strong>Matth.</strong></span> <span class='ocrx_word' id='word_1_429' title='bbox 758 5541 966 5601; x_wconf 81' lang='lat' dir='ltr'><strong>xxvm,</strong></span> <span class='ocrx_word' id='word_1_430' title='bbox 1001 5525 1101 5589; x_wconf 79' lang='lat' dir='ltr'><strong>t9.</strong></span> 
     </span>
    </p>
   </div>
   <div class='ocr_carea' id='block_1_74' title="bbox 2107 5414 3736 5498">
    <p class='ocr_par' dir='ltr' id='par_1_74' title="bbox 2107 5414 3736 5498">
     <span class='ocr_line' id='line_1_74' title="bbox 2107 5414 3736 5498; baseline 0.002 -22"><span class='ocrx_word' id='word_1_431' title='bbox 2107 5431 2234 5476; x_wconf 91' lang='lat' dir='ltr'><strong>ram</strong></span> <span class='ocrx_word' id='word_1_432' title='bbox 2262 5414 2440 5479; x_wconf 88' lang='lat' dir='ltr'><strong>ﬁdem</strong></span> <span class='ocrx_word' id='word_1_433' title='bbox 2464 5415 2688 5478; x_wconf 88' lang='lat' dir='ltr'><strong>nemini</strong></span> <span class='ocrx_word' id='word_1_434' title='bbox 2707 5416 2891 5480; x_wconf 85' lang='lat' dir='ltr'><strong>licere</strong></span> <span class='ocrx_word' id='word_1_435' title='bbox 2911 5419 3310 5498; x_wconf 82' lang='lat' dir='ltr'><strong>prolerre,aut</strong></span> <span class='ocrx_word' id='word_1_436' title='bbox 3327 5416 3736 5491; x_wconf 76' lang='lat' dir='ltr'><strong>Conscribere,</strong></span> 
     </span>
    </p>
   </div>
   <div class='ocr_carea' id='block_1_75' title="bbox 1935 5619 2187 5690">
    <p class='ocr_par' dir='ltr' id='par_1_75' title="bbox 1935 5619 2187 5690">
     <span class='ocr_line' id='line_1_75' title="bbox 1935 5619 2187 5690; baseline 0.004 -7"><span class='ocrx_word' id='word_1_437' title='bbox 1935 5619 2187 5690; x_wconf 72' lang='lat' dir='ltr'><strong>NOT/E.</strong></span> 
     </span>
    </p>
   </div>
   <div class='ocr_carea' id='block_1_76' title="bbox 452 5774 3679 5869">
    <p class='ocr_par' dir='ltr' id='par_1_76' title="bbox 452 5774 3679 5869">
     <span class='ocr_line' id='line_1_76' title="bbox 452 5774 3679 5869; baseline 0.004 -31"><span class='ocrx_word' id='word_1_438' title='bbox 452 5775 535 5859; x_wconf 81' lang='grc'><strong>(1)</strong></span> <span class='ocrx_word' id='word_1_439' title='bbox 566 5774 998 5842; x_wconf 67' lang='lat' dir='ltr'><strong>Deﬁnitionum</strong></span> <span class='ocrx_word' id='word_1_440' title='bbox 1029 5776 1294 5861; x_wconf 66' lang='lat' dir='ltr'><strong>intelligo</strong></span> <span class='ocrx_word' id='word_1_441' title='bbox 1322 5777 1468 5844; x_wconf 82' lang='lat' dir='ltr'><strong>ﬁdei</strong></span> <span class='ocrx_word' id='word_1_442' title='bbox 1493 5779 1755 5848; x_wconf 67' lang='lat' dir='ltr'><strong>Nicaeum</strong></span> <span class='ocrx_word' id='word_1_443' title='bbox 1783 5780 1858 5848; x_wconf 84' lang='lat' dir='ltr'><strong>ab</strong></span> <span class='ocrx_word' id='word_1_444' title='bbox 1901 5783 2204 5869; x_wconf 80' lang='lat' dir='ltr'><strong>episcopis</strong></span> <span class='ocrx_word' id='word_1_445' title='bbox 2231 5781 2444 5855; x_wconf 88' lang='lat' dir='ltr'><strong>Occid.</strong></span> <span class='ocrx_word' id='word_1_446' title='bbox 2478 5785 2742 5852; x_wconf 73' lang='lat' dir='ltr'><strong>Serdicae</strong></span> <span class='ocrx_word' id='word_1_447' title='bbox 2770 5787 3091 5866; x_wconf 76' lang='lat' dir='ltr'><strong>ﬁrmatam,</strong></span> <span class='ocrx_word' id='word_1_448' title='bbox 3129 5793 3278 5850; x_wconf 86' lang='lat' dir='ltr'><strong>teste</strong></span> <span class='ocrx_word' id='word_1_449' title='bbox 3305 5784 3679 5853; x_wconf 73' lang='lat' dir='ltr'><strong>Batsamone.</strong></span> 
     </span>
    </p>
   </div>
  </div>
