4108 6222
384 346 504 417 443

1550 347 1822 416 PHOTII
1864 347 2384 418 PATRIARCHE
2436 355 2552 418 GP.

3627 358 3748 429 444

379 496 484 549 aut
511 500 903 570 componere,
931 493 1145 569 printer
1160 483 1473 575 deﬁnitam
1507 503 1540 546 a
1569 486 1790 547 sanctis
1820 484 2000 546 Patri-

2097 483 2260 563 ἤγουν
2292 490 2612 571 συγγράφειν
2648 491 2679 562 ἢ
2726 491 3047 573 συντιθέναι,
3085 493 3226 566 παρᾶ
3282 495 3383 564 τὴν
3440 497 3749 575 ὁρισθεῖσαν

382 575 497 640 bus
526 578 624 661 qui
655 597 713 640 in
744 576 941 641 Nicaea
970 594 1104 639 cum
1153 572 1376 656 Spiritu
1421 583 1629 637 sancto
1684 572 2023 655 congregati

379 665 651 735 fuerunt.

642 758 903 823 Consilii
935 758 1446 839 Carthaginemis
1472 775 1670 820 canon
1698 758 1760 819 2.

460 868 519 932 2.
562 867 647 930 De
681 866 984 929 Trinitate
1015 866 1445 946 praedicanda,
1494 864 1840 927 universum
1872 882 2021 927 con-

378 956 584 1020 cilium
616 956 764 1019 dixit
795 975 810 1015 :
846 957 975 1019 Deo
1035 954 1318 1036 propitio,
1385 954 1513 1035 pari
1548 953 1919 1035 professione
1948 954 2024 1014 ti-

379 1045 486 1109 des
516 1044 946 1120 ecclesiastica,
1009 1062 1143 1127 quae
1203 1062 1309 1124 per
1369 1062 1478 1104 nos
1539 1043 1791 1105 traditur
1820 1044 1880 1105 in
1911 1044 2023 1105 hoc

380 1145 535 1198 coetu
567 1135 854 1216 glorioso,
885 1134 1171 1210 primitus
1195 1133 1542 1195 conﬁtenda
1572 1141 1663 1195 est
1690 1151 1707 1207 ;
1752 1143 1893 1195 tunc
1915 1135 2022 1195 de-

381 1243 545 1287 mum
578 1224 725 1288 ordo
751 1223 1195 1286 ecclesiasticus
1225 1223 1590 1302 singulorum
1623 1239 1698 1285 ex
1726 1240 2022 1285 consensu

378 1314 646 1377 omnium
677 1324 766 1376 est
791 1314 1207 1377 asservandus.
1262 1313 1349 1375 Ad
1399 1310 1881 1375 corroborandas
1909 1330 2020 1373 au-

377 1412 498 1466 tem
530 1404 778 1467 fratrum
820 1412 879 1466 et
908 1404 1404 1483 coepiscoporum
1453 1410 1793 1464 nostrorum
1829 1418 2025 1481 nuper

373 1502 785 1575 promotorum
818 1501 1076 1567 mentes,
1109 1510 1178 1553 ea
1236 1491 1628 1571 proponenda
1683 1500 1846 1567 sunt,
1879 1510 2016 1570 quas

374 1600 411 1644 a
440 1583 714 1646 Patribus
767 1590 930 1645 certa
960 1581 1353 1662 dispositione
1382 1580 1747 1660 accepimus,
1784 1588 1847 1641 ut
1873 1579 2015 1641 Tri-

372 1671 600 1749 nitatis,
637 1688 811 1753 quam
847 1672 1070 1732 nostris
1104 1672 1164 1730 in
1189 1669 1470 1731 sensibus
1492 1677 1899 1730 consecratam
1924 1686 2018 1731 re-

369 1766 652 1836 tinemus,
687 1760 899 1833 Patris,
932 1767 993 1822 et
1022 1759 1181 1833 Filii,
1214 1767 1271 1820 et
1317 1759 1573 1840 Spiritus
1602 1759 1789 1820 sancti
1817 1758 2009 1819 unita-

371 1858 513 1926 tem,
554 1844 687 1932 quaa
746 1850 971 1913 nullam
1032 1849 1299 1909 noscitur
1327 1848 1551 1909 habere
1582 1847 2000 1918 diﬂerentiam,

2096 1847 2408 1918 ιερωθεϊσὰν
2465 1845 2773 1927 κατέχομεν
2806 1866 2820 1880 ⁸

367 1940 548 2001 sicuti
580 1939 1018 2007 didicimus.ita
1046 1938 1151 2000 Dei
1184 1938 1441 2016 populos
1468 1935 2010 1998 instruamus.Item

2107 577 2248 654 παρὰ
2317 584 2423 634 τῶν
2480 581 2644 658 ἁγίων
2722 583 2970 660 Πατὲρων
3050 590 3156 642 τῶν
3238 585 3292 643 ἐν
3373 592 3441 665 τῇ
3502 588 3748 647 Νικαέων

2106 668 2476 749 συναχθέντων
2508 671 2601 727 σὺν
2632 672 2765 750 ἁγίῳ
2795 673 3086 750 Πνεύματι.
3160 676 3165 681 ’

2455 772 2684 831 Συνόδου
2716 776 3085 855 Καρθαγὲννης
3114 779 3289 836 κανὼν
3319 779 3396 856 β’.

2186 858 2263 937 β’.
2299 864 2431 939 Περὶ
2488 864 2788 943 κηρυκτέας
2845 866 2942 935 τῆς
2972 867 3126 945 ἁγίας
3185 867 3425 948 Τριάδος,
3488 869 3741 945 σύμπασα

2104 949 2140 1017 ἡ
2169 948 2385 1038 σύνοδος
2415 955 2571 1010 εἶπεν
2606 970 2621 983 ’
2657 953 2913 1022 Θέλοντος
2941 969 3036 1014 του
3066 964 3221 1031 Θεοῦ,
3256 958 3356 1034 ἴση
3405 958 3662 1038 ὁμολογίᾳ
3703 962 3736 1029 ἠ

2105 1037 2529 1109 εκκλησιαστικὴ
2575 1042 2751 1108 πίστις
2781 1047 2814 1114 ἡ
2879 1043 2947 1103 δι’
3017 1048 3171 1122 ἡμῶν
3225 1037 3622 1125 παραδιδομένη
3679 1050 3733 1107 ἑν

2102 1129 2279 1202 ταύτῳ
2303 1136 2371 1206 τῇ
2417 1131 2608 1206 ἐνδόξῳ
2659 1134 2960 1194 συνελεύσει
3003 1138 3368 1215 πρωτοτύπως
3400 1141 3739 1216 ὁμολογητία

2104 1216 2238 1279 ἐστί.
2299 1218 2634 1286 Βεϐαιωτέας
2693 1222 2747 1280 δὲ
2804 1225 2899 1287 τὰς
2968 1228 3074 1283 τῶν
3144 1223 3385 1306 ἀδελφῶν
3456 1229 3546 1284 καὶ
3610 1248 3738 1284 συν-

2105 1311 2415 1366 επισκόπων
2444 1312 2623 1385 ἡμῶν,
2658 1314 2763 1370 τῶν
2796 1312 3029 1395 ἔναγχος
3085 1315 3579 1396 χειροτονηθέντων
3618 1315 3740 1373 δια-

2103 1398 2248 1460 νοίας
2282 1413 2298 1429 ⁹
2361 1401 2525 1457 ταῦτα
2567 1399 2653 1459 δεῖ
2693 1406 3006 1481 προσθεῖναι
3061 1402 3095 1460 ἃ
3138 1405 3281 1483 παρὰ
3323 1409 3430 1462 τῶν
3488 1405 3742 1481 Πατέρων

2100 1484 2287 1560 βεϐαίᾳ
2332 1484 2655 1547 διατυπώσει
2709 1490 3109 1572 παρελάϐομεν,
3140 1493 3281 1551 ὥστε
3331 1501 3429 1561 τῆς
3488 1493 3736 1574 Τριάδος,

2097 1574 2339 1633 τουτέστι
2369 1599 2462 1636 του
2523 1583 2751 1656 Πατρὸς,
2804 1583 2892 1637 καὶ
2937 1590 3031 1639 τοῦ
3087 1585 3230 1658 ficii,
3291 1582 3387 1640 καί
3435 1591 3529 1642 τοῦ
3587 1584 3739 1661 ἁγίου

2099 1666 2404 1739 [Ινεύματος
2451 1669 2551 1736 τὴν
2594 1671 2844 1737 ἑνότητα,
2877 1672 2976 1738 τὴν
3005 1671 3272 1747 μηδεμίαν
3302 1673 3453 1753 ἔχειν
3482 1670 3738 1752 διαφορὰν

2097 1756 2503 1829 γινωσκομένην
2541 1780 2554 1793 ·
2602 1759 2669 1828 ἢν
2713 1773 2835 1826 ταῖς
2887 1763 3175 1840 ἡμετέραις
3224 1761 3476 1824 διανοίαις
3535 1763 3736 1841 ἐγκαθ-

2876 1851 2963 1906 καὶ
3007 1853 3179 1913 καθὼς
3242 1851 3532 1927 ἒμσίθομεν,
3595 1852 3736 1909 οὕτω

2092 1932 2216 1995 τοὺς
2247 1931 2409 1998 λαοὺς
2440 1942 2532 1991 τοῦ
2564 1945 2697 1996 Θεοὺ
2752 1935 3067 2013 διδάξωμεν,
3103 1937 3337 2013 Ὀμοίως
3383 1941 3487 1997 ἀπὸ
3518 1942 3732 1997 πάντων

366 2027 440 2090 ab
473 2030 764 2090 universis
786 2028 1086 2109 episcopis
1113 2045 1302 2106 nuper
1325 2026 1615 2107 promotis
1636 2026 1860 2088 dictum
1894 2037 2000 2089 est:

2096 2020 2199 2076 τῶν
2248 2024 2559 2081 ἐπισκόπων
2623 2033 2725 2083 τῶν
2768 2027 3002 2108 ἔναγχος
3064 2029 3472 2109 προαχθέντων,
3533 2030 3726 2110 ἐλέχθη

364 2116 549 2179 Plane
576 2118 665 2179 sic
696 2118 1064 2198 accepimus,
1116 2118 1207 2179 sic
1265 2125 1541 2179 tenemus
1575 2117 1662 2177 sic
1693 2115 2000 2197 docemus,

2092 2112 2331 2200 φανερῶς
2364 2130 2379 2146 ⁸
2417 2114 2597 2176 Οὕτως
2643 2115 2941 2197 δεχόμεθα,
2973 2117 3139 2185 οὕτως
3198 2119 3328 2176 κατέ
3336 2142 3532 2200 λομεν,
3564 2118 3729 2186 οὕτως

366 2206 547 2270 ﬁdem
582 2196 983 2288 evangelicam
1016 2225 1148 2268 cum
1197 2214 1389 2268 vestra
1434 2205 1708 2267 doctrina
1737 2196 2000 2286 sequené

2091 2196 2433 2290 διδασκομεν,
2466 2204 2532 2280 τῇ
2564 2196 2739 2263 πίστει
2796 2208 2863 2284 τῇ
2907 2207 3235 2287 εὖαγγελικῇ
3262 2196 3376 2285 ἅμα
3405 2216 3474 2288 τῇ
3503 2210 3732 2290 ὑμετέρᾳ

364 2304 754 2451 te8.6‘oncilii
781 2390 1139 2453 mcumenici
1166 2405 1226 2451 v1
1250 2405 1511 2450 canones
1548 2395 1602 2461 1,
1633 2388 1734 2463 73,
1771 2389 1868 2451 81.

420 2494 644 2559 LOrdo
664 2503 754 2557 est
775 2497 1033 2575 optimus
1054 2493 1243 2574 ei,qui
1261 2512 1501 2556 omnem
1528 2493 1860 2556 orationem
1877 2502 1935 2556 et
1955 2496 2001 2553 3
2022 2540 2041 2545 -

361 2602 490 2647 rem
513 2583 815 2660 incipit,et
839 2602 872 2645 a
896 2584 1015 2646 Deo
1039 2584 1396 2663 incipere.et
1414 2584 1473 2644 in
1494 2583 1680 2645 Deum
1702 2584 2006 2654 desinere,

360 2683 424 2736 ut
442 2668 588 2749 dicit
611 2672 972 2752 Theologus.
1009 2672 1303 2744 Quocirca
1326 2691 1460 2733 cum
1486 2680 1546 2734 et
1567 2674 1758 2752 pietas
1777 2691 1809 2732 a
1833 2672 2008 2733 nobis

361 2763 522 2845 clare
556 2762 943 2843 praedicetur,
974 2772 1032 2823 et
1057 2760 1345 2834 Ecclesia,
1374 2762 1435 2822 in
1469 2781 1584 2843 qua
1615 2761 1884 2824 Christus
1917 2771 2006 2823 est

360 2851 842 2927 fundamentum,
870 2852 1108 2913 assidue
1140 2858 1528 2931 augeatur,ac
1561 2858 1999 2930 promowatur,

364 2950 426 3003 ut
458 2959 528 3003 ea
558 2960 734 3024 supra
765 2943 978 3004 cedros
1014 2940 1219 3002 Libani
1253 2940 1570 3001 extollatur
1598 2961 1611 2998 :
1644 2948 1880 3001 etnunc
1907 2959 2002 3001 sa-

362 3050 770 3094 croscanoues
791 3030 1440 3098 ordientes.statuimus
1460 3029 1638 3090 ﬁdem
1660 3028 2003 3091 aVerbimi-

362 3120 594 3197 nistris,
630 3121 853 3201 quique
906 3121 1100 3199 ipsum
1152 3120 1277 3180 suis
1326 3118 1518 3180 oculis
1548 3118 1848 3191 viderunt,
1882 3126 1942 3179 et
1971 3137 2004 3179 a

2010 2350 2013 2355 η
2086 2285 2397 2367 διδασκαλίᾳ
2430 2294 2710 2368 ἑπόμενοι,

2215 2380 2440 2438 Συνόδου
2470 2385 2841 2459 οἰκουμενικῆς
2873 2382 2979 2467 ς’,
3010 2388 3189 2444 κανὼν
3220 2386 3297 2462 α’,
3329 2388 3440 2467 ογ’,
3472 2387 3597 2453 πα⁹,

2164 2479 2240 2542 α’.
2289 2484 2443 2552 Τάξις
2486 2487 2676 2555 ἀρίστη
2728 2492 2928 2556 παντὸς
2969 2490 3278 2571 ἀρχομένου
3320 2493 3410 2548 καὶ
3439 2491 3603 2570 λόγου
3632 2493 3730 2551 καί

2093 2575 2430 2656 πράγματος,
2490 2576 2552 2633 ἐκ
2594 2585 2728 2635 Θεοῦ
2774 2600 2833 2636 τε
2878 2570 3141 2659 ἄρχεσθαι
3173 2582 3260 2638 καὶ
3292 2583 3365 2645 εἰς
3411 2583 3543 2639 Θεὸν
3590 2570 3751 2640 ἀνα--

2094 2663 2372 2737 παύεσθαι,
2430 2668 2570 2723 κατὰ
2626 2668 2723 2736 τὴν
2776 2668 3029 2747 θεολόγον
3073 2670 3298 2750 φωνήν
3345 2670 3464 2727 ὅθεν
3496 2674 3586 2729 καὶ
3628 2672 3727 2741 τῆς

2090 2750 2357 2817 εὐσεϐείας
2400 2756 2488 2832 ὑφ’
2532 2759 2688 2830 ἡμῶν
2751 2756 2856 2825 ἤδη
2914 2757 3242 2837 διαπρυσίως
3299 2761 3726 2841 κηρυττομὲνης,

2088 2841 2177 2932 καὶ
2241 2843 2338 2910 τῆς
2412 2841 2737 2913 Ἐκκλησίας
2809 2847 2892 2927 ἐφ’
2963 2850 3001 2924 ᾗ
3035 2850 3260 2927 Χριστὸς
3321 2849 3722 2932 τεθεμελίωται,

2086 2926 2345 2998 διηνεκῶς
2375 2932 2705 3003 αὐξανούσης
2761 2938 2858 2995 καί
2907 2941 3343 3015 προκοπτούσης,
3377 2941 3451 3003 ὡς
3482 2946 3590 2997 τῶν
3628 2947 3726 2997 τοῦ

2086 3017 2317 3076 Λιϐάνου
2373 3021 2572 3100 κέδρων
2635 3026 2839 3093 ταύτην
2919 3028 3377 3105 ὑπερεκτείνεσθαι
3414 3044 3428 3058 ”
3488 3030 3575 3086 καὶ
3631 3037 3719 3086 νῦν

2086 3107 2262 3188 ἀρχὴν
2321 3118 2428 3169 τῶν
2511 3115 2669 3188 ἱερῶν
2722 3116 3039 3191 ποιούμενοι
3107 3116 3308 3194 λόγων,
3375 3118 3555 3197 χάριτι
3605 3122 3715 3191 θείᾳ

361 3211 491 3274 Deo
511 3200 687 3271 electi
710 3200 1167 3290 sunt,apostolis
1190 3208 1495 3283 traditam,
1525 3209 1671 3268 citra
1698 3208 1878 3269 ullam
1914 3208 2000 3268 in-

2086 3200 2326 3273 ὁρίζομεν
2382 3201 2787 3278 ἁκαινοτόμητά
2836 3226 2896 3262 τε
2925 3205 3022 3263 καί
3052 3206 3405 3285 ἁπαράτρωτα
3433 3208 3716 3281 φυλάττειν

363 3298 741 3361 novationem
761 3296 1338 3379 immutabiliterque
1352 3315 1419 3359 ac
1434 3297 1856 3358 inviolabiliter
1870 3315 2002 3358 esse

360 3385 1039 3452 servandamPrmterea
1063 3395 1259 3448 autem
1283 3395 1342 3448 et
1360 3395 1766 3447 trecentorum
1788 3386 1999 3447 decem

362 3484 421 3536 et
442 3484 573 3537 octo
597 3484 938 3538 sanctorum
958 3474 1200 3536 Patrum
1228 3476 1329 3556 qui
1353 3474 1565 3537 Nicaea!
1588 3484 2002 3537 convenerunt

362 3563 472 3626 sub
497 3564 908 3639 Constantino,
932 3564 1032 3645 qui
1053 3565 1157 3626 fuit
1183 3574 1386 3626 noster
1404 3566 1750 3645 imperator,
1783 3565 1996 3627 adver-

359 3653 1309 3734 susimpiumArium,etgentilem
1327 3654 1399 3715 ab
1415 3674 1484 3716 eo
1499 3655 1997 3730 dogmatizautem

360 3742 595 3809 deitatis
621 3744 1147 3817 diversitatem,vel
1178 3744 1427 3805 deorum
1460 3744 1679 3823 potius,
1714 3754 1776 3804 ut
1804 3745 2001 3823 aptius

356 3832 1053 3906 dicam,multitudinem:
1072 3834 1173 3913 qui
1200 3834 1371 3895 nobis
1390 3834 1660 3894 unanimi
1683 3833 1998 3912 ﬁdeiagui-

356 3922 517 3989 tione
530 3922 1307 3996 consubstantialitatem,in
1333 3922 1522 3983 tribus
1535 3922 1748 3986 divinae
1771 3935 1996 3986 naturae

356 4012 820 4073 consistentibus
848 4012 1145 4091 personis,
1170 4022 1229 4073 et
1254 4012 1691 4083 revelaverunt,
1718 4020 1777 4071 et
1799 4012 1993 4073 decla-

351 4110 577 4175 rarunt,
615 4102 768 4162 hanc
816 4102 930 4160 sub
970 4101 1324 4178 ignorantia
1356 4100 1553 4160 modio
1576 4096 1990 4161 absconditam

351 4207 486 4252 esse
517 4208 634 4250 non
659 4191 954 4265 sinentes;
974 4189 1082 4250 sed
1107 4189 1363 4261 Patrem,
1400 4198 1458 4250 et
1482 4189 1789 4265 Filium,et
1810 4190 1995 4264 Spiri-

351 4288 475 4339 tum
498 4288 767 4340 sanctum
794 4294 910 4339 nua
932 4278 1280 4339 adoratione
1299 4278 1508 4340 ﬁdeles
1520 4278 1772 4340 adorare
1784 4288 1992 4358 aperte

349 4367 662 4442 docentes;
691 4376 748 4427 et
771 4369 842 4427 ab
871 4366 1168 4427 haereticis
1214 4385 1282 4427 ex
1309 4385 1493 4428 arena
1515 4378 1862 4430 constructa
1892 4370 1992 4428 ad-

344 4472 556 4517 versus
571 4466 798 4517 rectam
816 4455 1158 4538 opinionem
1179 4456 1428 4534 puerilia
1442 4455 1991 4536 ludibriadejicien-

2084 3290 2183 3355 τὴν
2216 3289 2608 3367 παραδοθεῖσαν
2666 3298 2843 3351 πίστιν
2886 3297 3024 3370 ἡμῖν
3081 3298 3185 3353 ὑπό
3214 3317 3273 3354 τε
3302 3302 3408 3353 τῶν
3439 3298 3720 3355 αὒτοπτῶν

2083 3377 2179 3433 καί
2211 3380 2491 3456 ὑπηρετῶν
2550 3388 2642 3439 τοῦ
2697 3384 2897 3464 Λόγου,
2932 3392 3040 3442 τῶν
3062 3388 3351 3463 θεοκρίτων
3379 3386 3719 3466 ἀποστόλων,

2083 3466 2160 3524 ἔτι
2190 3466 2247 3524 δὲ
2281 3485 2370 3526 και
2398 3478 2506 3527 τῶν
2541 3473 2653 3539 τιη⁹
2684 3474 2850 3551 ἁγίων
2877 3477 2965 3532 καὶ
3016 3478 3292 3552 μακαρίων
3323 3476 3573 3553 Πατὲρων
3615 3483 3723 3533 τῶν

2082 3557 2139 3613 ἐν
2170 3561 2357 3633 Νικαίᾳ
2403 3561 2785 3641 συνελθόντων,
2842 3566 2931 3621 επὶ
2992 3567 3387 3626 Κωνσταντίνου
3414 3573 3508 3623 τοὺ
3560 3588 3722 3643 γενο-

2082 3647 2245 3720 μένο.)
2287 3653 2443 3724 ἡμῶν
2499 3652 2791 3727 βασιλέως,
2853 3655 2989 3710 κατᾶ
3048 3652 3255 3732 Ἀρείου
3285 3663 3377 3713 τοῦ
3411 3652 3718 3736 δυσσεϐοῦς,

2080 3738 2177 3794 καί
2208 3743 2307 3806 τῆς
2362 3739 2490 3817 παρ’
2549 3744 2710 3799 αὐτοῦ
2759 3741 3205 3820 δογματισθείσης
3266 3745 3480 3811 ἐθνικῆς
3533 3746 3721 3813 ἑτερο-

2078 3830 2252 3901 θείας,
2287 3829 2322 3896 ἣ
2354 3829 2644 3896 πολυθείας
2676 3834 2851 3889 εἰπεῖν
2880 3834 3225 3914 οἰκειότερον,
3259 3834 3316 3891 οἴ
3354 3840 3423 3911 τῇ
3466 3837 3721 3911 ὁμογνω-

2079 3918 2281 3996 μοσύνῃ
2335 3919 2431 3987 τῆς
2493 3922 2747 3994 πίστεως,
2806 3923 2867 3978 τὸ
2924 3924 3210 3997 ὁμοούσιον
3269 3927 3410 3996 ἡμῖν
3470 3923 3560 3981 ἐπὶ
3612 3930 3721 3982 τῶν

2076 4011 2235 4083 τριῶν
2291 4015 2390 4076 τῆς
2446 4014 2744 4089 θεαρχικῆς
2804 4014 3008 4091 φύσεως
3068 4014 3438 4086 ὑποστάσεων,
3502 4014 3717 4071 ἀπεκά-

2075 4095 2246 4172 λυψάν
2319 4120 2376 4155 τε
2456 4101 2549 4156 καί
2607 4099 2962 4179 διετροίνωσαν
2993 4118 3007 4133 ·
3071 4104 3151 4178 μὴ
3201 4103 3582 4181 ἑπικεκρύᾳθαι
3638 4110 3716 4177 τῷ

2074 4186 2246 4259 μοόίῳ
2272 4186 2369 4254 τῆς
2399 4188 2664 4265 ἀγνωσίας
2692 4200 2848 4249 τοῦτο
2892 4193 3422 4272 παραχωρήσαντες,
3457 4191 3597 4248 ἁλλὰ
3625 4195 3720 4249 τὸν

2076 4275 2305 4351 Πατέρα,
2354 4279 2442 4333 καὶ
2484 4280 2574 4334 τὸν
2608 4279 2752 4351 Υἱὸν,
2798 4280 2887 4334 καὶ
2930 4281 2991 4335 τὸ
3046 4279 3197 4357 ἅγιον
3254 4287 3505 4358 Πνεῦμα,
3537 4301 3717 4357 προσ-

2072 4378 2256 4421 κυνεῖν
2314 4366 2411 4439 μιᾷ
2468 4369 2853 4447 προσκυνήσει,
2915 4370 3039 4431 τοὺς
3117 4370 3337 4430 πιστοὺς
3414 4368 3716 4448 ἀναφανδὸν

2071 4452 2461 4527 ἐκκιδὰξαντες,
2507 4459 2594 4512 καὶ
2636 4458 2736 4526 τήν
2807 4479 2866 4514 τε
2922 4465 3029 4516 τῶν
3085 4459 3279 4515 ἀνίσων
3337 4460 3555 4534 βαθμῶν
3616 4464 3716 4525 τῆς

343 4551 434 4604 tes
465 4552 523 4604 et
577 4544 1016 4607 subvertentes.
1073 4546 1365 4607 Similiter
1413 4556 1474 4610 et
1518 4564 1676 4615 eam,
1710 4565 1845 4627 quaa
1874 4548 1987 4609 sub

2086 4544 2323 4612 ied'mto;
2353 4542 2531 4620 δόξαν,
2589 4546 2906 4610 καθελόντες
2959 4550 3043 4604 καὶ
3071 4546 3463 4613 διασπάσαντες
3495 4567 3512 4583 ·
3546 4550 3612 4605 τά
3654 4558 3719 4605 τε

342 4631 687 4694 Theodosio
713 4634 1072 4714 majore,qui
1096 4633 1205 4695 fuit
1232 4636 1835 4715 nosterimperator.a
1853 4654 1991 4697 cen-

344 4731 467 4784 tum
493 4723 924 4803 quinquaginta
944 4725 1169 4784 sanctis
1191 4723 1597 4805 Patribus,qni
1623 4725 1681 4784 in
1706 4724 1815 4784 hac
1840 4725 1988 4786 urbe

338 4810 673 4891 imperante
694 4821 1124 4878 convenerunt,
1161 4812 1479 4890 praedicata
1500 4813 1800 4886 est,ﬁdem
1837 4831 1982 4874 cou-

339 4900 753 4975 firmamus,de
785 4901 1007 4981 Spiritu
1040 4913 1244 4964 sancto
1271 4922 1443 4964 voces
1474 4921 1606 4982 quae
1628 4921 1762 4963 eum
1793 4901 1981 4963 Deum

338 5006 472 5051 esse
498 4992 1249 5070 statuunt,amplectentes,
1279 5000 1338 5053 et
1369 4994 1679 5071 profanum
1706 4992 1982 5055 Macedo-

336 5079 502 5139 nium
521 5098 634 5140 una
653 5098 787 5141 cum
804 5080 1107 5160 prioribus
1119 5083 1392 5143 veritatis
1405 5080 1666 5142 inimicis
1680 5081 1983 5160 expellen-

337 5174 454 5245 tes;
478 5170 661 5250 utqui
685 5187 823 5232 eum
852 5171 951 5245 qui
972 5170 1586 5240 dominatur,servum
1614 5188 1747 5231 esse
1762 5170 1978 5233 decer-

336 5276 675 5320 nereausns
699 5259 804 5335 sit;
820 5270 877 5319 et
894 5260 1230 5319 insectilem
1258 5259 1543 5321 unitatem
1559 5279 1765 5321 secare
1783 5262 1819 5320 li
1837 5279 1982 5340 prm-

334 5346 510 5408 donis
542 5366 707 5409 more
730 5348 1014 5424 soluerit,
1046 5357 1106 5408 ut
1138 5364 1256 5407 non
1288 5358 1446 5410 esset
1477 5350 1802 5429 perfectum
1839 5351 1975 5412 fidei

339 5435 429 5514 lG.
463 5437 621 5516 spei]
657 5447 876 5498 nostra;
913 5437 1265 5517 mysterium
1304 5455 1460 5499 :uua
1483 5440 1664 5500 etiam
1698 5459 1831 5501 cum
1862 5441 1974 5503 isto

335 5524 542 5586 odioso
572 5544 639 5585 ac
667 5523 1039 5597 detestabili,
1075 5526 1295 5606 quique
1352 5528 1637 5589 a-lversus
1668 5529 1972 5589 veritatem

331 5612 442 5673 fuit
487 5614 654 5674 rabie
710 5614 993 5691 percitus,
1031 5614 1206 5674 etiam
1252 5616 1661 5695 Apollinarem
1695 5618 1970 5696 ejusdem

331 5698 665 5781 iniquitatis
689 5710 917 5782 mystea
949 5721 1064 5764 una
1091 5704 1562 5768 condemnantes
1600 5726 1612 5768 :
1645 5707 1746 5791 qni
1775 5704 1973 5767 Domi-
2008 5704 2013 5709 ”

2024 5654 2029 5659 -
2057 5619 2135 5690 μὴ
2171 5618 2377 5684 ἐντελὲς
2408 5622 2543 5694 ἡμῖν
2576 5622 2635 5675 τὸ
2668 5624 2765 5687 τῆς
2799 5616 3008 5683 ἐλπίδος
3070 5616 3163 5686 εἴη
3221 5620 3513 5696 μυστήριον
3549 5636 3563 5650 ·

2070 4636 2172 4690 ὑπὸ
2226 4640 2333 4690 τῶν
2392 4636 2673 4711 αἱρετικῶν
2725 4639 2990 4695 συστάντα
3042 4638 3103 4694 ἐκ
3147 4638 3375 4713 ψάμμου
3418 4638 3557 4694 κατὰ
3614 4638 3713 4705 τῆς

2069 4723 2366 4800 ὀρθοδοξίας
2427 4725 2735 4800 μειρακώὸη
2794 4728 3097 4804 ἀθύρματα,
3169 4724 3565 4793 καταϐαλόντες
3620 4730 3712 4785 καὶ

2067 4814 2458 4892 ἀνατρέψαντες
2520 4808 2796 4878 Ὡσαύτως
2850 4815 2906 4872 δὲ
2951 4816 3045 4873 καί
3087 4818 3186 4884 τὴν
3222 4816 3318 4872 ἐπὶ
3347 4822 3440 4873 τοῦ
3471 4816 3710 4894 μεγάλου

2068 4899 2349 4961 Θεοδοσίου
2401 4911 2495 4961 τοῦ
2561 4906 2840 4981 γενομένου
2878 4905 3033 4980 ἥμῶν
3089 4905 3376 4982 βασιλέως,
3435 4907 3539 4967 ὑπὸ
3602 4910 3709 4963 τῶν

2065 4993 2120 5049 ἐν
2148 4994 2313 5070 ταύτῃ
2345 4991 2574 5069 βασιλίδι
2623 4994 2785 5052 πόλοι
2827 4994 3201 5074 συναχθέντων
3242 4991 3322 5072 ρν’
3365 4995 3533 5072 ἁγίων
3564 5001 3708 5063 ,Πα-

2064 5082 2232 5159 τέρων
2286 5085 2656 5163 κηρυχθεϊσαν
2714 5084 2917 5163 πίστιν,
2974 5085 3300 5161 κρατύνομεν
3337 5103 3351 5118 ο
3412 5085 3509 5147 τὰς
3582 5087 3708 5143 θεο-

2064 5171 2256 5250 λόγους
2316 5175 2434 5252 περὶ
2492 5179 2584 5230 τοῦ
2640 5175 2791 5251 ἁγίου
2854 5175 3160 5248 Πνεύμοτος
3216 5174 3396 5253 φωνὰς
3460 5172 3708 5244 ἀσπαζό-

2064 5284 2237 5337 μενοι,
2300 5264 2387 5319 καὶ
2446 5263 2537 5318 τὸν
2593 5260 2827 5339 βέϐηλον
2879 5261 3205 5319 Μαγεδόνιον
3247 5275 3367 5326 τοϊς
3425 5261 3705 5339 προτέροις

2060 5352 2280 5430 ἐχθροῖς
2317 5358 2418 5420 τῆς
2451 5353 2699 5418 ἀληθείας
2754 5351 3242 5424 συνεξελαύνοντες,
3292 5363 3362 5415 ὡς
3413 5349 3600 5408 δοῦλον
3644 5352 3705 5407 τὸ

2058 5438 2313 5513 δεσπόζον
2371 5442 2604 5506 αὖθαδῶς
2652 5441 2868 5508 δοξάσαι
2923 5440 3298 5520 τολμήσαντα,
3360 5442 3449 5498 καὶ
3508 5442 3704 5521 σχίσαι

2057 5530 2155 5595 τὴν
2216 5528 2457 5604 ἄτμητοι
2490 5532 2685 5607 Τριάδα
2745 5530 3050 5606 λῃστρικῶς
3081 5530 3443 5607 προελόμενον
3476 5548 3493 5566 ⁶
3516 5535 3604 5596 ,ὡς
3639 5533 3702 5586 ἂν

3626 5627 3703 5693 τῷ

2055 5707 2292 5788 βδελυρῴ
2349 5710 2519 5789 τούτῳ
2579 5711 2667 5770 καὶ
2724 5712 2862 5767 κατὰ
2917 5715 3014 5783 τῆς
3046 5708 3300 5777 ἀληθείας
3345 5708 3695 5795 λυττήσαντι,
