4108 6222
434 276 556 347 447

439 513 776 591 inquimus,
825 510 1078 585 Pharan,
1146 510 1292 592 Cyro
1347 512 1752 588 Alexandria),
1811 514 2083 577 Honorio

439 600 670 679 Romaa,
704 601 936 682 Sergio,
968 602 1013 661 6
1059 603 1310 684 Pyrrho,
1359 601 1568 676 Paulo,
1630 605 1836 680 Petro,
1885 604 1990 680 qui
2022 605 2084 666 in

442 689 556 756 hac
581 711 616 755 a
660 691 806 765 Deo,
849 702 1080 753 servata
1127 691 1365 754 cititate
1397 692 1846 773 praesederunt;
1876 696 2079 758 Maca-

438 781 558 856 rio,
590 781 693 862 qui
726 780 837 842 fuit
864 781 1360 844 Antiochensium
1392 785 1736 864 episcopus,
1779 785 2084 864 Stephano

435 875 565 954 ejus
621 872 947 955 discipulo,
1010 883 1069 936 et
1127 875 1450 957 insipiente
1496 875 1934 957 Polychronio;
1970 878 2084 940 hac

436 963 672 1028 ratione
706 964 930 1026 intacto
961 971 1019 1026 et
1047 963 1276 1026 illibato
1307 966 1613 1027 communi
1653 984 1910 1046 corpore
1959 966 2083 1030 Do-

441 1053 592 1116 mini
652 1056 840 1115 nostri
889 1053 1032 1117 Jesu
1087 1055 1305 1118 Christi
1347 1054 1420 1117 ab
1453 1055 1543 1116 eis
1573 1067 1831 1118 servato.
1867 1057 2079 1134 Atque,

437 1151 505 1205 ut
535 1143 722 1206 semel
753 1143 1048 1218 dicamus,
1109 1145 1375 1207 omnium
1423 1144 1528 1225 qui
1585 1145 1644 1206 in
1679 1144 1784 1207 Dei
1816 1144 2086 1209 Ecclesia

442 1233 665 1296 decora
715 1241 1186 1313 ornamentaque
1235 1235 1506 1309 fuerunt,
1560 1243 1619 1296 et
1671 1234 1992 1297 luminaria
2021 1236 2083 1298 in

444 1322 692 1398 mundo,
728 1321 864 1384 vitae
891 1323 1185 1385 rationem
1217 1325 1575 1397 obtinentia,
1612 1324 1846 1386 ﬁrmam
1898 1325 2078 1388 ﬁdem

443 1411 663 1487 valere,
696 1419 756 1474 et
790 1431 979 1493 usque
1008 1413 1081 1474 ad
1134 1414 1338 1476 saeculi
1367 1413 1946 1476 consummationem
1981 1416 2078 1477 in-

444 1520 798 1565 concussam
833 1521 904 1564 ac
934 1502 1330 1566 illabefactam
1364 1522 1721 1585 permanere
1750 1505 2076 1581 sancimus,

441 1609 770 1673 eorumque
820 1593 1043 1672 scripta
1095 1611 1164 1656 ac
1212 1593 1454 1656 decreta
1499 1594 1779 1656 divinitus
1810 1595 2076 1658 tradita:

439 1679 786 1760 rejicientes
816 1700 1027 1745 omnes
1054 1691 1112 1744 et
1160 1683 1752 1764 anathematizantes,
1807 1703 1956 1764 quos
1985 1703 2080 1746 re-

1626 285 1894 349 PHOTII
1939 286 2462 356 PATRIARCHE
2505 293 2620 358 ΟΡ.

437 420 830 490 sacerdotalis
887 419 1142 496 ordinis,
1202 426 1300 502 qui
1352 428 1760 502 transgressus
1790 431 1880 484 est
1911 432 2252 500 eum,Aco-3
2307 430 2424 492 ἐνὸς

3702 293 3824 362 448

2510 436 2696 510 Κυρίου
2781 433 2876 491 τοῦ
2933 441 3066 494 Θεοῦ
3120 436 3280 507 ἡμῶν
3344 434 3528 502 Ἰησοῦ
3588 439 3824 507 Χρίστου

2167 521 2289 586 τοὺς
2347 524 2508 587 λαοὺς
2541 523 2907 590 ἐκδιδάξαντας
2937 541 2952 557 ⁸
3013 532 3082 596 tri
3137 530 3239 592 τῆς
3318 523 3588 592 εὐσεϐείας
3647 525 3819 606 ψήφῳ

2171 609 2568 670 καταδιαάσασα
2598 632 2615 649 ·
2669 613 2845 693 φαμὲν
2886 611 3160 696 Θεόδωρον
3190 615 3280 671 τὸν
3310 615 3660 696 τῆςΫΦαράν,
3700 616 3813 674 Κύ-

2167 721 2258 776 ρον
2291 704 2382 758 τὸν
2442 700 2859 781 Ἀλεξανδρείας,
2921 693 3174 779 Ὀνώριον
3261 705 3357 761 τὸν
3417 693 3655 779 Ῥώμης
3699 703 3813 786 (3),

2167 789 2412 872 Σέργιον,
2464 793 2685 874 Πύῤῥον,
2745 792 2978 872 Παῦλον,
3041 793 3270 872 Πέτρον,
3329 794 3456 858 τοὺς
3527 794 3582 852 ἓν
3643 796 3813 873 ταύτῃ

2165 885 2234 954 τῇ
2303 881 2645 962 θεοφυλάκτῳ
2715 881 3166 962 προεδρεύσαντας
3253 881 3435 956 πόλει,
3501 885 3805 962 Μακάριον⁹

2164 969 2258 1025 τὸν
2311 972 2599 1049 γενόμενον
2656 979 2755 1041 τῆς
2801 972 3128 1050 Ἀντιοχέων
3170 972 3489 1053 ἐπίσκοπον,
3539 975 3804 1055 Στέφανον

2164 1059 2258 1115 τὸν
2301 1065 2460 1119 αὐτοῦ
2503 1063 2773 1142 μαθητὴν,
2839 1063 2926 1118 καὶ
2979 1064 3070 1118 τὸν
3138 1060 3340 1142 ἄφρονα
3386 1061 3752 1142 Πολυχρόνιον
3785 1081 3804 1101 ⁸

2165 1146 2402 1206 ἐντεῦθεν
2444 1150 2712 1231 ἀνέπαφον
2754 1153 2991 1223 τηροῦσα
3032 1151 3095 1207 τὸ
3139 1152 3316 1207 κοινὸν
3359 1157 3519 1226 σῶμα
3581 1159 3812 1221 Χριστοῦ

2163 1240 2256 1294 τοῦ
2299 1246 2431 1296 Θεοῦ
2473 1242 2628 1314 ἡμῶν
2660 1255 2674 1271 ⁸
2724 1242 2812 1297 καὶ
2853 1239 3124 1298 συνελόντι
3159 1241 3316 1318 φάναι
3347 1240 3566 1298 πάντων
3599 1247 3710 1298 τῶν
3757 1241 3814 1298 ἐν

2161 1326 2230 1403 τῇ
2260 1331 2353 1386 τοῦ
2391 1337 2524 1389 Θεοῦ
2565 1329 2860 1404 Ἐκκλησία
2913 1328 3324 1408 διαπρεψάντων
3351 1328 3580 1409 ἀνδρῶν,
3616 1330 3674 1388 οἵ
3710 1352 3812 1408 γε-

2163 1419 2380 1495 γόνασιν
2439 1417 2495 1475 ἓν
2537 1419 2726 1494 κόσμῳ
2774 1424 3074 1500 φωστῆρες,
3131 1420 3295 1498 λόγον
3324 1425 3467 1491 ζωῆς
3511 1419 3813 1501 ἰπέχοντες

2160 1507 2260 1574 τὴν
2303 1509 2486 1565 πίστιν
2542 1523 2760 1584 κρατεῖν
2819 1508 3036 1586 βεϐαίαν
3072 1523 3088 1540 ⁸
3137 1511 3225 1566 καὶ
3275 1509 3440 1589 μέχρι
3495 1508 3806 1572 συντελείας

2161 1619 2253 1654 του
2298 1599 2487 1660 αἰῶνος
2526 1598 2820 1656 ἀσάλευτον
2881 1597 3151 1669 διαμένειν
3207 1601 3552 1674 θεσπίζομεν,
3599 1600 3698 1656 κῖίί
3739 1599 3810 1656 τὰ

2162 1689 2336 1744 αὐτῶν
2378 1686 2740 1765 θεοπαράδοτα
2796 1689 3194 1766 συγγράμματά
3247 1709 3305 1744 τε
3359 1693 3453 1745 καί
3505 1687 3755 1767 δόγματα
3787 1703 3804 1721 ⁸

435 1771 716 1852 jecerunt
743 1780 800 1835 et
833 1772 1431 1847 anathematizarunt,
1481 1782 1544 1836 ut
1595 1774 1856 1835 veritatis
1882 1774 2079 1835 inimi-

2167 1777 2366 1841 πάντας
2411 1777 2843 1853 ἀποϐαλλόμενοί
2869 1799 2930 1834 τε
2957 1780 3046 1834 καὶ
3076 1779 3550 1852 ἀναθεματίζοντες
3601 1781 3674 1844 ὡς
3705 1783 3806 1847 τῆς

444 1879 570 1935 cos,
601 1867 660 1922 et
686 1862 790 1942 qui
820 1861 1104 1924 adversus
1133 1863 1320 1925 Deum
1373 1862 1634 1924 inaniter
1681 1863 2076 1940 fremuerunt,

447 1957 506 2016 et
534 1951 907 2031 iniquitatem
957 1955 1018 2013 in
1058 1952 1246 2014 altum
1301 1953 1570 2015 meditati
1627 1962 1789 2017 sunt.
1845 1951 1905 2016 Si
1949 1955 2082 2035 quis

442 2047 642 2102 autem
677 2059 747 2102 ex
781 2040 1058 2102 omnibus
1085 2042 1369 2122 praedicta
1401 2042 1636 2122 pietatis
1666 2043 1908 2105 decreta
1961 2063 2079 2105 non

439 2138 606 2192 tenet
635 2137 694 2191 et
716 2132 1118 2211 amplectitur,
1152 2132 1355 2213 sicque
1387 2133 1667 2211 opinatur
1688 2140 1746 2193 et
1769 2133 2072 2212 praedicat,

439 2222 548 2285 sed
579 2221 652 2284 iis
703 2231 912 2284 contra
958 2222 1262 2285 adversari
1320 2231 1590 2298 conatur,
1625 2224 1702 2284 sit
1733 2225 2071 2298 anathema,

439 2311 774 2374 secundum
809 2315 974 2388 prius
1004 2313 1333 2393 expdsitam
1363 2313 1798 2375 declaratorum
1833 2323 2074 2376 sancto-

438 2418 571 2463 rum
604 2408 664 2462 et
691 2401 1001 2463 beatorum
1032 2403 1272 2464 Patrum
1311 2403 1642 2478 decretum,
1674 2423 1709 2465 ε
1738 2403 2073 2466 Christiano

443 2508 680 2570 quoque
701 2491 965 2568 catalogo
998 2502 1060 2552 ut
1082 2492 1312 2553 alienus
1359 2492 1705 2554 extrudatur
1735 2502 1792 2553 et
1817 2493 2072 2555 excidat.

442 2577 562 2641 Nos
591 2578 749 2641 enim
777 2580 944 2658 juxta
967 2582 1131 2661 prius
1155 2581 1400 2643 deﬁnita
1428 2600 1627 2661 neque
1665 2581 1887 2662 aliquid
1918 2583 2076 2662 adji-

444 2687 606 2746 cere,
639 2687 836 2750 neque
886 2669 1212 2751 quidquam
1272 2670 1542 2733 adimere
1590 2671 1834 2732 omnino
1866 2672 2076 2732 statui-

446 2776 598 2840 mus,
633 2758 725 2820 vel
758 2758 878 2821 ullo
912 2759 1085 2821 modo
1117 2759 1440 2841 potuimus.

524 2938 623 3002 73.
647 2937 792 3001 Cum
829 2957 970 3000 crux
1002 2938 1176 3000 nobis
1199 2938 1427 3000 viviﬁca
1447 2937 1705 2999 salutare
1727 2938 2073 3010 ostenderit,

444 3046 554 3089 nos
587 3030 626 3087 7
650 3046 888 3089 omnem
921 3027 1294 3106 diligentiam
1329 3027 1622 3089 adhibere
1647 3036 1975 3106 oportet,ut
2001 3029 2073 3102 ei,

2163 1865 2416 1934 ἀληθείας
2445 1868 2694 1948 ἐχθροὺς,
2727 1869 2814 1925 καὶ
2860 1869 2998 1924 κατὰ
3033 1875 3165 1924 Θεοῦ
3207 1866 3605 1946 φροαξαμένους
3649 1868 3802 1948 κενὰ,

2161 1958 2250 2013 καὶ
2279 1954 2483 2013 ἀδικίαν
2527 1959 2600 2020 εἰς
2631 1957 2762 2032 ἶὶψος
2813 1955 3306 2032 ἐκμελετήσαντας.
3353 1959 3410 2014 Ei
3452 1956 3508 2013 δέ
3556 1979 3636 2021 τις
3693 1964 3802 2014 τῶν

2162 2045 2412 2102 ἁπάντων
2445 2065 2462 2081 ⁸
2510 2048 2598 2102 καὶ
2659 2048 2726 2102 τὰ
2795 2046 3162 2124 προειρημένα
3221 2052 3322 2113 τῆς
3381 2045 3648 2112 εὐσεϐείας
3705 2046 3804 2104 δό-

2161 2157 2344 2213 γματα
2385 2149 2606 2214 κρατεῖν
2638 2137 2956 2216 ἀσπάζεται,
2986 2138 3077 2193 καὶ
3135 2134 3302 2199 οὕτως
3360 2134 3563 2208 δοξάζει
3607 2159 3666 2194 τε
3708 2138 3800 2194 καὶ

2159 2226 2432 2304 κηρύττει,
2481 2224 2600 2282 ἀλλ’
2647 2225 2698 2290 ἐξ
2742 2225 2980 2290 ἐναντίας
3025 2225 3157 2283 ἰέναι
3230 2226 3432 2282 τούτων
3491 2229 3796 2306 ὲπιχειρετ,

2157 2315 2294 2372 ἔστω
2336 2315 2595 2389 ἀνάθεμα,
2643 2317 2781 2372 κατά
2834 2318 2925 2373 τὸν
2975 2313 3077 2384 ἤδη
3109 2315 3497 2392 προεκτεθέντα
3528 2314 3650 2392 ὅρον
3694 2317 3802 2372 ὑπὸ

2155 2408 2263 2462 τῶν
2306 2403 2756 2483 προδηλωθέντων
2826 2407 2992 2484 ἁγίων
3041 2406 3128 2463 καὶ
3184 2406 3460 2482 μακαρίων
3518 2403 3801 2485 Πατέρων,

2159 2495 2248 2551 καὶ
2294 2497 2387 2550 τοῦ
2458 2501 2786 2573 Χριστιανῶν
2858 2494 3166 2572 καταλόγου
3221 2497 3295 2558 ὡς
3355 2493 3636 2569 ἀλλότριος
3708 2495 3802 2562 ἐξ-

2159 2586 2395 2640 ωθείσθω
2466 2586 2556 2641 καὶ
2625 2583 2974 2662 ἑκριπτέσθω.
3034 2583 3231 2658 Ἠμεῖς
3290 2584 3390 2662 γὰρ
3453 2583 3574 2641 οὔτε
3624 2607 3802 2663 προσ-

2158 2673 2357 2729 τιθέναι
2401 2695 2476 2745 τι,
2523 2673 2640 2729 οὔτε
2686 2675 2794 2748 μὴν
2837 2675 3078 2753 ὅφαιρετν
3127 2675 3268 2730 κατὰ
3296 2675 3362 2729 τὰ
3393 2675 3800 2750 προορισθέντα,

2159 2762 2438 2827 παντελῶς
2469 2761 2858 2841 διεγνώκαμεν,
2921 2763 2957 2832 ἢ
3001 2762 3118 2820 καθ’
3169 2764 3444 2821 ὁντιναοῦν
3474 2761 3804 2839 δεδυνήμεθα

2159 2853 2342 2931 λόγον,

2243 2941 2347 3020 ογ’.
2386 2953 2484 3002 Τοῦ
2515 2949 2781 3014 ζωοποιοῦ
2835 2945 3062 3020 σταυροῦ
3104 2940 3367 3008 δείξαντος
3419 2944 3555 3017 ἡμῖν
3586 2943 3646 2998 τὸ
3677 2963 3796 2998 σω-

2161 3033 2370 3109 τήριον,
2418 3038 2594 3088 πᾶσαν
2647 3030 2881 3098 σπουδὴν
2934 3034 3078 3104 ἡμᾶς
3127 3031 3328 3088 τιθέναι
3359 3032 3465 3110 χρὴ
3494 3037 3586 3088 τοῦ
3626 3031 3794 3104 τιμὴν

446 3136 554 3199 per
582 3135 756 3197 quam
807 3117 881 3178 ab
932 3119 1175 3198 antiquo
1235 3117 1403 3207 lapsu
1443 3117 1642 3178 salvati
1677 3135 1905 3196 sumus,
1941 3137 2076 3179 eum

2167 3123 2259 3190 τήν
2293 3121 2436 3188 ἀξίαν
2469 3119 2775 3178 ἀποδιδόναι
2803 3125 2880 3196 τῷ
2909 3120 2981 3177 δι’
3013 3121 3074 3178 οὗ
3105 3124 3416 3196 σεσωσμεθα
3447 3130 3538 3179 τοῦ
3563 3117 3797 3176 παλαιοῦ

442 3224 620 3286 quem
649 3225 756 3286 par
785 3216 874 3268 est
903 3207 1194 3268 honorem
1232 3206 1993 3279 habeamus.Quamobrem
2019 3217 2079 3270 et

2167 3213 2597 3288 παραπτώματος
2634 3228 2648 3242 ·
2697 3210 2814 3268 ὅθεν
2858 3213 2944 3268 καὶ
2976 3218 3049 3284 νῷ
3095 3215 3186 3267 καὶ
3217 3211 3492 3290 λόγονκαὶ
3531 3211 3802 3288 αἰσθήσει,

446 3305 671 3368 mente,
706 3304 764 3357 et
786 3314 1090 3370 sermone,
1125 3305 1183 3357 et
1223 3315 1404 3357 sensu
1449 3295 1859 3358 adorationem
1895 3297 1948 3358 ei
1978 3298 2081 3359 tri-

447 3384 724 3458 buentes,
751 3386 949 3448 crucis
974 3386 1214 3465 ﬁguras,
1246 3404 1378 3466 quas
1425 3404 1458 3446 a
1511 3386 1821 3449 nonnullis
1854 3388 1911 3447 in
1953 3387 2080 3448 solo

445 3494 514 3538 ac
544 3475 878 3554 pavimento
910 3476 1076 3549 ﬁunt,
1111 3478 1354 3537 omnino
1411 3476 1600 3538 deleri
1643 3475 1949 3555 jubemus,
2005 3497 2080 3540 ne

441 3564 853 3628 incedentium
899 3566 1355 3628 conculca’ione
1413 3567 1675 3627 victoriae
1729 3566 1902 3628 nobis
1967 3576 2085 3629 tro-

445 3673 636 3737 paeum
669 3655 890 3736 injuria
914 3657 1224 3720 afﬁciatur.
1261 3655 1372 3719 Eos
1395 3657 1620 3737 itaque,
1657 3656 1758 3735 qui
1793 3657 2083 3737 deinceps

444 3748 640 3806 crucis
666 3751 902 3824 signum
937 3747 996 3808 in
1027 3746 1156 3808 solo
1202 3754 1578 3822 construunt,
1614 3747 1916 3825 segregari
1970 3747 2081 3807 de-

444 3834 768 3898 cernimus.

525 3924 626 3988 8t.
661 3924 951 3996 Quoniam
1000 3925 1061 3986 in
1121 3923 1426 3986 nonnullis
1454 3923 1606 3984 locis
1648 3922 1966 3984 didicimus
2024 3924 2083 3986 in

444 4014 686 4094 hymno,
722 4034 839 4096 quo
872 4024 962 4077 ter
992 4025 1232 4076 sanctus
1261 4013 1516 4086 canitur,
1544 4011 1931 4072 additamenti
1956 4013 2086 4075 loco

448 4104 568 4165 dici
627 4114 756 4182 post
814 4105 981 4178 illud,
1038 4106 1294 4166 Sanctus
1350 4101 1724 4174 immortalis,
1779 4102 1918 4180 hoc,
1975 4103 2086 4176 Qui

450 4193 774 4254 cruciﬁxus
802 4212 866 4254 es
899 4212 1003 4273 pro
1039 4193 1234 4267 nobis,
1293 4193 1582 4252 miserere
1638 4192 1850 4255 nostri.
1888 4191 1949 4255 Id
1979 4213 2086 4254 au-

453 4291 571 4342 tem
603 4287 675 4342 ab
717 4281 982 4361 antiquis
1000 4281 1224 4343 sanclis
1255 4281 1630 4348 Patribusm
1651 4281 1918 4360 apietate
1944 4284 2088 4345 alie-

2160 3302 2260 3368 τὴν
2321 3304 2678 3380 προσκύνησιν
2754 3301 2896 3374 αὒτῷ
2977 3300 3359 3374 ἀπονέμοντες,
3419 3301 3542 3363 τοὺς
3600 3299 3653 3354 ὲν
3727 3306 3806 3370 τῷ

2163 3389 2342 3470 ἐδάφει
2401 3401 2492 3450 τοῦ
2549 3394 2774 3462 σταυροῦ
2830 3391 3029 3454 τύπους
3062 3391 3164 3447 ὑπό
3196 3412 3356 3446 τινων
3407 3397 3808 3460 κατασκευαζο-

2166 3481 2381 3555 μένους,
2443 3480 2839 3558 ἑξαφανίζεσθαι
2885 3480 3153 3543 παντοίως
3215 3480 3618 3556 προστάσσομεν
3657 3496 3671 3512 ⁸
3734 3481 3808 3543 ὡς

2167 3569 2228 3634 ἂν
2261 3572 2336 3645 μὴ
2379 3572 2447 3646 τῇ
2478 3574 2584 3626 τῶν
2617 3568 2938 3646 βαδιζόντων
2969 3571 3321 3637 καταπατήσε
3335 3593 3372 3641 ι,
3420 3571 3481 3624 τὸ
3523 3573 3624 3634 τῆς
3662 3569 3806 3634 νίκης

2166 3662 2303 3734 ἡμῖν
2360 3661 2617 3738 τρόπαιον
2671 3657 3029 3735 ἐξυϐρίζοιτο⁶
3077 3659 3198 3720 τοὺς
3260 3660 3347 3714 οὖν
3401 3658 3508 3714 ἀπὸ
3566 3667 3662 3717 τοῦ
3720 3666 3812 3714 νῦν

2167 3753 2392 3828 σταυροῦ
2503 3751 2668 3807 τύπον
2774 3749 2860 3806 ἐπὶ
2972 3746 3196 3828 ἐδάφους
3285 3755 3807 3820 κατασκευαζοντας,

2166 3842 2408 3918 ὁρίζομεν
2437 3839 2794 3918 ἀψορίζεαθαι.

2247 3928 2362 3987 πα’.
2427 3927 2753 4006 Ἐπειδήπερ
2816 3927 2874 3983 ἓν
2917 3949 3027 3984 τισι
3058 3925 3267 4006 χώραις
3301 3925 3722 4006 μεμαθήκαμεν,
3753 3926 3810 3983 ἐν

2168 4025 2244 4092 τῷ
2297 4019 2565 4096 Τρισαγίῳ
2607 4017 2779 4092 ὕμνῳ,
2843 4017 2898 4073 ἐν
2957 4017 3271 4092 προσθήκης
3327 4016 3476 4090 μέρει
3535 4017 3813 4095 ἐκφωνεῖ-

2169 4114 2286 4166 σθαι
2319 4111 2455 4184 μετά
2485 4111 2570 4181 τὸ,
2592 4109 2783 4185 ⁰¹Αγιος
2816 4107 3103 4179 ἀθάνατος,
3131 4109 3158 4162 ὁ
3191 4107 3508 4181 σταυρωθεὶς
3537 4104 3605 4161 δι’
3637 4108 3814 4184 ἡμᾶς,

2169 4199 2392 4265 ἐλέησον
2420 4201 2585 4271 ἡμᾶς.
2631 4198 2797 4256 Τοῦτό
2843 4219 2897 4252 τε
2944 4198 3047 4252 ὑπὸ
3102 4201 3207 4251 τῶν
3239 4195 3408 4252 πάλαι
3469 4196 3636 4272 ἁγίων
3696 4202 3816 4251 Πα-

2169 4289 2360 4368 τέρων,
2408 4291 2480 4348 ὡς
2542 4289 2638 4355 τῆς
2685 4285 2955 4348 εὖσεὸείας
3015 4285 3300 4363 ἀλλότριον
3361 4284 3422 4341 ἐκ
3450 4291 3543 4341 τοῦ
3571 4287 3816 4342 τοιούτου

451 4387 616 4442 num,
652 4389 721 4431 ex
782 4372 891 4431 hoc
943 4373 1161 4451 hymno
1215 4372 1473 4452 ejectum
1511 4379 1601 4431 est
1631 4389 1764 4431 cum
1796 4372 2079 4435 scelerato

2172 4379 2427 4445 ἀπηλάθη
2482 4377 2672 4456 ὕμνου,
2729 4377 2821 4432 σὺν
2882 4383 2958 4448 τῷ
2986 4377 3087 4441 τὴν
3117 4377 3372 4440 τοιαύτην
3417 4377 3600 4452 φωνὴν
3657 4397 3815 4431 καιν-

451 4460 560 4522 hie:
582 4459 738 4520 etico
766 4460 875 4540 (2),
911 4462 1012 4541 qui
1032 4461 1181 4522 hanc
1201 4479 1404 4522 vocem
1433 4460 1726 4520 innovavit
1754 4478 1767 4522 :
1801 4480 1906 4523 nos
1933 4484 2079 4542 quo-

2171 4468 2495 4544 ουργήσαντι
2556 4467 2851 4540 παρανόμῳ
2909 4467 3159 4540 αἱρετικῷ
3194 4482 3210 4500 ’
3243 4465 3333 4519 καὶ
3363 4465 3532 4538 ἡμεῖς
3585 4471 3817 4541 κυροῦν-

453 4567 571 4629 que
591 4549 1014 4611 confirmantes
1045 4569 1136 4623 ea,
1173 4569 1305 4632 qua;
1330 4570 1359 4610 a
1391 4551 1613 4610 sanctis
1639 4551 1862 4611 nostris
1896 4552 2079 4612 Patri-

2171 4579 2260 4620 τες
2293 4559 2357 4612 τὰ
2387 4558 2505 4633 περὶ
2552 4557 2658 4612 τῶν
2722 4555 2885 4632 ἁγίων
2945 4553 3195 4620 Πατέρων
3225 4555 3382 4626 ἡμῶν
3412 4557 3534 4629 πρὶν
3581 4551 3817 4617 εὐσεϐῶς

450 4637 563 4700 bus
593 4638 758 4719 prius
810 4640 905 4719 pie
959 4640 1277 4702 constituta
1330 4648 1488 4712 sunt,
1523 4639 2079 4703 anathematizamus

2171 4645 2650 4719 θεσμοθετηθέντα,
2709 4644 3162 4717 ἀναθεματιζομεν
3213 4645 3335 4705 τοὺς
3399 4641 3477 4698 ἔτι
3529 4643 3665 4715 μετά
3721 4644 3818 4698 τὸν

451 4747 578 4802 eos,
609 4730 710 4809 qui
760 4738 890 4810 post
927 4749 1189 4810 praesens
1220 4732 1524 4793 decretum
1561 4729 1855 4807 ejusmodi
1887 4749 2079 4793 vocem

2176 4736 2413 4811 παρόντα
2472 4733 2594 4806 ὅρον
2675 4731 3147 4811 παραδεχομένους
3203 4735 3303 4797 τὴν
3358 4732 3615 4797 τοιαύτην
3675 4731 3820 4788 οὕτω

452 4817 776 4879 admittunt
806 4819 865 4879 in
892 4819 1191 4898 ecclesiis,
1221 4821 1311 4882 vel
1342 4820 1546 4894 aliquo
1579 4817 1694 4877 alio
1729 4820 1904 4879 modo
1924 4840 2079 4883 sanc-

2177 4825 2358 4905 φωνὴν
2407 4820 2491 4880 ἐπ’
2537 4822 2874 4892 ἐκκλησίαις,
2922 4821 2958 4889 ἣ
3003 4819 3182 4883 ἄλλως
3240 4842 3354 4885 πως
3411 4827 3490 4893 τῷ
3550 4823 3820 4898 Τρισαγίῳ

448 4907 715 4968 ctissime
737 4907 955 4988 hymno
983 4909 1314 4988 adjudgunt
1345 4911 1415 4972 Et
1437 4908 1488 4969 si
1512 4915 1598 4967 est
1626 4907 1864 4987 quidem
1889 4930 2079 4974 sacer-

2178 4916 2327 4992 ὕμνῳ
2389 4915 2774 4977 συνάπτοντας,
2851 4913 2949 4970 Καὶ
2999 4913 3045 4967 εί
3097 4911 3195 4986 μὲν
3252 4909 3518 4988 ἱερατικός
3583 4910 3730 4967 ἔστιν
3790 4910 3820 4967 ὃ

2011 5092 2260 5158 NOTAE.

527 5265 604 5333 (3)
663 5263 736 5341 De
785 5265 1181 5341 qualicunque
1243 5267 1482 5341 Honorii
1551 5268 1607 5341 in
1657 5279 1822 5341 sexta
1871 5271 2095 5341 synodo
2179 5275 2236 5328 in
2271 5280 2350 5327 tot
2381 5268 2512 5326 aliis
2553 5269 2846 5341 synodicis
2896 5266 3372 5341 damnationibus
3407 5264 3825 5323 mouotbelita-

455 5337 850 5417 damnatione,
886 5337 1104 5393 diutius
1143 5340 1822 5417 nonestdiSpniandum
1844 5337 1977 5417 post
2001 5344 2098 5398 lla-
2179 5358 2305 5398 rum
2339 5342 2545 5417 Sejrgii,
2581 5337 2806 5412 Pyrrhi,
2837 5349 2893 5396 et
2931 5339 3088 5417 Cyri.
3124 5338 3362 5417 Honorii
3400 5352 3612 5417 nomen
3647 5351 3827 5417 prior:

452 5412 682 5466 ronium
706 5420 1168 5483 consecutosque
1192 5407 1965 5483 polemicosplurimosEgo
1990 5417 2096 5468 hoc
2179 5429 2279 5470 sus
2318 5407 2586 5470 t'rtic'etur
2613 5407 2639 5478 ς’
2660 5426 2790 5483 quas
2817 5425 2927 5483 res
2957 5407 3383 5483 sinisteritatis
3410 5407 3661 5478 impulsu
3695 5407 3828 5464 ﬁeri

455 5479 993 5554 unumadnotabo,
1032 5479 1206 5550 quod
1241 5496 1449 5552 nempe
1487 5479 1786 5554 inilibello
1817 5479 2098 5554 synodico
2183 5497 2294 5541 tam
2329 5479 2696 5542 concorditer
2721 5502 2751 5540 a
2801 5481 3031 5546 Graecis,
3083 5481 3244 5538 Italis
3274 5480 3538 5552 Afrisque
3571 5493 3687 5536 non
3720 5493 3828 5552 po-

454 5551 606 5625 apud
635 5551 945 5610 Justellum
973 5551 1094 5626 jur.
1127 5567 1255 5610 can.
1297 5551 1390 5625 gr.
1423 5554 1487 5610 T.
1531 5553 1604 5618 Il,
1656 5568 1710 5625 p.
1754 5551 2096 5614 1205-1209.
2182 5560 2310 5617 tuit.
