4018 6206
229 331 328 406 449

1065 332 1486 407 SYNTAGMA
1527 337 1926 408 CANONUM.
1979 376 2047 386 —
2101 329 2255 406 TIT.
2305 336 2352 423 Ῑ,
2401 335 2566 407 cap.
2614 336 2695 406 11.

3417 335 3574 411 -450

219 470 517 550 παραϐάτης
575 479 682 534 τῶν
745 471 1080 550 ὃρισθέντων,
1155 474 1591 553 ἀπογυμνοῦσθαι
1655 483 1903 534 τοῦτονᾹ

1948 474 2108 538 lotali
2131 476 2418 555 dignitate
2450 477 2666 556 privari
2694 476 2975 556 jubemus
3006 495 3021 540 :
3056 477 3150 538 sin
3182 488 3384 542 autem
3449 479 3568 542 lai-

218 562 304 628 τῆς
335 565 612 640 ἱερατικῆς
671 561 817 628 ἀξίας
856 565 1262 642 προστάσσομεν
1297 581 1311 596 ⁸

213 653 472 730 μοναχὸς,
507 651 848 732 ἀφορίζεσθαι
859 701 873 715 ,

305 738 525 797 Βιϐλίον
557 739 644 812 Α’,
675 741 780 800 τίτ.
815 739 895 815 α’,
933 739 1166 808 διάταξις
1198 741 1274 816 α’,
1311 742 1380 819 ε’,
1410 742 1516 818 ς’,
1549 742 1621 826 ζ’,
1654 743 1736 812 η’.

278 835 532 891 ΚΕΦΑΛ.
575 829 636 886 Β¹
651 875 668 891 .
699 864 779 876 -
813 831 1000 896 Ποίους
1032 829 1119 890 δεῖ
1150 834 1377 898 κανόνας
1405 847 1650 913 κρατεῖν,

558 1007 786 1068 Συνόδου
816 1010 1168 1079 Χαλκηδόνος
1199 1012 1378 1070 κανὼν
1408 1011 1486 1072 α’.

274 1098 352 1155 α’.
402 1099 544 1162 Τοὺς
587 1101 731 1177 παρὰ
772 1107 879 1157 τῶν
925 1101 1090 1178 ἁγίων
1140 1101 1388 1178 Πατέρων
1450 1102 1566 1160 καθ’
1615 1103 1848 1171 ἑκάστην

201 1186 408 1246 σύνοδον
479 1187 610 1269 ἄχρι
651 1196 748 1247 τοῦ
803 1200 893 1251 νῦν
947 1190 1256 1256 έκτεθέντας
1311 1193 1562 1268 κανόνας,
1627 1208 1850 1273 κρατεῖν

202 1275 625 1356 ἰδικαιώσαμεν.

551 1367 781 1426 Συνόδου
811 1363 1182 1448 Καρθαγέννης
1215 1369 1392 1426 κανὼν
1421 1367 1500 1432 α’,

277 1457 355 1518 α’.
397 1461 590 1516 Ταῦτα
635 1458 805 1522 οὕτως
862 1459 990 1536 παρ’
1046 1460 1184 1532 ἡμῖν
1241 1458 1443 1540 ἔχοντα
1483 1461 1550 1517 τὰ
1603 1460 1700 1518 ’ἶσα
1745 1468 1850 1519 τῶν

202 1547 548 1625 ὁρισθέντων,
585 1548 722 1625 ἅπερ
777 1548 901 1606 τότε
951 1549 999 1605 οἱ
1057 1549 1288 1628 Πατέρες
1321 1552 1480 1626 ἡμῶν
1537 1551 1596 1607 ἐκ
1644 1557 1742 1620 τῆς
1797 1551 1852 1608 έν

206 1639 393 1711 Nouit;
441 1637 667 1696 συνόδου
695 1637 814 1714 μεθ⁹
865 1638 1068 1696 ἑαυτῶν
1119 1640 1432 1719 κατήγαγον
1466 1655 1481 1671 ⁸
1508 1642 1575 1710 ἧς
1619 1643 1711 1698 τὸν
1752 1643 1850 1698 τύ-

1377 567 1422 622 εἰ
1479 565 1534 622 δὲ
1578 565 1771 631 λα’ἰκὸς
1814 565 1850 634 ἢ
1935 583 2041 628 cus
2072 567 2162 628 vel
2199 567 2550 642 monachus,
2585 567 2912 646 segregari.

2052 743 2253 807 Liber.
2290 747 2340 820 Ι,
2375 745 2470 805 tit.
2505 762 2568 824 II,
2618 744 2969 809 constitutio
3007 753 3061 820 1,
3094 746 3154 817 ὅ,
3190 747 3252 822 6,
3287 751 3348 821 7,
3382 747 3449 810 8.

2013 835 2177 896 CAP.
2213 833 2284 896 [Ι.
2320 870 2390 879 -
2422 834 2652 910 Quales
2679 852 2934 898 canones
2958 843 3237 916 operteat
3286 838 3571 900 auctori-

1934 929 2119 985 tatem
2147 927 2438 986 retinere.

2200 1011 2704 1076 Chalcedonensis
2728 1014 2974 1078 concilii
3003 1033 3205 1079 canon
3243 1018 3303 1078 1.

2015 1106 2070 1165 1.
2097 1101 2204 1173 Qui
2237 1121 2271 1162 a
2301 1103 2525 1164 sanctis
2555 1104 2830 1166 Patribus
2857 1105 2916 1164 in
2950 1125 3308 1186 unaquaque
3339 1106 3570 1187 synodo

1933 1193 2246 1272 hucusque
2276 1193 2528 1272 expositi
2550 1193 3022 1268 sunt,observari
3043 1214 3305 1258 canones
3328 1214 3568 1277 aequum

1934 1300 2304 1344 εθηδιιιῐηυε.

2204 1373 2464 1436 Conciti!
2497 1375 2992 1454 Carthaginensis
3020 1393 3212 1438 canon
3247 1383 3304 1438 t.

2017 1463 2379 1525 1.Aurelius
2401 1464 2710 1543 episcopus
2733 1464 2893 1526 dixit
2918 1465 3056 1544 (3'):
3082 1465 3128 1524 8
3148 1464 3285 1527 Haec
3310 1466 3390 1528 ita
3413 1463 3572 1545 apud

1937 1570 2045 1612 nos
2068 1551 2363 1614 habentur
2385 1553 2754 1632 exemplaria
2770 1560 3292 1635 statutorum,quae
3313 1562 3452 1615 tunc
3468 1555 3576 1615 Pa-

1937 1649 2058 1704 tres
2089 1641 2280 1703 nostri
2311 1641 2387 1703 de
2415 1642 2670 1704 concilio
2692 1641 2940 1705 Nicaano
2963 1661 3166 1705 secum
3196 1643 3572 1705 detulerunt:

204 1750 296 1784 πον
377 1727 735 1809 φυλάττοντα
807 1729 875 1786 τὰ
953 1729 1195 1805 ὶπόμενα
1258 1731 1349 1788 καὶ
1405 1730 1679 1812 ὁρισθέντα
1724 1731 1850 1813 παρ’

1948 1733 2106 1808 cujus
2136 1731 2382 1792 formam
2416 1734 2882 1806 servantes,haec
2911 1751 3046 1814 quae
3075 1741 3413 1814 sequuntur
3435 1750 3578 1794 con-

1877 1845 1916 1898 Β
1938 1821 2165 1901 stituta,
2194 1821 2426 1883 ﬁrmata
2450 1841 2482 1884 a
2511 1822 2688 1883 nobis
2713 1823 3156 1885 custodientur.

205 1818 376 1898 ἡμῶν,
412 1815 784 1895 βεϐαιωθέντα
814 1817 1184 1898 φυλαχθῶσιν.

492 1906 721 1965 Συνόδου
751 1909 1128 1984 οἰκουμενικῆς
1157 1907 1263 1985 ς’,
1295 1911 1472 1967 κανὼν
1503 1910 1580 1987 β’.

275 1996 348 2073 β’.
383 1995 588 2064 ’Ἔδοξε
609 1995 666 2054 δὲ
691 1999 782 2056 καὶ
813 2004 969 2056 τοῦτο
999 2003 1068 2076 τῇ
1095 1999 1223 2077 ἁγία
1252 2000 1420 2074 ταύτῃ
1465 1999 1668 2076 συνόδῳ
1710 2000 1853 2058 κάλ-

2219 1910 2481 1974 Concilii
2510 1913 2862 1975 waumenici
2891 1929 2967 1987 νι,
3002 1929 3202 1975 canon
3231 1916 3294 1976 2.

1990 2000 2182 2063 ‘2.Hoc
2205 2019 2445 2082 quoque
2460 2002 2600 2063 huic
2622 2010 2844 2063 sanctae
2856 2003 3080 2082 synodo
3096 2000 3506 2082 pulcherrime
3520 2006 3579 2062 et

212 2086 349 2144 λιστά
389 2109 458 2145 τε
536 2089 624 2144 καὶ
689 2085 1108 2157 σπουδαιότατα,
1165 2087 1304 2146 ὥστε
1357 2089 1534 2164 μένειν
1591 2091 1690 2148 καί
1743 2091 1851 2147 ἀπὸ

1948 2091 2360 2153 honestissime
2381 2091 2779 2171 placuit,utab
2803 2091 2914 2153 hoc
2940 2110 3100 2152 nunc
3125 2089 3576 2170 temporedein-

216 2184 298 2234 τοῦ
341 2178 438 2235 νῦν
498 2176 748 2254 βεϐαίους
801 2183 892 2235 καὶ
938 2177 1226 2258 ἀσφαλεῖς,
1262 2181 1393 2256 πρὸς
1442 2183 1636 2260 ψυχῶν
1693 2184 1850 2259 θερα-

1935 2199 2077 2260 ceps
2097 2180 2168 2240 ad
2183 2179 2516 2241 animarum
2544 2181 2838 2242 medelam
2864 2191 2926 2241 et
2946 2179 3455 2260 perturbationum
3471 2197 3577 2238 cu-

218 2268 353 2323 πείαν
395 2271 490 2325 καὶ
539 2269 770 2345 ίατρείεν
825 2271 1032 2340 παθῶν,
1086 2269 1211 2333 τοὺς
1254 2270 1358 2326 ὑπὸ
1399 2273 1507 2324 τῶν
1537 2271 1639 2348 πρὸ
1694 2273 1850 2346 ἡμῶν

1948 2271 2228 2331 rationem
2257 2269 2412 2330 ﬁrmi
2434 2269 2800 2350 stabilesque
2837 2276 3143 2341 maneant,
3169 2269 3326 2348 quia
3347 2273 3574 2330 sanctis

220 2357 369 2434 ἁγίων
425 2361 516 2414 καὶ
571 2359 850 2436 μακαρίων
902 2358 1150 2437 Πατέρων
1195 2358 1484 2440 λεχθέντας
1527 2363 1616 2416 καὶ
1676 2383 1850 2439 κυρω-

1936 2359 2208 2420 Patribus
2229 2359 2328 2440 qui
2354 2377 2463 2420 nos
2485 2369 2947 2439 praecesserunt,
2974 2359 3234 2436 suscepti
3259 2377 3326 2419 ac
3345 2357 3574 2419 contir-

228 2446 424 2516 θέντας,
479 2446 614 2503 ἀλλὰ
668 2451 780 2522 μὴν
838 2450 928 2504 καὶ
983 2447 1378 2526 παραδοθέντας
1421 2451 1582 2528 ἡμῖν,
1629 2451 1852 2524 ὀνόματι

1948 2449 2075 2510 mati
2092 2456 2439 2524 sunt,atque
2453 2448 2601 2509 adeo
2618 2447 2792 2508 nobis
2806 2448 2982 2509 etiam
3000 2447 3198 2509 traditi
3222 2456 3576 2520 sunt,sanc-

243 2540 339 2588 τιῖιν
388 2536 540 2611 ἂγίων
609 2539 695 2593 καὶ
776 2535 996 2603 ἐνδόξων
1053 2538 1392 2619 ἀποστόλων,
1457 2539 1545 2595 πε’
1602 2541 1848 2606 κανόνας.

1941 2549 2132 2598 torum
2151 2537 2616 2615 etgloriosorum
2631 2537 3034 2614 apostolorum
3051 2538 3579 2612 nomineoctogin-

249 2620 456 2691 Ἐπειδὴ
485 2622 532 2679 δὲ
561 2625 610 2680 ἐν
638 2627 860 2689 τούτοις
892 2639 1010 2688 τοῖς
1066 2629 1281 2684 κανόσιν
1323 2628 1654 2702 ἐντέταλται,
1689 2627 1850 2709 δέχε-
1939 2627 2872 2707 ιδᾳιιίηίιιιοωηοηοε.οιιοηίαιη
2895 2633 3093 2687 autem
3114 2625 3283 2686 inhis
3303 2625 3578 2687 nobiscu-

237 2715 344 2769 σθαι
375 2716 510 2788 ἡμᾶς
538 2717 628 2779 τὰς
662 2720 771 2773 τὼν
799 2719 974 2773 αὐτῶν
1018 2718 1184 2795 ἁγίων
1238 2717 1556 2776 ἀποστόλων
1583 2718 1669 2774 διαὶ
1702 2720 1852 2789 Κλή-

1938 2716 2202 2778 nonibus
2232 2727 2596 2796 praeceptum
2618 2725 2733 2784 est,
2758 2724 2820 2777 ut
2849 2714 3202 2777 eorumdem
3231 2723 3576 2776 sanctorum

226 2823 406 2876 μεντος
464 2802 750 2874 διατάξεις,
785 2806 996 2864 αῖστισι
1029 2806 1196 2863 πάλαι
1250 2809 1351 2864 ὑπὸ
1380 2815 1486 2864 τῶν
1515 2807 1851 2887 ἑτεροδόξων,

1948 2805 2350 2887 apostolorum
2369 2805 2852 2886 perClementem
2870 2803 3578 2884 contitutionessuscipe-

225 2891 308 2947 ὶτΐ
349 2893 501 2970 λύμῃ
546 2895 642 2962 τῆς
694 2893 1039 2968 Ἐκκλησίας,
1092 2898 1217 2954 νόθα
1260 2900 1380 2955 τινὰ
1423 2897 1542 2963 ξένα
1570 2904 1670 2966 τῆς
1700 2899 1856 2955 εὗσε-

1948 2914 2144 2956 remus
2177 2896 2532 2975 quibusjam
2554 2896 2692 2957 olim
2719 2895 2888 2956 abiis
2910 2895 3013 2975 qui
3041 2894 3156 2955 ﬁde
3187 2893 3382 2954 aliena
3428 2911 3571 2954 sen-

213 2979 343 3048 ϐείας
372 2986 838 3061 παρενετέθησαν,
883 2989 946 3044 τὸ
988 2987 1250 3066 εὐπρεπὲς
1306 2987 1506 3051 κάλλος
1553 2995 1661 3044 τῶν
1702 2991 1857 3045 θείων

1948 2985 2184 3047 tiuntad
2210 2985 2403 3046 labem
2430 2985 2718 3047 Ecclesiae
2745 2984 3206 3065 aspergendam,
3240 2982 3577 3044 adulterina

203 3069 490 3149 δογμάτων
519 3077 660 3149 ἡμῖν
708 3075 1124 3155 ἀμαυρώσαντα,
1157 3079 1257 3144 τὴν
1306 3079 1411 3135 τῶν
1447 3079 1702 3135 τοιούτων
1733 3077 1852 3134 δια-

199 3163 396 3228 τάξεων
459 3167 780 3244 προσφόρως
840 3165 1120 3235 ἀποϐολὴν
1168 3170 1512 3243 πεποιήμεθα
1560 3169 1693 3245 πρός
1751 3168 1851 3235 τὴν

199 3260 286 3310 τιιῦ
367 3255 902 3333 χριστιανικωτάτου
1003 3258 1252 3332 ποιμνίου

1867 3215 1911 3267 C

1939 3075 2208 3156 quadam
2233 3086 2292 3135 et
2311 3093 2338 3135 a
2366 3075 2585 3154 pietate
2608 3075 2808 3135 aliena
2830 3071 3578 3151 introductasunl,quaedi—

1937 3165 2209 3226 vinorum
2238 3164 2411 3226 nobis
2432 3165 2816 3226 decretorum
2845 3163 3179 3239 elegantem
3203 3180 3272 3222 ac
3293 3161 3574 3222 decoram

1368 3255 1654 3332 οἶκοδομὴν
1760 3259 1849 3314 καὶ
1869 3250 1911 3267 ν

1948 3254 2197 3336 speciem
2223 3255 2645 3333 obscurarum,
2674 3254 2780 3315 has
2805 3251 3266 3314 constitutiones
3288 3253 3358 3313 ad
3377 3250 3578 3312 chris-

196 3341 525 3422 ἀσφάλειαν,
615 3343 858 3418 οὐδαμῶς
957 3345 1289 3424 ἐγκρίνοντες
1373 3347 1440 3402 τὰ
1514 3349 1616 3414 τῖ-,ς
1713 3349 1851 3425 αἱρε-

1948 3344 2246 3406 Lianissimi
2262 3344 2465 3423 gregis
2478 3343 2935 3405 aediﬁcationem
2953 3361 3020 3403 ac
3037 3341 3420 3403 securitatem
3436 3359 3580 3401 con-

194 3437 358 3499 mtﬁc
414 3431 768 3511 ψευδολογίας
840 3435 1116 3514 κυήματα,
1178 3438 1274 3492 καί
1352 3441 1422 3513 τῇ
1492 3435 1688 3514 γνησίᾳ
1741 3442 1849 3492 τῶν

1948 3434 2276 3496 lucibiliter
2293 3434 2637 3512 rejecimus,
2659 3433 2964 3494 haeretica
2985 3431 3256 3492 falsitatis
3277 3431 3432 3492 fetus
3458 3448 3572 3492 ne-

195 3521 528 3580 ἀποστόλων
557 3524 646 3579 καὶ
677 3522 960 3600 ὁλοκλήρῳ
989 3523 1186 3604 διδαχῇ
1225 3527 1652 3603 παρενείροντες.
1688 3522 1848 3582 Ἐπι-

1948 3541 2230 3604 quaquam
2251 3522 2728 3595 admittentes,et
2749 3539 3056 3602 germanae
3079 3521 3413 3598 acintegrae
3434 3537 3578 3599 apo-

198 3611 572 3690 σφραγίζομεν
650 3610 706 3668 δὲ
775 3615 865 3670 καὶ
949 3615 1072 3679 τοὺς
1142 3613 1366 3678 λοιποὺς
1422 3616 1626 3678 πάντας
1685 3617 1851 3694 ἱεροὺς

197 3700 466 3773 κανόνας,
524 3703 627 3757 ὑπὸ
706 3709 812 3759 τῶν
867 3704 1032 3782 ἁγίων
1102 3706 1190 3761 καὶ
1252 3705 1525 3782 μακαρίων
1600 3704 1852 3781 Πατέρων

199 3792 370 3864 ἡμῶν
407 3789 738 3865 ὶκτεθέντας,
786 3792 1028 3851 τουτέστι
1071 3793 1180 3850 τῶν
1240 3815 1299 3850 τε
1357 3793 1412 3850 ἐν
1473 3794 1664 3868 Νικαίᾳ
1723 3816 1848 3853 συν-

199 3878 594 3957 αθροισθέντων
623 3880 736 3948 τιη⁹
767 3882 930 3960 ἁγίων
967 3883 1239 3962 Πατέρων,
1258 3885 1348 3940 καὶ
1376 3889 1484 3940 τῶν
1513 3882 1568 3938 έν
1594 3881 1848 3959 Ἀγκύρᾳ,

198 3967 275 4025 ἔτι
313 3967 435 4043 μὴν
464 3969 552 4024 καὶ
581 3974 690 4025 τῶν
719 3969 774 4025 έν
814 3973 1217 4052 Νεοκαισαρείᾳ,
1250 3973 1508 4037 ὡσαύτως
1535 3975 1625 4029 καὶ
1665 3973 1762 4029 τῶν
1797 3975 1852 4028 ἓν

201 4060 507 4136 Γάγγραις,
542 4059 674 4135 πρὸς
705 4057 760 4115 δὲ
789 4061 877 4116 καὶ
905 4064 1010 4117 τῶν
1041 4061 1096 4118 ἐν
1147 4060 1456 4142 Ἀντιοχείᾳ
1507 4067 1606 4129 τῆς
1639 4065 1848 4141 Συρίας,

202 4147 354 4204 ἀλλὰ
383 4149 496 4220 μὴν
518 4147 617 4204 καί
637 4155 744 4205 τῶν
775 4149 830 4204 έν
860 4148 1140 4225 Λαοδικείᾳ
1167 4155 1264 4220 τῆς
1299 4151 1558 4231 Φρυγίας,
1599 4152 1851 4214 ὡσαύτως

203 4240 294 4294 καὶ
325 4239 437 4292 τῶν
468 4237 523 4293 δν
561 4238 822 4316 Σαρδωιῇ
854 4238 932 4296 ἔτι
983 4241 1095 4316 μὴν
1138 4242 1226 4298 καὶ
1255 4246 1364 4296 τῶν
1394 4240 1449 4297 ἐν
1485 4241 1844 4320 Καρθαγέννη,

203 4324 432 4406 προσέτι
479 4329 566 4382 καὶ
608 4334 715 4384 τῶν
760 4327 840 4406 ρν⁹
879 4331 988 4388 τῶν
1047 4332 1104 4386 ὲν
1160 4331 1328 4409 ταύτῃ
1395 4337 1464 4407 τῇ
1506 4329 1853 4411 θεοφυλάκτῳ

205 4420 294 4473 καὶ
355 4414 588 4494 βασιλίδι
629 4417 987 4476 συνελθόντων
1058 4418 1238 4500 πόλει,
1285 4421 1372 4478 ἐπὶ
1430 4421 1724 4499 Νεκταρίου
1762 4427 1854 4477 τοῦ

208 4507 306 4574 τῆς
349 4505 623 4585 βασιλίδος
667 4509 864 4576 ταύτης
894 4508 1106 4575 πόλεως
1148 4508 1431 4589 προέδρου,
1477 4510 1567 4566 καί
1595 4510 1854 4587 Τιμοθέου

1937 3612 2222 3672 stolorum
2249 3610 2542 3672 doctrinae
2571 3611 2938 3672 inserentes.
2972 3607 3370 3686 Obsignamus
3395 3607 3574 3668 etiam

1934 3701 2199 3782 reliquos
2223 3718 2435 3762 omnes
2453 3700 2851 3780 canones,qni
2875 3718 2908 3760 a
2930 3697 3153 3760 sanctis
3175 3705 3230 3758 et
3255 3695 3576 3757 beatisno-

1936 3791 2074 3852 stris
2090 3790 2360 3850 Patribus
2373 3809 2442 3850 ex
2455 3789 2628 3868 positi
2649 3789 2874 3862 sunt,id
2891 3796 3045 3860 est,a
3065 3786 3347 3848 trecentis
3363 3783 3573 3846 decem

1938 3891 1996 3942 et
2019 3890 2152 3942 octo
2175 3879 2398 3942 sanctis
2419 3898 2488 3941 ac
2511 3879 2762 3940 deiferis
2784 3874 3422 3957 Patribus,quiNicaaze
3435 3891 3580 3934 con-

1938 3979 2253 4050 venerunt;
2274 3971 2471 4046 iisque
2493 3969 2592 4050 qui
2620 3970 2889 4048 Ancyrae;
2916 3975 2975 4028 et
2997 3966 3071 4027 iis
3089 3966 3267 4027 etiam
3289 3965 3391 4045 qui
3420 3961 3580 4026 Neo-

1936 4077 2234 4134 caesareae;
2256 4058 2536 4120 similiter
2558 4066 2616 4119 et
2639 4057 2741 4139 qui
2767 4054 3021 4135 Gangris
3045 4076 3061 4136 ;
3093 4061 3387 4134 prmterea
3409 4058 3469 4114 et
3497 4050 3576 4112 iis

1934 4151 2034 4232 qui
2059 4150 2117 4210 in
2139 4147 2460 4210 Antiochia
2476 4146 2687 4228 Syriae;
2713 4156 2890 4228 atque
2913 4145 2990 4206 iis
3007 4145 3183 4206 etiam
3205 4146 3307 4222 qui
3329 4142 3390 4202 in
3413 4143 3570 4232 Lao-

1935 4229 2106 4301 dicea
2129 4237 2416 4318 Phrygiae:
2445 4249 2742 4317 praeterea
2766 4245 2964 4297 autem
2982 4235 3029 4296 9
3054 4243 3111 4296 et
3132 4242 3372 4296 centum
3397 4229 3570 4312 quin-

1935 4331 2214 4412 quaginta
2243 4327 2541 4406 Patribps,
2576 4328 2678 4408 qui
2710 4325 2772 4388 in
2803 4327 2916 4388 hac
2944 4344 2977 4387 a
3010 4327 3132 4388 Deo
3164 4321 3576 4412 conservanda

1935 4411 1994 4483 et
2022 4417 2324 4500 imperiali
2347 4417 2586 4479 civitate
2617 4423 3056 4487 convenerunt;
3083 4423 3140 4476 et
3169 4411 3574 4491 ducentis,qui

1937 4507 1998 4570 in
2019 4507 2415 4588 Ephesiorum
2445 4506 2765 4589 metropoli
2785 4507 2952 4587 prius
2968 4504 3156 4567 coacti
3181 4510 3338 4565 sunt:
3369 4511 3428 4564 et
3446 4519 3580 4562 sex-

212 4604 306 4654 τοῦ
350 4578 656 4677 ’γινομένου
711 4597 1108 4679 Ἀλεξανδρείας
1168 4578 1598 4681 έρχιέπισκόπου
1631 4578 1673 4638 ο·
1715 4578 1920 4656 am”

1948 4578 2134 4661 sentis
2156 4596 2395 4676 triginta
2415 4578 2662 4658 sanctis.
2677 4604 2736 4657 et
2756 4578 2949 4657 b'eatis
2970 4590 3378 4673 Patribus,qui
3393 4590 3577 4681 Chal-

216 4689 322 4759 μὴν
378 4690 470 4745 καὶ
533 4689 659 4752 τοὺς
729 4690 1001 4747 Διονυσίου
1073 4680 1505 4771 ἀρχιεπισκόπου
1562 4690 1854 4769 γενομένου

1948 4688 2208 4750 cedone:
2245 4686 2525 4749 similiter
2555 4699 2614 4748 et
2639 4686 2714 4747 iis
2740 4685 2841 4765 qui
2863 4683 3126 4747 Sardicae
3161 4703 3174 4745 :
3207 4690 3268 4744 et
3302 4680 3405 4771 qui
3429 4682 3576 4742 Car-

220 4777 312 4844 τῆς
355 4775 743 4857 ’Δλεξανδρὲων
788 4769 1235 4856 μεγαλοπόλεως,
1296 4782 1384 4837 καὶ
1441 4780 1639 4858 Πέτρου
1699 4780 1856 4860 ἀρχι-

1948 4777 2272 4856 thagine,et
2291 4777 2614 4856 quirursus
2637 4777 2696 4838 in
2721 4776 2829 4837 hac
2842 4774 2948 4836 Dei
2968 4772 3221 4835 cultrice
3240 4779 3300 4832 et
3320 4769 3574 4860 impera:

225 4868 511 4925 ιτισκόπου
572 4872 670 4934 τῆς
726 4872 892 4935 αὒτῆς
959 4865 1349 4948 Ἀλεξανδρέων
1400 4871 1490 4926 καὶ
1563 4870 1849 4950 μάρτυρος,

1939 4854 2086 4929 trice
2103 4866 2252 4927 urbe
2266 4854 2672 4928 convenerunt
2688 4865 2799 4926 sub
2811 4861 3228 4942 Nectario,qui
3253 4854 3574 4938 imperanti

228 4958 502 5033 Γρτιγορίου
577 4957 870 5014 ἐπισκόπου
928 4945 1224 5036 γενομένου⁷
1299 4945 1854 5034 Νεοκαισαρείαςτού

1948 4959 2078 5020 huic
2111 4957 2335 5019 civitati
2374 4955 2778 5036 praesidebat;
2819 4963 2879 5016 et
2934 4949 3273 5028 Theophilo
3331 4947 3431 5028 qui
3462 4945 3576 5008 fuit

234 5047 647 5129 θωματουργοῦ,
721 5049 1034 5106 Ἀθανασίου
1098 5049 1532 5129 ἀρχιεπισκόπου
1597 5044 1852 5114 Ἀλεξαν-

1948 5045 2320 5108 Alexandria)
2349 5043 2860 5123 archiepiscopus.
2898 5040 3052 5114 Quin
3103 5039 3281 5100 etiam
3313 5052 3577 5129 canones

233 5128 407 5208 ἔρεξας,
442 5135 717 5192 Βασιλείου
745 5125 1208 5216 ἆρχιεπισκόπουγ
1237 5139 1554 5215 Καισαρείας
1612 5148 1847 5196 Καππα-

1948 5133 2331 5216 Dionysii,qui
2361 5133 2472 5194 fuit
2522 5131 3016 5211 archiepiscopus
3050 5147 3278 5206 magna:
3309 5125 3575 5188 Alexan-

237 5218 417 5303 εσιίας,
449 5228 736 5305 Γρηγορὲου
786 5227 1082 5285 ἐπισκόπου
1140 5229 1375 5303 Νύσσης,
1426 5229 1717 5306 Γρηγορίω
1756 5237 1848 5286 τεῦ

1948 5227 2244 5287 lrinorum
2279 5221 2530 5284 civitatis
2565 5240 2578 5284 :
2626 5231 2687 5284 et
2737 5221 3028 5300 Petri,qui
3060 5220 3169 5280 fuit
3197 5217 3574 5281 Alexandriae

240 5312 496 5395 θεολόγοι),
557 5314 914 5397 Ἀμιριλοχίου
972 5328 1065 5377 τοῦ
1120 5318 1368 5393 Ἰκονίου,
1433 5319 1690 5394 Τιμοθέου
1745 5320 1843 5397 ἆρ-

1948 5315 2425 5394 trchiepiscopus
2455 5321 2513 5371 et
2544 5320 2769 5388 martyr
2803 5331 2818 5372 :
2851 5309 3120 5397 Gregorii
3166 5306 3574 5397 Neocaesareze

247 5406 566 5476 χιιπισκόπου
607 5395 898 5486 γενομένου
951 5406 1352 5488 Ἀλεξανδρείας
1414 5415 1508 5466 τοῦ
1563 5395 1840 5487 προτέρου,

1948 5403 2202 5485 apiscopi
2235 5398 2684 5479 Thaumaturgi:
2710 5400 3024 5463 Athanasii
3047 5395 3440 5461 Alexandrini
3468 5411 3569 5456 ar-

1762 5596 2020 5663 NOTAE.

328 5767 420 5853 (3')
441 5770 502 5839 In
531 5794 622 5840 ms
650 5773 953 5843 Aurelius.
