4108 6222
374 270 381 277 “
438 300 550 381 451

1618 298 1887 375 PHOTII
1936 294 2452 377 PATHIARcH/E
2492 306 2607 379 cp.

3683 262 3804 385 452'

431 434 832 521 chiepiscopi;
858 446 1061 511 Basilii
1088 444 1524 523 archiepiscopi
1542 443 2060 527 CaesareaeCappa‘

2161 451 2437 527 Θεοφίλου,
2472 451 2903 532 ἀρχιεπισκόπου
2956 430 3051 522 τῆς
3111 450 3501 528 ’Λλεξανδρέων
3554 454 3804 532 μεγαλο-

436 537 928 617 dociazzGregorii
946 535 1214 616 episcopi
1237 534 1741 614 Nyssaaﬁregorii
1757 535 2073 614 Theologi,

433 628 843 710 Arnphilechii
869 624 1390 692 Iconii,Timothei
1417 625 2074 703 prioris,arcliiepisco-

436 722 494 800 pi
517 717 928 781 Alexandricaa
950 714 1304 797 ;TheOpbili
1330 715 1773 794 archiepiscopi
1797 715 2075 793 ejusdem

434 807 839 871 Alexandriae:
866 804 1068 884 Cyrilli
1092 803 1363 883 ejusdem
1381 803 2076 883 Alexandrimarchiepi-

432 896 696 975 sc0pi,et
724 894 1045 966 Gennadii,
1082 892 1305 973 quifuit
1334 892 1670 971 patriarcha
1695 892 1870 972 hujus
1891 912 1923 953 a
1959 892 2079 955 Deo

433 986 744 1047 servandae
765 994 825 1045 et
848 983 1201 1061 imperantis
1222 982 1503 1046 civitatis.
1523 980 1819 1042 Praeterea
1848 1001 1989 1042 vero
2021 991 2080 1043 et

432 1095 465 1138 λ
485 1074 912 1155 Cypriano,qui
938 1073 1214 1135 Afrorum
1237 1072 1503 1149 regionis
1530 1072 1640 1132 fuit
1663 1071 2079 1149 archiepisco-

434 1185 543 1245 pus
568 1174 630 1226 et
653 1172 899 1244 martyr,
935 1178 989 1224 et
1016 1162 1243 1241 synodo
1267 1180 1398 1241 qua:
1433 1160 1543 1221 sub
1570 1162 1703 1241 ipso
1728 1162 1856 1241 fuit,
1891 1161 2079 1222 emis-

429 1273 560 1316 sum
586 1256 1010 1332 canonem,qui
1038 1260 1096 1311 in
1120 1251 1546 1330 praedictorum
1578 1250 1898 1330 prmsulum
1927 1250 2078 1311 locis

430 1342 965 1419 solus,secundum
992 1340 1272 1401 traditam
1301 1334 1387 1401 eis
1409 1339 2075 1414 consuetudinem,ser-

431 1442 600 1495 vatus
623 1442 735 1495 est.
770 1430 841 1493 Et
871 1430 1021 1492 nulli
1057 1431 1241 1490 licere
1265 1430 1432 1508 prius
1454 1429 1789 1490 declaratos
1814 1446 2077 1489 canones

429 1522 896 1602 adulterare,vel
932 1538 1051 1582 non
1084 1518 1531 1593 admittere,vel
1560 1519 1708 1580 alios
1740 1528 1955 1598 praeter
1981 1518 2077 1580 hic

432 1620 774 1692 proposrtos
828 1608 1106 1688 recipere
1150 1626 1441 1681 canones,
1474 1627 1506 1667 a
1537 1606 1897 1687 quibusdam
1932 1606 2077 1667 falsa

424 1701 662 1781 adjecta
677 1699 1073 1779 inscriptione
1088 1697 1595 1777 compositos,qui
1610 1697 1922 1757 veritatem
1941 1714 2077 1757 cau-

2161 538 2392 612 πόλεως,
2469 544 2554 596 καὶ
2632 540 2908 620 Κυρίλλου,
2971 544 3059 598 καὶ
3137 540 3408 598 Γενναδίου
3467 546 3807 625 πατριάρχου

2161 629 2447 703 γενομένου
2500 635 2597 697 τῆς
2682 629 3041 708 θεοφυλάκτου
3100 633 3299 697 ταύτης
3359 635 3448 688 καὶ
3533 634 3806 709 βασιλίδος

2159 716 2393 790 πόλεως,
2442 718 2519 775 ἔτι
2565 721 2673 793 μὴν
2722 723 2806 777 καὶ
2837 723 2926 777 τὸν
2972 723 3074 778 ὑπὸ
3129 728 3432 798 Κυπριανοῦ
3488 732 3583 782 τοῦ
3638 745 3802 802 γενο-

2162 805 2324 878 μένου
2378 808 2810 886 ἀρχιεπισκόπου
2858 812 2957 875 τῆς
3020 809 3228 886 Ἀφρνῦν
3288 811 3477 888 χώρας
3535 813 3627 869 καὶ
3668 814 3803 890 μάρ-

2160 916 2337 969 τυρος,
2371 899 2459 952 καὶ
2488 902 2586 963 τῆς
2620 895 2739 954 κατ’
2769 898 2925 956 αὒτὸν
2957 897 3176 955 συνόδου
3234 897 3511 955 ἐκτεθέντα
3547 903 3741 958 κανόνα
3775 918 3789 934 ⁸

2161 984 2219 1046 ὃς
2250 984 2304 1038 ὲν
2335 999 2452 1046 τοῖς
2507 994 2614 1042 τῶν
2673 988 3080 1064 προειρημένων
3137 985 3410 1065 προέδρων
3464 988 3647 1054 τόποις
3703 994 3789 1049 καὶ

2163 1075 2348 1147 μόνον,
2384 1076 2519 1131 κατά
2550 1078 2610 1132 τὸ
2656 1076 2946 1150 παραδοθὲν
2979 1078 3168 1141 αὐτοῖς
3202 1076 3317 1142 ἔτος
3376 1077 3662 1155 ἐκράτησε,
3704 1084 3794 1137 καὶ

2162 1161 2360 1236 μηδενῖ
2416 1163 2619 1229 ἐξεῖναι
2670 1165 2792 1230 τοὺς
2851 1164 3291 1240 προδηλωθέντας
3362 1178 3798 1247 παραχαράττειν

2161 1252 2387 1318 κανόνας
2420 1255 2454 1321 ἢ
2513 1254 2744 1327 ἀθετεῖν,
2796 1255 2831 1323 ἢ
2876 1256 3087 1333 ἑτέρους
3130 1257 3275 1334 παρὰ
3322 1259 3443 1319 τοὺς
3502 1258 3800 1335 προκειμέ-

2161 1363 2279 1404 νους
2364 1343 2758 1423 παραδέχεσθαι
2842 1344 3089 1417 κανόνας,
3182 1343 3624 1426 ψευδεπιγράφως
3697 1346 3799 1403 ὑπό

2160 1451 2319 1485 τινων
2377 1435 2740 1506 συντεθεντας,
2802 1440 2907 1497 τῶν
2981 1436 3079 1502 τὴν
3150 1435 3407 1503 ἀληθειαν
3468 1436 3799 1502 καπηλεύειν

2158 1517 2650 1598 ἐπιχειρησάντων.
2689 1524 2744 1580 Ei
2775 1522 2829 1578 δὲ
2871 1546 2953 1583 τις
2979 1523 3092 1597 ἀλῷ
3123 1524 3324 1580 κανόνα
3351 1524 3470 1580 τινὰ
3499 1524 3607 1579 τῶν
3637 1525 3796 1603 εἰρη-

2159 1607 2334 1681 μὲνωι
2388 1614 2747 1686 καινοτομῶν,
2793 1611 2828 1680 ἢ
2873 1613 3188 1690 ἀνατρέπειν
3246 1612 3564 1691 ἐπιχειρῶν,
3626 1614 3795 1671 ὑπεύ-

2157 1703 2308 1761 θυνος
2372 1698 2518 1755 ἔσται
2574 1704 2711 1757 κατά
2771 1704 2863 1758 τὸν
2914 1711 3153 1759 τοιοῦτον
3206 1703 3403 1759 κανόνα
3438 1722 3451 1736 ⁶
3516 1705 3591 1764 ὡς
3635 1702 3793 1767 αὒτὸς

429 1794 641 1870 ponari
668 1788 865 1851 conati
889 1797 1050 1850 sunt.
1085 1786 1146 1850 Si
1167 1787 1297 1866 quis
1318 1796 1545 1859 autem,
1570 1789 1725 1866 quod
1754 1785 2060 1866 praedicto-

2158 1784 2471 1865 διαγορεύει,
2533 1789 2627 1855 τὴν
2674 1790 2946 1865 ἐπιτιμίαν
2990 1788 3314 1873 δεχόμενος,
3362 1793 3457 1849 καί
3506 1790 3577 1847 δι’
3635 1794 3794 1850 αὐτοῦ

422 1898 560 1940 rum
596 1898 891 1940 canonum
950 1876 1217 1957 aliquem
1272 1875 1561 1936 innovare
1595 1875 1687 1935 vel
1719 1875 2071 1937 subvertere

2155 1876 2209 1932 ὲν
2243 1878 2390 1953 ᾧπερ
2421 1880 2596 1935 πταίει
2624 1882 3067 1957 θεραπευόμενος.

425 1979 704 2044 conetur,
741 1968 1046 2030 convictus
1096 1965 1296 2035 fuerit,
1334 1983 1473 2027 reus
1525 1965 1635 2026 erit
1683 1964 2012 2053 secundum
2054 1983 2191 2028 eum
2246 1984 2562 2042 canonem,
2626 1978 2688 2030 ut
2726 1968 2858 2049 ipse
2906 1972 3257 2047 pronuntiat
3303 1988 3521 2047 canon,
3556 1986 3785 2053 pinnam

423 2058 619 2131 luens,
655 2065 713 2118 et
747 2076 850 2135 per
882 2059 1074 2133 ipsum
1111 2061 1167 2114 in
1202 2073 1295 2128 eo,
1332 2054 1392 2114 in
1425 2073 1540 2134 quo
1574 2052 1848 2129 offendit,
1887 2054 2182 2117 medelam
2215 2056 2571 2136 suscipiens.

711 2156 975 2220 Concilii
1002 2154 1239 2217 Nicwni
1268 2169 1309 2216 ιι
1339 2170 1600 2215 canones
1628 2153 1685 2225 l,
1720 2155 1777 2211 2.

498 2246 645 2311 l.[is
670 2246 773 2327 qui
814 2243 1255 2308 sacerdotalem
1284 2241 1634 2319 dignitatem
1679 2242 1876 2304 sortiti
1898 2252 2060 2318 sunt,

419 2335 769 2401 testimonia
800 2346 862 2396 et
879 2334 952 2396 ad
976 2344 1141 2395 recte
1162 2352 1227 2394 se
1249 2332 1586 2410 gerendum
1629 2332 1898 2393 instituta
1925 2343 2066 2395 sunt

419 2426 843 2488 canonicarum
907 2423 1404 2485 constitutionum
1448 2420 1912 2500 descriptiones.
1978 2424 2067 2483 ιο

424 2514 583 2587 Quas
605 2533 742 2575 cum
769 2512 1136 2592 diviniloquo
1161 2511 1345 2572 David
1373 2509 1650 2572 lubenter
1670 2511 2060 2590 recipientes,

419 2604 492 2666 ad
518 2602 837 2665 Dominum
852 2612 1184 2680 cantamus,
1213 2600 1486 2662 dicentes
1512 2598 1621 2663 :ln
1644 2601 2064 2663 clamandum-

354 2750 358 2757 .
422 2712 558 2755 rum
584 2698 827 2755 tuorum
852 2691 1094 2753 [celatus
1113 2699 1566 2767 sum,lanquam
1590 2692 1653 2750 in
1675 2689 1949 2751 omnibus
1969 2692 2058 2754 di-

419 2784 587 2846 vitiis
602 2781 654 2844 2:
684 2789 765 2854 et,
800 2780 1438 2858 Mandastijustltiam
1479 2779 1824 2841 testimonia
1849 2788 1955 2840 tua
1992 2782 2063 2842 in

418 2873 722 2933 saeculum
738 2872 877 2932 3z—
900 2868 972 2931 In
983 2867 1279 2931 lelleclum
1302 2867 1381 2929 (la
1395 2869 1634 2947 mihl,et
1655 2873 1846 2929 vitam
1864 2870 1904 2926 ι.
1918 2866 1990 2931 Ει
2010 2869 2061 2930 si

419 2960 481 3024 in
504 2962 789 3023 saeculum
832 2977 941 3021 nos
988 2958 1158 3035 jubet
1207 2975 1316 3018 vox
1344 2955 1695 3035 proltlietica
1721 2957 2062 3021 testimonia

422 3051 533 3114 Dei
555 3067 821 3122 servare,
852 3055 909 3109 et
932 3048 990 3108 in
1018 3048 1105 3108 eis
1130 3046 1349 3122 vivere,
1383 3045 1572 3127 liquet
1595 3063 1665 3106 ea
1684 3064 2058 3127 nequaquam

414 3139 840 3214 concutienda,
877 3137 1157 3218 nullaque
1182 3137 1415 3198 ratione
1446 3134 1864 3198 labefactanda
1914 3156 2061 3218 per-

422 3247 671 3291 manere
710 3246 883 3289 :nam
910 3236 968 3288 et
991 3214 1371 3288 venerandus
1393 3228 1623 3305 Moyses
1660 3226 1749 3287 sic
1792 3225 1872 3286 ait
1908 3214 1928 3286 Ξ
1948 3214 2063 3289 Eis

416 3336 541 3381 non
555 3318 690 3381 licet
711 3317 955 3390 addere,
983 3335 1095 3380 nec
1115 3321 1203 3378 eis
1229 3316 1368 3379 licet
1390 3314 1712 3377 detrahere
1732 3316 1786 3376 5.
1812 3314 1881 3377 Et
1901 3315 2058 3378 divi-

2318 2155 2544 2215 Συνόδου
2574 2161 2791 2224 Νικαίας
2825 2160 2881 2215 τὸ
2911 2156 3178 2237 δεύτερον,
3211 2161 3387 2217 κανὼν
3419 2160 3496 2241 α’,
3526 2158 3602 2237 β’.

2227 2246 2305 2308 α’,
2338 2246 2466 2308 Τοῖς
2500 2248 2599 2313 τὴν
2630 2249 2903 2323 ἱερατικὴν
2932 2247 3194 2327 λαχοῦσιν
3226 2249 3396 2319 ἀξίαν,
3434 2249 3701 2326 μαρτύριά
3729 2269 3786 2304 τε

2148 2335 2235 2390 καὶ
2265 2337 2679 2413 κατορθώματα,
2711 2340 2762 2393 αἱ
2793 2340 2901 2393 τῶν
2963 2344 3257 2395 κανονικῶν
3313 2337 3601 2404 διαταξεων
3646 2341 3786 2394 ὁπο-

2145 2424 2409 2487 τυπώσεις
2455 2426 2586 2481 είσίν
2620 2443 2633 2458 ·
2699 2427 2760 2492 ἃς
2817 2425 3111 2506 δεχόμενοι
3170 2428 3436 2502 ἀσμένως,
3499 2428 3637 2502 μετὰ
3691 2434 3788 2484 τοῦ

2144 2514 2495 2591 θεοφάντορος
2549 2512 2715 2572 Δαόἱδ
2757 2514 2955 2590 ᾄδομεν
3011 2518 3143 2593 πρὸς
3186 2519 3277 2574 τὸν
3326 2517 3606 2582 Δεσπότην
3653 2517 3784 2573 Θεὸν

2144 2600 2391 2679 λέγοντες
2428 2618 2441 2632 ’
2482 2602 2573 2660 Ἐν
2604 2610 2671 2679 τῇ
2702 2606 2807 2678 ὁδῳ
2835 2612 2944 2662 τῶν
2974 2606 3271 2682 μαρτυρίων
3299 2627 3393 2661 σου
3422 2604 3683 2683 ἐτέρφθην
3709 2607 3783 2664 ὡς

2142 2693 2230 2747 επὶ
2282 2694 2437 2748 παντὶ
2480 2692 2696 2767 πλούτῳ
2728 2709 2742 2723 ’
2804 2697 2914 2765 καὶ,
2971 2692 3256 2753 Ἐνετείλω
3304 2697 3391 2750 καὶ
3435 2693 3784 2762 δικαιοσύνην

2146 2779 2211 2834 τὰ
2259 2781 2519 2858 μαρτύριά
2577 2804 2672 2839 σου
2731 2784 2802 2848 εἷς
2850 2786 2942 2840 τὸν
2986 2785 3176 2844 αίῶνα.
3234 2784 3516 2840 Συνέτισόν
3561 2805 3627 2858 με
3685 2782 3784 2842 καὶ

2143 2867 2308 2939 ζῆσόν
2340 2886 2427 2943 με·
2455 2870 2542 2926 καί
2560 2872 2632 2935 εἷς
2656 2873 2748 2927 τὸν
2772 2874 2935 2929 αίῶνα
2965 2875 2998 2940 ἡ
3034 2874 3339 2952 προφιετικὴ
3363 2874 3515 2951 φωνὴ
3537 2872 3781 2929 ἐντέλλε-

2143 2980 2230 3013 ται
2273 2959 2413 3033 ἡμϊν
2441 2958 2724 3037 φυλάττειν
2755 2963 2820 3017 τὰ
2850 2964 3111 3041 μαρτύρια
3157 2970 3247 3020 τοῦ
3277 2970 3435 3036 Θεοῦ,
3467 2963 3553 3019 καὶ
3593 2969 3689 3037 ζῇν
3720 2961 3777 3018 ἐν

2146 3048 2355 3120 αὐτοῖς,
2390 3045 2553 3114 δῆλον
2588 3049 2887 3127 ἀκράδαντα
2929 3053 3017 3108 καὶ
3066 3050 3332 3108 ἀσάλευτα
3385 3050 3715 3125 διαμένουσιν
3749 3064 3764 3080 ⁶

2143 3136 2225 3192 ὅτι
2269 3138 2357 3193 καὶ
2387 3139 2413 3193 6
2444 3137 2675 3205 θεόπτης
2735 3142 2962 3209 Μωυσῆς
3006 3140 3151 3198 οὕτω
3204 3142 3361 3222 φησίν
3392 3156 3407 3172 ⁸
3449 3137 3539 3197 Ἐν
3583 3140 3767 3203 αὐτοῖς

2142 3228 2240 3283 οὐκ
2309 3225 2422 3283 ἔστι
2504 3232 2842 3309 προσθεῖναι,
2921 3231 3010 3288 καὶ
3078 3230 3172 3288 ἀπ’
3251 3232 3421 3290 αὐτῶν
3479 3233 3573 3289 οὒκ
3625 3228 3773 3285 ’ἐστιν

2142 3315 2389 3396 ἀφαιρεῖν
2433 3334 2445 3348 ·
2501 3319 2589 3375 καὶ
2646 3320 2674 3374 6
2717 3322 2860 3381 θεῖος
2891 3320 3195 3383 ἀπόστολος
3243 3320 3439 3393 Πέτρος
3488 3318 3544 3375 ὲν
3587 3320 3774 3382 αὺτοῖς

415 3425 532 3469 nus
553 3408 863 3486 apostolus
879 3406 1095 3470 Petrus
1119 3406 1178 3466 in
1201 3403 1278 3467 iis
1299 3405 1566 3484 glorians
1587 3405 1880 3466 exclamat
1909 3424 1925 3465 :
1956 3406 2056 3469 Ad

2145 3406 2565 3486 ἑγκαυχώμενος
2648 3408 2750 3485 βοᾷ
2783 3423 2797 3439 ⁸
2873 3410 2958 3475 Εἷς
3025 3412 3060 3465 ἄ
3137 3409 3481 3485 ἐπιθυμοῦσιν
3554 3405 3774 3487 ἄγγελοι

414 3514 547 3576 qua:
558 3496 764 3574 angeli
783 3497 1099 3559 declinare
1119 3495 1750 3570 desideranwAtque
1771 3495 1946 3557 etiam
1970 3496 2054 3558 di-

414 3586 497 3648 cit
516 3585 759 3648 Paulus:
786 3587 1053 3650 Etiamsi
1067 3603 1174 3647 nos
1195 3583 1285 3647 vel
1301 3584 1557 3665 angelus
1585 3591 1914 3656 annuntiel
1944 3603 2051 3648 vo-

410 3676 502 3738 bis
523 3676 721 3750 aliud,
749 3694 933 3756 quam
957 3676 1121 3738 vobis
1144 3676 1675 3748 annuntiavimus,
1699 3678 1774 3737 sit
1794 3676 2051 3738 anathe-

410 3783 513 3828 ma
533 3767 583 3825 7.
621 3765 766 3828 Cum
793 3766 921 3827 haec
943 3783 1088 3844 ergo
1111 3764 1192 3827 ita
1213 3783 1279 3826 se
1319 3763 1601 3839 habeant,
1639 3774 1698 3825 et
1724 3763 1846 3827 sint
1878 3766 2052 3827 nobis

411 3854 727 3935 testata,iis
749 3855 1210 3927 exsultantes,ut
1230 3854 1281 3914 si
1298 3852 1436 3933 quis
1463 3853 1648 3914 multa
1671 3854 1862 3933 spolia
1892 3854 2053 3917 inve-

411 3944 592 4018 nerit,
628 3944 863 4006 divinos
885 3963 1148 4006 canones
1173 3941 1434 4005 libenter
1465 3943 1905 4020 amplectimur,
1940 3962 2043 4005 eor

409 4051 668 4114 rumque
689 4034 1182 4095 constitutionem
1206 4032 1499 4109 integram
1526 4038 1586 4092 et
1608 4030 1706 4092 illa
1718 4031 2049 4094 befactabi-

399 4122 520 4185 lem
551 4123 1148 4203 conﬁrmamus,quze
1177 4119 1339 4182 edita
1370 4120 1611 4182 luerunt
1639 4138 1674 4182 a
1704 4121 1898 4182 sancti
1921 4122 2054 4201 Spi-

404 4214 559 4274 ritus
591 4211 768 4282 tubis,
807 4212 973 4274 omni
1006 4229 1077 4274 ex
1119 4218 1287 4290 parte
1319 4208 1702 4272 celebrandis
1732 4211 2045 4291 apostolis,

409 4311 470 4363 et
498 4318 607 4363 sex
637 4302 862 4362 sanctis
908 4300 1351 4362 universalibus
1396 4300 1660 4379 synodis,
1695 4299 1887 4377 iisque
1916 4319 2051 4382 quas

405 4391 480 4453 ad
512 4389 813 4469 ejusmodi
844 4390 1230 4452 decretorum
1286 4388 1668 4451 traditionem
1705 4390 2047 4470 provincia-

409 4482 514 4542 tim
548 4487 771 4541 coactze
824 4478 1095 4557 fuerunt,
1127 4488 1186 4543 et
1245 4478 1469 4541 nostris
1497 4480 1720 4541 sanctis
1745 4477 2045 4544 Patribus.

407 4571 498 4633 Ex
530 4588 653 4631 uno
679 4568 845 4632 enim
878 4586 1090 4633 omnes
1120 4569 1460 4651 eodemque
1484 4569 1711 4650 Spiritu
1745 4568 2048 4633 illumina-

407 4658 474 4732 ti,
498 4677 633 4740 qua:
662 4667 836 4721 erant
866 4658 1032 4723 utilia
1063 4659 1484 4722 decreverunt:
1520 4667 1581 4720 et
1609 4676 1763 4736 quos
1793 4659 2048 4722 anathe-

405 4748 549 4811 mati
572 4748 821 4827 quidem
847 4749 1395 4825 transmittuntmos
1420 4765 1663 4829 quoque
1691 4748 2048 4812 anathema-

2135 3497 2446 3575 παρακύψαι
2480 3512 2494 3527 ⁸
2568 3498 2657 3554 καὶ
2722 3500 2751 3554 6
2809 3497 3017 3564 Παῦλος
3088 3521 3220 3578 φησι
3259 3518 3273 3533 ·
3340 3499 3449 3556 Κᾶν
3507 3498 3675 3575 ἢμεϊς
3732 3499 3767 3566 ἡ

2134 3584 2362 3663 ἄγγελος
2446 3586 2854 3664 εὖαγγελίζηται
2923 3589 3055 3663 ὑμῖν
3134 3587 3257 3666 παρ’
3315 3587 3346 3643 ’ὀ
3407 3584 3761 3666 παρελάϐετε,

2131 3675 2370 3750 ἀνάθεμα
2412 3674 2575 3736 ἔστω.
2607 3677 2817 3734 Τούτων
2848 3677 2939 3734 οὗν
2989 3676 3157 3742 οὕτως
3211 3676 3378 3734 ὄντων
3409 3680 3499 3735 καὶ
3527 3677 3764 3755 διαμαρ-

2134 3763 2437 3843 τυρομένων
2468 3766 2629 3840 ἡμῖν,
2676 3765 3074 3844 ἀγαλλιώμενοι
3129 3766 3213 3824 ἐπ’
3248 3766 3457 3839 αὖτοῐς,
3491 3768 3567 3827 ὡς
3599 3766 3654 3823 εἴ
3683 3787 3768 3830 τις

2134 3851 2275 3931 εὕροι
2319 3854 2485 3910 σκύλα
2530 3853 2726 3930 πολλὰ,
2788 3855 3063 3918 ἀσπασίως
3134 3857 3254 3920 τοὺς
3313 3856 3481 3920 θείους
3542 3855 3770 3920 κανόνας

2130 3943 2590 4023 ἔνστερνιζόμεθα,
2650 3946 2739 4001 καὶ
2795 3944 3094 4022 ὁλόκληρον
3149 3944 3251 4012 τὴν
3296 3948 3467 4004 αὒτὼν
3512 3943 3772 4023 διαταγὴν

2131 4032 2221 4087 καὶ
2274 4028 2566 4089 ἀσάλευτον
2621 4033 2976 4111 κρατύνομεν,
3035 4039 3142 4091 τῶν
3200 4055 3258 4090 τε
3319 4033 3637 4091 ἐκτεθέντων
3668 4034 3773 4091 ὑπὸ

2132 4126 2239 4177 τῶν
2295 4122 2461 4199 ἁγίων
2530 4120 2842 4200 σαλπίγγων
2898 4122 2993 4180 τοῦ
3035 4123 3346 4198 Πνεύματος
3407 4123 3775 4203 πανευφήμων

2133 4210 2471 4274 ἀποστόλων,
2520 4212 2628 4268 τῶν
2669 4233 2727 4268 τε
2756 4211 2810 4279 ἓξ
2851 4213 3017 4292 ἁγίων
3065 4214 3451 4288 οἰκουμενικῶν
3512 4210 3772 4287 συνόδων,

2132 4301 2220 4356 καὶ
2305 4306 2410 4357 τῶν
2498 4303 2736 4366 τοπικῶς
2819 4305 3295 4380 συναθροισθεισὼν
3387 4300 3474 4358 ἐπὶ
3565 4299 3773 4358 ἐκδόσει

2130 4394 2387 4451 τοιούτων
2454 4390 2856 4473 διαταγμάτων,
2943 4394 3039 4451 καὶ
3112 4400 3219 4451 τῶν
3293 4393 3460 4473 ἁγίων
3519 4393 3773 4472 Πατέρων

2132 4485 2287 4560 ἡμῶν
2321 4501 2339 4520 ο
2374 4481 2427 4549 ἐξ
2455 4483 2573 4548 ἑνὸς
2605 4484 2705 4563 γὰρ
2732 4483 2966 4549 ἅπαντες
2995 4484 3085 4542 καὶ
3137 4486 3232 4541 τοῦ
3273 4485 3437 4541 αὐτοῦ
3464 4484 3774 4560 Πνεύματος

2132 4572 2509 4653 αὒγασθὲντες,
2568 4572 2767 4653 ὥρισαν
2810 4574 2876 4631 τὰ
2946 4573 3306 4653 συμφέροντα.
3369 4575 3469 4633 Καὶ
3523 4572 3613 4638 οθς
3671 4572 3771 4649 μὶν

2132 4668 2210 4737 τῷ
2237 4662 2528 4739 ἀναθεματι
2580 4666 3025 4744 παραπέμπουσι,
3078 4665 3167 4721 καὶ
3220 4665 3387 4740 ἡμεῖς
3444 4663 3772 4739 ἀναθεματί-

2130 4760 2293 4830 ζομεν
2325 4768 2340 4783 ⁸
2396 4751 2487 4817 οὓς
2546 4749 2602 4809 δὲ
2646 4759 2717 4831 τῇ
2768 4751 3099 4831 καθαιρέσει,
3132 4754 3220 4811 καὶ
3262 4754 3429 4829 ἡμεῖς
3482 4757 3772 4829 καθαιροῦ-

405 4839 674 4941 ιίαοιηυεε
707 4857 858 4921 quos
888 4858 1029 4903 vero
1056 4838 1567 4940 depositionimos
1596 4856 1836 4948 quoque
1864 4839 2050 4920 depo-

2145 4866 2232 4948 s‘sv
2264 4846 2422 4948 ⁶“ο’ύς
2467 4842 2522 4900 δὲ
2571 4845 2648 4920 τῷ
2705 4844 3012 4948 ἀφορισμιῖ),
3053 4845 3143 4902 καὶ
3202 4846 3369 4921 ἡμεῖς
3427 4843 3771 4924 ἀφορίζομεν,

402 4930 603 4992 nimus
640 4949 835 5011 :quos
864 4939 1066 4994 autem
1108 4928 1529 5009 segregationi,
1566 4946 1676 4989 nos
1704 4928 1912 4991 itidem
1943 4947 2046 4991 se-

2145 4930 2221 4999 >ὒς
2291 4931 2348 4989 δὲ
2396 4933 2649 5009 επιτιμίῳ
2699 4931 3075 5012 παραδιδόασι,
3148 4935 3238 4991 καὶ
3292 4935 3459 5008 ἡμεῖς
3514 4933 3772 4998 ὡσαύτως

402 5036 721 5097 gregamus
752 5037 766 5079 :
807 5039 956 5101 quos
984 5028 1184 5084 autem
1220 5036 1417 5101 paena;
1448 5018 1712 5099 tradunt,
1748 5036 1859 5080 nos
1889 5038 2041 5100 quo-

403 5124 521 5187 que
550 5107 837 5171 similiter
861 5109 1342 5190 subjicimus.Ab
1372 5109 1647 5172 avaritia
1667 5109 1830 5170 enim
1850 5108 2047 5172 alieni

401 5211 606 5259 mores
626 5198 1197 5278 sint,prassentibas
1211 5199 1475 5263 contenti
1495 5198 1551 5280 8,
1582 5196 1636 5259 is
1665 5199 1768 5273 qui
1801 5198 2042 5262 tertium

401 5284 622 5348 caelum
648 5289 1097 5365 conseendlt,et
1113 5307 1332 5353 arcana
1356 5286 1533 5351 verba
1552 5286 1802 5369 audivit,
1828 5286 2045 5352 Paulus

402 5375 646 5439 divinus
673 5378 981 5459 apostolus
1006 5387 1216 5461 aperte
1245 5378 1631 5444 vociferatur.

484 5572 701 5658 fPsal.
750 5591 954 5658 cxvm,
991 5578 1092 5640 14.

1180 5580 1214 5629 δ
1241 5576 1391 5641 ibid.
1446 5579 1586 5645 138.
1671 5579 1703 5630 ι
1728 5577 1879 5643 ibid.
1920 5579 2061 5658 ηε,

396 5654 431 5709 8
459 5651 650 5722 Hebr.
681 5673 814 5733 xm,
847 5658 872 5719 l
911 5651 1043 5741 s'eq.

2129 5020 2527 5098 ὃποόἀλλομεν.
2587 5020 2974 5103 Ἀφιλάργυρος
3032 5023 3134 5101 γὰρ
3193 5022 3223 5078 6
3277 5022 3504 5102 τρόπος,
3564 5021 3770 5101 ἀρκού-

2130 5134 2283 5189 μενοι
2311 5123 2431 5178 τοτς
2490 5118 2767 5190 παροῦσιν,
2826 5114 2855 5169 6
2908 5110 3157 5190 βεϐηκὼς
3206 5112 3281 5178 εἷς
3312 5111 3492 5191 τρίτοι
3521 5111 3772 5191 οὖρανόν,

2129 5202 2218 5260 καὶ
2258 5201 2492 5265 ἀκούσας
2534 5200 2736 5281 ἄρρητα
2788 5201 3029 5280 ῥήματα,
3092 5199 3301 5265 Παῦλος
3360 5203 3389 5258 6
3440 5204 3586 5266 θεῖος
3620 5199 3771 5259 ἀπό-

2130 5290 2346 5370 στολος,
2380 5289 2666 5371 διαῤῥήδην
2691 5291 2815 5369 βοᾷ.

2143 5575 2383 5645 δυειιι.
2435 5592 2518 5657 Iv,
2553 5574 2613 5642 2.
2697 5571 2783 5638 61
2833 5572 3000 5640 Patr.
3048 5571 3229 5651 1,12.
3324 5568 3576 5638 76am.
3632 5588 3676 5655 ι,
3708 5568 3770 5636 8.
