  <div class='ocr_page' id='page_1' title='image "/cluster/home/n/w/nwhite01/storage/ocr_20150623/104/hvd.32044073502163/247.png"; bbox 0 0 4108 6222; ppageno 0'>
   <div class='ocr_carea' id='block_1_1' title="bbox 391 273 509 343">
    <p class='ocr_par' dir='ltr' id='par_1_1' title="bbox 391 273 509 343">
     <span class='ocr_line' id='line_1_1' title="bbox 391 273 509 343; baseline -0.017 0"><span class='ocrx_word' id='word_1_1' title='bbox 391 273 509 343; x_wconf 80' lang='grc'><strong>455</strong></span> 
     </span>
    </p>
   </div>
   <div class='ocr_carea' id='block_1_2' title="bbox 1636 265 2507 339">
    <p class='ocr_par' dir='ltr' id='par_1_2' title="bbox 1636 265 2507 339">
     <span class='ocr_line' id='line_1_2' title="bbox 1636 265 2507 339; baseline 0.007 -6"><span class='ocrx_word' id='word_1_2' title='bbox 1636 265 1903 337; x_wconf 87' lang='grc' dir='ltr'><strong>ΡΗΟΤΙΙ</strong></span> <span class='ocrx_word' id='word_1_3' title='bbox 1961 268 2507 339; x_wconf 75' lang='grc' dir='ltr'><strong>ΡΑἸἯΙΑΡιΟΗιΕ.</strong></span> 
     </span>
    </p>
   </div>
   <div class='ocr_carea' id='block_1_3' title="bbox 3639 266 3758 338">
    <p class='ocr_par' dir='ltr' id='par_1_3' title="bbox 3639 266 3758 338">
     <span class='ocr_line' id='line_1_3' title="bbox 3639 266 3758 338; baseline 0.017 -2"><span class='ocrx_word' id='word_1_4' title='bbox 3639 266 3758 338; x_wconf 82' lang='grc'><strong>456</strong></span> 
     </span>
    </p>
   </div>
   <div class='ocr_carea' id='block_1_4' title="bbox 383 393 2018 497">
    <p class='ocr_par' dir='ltr' id='par_1_4' title="bbox 383 393 2018 496">
     <span class='ocr_line' id='line_1_4' title="bbox 383 393 2018 496; baseline -0.006 -9"><span class='ocrx_word' id='word_1_5' title='bbox 383 422 562 487; x_wconf 69' lang='grc' dir='ltr'><strong>21η).</strong></span> <span class='ocrx_word' id='word_1_6' title='bbox 617 393 877 496; x_wconf 74' lang='lat' dir='ltr'><strong>Codicis,</strong></span> <span class='ocrx_word' id='word_1_7' title='bbox 941 420 1034 482; x_wconf 90' lang='lat' dir='ltr'><strong>tit.</strong></span> <span class='ocrx_word' id='word_1_8' title='bbox 1089 420 1150 491; x_wconf 92' lang='lat'><strong>3,</strong></span> <span class='ocrx_word' id='word_1_9' title='bbox 1210 417 1451 480; x_wconf 88' lang='lat' dir='ltr'><strong>constit.</strong></span> <span class='ocrx_word' id='word_1_10' title='bbox 1512 418 1612 496; x_wconf 77' lang='grc' dir='ltr'>Η,</span> <span class='ocrx_word' id='word_1_11' title='bbox 1676 416 2018 478; x_wconf 75' lang='grc' dir='ltr'>θιίηιει4</span> 
     </span>
    </p>
   </div>
   <div class='ocr_carea' id='block_1_5' title="bbox 2109 393 3759 497">
    <p class='ocr_par' dir='ltr' id='par_1_5' title="bbox 2113 416 3759 497">
     <span class='ocr_line' id='line_1_5' title="bbox 2113 416 3759 497; baseline -0.002 -21"><span class='ocrx_word' id='word_1_12' title='bbox 2113 419 2302 497; x_wconf 84' lang='grc' dir='ltr'>βιϐλίῳ</span> <span class='ocrx_word' id='word_1_13' title='bbox 2326 432 2417 481; x_wconf 82' lang='grc' dir='ltr'>τοῦ</span> <span class='ocrx_word' id='word_1_14' title='bbox 2450 421 2710 495; x_wconf 79' lang='grc' dir='ltr'>Κώδικος,</span> <span class='ocrx_word' id='word_1_15' title='bbox 2747 421 2849 477; x_wconf 84' lang='grc' dir='ltr'>τίτ.</span> <span class='ocrx_word' id='word_1_16' title='bbox 2885 416 2962 497; x_wconf 87' lang='grc' dir='ltr'><strong>γ’,</strong></span> <span class='ocrx_word' id='word_1_17' title='bbox 2994 417 3227 482; x_wconf 79' lang='grc' dir='ltr'>διατάξει</span> <span class='ocrx_word' id='word_1_18' title='bbox 3288 416 3354 473; x_wconf 86' lang='grc' dir='ltr'>ιδ’</span> <span class='ocrx_word' id='word_1_19' title='bbox 3387 418 3482 474; x_wconf 76' lang='grc' dir='ltr'>καῗ</span> <span class='ocrx_word' id='word_1_20' title='bbox 3514 421 3548 488; x_wconf 80' lang='grc' dir='ltr'>ἡ</span> <span class='ocrx_word' id='word_1_21' title='bbox 3581 419 3636 476; x_wconf 83' lang='grc' dir='ltr'>α’</span> <span class='ocrx_word' id='word_1_22' title='bbox 3669 422 3759 476; x_wconf 82' lang='grc' dir='ltr'><strong>καὶ</strong></span> 
     </span>
    </p>
   </div>
   <div class='ocr_carea' id='block_1_6' title="bbox 383 508 2032 586">
    <p class='ocr_par' dir='ltr' id='par_1_6' title="bbox 383 508 2032 586">
     <span class='ocr_line' id='line_1_6' title="bbox 383 508 2032 586; baseline -0.004 -11"><span class='ocrx_word' id='word_1_23' title='bbox 383 512 941 585; x_wconf 89' lang='lat' dir='ltr'><strong>constitutione,tit.</strong></span> <span class='ocrx_word' id='word_1_24' title='bbox 979 513 1036 584; x_wconf 83' lang='grc'>1,</span> <span class='ocrx_word' id='word_1_25' title='bbox 1073 508 1484 586; x_wconf 87' lang='lat' dir='ltr'><strong>Novellarum,</strong></span> <span class='ocrx_word' id='word_1_26' title='bbox 1523 509 1733 586; x_wconf 87' lang='lat' dir='ltr'><strong>partim</strong></span> <span class='ocrx_word' id='word_1_27' title='bbox 1769 526 2032 569; x_wconf 81' lang='lat' dir='ltr'><strong>canones</strong></span> 
     </span>
    </p>
   </div>
   <div class='ocr_carea' id='block_1_7' title="bbox 385 597 2030 681">
    <p class='ocr_par' dir='ltr' id='par_1_7' title="bbox 385 597 2030 681">
     <span class='ocr_line' id='line_1_7' title="bbox 385 597 2030 681; baseline -0.004 -17"><span class='ocrx_word' id='word_1_28' title='bbox 385 609 449 665; x_wconf 89' lang='lat' dir='ltr'><strong>ut</strong></span> <span class='ocrx_word' id='word_1_29' title='bbox 478 603 638 681; x_wconf 87' lang='lat' dir='ltr'><strong>leges</strong></span> <span class='ocrx_word' id='word_1_30' title='bbox 667 601 886 676; x_wconf 85' lang='lat' dir='ltr'><strong>valere,</strong></span> <span class='ocrx_word' id='word_1_31' title='bbox 922 599 1136 681; x_wconf 90' lang='lat' dir='ltr'><strong>partim</strong></span> <span class='ocrx_word' id='word_1_32' title='bbox 1171 597 1336 676; x_wconf 81' lang='lat' dir='ltr'><strong>leges</strong></span> <span class='ocrx_word' id='word_1_33' title='bbox 1365 597 1536 676; x_wconf 87' lang='lat' dir='ltr'><strong>sequi</strong></span> <span class='ocrx_word' id='word_1_34' title='bbox 1569 615 1830 658; x_wconf 84' lang='lat' dir='ltr'><strong>canones</strong></span> <span class='ocrx_word' id='word_1_35' title='bbox 1865 599 2030 674; x_wconf 80' lang='lat' dir='ltr'><strong>[tra-</strong></span> 
     </span>
    </p>
   </div>
   <div class='ocr_carea' id='block_1_8' title="bbox 387 686 2030 772">
    <p class='ocr_par' dir='ltr' id='par_1_8' title="bbox 387 686 2030 772">
     <span class='ocr_line' id='line_1_8' title="bbox 387 686 2030 772; baseline -0.005 -16"><span class='ocrx_word' id='word_1_36' title='bbox 387 692 620 772; x_wconf 58' lang='lat' dir='ltr'><strong>ditum]</strong></span> <span class='ocrx_word' id='word_1_37' title='bbox 651 691 725 754; x_wconf 89' lang='lat' dir='ltr'><strong>Et</strong></span> <span class='ocrx_word' id='word_1_38' title='bbox 781 689 886 752; x_wconf 88' lang='lat' dir='ltr'><strong>lib.</strong></span> <span class='ocrx_word' id='word_1_39' title='bbox 955 697 1006 768; x_wconf 96' lang='grc'>1,</span> <span class='ocrx_word' id='word_1_40' title='bbox 1043 688 1137 750; x_wconf 88' lang='lat' dir='ltr'><strong>tit.</strong></span> <span class='ocrx_word' id='word_1_41' title='bbox 1169 687 1230 762; x_wconf 69' lang='grc'><strong>2,</strong></span> <span class='ocrx_word' id='word_1_42' title='bbox 1264 695 1458 749; x_wconf 90' lang='lat' dir='ltr'><strong>const.</strong></span> <span class='ocrx_word' id='word_1_43' title='bbox 1501 686 1595 758; x_wconf 69' lang='grc'>12,</span> <span class='ocrx_word' id='word_1_44' title='bbox 1632 687 2030 768; x_wconf 88' lang='lat' dir='ltr'><strong>pragmaticas</strong></span> 
     </span>
    </p>
   </div>
   <div class='ocr_carea' id='block_1_9' title="bbox 389 775 2030 862">
    <p class='ocr_par' dir='ltr' id='par_1_9' title="bbox 389 775 2030 862">
     <span class='ocr_line' id='line_1_9' title="bbox 389 775 2030 862; baseline -0.004 -18"><span class='ocrx_word' id='word_1_45' title='bbox 389 782 636 852; x_wconf 81' lang='lat' dir='ltr'><strong>formas,</strong></span> <span class='ocrx_word' id='word_1_46' title='bbox 669 797 803 862; x_wconf 76' lang='lat' dir='ltr'><strong>quae</strong></span> <span class='ocrx_word' id='word_1_47' title='bbox 833 777 1166 841; x_wconf 86' lang='lat' dir='ltr'><strong>canonibus</strong></span> <span class='ocrx_word' id='word_1_48' title='bbox 1209 777 1627 852; x_wconf 86' lang='lat' dir='ltr'><strong>adversantur,</strong></span> <span class='ocrx_word' id='word_1_49' title='bbox 1662 775 1865 838; x_wconf 84' lang='lat' dir='ltr'><strong>irritas</strong></span> <span class='ocrx_word' id='word_1_50' title='bbox 1894 793 2030 838; x_wconf 82' lang='lat' dir='ltr'><strong>esse</strong></span> 
     </span>
    </p>
   </div>
   <div class='ocr_carea' id='block_1_10' title="bbox 315 870 648 952">
    <p class='ocr_par' dir='ltr' id='par_1_10' title="bbox 315 870 648 952">
     <span class='ocr_line' id='line_1_10' title="bbox 315 870 648 952; baseline -0.015 -17"><span class='ocrx_word' id='word_1_51' title='bbox 315 917 320 920; x_wconf 85' lang='lat'><strong>.</strong></span> <span class='ocrx_word' id='word_1_52' title='bbox 390 870 648 952; x_wconf 76' lang='lat' dir='ltr'><strong>[habet].</strong></span> 
     </span>
    </p>
   </div>
   <div class='ocr_carea' id='block_1_11' title="bbox 473 954 2026 1033">
    <p class='ocr_par' dir='ltr' id='par_1_11' title="bbox 473 954 2026 1033">
     <span class='ocr_line' id='line_1_11' title="bbox 473 954 2026 1033; baseline -0.004 -11"><span class='ocrx_word' id='word_1_53' title='bbox 473 962 560 1022; x_wconf 74' lang='grc'><strong>12</strong></span> <span class='ocrx_word' id='word_1_54' title='bbox 589 959 753 1022; x_wconf 85' lang='lat' dir='ltr'><strong>CAP.</strong></span> <span class='ocrx_word' id='word_1_55' title='bbox 784 956 970 1021; x_wconf 85' lang='lat' dir='ltr'><strong>lll.—</strong></span> <span class='ocrx_word' id='word_1_56' title='bbox 1002 957 1178 1033; x_wconf 81' lang='lat' dir='ltr'><strong>Quod</strong></span> <span class='ocrx_word' id='word_1_57' title='bbox 1208 955 1613 1019; x_wconf 82' lang='lat' dir='ltr'><strong>ecclesiastica</strong></span> <span class='ocrx_word' id='word_1_58' title='bbox 1637 954 2026 1030; x_wconf 72' lang='lat' dir='ltr'><strong>consuetudo,</strong></span> 
     </span>
    </p>
   </div>
   <div class='ocr_carea' id='block_1_12' title="bbox 385 1044 2032 1128">
    <p class='ocr_par' dir='ltr' id='par_1_12' title="bbox 385 1044 2032 1128">
     <span class='ocr_line' id='line_1_12' title="bbox 385 1044 2032 1128; baseline -0.005 -14"><span class='ocrx_word' id='word_1_59' title='bbox 385 1052 626 1114; x_wconf 69' lang='lat' dir='ltr'><strong>etiamsi</strong></span> <span class='ocrx_word' id='word_1_60' title='bbox 656 1067 775 1110; x_wconf 83' lang='lat' dir='ltr'><strong>non</strong></span> <span class='ocrx_word' id='word_1_61' title='bbox 806 1051 1060 1128; x_wconf 75' lang='lat' dir='ltr'><strong>scriptu,</strong></span> <span class='ocrx_word' id='word_1_62' title='bbox 1086 1049 1287 1110; x_wconf 79' lang='lat' dir='ltr'><strong>instar</strong></span> <span class='ocrx_word' id='word_1_63' title='bbox 1317 1045 1468 1125; x_wconf 74' lang='lat' dir='ltr'><strong>legis</strong></span> <span class='ocrx_word' id='word_1_64' title='bbox 1491 1044 1798 1106; x_wconf 83' lang='lat' dir='ltr'><strong>servanda</strong></span> <span class='ocrx_word' id='word_1_65' title='bbox 1830 1047 1939 1118; x_wconf 77' lang='lat' dir='ltr'><strong>sit;</strong></span> <span class='ocrx_word' id='word_1_66' title='bbox 1973 1049 2032 1106; x_wconf 81' lang='lat' dir='ltr'><strong>et</strong></span> 
     </span>
    </p>
   </div>
   <div class='ocr_carea' id='block_1_13' title="bbox 387 1136 2026 1222">
    <p class='ocr_par' dir='ltr' id='par_1_13' title="bbox 387 1136 2026 1222">
     <span class='ocr_line' id='line_1_13' title="bbox 387 1136 2026 1222; baseline -0.005 -19"><span class='ocrx_word' id='word_1_67' title='bbox 387 1143 554 1222; x_wconf 85' lang='lat' dir='ltr'><strong>quod</strong></span> <span class='ocrx_word' id='word_1_68' title='bbox 585 1141 838 1203; x_wconf 79' lang='lat' dir='ltr'><strong>minime</strong></span> <span class='ocrx_word' id='word_1_69' title='bbox 867 1155 1106 1201; x_wconf 75' lang='lat' dir='ltr'><strong>necesse</strong></span> <span class='ocrx_word' id='word_1_70' title='bbox 1157 1140 1239 1200; x_wconf 81' lang='lat' dir='ltr'><strong>sit</strong></span> <span class='ocrx_word' id='word_1_71' title='bbox 1293 1136 1624 1198; x_wconf 77' lang='lat' dir='ltr'><strong>Mosaicam</strong></span> <span class='ocrx_word' id='word_1_72' title='bbox 1653 1137 1847 1215; x_wconf 85' lang='lat' dir='ltr'><strong>legem</strong></span> <span class='ocrx_word' id='word_1_73' title='bbox 1875 1139 2026 1195; x_wconf 79' lang='lat' dir='ltr'><strong>reli-</strong></span> 
     </span>
    </p>
   </div>
   <div class='ocr_carea' id='block_1_14' title="bbox 385 1247 551 1294">
    <p class='ocr_par' dir='ltr' id='par_1_14' title="bbox 385 1247 551 1294">
     <span class='ocr_line' id='line_1_14' title="bbox 385 1247 551 1294; baseline 0.012 -2"><span class='ocrx_word' id='word_1_74' title='bbox 385 1247 529 1292; x_wconf 80' lang='lat' dir='ltr'><strong>nere</strong></span> <span class='ocrx_word' id='word_1_75' title='bbox 537 1279 551 1294; x_wconf 89' lang='lat'><strong>.</strong></span> 
     </span>
    </p>
   </div>
   <div class='ocr_carea' id='block_1_15' title="bbox 661 1313 1761 1380">
    <p class='ocr_par' dir='ltr' id='par_1_15' title="bbox 661 1313 1761 1380">
     <span class='ocr_line' id='line_1_15' title="bbox 661 1313 1761 1380; baseline -0.004 0"><span class='ocrx_word' id='word_1_76' title='bbox 661 1316 934 1380; x_wconf 76' lang='lat' dir='ltr'><strong>Concilii</strong></span> <span class='ocrx_word' id='word_1_77' title='bbox 961 1314 1319 1378; x_wconf 77' lang='lat' dir='ltr'><strong>cecumenicz’</strong></span> <span class='ocrx_word' id='word_1_78' title='bbox 1347 1330 1404 1374; x_wconf 77' lang='lat' dir='ltr'><strong>vr</strong></span> <span class='ocrx_word' id='word_1_79' title='bbox 1433 1330 1629 1376; x_wconf 82' lang='lat' dir='ltr'><strong>canon</strong></span> <span class='ocrx_word' id='word_1_80' title='bbox 1661 1313 1761 1376; x_wconf 74' lang='lat'><strong>82.</strong></span> 
     </span>
    </p>
   </div>
   <div class='ocr_carea' id='block_1_16' title="bbox 467 1410 2030 1491">
    <p class='ocr_par' dir='ltr' id='par_1_16' title="bbox 467 1410 2030 1491">
     <span class='ocr_line' id='line_1_16' title="bbox 467 1410 2030 1491; baseline -0.005 -11"><span class='ocrx_word' id='word_1_81' title='bbox 467 1415 568 1481; x_wconf 75' lang='lat'><strong>82.</strong></span> <span class='ocrx_word' id='word_1_82' title='bbox 601 1418 667 1480; x_wconf 91' lang='lat' dir='ltr'><strong>In</strong></span> <span class='ocrx_word' id='word_1_83' title='bbox 717 1415 1024 1478; x_wconf 87' lang='lat' dir='ltr'><strong>nonnullis</strong></span> <span class='ocrx_word' id='word_1_84' title='bbox 1085 1412 1516 1476; x_wconf 86' lang='lat' dir='ltr'><strong>venerabilium</strong></span> <span class='ocrx_word' id='word_1_85' title='bbox 1550 1410 1876 1490; x_wconf 85' lang='lat' dir='ltr'><strong>imaginum</strong></span> <span class='ocrx_word' id='word_1_86' title='bbox 1910 1411 2030 1491; x_wconf 80' lang='lat' dir='ltr'><strong>pic-</strong></span> 
     </span>
    </p>
   </div>
   <div class='ocr_carea' id='block_1_17' title="bbox 384 1499 2026 1586">
    <p class='ocr_par' dir='ltr' id='par_1_17' title="bbox 384 1499 2026 1586">
     <span class='ocr_line' id='line_1_17' title="bbox 384 1499 2026 1586; baseline -0.007 -17"><span class='ocrx_word' id='word_1_87' title='bbox 384 1509 561 1582; x_wconf 88' lang='lat' dir='ltr'><strong>turis,</strong></span> <span class='ocrx_word' id='word_1_88' title='bbox 594 1523 781 1584; x_wconf 84' lang='lat' dir='ltr'><strong>agnus</strong></span> <span class='ocrx_word' id='word_1_89' title='bbox 812 1505 914 1586; x_wconf 89' lang='lat' dir='ltr'><strong>qui</strong></span> <span class='ocrx_word' id='word_1_90' title='bbox 950 1504 1134 1584; x_wconf 88' lang='lat' dir='ltr'><strong>digito</strong></span> <span class='ocrx_word' id='word_1_91' title='bbox 1186 1499 1579 1564; x_wconf 67' lang='lat' dir='ltr'><strong>Praecursoris</strong></span> <span class='ocrx_word' id='word_1_92' title='bbox 1631 1507 2026 1573; x_wconf 75' lang='lat' dir='ltr'><strong>monstratur,</strong></span> 
     </span>
    </p>
   </div>
   <div class='ocr_carea' id='block_1_18' title="bbox 383 1592 2028 1674">
    <p class='ocr_par' dir='ltr' id='par_1_18' title="bbox 383 1592 2028 1674">
     <span class='ocr_line' id='line_1_18' title="bbox 383 1592 2028 1674; baseline -0.007 -16"><span class='ocrx_word' id='word_1_93' title='bbox 383 1595 755 1674; x_wconf 81' lang='lat' dir='ltr'><strong>depingitur,</strong></span> <span class='ocrx_word' id='word_1_94' title='bbox 788 1593 888 1674; x_wconf 88' lang='lat' dir='ltr'><strong>qui</strong></span> <span class='ocrx_word' id='word_1_95' title='bbox 922 1592 995 1654; x_wconf 91' lang='lat' dir='ltr'><strong>ad</strong></span> <span class='ocrx_word' id='word_1_96' title='bbox 1029 1597 1232 1671; x_wconf 68' lang='lat' dir='ltr'><strong>gratiae</strong></span> <span class='ocrx_word' id='word_1_97' title='bbox 1263 1592 1510 1669; x_wconf 85' lang='lat' dir='ltr'><strong>ﬁguram</strong></span> <span class='ocrx_word' id='word_1_98' title='bbox 1541 1598 1883 1670; x_wconf 80' lang='lat' dir='ltr'><strong>assumptus</strong></span> <span class='ocrx_word' id='word_1_99' title='bbox 1915 1595 2028 1662; x_wconf 88' lang='lat' dir='ltr'><strong>est,</strong></span> 
     </span>
    </p>
   </div>
   <div class='ocr_carea' id='block_1_19' title="bbox 381 1680 2026 1762">
    <p class='ocr_par' dir='ltr' id='par_1_19' title="bbox 381 1680 2026 1762">
     <span class='ocr_line' id='line_1_19' title="bbox 381 1680 2026 1762; baseline -0.004 -18"><span class='ocrx_word' id='word_1_100' title='bbox 381 1703 589 1746; x_wconf 82' lang='lat' dir='ltr'><strong>verum</strong></span> <span class='ocrx_word' id='word_1_101' title='bbox 622 1683 796 1745; x_wconf 91' lang='lat' dir='ltr'><strong>nobis</strong></span> <span class='ocrx_word' id='word_1_102' title='bbox 848 1700 1069 1760; x_wconf 89' lang='lat' dir='ltr'><strong>agnum</strong></span> <span class='ocrx_word' id='word_1_103' title='bbox 1131 1700 1241 1762; x_wconf 90' lang='lat' dir='ltr'><strong>per</strong></span> <span class='ocrx_word' id='word_1_104' title='bbox 1271 1681 1464 1758; x_wconf 86' lang='lat' dir='ltr'><strong>legem</strong></span> <span class='ocrx_word' id='word_1_105' title='bbox 1497 1680 1801 1740; x_wconf 89' lang='lat' dir='ltr'><strong>Christum</strong></span> <span class='ocrx_word' id='word_1_106' title='bbox 1838 1680 2026 1739; x_wconf 90' lang='lat' dir='ltr'><strong>Deum</strong></span> 
     </span>
    </p>
   </div>
   <div class='ocr_carea' id='block_1_20' title="bbox 2114 507 3756 588">
    <p class='ocr_par' dir='ltr' id='par_1_20' title="bbox 2114 507 3756 588">
     <span class='ocr_line' id='line_1_20' title="bbox 2114 507 3756 588; baseline -0.002 -22"><span class='ocrx_word' id='word_1_107' title='bbox 2114 513 2148 578; x_wconf 79' lang='grc' dir='ltr'><strong>ἡ</strong></span> <span class='ocrx_word' id='word_1_108' title='bbox 2183 509 2230 566; x_wconf 74' lang='grc' dir='ltr'><strong>δ’</strong></span> <span class='ocrx_word' id='word_1_109' title='bbox 2258 507 2494 577; x_wconf 76' lang='grc' dir='ltr'>διάταξις</span> <span class='ocrx_word' id='word_1_110' title='bbox 2526 518 2617 568; x_wconf 86' lang='grc' dir='ltr'>τοῦ</span> <span class='ocrx_word' id='word_1_111' title='bbox 2648 511 2699 566; x_wconf 87' lang='grc' dir='ltr'>α’</span> <span class='ocrx_word' id='word_1_112' title='bbox 2758 507 2937 564; x_wconf 77' lang='grc' dir='ltr'>τίτλου</span> <span class='ocrx_word' id='word_1_113' title='bbox 2969 513 3074 562; x_wconf 83' lang='grc' dir='ltr'>τῶν</span> <span class='ocrx_word' id='word_1_114' title='bbox 3116 514 3359 582; x_wconf 79' lang='grc' dir='ltr'>Νεαρών·</span> <span class='ocrx_word' id='word_1_115' title='bbox 3394 513 3472 574; x_wconf 82' lang='grc' dir='ltr'>πῆ</span> <span class='ocrx_word' id='word_1_116' title='bbox 3505 511 3642 588; x_wconf 75' lang='grc' dir='ltr'>μὰν,</span> <span class='ocrx_word' id='word_1_117' title='bbox 3673 508 3756 566; x_wconf 79' lang='grc' dir='ltr'>ὅτι</span> 
     </span>
    </p>
   </div>
   <div class='ocr_carea' id='block_1_21' title="bbox 2115 594 3755 674">
    <p class='ocr_par' dir='ltr' id='par_1_21' title="bbox 2115 594 3755 674">
     <span class='ocr_line' id='line_1_21' title="bbox 2115 594 3755 674; baseline 0.001 -19"><span class='ocrx_word' id='word_1_118' title='bbox 2115 601 2162 655; x_wconf 75' lang='grc' dir='ltr'>οἱ</span> <span class='ocrx_word' id='word_1_119' title='bbox 2194 600 2410 662; x_wconf 82' lang='grc' dir='ltr'>κανόνες</span> <span class='ocrx_word' id='word_1_120' title='bbox 2443 603 2517 663; x_wconf 85' lang='grc' dir='ltr'>ὡς</span> <span class='ocrx_word' id='word_1_121' title='bbox 2549 600 2702 674; x_wconf 88' lang='grc' dir='ltr'>νόμοι</span> <span class='ocrx_word' id='word_1_122' title='bbox 2732 596 3006 672; x_wconf 73' lang='grc' dir='ltr'>κρατοῦσι,</span> <span class='ocrx_word' id='word_1_123' title='bbox 3042 601 3119 662; x_wconf 76' lang='grc' dir='ltr'>πῆ</span> <span class='ocrx_word' id='word_1_124' title='bbox 3157 594 3235 670; x_wconf 78' lang='grc' dir='ltr'>δὲ,</span> <span class='ocrx_word' id='word_1_125' title='bbox 3271 595 3352 652; x_wconf 82' lang='grc' dir='ltr'><strong>ὅτι</strong></span> <span class='ocrx_word' id='word_1_126' title='bbox 3383 610 3504 661; x_wconf 90' lang='grc' dir='ltr'>τοῖς</span> <span class='ocrx_word' id='word_1_127' title='bbox 3536 601 3755 656; x_wconf 84' lang='grc' dir='ltr'>κανόσιν</span> 
     </span>
    </p>
   </div>
   <div class='ocr_carea' id='block_1_22' title="bbox 2114 682 3754 763">
    <p class='ocr_par' dir='ltr' id='par_1_22' title="bbox 2114 682 3754 763">
     <span class='ocr_line' id='line_1_22' title="bbox 2114 682 3754 763; baseline 0.001 -21"><span class='ocrx_word' id='word_1_128' title='bbox 2114 690 2161 742; x_wconf 80' lang='grc' dir='ltr'><strong>ὁὶ</strong></span> <span class='ocrx_word' id='word_1_129' title='bbox 2205 688 2360 762; x_wconf 89' lang='grc' dir='ltr'>νόμοι</span> <span class='ocrx_word' id='word_1_130' title='bbox 2403 687 2747 746; x_wconf 69' lang='grc' dir='ltr'><strong>ἀκολουθῶσι</strong></span> <span class='ocrx_word' id='word_1_131' title='bbox 2781 707 2796 722; x_wconf 85' lang='lat'><strong><em>°</em></strong></span> <span class='ocrx_word' id='word_1_132' title='bbox 2847 689 2934 741; x_wconf 84' lang='grc' dir='ltr'><strong>καὶ</strong></span> <span class='ocrx_word' id='word_1_133' title='bbox 2963 682 3152 761; x_wconf 83' lang='grc' dir='ltr'>βιϐλίῳ</span> <span class='ocrx_word' id='word_1_134' title='bbox 3181 685 3256 760; x_wconf 85' lang='grc' dir='ltr'><strong>α’,</strong></span> <span class='ocrx_word' id='word_1_135' title='bbox 3304 685 3465 761; x_wconf 82' lang='grc' dir='ltr'>τίτλῳ</span> <span class='ocrx_word' id='word_1_136' title='bbox 3507 687 3585 763; x_wconf 86' lang='grc' dir='ltr'><strong>β’,</strong></span> <span class='ocrx_word' id='word_1_137' title='bbox 3631 685 3754 744; x_wconf 84' lang='grc' dir='ltr'>δια-</span> 
     </span>
    </p>
   </div>
   <div class='ocr_carea' id='block_1_23' title="bbox 2117 773 3755 856">
    <p class='ocr_par' dir='ltr' id='par_1_23' title="bbox 2117 773 3755 856">
     <span class='ocr_line' id='line_1_23' title="bbox 2117 773 3755 856; baseline 0.002 -24"><span class='ocrx_word' id='word_1_138' title='bbox 2117 775 2258 842; x_wconf 78' lang='grc' dir='ltr'>τάξει</span> <span class='ocrx_word' id='word_1_139' title='bbox 2293 773 2366 853; x_wconf 83' lang='grc' dir='ltr'>ιβ’</span> <span class='ocrx_word' id='word_1_140' title='bbox 2392 777 2475 834; x_wconf 79' lang='grc' dir='ltr'><strong>ὅτι</strong></span> <span class='ocrx_word' id='word_1_141' title='bbox 2515 780 2563 833; x_wconf 77' lang='grc' dir='ltr'>οἱ</span> <span class='ocrx_word' id='word_1_142' title='bbox 2613 789 2731 841; x_wconf 89' lang='grc' dir='ltr'>τοῖς</span> <span class='ocrx_word' id='word_1_143' title='bbox 2791 776 3007 831; x_wconf 78' lang='grc' dir='ltr'>κανόσιν</span> <span class='ocrx_word' id='word_1_144' title='bbox 3051 773 3448 850; x_wconf 69' lang='grc' dir='ltr'>ἐναντιούμενοι</span> <span class='ocrx_word' id='word_1_145' title='bbox 3496 799 3755 856; x_wconf 88' lang='grc' dir='ltr'>πραγμα-</span> 
     </span>
    </p>
   </div>
   <div class='ocr_carea' id='block_1_24' title="bbox 2113 863 2673 944">
    <p class='ocr_par' dir='ltr' id='par_1_24' title="bbox 2113 863 2673 944">
     <span class='ocr_line' id='line_1_24' title="bbox 2113 863 2673 944; baseline -0.004 -22"><span class='ocrx_word' id='word_1_146' title='bbox 2113 866 2272 936; x_wconf 85' lang='grc' dir='ltr'>τικοὶ,</span> <span class='ocrx_word' id='word_1_147' title='bbox 2307 863 2489 944; x_wconf 82' lang='grc' dir='ltr'>ἄκυροι</span> <span class='ocrx_word' id='word_1_148' title='bbox 2520 867 2673 928; x_wconf 76' lang='grc' dir='ltr'>εἰσιν,</span> 
     </span>
    </p>
   </div>
   <div class='ocr_carea' id='block_1_25' title="bbox 2198 945 3741 1036">
    <p class='ocr_par' dir='ltr' id='par_1_25' title="bbox 2198 945 3741 1036">
     <span class='ocr_line' id='line_1_25' title="bbox 2198 945 3741 1036; baseline 0.001 -24"><span class='ocrx_word' id='word_1_149' title='bbox 2198 961 2444 1013; x_wconf 73' lang='grc' dir='ltr'><strong>ΚΕΦΑΛ.</strong></span> <span class='ocrx_word' id='word_1_150' title='bbox 2495 945 2576 1014; x_wconf 79' lang='grc' dir='ltr'><strong>Γ’.</strong></span> <span class='ocrx_word' id='word_1_151' title='bbox 2624 987 2703 998; x_wconf 95' lang='lat'>—</span> <span class='ocrx_word' id='word_1_152' title='bbox 2747 953 2868 1031; x_wconf 83' lang='grc' dir='ltr'><strong>Περὲ</strong></span> <span class='ocrx_word' id='word_1_153' title='bbox 2912 959 3006 1009; x_wconf 80' lang='grc' dir='ltr'>τοῦ</span> <span class='ocrx_word' id='word_1_154' title='bbox 3035 951 3387 1026; x_wconf 68' lang='grc' dir='ltr'>φυλάττεσθαι</span> <span class='ocrx_word' id='word_1_155' title='bbox 3420 955 3482 1010; x_wconf 86' lang='grc' dir='ltr'>τὸ</span> <span class='ocrx_word' id='word_1_156' title='bbox 3512 954 3741 1036; x_wconf 77' lang='grc' dir='ltr'>ἄγραφον</span> 
     </span>
    </p>
   </div>
   <div class='ocr_carea' id='block_1_26' title="bbox 2112 1042 3736 1117">
    <p class='ocr_par' dir='ltr' id='par_1_26' title="bbox 2112 1042 3736 1117">
     <span class='ocr_line' id='line_1_26' title="bbox 2112 1042 3736 1117; baseline 0.002 -17"><span class='ocrx_word' id='word_1_157' title='bbox 2112 1043 2558 1111; x_wconf 67' lang='grc' dir='ltr'>ὖκκλησιαστικὸν</span> <span class='ocrx_word' id='word_1_158' title='bbox 2627 1043 2767 1116; x_wconf 82' lang='grc' dir='ltr'>ἔθος,</span> <span class='ocrx_word' id='word_1_159' title='bbox 2839 1045 2910 1108; x_wconf 83' lang='grc' dir='ltr'>ὡς</span> <span class='ocrx_word' id='word_1_160' title='bbox 3003 1042 3212 1117; x_wconf 83' lang='grc' dir='ltr'>νόμον⁰</span> <span class='ocrx_word' id='word_1_161' title='bbox 3289 1043 3379 1099; x_wconf 83' lang='grc' dir='ltr'><strong>καὶ</strong></span> <span class='ocrx_word' id='word_1_162' title='bbox 3473 1042 3554 1100; x_wconf 76' lang='grc' dir='ltr'><strong>ὅτι</strong></span> <span class='ocrx_word' id='word_1_163' title='bbox 3643 1047 3736 1103; x_wconf 70' lang='grc' dir='ltr'><strong>οὒκ</strong></span> 
     </span>
    </p>
   </div>
   <div class='ocr_carea' id='block_1_27' title="bbox 2112 1132 3743 1214">
    <p class='ocr_par' dir='ltr' id='par_1_27' title="bbox 2112 1132 3743 1214">
     <span class='ocr_line' id='line_1_27' title="bbox 2112 1132 3743 1214; baseline 0.001 -24"><span class='ocrx_word' id='word_1_164' title='bbox 2112 1134 2316 1214; x_wconf 80' lang='grc' dir='ltr'>ἔχομεν</span> <span class='ocrx_word' id='word_1_165' title='bbox 2408 1137 2646 1213; x_wconf 82' lang='grc' dir='ltr'>ἀνάγκην</span> <span class='ocrx_word' id='word_1_166' title='bbox 2744 1132 3025 1211; x_wconf 63' lang='grc' dir='ltr'>φιλάττειν</span> <span class='ocrx_word' id='word_1_167' title='bbox 3105 1132 3171 1187; x_wconf 75' lang='grc' dir='ltr'>τὰ</span> <span class='ocrx_word' id='word_1_168' title='bbox 3263 1142 3355 1192; x_wconf 78' lang='grc' dir='ltr'>τοῦ</span> <span class='ocrx_word' id='word_1_169' title='bbox 3454 1139 3743 1192; x_wconf 76' lang='grc' dir='ltr'>Μωσαΐκοῦ</span> 
     </span>
    </p>
   </div>
   <div class='ocr_carea' id='block_1_28' title="bbox 2112 1228 2299 1301">
    <p class='ocr_par' dir='ltr' id='par_1_28' title="bbox 2112 1228 2299 1301">
     <span class='ocr_line' id='line_1_28' title="bbox 2112 1228 2299 1301; baseline 0 -21"><span class='ocrx_word' id='word_1_170' title='bbox 2112 1228 2299 1301; x_wconf 85' lang='grc' dir='ltr'>νόμου,</span> 
     </span>
    </p>
   </div>
   <div class='ocr_carea' id='block_1_29' title="bbox 2381 1311 3480 1389">
    <p class='ocr_par' dir='ltr' id='par_1_29' title="bbox 2381 1311 3480 1389">
     <span class='ocr_line' id='line_1_29' title="bbox 2381 1311 3480 1389; baseline 0 -20"><span class='ocrx_word' id='word_1_171' title='bbox 2381 1311 2609 1372; x_wconf 75' lang='grc' dir='ltr'>Συνόδου</span> <span class='ocrx_word' id='word_1_172' title='bbox 2637 1314 3013 1386; x_wconf 79' lang='grc' dir='ltr'>οἷκουμενικῆς</span> <span class='ocrx_word' id='word_1_173' title='bbox 3045 1311 3124 1385; x_wconf 79' lang='grc' dir='ltr'>ς’</span> <span class='ocrx_word' id='word_1_174' title='bbox 3156 1313 3331 1368; x_wconf 84' lang='grc' dir='ltr'>κανὼν</span> <span class='ocrx_word' id='word_1_175' title='bbox 3362 1312 3480 1389; x_wconf 87' lang='grc' dir='ltr'>πβ’,</span> 
     </span>
    </p>
   </div>
   <div class='ocr_carea' id='block_1_30' title="bbox 2192 1413 3746 1494">
    <p class='ocr_par' dir='ltr' id='par_1_30' title="bbox 2192 1413 3746 1494">
     <span class='ocr_line' id='line_1_30' title="bbox 2192 1413 3746 1494; baseline 0.001 -20"><span class='ocrx_word' id='word_1_176' title='bbox 2192 1416 2308 1494; x_wconf 82' lang='grc' dir='ltr'><strong>πβ’.</strong></span> <span class='ocrx_word' id='word_1_177' title='bbox 2343 1416 2442 1475; x_wconf 62' lang='grc' dir='ltr'>Ἐν</span> <span class='ocrx_word' id='word_1_178' title='bbox 2468 1439 2574 1473; x_wconf 89' lang='grc' dir='ltr'>τισι</span> <span class='ocrx_word' id='word_1_179' title='bbox 2607 1423 2712 1473; x_wconf 79' lang='grc' dir='ltr'>τῶν</span> <span class='ocrx_word' id='word_1_180' title='bbox 2739 1415 2950 1472; x_wconf 82' lang='grc' dir='ltr'>σεπτῶν</span> <span class='ocrx_word' id='word_1_181' title='bbox 2999 1413 3217 1471; x_wconf 75' lang='grc' dir='ltr'>εἰκόνων</span> <span class='ocrx_word' id='word_1_182' title='bbox 3267 1429 3526 1494; x_wconf 70' lang='grc' dir='ltr'>γραφαῖς,</span> <span class='ocrx_word' id='word_1_183' title='bbox 3574 1417 3746 1493; x_wconf 79' lang='grc' dir='ltr'>ἀμνὸς</span> 
     </span>
    </p>
   </div>
   <div class='ocr_carea' id='block_1_31' title="bbox 2111 1502 3744 1584">
    <p class='ocr_par' dir='ltr' id='par_1_31' title="bbox 2111 1502 3744 1584">
     <span class='ocr_line' id='line_1_31' title="bbox 2111 1502 3744 1584; baseline -0.001 -19"><span class='ocrx_word' id='word_1_184' title='bbox 2111 1507 2352 1582; x_wconf 76' lang='grc' dir='ltr'><strong>δακτύλῳ</strong></span> <span class='ocrx_word' id='word_1_185' title='bbox 2410 1517 2502 1566; x_wconf 73' lang='grc' dir='ltr'>τοῦ</span> <span class='ocrx_word' id='word_1_186' title='bbox 2563 1503 2870 1583; x_wconf 85' lang='grc' dir='ltr'>Προδρόμου</span> <span class='ocrx_word' id='word_1_187' title='bbox 2927 1502 3264 1578; x_wconf 79' lang='grc' dir='ltr'>δεικνύμενος</span> <span class='ocrx_word' id='word_1_188' title='bbox 3328 1505 3744 1584; x_wconf 70' lang='grc' dir='ltr'>ἰγχαράττεται,</span> 
     </span>
    </p>
   </div>
   <div class='ocr_carea' id='block_1_32' title="bbox 2111 1593 3744 1673">
    <p class='ocr_par' dir='ltr' id='par_1_32' title="bbox 2111 1593 3744 1673">
     <span class='ocr_line' id='line_1_32' title="bbox 2111 1593 3744 1673; baseline 0 -20"><span class='ocrx_word' id='word_1_189' title='bbox 2111 1596 2170 1660; x_wconf 82' lang='grc' dir='ltr'>ὅς</span> <span class='ocrx_word' id='word_1_190' title='bbox 2215 1598 2288 1659; x_wconf 79' lang='grc' dir='ltr'><strong>εἰς</strong></span> <span class='ocrx_word' id='word_1_191' title='bbox 2320 1596 2486 1652; x_wconf 90' lang='grc' dir='ltr'>τύπον</span> <span class='ocrx_word' id='word_1_192' title='bbox 2533 1593 2846 1673; x_wconf 68' lang='grc' dir='ltr'>παρελήφθη</span> <span class='ocrx_word' id='word_1_193' title='bbox 2893 1598 2994 1660; x_wconf 79' lang='grc' dir='ltr'>τῆς</span> <span class='ocrx_word' id='word_1_194' title='bbox 3038 1594 3288 1673; x_wconf 78' lang='grc' dir='ltr'>χάριτος,</span> <span class='ocrx_word' id='word_1_195' title='bbox 3333 1595 3425 1650; x_wconf 83' lang='grc' dir='ltr'>τὸν</span> <span class='ocrx_word' id='word_1_196' title='bbox 3485 1594 3744 1662; x_wconf 80' lang='grc' dir='ltr'>ἀληθινὸν</span> 
     </span>
    </p>
   </div>
   <div class='ocr_carea' id='block_1_33' title="bbox 2109 1683 3749 1764">
    <p class='ocr_par' dir='ltr' id='par_1_33' title="bbox 2109 1683 3749 1764">
     <span class='ocr_line' id='line_1_33' title="bbox 2109 1683 3749 1764; baseline -0.004 -20"><span class='ocrx_word' id='word_1_197' title='bbox 2109 1690 2248 1762; x_wconf 79' lang='grc' dir='ltr'>ἡμῖν</span> <span class='ocrx_word' id='word_1_198' title='bbox 2291 1684 2376 1742; x_wconf 82' lang='grc' dir='ltr'><strong>δια</strong></span> <span class='ocrx_word' id='word_1_199' title='bbox 2419 1685 2584 1760; x_wconf 85' lang='grc' dir='ltr'>νόμου</span> <span class='ocrx_word' id='word_1_200' title='bbox 2654 1683 3061 1764; x_wconf 69' lang='grc' dir='ltr'>προϋποιραίνων</span> <span class='ocrx_word' id='word_1_201' title='bbox 3130 1684 3324 1763; x_wconf 83' lang='grc' dir='ltr'>ἀμνὸν,</span> <span class='ocrx_word' id='word_1_202' title='bbox 3372 1687 3598 1761; x_wconf 81' lang='grc' dir='ltr'>Χριστὸν</span> <span class='ocrx_word' id='word_1_203' title='bbox 3655 1692 3749 1744; x_wconf 70' lang='grc' dir='ltr'>τὸν</span> 
     </span>
    </p>
   </div>
   <div class='ocr_carea' id='block_1_34' title="bbox 385 1767 2018 1854">
    <p class='ocr_par' dir='ltr' id='par_1_34' title="bbox 385 1767 2018 1854">
     <span class='ocr_line' id='line_1_34' title="bbox 385 1767 2018 1854; baseline -0.006 -18"><span class='ocrx_word' id='word_1_204' title='bbox 385 1782 658 1836; x_wconf 89' lang='lat' dir='ltr'><strong>nostrum</strong></span> <span class='ocrx_word' id='word_1_205' title='bbox 692 1780 1178 1854; x_wconf 66' lang='lat' dir='ltr'><strong>praemonstrans.</strong></span> <span class='ocrx_word' id='word_1_206' title='bbox 1213 1771 1508 1849; x_wconf 77' lang='lat' dir='ltr'><strong>Antiquos</strong></span> <span class='ocrx_word' id='word_1_207' title='bbox 1541 1786 1683 1844; x_wconf 89' lang='lat' dir='ltr'><strong>ergo</strong></span> <span class='ocrx_word' id='word_1_208' title='bbox 1716 1767 1937 1846; x_wconf 85' lang='lat' dir='ltr'><strong>ﬁguras</strong></span> <span class='ocrx_word' id='word_1_209' title='bbox 1966 1774 2018 1827; x_wconf 90' lang='lat' dir='ltr'><strong>et</strong></span> 
     </span>
    </p>
   </div>
   <div class='ocr_carea' id='block_1_35' title="bbox 2109 1767 3746 1854">
    <p class='ocr_par' dir='ltr' id='par_1_35' title="bbox 2113 1771 3746 1847">
     <span class='ocr_line' id='line_1_35' title="bbox 2113 1771 3746 1847; baseline -0.002 -14"><span class='ocrx_word' id='word_1_210' title='bbox 2113 1778 2242 1833; x_wconf 79' lang='grc' dir='ltr'>Θεὸν</span> <span class='ocrx_word' id='word_1_211' title='bbox 2309 1777 2489 1847; x_wconf 79' lang='grc' dir='ltr'>ἡμῶν.</span> <span class='ocrx_word' id='word_1_212' title='bbox 2561 1774 2690 1837; x_wconf 82' lang='grc' dir='ltr'>Τοὺς</span> <span class='ocrx_word' id='word_1_213' title='bbox 2759 1772 2849 1830; x_wconf 81' lang='grc' dir='ltr'>οὖν</span> <span class='ocrx_word' id='word_1_214' title='bbox 2925 1771 3183 1837; x_wconf 81' lang='grc' dir='ltr'>παλαιοὺς</span> <span class='ocrx_word' id='word_1_215' title='bbox 3249 1773 3443 1834; x_wconf 88' lang='grc' dir='ltr'>τύπους</span> <span class='ocrx_word' id='word_1_216' title='bbox 3504 1777 3592 1830; x_wconf 76' lang='grc' dir='ltr'><strong>καὶ</strong></span> <span class='ocrx_word' id='word_1_217' title='bbox 3651 1777 3746 1843; x_wconf 71' lang='grc' dir='ltr'><strong>τάς</strong></span> 
     </span>
    </p>
   </div>
   <div class='ocr_carea' id='block_1_36' title="bbox 385 1855 2024 1938">
    <p class='ocr_par' dir='ltr' id='par_1_36' title="bbox 385 1855 2024 1938">
     <span class='ocr_line' id='line_1_36' title="bbox 385 1855 2024 1938; baseline -0.006 -12"><span class='ocrx_word' id='word_1_218' title='bbox 385 1863 652 1937; x_wconf 83' lang='lat' dir='ltr'><strong>umbras,</strong></span> <span class='ocrx_word' id='word_1_219' title='bbox 682 1871 745 1922; x_wconf 92' lang='lat' dir='ltr'><strong>ut</strong></span> <span class='ocrx_word' id='word_1_220' title='bbox 775 1861 1038 1923; x_wconf 79' lang='lat' dir='ltr'><strong>veritatis</strong></span> <span class='ocrx_word' id='word_1_221' title='bbox 1067 1859 1242 1938; x_wconf 81' lang='lat' dir='ltr'><strong>signa</strong></span> <span class='ocrx_word' id='word_1_222' title='bbox 1290 1866 1352 1918; x_wconf 83' lang='lat' dir='ltr'><strong>et</strong></span> <span class='ocrx_word' id='word_1_223' title='bbox 1385 1859 1773 1919; x_wconf 85' lang='lat' dir='ltr'><strong>characteres</strong></span> <span class='ocrx_word' id='word_1_224' title='bbox 1806 1855 2024 1917; x_wconf 87' lang='lat' dir='ltr'><strong>Eccle-</strong></span> 
     </span>
    </p>
   </div>
   <div class='ocr_carea' id='block_1_37' title="bbox 384 1946 2026 2029">
    <p class='ocr_par' dir='ltr' id='par_1_37' title="bbox 384 1946 2026 2029">
     <span class='ocr_line' id='line_1_37' title="bbox 384 1946 2026 2029; baseline -0.007 -12"><span class='ocrx_word' id='word_1_225' title='bbox 384 1954 491 2017; x_wconf 72' lang='lat' dir='ltr'><strong>siaa</strong></span> <span class='ocrx_word' id='word_1_226' title='bbox 520 1952 794 2026; x_wconf 89' lang='lat' dir='ltr'><strong>traditos,</strong></span> <span class='ocrx_word' id='word_1_227' title='bbox 829 1949 1289 2029; x_wconf 87' lang='lat' dir='ltr'><strong>amplectentes,</strong></span> <span class='ocrx_word' id='word_1_228' title='bbox 1324 1947 1580 2028; x_wconf 86' lang='lat' dir='ltr'><strong>gratiam</strong></span> <span class='ocrx_word' id='word_1_229' title='bbox 1627 1956 1686 2008; x_wconf 90' lang='lat' dir='ltr'><strong>et</strong></span> <span class='ocrx_word' id='word_1_230' title='bbox 1716 1946 2026 2006; x_wconf 73' lang='lat' dir='ltr'><strong>veritatem</strong></span> 
     </span>
    </p>
   </div>
   <div class='ocr_carea' id='block_1_38' title="bbox 382 2034 2028 2126">
    <p class='ocr_par' dir='ltr' id='par_1_38' title="bbox 382 2034 2028 2126">
     <span class='ocr_line' id='line_1_38' title="bbox 382 2034 2028 2126; baseline -0.007 -20"><span class='ocrx_word' id='word_1_231' title='bbox 382 2043 812 2126; x_wconf 71' lang='lat' dir='ltr'><strong>praeponimus,</strong></span> <span class='ocrx_word' id='word_1_232' title='bbox 852 2059 982 2102; x_wconf 90' lang='lat' dir='ltr'><strong>eam</strong></span> <span class='ocrx_word' id='word_1_233' title='bbox 1037 2049 1102 2101; x_wconf 90' lang='lat' dir='ltr'><strong>ut</strong></span> <span class='ocrx_word' id='word_1_234' title='bbox 1152 2039 1302 2118; x_wconf 86' lang='lat' dir='ltr'><strong>legis</strong></span> <span class='ocrx_word' id='word_1_235' title='bbox 1332 2038 1794 2116; x_wconf 88' lang='lat' dir='ltr'><strong>implementum</strong></span> <span class='ocrx_word' id='word_1_236' title='bbox 1827 2034 2028 2096; x_wconf 87' lang='lat' dir='ltr'><strong>susci-</strong></span> 
     </span>
    </p>
   </div>
   <div class='ocr_carea' id='block_1_39' title="bbox 381 2125 2024 2214">
    <p class='ocr_par' dir='ltr' id='par_1_39' title="bbox 381 2125 2024 2214">
     <span class='ocr_line' id='line_1_39' title="bbox 381 2125 2024 2214; baseline -0.006 -20"><span class='ocrx_word' id='word_1_237' title='bbox 381 2125 638 2214; x_wconf 86' lang='lat' dir='ltr'><strong>pientes.</strong></span> <span class='ocrx_word' id='word_1_238' title='bbox 664 2129 740 2193; x_wconf 92' lang='lat' dir='ltr'><strong>Ut</strong></span> <span class='ocrx_word' id='word_1_239' title='bbox 764 2149 904 2209; x_wconf 75' lang='lat' dir='ltr'><strong>ergo</strong></span> <span class='ocrx_word' id='word_1_240' title='bbox 932 2129 1089 2210; x_wconf 89' lang='lat' dir='ltr'><strong>quod</strong></span> <span class='ocrx_word' id='word_1_241' title='bbox 1127 2129 1455 2208; x_wconf 85' lang='lat' dir='ltr'><strong>perfectum</strong></span> <span class='ocrx_word' id='word_1_242' title='bbox 1489 2137 1599 2197; x_wconf 89' lang='lat' dir='ltr'><strong>est,</strong></span> <span class='ocrx_word' id='word_1_243' title='bbox 1632 2131 1718 2188; x_wconf 85' lang='lat' dir='ltr'><strong>vel</strong></span> <span class='ocrx_word' id='word_1_244' title='bbox 1754 2125 2024 2188; x_wconf 90' lang='lat' dir='ltr'><strong>colorum</strong></span> 
     </span>
    </p>
   </div>
   <div class='ocr_carea' id='block_1_40' title="bbox 384 2214 2025 2302">
    <p class='ocr_par' dir='ltr' id='par_1_40' title="bbox 384 2214 2025 2302">
     <span class='ocr_line' id='line_1_40' title="bbox 384 2214 2025 2302; baseline -0.007 -17"><span class='ocrx_word' id='word_1_245' title='bbox 384 2220 877 2302; x_wconf 84' lang='lat' dir='ltr'><strong>expressionibus</strong></span> <span class='ocrx_word' id='word_1_246' title='bbox 935 2219 1204 2280; x_wconf 87' lang='lat' dir='ltr'><strong>omnium</strong></span> <span class='ocrx_word' id='word_1_247' title='bbox 1259 2217 1450 2280; x_wconf 90' lang='lat' dir='ltr'><strong>oculis</strong></span> <span class='ocrx_word' id='word_1_248' title='bbox 1479 2214 1859 2296; x_wconf 85' lang='lat' dir='ltr'><strong>subjiciatur,</strong></span> <span class='ocrx_word' id='word_1_249' title='bbox 1892 2215 2025 2295; x_wconf 88' lang='lat' dir='ltr'><strong>ejus</strong></span> 
     </span>
    </p>
   </div>
   <div class='ocr_carea' id='block_1_41' title="bbox 381 2305 2022 2394">
    <p class='ocr_par' dir='ltr' id='par_1_41' title="bbox 381 2305 2022 2394">
     <span class='ocr_line' id='line_1_41' title="bbox 381 2305 2022 2394; baseline -0.006 -20"><span class='ocrx_word' id='word_1_250' title='bbox 381 2313 486 2394; x_wconf 89' lang='lat' dir='ltr'><strong>qui</strong></span> <span class='ocrx_word' id='word_1_251' title='bbox 518 2311 670 2373; x_wconf 93' lang='lat' dir='ltr'><strong>tollit</strong></span> <span class='ocrx_word' id='word_1_252' title='bbox 700 2318 942 2391; x_wconf 88' lang='lat' dir='ltr'><strong>peccata</strong></span> <span class='ocrx_word' id='word_1_253' title='bbox 1009 2308 1237 2386; x_wconf 89' lang='lat' dir='ltr'><strong>mundi,</strong></span> <span class='ocrx_word' id='word_1_254' title='bbox 1287 2305 1515 2370; x_wconf 86' lang='lat' dir='ltr'><strong>Christi</strong></span> <span class='ocrx_word' id='word_1_255' title='bbox 1548 2305 1655 2367; x_wconf 91' lang='lat' dir='ltr'><strong>Dei</strong></span> <span class='ocrx_word' id='word_1_256' title='bbox 1689 2305 1876 2366; x_wconf 89' lang='lat' dir='ltr'><strong>nostri</strong></span> <span class='ocrx_word' id='word_1_257' title='bbox 1909 2305 2022 2365; x_wconf 82' lang='lat' dir='ltr'><strong>hu-</strong></span> 
     </span>
    </p>
   </div>
   <div class='ocr_carea' id='block_1_42' title="bbox 378 2394 2023 2472">
    <p class='ocr_par' dir='ltr' id='par_1_42' title="bbox 378 2394 2023 2472">
     <span class='ocr_line' id='line_1_42' title="bbox 378 2394 2023 2472; baseline -0.006 -8"><span class='ocrx_word' id='word_1_258' title='bbox 378 2420 553 2464; x_wconf 88' lang='lat' dir='ltr'><strong>mana</strong></span> <span class='ocrx_word' id='word_1_259' title='bbox 611 2401 798 2462; x_wconf 81' lang='lat' dir='ltr'><strong>forma</strong></span> <span class='ocrx_word' id='word_1_260' title='bbox 850 2401 1267 2462; x_wconf 85' lang='lat' dir='ltr'><strong>characterem</strong></span> <span class='ocrx_word' id='word_1_261' title='bbox 1329 2397 1507 2459; x_wconf 89' lang='lat' dir='ltr'><strong>etiam</strong></span> <span class='ocrx_word' id='word_1_262' title='bbox 1563 2397 1622 2456; x_wconf 90' lang='lat' dir='ltr'><strong>in</strong></span> <span class='ocrx_word' id='word_1_263' title='bbox 1661 2394 2023 2472; x_wconf 88' lang='lat' dir='ltr'><strong>imaginibus</strong></span> 
     </span>
    </p>
   </div>
   <div class='ocr_carea' id='block_1_43' title="bbox 379 2483 2019 2569">
    <p class='ocr_par' dir='ltr' id='par_1_43' title="bbox 379 2483 2019 2569">
     <span class='ocr_line' id='line_1_43' title="bbox 379 2483 2019 2569; baseline -0.005 -16"><span class='ocrx_word' id='word_1_264' title='bbox 379 2491 667 2569; x_wconf 85' lang='lat' dir='ltr'><strong>deinceps</strong></span> <span class='ocrx_word' id='word_1_265' title='bbox 699 2508 805 2569; x_wconf 92' lang='lat' dir='ltr'><strong>pro</strong></span> <span class='ocrx_word' id='word_1_266' title='bbox 837 2488 1021 2549; x_wconf 84' lang='lat' dir='ltr'><strong>veteri</strong></span> <span class='ocrx_word' id='word_1_267' title='bbox 1077 2507 1227 2566; x_wconf 90' lang='lat' dir='ltr'><strong>agno</strong></span> <span class='ocrx_word' id='word_1_268' title='bbox 1263 2486 1412 2566; x_wconf 88' lang='lat' dir='ltr'><strong>erigi</strong></span> <span class='ocrx_word' id='word_1_269' title='bbox 1466 2504 1534 2548; x_wconf 90' lang='lat' dir='ltr'><strong>ac</strong></span> <span class='ocrx_word' id='word_1_270' title='bbox 1568 2485 1804 2563; x_wconf 88' lang='lat' dir='ltr'><strong>depingi</strong></span> <span class='ocrx_word' id='word_1_271' title='bbox 1833 2483 2019 2563; x_wconf 90' lang='lat' dir='ltr'><strong>jube-</strong></span> 
     </span>
    </p>
   </div>
   <div class='ocr_carea' id='block_1_44' title="bbox 382 2571 2019 2657">
    <p class='ocr_par' dir='ltr' id='par_1_44' title="bbox 382 2571 2019 2657">
     <span class='ocr_line' id='line_1_44' title="bbox 382 2571 2019 2657; baseline -0.005 -16"><span class='ocrx_word' id='word_1_272' title='bbox 382 2598 516 2641; x_wconf 90' lang='lat' dir='ltr'><strong>mus</strong></span> <span class='ocrx_word' id='word_1_273' title='bbox 549 2596 563 2641; x_wconf 91' lang='lat'>:</span> <span class='ocrx_word' id='word_1_274' title='bbox 599 2587 664 2639; x_wconf 94' lang='lat' dir='ltr'><strong>ut</strong></span> <span class='ocrx_word' id='word_1_275' title='bbox 695 2596 800 2657; x_wconf 91' lang='lat' dir='ltr'><strong>per</strong></span> <span class='ocrx_word' id='word_1_276' title='bbox 831 2577 1036 2656; x_wconf 90' lang='lat' dir='ltr'><strong>ipsum</strong></span> <span class='ocrx_word' id='word_1_277' title='bbox 1075 2577 1182 2639; x_wconf 87' lang='lat' dir='ltr'><strong>Dei</strong></span> <span class='ocrx_word' id='word_1_278' title='bbox 1214 2577 1398 2637; x_wconf 89' lang='lat' dir='ltr'><strong>Verbi</strong></span> <span class='ocrx_word' id='word_1_279' title='bbox 1431 2574 1867 2636; x_wconf 88' lang='lat' dir='ltr'><strong>humiliationis</strong></span> <span class='ocrx_word' id='word_1_280' title='bbox 1893 2571 2019 2634; x_wconf 89' lang='lat' dir='ltr'><strong>cel-</strong></span> 
     </span>
    </p>
   </div>
   <div class='ocr_carea' id='block_1_45' title="bbox 375 2664 2020 2744">
    <p class='ocr_par' dir='ltr' id='par_1_45' title="bbox 375 2664 2020 2744">
     <span class='ocr_line' id='line_1_45' title="bbox 375 2664 2020 2744; baseline -0.006 -14"><span class='ocrx_word' id='word_1_281' title='bbox 375 2668 700 2730; x_wconf 85' lang='lat' dir='ltr'><strong>situdinem</strong></span> <span class='ocrx_word' id='word_1_282' title='bbox 751 2680 954 2728; x_wconf 85' lang='lat' dir='ltr'><strong>mente</strong></span> <span class='ocrx_word' id='word_1_283' title='bbox 1014 2665 1631 2744; x_wconf 89' lang='lat' dir='ltr'><strong>comprehendentes,</strong></span> <span class='ocrx_word' id='word_1_284' title='bbox 1667 2664 1738 2725; x_wconf 89' lang='lat' dir='ltr'><strong>ad</strong></span> <span class='ocrx_word' id='word_1_285' title='bbox 1795 2679 2020 2724; x_wconf 83' lang='lat' dir='ltr'><strong>memo-</strong></span> 
     </span>
    </p>
   </div>
   <div class='ocr_carea' id='block_1_46' title="bbox 377 2751 2016 2837">
    <p class='ocr_par' dir='ltr' id='par_1_46' title="bbox 377 2751 2016 2837">
     <span class='ocr_line' id='line_1_46' title="bbox 377 2751 2016 2837; baseline -0.005 -17"><span class='ocrx_word' id='word_1_286' title='bbox 377 2765 526 2820; x_wconf 85' lang='lat' dir='ltr'><strong>riam</strong></span> <span class='ocrx_word' id='word_1_287' title='bbox 559 2775 798 2837; x_wconf 91' lang='lat' dir='ltr'><strong>quoque</strong></span> <span class='ocrx_word' id='word_1_288' title='bbox 831 2754 964 2834; x_wconf 88' lang='lat' dir='ltr'><strong>ejus</strong></span> <span class='ocrx_word' id='word_1_289' title='bbox 1005 2754 1063 2816; x_wconf 91' lang='lat' dir='ltr'><strong>in</strong></span> <span class='ocrx_word' id='word_1_290' title='bbox 1096 2772 1280 2814; x_wconf 88' lang='lat' dir='ltr'><strong>carne</strong></span> <span class='ocrx_word' id='word_1_291' title='bbox 1311 2751 1811 2825; x_wconf 87' lang='lat' dir='ltr'><strong>conversationis,</strong></span> <span class='ocrx_word' id='word_1_292' title='bbox 1848 2753 2016 2831; x_wconf 89' lang='lat' dir='ltr'><strong>ejus-</strong></span> 
     </span>
    </p>
   </div>
   <div class='ocr_carea' id='block_1_47' title="bbox 378 2842 2014 2930">
    <p class='ocr_par' dir='ltr' id='par_1_47' title="bbox 378 2842 2014 2930">
     <span class='ocr_line' id='line_1_47' title="bbox 378 2842 2014 2930; baseline -0.005 -20"><span class='ocrx_word' id='word_1_293' title='bbox 378 2867 494 2930; x_wconf 79' lang='lat' dir='ltr'><strong>que</strong></span> <span class='ocrx_word' id='word_1_294' title='bbox 553 2852 845 2926; x_wconf 85' lang='lat' dir='ltr'><strong>passionis</strong></span> <span class='ocrx_word' id='word_1_295' title='bbox 903 2855 962 2906; x_wconf 90' lang='lat' dir='ltr'><strong>et</strong></span> <span class='ocrx_word' id='word_1_296' title='bbox 1021 2843 1299 2904; x_wconf 90' lang='lat' dir='ltr'><strong>salutaris</strong></span> <span class='ocrx_word' id='word_1_297' title='bbox 1361 2842 1569 2903; x_wconf 78' lang='lat' dir='ltr'><strong>mortis</strong></span> <span class='ocrx_word' id='word_1_298' title='bbox 1621 2842 2014 2922; x_wconf 84' lang='lat' dir='ltr'><strong>deducamur,</strong></span> 
     </span>
    </p>
   </div>
   <div class='ocr_carea' id='block_1_48' title="bbox 377 2931 2020 3019">
    <p class='ocr_par' dir='ltr' id='par_1_48' title="bbox 377 2931 2020 3019">
     <span class='ocr_line' id='line_1_48' title="bbox 377 2931 2020 3019; baseline -0.005 -19"><span class='ocrx_word' id='word_1_299' title='bbox 377 2939 628 3019; x_wconf 89' lang='lat' dir='ltr'><strong>ejusque</strong></span> <span class='ocrx_word' id='word_1_300' title='bbox 653 2955 786 3014; x_wconf 68' lang='lat' dir='ltr'><strong>quae</strong></span> <span class='ocrx_word' id='word_1_301' title='bbox 835 2953 904 2996; x_wconf 82' lang='lat' dir='ltr'><strong>ex</strong></span> <span class='ocrx_word' id='word_1_302' title='bbox 955 2952 1027 2995; x_wconf 90' lang='lat' dir='ltr'><strong>eo</strong></span> <span class='ocrx_word' id='word_1_303' title='bbox 1081 2933 1234 2994; x_wconf 85' lang='lat' dir='ltr'><strong>facta</strong></span> <span class='ocrx_word' id='word_1_304' title='bbox 1267 2943 1358 2995; x_wconf 91' lang='lat' dir='ltr'><strong>est</strong></span> <span class='ocrx_word' id='word_1_305' title='bbox 1393 2931 1620 2993; x_wconf 87' lang='lat' dir='ltr'><strong>mundo</strong></span> <span class='ocrx_word' id='word_1_306' title='bbox 1651 2931 2020 3012; x_wconf 83' lang='lat' dir='ltr'><strong>redemptio-</strong></span> 
     </span>
    </p>
   </div>
   <div class='ocr_carea' id='block_1_49' title="bbox 2112 1861 3741 1944">
    <p class='ocr_par' dir='ltr' id='par_1_49' title="bbox 2112 1861 3741 1944">
     <span class='ocr_line' id='line_1_49' title="bbox 2112 1861 3741 1944; baseline -0.006 -23"><span class='ocrx_word' id='word_1_307' title='bbox 2112 1867 2289 1937; x_wconf 81' lang='grc' dir='ltr'>σκιὰς,</span> <span class='ocrx_word' id='word_1_308' title='bbox 2333 1864 2405 1926; x_wconf 80' lang='grc' dir='ltr'>ὠς</span> <span class='ocrx_word' id='word_1_309' title='bbox 2474 1869 2574 1930; x_wconf 79' lang='grc' dir='ltr'>τῆς</span> <span class='ocrx_word' id='word_1_310' title='bbox 2646 1863 2894 1930; x_wconf 79' lang='grc' dir='ltr'><strong>ἀληθείας</strong></span> <span class='ocrx_word' id='word_1_311' title='bbox 2951 1861 3191 1933; x_wconf 79' lang='grc' dir='ltr'>σύμϐολά</span> <span class='ocrx_word' id='word_1_312' title='bbox 3247 1883 3304 1918; x_wconf 90' lang='grc' dir='ltr'><strong>τε</strong></span> <span class='ocrx_word' id='word_1_313' title='bbox 3375 1865 3462 1919; x_wconf 85' lang='grc' dir='ltr'><strong>καὶ</strong></span> <span class='ocrx_word' id='word_1_314' title='bbox 3521 1887 3741 1944; x_wconf 71' lang='grc' dir='ltr'>προχα..</span> 
     </span>
    </p>
   </div>
   <div class='ocr_carea' id='block_1_50' title="bbox 2111 1948 3738 2032">
    <p class='ocr_par' dir='ltr' id='par_1_50' title="bbox 2111 1948 3738 2032">
     <span class='ocr_line' id='line_1_50' title="bbox 2111 1948 3738 2032; baseline -0.006 -19"><span class='ocrx_word' id='word_1_315' title='bbox 2111 1955 2358 2032; x_wconf 80' lang='grc' dir='ltr'>ράγματα</span> <span class='ocrx_word' id='word_1_316' title='bbox 2402 1959 2467 2029; x_wconf 77' lang='grc' dir='ltr'>τῇ</span> <span class='ocrx_word' id='word_1_317' title='bbox 2525 1950 2819 2024; x_wconf 71' lang='grc' dir='ltr'>Ἐκκλησία</span> <span class='ocrx_word' id='word_1_318' title='bbox 2885 1948 3342 2029; x_wconf 80' lang='grc' dir='ltr'>παραδεδομένους</span> <span class='ocrx_word' id='word_1_319' title='bbox 3396 1957 3738 2026; x_wconf 76' lang='grc' dir='ltr'>κατασπαζό-</span> 
     </span>
    </p>
   </div>
   <div class='ocr_carea' id='block_1_51' title="bbox 2112 2039 3736 2121">
    <p class='ocr_par' dir='ltr' id='par_1_51' title="bbox 2112 2039 3736 2121">
     <span class='ocr_line' id='line_1_51' title="bbox 2112 2039 3736 2121; baseline -0.001 -22"><span class='ocrx_word' id='word_1_320' title='bbox 2112 2065 2286 2119; x_wconf 90' lang='grc' dir='ltr'>μενοι,</span> <span class='ocrx_word' id='word_1_321' title='bbox 2351 2043 2447 2109; x_wconf 74' lang='grc' dir='ltr'>τὴν</span> <span class='ocrx_word' id='word_1_322' title='bbox 2504 2042 2664 2121; x_wconf 82' lang='grc' dir='ltr'>χάριν</span> <span class='ocrx_word' id='word_1_323' title='bbox 2706 2041 3052 2119; x_wconf 77' lang='grc' dir='ltr'>προτιμοῦμεν</span> <span class='ocrx_word' id='word_1_324' title='bbox 3083 2040 3170 2096; x_wconf 83' lang='grc' dir='ltr'><strong>καὶ</strong></span> <span class='ocrx_word' id='word_1_325' title='bbox 3199 2041 3298 2107; x_wconf 78' lang='grc' dir='ltr'><strong>τὴν</strong></span> <span class='ocrx_word' id='word_1_326' title='bbox 3342 2039 3620 2118; x_wconf 73' lang='grc' dir='ltr'>ἀληθειαν,</span> <span class='ocrx_word' id='word_1_327' title='bbox 3665 2044 3736 2108; x_wconf 84' lang='grc' dir='ltr'>ὠς</span> 
     </span>
    </p>
   </div>
   <div class='ocr_carea' id='block_1_52' title="bbox 2110 2120 3738 2209">
    <p class='ocr_par' dir='ltr' id='par_1_52' title="bbox 2110 2120 3738 2209">
     <span class='ocr_line' id='line_1_52' title="bbox 2110 2120 3738 2209; baseline 0.016 -35"><span class='ocrx_word' id='word_1_328' title='bbox 2110 2130 2380 2209; x_wconf 58' lang='grc' dir='ltr'>πλήρωμα</span> <span class='ocrx_word' id='word_1_329' title='bbox 2423 2120 2586 2202; x_wconf 81' lang='grc' dir='ltr'>νόμου</span> <span class='ocrx_word' id='word_1_330' title='bbox 2650 2131 2849 2196; x_wconf 74' lang='grc' dir='ltr'>ταύτην</span> <span class='ocrx_word' id='word_1_331' title='bbox 2907 2127 3310 2203; x_wconf 71' lang='grc' dir='ltr'>ὑποδεξαμένοι.</span> <span class='ocrx_word' id='word_1_332' title='bbox 3360 2120 3453 2192; x_wconf 69' lang='grc' dir='ltr'><strong>Ὠς</strong></span> <span class='ocrx_word' id='word_1_333' title='bbox 3529 2131 3592 2186; x_wconf 77' lang='grc' dir='ltr'><strong>ἃν</strong></span> <span class='ocrx_word' id='word_1_334' title='bbox 3650 2133 3738 2190; x_wconf 74' lang='grc' dir='ltr'>υῦν</span> 
     </span>
    </p>
   </div>
   <div class='ocr_carea' id='block_1_53' title="bbox 2108 2217 3739 2298">
    <p class='ocr_par' dir='ltr' id='par_1_53' title="bbox 2108 2217 3739 2298">
     <span class='ocr_line' id='line_1_53' title="bbox 2108 2217 3739 2298; baseline 0 -21"><span class='ocrx_word' id='word_1_335' title='bbox 2108 2220 2310 2278; x_wconf 78' lang='grc' dir='ltr'>τέλειον</span> <span class='ocrx_word' id='word_1_336' title='bbox 2353 2220 2450 2276; x_wconf 80' lang='grc' dir='ltr'><strong>κάν</strong></span> <span class='ocrx_word' id='word_1_337' title='bbox 2510 2232 2634 2284; x_wconf 86' lang='grc' dir='ltr'>ταῖς</span> <span class='ocrx_word' id='word_1_338' title='bbox 2693 2217 3159 2298; x_wconf 79' lang='grc' dir='ltr'>χρωματουργίαις</span> <span class='ocrx_word' id='word_1_339' title='bbox 3219 2220 3276 2273; x_wconf 64' lang='grc' dir='ltr'>ἓν</span> <span class='ocrx_word' id='word_1_340' title='bbox 3319 2232 3445 2283; x_wconf 85' lang='grc' dir='ltr'>ταῖς</span> <span class='ocrx_word' id='word_1_341' title='bbox 3489 2221 3739 2277; x_wconf 81' lang='grc' dir='ltr'>ἁπάντων</span> 
     </span>
    </p>
   </div>
   <div class='ocr_carea' id='block_1_54' title="bbox 2104 2307 3743 2390">
    <p class='ocr_par' dir='ltr' id='par_1_54' title="bbox 2104 2307 3743 2390">
     <span class='ocr_line' id='line_1_54' title="bbox 2104 2307 3743 2390; baseline 0 -23"><span class='ocrx_word' id='word_1_342' title='bbox 2104 2311 2288 2386; x_wconf 74' lang='grc' dir='ltr'>ὄψεσιν</span> <span class='ocrx_word' id='word_1_343' title='bbox 2331 2309 2726 2387; x_wconf 63' lang='grc' dir='ltr'>ὕπογράῳηται,</span> <span class='ocrx_word' id='word_1_344' title='bbox 2760 2309 2852 2363; x_wconf 73' lang='grc' dir='ltr'><strong>τὸν</strong></span> <span class='ocrx_word' id='word_1_345' title='bbox 2893 2307 2987 2363; x_wconf 73' lang='grc' dir='ltr'>τοῦ</span> <span class='ocrx_word' id='word_1_346' title='bbox 3030 2307 3274 2384; x_wconf 78' lang='grc' dir='ltr'>αἲροντος</span> <span class='ocrx_word' id='word_1_347' title='bbox 3324 2307 3425 2375; x_wconf 76' lang='grc' dir='ltr'>τὴν</span> <span class='ocrx_word' id='word_1_348' title='bbox 3479 2309 3743 2390; x_wconf 79' lang='grc' dir='ltr'>ἁμαρτίαν</span> 
     </span>
    </p>
   </div>
   <div class='ocr_carea' id='block_1_55' title="bbox 2105 2398 3747 2475">
    <p class='ocr_par' dir='ltr' id='par_1_55' title="bbox 2105 2398 3747 2475">
     <span class='ocr_line' id='line_1_55' title="bbox 2105 2398 3747 2475; baseline 0 -18"><span class='ocrx_word' id='word_1_349' title='bbox 2105 2410 2200 2460; x_wconf 78' lang='grc' dir='ltr'>τοῦ</span> <span class='ocrx_word' id='word_1_350' title='bbox 2229 2403 2433 2474; x_wconf 76' lang='grc' dir='ltr'>κόσμου</span> <span class='ocrx_word' id='word_1_351' title='bbox 2481 2399 2650 2474; x_wconf 80' lang='grc' dir='ltr'>ἀμνοῦ</span> <span class='ocrx_word' id='word_1_352' title='bbox 2696 2402 2926 2475; x_wconf 82' lang='grc' dir='ltr'>Χριστοῦ</span> <span class='ocrx_word' id='word_1_353' title='bbox 2983 2403 3114 2454; x_wconf 82' lang='grc' dir='ltr'>Θεοῦ</span> <span class='ocrx_word' id='word_1_354' title='bbox 3167 2398 3321 2469; x_wconf 75' lang='grc' dir='ltr'>ἡμῶν</span> <span class='ocrx_word' id='word_1_355' title='bbox 3353 2399 3490 2454; x_wconf 78' lang='grc' dir='ltr'>κατὰ</span> <span class='ocrx_word' id='word_1_356' title='bbox 3518 2401 3614 2456; x_wconf 80' lang='grc' dir='ltr'><strong>τὸν</strong></span> <span class='ocrx_word' id='word_1_357' title='bbox 3652 2401 3747 2457; x_wconf 79' lang='grc' dir='ltr'>ἀν-</span> 
     </span>
    </p>
   </div>
   <div class='ocr_carea' id='block_1_56' title="bbox 2104 2483 3742 2568">
    <p class='ocr_par' dir='ltr' id='par_1_56' title="bbox 2104 2483 3742 2568">
     <span class='ocr_line' id='line_1_56' title="bbox 2104 2483 3742 2568; baseline 0.003 -22"><span class='ocrx_word' id='word_1_358' title='bbox 2104 2492 2367 2568; x_wconf 85' lang='grc' dir='ltr'>θρώπινον</span> <span class='ocrx_word' id='word_1_359' title='bbox 2437 2487 2779 2568; x_wconf 73' lang='grc' dir='ltr'>χαρακτῆρα,</span> <span class='ocrx_word' id='word_1_360' title='bbox 2828 2486 2914 2541; x_wconf 81' lang='grc' dir='ltr'><strong>καὶ</strong></span> <span class='ocrx_word' id='word_1_361' title='bbox 2958 2483 3012 2539; x_wconf 78' lang='grc' dir='ltr'>ἐν</span> <span class='ocrx_word' id='word_1_362' title='bbox 3065 2499 3186 2550; x_wconf 88' lang='grc' dir='ltr'>ταῖς</span> <span class='ocrx_word' id='word_1_363' title='bbox 3245 2487 3443 2543; x_wconf 80' lang='grc' dir='ltr'>εἰκόσιν</span> <span class='ocrx_word' id='word_1_364' title='bbox 3501 2489 3606 2546; x_wconf 78' lang='grc' dir='ltr'><strong>ἀπὸ</strong></span> <span class='ocrx_word' id='word_1_365' title='bbox 3649 2502 3742 2551; x_wconf 83' lang='grc' dir='ltr'>τοῦ</span> 
     </span>
    </p>
   </div>
   <div class='ocr_carea' id='block_1_57' title="bbox 2103 2573 3730 2654">
    <p class='ocr_par' dir='ltr' id='par_1_57' title="bbox 2103 2573 3730 2654">
     <span class='ocr_line' id='line_1_57' title="bbox 2103 2573 3730 2654; baseline 0.009 -23"><span class='ocrx_word' id='word_1_366' title='bbox 2103 2581 2190 2633; x_wconf 80' lang='grc' dir='ltr'>νῦν</span> <span class='ocrx_word' id='word_1_367' title='bbox 2229 2578 2343 2632; x_wconf 88' lang='grc' dir='ltr'>ἀντὶ</span> <span class='ocrx_word' id='word_1_368' title='bbox 2399 2584 2490 2632; x_wconf 74' lang='grc' dir='ltr'>τοῦ</span> <span class='ocrx_word' id='word_1_369' title='bbox 2533 2575 2763 2631; x_wconf 80' lang='grc' dir='ltr'>παλαιοῦ</span> <span class='ocrx_word' id='word_1_370' title='bbox 2817 2574 3007 2651; x_wconf 76' lang='grc' dir='ltr'>ἀμνοῦ,</span> <span class='ocrx_word' id='word_1_371' title='bbox 3071 2573 3494 2640; x_wconf 71' lang='grc' dir='ltr'>ἀναστηλοῦσθκι</span> <span class='ocrx_word' id='word_1_372' title='bbox 3556 2581 3730 2654; x_wconf 72' lang='grc' dir='ltr'>δρίζυο</span> 
     </span>
    </p>
   </div>
   <div class='ocr_carea' id='block_1_58' title="bbox 2101 2663 3738 2743">
    <p class='ocr_par' dir='ltr' id='par_1_58' title="bbox 2101 2663 3738 2743">
     <span class='ocr_line' id='line_1_58' title="bbox 2101 2663 3738 2743; baseline 0 -21"><span class='ocrx_word' id='word_1_373' title='bbox 2101 2689 2198 2743; x_wconf 90' lang='grc' dir='ltr'><strong>μεν</strong></span> <span class='ocrx_word' id='word_1_374' title='bbox 2232 2685 2246 2698; x_wconf 75' lang='grc' dir='ltr'><strong>ο</strong></span> <span class='ocrx_word' id='word_1_375' title='bbox 2294 2665 2361 2722; x_wconf 85' lang='grc' dir='ltr'>δι’</span> <span class='ocrx_word' id='word_1_376' title='bbox 2404 2671 2561 2724; x_wconf 66' lang='grc' dir='ltr'>αὺτοῦ</span> <span class='ocrx_word' id='word_1_377' title='bbox 2603 2667 2664 2720; x_wconf 80' lang='grc' dir='ltr'>τὸ</span> <span class='ocrx_word' id='word_1_378' title='bbox 2706 2669 2804 2728; x_wconf 74' lang='grc' dir='ltr'>τῆς</span> <span class='ocrx_word' id='word_1_379' title='bbox 2863 2663 3237 2728; x_wconf 74' lang='grc' dir='ltr'>ταπεινώσεως</span> <span class='ocrx_word' id='word_1_380' title='bbox 3293 2663 3426 2740; x_wconf 68' lang='grc' dir='ltr'>ὕψος</span> <span class='ocrx_word' id='word_1_381' title='bbox 3479 2675 3572 2724; x_wconf 79' lang='grc' dir='ltr'>τοῦ</span> <span class='ocrx_word' id='word_1_382' title='bbox 3604 2676 3738 2727; x_wconf 81' lang='grc' dir='ltr'>Θεοῦ</span> 
     </span>
    </p>
   </div>
   <div class='ocr_carea' id='block_1_59' title="bbox 2104 2753 3739 2835">
    <p class='ocr_par' dir='ltr' id='par_1_59' title="bbox 2104 2753 3739 2835">
     <span class='ocr_line' id='line_1_59' title="bbox 2104 2753 3739 2835; baseline -0.001 -21"><span class='ocrx_word' id='word_1_383' title='bbox 2104 2758 2273 2835; x_wconf 84' lang='grc' dir='ltr'>Λόγου</span> <span class='ocrx_word' id='word_1_384' title='bbox 2316 2755 2717 2834; x_wconf 73' lang='grc' dir='ltr'>κατανοοῦντες,</span> <span class='ocrx_word' id='word_1_385' title='bbox 2751 2754 2838 2810; x_wconf 88' lang='grc' dir='ltr'><strong>καὶ</strong></span> <span class='ocrx_word' id='word_1_386' title='bbox 2895 2753 3024 2832; x_wconf 75' lang='grc' dir='ltr'>πρὸς</span> <span class='ocrx_word' id='word_1_387' title='bbox 3077 2754 3299 2826; x_wconf 78' lang='grc' dir='ltr'>μνήμην</span> <span class='ocrx_word' id='word_1_388' title='bbox 3355 2760 3452 2821; x_wconf 77' lang='grc' dir='ltr'>τῆς</span> <span class='ocrx_word' id='word_1_389' title='bbox 3485 2756 3739 2826; x_wconf 81' lang='grc' dir='ltr'>ἐνσάρκου</span> 
     </span>
    </p>
   </div>
   <div class='ocr_carea' id='block_1_60' title="bbox 2106 2843 3736 2926">
    <p class='ocr_par' dir='ltr' id='par_1_60' title="bbox 2106 2843 3736 2926">
     <span class='ocr_line' id='line_1_60' title="bbox 2106 2843 3736 2926; baseline 0 -24"><span class='ocrx_word' id='word_1_390' title='bbox 2106 2845 2401 2918; x_wconf 76' lang='grc' dir='ltr'>πολιτείας,</span> <span class='ocrx_word' id='word_1_391' title='bbox 2450 2851 2540 2901; x_wconf 82' lang='grc' dir='ltr'>τοῦ</span> <span class='ocrx_word' id='word_1_392' title='bbox 2609 2865 2666 2900; x_wconf 88' lang='grc' dir='ltr'><strong>τε</strong></span> <span class='ocrx_word' id='word_1_393' title='bbox 2737 2844 2932 2906; x_wconf 83' lang='grc' dir='ltr'>πάθους</span> <span class='ocrx_word' id='word_1_394' title='bbox 3007 2843 3166 2898; x_wconf 54' lang='lat' dir='ltr'><strong>auter;</strong></span> <span class='ocrx_word' id='word_1_395' title='bbox 3211 2843 3297 2899; x_wconf 68' lang='grc' dir='ltr'>τοῦ</span> <span class='ocrx_word' id='word_1_396' title='bbox 3339 2849 3429 2900; x_wconf 81' lang='grc' dir='ltr'><strong>καὶ</strong></span> <span class='ocrx_word' id='word_1_397' title='bbox 3473 2851 3736 2926; x_wconf 70' lang='grc' dir='ltr'>σωτηρίου</span> 
     </span>
    </p>
   </div>
   <div class='ocr_carea' id='block_1_61' title="bbox 2100 2931 3733 3015">
    <p class='ocr_par' dir='ltr' id='par_1_61' title="bbox 2100 2931 3733 3015">
     <span class='ocr_line' id='line_1_61' title="bbox 2100 2931 3733 3015; baseline 0.001 -22"><span class='ocrx_word' id='word_1_398' title='bbox 2100 2937 2323 2993; x_wconf 80' lang='grc' dir='ltr'>θανάτου</span> <span class='ocrx_word' id='word_1_399' title='bbox 2387 2933 2908 3014; x_wconf 78' lang='grc' dir='ltr'>χειραγωγούμενοι,</span> <span class='ocrx_word' id='word_1_400' title='bbox 2969 2934 3058 2989; x_wconf 76' lang='grc' dir='ltr'><strong>καὶ</strong></span> <span class='ocrx_word' id='word_1_401' title='bbox 3117 2931 3212 3000; x_wconf 74' lang='grc' dir='ltr'>τῆς</span> <span class='ocrx_word' id='word_1_402' title='bbox 3283 2935 3519 2992; x_wconf 72' lang='grc' dir='ltr'>ξντεὺθεν</span> <span class='ocrx_word' id='word_1_403' title='bbox 3575 2959 3733 3015; x_wconf 84' lang='grc' dir='ltr'>γενο-</span> 
     </span>
    </p>
   </div>
   <div class='ocr_carea' id='block_1_62' title="bbox 2100 3021 3069 3101">
    <p class='ocr_par' dir='ltr' id='par_1_62' title="bbox 2100 3021 3069 3101">
     <span class='ocr_line' id='line_1_62' title="bbox 2100 3021 3069 3101; baseline -0.004 -20"><span class='ocrx_word' id='word_1_404' title='bbox 2100 3025 2269 3100; x_wconf 81' lang='grc' dir='ltr'>μένης</span> <span class='ocrx_word' id='word_1_405' title='bbox 2299 3032 2376 3098; x_wconf 84' lang='grc' dir='ltr'>τῷ</span> <span class='ocrx_word' id='word_1_406' title='bbox 2401 3024 2590 3099; x_wconf 90' lang='grc' dir='ltr'>κόσμῳ</span> <span class='ocrx_word' id='word_1_407' title='bbox 2618 3021 3069 3101; x_wconf 87' lang='grc' dir='ltr'>ἀπολυτρώσεως,</span> 
     </span>
    </p>
   </div>
   <div class='ocr_carea' id='block_1_63' title="bbox 375 3119 2018 3207">
    <p class='ocr_par' dir='ltr' id='par_1_63' title="bbox 375 3119 2015 3207">
     <span class='ocr_line' id='line_1_63' title="bbox 375 3119 2015 3207; baseline -0.005 -16"><span class='ocrx_word' id='word_1_408' title='bbox 375 3127 598 3190; x_wconf 79' lang='lat' dir='ltr'><strong>Sancti</strong></span> <span class='ocrx_word' id='word_1_409' title='bbox 626 3123 849 3187; x_wconf 77' lang='lat' dir='ltr'><strong>Basilii</strong></span> <span class='ocrx_word' id='word_1_410' title='bbox 901 3123 982 3186; x_wconf 84' lang='lat' dir='ltr'><strong>ad</strong></span> <span class='ocrx_word' id='word_1_411' title='bbox 1041 3119 1773 3207; x_wconf 46' lang='lat' dir='ltr'><strong>Diodorumjarsrnsem</strong></span> <span class='ocrx_word' id='word_1_412' title='bbox 1806 3119 2015 3207; x_wconf 68' lang='lat' dir='ltr'><strong>dehis</strong></span> 
     </span>
    </p>
   </div>
   <div class='ocr_carea' id='block_1_64' title="bbox 2109 3119 3728 3207">
    <p class='ocr_par' dir='ltr' id='par_1_64' title="bbox 2109 3121 3728 3207">
     <span class='ocr_line' id='line_1_64' title="bbox 2109 3121 3728 3207; baseline 0 -23"><span class='ocrx_word' id='word_1_413' title='bbox 2109 3131 2201 3187; x_wconf 76' lang='lat'><strong>1‘05</strong></span> <span class='ocrx_word' id='word_1_414' title='bbox 2268 3127 2416 3206; x_wconf 81' lang='grc' dir='ltr'>ἁγίου</span> <span class='ocrx_word' id='word_1_415' title='bbox 2489 3123 2796 3207; x_wconf 24' lang='grc' dir='ltr'>Βασιλείου-</span> <span class='ocrx_word' id='word_1_416' title='bbox 2835 3125 2963 3207; x_wconf 82' lang='grc' dir='ltr'>πρὸς</span> <span class='ocrx_word' id='word_1_417' title='bbox 3043 3121 3308 3207; x_wconf 65' lang='grc' dir='ltr'>Διόδωρον</span> <span class='ocrx_word' id='word_1_418' title='bbox 3387 3127 3476 3181; x_wconf 79' lang='grc' dir='ltr'><strong>τὸν</strong></span> <span class='ocrx_word' id='word_1_419' title='bbox 3517 3130 3728 3207; x_wconf 23' lang='grc' dir='ltr'>,Ταρσοῦ</span> 
     </span>
    </p>
   </div>
   <div class='ocr_carea' id='block_1_65' title="bbox 451 3200 2014 3286">
    <p class='ocr_par' dir='ltr' id='par_1_65' title="bbox 451 3200 2014 3286">
     <span class='ocr_line' id='line_1_65' title="bbox 451 3200 2014 3286; baseline -0.004 -18"><span class='ocrx_word' id='word_1_420' title='bbox 451 3213 557 3286; x_wconf 75' lang='lat' dir='ltr'><strong>qui</strong></span> <span class='ocrx_word' id='word_1_421' title='bbox 584 3207 738 3267; x_wconf 81' lang='lat' dir='ltr'><strong>duas</strong></span> <span class='ocrx_word' id='word_1_422' title='bbox 766 3221 1002 3286; x_wconf 78' lang='lat' dir='ltr'><strong>sorores</strong></span> <span class='ocrx_word' id='word_1_423' title='bbox 1032 3203 1288 3286; x_wconf 75' lang='lat' dir='ltr'><strong>ducunt,</strong></span> <span class='ocrx_word' id='word_1_424' title='bbox 1314 3200 1406 3286; x_wconf 74' lang='lat' dir='ltr'><strong>vel</strong></span> <span class='ocrx_word' id='word_1_425' title='bbox 1436 3201 1506 3262; x_wconf 81' lang='lat' dir='ltr'><strong>de</strong></span> <span class='ocrx_word' id='word_1_426' title='bbox 1537 3201 1662 3263; x_wconf 76' lang='lat' dir='ltr'><strong>illis</strong></span> <span class='ocrx_word' id='word_1_427' title='bbox 1691 3218 1826 3280; x_wconf 56' lang='lat' dir='ltr'><strong>qua</strong></span> <span class='ocrx_word' id='word_1_428' title='bbox 1856 3201 2014 3264; x_wconf 85' lang='lat' dir='ltr'><strong>duo-</strong></span> 
     </span>
    </p>
   </div>
   <div class='ocr_carea' id='block_1_66' title="bbox 448 3283 1701 3364">
    <p class='ocr_par' dir='ltr' id='par_1_66' title="bbox 448 3283 1701 3364">
     <span class='ocr_line' id='line_1_66' title="bbox 448 3283 1701 3364; baseline -0.005 -16"><span class='ocrx_word' id='word_1_429' title='bbox 448 3283 556 3348; x_wconf 71' lang='lat' dir='ltr'><strong>bus</strong></span> <span class='ocrx_word' id='word_1_430' title='bbox 584 3285 881 3364; x_wconf 82' lang='lat' dir='ltr'><strong>fratribus</strong></span> <span class='ocrx_word' id='word_1_431' title='bbox 912 3284 1304 3345; x_wconf 79' lang='lat' dir='ltr'><strong>matrimonio</strong></span> <span class='ocrx_word' id='word_1_432' title='bbox 1323 3283 1701 3361; x_wconf 82' lang='lat' dir='ltr'><strong>junguntur.</strong></span> 
     </span>
    </p>
   </div>
   <div class='ocr_carea' id='block_1_67' title="bbox 407 3385 2012 3466">
    <p class='ocr_par' dir='ltr' id='par_1_67' title="bbox 407 3385 2012 3466">
     <span class='ocr_line' id='line_1_67' title="bbox 407 3385 2012 3466; baseline -0.003 -14"><span class='ocrx_word' id='word_1_433' title='bbox 407 3387 904 3452; x_wconf 89' lang='lat' dir='ltr'><strong>Veneruntnobis</strong></span> <span class='ocrx_word' id='word_1_434' title='bbox 921 3387 1134 3448; x_wconf 61' lang='lat' dir='ltr'><strong>litterae</strong></span> <span class='ocrx_word' id='word_1_435' title='bbox 1152 3386 1400 3448; x_wconf 91' lang='lat' dir='ltr'><strong>nomine</strong></span> <span class='ocrx_word' id='word_1_436' title='bbox 1419 3385 1666 3448; x_wconf 87' lang='lat' dir='ltr'><strong>Diodori</strong></span> <span class='ocrx_word' id='word_1_437' title='bbox 1683 3385 2012 3466; x_wconf 62' lang='lat' dir='ltr'><strong>inscriptas,</strong></span> 
     </span>
    </p>
   </div>
   <div class='ocr_carea' id='block_1_68' title="bbox 369 3475 2015 3559">
    <p class='ocr_par' dir='ltr' id='par_1_68' title="bbox 369 3475 2015 3559">
     <span class='ocr_line' id='line_1_68' title="bbox 369 3475 2015 3559; baseline -0.001 -19"><span class='ocrx_word' id='word_1_438' title='bbox 369 3493 430 3541; x_wconf 88' lang='lat' dir='ltr'><strong>at</strong></span> <span class='ocrx_word' id='word_1_439' title='bbox 451 3485 511 3540; x_wconf 94' lang='lat' dir='ltr'><strong>in</strong></span> <span class='ocrx_word' id='word_1_440' title='bbox 534 3477 785 3559; x_wconf 87' lang='lat' dir='ltr'><strong>reliquis</strong></span> <span class='ocrx_word' id='word_1_441' title='bbox 810 3476 1076 3557; x_wconf 83' lang='lat' dir='ltr'><strong>quemvis</strong></span> <span class='ocrx_word' id='word_1_442' title='bbox 1100 3475 1282 3538; x_wconf 89' lang='lat' dir='ltr'><strong>alium</strong></span> <span class='ocrx_word' id='word_1_443' title='bbox 1302 3476 1498 3555; x_wconf 91' lang='lat' dir='ltr'><strong>potius</strong></span> <span class='ocrx_word' id='word_1_444' title='bbox 1523 3475 1813 3538; x_wconf 87' lang='lat' dir='ltr'><strong>decentes</strong></span> <span class='ocrx_word' id='word_1_445' title='bbox 1833 3494 2015 3554; x_wconf 90' lang='lat' dir='ltr'><strong>quam</strong></span> 
     </span>
    </p>
   </div>
   <div class='ocr_carea' id='block_1_69' title="bbox 368 3565 2014 3644">
    <p class='ocr_par' dir='ltr' id='par_1_69' title="bbox 368 3565 2014 3644">
     <span class='ocr_line' id='line_1_69' title="bbox 368 3565 2014 3644; baseline -0.003 -12"><span class='ocrx_word' id='word_1_446' title='bbox 368 3565 982 3632; x_wconf 88' lang='lat' dir='ltr'><strong>Diodorum.Videtur</strong></span> <span class='ocrx_word' id='word_1_447' title='bbox 998 3566 1158 3628; x_wconf 91' lang='lat' dir='ltr'><strong>enim</strong></span> <span class='ocrx_word' id='word_1_448' title='bbox 1185 3573 1419 3627; x_wconf 89' lang='lat' dir='ltr'><strong>astutus</strong></span> <span class='ocrx_word' id='word_1_449' title='bbox 1450 3565 1668 3644; x_wconf 89' lang='lat' dir='ltr'><strong>aliquis</strong></span> <span class='ocrx_word' id='word_1_450' title='bbox 1696 3583 2014 3644; x_wconf 88' lang='lat' dir='ltr'><strong>personam</strong></span> 
     </span>
    </p>
   </div>
   <div class='ocr_carea' id='block_1_70' title="bbox 371 3654 2014 3731">
    <p class='ocr_par' dir='ltr' id='par_1_70' title="bbox 371 3654 2014 3731">
     <span class='ocr_line' id='line_1_70' title="bbox 371 3654 2014 3731; baseline -0.002 -11"><span class='ocrx_word' id='word_1_451' title='bbox 371 3671 530 3721; x_wconf 89' lang='lat' dir='ltr'><strong>tuam</strong></span> <span class='ocrx_word' id='word_1_452' title='bbox 563 3660 651 3718; x_wconf 72' lang='grc'><strong>1⁵5</strong></span> <span class='ocrx_word' id='word_1_453' title='bbox 681 3656 960 3731; x_wconf 91' lang='lat' dir='ltr'><strong>induens,</strong></span> <span class='ocrx_word' id='word_1_454' title='bbox 994 3655 1083 3718; x_wconf 84' lang='lat' dir='ltr'><strong>sic</strong></span> <span class='ocrx_word' id='word_1_455' title='bbox 1113 3654 1231 3716; x_wconf 90' lang='lat' dir='ltr'><strong>sibi</strong></span> <span class='ocrx_word' id='word_1_456' title='bbox 1278 3655 1539 3716; x_wconf 84' lang='lat' dir='ltr'><strong>voluisse</strong></span> <span class='ocrx_word' id='word_1_457' title='bbox 1595 3657 2014 3717; x_wconf 87' lang='lat' dir='ltr'><strong>auctoritatem</strong></span> 
     </span>
    </p>
   </div>
   <div class='ocr_carea' id='block_1_71' title="bbox 367 3743 2014 3829">
    <p class='ocr_par' dir='ltr' id='par_1_71' title="bbox 367 3743 2014 3829">
     <span class='ocr_line' id='line_1_71' title="bbox 367 3743 2014 3829; baseline -0.002 -20"><span class='ocrx_word' id='word_1_458' title='bbox 367 3748 523 3829; x_wconf 89' lang='lat' dir='ltr'><strong>apud</strong></span> <span class='ocrx_word' id='word_1_459' title='bbox 541 3746 851 3808; x_wconf 85' lang='lat' dir='ltr'><strong>auditores</strong></span> <span class='ocrx_word' id='word_1_460' title='bbox 877 3763 1260 3824; x_wconf 85' lang='lat' dir='ltr'><strong>comparare.</strong></span> <span class='ocrx_word' id='word_1_461' title='bbox 1289 3743 1402 3817; x_wconf 89' lang='lat' dir='ltr'><strong>Qui</strong></span> <span class='ocrx_word' id='word_1_462' title='bbox 1447 3745 1692 3825; x_wconf 85' lang='lat' dir='ltr'><strong>quidem</strong></span> <span class='ocrx_word' id='word_1_463' title='bbox 1717 3745 1790 3806; x_wconf 87' lang='lat' dir='ltr'><strong>ab</strong></span> <span class='ocrx_word' id='word_1_464' title='bbox 1815 3745 2014 3824; x_wconf 87' lang='lat' dir='ltr'><strong>aliquo</strong></span> 
     </span>
    </p>
   </div>
   <div class='ocr_carea' id='block_1_72' title="bbox 366 3834 2014 3916">
    <p class='ocr_par' dir='ltr' id='par_1_72' title="bbox 366 3834 2014 3916">
     <span class='ocr_line' id='line_1_72' title="bbox 366 3834 2014 3916; baseline -0.003 -17"><span class='ocrx_word' id='word_1_465' title='bbox 366 3835 874 3916; x_wconf 82' lang='lat' dir='ltr'><strong>interrogatus,an</strong></span> <span class='ocrx_word' id='word_1_466' title='bbox 899 3834 1009 3896; x_wconf 91' lang='lat' dir='ltr'><strong>sibi</strong></span> <span class='ocrx_word' id='word_1_467' title='bbox 1029 3836 1242 3896; x_wconf 88' lang='lat' dir='ltr'><strong>liceret</strong></span> <span class='ocrx_word' id='word_1_468' title='bbox 1264 3843 1512 3895; x_wconf 58' lang='lat' dir='ltr'><strong>mortua;</strong></span> <span class='ocrx_word' id='word_1_469' title='bbox 1528 3837 1731 3895; x_wconf 83' lang='lat' dir='ltr'><strong>uxoris</strong></span> <span class='ocrx_word' id='word_1_470' title='bbox 1744 3851 2014 3895; x_wconf 89' lang='lat' dir='ltr'><strong>sororem</strong></span> 
     </span>
    </p>
   </div>
   <div class='ocr_carea' id='block_1_73' title="bbox 362 3925 2020 4003">
    <p class='ocr_par' dir='ltr' id='par_1_73' title="bbox 362 3925 2020 4003">
     <span class='ocr_line' id='line_1_73' title="bbox 362 3925 2020 4003; baseline -0.002 -16"><span class='ocrx_word' id='word_1_471' title='bbox 362 3925 425 3987; x_wconf 91' lang='lat' dir='ltr'><strong>in</strong></span> <span class='ocrx_word' id='word_1_472' title='bbox 450 3925 910 3988; x_wconf 85' lang='lat' dir='ltr'><strong>matrimonium</strong></span> <span class='ocrx_word' id='word_1_473' title='bbox 935 3925 1743 4001; x_wconf 87' lang='lat' dir='ltr'><strong>ducere,interrogationem</strong></span> <span class='ocrx_word' id='word_1_474' title='bbox 1770 3943 1888 3984; x_wconf 92' lang='lat' dir='ltr'><strong>non</strong></span> <span class='ocrx_word' id='word_1_475' title='bbox 1913 3941 2020 4003; x_wconf 89' lang='lat' dir='ltr'><strong>per</strong></span> 
     </span>
    </p>
   </div>
   <div class='ocr_carea' id='block_1_74' title="bbox 365 4011 2018 4095">
    <p class='ocr_par' dir='ltr' id='par_1_74' title="bbox 365 4011 2018 4095">
     <span class='ocr_line' id='line_1_74' title="bbox 365 4011 2018 4095; baseline -0.004 -18"><span class='ocrx_word' id='word_1_476' title='bbox 365 4014 746 4095; x_wconf 89' lang='lat' dir='ltr'><strong>horruit,sed</strong></span> <span class='ocrx_word' id='word_1_477' title='bbox 765 4013 1014 4094; x_wconf 89' lang='lat' dir='ltr'><strong>placide</strong></span> <span class='ocrx_word' id='word_1_478' title='bbox 1039 4014 1217 4075; x_wconf 90' lang='lat' dir='ltr'><strong>etiam</strong></span> <span class='ocrx_word' id='word_1_479' title='bbox 1247 4013 1582 4084; x_wconf 84' lang='lat' dir='ltr'><strong>audivit,ac</strong></span> <span class='ocrx_word' id='word_1_480' title='bbox 1609 4013 1889 4075; x_wconf 66' lang='lat' dir='ltr'><strong>lascisam</strong></span> <span class='ocrx_word' id='word_1_481' title='bbox 1914 4011 2018 4073; x_wconf 91' lang='lat' dir='ltr'><strong>libi</strong></span> 
     </span>
    </p>
   </div>
   <div class='ocr_carea' id='block_1_75' title="bbox 371 4100 2018 4183">
    <p class='ocr_par' dir='ltr' id='par_1_75' title="bbox 371 4100 2018 4183">
     <span class='ocr_line' id='line_1_75' title="bbox 371 4100 2018 4183; baseline -0.003 -16"><span class='ocrx_word' id='word_1_482' title='bbox 371 4104 578 4168; x_wconf 86' lang='lat' dir='ltr'><strong>dinem</strong></span> <span class='ocrx_word' id='word_1_483' title='bbox 608 4105 846 4166; x_wconf 81' lang='lat' dir='ltr'><strong>fortiter</strong></span> <span class='ocrx_word' id='word_1_484' title='bbox 871 4121 1118 4183; x_wconf 89' lang='lat' dir='ltr'><strong>prorsus</strong></span> <span class='ocrx_word' id='word_1_485' title='bbox 1147 4111 1202 4164; x_wconf 91' lang='lat' dir='ltr'><strong>et</strong></span> <span class='ocrx_word' id='word_1_486' title='bbox 1227 4101 1572 4182; x_wconf 70' lang='lat' dir='ltr'><strong>pugnaciter</strong></span> <span class='ocrx_word' id='word_1_487' title='bbox 1595 4100 2018 4181; x_wconf 85' lang='lat' dir='ltr'><strong>adjuvit.Quod</strong></span> 
     </span>
    </p>
   </div>
   <div class='ocr_carea' id='block_1_76' title="bbox 369 4190 2017 4271">
    <p class='ocr_par' dir='ltr' id='par_1_76' title="bbox 369 4190 2017 4271">
     <span class='ocr_line' id='line_1_76' title="bbox 369 4190 2017 4271; baseline -0.001 -17"><span class='ocrx_word' id='word_1_488' title='bbox 369 4195 417 4254; x_wconf 90' lang='lat' dir='ltr'><strong>si</strong></span> <span class='ocrx_word' id='word_1_489' title='bbox 455 4193 735 4255; x_wconf 89' lang='lat' dir='ltr'><strong>adessent</strong></span> <span class='ocrx_word' id='word_1_490' title='bbox 783 4192 1022 4270; x_wconf 64' lang='lat' dir='ltr'><strong>litterae,</strong></span> <span class='ocrx_word' id='word_1_491' title='bbox 1059 4210 1161 4253; x_wconf 89' lang='lat' dir='ltr'><strong>eas</strong></span> <span class='ocrx_word' id='word_1_492' title='bbox 1213 4192 1284 4252; x_wconf 90' lang='lat' dir='ltr'><strong>ad</strong></span> <span class='ocrx_word' id='word_1_493' title='bbox 1319 4201 1373 4252; x_wconf 91' lang='lat' dir='ltr'><strong>te</strong></span> <span class='ocrx_word' id='word_1_494' title='bbox 1403 4190 1726 4262; x_wconf 82' lang='lat' dir='ltr'><strong>misissem,</strong></span> <span class='ocrx_word' id='word_1_495' title='bbox 1758 4191 2017 4271; x_wconf 88' lang='lat' dir='ltr'><strong>satisque</strong></span> 
     </span>
    </p>
   </div>
   <div class='ocr_carea' id='block_1_77' title="bbox 369 4280 2013 4344">
    <p class='ocr_par' dir='ltr' id='par_1_77' title="bbox 369 4280 2013 4344">
     <span class='ocr_line' id='line_1_77' title="bbox 369 4280 2013 4344; baseline -0.001 0"><span class='ocrx_word' id='word_1_496' title='bbox 369 4281 624 4344; x_wconf 87' lang='lat' dir='ltr'><strong>haberes</strong></span> <span class='ocrx_word' id='word_1_497' title='bbox 645 4280 947 4343; x_wconf 82' lang='lat' dir='ltr'><strong>facultatis</strong></span> <span class='ocrx_word' id='word_1_498' title='bbox 969 4291 1028 4342; x_wconf 90' lang='lat' dir='ltr'><strong>et</strong></span> <span class='ocrx_word' id='word_1_499' title='bbox 1052 4282 1125 4342; x_wconf 90' lang='lat' dir='ltr'><strong>ad</strong></span> <span class='ocrx_word' id='word_1_500' title='bbox 1148 4290 1305 4342; x_wconf 91' lang='lat' dir='ltr'><strong>tuam</strong></span> <span class='ocrx_word' id='word_1_501' title='bbox 1328 4281 1472 4342; x_wconf 88' lang='lat' dir='ltr'><strong>etad</strong></span> <span class='ocrx_word' id='word_1_502' title='bbox 1509 4281 1770 4342; x_wconf 82' lang='lat' dir='ltr'><strong>veritatis</strong></span> <span class='ocrx_word' id='word_1_503' title='bbox 1800 4280 2013 4342; x_wconf 84' lang='lat' dir='ltr'><strong>defen-</strong></span> 
     </span>
    </p>
   </div>
   <div class='ocr_carea' id='block_1_78' title="bbox 366 4369 2013 4450">
    <p class='ocr_par' dir='ltr' id='par_1_78' title="bbox 366 4369 2013 4450">
     <span class='ocr_line' id='line_1_78' title="bbox 366 4369 2013 4450; baseline -0.002 -15"><span class='ocrx_word' id='word_1_504' title='bbox 366 4373 624 4435; x_wconf 84' lang='lat' dir='ltr'><strong>sionem.</strong></span> <span class='ocrx_word' id='word_1_505' title='bbox 644 4369 762 4433; x_wconf 90' lang='lat' dir='ltr'><strong>Sed</strong></span> <span class='ocrx_word' id='word_1_506' title='bbox 795 4369 935 4450; x_wconf 89' lang='lat' dir='ltr'><strong>quia</strong></span> <span class='ocrx_word' id='word_1_507' title='bbox 964 4370 1066 4450; x_wconf 80' lang='lat' dir='ltr'><strong>qui</strong></span> <span class='ocrx_word' id='word_1_508' title='bbox 1099 4370 1232 4432; x_wconf 89' lang='lat' dir='ltr'><strong>illas</strong></span> <span class='ocrx_word' id='word_1_509' title='bbox 1261 4370 1849 4444; x_wconf 88' lang='lat' dir='ltr'><strong>ostenderat,rursus</strong></span> <span class='ocrx_word' id='word_1_510' title='bbox 1871 4369 2013 4432; x_wconf 90' lang='lat' dir='ltr'><strong>abs-</strong></span> 
     </span>
    </p>
   </div>
   <div class='ocr_carea' id='block_1_79' title="bbox 365 4459 2007 4542">
    <p class='ocr_par' dir='ltr' id='par_1_79' title="bbox 365 4459 2007 4542">
     <span class='ocr_line' id='line_1_79' title="bbox 365 4459 2007 4542; baseline 0.001 -19"><span class='ocrx_word' id='word_1_511' title='bbox 365 4461 520 4534; x_wconf 89' lang='lat' dir='ltr'><strong>tulit,</strong></span> <span class='ocrx_word' id='word_1_512' title='bbox 553 4468 611 4522; x_wconf 91' lang='lat' dir='ltr'><strong>et</strong></span> <span class='ocrx_word' id='word_1_513' title='bbox 641 4469 850 4522; x_wconf 90' lang='lat' dir='ltr'><strong>contra</strong></span> <span class='ocrx_word' id='word_1_514' title='bbox 882 4459 1130 4537; x_wconf 90' lang='lat' dir='ltr'><strong>nos,qui</strong></span> <span class='ocrx_word' id='word_1_515' title='bbox 1163 4460 1222 4521; x_wconf 92' lang='lat' dir='ltr'><strong>id</strong></span> <span class='ocrx_word' id='word_1_516' title='bbox 1246 4459 1323 4522; x_wconf 89' lang='lat' dir='ltr'><strong>ab</strong></span> <span class='ocrx_word' id='word_1_517' title='bbox 1355 4459 1525 4521; x_wconf 91' lang='lat' dir='ltr'><strong>initio</strong></span> <span class='ocrx_word' id='word_1_518' title='bbox 1560 4459 2007 4542; x_wconf 83' lang='lat' dir='ltr'><strong>prohibuimus,</strong></span> 
     </span>
    </p>
   </div>
   <div class='ocr_carea' id='block_1_80' title="bbox 364 4549 2011 4632">
    <p class='ocr_par' dir='ltr' id='par_1_80' title="bbox 364 4549 2011 4632">
     <span class='ocr_line' id='line_1_80' title="bbox 364 4549 2011 4632; baseline 0.002 -21"><span class='ocrx_word' id='word_1_519' title='bbox 364 4551 456 4613; x_wconf 85' lang='lat' dir='ltr'><strong>vel</strong></span> <span class='ocrx_word' id='word_1_520' title='bbox 489 4563 778 4632; x_wconf 64' lang='lat' dir='ltr'><strong>tropaum</strong></span> <span class='ocrx_word' id='word_1_521' title='bbox 813 4549 1114 4631; x_wconf 88' lang='lat' dir='ltr'><strong>quoddam</strong></span> <span class='ocrx_word' id='word_1_522' title='bbox 1168 4549 1562 4626; x_wconf 89' lang='lat' dir='ltr'><strong>circumtulit,</strong></span> <span class='ocrx_word' id='word_1_523' title='bbox 1598 4550 1905 4614; x_wconf 89' lang='lat' dir='ltr'><strong>licentiam</strong></span> <span class='ocrx_word' id='word_1_524' title='bbox 1943 4571 2011 4614; x_wconf 81' lang='lat' dir='ltr'><strong>se</strong></span> 
     </span>
    </p>
   </div>
   <div class='ocr_carea' id='block_1_81' title="bbox 365 4639 2010 4721">
    <p class='ocr_par' dir='ltr' id='par_1_81' title="bbox 365 4639 2010 4721">
     <span class='ocr_line' id='line_1_81' title="bbox 365 4639 2010 4721; baseline 0.001 -18"><span class='ocrx_word' id='word_1_525' title='bbox 365 4640 590 4703; x_wconf 87' lang='lat' dir='ltr'><strong>habere</strong></span> <span class='ocrx_word' id='word_1_526' title='bbox 621 4639 901 4703; x_wconf 87' lang='lat' dir='ltr'><strong>dictitans</strong></span> <span class='ocrx_word' id='word_1_527' title='bbox 953 4639 1181 4720; x_wconf 91' lang='lat' dir='ltr'><strong>scripto</strong></span> <span class='ocrx_word' id='word_1_528' title='bbox 1235 4639 1574 4702; x_wconf 87' lang='lat' dir='ltr'><strong>mandatam</strong></span> <span class='ocrx_word' id='word_1_529' title='bbox 1605 4661 1621 4721; x_wconf 85' lang='lat'><strong>;</strong></span> <span class='ocrx_word' id='word_1_530' title='bbox 1655 4660 1814 4702; x_wconf 90' lang='lat' dir='ltr'><strong>nunc</strong></span> <span class='ocrx_word' id='word_1_531' title='bbox 1845 4641 1917 4702; x_wconf 88' lang='lat' dir='ltr'><strong>ad</strong></span> <span class='ocrx_word' id='word_1_532' title='bbox 1954 4651 2010 4704; x_wconf 89' lang='lat' dir='ltr'><strong>te</strong></span> 
     </span>
    </p>
   </div>
   <div class='ocr_carea' id='block_1_82' title="bbox 362 4729 2005 4812">
    <p class='ocr_par' dir='ltr' id='par_1_82' title="bbox 362 4729 2005 4812">
     <span class='ocr_line' id='line_1_82' title="bbox 362 4729 2005 4812; baseline 0.001 -19"><span class='ocrx_word' id='word_1_533' title='bbox 362 4730 608 4811; x_wconf 88' lang='lat' dir='ltr'><strong>scripsi,</strong></span> <span class='ocrx_word' id='word_1_534' title='bbox 633 4739 696 4792; x_wconf 92' lang='lat' dir='ltr'><strong>ut</strong></span> <span class='ocrx_word' id='word_1_535' title='bbox 726 4730 955 4812; x_wconf 87' lang='lat' dir='ltr'><strong>duplici</strong></span> <span class='ocrx_word' id='word_1_536' title='bbox 990 4747 1169 4791; x_wconf 84' lang='lat' dir='ltr'><strong>manu</strong></span> <span class='ocrx_word' id='word_1_537' title='bbox 1203 4729 1470 4811; x_wconf 91' lang='lat' dir='ltr'><strong>spuriam</strong></span> <span class='ocrx_word' id='word_1_538' title='bbox 1496 4730 1656 4792; x_wconf 88' lang='lat' dir='ltr'><strong>illam</strong></span> <span class='ocrx_word' id='word_1_539' title='bbox 1691 4730 2005 4810; x_wconf 89' lang='lat' dir='ltr'><strong>epistolam</strong></span> 
     </span>
    </p>
   </div>
   <div class='ocr_carea' id='block_1_83' title="bbox 361 4819 2005 4904">
    <p class='ocr_par' dir='ltr' id='par_1_83' title="bbox 361 4819 2005 4904">
     <span class='ocr_line' id='line_1_83' title="bbox 361 4819 2005 4904; baseline -0.001 -20"><span class='ocrx_word' id='word_1_540' title='bbox 361 4839 778 4904; x_wconf 82' lang='lat' dir='ltr'><strong>oppugnemus</strong></span> <span class='ocrx_word' id='word_1_541' title='bbox 809 4839 960 4897; x_wconf 80' lang='lat' dir='ltr'><strong>;nec</strong></span> <span class='ocrx_word' id='word_1_542' title='bbox 981 4820 1314 4900; x_wconf 81' lang='lat' dir='ltr'><strong>quidquam</strong></span> <span class='ocrx_word' id='word_1_543' title='bbox 1340 4827 1392 4881; x_wconf 88' lang='lat' dir='ltr'><strong>ei</strong></span> <span class='ocrx_word' id='word_1_544' title='bbox 1423 4819 1659 4881; x_wconf 88' lang='lat' dir='ltr'><strong>roboris</strong></span> <span class='ocrx_word' id='word_1_545' title='bbox 1693 4820 2005 4903; x_wconf 83' lang='lat' dir='ltr'><strong>relinqua-</strong></span> 
     </span>
    </p>
   </div>
   <div class='ocr_carea' id='block_1_84' title="bbox 366 4909 2006 4992">
    <p class='ocr_par' dir='ltr' id='par_1_84' title="bbox 366 4909 2006 4992">
     <span class='ocr_line' id='line_1_84' title="bbox 366 4909 2006 4992; baseline 0.001 -20"><span class='ocrx_word' id='word_1_546' title='bbox 366 4930 524 4992; x_wconf 86' lang='lat' dir='ltr'><strong>mus,</strong></span> <span class='ocrx_word' id='word_1_547' title='bbox 561 4930 636 4974; x_wconf 91' lang='lat' dir='ltr'><strong>ne</strong></span> <span class='ocrx_word' id='word_1_548' title='bbox 672 4911 846 4974; x_wconf 80' lang='lat' dir='ltr'><strong>facile</strong></span> <span class='ocrx_word' id='word_1_549' title='bbox 880 4911 1065 4992; x_wconf 89' lang='lat' dir='ltr'><strong>possit</strong></span> <span class='ocrx_word' id='word_1_550' title='bbox 1097 4909 1442 4990; x_wconf 87' lang='lat' dir='ltr'><strong>legentibus</strong></span> <span class='ocrx_word' id='word_1_551' title='bbox 1473 4928 1716 4973; x_wconf 85' lang='lat' dir='ltr'><strong>nocere.</strong></span> <span class='ocrx_word' id='word_1_552' title='bbox 1746 4911 2006 4973; x_wconf 87' lang='lat' dir='ltr'><strong>Primum</strong></span> 
     </span>
    </p>
   </div>
   <div class='ocr_carea' id='block_1_85' title="bbox 355 4996 2002 5081">
    <p class='ocr_par' dir='ltr' id='par_1_85' title="bbox 355 4996 2002 5081">
     <span class='ocr_line' id='line_1_85' title="bbox 355 4996 2002 5081; baseline 0.002 -20"><span class='ocrx_word' id='word_1_553' title='bbox 355 4996 582 5081; x_wconf 88' lang='lat' dir='ltr'><strong>itaque,</strong></span> <span class='ocrx_word' id='word_1_554' title='bbox 617 5000 775 5080; x_wconf 87' lang='lat' dir='ltr'><strong>quod</strong></span> <span class='ocrx_word' id='word_1_555' title='bbox 830 4999 892 5060; x_wconf 91' lang='lat' dir='ltr'><strong>in</strong></span> <span class='ocrx_word' id='word_1_556' title='bbox 947 4999 1248 5077; x_wconf 88' lang='lat' dir='ltr'><strong>ejusmodi</strong></span> <span class='ocrx_word' id='word_1_557' title='bbox 1297 4997 1480 5060; x_wconf 89' lang='lat' dir='ltr'><strong>rebus</strong></span> <span class='ocrx_word' id='word_1_558' title='bbox 1531 4999 1855 5061; x_wconf 83' lang='lat' dir='ltr'><strong>maximum</strong></span> <span class='ocrx_word' id='word_1_559' title='bbox 1891 5010 2002 5075; x_wconf 88' lang='lat' dir='ltr'><strong>est,</strong></span> 
     </span>
    </p>
   </div>
   <div class='ocr_carea' id='block_1_86' title="bbox 358 5086 2008 5169">
    <p class='ocr_par' dir='ltr' id='par_1_86' title="bbox 358 5086 2008 5169">
     <span class='ocr_line' id='line_1_86' title="bbox 358 5086 2008 5169; baseline 0.001 -19"><span class='ocrx_word' id='word_1_560' title='bbox 358 5107 590 5150; x_wconf 89' lang='lat' dir='ltr'><strong>morem</strong></span> <span class='ocrx_word' id='word_1_561' title='bbox 623 5097 892 5150; x_wconf 88' lang='lat' dir='ltr'><strong>nostrum</strong></span> <span class='ocrx_word' id='word_1_562' title='bbox 927 5086 1198 5168; x_wconf 77' lang='lat' dir='ltr'><strong>obiicere</strong></span> <span class='ocrx_word' id='word_1_563' title='bbox 1242 5107 1582 5169; x_wconf 90' lang='lat' dir='ltr'><strong>possumus,</strong></span> <span class='ocrx_word' id='word_1_564' title='bbox 1619 5098 1682 5150; x_wconf 92' lang='lat' dir='ltr'><strong>ut</strong></span> <span class='ocrx_word' id='word_1_565' title='bbox 1709 5091 1825 5150; x_wconf 77' lang='lat' dir='ltr'><strong>vim</strong></span> <span class='ocrx_word' id='word_1_566' title='bbox 1860 5089 2008 5168; x_wconf 86' lang='lat' dir='ltr'><strong>legis</strong></span> 
     </span>
    </p>
   </div>
   <div class='ocr_carea' id='block_1_87' title="bbox 360 5177 2008 5260">
    <p class='ocr_par' dir='ltr' id='par_1_87' title="bbox 360 5177 2008 5260">
     <span class='ocr_line' id='line_1_87' title="bbox 360 5177 2008 5260; baseline 0.001 -20"><span class='ocrx_word' id='word_1_567' title='bbox 360 5177 710 5251; x_wconf 89' lang='lat' dir='ltr'><strong>habentem,</strong></span> <span class='ocrx_word' id='word_1_568' title='bbox 748 5197 819 5240; x_wconf 91' lang='lat' dir='ltr'><strong>eo</strong></span> <span class='ocrx_word' id='word_1_569' title='bbox 868 5179 1027 5260; x_wconf 91' lang='lat' dir='ltr'><strong>quod</strong></span> <span class='ocrx_word' id='word_1_570' title='bbox 1063 5179 1239 5239; x_wconf 89' lang='lat' dir='ltr'><strong>nobis</strong></span> <span class='ocrx_word' id='word_1_571' title='bbox 1271 5196 1302 5239; x_wconf 86' lang='lat' dir='ltr'><strong>a</strong></span> <span class='ocrx_word' id='word_1_572' title='bbox 1349 5179 1492 5240; x_wconf 89' lang='lat' dir='ltr'><strong>viris</strong></span> <span class='ocrx_word' id='word_1_573' title='bbox 1521 5179 1746 5241; x_wconf 89' lang='lat' dir='ltr'><strong>sanctis</strong></span> <span class='ocrx_word' id='word_1_574' title='bbox 1778 5179 2008 5242; x_wconf 61' lang='lat' dir='ltr'><strong>tradita;</strong></span> 
     </span>
    </p>
   </div>
   <div class='ocr_carea' id='block_1_88' title="bbox 2181 3203 3728 3288">
    <p class='ocr_par' dir='ltr' id='par_1_88' title="bbox 2181 3203 3728 3288">
     <span class='ocr_line' id='line_1_88' title="bbox 2181 3203 3728 3288; baseline 0 -24"><span class='ocrx_word' id='word_1_575' title='bbox 2181 3203 2327 3264; x_wconf 80' lang='grc' dir='ltr'><strong>κατά</strong></span> <span class='ocrx_word' id='word_1_576' title='bbox 2359 3212 2463 3263; x_wconf 80' lang='grc' dir='ltr'>τῶν</span> <span class='ocrx_word' id='word_1_577' title='bbox 2534 3203 2622 3261; x_wconf 84' lang='grc' dir='ltr'><strong>δύο</strong></span> <span class='ocrx_word' id='word_1_578' title='bbox 2691 3203 2918 3286; x_wconf 73' lang='grc' dir='ltr'>ἀδελφὰς</span> <span class='ocrx_word' id='word_1_579' title='bbox 2984 3205 3326 3286; x_wconf 72' lang='grc' dir='ltr'>γαμούντων,</span> <span class='ocrx_word' id='word_1_580' title='bbox 3386 3207 3421 3274; x_wconf 80' lang='grc' dir='ltr'>ἢ</span> <span class='ocrx_word' id='word_1_581' title='bbox 3476 3204 3728 3288; x_wconf 69' lang='grc' dir='ltr'>ἀδελφοῖς</span> 
     </span>
    </p>
   </div>
   <div class='ocr_carea' id='block_1_89' title="bbox 2179 3286 2697 3366">
    <p class='ocr_par' dir='ltr' id='par_1_89' title="bbox 2179 3286 2697 3366">
     <span class='ocr_line' id='line_1_89' title="bbox 2179 3286 2697 3366; baseline -0.008 -21"><span class='ocrx_word' id='word_1_582' title='bbox 2179 3287 2289 3345; x_wconf 81' lang='grc' dir='ltr'>δυσὶ</span> <span class='ocrx_word' id='word_1_583' title='bbox 2321 3286 2697 3366; x_wconf 75' lang='grc' dir='ltr'>γαμουμένων.</span> 
     </span>
    </p>
   </div>
   <div class='ocr_carea' id='block_1_90' title="bbox 2179 3387 3738 3471">
    <p class='ocr_par' dir='ltr' id='par_1_90' title="bbox 2179 3387 3738 3471">
     <span class='ocr_line' id='line_1_90' title="bbox 2179 3387 3738 3471; baseline 0.001 -22"><span class='ocrx_word' id='word_1_584' title='bbox 2179 3389 2427 3470; x_wconf 78' lang='grc' dir='ltr'>Ἀφίκετο</span> <span class='ocrx_word' id='word_1_585' title='bbox 2469 3391 2606 3464; x_wconf 75' lang='grc' dir='ltr'>ἡμῖν</span> <span class='ocrx_word' id='word_1_586' title='bbox 2663 3388 2955 3466; x_wconf 84' lang='grc' dir='ltr'>γράμματα</span> <span class='ocrx_word' id='word_1_587' title='bbox 3022 3388 3121 3455; x_wconf 74' lang='grc' dir='ltr'>τὴν</span> <span class='ocrx_word' id='word_1_588' title='bbox 3177 3387 3480 3470; x_wconf 68' lang='grc' dir='ltr'>ἐπιγραφὴν</span> <span class='ocrx_word' id='word_1_589' title='bbox 3536 3389 3738 3471; x_wconf 77' lang='grc' dir='ltr'>’ἔχοντα</span> 
     </span>
    </p>
   </div>
   <div class='ocr_carea' id='block_1_91' title="bbox 2102 3475 3735 3559">
    <p class='ocr_par' dir='ltr' id='par_1_91' title="bbox 2102 3475 3735 3559">
     <span class='ocr_line' id='line_1_91' title="bbox 2102 3475 3735 3559; baseline 0.001 -21"><span class='ocrx_word' id='word_1_590' title='bbox 2102 3479 2388 3559; x_wconf 79' lang='grc' dir='ltr'>Διοδώρου,</span> <span class='ocrx_word' id='word_1_591' title='bbox 2436 3479 2498 3537; x_wconf 79' lang='grc' dir='ltr'><strong>τά</strong></span> <span class='ocrx_word' id='word_1_592' title='bbox 2542 3475 2588 3534; x_wconf 85' lang='grc' dir='ltr'>δ’</span> <span class='ocrx_word' id='word_1_593' title='bbox 2631 3477 2820 3558; x_wconf 71' lang='grc' dir='ltr'>ἐφεξῆς</span> <span class='ocrx_word' id='word_1_594' title='bbox 2865 3476 3028 3535; x_wconf 84' lang='grc' dir='ltr'>ἄλλου</span> <span class='ocrx_word' id='word_1_595' title='bbox 3088 3480 3231 3543; x_wconf 80' lang='grc' dir='ltr'>τινὸς</span> <span class='ocrx_word' id='word_1_596' title='bbox 3273 3479 3546 3558; x_wconf 82' lang='grc' dir='ltr'>πρέποντα</span> <span class='ocrx_word' id='word_1_597' title='bbox 3589 3481 3735 3539; x_wconf 81' lang='grc' dir='ltr'>εἶναι</span> 
     </span>
    </p>
   </div>
   <div class='ocr_carea' id='block_1_92' title="bbox 2100 3567 3733 3652">
    <p class='ocr_par' dir='ltr' id='par_1_92' title="bbox 2100 3567 3733 3652">
     <span class='ocr_line' id='line_1_92' title="bbox 2100 3567 3733 3652; baseline 0.001 -24"><span class='ocrx_word' id='word_1_598' title='bbox 2100 3571 2331 3650; x_wconf 75' lang='grc' dir='ltr'>μαλλον,</span> <span class='ocrx_word' id='word_1_599' title='bbox 2374 3570 2408 3639; x_wconf 70' lang='grc' dir='ltr'><strong>ἢ</strong></span> <span class='ocrx_word' id='word_1_600' title='bbox 2471 3567 2758 3648; x_wconf 73' lang='grc' dir='ltr'>Διοδώρου.</span> <span class='ocrx_word' id='word_1_601' title='bbox 2810 3577 2975 3626; x_wconf 84' lang='grc' dir='ltr'>Δοκεῖ</span> <span class='ocrx_word' id='word_1_602' title='bbox 3029 3569 3117 3648; x_wconf 61' lang='grc' dir='ltr'><strong>γάρ</strong></span> <span class='ocrx_word' id='word_1_603' title='bbox 3147 3572 3241 3642; x_wconf 77' lang='grc' dir='ltr'>μοι</span> <span class='ocrx_word' id='word_1_604' title='bbox 3281 3591 3361 3632; x_wconf 89' lang='grc' dir='ltr'><strong>τις</strong></span> <span class='ocrx_word' id='word_1_605' title='bbox 3404 3577 3511 3627; x_wconf 83' lang='grc' dir='ltr'><strong>τῶν</strong></span> <span class='ocrx_word' id='word_1_606' title='bbox 3542 3593 3733 3652; x_wconf 82' lang='grc' dir='ltr'>τεχνι-</span> 
     </span>
    </p>
   </div>
   <div class='ocr_carea' id='block_1_93' title="bbox 2098 3656 3737 3739">
    <p class='ocr_par' dir='ltr' id='par_1_93' title="bbox 2098 3656 3737 3739">
     <span class='ocr_line' id='line_1_93' title="bbox 2098 3656 3737 3739; baseline -0.003 -19"><span class='ocrx_word' id='word_1_607' title='bbox 2098 3669 2231 3736; x_wconf 82' lang='grc' dir='ltr'>κῶν,</span> <span class='ocrx_word' id='word_1_608' title='bbox 2277 3663 2340 3717; x_wconf 81' lang='grc' dir='ltr'>τὸ</span> <span class='ocrx_word' id='word_1_609' title='bbox 2384 3660 2477 3714; x_wconf 74' lang='grc' dir='ltr'><strong>σόν</strong></span> <span class='ocrx_word' id='word_1_610' title='bbox 2520 3658 2806 3732; x_wconf 85' lang='grc' dir='ltr'>πρόσωπον</span> <span class='ocrx_word' id='word_1_611' title='bbox 2847 3656 3064 3739; x_wconf 79' lang='grc' dir='ltr'>ὑποδὺς,</span> <span class='ocrx_word' id='word_1_612' title='bbox 3135 3659 3303 3724; x_wconf 79' lang='grc' dir='ltr'>οὕτως</span> <span class='ocrx_word' id='word_1_613' title='bbox 3349 3660 3536 3718; x_wconf 78' lang='grc' dir='ltr'>ἑαυτὸν</span> <span class='ocrx_word' id='word_1_614' title='bbox 3582 3662 3737 3728; x_wconf 76' lang='grc' dir='ltr'>ἀξιό-</span> 
     </span>
    </p>
   </div>
   <div class='ocr_carea' id='block_1_94' title="bbox 2099 3748 3736 3831">
    <p class='ocr_par' dir='ltr' id='par_1_94' title="bbox 2099 3748 3736 3831">
     <span class='ocr_line' id='line_1_94' title="bbox 2099 3748 3736 3831; baseline 0 -22"><span class='ocrx_word' id='word_1_615' title='bbox 2099 3774 2291 3809; x_wconf 88' lang='grc' dir='ltr'>πιστον</span> <span class='ocrx_word' id='word_1_616' title='bbox 2327 3749 2576 3818; x_wconf 76' lang='grc' dir='ltr'>ἐθελῆσαι</span> <span class='ocrx_word' id='word_1_617' title='bbox 2622 3754 2847 3816; x_wconf 81' lang='grc' dir='ltr'>ποιῆσαι</span> <span class='ocrx_word' id='word_1_618' title='bbox 2890 3761 3009 3813; x_wconf 82' lang='grc' dir='ltr'>τοῖς</span> <span class='ocrx_word' id='word_1_619' title='bbox 3081 3748 3440 3827; x_wconf 77' lang='grc' dir='ltr'>ἀκροωμένοις</span> <span class='ocrx_word' id='word_1_620' title='bbox 3476 3767 3492 3784; x_wconf 88' lang='grc'><strong>⁰</strong></span> <span class='ocrx_word' id='word_1_621' title='bbox 3555 3751 3615 3816; x_wconf 73' lang='grc' dir='ltr'>ὃς</span> <span class='ocrx_word' id='word_1_622' title='bbox 3672 3773 3736 3831; x_wconf 80' lang='grc' dir='ltr'><strong>γε</strong></span> 
     </span>
    </p>
   </div>
   <div class='ocr_carea' id='block_1_95' title="bbox 2098 3839 3734 3920">
    <p class='ocr_par' dir='ltr' id='par_1_95' title="bbox 2098 3839 3734 3920">
     <span class='ocr_line' id='line_1_95' title="bbox 2098 3839 3734 3920; baseline 0 -22"><span class='ocrx_word' id='word_1_623' title='bbox 2098 3842 2379 3920; x_wconf 80' lang='grc' dir='ltr'>ἐρωτηθεὶς</span> <span class='ocrx_word' id='word_1_624' title='bbox 2423 3840 2524 3895; x_wconf 71' lang='grc' dir='ltr'>ὑπό</span> <span class='ocrx_word' id='word_1_625' title='bbox 2566 3859 2738 3918; x_wconf 87' lang='grc' dir='ltr'>τινος,</span> <span class='ocrx_word' id='word_1_626' title='bbox 2783 3839 2828 3894; x_wconf 81' lang='grc' dir='ltr'>εἰ</span> <span class='ocrx_word' id='word_1_627' title='bbox 2883 3839 3097 3912; x_wconf 82' lang='grc' dir='ltr'>θεμιτὸν</span> <span class='ocrx_word' id='word_1_628' title='bbox 3153 3839 3309 3896; x_wconf 70' lang='grc' dir='ltr'>αὐτὸν</span> <span class='ocrx_word' id='word_1_629' title='bbox 3365 3841 3498 3918; x_wconf 81' lang='grc' dir='ltr'>πρὸς</span> <span class='ocrx_word' id='word_1_630' title='bbox 3555 3842 3734 3918; x_wconf 71' lang='grc' dir='ltr'>γάμον</span> 
     </span>
    </p>
   </div>
   <div class='ocr_carea' id='block_1_96' title="bbox 2098 3927 3730 4012">
    <p class='ocr_par' dir='ltr' id='par_1_96' title="bbox 2098 3927 3730 4012">
     <span class='ocr_line' id='line_1_96' title="bbox 2098 3927 3730 4012; baseline -0.001 -25"><span class='ocrx_word' id='word_1_631' title='bbox 2098 3930 2389 4010; x_wconf 72' lang='grc' dir='ltr'>ἀγαγέσθαι</span> <span class='ocrx_word' id='word_1_632' title='bbox 2431 3930 2532 3996; x_wconf 80' lang='grc' dir='ltr'>τῆς</span> <span class='ocrx_word' id='word_1_633' title='bbox 2578 3929 2824 4006; x_wconf 75' lang='grc' dir='ltr'>γυναικὸς</span> <span class='ocrx_word' id='word_1_634' title='bbox 2881 3927 3280 3997; x_wconf 69' lang='grc' dir='ltr'>τελευτησάσης</span> <span class='ocrx_word' id='word_1_635' title='bbox 3324 3929 3422 3996; x_wconf 76' lang='grc' dir='ltr'>τὴν</span> <span class='ocrx_word' id='word_1_636' title='bbox 3466 3929 3730 4012; x_wconf 72' lang='grc' dir='ltr'>ἀδελφὴν,</span> 
     </span>
    </p>
   </div>
   <div class='ocr_carea' id='block_1_97' title="bbox 2099 4015 3729 4099">
    <p class='ocr_par' dir='ltr' id='par_1_97' title="bbox 2099 4015 3729 4099">
     <span class='ocr_line' id='line_1_97' title="bbox 2099 4015 3729 4099; baseline 0.001 -23"><span class='ocrx_word' id='word_1_637' title='bbox 2099 4021 2195 4077; x_wconf 75' lang='grc' dir='ltr'><strong>οὐκ</strong></span> <span class='ocrx_word' id='word_1_638' title='bbox 2235 4017 2410 4099; x_wconf 76' lang='grc' dir='ltr'>ἔφριξε</span> <span class='ocrx_word' id='word_1_639' title='bbox 2453 4019 2553 4086; x_wconf 81' lang='grc' dir='ltr'><strong>τὴν</strong></span> <span class='ocrx_word' id='word_1_640' title='bbox 2613 4017 2904 4097; x_wconf 77' lang='grc' dir='ltr'>ἐρώτησιν,</span> <span class='ocrx_word' id='word_1_641' title='bbox 2964 4015 3102 4073; x_wconf 88' lang='grc' dir='ltr'><strong>ἀλλά</strong></span> <span class='ocrx_word' id='word_1_642' title='bbox 3151 4021 3238 4075; x_wconf 83' lang='grc' dir='ltr'>καὶ</span> <span class='ocrx_word' id='word_1_643' title='bbox 3293 4020 3472 4096; x_wconf 79' lang='grc' dir='ltr'>πράως</span> <span class='ocrx_word' id='word_1_644' title='bbox 3530 4019 3729 4099; x_wconf 72' lang='grc' dir='ltr'>ἤνεγκε</span> 
     </span>
    </p>
   </div>
   <div class='ocr_carea' id='block_1_98' title="bbox 2097 4105 3733 4190">
    <p class='ocr_par' dir='ltr' id='par_1_98' title="bbox 2097 4105 3733 4190">
     <span class='ocr_line' id='line_1_98' title="bbox 2097 4105 3733 4190; baseline -0.001 -23"><span class='ocrx_word' id='word_1_645' title='bbox 2097 4111 2198 4177; x_wconf 73' lang='grc' dir='ltr'>τὴν</span> <span class='ocrx_word' id='word_1_646' title='bbox 2257 4111 2453 4182; x_wconf 79' lang='grc' dir='ltr'>ἀκοὴν,</span> <span class='ocrx_word' id='word_1_647' title='bbox 2499 4108 2592 4164; x_wconf 77' lang='grc' dir='ltr'><strong>καί</strong></span> <span class='ocrx_word' id='word_1_648' title='bbox 2653 4109 2715 4163; x_wconf 82' lang='grc' dir='ltr'>τὸ</span> <span class='ocrx_word' id='word_1_649' title='bbox 2772 4105 2996 4184; x_wconf 77' lang='grc' dir='ltr'>ἀσελγὲς</span> <span class='ocrx_word' id='word_1_650' title='bbox 3055 4106 3365 4184; x_wconf 68' lang='grc' dir='ltr'>ἰπιθύμημα</span> <span class='ocrx_word' id='word_1_651' title='bbox 3420 4109 3557 4166; x_wconf 82' lang='grc' dir='ltr'>πάνυ</span> <span class='ocrx_word' id='word_1_652' title='bbox 3600 4133 3733 4190; x_wconf 83' lang='grc' dir='ltr'>γεν-</span> 
     </span>
    </p>
   </div>
   <div class='ocr_carea' id='block_1_99' title="bbox 2099 4195 3734 4277">
    <p class='ocr_par' dir='ltr' id='par_1_99' title="bbox 2099 4195 3734 4277">
     <span class='ocr_line' id='line_1_99' title="bbox 2099 4195 3734 4277; baseline 0.002 -23"><span class='ocrx_word' id='word_1_653' title='bbox 2099 4199 2259 4264; x_wconf 87' lang='grc' dir='ltr'>ναίως</span> <span class='ocrx_word' id='word_1_654' title='bbox 2315 4202 2459 4272; x_wconf 83' lang='grc' dir='ltr'>αύτῷ</span> <span class='ocrx_word' id='word_1_655' title='bbox 2513 4197 2603 4255; x_wconf 85' lang='grc' dir='ltr'><strong>καὶ</strong></span> <span class='ocrx_word' id='word_1_656' title='bbox 2689 4197 3056 4274; x_wconf 78' lang='grc' dir='ltr'>ἀγωνιστικῶς</span> <span class='ocrx_word' id='word_1_657' title='bbox 3149 4195 3594 4277; x_wconf 69' lang='grc' dir='ltr'>συγκατέπραξεν.</span> <span class='ocrx_word' id='word_1_658' title='bbox 3675 4201 3734 4258; x_wconf 76' lang='lat' dir='ltr'><strong>Ei</strong></span> 
     </span>
    </p>
   </div>
   <div class='ocr_carea' id='block_1_100' title="bbox 2099 4286 3748 4366">
    <p class='ocr_par' dir='ltr' id='par_1_100' title="bbox 2099 4286 3748 4366">
     <span class='ocr_line' id='line_1_100' title="bbox 2099 4286 3748 4366; baseline 0.004 -23"><span class='ocrx_word' id='word_1_659' title='bbox 2099 4289 2196 4365; x_wconf 75' lang='grc' dir='ltr'>μὲν</span> <span class='ocrx_word' id='word_1_660' title='bbox 2227 4290 2312 4344; x_wconf 69' lang='grc' dir='ltr'>οὖν</span> <span class='ocrx_word' id='word_1_661' title='bbox 2375 4288 2553 4364; x_wconf 80' lang='grc' dir='ltr'>παρῆν</span> <span class='ocrx_word' id='word_1_662' title='bbox 2610 4306 2704 4361; x_wconf 90' lang='grc' dir='ltr'><strong>μοι</strong></span> <span class='ocrx_word' id='word_1_663' title='bbox 2764 4287 2824 4341; x_wconf 83' lang='grc' dir='ltr'>τὸ</span> <span class='ocrx_word' id='word_1_664' title='bbox 2860 4286 3106 4366; x_wconf 83' lang='grc' dir='ltr'>γράμμα,</span> <span class='ocrx_word' id='word_1_665' title='bbox 3159 4289 3286 4346; x_wconf 73' lang='grc' dir='ltr'>αὐτὸ</span> <span class='ocrx_word' id='word_1_666' title='bbox 3315 4286 3378 4343; x_wconf 84' lang='grc' dir='ltr'><strong>ἂν</strong></span> <span class='ocrx_word' id='word_1_667' title='bbox 3407 4288 3748 4366; x_wconf 68' lang='grc' dir='ltr'>ἀπέστειλα,</span> 
     </span>
    </p>
   </div>
   <div class='ocr_carea' id='block_1_101' title="bbox 2098 4374 3732 4455">
    <p class='ocr_par' dir='ltr' id='par_1_101' title="bbox 2098 4374 3732 4455">
     <span class='ocr_line' id='line_1_101' title="bbox 2098 4374 3732 4455; baseline 0.001 -21"><span class='ocrx_word' id='word_1_668' title='bbox 2098 4380 2186 4434; x_wconf 80' lang='grc' dir='ltr'><strong>καὶ</strong></span> <span class='ocrx_word' id='word_1_669' title='bbox 2229 4377 2470 4455; x_wconf 70' lang='grc' dir='ltr'>ἑξήρκεις</span> <span class='ocrx_word' id='word_1_670' title='bbox 2526 4374 2589 4432; x_wconf 80' lang='grc' dir='ltr'><strong>ἂν</strong></span> <span class='ocrx_word' id='word_1_671' title='bbox 2633 4382 2810 4449; x_wconf 83' lang='grc' dir='ltr'>σαυτῷ</span> <span class='ocrx_word' id='word_1_672' title='bbox 2861 4397 2917 4432; x_wconf 87' lang='grc' dir='ltr'><strong>τε</strong></span> <span class='ocrx_word' id='word_1_673' title='bbox 2967 4375 3163 4451; x_wconf 73' lang='grc' dir='ltr'>ἀμῦναι</span> <span class='ocrx_word' id='word_1_674' title='bbox 3219 4378 3306 4434; x_wconf 83' lang='grc' dir='ltr'><strong>καὶ</strong></span> <span class='ocrx_word' id='word_1_675' title='bbox 3361 4383 3430 4454; x_wconf 76' lang='grc' dir='ltr'><strong>τῇ</strong></span> <span class='ocrx_word' id='word_1_676' title='bbox 3481 4377 3732 4451; x_wconf 75' lang='grc' dir='ltr'>ἀληθείᾳ.</span> 
     </span>
    </p>
   </div>
   <div class='ocr_carea' id='block_1_102' title="bbox 2099 4464 3730 4546">
    <p class='ocr_par' dir='ltr' id='par_1_102' title="bbox 2099 4464 3730 4546">
     <span class='ocr_line' id='line_1_102' title="bbox 2099 4464 3730 4546; baseline 0 -20"><span class='ocrx_word' id='word_1_677' title='bbox 2099 4469 2250 4526; x_wconf 86' lang='grc' dir='ltr'>Ἐπεὶ</span> <span class='ocrx_word' id='word_1_678' title='bbox 2298 4465 2352 4524; x_wconf 76' lang='grc' dir='ltr'><strong>δὲ</strong></span> <span class='ocrx_word' id='word_1_679' title='bbox 2411 4469 2439 4522; x_wconf 78' lang='grc' dir='ltr'><strong>ὁ</strong></span> <span class='ocrx_word' id='word_1_680' title='bbox 2496 4465 2663 4533; x_wconf 77' lang='grc' dir='ltr'>δείξας</span> <span class='ocrx_word' id='word_1_681' title='bbox 2717 4464 2875 4522; x_wconf 82' lang='grc' dir='ltr'>πάλιν</span> <span class='ocrx_word' id='word_1_682' title='bbox 2944 4465 3214 4545; x_wconf 78' lang='grc' dir='ltr'>ἀφείλετο,</span> <span class='ocrx_word' id='word_1_683' title='bbox 3273 4468 3361 4522; x_wconf 84' lang='grc' dir='ltr'><strong>καὶ</strong></span> <span class='ocrx_word' id='word_1_684' title='bbox 3437 4466 3618 4546; x_wconf 80' lang='grc' dir='ltr'>ὥσπερ</span> <span class='ocrx_word' id='word_1_685' title='bbox 3677 4491 3730 4526; x_wconf 87' lang='grc' dir='ltr'><strong>τι</strong></span> 
     </span>
    </p>
   </div>
   <div class='ocr_carea' id='block_1_103' title="bbox 2093 4547 3731 4637">
    <p class='ocr_par' dir='ltr' id='par_1_103' title="bbox 2093 4547 3731 4637">
     <span class='ocr_line' id='line_1_103' title="bbox 2093 4547 3731 4637; baseline 0 -23"><span class='ocrx_word' id='word_1_686' title='bbox 2093 4559 2347 4637; x_wconf 90' lang='grc' dir='ltr'>τρόπαιον</span> <span class='ocrx_word' id='word_1_687' title='bbox 2392 4555 2510 4613; x_wconf 80' lang='grc' dir='ltr'>καθ’</span> <span class='ocrx_word' id='word_1_688' title='bbox 2565 4555 2720 4630; x_wconf 80' lang='grc' dir='ltr'>ἡμῶν</span> <span class='ocrx_word' id='word_1_689' title='bbox 2771 4554 3048 4636; x_wconf 66' lang='grc' dir='ltr'>περιέφερε</span> <span class='ocrx_word' id='word_1_690' title='bbox 3107 4554 3491 4613; x_wconf 75' lang='grc' dir='ltr'>κεκωλυκὸτων</span> <span class='ocrx_word' id='word_1_691' title='bbox 3557 4547 3622 4614; x_wconf 67' lang='grc' dir='ltr'><strong>τδ</strong></span> <span class='ocrx_word' id='word_1_692' title='bbox 3678 4557 3731 4624; x_wconf 79' lang='grc' dir='ltr'><strong>ἐξ</strong></span> 
     </span>
    </p>
   </div>
   <div class='ocr_carea' id='block_1_104' title="bbox 2091 4642 3727 4728">
    <p class='ocr_par' dir='ltr' id='par_1_104' title="bbox 2091 4642 3727 4728">
     <span class='ocr_line' id='line_1_104' title="bbox 2091 4642 3727 4728; baseline -0.015 1"><span class='ocrx_word' id='word_1_693' title='bbox 2091 4649 2296 4728; x_wconf 66' lang='grc' dir='ltr'>ἀρχῆς,</span> <span class='ocrx_word' id='word_1_694' title='bbox 2331 4645 2595 4726; x_wconf 70' lang='grc' dir='ltr'>’ἔγγραφον</span> <span class='ocrx_word' id='word_1_695' title='bbox 2625 4645 2774 4726; x_wconf 71' lang='grc' dir='ltr'>ἔχειν</span> <span class='ocrx_word' id='word_1_696' title='bbox 2815 4644 2990 4724; x_wconf 78' lang='grc' dir='ltr'>λέγων</span> <span class='ocrx_word' id='word_1_697' title='bbox 3019 4645 3120 4710; x_wconf 65' lang='grc' dir='ltr'><strong>τὴν</strong></span> <span class='ocrx_word' id='word_1_698' title='bbox 3152 4642 3412 4721; x_wconf 67' lang='grc' dir='ltr'>ἐξουσίαν,</span> <span class='ocrx_word' id='word_1_699' title='bbox 3445 4645 3727 4705; x_wconf 76' lang='grc' dir='ltr'>ἐπέστειλα</span> 
     </span>
    </p>
   </div>
   <div class='ocr_carea' id='block_1_105' title="bbox 2092 4733 3730 4814">
    <p class='ocr_par' dir='ltr' id='par_1_105' title="bbox 2092 4733 3730 4814">
     <span class='ocr_line' id='line_1_105' title="bbox 2092 4733 3730 4814; baseline 0.001 -21"><span class='ocrx_word' id='word_1_700' title='bbox 2092 4745 2180 4794; x_wconf 68' lang='grc' dir='ltr'>νῦν</span> <span class='ocrx_word' id='word_1_701' title='bbox 2211 4758 2317 4799; x_wconf 86' lang='grc' dir='ltr'>σοι,</span> <span class='ocrx_word' id='word_1_702' title='bbox 2349 4735 2518 4792; x_wconf 72' lang='lat' dir='ltr'><strong>&quot;Qa-rs</strong></span> <span class='ocrx_word' id='word_1_703' title='bbox 2561 4733 2726 4812; x_wconf 82' lang='grc' dir='ltr'>διπλῇ</span> <span class='ocrx_word' id='word_1_704' title='bbox 2764 4741 2834 4812; x_wconf 79' lang='grc' dir='ltr'><strong>τῇ</strong></span> <span class='ocrx_word' id='word_1_705' title='bbox 2891 4736 3034 4814; x_wconf 88' lang='grc' dir='ltr'>χειρὶ</span> <span class='ocrx_word' id='word_1_706' title='bbox 3078 4736 3222 4810; x_wconf 74' lang='grc' dir='ltr'>ἡμᾶς</span> <span class='ocrx_word' id='word_1_707' title='bbox 3282 4735 3457 4793; x_wconf 77' lang='grc' dir='ltr'>ἐλθεῖν</span> <span class='ocrx_word' id='word_1_708' title='bbox 3501 4737 3587 4794; x_wconf 73' lang='grc' dir='ltr'>ἐπὶ</span> <span class='ocrx_word' id='word_1_709' title='bbox 3636 4739 3730 4794; x_wconf 83' lang='grc' dir='ltr'><strong>τὸν</strong></span> 
     </span>
    </p>
   </div>
   <div class='ocr_carea' id='block_1_106' title="bbox 2092 4822 3728 4905">
    <p class='ocr_par' dir='ltr' id='par_1_106' title="bbox 2092 4822 3728 4905">
     <span class='ocr_line' id='line_1_106' title="bbox 2092 4822 3728 4905; baseline 0.001 -22"><span class='ocrx_word' id='word_1_710' title='bbox 2092 4827 2240 4883; x_wconf 63' lang='grc' dir='ltr'>νόθοι</span> <span class='ocrx_word' id='word_1_711' title='bbox 2271 4827 2480 4881; x_wconf 60' lang='grc' dir='ltr'>ἐκεῖνον</span> <span class='ocrx_word' id='word_1_712' title='bbox 2509 4823 2698 4902; x_wconf 86' lang='grc' dir='ltr'>λόγον,</span> <span class='ocrx_word' id='word_1_713' title='bbox 2730 4827 2815 4880; x_wconf 78' lang='grc' dir='ltr'><strong>καὶ</strong></span> <span class='ocrx_word' id='word_1_714' title='bbox 2850 4822 3112 4900; x_wconf 72' lang='grc' dir='ltr'>μηδεμίαν</span> <span class='ocrx_word' id='word_1_715' title='bbox 3146 4825 3287 4899; x_wconf 70' lang='grc' dir='ltr'>αίιτῷ</span> <span class='ocrx_word' id='word_1_716' title='bbox 3339 4826 3498 4905; x_wconf 75' lang='grc' dir='ltr'>ἰσχὺν</span> <span class='ocrx_word' id='word_1_717' title='bbox 3555 4849 3728 4884; x_wconf 75' lang='grc' dir='ltr'>κατα-</span> 
     </span>
    </p>
   </div>
   <div class='ocr_carea' id='block_1_107' title="bbox 2091 4912 3724 4996">
    <p class='ocr_par' dir='ltr' id='par_1_107' title="bbox 2091 4912 3724 4996">
     <span class='ocr_line' id='line_1_107' title="bbox 2091 4912 3724 4996; baseline 0 -24"><span class='ocrx_word' id='word_1_718' title='bbox 2091 4914 2274 4972; x_wconf 79' lang='grc' dir='ltr'>λιπεῖν</span> <span class='ocrx_word' id='word_1_719' title='bbox 2310 4934 2324 4950; x_wconf 78' lang='grc' dir='ltr'><strong><em>ο</em></strong></span> <span class='ocrx_word' id='word_1_720' title='bbox 2357 4913 2455 4970; x_wconf 56' lang='grc' dir='ltr'>’ἵνα</span> <span class='ocrx_word' id='word_1_721' title='bbox 2483 4916 2563 4989; x_wconf 81' lang='grc' dir='ltr'>μὴ</span> <span class='ocrx_word' id='word_1_722' title='bbox 2593 4913 2700 4994; x_wconf 76' lang='grc' dir='ltr'><strong>ἔχῃ</strong></span> <span class='ocrx_word' id='word_1_723' title='bbox 2744 4912 3004 4990; x_wconf 76' lang='grc' dir='ltr'>βλάπτειν</span> <span class='ocrx_word' id='word_1_724' title='bbox 3060 4912 3247 4992; x_wconf 70' lang='grc' dir='ltr'>ῥαδιως</span> <span class='ocrx_word' id='word_1_725' title='bbox 3297 4915 3420 4978; x_wconf 81' lang='grc' dir='ltr'>τοὺς</span> <span class='ocrx_word' id='word_1_726' title='bbox 3449 4917 3724 4996; x_wconf 69' lang='grc' dir='ltr'>ὶντυγχᾶο</span> 
     </span>
    </p>
   </div>
   <div class='ocr_carea' id='block_1_108' title="bbox 2090 4999 3726 5081">
    <p class='ocr_par' dir='ltr' id='par_1_108' title="bbox 2090 4999 3726 5081">
     <span class='ocr_line' id='line_1_108' title="bbox 2090 4999 3726 5081; baseline 0.001 -21"><span class='ocrx_word' id='word_1_727' title='bbox 2090 5026 2274 5066; x_wconf 85' lang='grc' dir='ltr'>νοντας</span> <span class='ocrx_word' id='word_1_728' title='bbox 2311 5020 2326 5035; x_wconf 82' lang='grc'><strong><em>⁸</em></strong></span> <span class='ocrx_word' id='word_1_729' title='bbox 2375 5010 2582 5081; x_wconf 84' lang='grc' dir='ltr'>πρῶτον</span> <span class='ocrx_word' id='word_1_730' title='bbox 2615 5004 2713 5077; x_wconf 85' lang='grc' dir='ltr'>μὲν</span> <span class='ocrx_word' id='word_1_731' title='bbox 2743 5003 2832 5060; x_wconf 75' lang='grc' dir='ltr'>οὖν</span> <span class='ocrx_word' id='word_1_732' title='bbox 2863 4999 2890 5058; x_wconf 75' lang='grc' dir='ltr'>ὃ</span> <span class='ocrx_word' id='word_1_733' title='bbox 2933 5002 3188 5080; x_wconf 77' lang='grc' dir='ltr'>μέγιστον</span> <span class='ocrx_word' id='word_1_734' title='bbox 3219 5003 3310 5060; x_wconf 78' lang='grc' dir='ltr'><strong>ἐπὶ</strong></span> <span class='ocrx_word' id='word_1_735' title='bbox 3344 5027 3450 5060; x_wconf 88' lang='grc' dir='ltr'><strong>των</strong></span> <span class='ocrx_word' id='word_1_736' title='bbox 3470 5006 3726 5063; x_wconf 79' lang='grc' dir='ltr'>τοιούτων</span> 
     </span>
    </p>
   </div>
   <div class='ocr_carea' id='block_1_109' title="bbox 2089 5090 3727 5174">
    <p class='ocr_par' dir='ltr' id='par_1_109' title="bbox 2089 5090 3727 5174">
     <span class='ocr_line' id='line_1_109' title="bbox 2089 5090 3727 5174; baseline 0.001 -24"><span class='ocrx_word' id='word_1_737' title='bbox 2089 5093 2221 5174; x_wconf 72' lang='grc' dir='ltr'>ἐστὶ,</span> <span class='ocrx_word' id='word_1_738' title='bbox 2262 5095 2324 5150; x_wconf 81' lang='grc' dir='ltr'>τὸ</span> <span class='ocrx_word' id='word_1_739' title='bbox 2369 5092 2498 5172; x_wconf 86' lang='grc' dir='ltr'>παρ’</span> <span class='ocrx_word' id='word_1_740' title='bbox 2525 5094 2663 5168; x_wconf 78' lang='grc' dir='ltr'>ἡμῖν</span> <span class='ocrx_word' id='word_1_741' title='bbox 2695 5092 2807 5158; x_wconf 79' lang='grc' dir='ltr'>ἕθος</span> <span class='ocrx_word' id='word_1_742' title='bbox 2848 5091 2878 5147; x_wconf 85' lang='grc' dir='ltr'>’ὁ</span> <span class='ocrx_word' id='word_1_743' title='bbox 2927 5091 3132 5172; x_wconf 79' lang='grc' dir='ltr'>ἔχομεν</span> <span class='ocrx_word' id='word_1_744' title='bbox 3183 5090 3526 5168; x_wconf 77' lang='grc' dir='ltr'>προϐάλλειν,</span> <span class='ocrx_word' id='word_1_745' title='bbox 3562 5094 3727 5170; x_wconf 86' lang='grc' dir='ltr'>νόμου</span> 
     </span>
    </p>
   </div>
   <div class='ocr_carea' id='block_1_110' title="bbox 2086 5179 3727 5263">
    <p class='ocr_par' dir='ltr' id='par_1_110' title="bbox 2086 5179 3727 5263">
     <span class='ocr_line' id='line_1_110' title="bbox 2086 5179 3727 5263; baseline 0.001 -24"><span class='ocrx_word' id='word_1_746' title='bbox 2086 5182 2307 5259; x_wconf 80' lang='grc' dir='ltr'>δύναμιν</span> <span class='ocrx_word' id='word_1_747' title='bbox 2339 5181 2496 5263; x_wconf 81' lang='grc' dir='ltr'>ἕχον,</span> <span class='ocrx_word' id='word_1_748' title='bbox 2541 5181 2628 5239; x_wconf 77' lang='grc' dir='ltr'><strong>διὰ</strong></span> <span class='ocrx_word' id='word_1_749' title='bbox 2679 5185 2740 5239; x_wconf 83' lang='grc' dir='ltr'>τὸ</span> <span class='ocrx_word' id='word_1_750' title='bbox 2790 5179 2878 5254; x_wconf 74' lang='grc' dir='ltr'><strong>ὑφ’</strong></span> <span class='ocrx_word' id='word_1_751' title='bbox 2908 5182 3074 5259; x_wconf 79' lang='grc' dir='ltr'>ἁγίων</span> <span class='ocrx_word' id='word_1_752' title='bbox 3102 5181 3303 5261; x_wconf 79' lang='grc' dir='ltr'>ἀνδρῶν</span> <span class='ocrx_word' id='word_1_753' title='bbox 3335 5185 3455 5247; x_wconf 79' lang='grc' dir='ltr'>τοὺς</span> <span class='ocrx_word' id='word_1_754' title='bbox 3499 5186 3727 5261; x_wconf 76' lang='grc' dir='ltr'>θεσμοὺς</span> 
     </span>
    </p>
   </div>
   <div class='ocr_carea' id='block_1_111' title="bbox 354 5267 2018 5351">
    <p class='ocr_par' dir='ltr' id='par_1_111' title="bbox 354 5267 2004 5351">
     <span class='ocr_line' id='line_1_111' title="bbox 354 5267 2004 5351; baseline 0.001 -21"><span class='ocrx_word' id='word_1_755' title='bbox 354 5268 474 5330; x_wconf 83' lang='lat' dir='ltr'><strong>sint</strong></span> <span class='ocrx_word' id='word_1_756' title='bbox 494 5267 881 5346; x_wconf 69' lang='lat' dir='ltr'><strong>regulzeltlos</strong></span> <span class='ocrx_word' id='word_1_757' title='bbox 904 5275 1107 5330; x_wconf 91' lang='lat' dir='ltr'><strong>autem</strong></span> <span class='ocrx_word' id='word_1_758' title='bbox 1136 5269 1239 5330; x_wconf 85' lang='lat' dir='ltr'><strong>ille</strong></span> <span class='ocrx_word' id='word_1_759' title='bbox 1262 5277 1352 5330; x_wconf 89' lang='lat' dir='ltr'><strong>est</strong></span> <span class='ocrx_word' id='word_1_760' title='bbox 1372 5268 1771 5347; x_wconf 90' lang='lat' dir='ltr'><strong>ejusmodi,ut</strong></span> <span class='ocrx_word' id='word_1_761' title='bbox 1795 5268 1846 5330; x_wconf 92' lang='lat' dir='ltr'><strong>si</strong></span> <span class='ocrx_word' id='word_1_762' title='bbox 1870 5272 2004 5351; x_wconf 91' lang='lat' dir='ltr'><strong>quis</strong></span> 
     </span>
    </p>
   </div>
   <div class='ocr_carea' id='block_1_112' title="bbox 2109 5267 3727 5351">
    <p class='ocr_par' dir='ltr' id='par_1_112' title="bbox 2109 5269 3727 5351">
     <span class='ocr_line' id='line_1_112' title="bbox 2109 5269 3727 5351; baseline 0 -21"><span class='ocrx_word' id='word_1_763' title='bbox 2109 5287 2222 5348; x_wconf 74' lang='grc' dir='ltr'>ιμῖν</span> <span class='ocrx_word' id='word_1_764' title='bbox 2268 5271 2656 5351; x_wconf 80' lang='grc' dir='ltr'>παραδοθῆναι.</span> <span class='ocrx_word' id='word_1_765' title='bbox 2723 5278 2892 5330; x_wconf 84' lang='grc' dir='ltr'>Τοῦτο</span> <span class='ocrx_word' id='word_1_766' title='bbox 2947 5269 3002 5326; x_wconf 74' lang='grc' dir='ltr'><strong>δὲ</strong></span> <span class='ocrx_word' id='word_1_767' title='bbox 3038 5271 3275 5328; x_wconf 75' lang='grc' dir='ltr'>τοιοῦτόν</span> <span class='ocrx_word' id='word_1_768' title='bbox 3307 5271 3474 5347; x_wconf 78' lang='grc' dir='ltr'>ἔστιν,</span> <span class='ocrx_word' id='word_1_769' title='bbox 3509 5273 3601 5330; x_wconf 68' lang='grc' dir='ltr'>ὶάν</span> <span class='ocrx_word' id='word_1_770' title='bbox 3644 5296 3727 5336; x_wconf 90' lang='grc' dir='ltr'><strong>τις</strong></span> 
     </span>
    </p>
   </div>
   <div class='ocr_carea' id='block_1_113' title="bbox 352 5355 2018 5442">
    <p class='ocr_par' dir='ltr' id='par_1_113' title="bbox 352 5355 1998 5442">
     <span class='ocr_line' id='line_1_113' title="bbox 352 5355 1998 5442; baseline 0.002 -24"><span class='ocrx_word' id='word_1_771' title='bbox 352 5355 874 5442; x_wconf 77' lang='lat' dir='ltr'><strong>impuritatjsvitio</strong></span> <span class='ocrx_word' id='word_1_772' title='bbox 892 5357 1217 5437; x_wconf 89' lang='lat' dir='ltr'><strong>aliquando</strong></span> <span class='ocrx_word' id='word_1_773' title='bbox 1243 5357 1434 5420; x_wconf 86' lang='lat' dir='ltr'><strong>victus</strong></span> <span class='ocrx_word' id='word_1_774' title='bbox 1456 5359 1516 5421; x_wconf 93' lang='lat' dir='ltr'><strong>in</strong></span> <span class='ocrx_word' id='word_1_775' title='bbox 1546 5359 1817 5421; x_wconf 85' lang='lat' dir='ltr'><strong>illicitam</strong></span> <span class='ocrx_word' id='word_1_776' title='bbox 1845 5361 1998 5422; x_wconf 90' lang='lat' dir='ltr'><strong>dua-</strong></span> 
     </span>
    </p>
   </div>
   <div class='ocr_carea' id='block_1_114' title="bbox 2109 5355 3726 5442">
    <p class='ocr_par' dir='ltr' id='par_1_114' title="bbox 2109 5360 3726 5442">
     <span class='ocr_line' id='line_1_114' title="bbox 2109 5360 3726 5442; baseline 0 -22"><span class='ocrx_word' id='word_1_777' title='bbox 2109 5364 2236 5420; x_wconf 77' lang='grc' dir='ltr'>ιάθει</span> <span class='ocrx_word' id='word_1_778' title='bbox 2282 5362 2608 5440; x_wconf 72' lang='grc' dir='ltr'>ἀκαθαρσίας</span> <span class='ocrx_word' id='word_1_779' title='bbox 2639 5361 2769 5419; x_wconf 84' lang='grc' dir='ltr'>ποτέ</span> <span class='ocrx_word' id='word_1_780' title='bbox 2826 5362 3106 5439; x_wconf 83' lang='grc' dir='ltr'>κρατηθεὶς</span> <span class='ocrx_word' id='word_1_781' title='bbox 3152 5360 3354 5438; x_wconf 78' lang='grc' dir='ltr'>ἐκπέσῃ</span> <span class='ocrx_word' id='word_1_782' title='bbox 3398 5364 3531 5442; x_wconf 82' lang='grc' dir='ltr'>πρὸς</span> <span class='ocrx_word' id='word_1_783' title='bbox 3576 5362 3726 5423; x_wconf 78' lang='grc' dir='ltr'>δυοῖν</span> 
     </span>
    </p>
   </div>
   <div class='ocr_carea' id='block_1_115' title="bbox 356 5448 2018 5534">
    <p class='ocr_par' dir='ltr' id='par_1_115' title="bbox 356 5448 2001 5530">
     <span class='ocr_line' id='line_1_115' title="bbox 356 5448 2001 5530; baseline 0.003 -22"><span class='ocrx_word' id='word_1_784' title='bbox 356 5464 487 5508; x_wconf 89' lang='lat' dir='ltr'><strong>rum</strong></span> <span class='ocrx_word' id='word_1_785' title='bbox 502 5465 775 5508; x_wconf 88' lang='lat' dir='ltr'><strong>sororum</strong></span> <span class='ocrx_word' id='word_1_786' title='bbox 791 5465 900 5508; x_wconf 90' lang='lat' dir='ltr'><strong>con</strong></span> <span class='ocrx_word' id='word_1_787' title='bbox 902 5448 1279 5526; x_wconf 90' lang='lat' dir='ltr'><strong>junctionem</strong></span> <span class='ocrx_word' id='word_1_788' title='bbox 1298 5448 1795 5530; x_wconf 85' lang='lat' dir='ltr'><strong>inciderit.ueque</strong></span> <span class='ocrx_word' id='word_1_789' title='bbox 1809 5449 1865 5510; x_wconf 94' lang='lat' dir='ltr'><strong>id</strong></span> <span class='ocrx_word' id='word_1_790' title='bbox 1883 5469 2001 5513; x_wconf 89' lang='lat' dir='ltr'><strong>ma-</strong></span> 
     </span>
    </p>
   </div>
   <div class='ocr_carea' id='block_1_116' title="bbox 2109 5448 3728 5534">
    <p class='ocr_par' dir='ltr' id='par_1_116' title="bbox 2109 5451 3728 5534">
     <span class='ocr_line' id='line_1_116' title="bbox 2109 5451 3728 5534; baseline 0.001 -26"><span class='ocrx_word' id='word_1_791' title='bbox 2109 5451 2324 5534; x_wconf 66' lang='grc' dir='ltr'>ιδελφῶν</span> <span class='ocrx_word' id='word_1_792' title='bbox 2383 5452 2613 5528; x_wconf 75' lang='grc' dir='ltr'>ἄθεσμον</span> <span class='ocrx_word' id='word_1_793' title='bbox 2657 5452 2967 5532; x_wconf 86' lang='grc' dir='ltr'>κοινωνίαν,</span> <span class='ocrx_word' id='word_1_794' title='bbox 3044 5453 3189 5527; x_wconf 80' lang='grc' dir='ltr'>μήτε</span> <span class='ocrx_word' id='word_1_795' title='bbox 3259 5454 3433 5529; x_wconf 83' lang='grc' dir='ltr'>γάμον</span> <span class='ocrx_word' id='word_1_796' title='bbox 3477 5455 3728 5530; x_wconf 83' lang='grc' dir='ltr'>ἡγεῖσθαι</span> 
     </span>
    </p>
   </div>
   <div class='ocr_carea' id='block_1_117' title="bbox 357 5535 2018 5623">
    <p class='ocr_par' dir='ltr' id='par_1_117' title="bbox 357 5535 2000 5619">
     <span class='ocr_line' id='line_1_117' title="bbox 357 5535 2000 5619; baseline -0.001 -16"><span class='ocrx_word' id='word_1_797' title='bbox 357 5535 703 5603; x_wconf 83' lang='lat' dir='ltr'><strong>trimonium</strong></span> <span class='ocrx_word' id='word_1_798' title='bbox 729 5535 1125 5612; x_wconf 83' lang='lat' dir='ltr'><strong>existimetur,</strong></span> <span class='ocrx_word' id='word_1_799' title='bbox 1151 5553 1348 5619; x_wconf 89' lang='lat' dir='ltr'><strong>neque</strong></span> <span class='ocrx_word' id='word_1_800' title='bbox 1365 5538 1609 5600; x_wconf 91' lang='lat' dir='ltr'><strong>omnino</strong></span> <span class='ocrx_word' id='word_1_801' title='bbox 1631 5536 1692 5600; x_wconf 92' lang='lat' dir='ltr'><strong>in</strong></span> <span class='ocrx_word' id='word_1_802' title='bbox 1715 5537 2000 5603; x_wconf 67' lang='lat' dir='ltr'><strong>Ecclesia;</strong></span> 
     </span>
    </p>
   </div>
   <div class='ocr_carea' id='block_1_118' title="bbox 2109 5535 3718 5623">
    <p class='ocr_par' dir='ltr' id='par_1_118' title="bbox 2109 5538 3718 5623">
     <span class='ocr_line' id='line_1_118' title="bbox 2109 5538 3718 5623; baseline 0 -23"><span class='ocrx_word' id='word_1_803' title='bbox 2109 5548 2260 5619; x_wconf 69' lang='lat'><strong>06:0,</strong></span> <span class='ocrx_word' id='word_1_804' title='bbox 2291 5540 2425 5620; x_wconf 76' lang='grc' dir='ltr'>μήθ’</span> <span class='ocrx_word' id='word_1_805' title='bbox 2458 5539 2599 5607; x_wconf 83' lang='grc' dir='ltr'>ὅλως</span> <span class='ocrx_word' id='word_1_806' title='bbox 2655 5542 2728 5607; x_wconf 76' lang='grc' dir='ltr'><strong>εἰς</strong></span> <span class='ocrx_word' id='word_1_807' title='bbox 2779 5538 3103 5609; x_wconf 75' lang='grc' dir='ltr'>Ἐκκλησίας</span> <span class='ocrx_word' id='word_1_808' title='bbox 3179 5539 3450 5622; x_wconf 85' lang='grc' dir='ltr'>πλήρωμα</span> <span class='ocrx_word' id='word_1_809' title='bbox 3480 5541 3718 5623; x_wconf 77' lang='grc' dir='ltr'>παραδέ-</span> 
     </span>
    </p>
   </div>
  </div>
