4018 6206
409 323 528 398 459

409 561 605 624 datur.
640 560 845 624 Filius
898 561 1086 637 enim,
1121 561 1338 641 inquit,
1372 569 1424 624 et
1467 569 1627 643 pater
1674 563 1756 623 ad
1784 562 2047 624 eamdem

401 649 1664 732 puellamingrediebantur“.Quotautem
1689 651 1803 712 alia
1828 650 2052 730 cupidi-

407 748 590 800 tatum
624 738 993 820 impurarum
1019 758 1242 819 genere
1266 740 1604 802 dmmonum
1627 741 1867 822 quidem
1903 738 2047 802 doc-

406 828 558 890 trina
577 829 954 908 excogitavit,
981 830 1161 893 tacuit
1182 849 1317 892 vero
1341 830 1542 893 divina
1563 828 1896 910 Scriptura,
1933 831 2044 891 lio-

404 926 697 980 nestatem
747 936 914 982 suam
965 937 1169 982 rerum
1224 925 1480 1001 turpium
1537 917 2046 1001 appellationibus

402 1006 623 1070 foedare
646 1007 991 1086 nolens,sed
1010 1010 1341 1089 generatim
1359 1010 1734 1090 impuritates
1748 1008 2045 1088 vitupera-

400 1096 500 1158 vit!
523 1099 690 1160 Sicut
703 1099 1077 1179 etapostolus
1091 1097 1309 1161 Paulus
1329 1099 1431 1161 ait:
1467 1099 1823 1162 Fornieatio
1840 1105 2044 1160 autem

398 1192 455 1249 et
475 1187 671 1248 omnis
693 1188 1093 1250 immunditia
1116 1205 1194 1250 ne
1213 1188 1570 1250 nominetur
1591 1187 1832 1268 quidem
1861 1187 1925 1247 in
1946 1205 2046 1250 vo-

399 1275 673 1356 bis,sicut
693 1275 856 1339 decet
876 1281 1116 1339 sanctos
1140 1275 1220 1335 “3:
1246 1275 1641 1338 immunditize
1665 1276 2041 1337 nominetum

396 1364 659 1428 virorum
693 1375 816 1428 tum
868 1366 1184 1431 mulierum
1242 1366 1527 1431 obscazna
1577 1366 1842 1434 facinora
1870 1383 2042 1428 com-

397 1455 802 1536 prehenderis.
840 1455 1037 1529 Quare
1062 1475 1178 1518 non
1205 1457 1450 1518 omnino
1493 1458 1800 1521 silentium
1844 1459 2039 1521 licen-

397 1545 538 1605 tiam
561 1545 664 1606 dat
693 1545 1060 1624 voluptariis.
1086 1545 1205 1624 Ego
1241 1555 1436 1609 autem
1473 1567 1664 1628 neque
1698 1549 1937 1610 tacitam
1966 1547 2039 1608 il-

398 1633 514 1694 lam
548 1640 777 1714 partem
812 1634 996 1696 fuisse
1025 1634 1158 1696 dico
1197 1654 1209 1698 :
1248 1635 1368 1697 imo
1404 1637 1580 1698 etiam
1615 1656 1645 1698 τι
1701 1637 2040 1717 legislatore

396 1724 792 1784 vehementer
842 1725 1162 1786 admodum
1218 1723 1401 1786 fuisse
1462 1726 1848 1805 prohibitam.
1886 1725 2038 1790 lllud

1595 326 1861 400 PHOTII
1908 326 2424 401 PATBIARCH/E
2465 327 2577 402 ΟΡ.

411 478 577 554 ptum
603 489 722 533 non
741 471 962 546 est,sed
987 470 1142 553 apud
1165 471 1512 552 prophetam
1535 471 1775 537 crimini
1798 471 2029 534 maximi

2115 473 2308 543 καύτὴν
2405 472 2690 540 παιδίσκην
2775 471 3197 550 εἰσεπορεύοντο.

3288 473 3430 526 Πόσα
3514 470 3568 528 δὲ
3648 470 3762 538 εἷ’δν.

2136 569 2241 619 τῶν
2285 563 2594 639 ἀκαθάρτων
2653 563 2832 617 παθῶν
2878 559 3040 635 ἄλλα,
3097 563 3156 616 τὸ
3202 561 3301 634 μὲν
3353 567 3458 616 τῶν
3508 559 3762 632 δαιμόνων

2133 650 2508 709 διδασκαλεῖον
2566 649 2792 728 ἐξεῦρεν,
2858 652 2890 718 ἦ
2935 647 2987 706 δὲ
3042 651 3152 706 θεία
3186 649 3368 728 Γριφὴ
3399 651 3758 724 ἀπεσιώπησε,

2132 744 2192 798 τὸ
2224 744 2417 818 σεμνὸν
2452 741 2646 807 ἑαυτῆς
2699 753 2822 805 ταῖς
2881 739 2986 796 τῶν
3035 740 3276 818 αἰσχρῶν
3332 739 3631 814 ὀνομασίαις
3662 762 3762 795 κάκ

2131 829 2495 909 ταῤῥυπαίνειν
2553 832 2655 908 οὐχ
2704 828 3014 906 αἱρουμένη,
3060 827 3197 883 ἀλλά
3252 841 3490 905 γενικοϊς
3546 828 3764 902 ὀνόμασι

2127 922 2223 985 τὰς
2272 921 2590 998 ἀκαθαρσίας
2651 916 2889 974 διέϐαλεν
2923 933 2936 947 ⁶
2974 921 3045 983 ὡς
3075 918 3163 974 καὶ
3195 919 3221 973 ὃ
3266 916 3564 979 ἀπόστολος
3623 923 3766 971 [11-3-

2127 1009 2218 1075 λος
2281 1011 2434 1090 φησί,
2525 1009 2746 1087 Πορνεία
2830 1005 2882 1062 δὲ
2936 1009 3024 1063 καὶ
3083 1006 3379 1081 ἀκαθαρσία
3437 1013 3580 1062 πᾶσα
3634 1003 3774 1080 μηὃέ⁹

2127 1101 2469 1175 ὀνομαζέσθω
2549 1100 2704 1173 ὑμῖν,
2775 1098 2950 1159 καθὼς
3038 1095 3227 1172 πρέπει
3285 1095 3480 1172 ἀγίοις,
3542 1102 3618 1167 τῷ
3679 1095 3774 1161 τῆς

2128 1189 2451 1266 ἀκαθαρσίας
2512 1187 2733 1262 ὀνόματι
2791 1186 2888 1248 τάς
2945 1206 3002 1242 τε
3087 1191 3192 1241 τὼν
3250 1183 3480 1262 ἀῤῥένων
3539 1182 3772 1262 agema-

2128 1280 2313 1341 ποιίας
2347 1279 2434 1334 καὶ
2464 1277 2556 1340 τάς
2587 1279 2690 1331 τῶν
2721 1274 2949 1342 θηλειῶν
3003 1271 3466 1352 παραλαμϐάνων.
3500 1271 3667 1328 "aut:
3713 1279 3773 1331 οὗ

2128 1367 2340 1428 πάντως
2455 1365 2634 1432 σιωπὴ
2687 1362 2865 1419 ἄδειαν
2910 1362 3054 1441 φέρει
3101 1377 3219 1426 τοῖς
3251 1361 3583 1442 φιληδόνοις.
3623 1360 3772 1439 Ἐγὼ

2127 1453 2180 1512 δὲ
2214 1454 2330 1512 οὖδὲ
2362 1457 2727 1520 σεσιωπῆσθαι
2761 1456 2822 1509 τὸ
2869 1455 3026 1530 μέρος
3087 1461 3241 1510 τοῦτο
3295 1449 3464 1530 φημὶ,
3497 1449 3630 1506 ἀλλὰ
3675 1453 3772 1508 καί

2125 1544 2260 1600 πάνυ
2291 1542 2526 1624 σ’ροόρῶς
2582 1541 3004 1620 ἀπηγορευκέναι
3047 1543 3138 1596 τὸν
3171 1540 3462 1613 νομοθέτην
3498 1557 3512 1570 ‘
3547 1541 3609 1596 τὸ
3640 1542 3763 1618 γάρ,

2124 1637 2232 1693 Οὗκ
2315 1633 2590 1706 εἰσελεύσῃ
2678 1635 2805 1708 πρὸς
2882 1631 3054 1687 πάντα
3145 1633 3347 1686 οἰκεῖον
3407 1630 3600 1707 σαρκός
3675 1652 3770 1689 σου

2123 1721 2466 1797 ἀποκαλύψαι
2559 1720 2949 1800 ἀσχημοσύνην
3048 1720 3220 1778 αὒτῶν
3255 1766 3270 1792 ,
3361 1718 3768 1794 ἐμπεριεκτικόν

397 1813 579 1888 enim,
612 1811 753 1875 Non
782 1813 1156 1892 ingrediaris
1187 1814 1271 1876 ad
1301 1832 1538 1877 omnem
1563 1817 1768 1878 carnis
1797 1825 1918 1879 tuae
1949 1819 2029 1894 αῙε

2123 1813 2234 1867 ὶστι
2280 1812 2365 1867 καὶ
2408 1811 2590 1867 τούτου
2624 1811 2714 1865 τοῦ
2746 1807 2920 1872 εἴόιυς
2954 1807 3049 1876 τῆς
3083 1808 3440 1875 οἰκειότητος.
3477 1811 3536 1865 Τί
3572 1808 3670 1884 γάρ
3703 1806 3764 1863 ἂν

395 1901 578 1983 ﬁnem
609 1901 688 1963 ad
708 1902 1098 1966 revelandam
1116 1921 1328 1966 eorum
1353 1908 1790 1984 turpitudinem
1804 1907 2029 1979 ‘7,hanc

2123 1902 2330 1978 γένοιτο
2355 1900 2674 1978 οἰκειότερον
2707 1896 2857 1976 ἀνδρὶ
2890 1903 2984 1965 τῆς
3021 1899 3209 1956 ἑαυτοῦ
3238 1898 3488 1974 γυναικός
3520 1915 3535 1976 ς
3561 1895 3761 1971 μᾶλλον

397 1993 572 2054 etiam
625 1991 928 2054 afﬁnitatis
980 1994 1244 2074 speciem
1299 1993 1741 2075 complectitur.
1797 1994 2035 2058 Etenim

397 2081 538 2161 quid
571 2081 696 2143 viro
725 2082 906 2144 affine
937 2082 1124 2162 magis
1161 2092 1250 2145 est
1280 2101 1458 2161 quam
1505 2102 1614 2146 sua
1645 2085 1830 2166 ipsius
1862 2103 2033 2157 uxor,

395 2170 515 2232 imo
547 2190 720 2253 quam
753 2171 1061 2252 suaipsius
1085 2172 1255 2236 caro?
1278 2172 1407 2236 Non
1436 2174 1596 2236 enim
1623 2176 1878 2256 amplius
1903 2176 2036 2236 dure

396 2269 554 2335 sunt,
588 2261 691 2322 sed
728 2280 849 2323 una
890 2281 1054 2324 caro.
1089 2263 1292 2343 Itaque
1325 2281 1434 2344 per
1478 2283 1724 2326 uxorem
1757 2282 1930 2326 soror
1959 2263 2031 2325 ad

398 2349 506 2411 viri
537 2351 880 2414 afﬁnitatem
908 2352 1682 2427 transit.Quemadmodum
1711 2355 1868 2415 enim
1905 2372 2032 2414 ma-

398 2449 548 2502 trem
583 2441 780 2502 uxoris
805 2460 922 2502 non
947 2451 1446 2523 assumet,neque
1480 2443 1660 2505 ﬁliam
1704 2445 1786 2503 l6
1809 2442 2032 2516 uxoris,

394 2537 709 2610 propterea
736 2530 898 2609 quod
951 2547 1146 2611 neque
1172 2549 1337 2592 suam
1391 2532 1578 2610 ipsius
1616 2543 1889 2604 matrem,
1928 2550 2036 2593 ue-

395 2636 514 2698 que
543 2635 709 2679 suam
742 2617 932 2699 ipsius
956 2618 1137 2680 ﬁliam
1166 2636 1182 2693 ;
1213 2618 1294 2679 ita
1354 2638 1461 2680 nec
1511 2622 1710 2682 uxoris
1741 2638 2033 2699 sororem,

393 2717 710 2790 propterea
736 2706 894 2788 quod
926 2724 1120 2788 neque
1171 2725 1337 2768 suam
1399 2708 1585 2788 ipsius
1635 2727 1930 2770 sororem.
1968 2709 2036 2770 Et

392 2797 520 2859 vice
550 2814 740 2872 versa,
767 2814 963 2876 neque
987 2795 1156 2857 uxori
1191 2796 1396 2857 licebit
1425 2815 1559 2859 sese
1612 2798 1719 2859 viri
1755 2795 2034 2858 afﬁnibus

391 2888 777 2966 conjungere.
814 2883 964 2948 Sunt
993 2884 1153 2946 enim
1199 2883 1485 2966 utrinque
1518 2886 1862 2947 communia
1895 2887 2031 2949 afﬁ-

393 2975 595 3038 nitatis
618 2975 778 3055 jura.
810 2973 932 3054 Ego
958 2991 1139 3055 porro
1173 2972 1421 3035 cuilibet
1451 2974 1524 3036 de
1554 2975 1778 3055 nuptiis
1812 2991 2030 3038 consu-

392 3065 539 3126 lenti
570 3065 877 3138 testificor,
917 3062 1224 3144 praeterire
1251 3064 1497 3142 ﬁguram
1534 3063 1713 3144 hujus
1738 3065 2033 3144 mundi,et

391 3163 642 3248 tempus
657 3152 833 3215 breve
858 3150 1472 3248 esse,thAqui_ha_bent
1492 3171 1709 3248 uxores
1741 3161 2033 3248 tanquam
2053 3199 2092 3248 ο

390 3261 514 3306 ηοη
543 3241 826 3304 habentes
855 3247 974 3304 sint
1002 3239 1257 3313 ‘8.Quod
1290 3244 1336 3303 si
1367 3242 1510 3303 mihi
1541 3260 1851 3321 perperam
1881 3242 2034 3321 legat

390 3332 536 3394 illud
576 3349 591 3395 :
629 3332 891 3394 Crescite
921 3338 974 3393 et
1002 3331 1504 3410 multiplicamini
1530 3331 1601 3390 19:
1637 3332 1807 3394 rideo
1833 3333 2029 3412 legum

391 3431 662 3504 tempora
691 3440 809 3483 non
855 3423 1325 3484 discernentem.
1360 3420 1798 3482 Fornicationis
1824 3440 2028 3484 reme-

387 3510 550 3574 dium
585 3511 812 3592 uuptim
841 3510 1281 3584 secundae,non
1315 3511 1548 3572 occasio
1581 3510 1930 3574 lasciviaSi
1964 3530 2030 3574 se

387 3619 508 3664 non
538 3601 867 3672 continent,
902 3600 1150 3672 nubant,
1184 3601 1377 3683 inquit
1406 3600 1484 3673 εὖ,
1521 3620 1638 3662 non
1668 3619 1803 3662 vero
1837 3612 1892 3664 et
1918 3621 2030 3662 nu-

386 3690 596 3754 bentes
616 3691 812 3769 legem
839 3690 1084 3752 violent.
1119 3688 1221 3752 Isti
1255 3700 1486 3764 autem,
1513 3709 1766 3768 quorum
1799 3692 2031 3753 animus

384 3780 524 3842 vitio
552 3779 946 3862 turpitudinis
977 3780 1179 3860 lippus
1210 3789 1328 3854 est,
1370 3799 1445 3842 ne
1473 3780 1543 3842 ad
1582 3789 1856 3842 naturam
1898 3781 2028 3861 qui-

384 3871 518 3933 dem
553 3870 906 3952 respiciunt,
943 3870 1226 3949 quaajam
1285 3869 1426 3930 olim
1485 3869 1725 3947 generis
1787 3875 2028 3931 nomina

383 3961 688 4022 discrevit.
723 3962 809 4020 Ex
841 3977 957 4039 qua
989 3960 1146 4021 enim
1173 3959 1538 4036 cognatione
1562 3968 1730 4020 natos
1757 3959 2025 4040 appella-

382 4050 578 4112 bunt?
607 4048 948 4122 Fratresne,
997 4065 1073 4108 an
1136 4047 1534 4110 consobrinos
1567 4045 1908 4109 vocabunt?
1937 4048 2022 4109 si-

381 4137 625 4218 quidem
686 4153 904 4197 nomen
955 4143 1280 4215 utrumque
1333 4134 1420 4196 eis
1474 4133 1550 4196 ob
1611 4133 2023 4198 confusionem

379 4226 671 4304 congruit.
708 4221 794 4285 Ne
825 4224 1026 4300 facias,
1063 4243 1096 4284 o
1147 4225 1351 4296 homo,
1405 4223 1648 4285 amitam
1705 4242 2020 4285 novercam

377 4313 696 4376 infantium
725 4330 740 4386 ;
775 4329 886 4372 nec
915 4329 1045 4392 qua)
1092 4311 1150 4372 in
1185 4313 1390 4374 matris
1437 4313 1566 4374 loco
1591 4312 1786 4374 fovere
1817 4312 2018 4388 debet,

376 4419 506 4465 eam
540 4400 916 4463 aemulatione
963 4399 1322 4481 implacabili
1353 4402 1699 4464 armaveris.
1735 4402 1884 4466 Nam
1916 4421 2020 4464 so-

376 4493 496 4555 lum
522 4507 912 4553 novercarum
943 4507 1132 4569 genus
1155 4491 1334 4552 etiam
1363 4499 1493 4570 post
1526 4500 1777 4554 mortem
1811 4491 2016 4554 odium

373 4599 441 4645 ac
473 4581 843 4644 inimicitiam
881 4562 1166 4642 cxiendit.
1199 4582 1321 4642 lmo
1351 4562 1453 4642 alii
1505 4580 1732 4643 inimici
1767 4581 2017 4643 mortuis
2041 4562 2082 4614 θ

371 4670 880 4745 reconciliantur;
913 4689 1185 4732 noverca:
1218 4670 1356 4732 odia
1411 4670 1542 4752 post
1575 4679 1826 4732 mortem
1863 4670 2013 4734 inci-

371 4762 819 4842 piunt.Summa
847 4760 1140 4822 dictorum
1175 4759 1300 4821 haec
1326 4772 1458 4823 est:
1495 4758 1557 4822 Si
1583 4759 1717 4841 quis
1747 4760 2016 4839 legitime

368 4852 606 4933 nuptias
637 4849 885 4931 appetit,
922 4858 1080 4911 totus
1134 4848 1299 4910 orbis
1348 4857 1642 4910 terrarum
1679 4859 1836 4930 patet
1870 4868 1884 4914 :
1918 4850 2011 4913 sin

367 4939 623 5002 libidine
652 4938 1092 5017 impellitur,ob
1119 4937 1177 4999 id
1202 4937 1388 5018 magis
1421 4937 1598 5000 etiam
1635 4938 2009 5016 excludatur,

373 5027 444 5088 Ut
465 5029 657 5090 discat
684 5046 795 5090 vas
836 5046 1013 5090 suum
1060 5028 1374 5109 passidere
1407 5033 1473 5090 in
1519 5028 2014 5107 sanctiﬁcatione

363 5126 417 5178 et
448 5119 695 5197 honore,
727 5135 852 5180 non
889 5120 954 5179 in
976 5122 1262 5198 passione
1291 5117 1587 5180 desiderii
1613 5115 1689 5178 εί.
1720 5115 1809 5178 Me
1841 5119 2012 5197 plura

363 5205 562 5268 dicere
595 5215 902 5287 parantem
937 5208 1152 5268 modus
1182 5207 1456 5288 epistola:
1487 5205 1752 5268 cohibet.
1789 5205 2011 5270 Precor

360 5303 584 5367 autem,
619 5303 683 5356 ut
719 5298 801 5356 l7
856 5296 948 5357 vel
981 5305 1184 5358 nostra
1215 5294 1548 5359 admonitio
1580 5295 1788 5358 vitium
1820 5315 2006 5379 supe-

359 5392 476 5458 ret,
511 5385 600 5446 vcl
633 5402 753 5446 non
776 5393 978 5466 serpat
1011 5387 1069 5446 in
1103 5393 1366 5448 nostram
1397 5386 1707 5467 regionem
1743 5387 1856 5450 hoc
1887 5387 2008 5468 pia-

357 5473 598 5554 culum;
629 5473 737 5536 sed
763 5473 828 5536 in
861 5473 1078 5556 quibus
1109 5475 1440 5538 admissum
1490 5486 1578 5539 est
1612 5477 1787 5554 locis,
1825 5476 1886 5540 in
1917 5479 2010 5543 bis

350 5572 738 5648 permaneat.

437 5683 496 5772 ιδ
521 5682 708 5748 Amos
717 5698 802 5772 μ,
836 5684 909 5772 7,..
942 5764 966 5772 _
987 5680 1296 5772 QEphes.
1331 5700 1389 5759 ν,
1420 5683 1480 5747 3.
1569 5683 1625 5736 *7
1655 5685 1845 5752 Levit.
1877 5703 2029 5770 mn,

2121 5737 2136 5756 .
2223 5681 2338 5751 181
2381 5685 2521 5751 Cor.
2553 5703 2653 5759 vu,
2687 5683 2791 5754 29.
2875 5684 2934 5744 ‘9
2962 5687 3113 5755 Gen.
3148 5702 3194 5772 ι,
3227 5685 3308 5754 28
3341 5705 3359 5767 ;
3411 5701 3495 5767 rx,
3529 5687 3589 5754 1.

348 5765 372 5830 Ι
403 5763 542 5835 Cor.
573 5778 681 5844 νη,
713 5761 796 5831 9.‘
859 5763 911 5819 ³ι
942 5764 967 5830 ἰ
996 5761 1216 5834 Thess.
1250 5779 1332 5846 iv,
1366 5777 1430 5832 4.

2122 1989 2177 2046 δὲ
2221 1996 2318 2058 τῆς
2367 1991 2556 2046 ἑαυτοῦ
2589 1988 2782 2066 σαρκός
2819 2005 2834 2062 ς
2872 1989 2942 2044 0-3
2974 1987 3074 2065 γάρ
3105 1985 3185 2043 ἔτι
3223 1988 3320 2043 εἰσὶ
3351 1984 3605 2061 δύο,ἀλλά
3633 1985 3752 2061 σὰρξ

2122 2081 2218 2154 μία
2252 2099 2266 2114 ⁶
2302 2079 2438 2136 ὥστε
2485 2077 2570 2133 διά
2601 2099 2698 2144 της
2744 2077 2994 2154 γυναικὸς
3025 2077 3061 2144 ἡ
3113 2074 3314 2154 ἀδελφὴ
3354 2077 3486 2152 πρὸς
3527 2077 3626 2142 τὴν
3666 2083 3757 2131 τοῦ

2121 2168 2300 2247 ἀνδρὸς
2385 2168 2688 2235 οἰκειότητα
2755 2164 3081 2241 μεταϐαίνει.
3195 2157 3286 2228 Ὠς
3365 2187 3466 2242 γαρ
3552 2165 3760 2242 μητέρα

2120 2261 2367 2336 γυναικὸς
2421 2261 2481 2316 οὖ
2541 2255 2810 2334 λήψεταυ,
2843 2253 2959 2312 οὒδὲ
3016 2255 3274 2331 θυγατέρα
3333 2258 3424 2321 τῆς
3484 2257 3762 2332 γυναικὸς,

2119 2347 2258 2405 διότι
2316 2345 2451 2421 μηδὲ
2510 2347 2609 2410 τὴν
2688 2347 2874 2404 ἑαυτοῦ
2930 2343 3160 2424 μητέρα,
3215 2341 3350 2419 μηδέ
3409 2343 3507 2412 τὴν
3577 2343 3767 2401 ἑαυτοῦ

2119 2437 2400 2514 θυγατέρα,
2460 2433 2626 2498 οῧτως
2673 2433 2790 2493 οὐδὲ
2835 2433 3070 2512 ἀδελφήν
3125 2433 3399 2511 γυναικὸς,
3447 2430 3586 2489 διότι
3645 2458 3766 2508 μη-

2120 2525 2174 2582 δὲ
2230 2525 2461 2606 ἀδελφὴν
2519 2526 2710 2581 ἑαυτοῦ
2743 2541 2757 2554 ⁹
2820 2525 2915 2581 καί
2963 2530 3119 2580 τοῦτο
3166 2522 3453 2602 ἀνάπαλιν,
3518 2521 3635 2581 οὖδέ
3699 2531 3768 2600 τῇ

2387 2613 2429 2630 Ῥ

2119 2615 2325 2690 γυναικὶ
2381 2613 2585 2677 ἐξέσται
2649 2625 2765 2676 τοῖς
2811 2611 3022 2676 οἰκείοις
3081 2619 3165 2667 τοῦ
3225 2607 3407 2685 ἀνδρὸς
3467 2626 3766 2691 συνοικεῖν,

2119 2706 2270 2764 κοινά
2329 2705 2430 2780 γάρ
2469 2700 2554 2758 ἐπ’
2615 2700 2938 2782 ἀμφοτέροις
2983 2708 3081 2769 τῆς
3124 2700 3428 2777 συγγενείας
3460 2701 3527 2755 τά
3557 2699 3764 2757 δίκαιαο

2117 2793 2227 2871 ἐγὼ
2283 2791 2337 2849 δὲ
2392 2793 2548 2849 παντὶ
2599 2797 2676 2864 τῷ
2729 2794 2848 2870 περὶ
2891 2791 3066 2868 γάμου
3123 2789 3432 2866 βουλομένῳ
3462 2787 3763 2868 διαμαρτύ-

2117 2906 2303 2962 ρομαι,
2360 2882 2442 2938 ὅτι
2503 2882 2731 2956 παράγει
2793 2882 2852 2936 τὸ
2908 2885 3104 2961 σχῆμα
3148 2889 3242 2936 του
3287 2880 3492 2953 κόσμου
3548 2881 3755 2948 τούτου,

2116 2978 2204 3029 καὶ
2288 2976 2315 3028 ὁ
2373 2974 2554 3051 καιρὸς
2611 2969 3028 3044 συνεσταλμένος
3089 2969 3283 3024 ἐστίν*
3361 2969 3477 3026 ’Ίνα
3549 2971 3633 3024 καί
3704 2972 3753 3025 οἱ

2117 3062 2338 3142 ἔχοντες
2382 3073 2666 3140 γυναῖκας,
2713 3061 2785 3122 ὡς
2818 3060 2896 3134 μὴ
2928 3057 3148 3138 ἔχοντες
3182 3061 3331 3120 ὦσιν,
3366 3058 3488 3116 Ἐἀν
3541 3055 3596 3112 δέ
3652 3080 3744 3131 μοι

2117 3153 2502 3229 παραγινώσκῃ
2606 3152 2709 3223 τὸ,
2813 3148 3102 3213 Λῦξάνεσθε
3201 3150 3290 3204 καὶ
3400 3145 3748 3220 πληθύνεσθε,

2119 3239 2398 3318 καταγελῶ
2429 3243 2522 3296 τοῦ
2552 3245 2654 3295 τῶν
2686 3241 3013 3314 νομοθεσιῶν
3044 3239 3165 3300 τοὺς
3233 3239 3448 3312 καιροὺς
3511 3238 3586 3313 μὴ
3628 3235 3759 3292 δια-

2115 3333 2406 3409 κρίνοντος,
2471 3332 2719 3408 Πορνείας
2780 3327 3079 3406 παραμυθία
3154 3330 3182 3384 ὁ
3247 3325 3486 3405 δεύτερος
3557 3328 3761 3404 γάμος,

2113 3422 2236 3500 οὐχὶ
2295 3419 2502 3498 ξυρόδιςν
2563 3420 2634 3484 εἰς
2691 3416 2997 3495 ἀσέλγειαν.
3053 3418 3109 3473 Εἰ
3169 3420 3260 3476 ουκ
3319 3418 3765 3494 ἑγκρατεύονται,

2111 3511 2535 3586 γαμησάτωσαν,
2611 3509 2794 3588 φησὶν,
2863 3508 2986 3586 οὐχὶ
3049 3506 3104 3562 δὲ
3163 3513 3458 3584 γαμοὺντες
3514 3529 3769 3583 παρανο-

2115 3603 2404 3673 μείτωσαν,
2455 3601 2514 3656 Οἱ
2545 3596 2598 3653 δὲ
2629 3595 2744 3654 οὐδὲ
2790 3598 2920 3675 πρὸς
2965 3596 3067 3662 την
3111 3597 3262 3670 φύσιν
3327 3593 3767 3671 ἀποϐλέπουσιν,

2115 3691 2160 3744 ci
2217 3689 2315 3755 τὴν
2347 3688 2530 3766 ψυχὴν
2563 3685 2848 3762 λημῶντες
2879 3690 2954 3759 τῷ
2980 3684 3132 3741 πάθει
3177 3689 3275 3751 τῆς
3306 3685 3545 3763 ἀτιμίας,
3595 3685 3772 3743 πάλαι

2113 3777 2448 3857 διακρίνασαν
2493 3777 2584 3842 τὰς
2637 3785 2729 3836 τοῦ
2785 3776 2969 3853 γένους
3016 3776 3401 3854 προσηγορίας.
3438 3773 3537 3832 Ἐκ
3596 3775 3768 3841 ποίας

2112 3868 2417 3945 συγγενείαις
2504 3867 2630 3929 τοὺς
2740 3865 3093 3943 γεννηθέντας
3205 3864 3764 3943 προσαγορεύσουσιν,

2109 3956 2361 4036 ἀδελφοὺς
2392 3956 2578 4019 αὐτοὺς
2639 3953 2914 4030 ἀλλήλων,
2976 3955 3012 4023 ἢ
3043 3955 3300 4032 ἀνεψιοὺς
3354 3963 3711 4033 προσεροῦσιν
3746 3976 3766 4031 ς

2107 4048 2380 4127 ἀμφότερα
2432 4047 2532 4125 γάρ
2593 4047 2774 4108 αὺτοῖς
2865 4045 3224 4123 προσαρμόσει
3293 4043 3378 4101 διὰ
3434 4044 3534 4110 τὴν
3612 4067 3759 4124 συγ-

2107 4159 2288 4216 χυσιν.
2336 4136 2424 4204 Μὴ
2484 4136 2734 4211 ποιήσῃς,
2769 4137 2813 4189 ὤ
2857 4132 3118 4211 ἀνθρωπεί
3172 4135 3271 4202 τὴν
3319 4132 3461 4190 θείαν
3506 4136 3766 4213 μητρυὰν

2105 4232 2212 4282 τῶν
2269 4229 2499 4304 νηπίων,
2544 4226 2684 4300 μήτε
2735 4223 2789 4280 δὲ
2848 4226 2946 4290 την
2977 4225 3183 4302 μητρὸς
3228 4222 3370 4290 τάξει
3402 4223 3770 4300 περιθάλπειν

2105 4313 2442 4394 ὀφείλουσαν,
2476 4314 2677 4381 ταύτην
2708 4311 3007 4393 ἐφοπλίσῃς
3037 4327 3160 4376 ταῖς
3193 4311 3526 4388 ἀμειλίκτοις
3579 4313 3764 4384 ζηλοο

2103 4405 2335 4468 τυπίαις,
2402 4404 2574 4460 Μόνον
2627 4403 2727 4480 γάρ
2784 4404 2846 4459 τὸ
2906 4416 3068 4476 μῖσος
3146 4405 3256 4461 τῶν
3313 4407 3590 4481 μητρυὼν,
3657 4404 3763 4460 καί

2102 4495 2240 4568 μετά
2292 4493 2516 4550 θάνατον
2543 4491 2750 4549 ἐλαύνει
2783 4491 2883 4560 τὴν
2915 4491 3135 4572 ἔχθραν,
3169 4490 3378 4565 μᾶλλον
3426 4490 3481 4548 δὲ
3541 4494 3587 4546 οἱ
3645 4494 3751 4565 μὲν

2104 4583 2276 4648 ἄλλως
2334 4581 2608 4656 πολέμιοι,
2671 4595 2790 4646 τοῖς
2847 4582 3130 4649 τεθνηκόσι
3189 4580 3502 4639 σπένδονται
3540 4599 3553 4614 ·
3605 4581 3657 4635 αἱ
3686 4578 3748 4635 δὲ

2098 4673 2348 4750 μητρυιαὶ
2380 4679 2473 4729 τοῦ
2516 4674 2699 4748 μίσους
2731 4672 2870 4748 μετά
2927 4675 3153 4728 θάνατον
3211 4671 3498 4752 ἄρχονται.
3556 4672 3752 4752 Κεφά-

2096 4763 2245 4820 λαιον
2286 4760 2342 4818 δὲ
2384 4765 2491 4820 τῶν
2523 4760 2839 4842 εἰρημένων,
2905 4762 2949 4816 εἰ
3011 4761 3110 4836 μὲν
3155 4760 3305 4836 νόμῳ
3352 4763 3583 4840 ὁρμᾶται
3615 4762 3754 4842 πρός

2096 4854 2187 4910 τὸν
2218 4853 2418 4931 γάμον,
2449 4849 2691 4921 ἤνοικται
2736 4858 2881 4909 πᾶσα
2939 4852 2974 4920 ἡ
3019 4851 3332 4927 οἰκουμένη,
3385 4854 3442 4909 Ei
3473 4849 3525 4908 δὲ
3560 4851 3758 4927 ἔμπα-

2098 4943 2224 5010 σθὴς
2272 4943 2416 5015 αὖτῷ
2470 4942 2505 5010 ἦ
2559 4938 2789 5016 σπουδὴ,
2846 4936 2931 4996 διὰ
2973 4947 3130 4997 τοῦτο
3159 4943 3246 4997 καὶ
3281 4939 3446 4998 πλέον
3477 4939 3757 4998 ἀποκλει-

2095 5031 2274 5102 σοήτω
2313 5047 2326 5062 ’
2375 5029 2491 5089 ἰνα
2557 5030 2701 5107 μάθῃ
2759 5031 2818 5086 τὸ
2895 5029 3085 5087 ἑαυτοῦ
3143 5036 3334 5093 σκεῦος
3383 5032 3608 5087 κτᾶσθαι
3699 5030 3765 5086 ἐν

2095 5123 2369 5201 ἁγιασμῷ,
2447 5119 2526 5195 μὴ
2611 5122 2664 5178 ἒν
2753 5119 2908 5177 πάθει
2985 5119 3286 5197 ἐπιθυμίας.
3363 5122 3593 5178 Πλειονά
3675 5143 3757 5195 με

2094 5210 2268 5291 λέγειν
2301 5209 2646 5289 ὡρμημένον,
2707 5211 2770 5266 τὸ
2805 5209 3001 5289 μέτρον
3052 5209 3244 5291 ὶπέχει
3287 5215 3389 5278 τῆς
3419 5210 3759 5280 ὶπιστολῆς,

2091 5302 2338 5381 Εὒχομαι
2395 5299 2476 5379 δὲ,
2535 5298 2571 5368 ἢ
2632 5299 2730 5366 τὴν
2788 5300 3098 5378 παραίνεσιν
3157 5302 3316 5376 ἡμῶν
3385 5300 3759 5380 ἰσχυροτέραν

2089 5397 2182 5448 τοῦ
2248 5390 2448 5452 πάθους
2514 5385 2906 5468 ἀποδειχθῆναι
2942 5407 2955 5423 ⁸
3021 5388 3057 5457 ἢ
3131 5390 3209 5465 μὴ
3271 5389 3613 5465 ἐπιδημῆσαι
3671 5398 3758 5468 τῇ

2090 5478 2324 5556 ἡμετέρα
2356 5480 2414 5534 τὸ
2441 5474 2569 5557 ἄγος
2600 5485 2779 5554 τοῦτο,
2799 5475 2922 5534 ἀλλ’
2954 5475 3006 5534 ἐν
3037 5478 3126 5545 οἷς
3144 5479 3206 5534 ἂν
3239 5478 3517 5556 ἐτολμήθη
3550 5481 3756 5548 τόποις

2092 5570 2463 5647 ἰναπομιῐναι.

3679 5683 3753 5742 ,η
3793 5701 3800 5705 _
