4108 6222
383 335 501 408 467

1599 339 1865 404 PHOTII
1907 335 2424 402 PATRIARCHE
2465 335 2577 399 ΟΡ.

3651 331 3768 398 468

385 475 592 552 edere,
617 481 683 538 ut
733 485 794 539 et
839 474 891 538 is
951 477 1054 556 qui
1084 473 1224 555 agit,
1281 472 1547 555 periculo
1579 481 1801 548 careat,
1837 481 1896 535 et
1929 471 2066 549 quit

2161 478 2295 546 ιυτῷ
2325 469 2567 547 γενέσθαι
2605 485 2617 498 ·
2656 470 2744 525 καὶ
2791 467 2957 532 οὕτως
2990 468 3232 525 ἐιθέσθαι
3265 467 3357 522 τὸν
3414 466 3637 539 κανόνα,
3682 467 3776 522 Ἵνα

384 565 734 646 respondet,
770 566 831 627 in
865 572 1024 628 tanto
1075 563 1380 644 ejusmodi
1441 562 1868 644 quaestionibus
1899 581 2030 625 res-

387 674 576 739 ponso
606 655 1028 719 auctoritatem
1062 654 1299 717 haheat.

471 837 640 903 CAP.
675 837 744 900 V.
781 873 852 885 —
887 838 970 902 De
993 837 1380 919 patriarchz’s,
1415 846 1470 900 et
1518 837 2035 918 metropolitani—3,

389 937 444 992 ct
471 928 546 992 de
575 930 656 992 iis
679 933 790 1010 qui
813 929 1109 992 dicuntur
1134 929 1428 1008 primates
1457 929 1527 990 in
1557 928 1807 1006 Africa.

819 1021 1250 1103 Apostolorum
1279 1039 1481 1085 canon
1512 1020 1611 1086 34.

471 1119 550 1182 34
582 1117 737 1199 [33].
775 1118 1106 1200 Episcopos
1134 1114 1608 1198 uniuscujusque
1633 1120 1830 1196 gentis
1861 1130 2040 1176 nosse

393 1216 628 1291 oportet
649 1225 786 1272 eum
817 1208 920 1289 qui
955 1207 1014 1268 in
1045 1209 1134 1270 eis
1157 1215 1246 1268 est
1271 1205 1590 1286 primus,et
1616 1205 1960 1267 existimare
1984 1210 2050 1265 ut

394 1307 568 1381 caput
592 1316 606 1362 :
629 1306 690 1362 et
722 1297 870 1360 nihil
897 1297 1119 1371 facere,
1155 1296 1310 1377 quod
1338 1298 1415 1357 sit
1435 1295 1686 1358 arduum
1713 1302 1815 1357 aut
1846 1291 2051 1372 magni

395 1388 946 1468 momenti,pra3ter
977 1386 1139 1450 illius
1161 1385 1554 1449 sententiam:
1591 1385 1695 1448 illa
1723 1392 1923 1447 autem
1955 1382 2049 1446 fa-

397 1497 535 1542 cere
561 1495 1218 1559 unumquemque,quaa
1239 1475 1312 1538 ad
1343 1493 1512 1537 suam
1549 1474 1898 1556 parochiam
1923 1491 2053 1554 per-

398 1569 611 1642 tinent,
643 1577 702 1630 et
732 1585 917 1650 pagos
946 1566 1051 1643 qui
1083 1571 1138 1628 ei
1167 1565 1441 1627 subsunt.
1477 1563 1592 1627 Sed
1627 1582 1738 1627 nec
1775 1563 1878 1626 ille
1908 1562 2052 1625 abs-

398 1677 514 1740 que
537 1659 804 1721 omnium
836 1656 1140 1720 sententia
1170 1653 1393 1735 aliquid
1425 1663 1582 1734 agat.
1605 1653 1705 1718 Sic
1737 1653 1900 1716 enim
1938 1652 2056 1715 erit

399 1747 748 1825 concordia,
809 1754 870 1809 et
927 1744 1364 1827 gloriﬁcabitur
1398 1744 1554 1807 Deus
1585 1761 1698 1826 per
1729 1743 2049 1806 Dominum

397 1836 604 1922 Iesum
635 1837 964 1901 Christum.

669 1931 933 1997 Concilii
960 1933 1198 1996 Nicami
1227 1948 1494 1995 canones
1517 1931 1576 1998 4,
1611 1931 1672 2004 6,
1705 1933 1767 1992 7.

481 2025 914 2107 LEpiscopum
943 2026 1008 2077 35
1023 2031 1259 2106 oportet
1290 2023 1548 2085 maxime
1565 2021 1805 2104 quidem
1831 2022 1904 2084 ab
1926 2039 2050 2084 om-

403 2115 582 2179 nibus
613 2115 714 2197 qui
748 2115 980 2180 suntin
1017 2113 1346 2197 provincia,
1400 2112 1710 2176 constitui.
1751 2111 1813 2176 Si
1845 2118 2046 2174 autem

403 2207 605 2270 sithoc
616 2204 984 2278 difﬁcile,vel
1004 2211 1247 2285 propter
1268 2210 1581 2282 urgentem
1605 2201 2049 2280 necessitatem,

405 2293 1208 2374 velviaalongitudinem,tres
1221 2291 1467 2354 omnino
1483 2290 1763 2354 eumdem
1780 2291 1840 2352 in
1857 2291 2051 2352 locum

406 2383 1180 2465 congregatos,absentibus
1202 2398 1443 2463 quoque
1463 2381 1808 2461 suffragium
1845 2380 2054 2442 feren-

406 2473 959 2556 tibus,scriptisquo
985 2469 1480 2543 assentientibus,
1507 2478 1648 2532 tunc
1677 2471 1772 2531 25
1801 2469 2052 2532 electio-

409 2581 550 2628 nem
579 2563 708 2626 tieri
723 2581 952 2639 ,eorum
981 2569 1181 2625 autem
1200 2579 1332 2642 qua;
1350 2560 2052 2634 ﬁunt,conﬁrmationem

409 2653 474 2716 in
508 2671 864 2735 unaquaque
885 2651 1194 2732 provincia
1222 2669 1258 2713 a
1283 2649 1742 2730 metropolitano
1775 2649 1930 2711 ﬁeri.

452 2743 766 2824 6.Antiqui
792 2759 992 2804 mores
1013 2738 1532 2820 serventur35,qui
1548 2749 1685 2800 sunt
1707 2738 1764 2799 in
1781 2737 2054 2819 Egypto,

415 2841 476 2897 et
499 2830 706 2914 Libya,
739 2839 800 2895 et
827 2829 1239 2911 Pentapoli,ut
1268 2827 1707 2890 Alexandrinus
1737 2827 2060 2908 episcopus

413 2923 627 2986 horum
650 2921 920 2984 omnium
946 2918 1162 2983 habeat
1183 2915 2059 3000 potestatem,quandoquidem

417 3019 480 3074 et
507 3011 792 3094 episcopo
827 3008 1097 3073 Romano
1120 3009 1234 3070 hoc
1261 3014 1352 3070 est
1381 3003 2067 3094 consuetum.Similiter

421 3110 480 3165 et
508 3101 568 3164 in
592 3099 1006 3174 Antiochia,et
1026 3097 1088 3158 in
1115 3097 1250 3159 aliis
1274 3095 1603 3176 provinciis
1625 3112 1732 3156 sua
1754 3093 2066 3176 privilegia

2123 563 2213 617 καὶ
2272 561 2347 634 τῷ
2393 553 2678 629 ποιήσαντι
2726 559 2785 614 τὸ
2838 557 3106 614 ἀκίνδυνον
3137 559 3173 634 ᾗ
3209 579 3219 590 ο
3289 557 3375 612 καὶ
3421 559 3447 612 ὸ
3483 557 3775 625 ἆποκρινόυ

2125 671 2312 729 μενος,
2388 651 2450 706 τὸ
2536 649 2847 714 ἀξιόπιστον
2930 647 3038 727 ἔχῃ
3111 647 3164 702 ἐν
3219 653 3286 723 τῇ
3345 647 3462 725 περῖ
3521 646 3778 704 τοιούτων

2125 737 2428 817 ἀποκρίσει,

2205 834 2460 888 ΚΕΦΑΛ.
2502 826 2582 890 B’.
2616 859 2691 872 —
2726 828 2848 906 Περὶ
2905 831 3256 905 πατριαργῶν
3315 826 3399 881 καὶ
3431 823 3776 903 μητροπολι-

2119 922 2253 998 τῶν,
2292 919 2382 973 καὶ
2413 922 2520 974 τῶν
2552 917 2605 973 ὲν
2638 917 2868 996 ’Λφρικῇ
2899 915 3205 994 λεγομένων
3234 913 3540 992 πριμάτων.

2598 1005 2615 1030 ⁹
2627 1003 2950 1063 Αποστόλων
2980 1006 3158 1062 κανὼν
3187 1002 3294 1067 λδ’,

2205 1099 2281 1162 δ’.
2328 1102 2462 1164 Τοὺς
2523 1099 2849 1159 ἐπισκόπους
2895 1099 3121 1156 ἑκάστου
3163 1097 3366 1178 ἔθνους,
3429 1096 3620 1153 εἰδέναι
3666 1097 3778 1178 χρὴ

2129 1193 2220 1249 τὸν
2254 1192 2309 1248 ἐν
2341 1193 2522 1252 αὐτοῖς
2545 1197 2780 1270 πρῶτον,
2813 1192 2911 1246 καὶ
2933 1191 3183 1267 ἡγεῖσθαι
3218 1188 3375 1244 αὑτὸν
3404 1189 3478 1250 ὡς
3510 1185 3774 1266 κεφαλὴν,

2131 1283 2222 1340 καί
2284 1278 2451 1357 μηδέν
2507 1303 2558 1337 τι
2616 1280 2869 1351 πράττειν
2925 1279 3170 1356 περιττὸν
3249 1277 3371 1334 ἄνευ
3426 1281 3524 1344 τῆς
3573 1276 3779 1333 ἐκείνου

2132 1371 2380 1451 γνώμης,
2427 1373 2612 1427 ἓκεῐνα
2655 1367 2708 1426 δὲ
2754 1370 2894 1444 μόνα
2954 1369 3212 1446 πράττειν
3263 1367 3510 1442 ἕκαστον,
3557 1365 3658 1425 ὅσα
3712 1372 3783 1444 τῇ

2134 1461 2295 1517 αὒτοῦ
2324 1461 2574 1536 παροικίᾳ
2605 1458 2883 1516 ἐπιϐάλλει
2917 1459 3004 1514 καὶ
3055 1471 3174 1520 ταῖς
3229 1457 3316 1514 ὕπ’
3350 1458 3510 1525 αὐτὴν
3542 1457 3778 1537 χώραις.

2133 1548 2305 1607 Ἀλλᾶ
2350 1547 2486 1621 μηδὲ
2515 1552 2723 1614 ἒκεῐνος
2762 1547 2885 1605 ἄνευ
2915 1553 3015 1615 τῆς
3055 1548 3269 1604 πάντων
3301 1547 3526 1624 γνώμης
3560 1547 3784 1604 ποιείτω

2132 1661 2183 1695 τι
2217 1655 2232 1670 ⁸
2291 1637 2431 1696 οὕτω
2485 1639 2584 1717 γὰρ
2643 1637 2865 1713 ὁμόνοια
2925 1636 3097 1710 ἔσται,
3152 1637 3241 1692 καὶ
3297 1633 3678 1706 δοξασθήσεται
3751 1639 3781 1693 ὁ

2135 1732 2342 1805 Πατὴρ,
2375 1730 2402 1785 ὁ
2427 1729 2568 1802 Υἱὸς,
2602 1728 2690 1784 καὶ
2721 1729 2781 1784 τὸ
2814 1726 2968 1806 ἅγιον
3003 1732 3234 1801 Πνεῦμα.

2461 1909 2687 1967 Συνόδου
2717 1911 2937 1973 Νικαίας
2967 1911 3144 1967 κανὼν
3175 1908 3222 1966 δ’
3253 1907 3334 1984 ς’
3365 1908 3434 1980 ζ’.

2211 2003 2280 2064 δ’.
2333 2004 2660 2063 Ἐπίσκοπον
2703 2005 2964 2081 προσήκει
3027 2002 3261 2077 μάλιστα
3307 2003 3406 2075 μὲν
3434 2002 3536 2058 ὑπὸ
3569 2001 3779 2057 πάντων

2131 2101 2238 2152 τῶν
2309 2094 2364 2150 έν
2432 2099 2501 2170 τῇ
2557 2093 2790 2172 ἐπαρχίᾳ
2860 2092 3223 2154 καθίστασθαι.
3276 2093 3332 2148 Εἰ
3404 2089 3459 2147 δὲ
3516 2089 3772 2170 δυσχερὲς

2136 2185 2230 2251 εἴη
2301 2185 2361 2240 τὸ
2420 2183 2682 2256 τοιοῦτον,
2730 2185 2766 2251 ἢ
2829 2180 2914 2238 διὰ
2957 2183 3381 2258 καταπείγουσαν
3425 2181 3691 2258 ἀνάγκην,
3741 2179 3778 2247 ἣ

2137 2272 2221 2330 διὰ
2278 2278 2452 2348 μῆκος
2505 2271 2626 2329 ὁδοῦ
2681 2271 2973 2338 ἑξάπαντος
3017 2284 3164 2350 τρεῖς
3210 2270 3295 2327 ἐπὶ
3340 2273 3400 2327 τὸ
3452 2271 3580 2326 αὐτὸ
3613 2291 3780 2326 συνασ-

2137 2363 2416 2442 γομὲνους,
2478 2360 2784 2441 συμψάφων
2837 2360 3134 2438 γινομένων
3195 2361 3283 2416 καὶ
3339 2365 3444 2415 τῶν
3504 2359 3778 2436 ἀπόντων,

2135 2455 2226 2510 καὶ
2256 2451 2640 2526 συντιθεμένων
2683 2449 2767 2507 διὰ
2813 2449 3170 2528 γραμμάτων,
3214 2448 3340 2506 τότε
3386 2449 3481 2517 τὴν
3527 2468 3790 2528 χειροτο-

2137 2543 2248 2598 νίαν
2303 2544 2570 2597 ποιεῖσθαι
2604 2556 2620 2570 ⁸
2655 2541 2714 2595 τὸ
2744 2537 2798 2594 δὲ
2842 2545 2992 2614 γῦρος
3026 2537 3257 2595 δίδοσθαι
3318 2543 3426 2593 τῶν
3489 2537 3792 2616 γινομένων

2138 2629 2254 2688 καθ’
2300 2631 2531 2696 ἑκάστην
2561 2628 2825 2707 ἐπαρχίαν
2854 2633 2932 2701 τῷ
2961 2627 3364 2707 μητροπολίτῃ.

2219 2718 2326 2793 ς’.
2378 2721 2451 2777 Τὰ
2481 2718 2693 2797 ἀρχαῖα
2724 2717 2816 2783 ἔθη
2864 2718 3149 2793 κρατείτω,
3184 2717 3250 2774 τὰ
3294 2716 3349 2773 ἐν
3404 2717 3653 2794 Αίγύπτῳ
3693 2718 3791 2772 καί

2142 2807 2309 2886 Λιϐύῃ
2381 2810 2470 2866 καὶ
2524 2806 2879 2881 Πενταπόλει,
2938 2806 3077 2862 ὥστε
3142 2805 3234 2862 τδν
3288 2805 3342 2862 ἐν
3420 2805 3794 2884 Ἀλεξανδρείᾳ

2145 2898 2460 2976 ἐπίσκοπον,
2533 2897 2747 2954 πάντων
2839 2896 3042 2952 τούτων
3123 2893 3273 2976 ἔχειν
3348 2896 3446 2963 τὴν
3527 2894 3792 2969 ἐξουσίαν,

2147 2984 2332 3056 ἐπειδὴ
2390 2989 2480 3043 καὶ
2537 2993 2614 3060 τῷ
2659 2986 2712 3041 ἐν
2769 2991 2837 3062 τῇ
2879 2986 3062 3061 Ῥώμῃ
3119 2984 3398 3058 έπισκόπῳ
3446 2991 3605 3042 τοῦτο
3662 2986 3793 3042 σύν-

2148 3077 2271 3144 ηθές
2331 3076 2472 3134 ἐστιν
2509 3091 2523 3105 ⁶
2587 3075 2787 3150 ὁμοίως
2846 3072 2900 3129 δὲ
2962 3075 3051 3130 καὶ
3111 3075 3188 3147 τῷ
3229 3076 3366 3131 κατὰ
3423 3075 3522 3142 τὴν
3576 3071 3790 3131 Ἀντιό-

421 3162 492 3253 ac
521 3162 986 3269 suaedlgnitates
1004 3195 1063 3250 et
1087 3162 1470 3250 auctoritates
1499 3162 1788 3248 Ecclesils
1818 3162 2065 3247 serven-

2161 3186 2335 3246 χειαν,
2392 3166 2476 3222 καὶ
2535 3165 2588 3222 ἐν
2630 3178 2755 3228 ταῖς
2815 3163 3002 3226 ἄλλαις
3063 3162 3373 3243 ἐπαρχίαις,
3421 3165 3488 3220 τὰ
3536 3162 3792 3242 πρεσϐεῖα

422 3289 539 3343 tur.
574 3280 729 3344 Illud
759 3286 959 3342 autem
993 3285 1082 3340 est
1115 3276 1360 3338 omnino
1392 3274 1799 3347 manifestum,
1829 3274 1986 3354 quod
2017 3275 2068 3336 si

422 3368 558 3451 quis
578 3368 808 3446 absque
833 3366 1277 3447 metropolitani
1306 3364 1604 3426 sententia
1626 3363 1816 3426 factus
1837 3363 1914 3425 sit
1933 3362 2067 3444 epi-

421 3476 670 3539 scopus,
729 3475 868 3521 eum
910 3474 1124 3536 magna
1181 3453 1449 3536 synodus
1480 3453 1751 3516 deﬁnivit
1785 3473 1903 3515 non
1934 3471 2068 3515 esse

425 3547 982 3631 episcopum.Quod
1009 3547 1075 3597 33
1101 3546 1152 3607 si
1183 3543 1427 3626 quidem
1461 3545 1767 3606 communi
1799 3543 2070 3605 omnium

426 3639 730 3713 electioni,
764 3655 900 3720 quae
920 3645 978 3700 et
993 3634 1211 3700 rationi
1236 3641 1662 3709 consentanea,
1688 3641 1745 3695 et
1767 3651 1838 3696 ex
1869 3633 2076 3712 regula

427 3727 840 3792 ecclesiastica
865 3726 1020 3789 facta
1047 3731 1158 3801 est,
1194 3723 1312 3785 duo
1341 3722 1436 3784 vel
1469 3728 1590 3784 tres
1613 3732 1860 3803 propter
1880 3740 2072 3796 suam,

425 3837 542 3901 qua
572 3817 979 3893 delectantur,
1022 3813 1469 3878 contentionem
1503 3811 2076 3886 contradicant,vin-

428 3915 566 3970 cant
598 3907 864 3987 plurium
897 3904 1204 3981 suﬂ‘ragia.

516 3995 868 4070 7.Quoniam
903 3992 1160 4056 obtinuit
1183 3991 1560 4053 consuetudo
1593 3997 1650 4052 et
1680 3989 1928 4069 antiqua
1952 3998 2076 4051 tra-

431 4086 605 4166 ditio,
637 4086 839 4165 utqui
871 4091 961 4146 est
1007 4083 1070 4145 in
1124 4080 1279 4144 Elia
1319 4080 1656 4159 episcopus,
1695 4079 2070 4140 honoretur:

429 4174 652 4238 habeat
681 4170 931 4235 honoris
963 4168 1480 4251 consequentiam,
1498 4166 1809 4248 metr0poli
1836 4166 2080 4247 propria

431 4263 718 4344 dignitate
749 4269 1004 4323 servata.

777 4352 1043 4417 Concilii
1064 4351 1435 4416 Antiochem‘
1462 4367 1656 4414 canon
1676 4354 1736 4412 9.

513 4451 577 4514 9.
609 4447 940 4530 Episcopos
973 4445 1077 4527 qui
1105 4452 1247 4508 sunt
1277 4445 1338 4507 in
1374 4462 1729 4525 unaquaque
1753 4443 2080 4524 provincia,

2151 3255 2407 3326 σώζεσθαι
2464 3267 2589 3319 ταῖς
2657 3252 3005 3320 Ἐκκλησίαις
3044 3269 3058 3283 ⁸
3131 3251 3360 3310 καθόλου
3414 3251 3469 3308 δὲ
3530 3251 3799 3330 πρόδηλον

2149 3347 2354 3418 ὶκεῐνο,
2385 3344 2467 3401 ὅτι
2527 3344 2579 3399 εἴ
2619 3365 2700 3408 τις
2761 3347 2938 3422 χωρὶς
2981 3341 3205 3419 γνώμης
3249 3349 3342 3400 τοῦ
3400 3342 3801 3420 μητροπολίτου

2151 3434 2358 3513 γένοιτο
2417 3434 2737 3507 έπίσκοπος,
2796 3434 2890 3487 τὸν
2942 3439 3180 3489 τοιοῦτον
3238 3433 3270 3500 ἡ
3316 3430 3530 3509 μεγάλη
3586 3429 3802 3497 σύνοδος

2153 3523 2313 3602 ὥρισε
2347 3525 2422 3598 μὴ
2450 3521 2564 3579 δεῖν
2593 3523 2738 3580 εἶναι
2773 3522 3085 3582 ἐπίσκοπον,
3138 3523 3264 3578 Ἐὰν
3299 3522 3396 3596 μέν
3423 3543 3506 3578 τοι
3540 3527 3606 3597 τῇ
3648 3527 3803 3596 κοινῇ

2157 3612 2372 3667 πάντων
2403 3613 2570 3690 ψήφῳ
2628 3609 2830 3688 εὐλόγῳ
2885 3608 3017 3684 οὔσῃ
3061 3611 3149 3667 καὶ
3199 3612 3334 3667 κατὰ
3364 3611 3562 3666 κανόνα
3593 3609 3800 3676 ἐκκλη-

2156 3702 2455 3775 σιαστικὸν,
2485 3700 2574 3756 δύο
2605 3700 2639 3768 ἢ
2668 3713 2814 3778 τρεῖς
2845 3697 2914 3756 δι’
2965 3700 3160 3756 οἰκείαν
3209 3698 3535 3779 φιλονεικίαν
3585 3699 3804 3756 ἀντιλέο

2157 3812 2320 3869 γωσι,
2353 3791 2616 3869 κρατείτω
2646 3791 2681 3857 ἡ
2709 3795 2815 3846 τῶν
2847 3787 3106 3846 πλειόνων
3138 3789 3340 3870 ψῆφος.

2237 3966 2308 4040 ζ’.
2343 3966 2563 4037 Ἐπειδὴ
2607 3969 2858 4038 συνήθεια
2906 3967 3204 4046 κεκράτηκε
3260 3970 3346 4024 καὶ
3379 3967 3669 4046 παράδοσις
3701 3968 3807 4046 ἀρ-

2161 4059 2318 4138 χαία,
2352 4057 2488 4115 ὥστε
2521 4060 2610 4114 τὸν
2652 4060 2709 4114 ἒν
2764 4057 2914 4128 Allia;
2958 4057 3246 4114 ἐπίσκοπον
3289 4061 3569 4132 τιμᾶσθαι,
3628 4057 3808 4136 ἐχέτω

2159 4147 2260 4214 τὴν
2291 4145 2602 4203 ἀκολουθίαν
2634 4146 2728 4214 τῆς
2777 4151 2965 4222 τιμῆς,
3017 4151 3084 4223 τῇ
3128 4146 3460 4225 μητροπόλει
3502 4146 3811 4222 σωζομένου

2162 4235 2255 4292 τοῦ
2285 4236 2476 4292 οἰκείου
2508 4236 2835 4311 ἀξιώματος.

2526 4344 2755 4402 Συνόδου
2787 4343 3126 4424 Ἀντιοχείας
3156 4346 3334 4401 κανὼν
3363 4344 3432 4406 θ’.

2244 4437 2315 4502 θ’.
2355 4439 2486 4502 Τοὺς
2523 4438 2639 4496 καθ’
2671 4439 2903 4505 ἑκάστην
2943 4437 3210 4518 ἐπαρχίαν
3261 4437 3589 4501 ἐπισκόπους
3623 4437 3813 4495 εἰδέναι

432 4537 591 4602 scire
621 4526 854 4618 oportet
889 4526 1265 4617 episcopum,
1325 4536 1430 4616 qui
1491 4543 1706 4614 praeest
1738 4533 2066 4612 metropoli.

2171 4530 2282 4609 χρὴ
2342 4530 2434 4585 τὸν
2487 4531 2545 4584 tv
2604 4533 2672 4603 τῇ
2729 4526 3060 4604 μητροπόλει
3123 4535 3438 4605 προεστῶτα
3498 4527 3812 4608 ἐπίσκοπον,

437 4628 612 4691 etiam
645 4643 848 4689 curam
885 4625 1204 4706 suscipere
1238 4624 1422 4687 totius
1457 4622 1894 4704 provincim,eo
1928 4622 2088 4700 quod

434 4718 499 4781 in
523 4714 905 4797 metropolim
929 4713 1330 4794 undequaqne
1365 4720 1738 4775 concurrunt
1761 4730 1973 4773 omnes
1991 4712 2092 4793 qui

317 4845 324 4854 ι
437 4807 662 4874 habent
686 4803 1330 4886 negotia.Undevisum
1348 4811 1437 4865 est
1455 4820 1590 4864 eum
1611 4821 1849 4883 quoque
1863 4802 2094 4863 honore

440 4895 818 4980 princedere:
844 4894 1111 4973 reliquos
1132 4899 1329 4955 autem
1364 4891 1684 4972 episcOpos
1715 4890 1860 4980 nihil
1895 4892 2091 4970 magni

440 4979 730 5049 momenti
762 4983 1009 5062 aggredi
1041 4983 1174 5044 sine
1205 4981 1434 5062 ipso,ut
1465 4981 1608 5054 vult,
1651 4980 1759 5058 qui
1788 4979 1862 5041 ab
1896 4980 2088 5053 initio,

440 5073 724 5148 obtinuit,
760 5072 1004 5134 Patrum
1037 5091 1273 5134 canon:
1326 5071 1418 5132 vel
1441 5070 1590 5146 sola,
1620 5089 1752 5150 qua:
1774 5069 1845 5131 ad
1881 5075 2092 5130 unius-

443 5163 739 5244 cujusque
775 5162 1116 5240 parochiam
1143 5160 1479 5232 conierunt,
1504 5168 1562 5222 et
1587 5166 1866 5238 regiones
1888 5177 2019 5239 quas
2041 5159 2114 5221 ei.

441 5250 719 5315 subsunt.
751 5248 1255 5330 Unumquemque
1291 5250 1452 5312 enim
1487 5248 1837 5329 episcopum
1869 5247 2098 5309 habere

443 5359 570 5404 sum
591 5338 896 5422 parochias
919 5346 1369 5416 potestatem,et
1387 5337 1812 5400 administrare
1841 5355 1945 5418 pro
1973 5337 2095 5397 uni-

445 5430 668 5512 cuique
710 5429 1108 5492 conveniente
1157 5428 1475 5509 religione,
1524 5435 1582 5490 et
1615 5427 1798 5490 totius
1829 5426 2095 5505 regionis

449 5538 652 5584 curam
670 5537 906 5600 gerere,
936 5537 1070 5601 quae
1091 5535 1216 5580 sum
1235 5517 1366 5580 urbi
1389 5520 1621 5582 subest.
1655 5517 1730 5582 Ut
1760 5517 1938 5579 etiam
1986 5535 2090 5578 or-

2174 4620 2262 4675 καὶ
2318 4618 2416 4686 την
2493 4615 2739 4696 φροντίδα
2795 4615 3148 4696 ἀναδέχεσθαι
3228 4616 3406 4684 πάσης
3489 4621 3589 4683 τῆς
3648 4617 3814 4694 ἐπαρ-

2173 4711 2326 4788 χίας,
2359 4706 2442 4764 διὰ
2471 4711 2531 4763 τὸ
2574 4707 2630 4763 ἐν
2659 4712 2728 4782 τῇ
2775 4706 3107 4781 μητροπόλει
3139 4707 3478 4785 πανταχόθεν
3507 4707 3820 4785 θυντρὲχειν

2174 4799 2375 4861 πάντας
2419 4797 2540 4860 τοὺς
2597 4797 2661 4855 τὰ
2696 4798 2987 4874 πράγματα
3044 4795 3272 4875 ἔχοντας
3308 4811 3322 4825 ⁸
3371 4795 3490 4852 ὅθεν
3529 4794 3669 4862 ἔδοξε
3731 4798 3822 4852 καὶ

2174 4888 2242 4955 τῆ
2299 4891 2433 4962 τιμῇ
2488 4889 2839 4963 προηγεῖσθαι
2899 4887 3081 4964 αὐτὸν,
3143 4883 3310 4957 μηδέν
3341 4906 3399 4942 τε
3432 4886 3683 4964 πράττειν
3715 4907 3820 4941 πε-

2175 4978 2349 5056 ριττὸν
2377 4976 2497 5040 τοὺς
2527 4973 2744 5038 λοιποὺς
2777 4974 3099 5038 ἐπισκόπους
3132 4972 3253 5032 ἄνευ
3294 4975 3475 5047 αὖτοῠ,
3535 4976 3673 5032 κατὰ
3731 4977 3824 5031 τὸν

2179 5067 2413 5146 ἀρχαῖον
2444 5066 2786 5143 κρατήσαντα
2817 5065 2876 5120 ἐκ
2925 5070 3030 5120 τῶν
3080 5063 3332 5140 Πατὲρων
3384 5066 3540 5138 ἡμῶν
3573 5069 3769 5120 κανόνα
3807 5083 3818 5096 ·

2179 5157 2214 5225 ἢ
2254 5163 2422 5213 ταῦτα
2465 5155 2628 5229 μόνα,
2676 5154 2778 5211 ὅσα
2824 5161 2891 5231 τῇ
2935 5153 3159 5211 ἑκάστου
3214 5150 3490 5210 ἐπιϐάλλει
3544 5155 3825 5232 παροινίᾳ,

2178 5247 2266 5302 καὶ
2309 5258 2433 5308 ταῖς
2477 5243 2568 5300 ὑπ’
2600 5243 2766 5310 αὐτὴν
2823 5244 3055 5323 χώραις,
3103 5240 3373 5301 ’Ἑκαστον
3402 5244 3503 5320 γὰρ
3535 5243 3828 5300 ἐπίσκοπον

2177 5334 2412 5400 ἐξουσίαν
2444 5332 2592 5412 ἔχειν
2624 5332 2720 5400 τῆς
2748 5332 2940 5390 ἑαυτοῦ
2986 5334 3292 5409 παροικίας,
3347 5330 3573 5388 διοικεῖν
3603 5353 3660 5387 τε
3691 5334 3830 5388 κατὰ

2176 5426 2274 5492 τὴν
2329 5424 2540 5497 ἑκάστῳ
2591 5420 2982 5482 ἐπιϐάλλουσαν
3065 5419 3366 5492 εὐλάϐειαν,
3429 5422 3517 5478 καὶ
3573 5421 3829 5498 πρόνοιαν

2177 5516 2448 5572 ποιεῖσθαι
2493 5513 2670 5580 πάσης
2701 5517 2802 5580 τῆς
2837 5513 3024 5593 χώρας
3057 5516 3157 5579 τῆς
3200 5512 3302 5568 ὑπὸ
3330 5511 3431 5578 τὴν
3465 5509 3624 5570 αὐτοῦ
3666 5509 3827 5566 πόλιν

527 5628 830 5709 δὸᾃΑροει,
865 5632 953 5709 t_;
986 5625 1330 5709 [δρῴης
1365 5625 1644 5709 Antioch.
1669 5626 1810 5709 _t_9_;
1844 5624 2031 5709 Atrio.
2056 5619 2410 5709 _16‘;__Tolet.
2447 5620 2545 5684 l9.
2631 5619 2696 5672 ³⁸
2725 5621 2936 5702 Apost.
3023 5621 3148 5699 35;
3189 5617 3472 5683 Antioch.
3505 5617 3583 5696 9;
3619 5617 3826 5681 Const.

449 5707 511 5772 2.
595 5704 968 5770 w'Antioch.
1012 5707 1087 5769 18
1124 5707 1379 5784 ;Innoc.
1412 5707 1452 5770 8
1489 5725 1506 5784 ;
1536 5705 1734 5771 Bonif.
1766 5704 1803 5770 4
1837 5724 1854 5783 ;
1887 5704 2104 5768 Leonis
2136 5705 2231 5766 15.
