4018 6206
255 349 378 416 477

1115 354 1532 420 SYNTAGMA
1575 352 1974 420 CANONUM.
2042 385 2107 399 -
2171 353 2328 420 TlT.
2377 357 2427 438 Ι,
2474 359 2635 423 CAP.
2688 357 2792 423 VI.

3513 355 3630 424 478

255 488 348 550 οὕς
395 489 484 544 καὶ
534 488 791 560 προσήκει
837 487 902 544 δι’
964 488 1276 565 ἐπιστολῆς,
1315 493 1408 547 τὸν
1452 491 1506 547 ἒν
1563 494 1630 568 τῇ
1688 509 1896 567 μητρο-

1994 487 2131 549 socii
2166 489 2746 571 (συλλειτουργοὺς),θι
2772 498 3010 573 oportet
3035 508 3140 572 per
3168 489 3478 573 epistolam
3508 511 3628 555 me-

260 577 416 634 πόλει
475 576 764 654 συγκαλεῖν
799 594 814 608 ⁸
877 580 963 635 καὶ
1021 581 1063 634 εἷ
1106 579 1203 654 μὲν
1263 581 1553 637 ἀπαντοϊεν
1603 581 1894 651 οἱπάντετ,

253 667 493 744 βέλτιον.
542 669 600 725 Εἰ
643 666 698 724 δὲ
741 666 996 749 δυσχερὲς
1056 669 1149 736 εἴη
1194 677 1374 750 τοῦτο,
1432 669 1553 736 τούς
1581 692 1642 750 γε
1687 669 1899 732 πλείους

249 756 546 823 ἕξᾶπανεος
591 771 843 837 παρεῖναι
900 757 984 816 δεῖ
1016 776 1031 790 ⁸
1091 759 1128 828 ἢ
1171 758 1255 816 διὰ
1301 760 1629 839 γραμμάτων
1675 759 1895 835 ὁμοψή-

245 869 381 926 φους
424 848 670 925 γενέσθαι.
705 866 721 882 ·
789 850 878 906 καὶ
952 849 1090 908 οὕτω
1163 851 1300 925 μετὰ
1341 855 1442 917 τῆς
1486 856 1594 907 τῶν
1635 848 1897 906 πλειόνων

244 937 371 1004 ἤτοι
413 939 706 1016 παρουσίας
764 938 802 1007 ἢ
861 941 1067 1019 ψήφου,
1101 941 1335 1018 γίνεσθαι
1391 942 1491 1010 τὴν
1547 940 1894 1000 κατάστασιν,

248 1030 306 1085 εἰ
361 1025 417 1083 δὲ
478 1027 653 1092 ἄλλως
710 1029 853 1104 παρᾶ
929 1030 995 1085 τὰ
1064 1028 1336 1106 ὡρισμένα
1415 1032 1673 1109 γίγνοιτο,
1732 1026 1899 1104 μηδὲν

245 1118 458 1198 ἰσχύειν
513 1120 612 1186 τὴν
669 1120 1004 1199 χειροτονὶαν
1038 1135 1053 1150 ⁶
1103 1121 1148 1175 εἰ
1210 1118 1265 1176 δὲ
1316 1121 1455 1177 κατᾶ
1482 1123 1576 1176 τὸν
1605 1118 1898 1198 ὡρισμένον

245 1208 452 1264 κανόνα
507 1209 748 1286 γίγνοιτο
806 1211 842 1277 ἡ
902 1209 1253 1286 κατάστασις,
1299 1209 1622 1287 ἀντιλέγοιεν
1651 1208 1708 1266 δέ
1749 1229 1890 1271 τινες

242 1295 320 1354 δι’
380 1297 585 1354 οἰκείαν
636 1297 988 1378 φιλονεικίαν,
1048 1312 1266 1378 κρανεϊν
1312 1299 1417 1355 τῶν
1477 1298 1738 1356 πλειόνων
1795 1297 1894 1365 τὴν

243 1387 453 1467 ψῆφον-

327 1475 443 1554 ιβ’.
478 1475 806 1535 Ἐπίσκοπον
852 1477 930 1551 μὴ
977 1476 1269 1535 ἐπιϐαίνειν
1321 1477 1573 1556 ἀλλοτρίᾳ
1618 1476 1774 1534 πόλει
1829 1479 1897 1553 τῇ

248 1566 329 1641 μὴ
360 1565 694 1642 ὑποκειμένη
746 1570 910 1640 αὐτῷ,
961 1565 1100 1641 μηδὲ
1152 1567 1309 1646 χώρᾳ
1366 1573 1435 1644 τῇ
1466 1571 1608 1641 αὐτῷ
1639 1568 1718 1641 μὴ
1775 1564 1898 1622 δια-

247 1657 511 1736 φερούσῃ,
559 1656 646 1712 ἐπὶ
703 1657 1006 1735 χειροτονίᾳ
1067 1659 1236 1732 τινὸς,
1275 1655 1412 1733 μηδὲ
1441 1661 1696 1730 καθιστᾷν
1727 1677 1897 1735 πρεσ-

245 1743 500 1824 ϐυτέρους
544 1745 581 1813 ἢ
653 1745 928 1811 διακόνους
1006 1749 1080 1810 εἷς
1135 1749 1336 1811 τόπους
1397 1747 1561 1826 ἑτέρω
1618 1745 1898 1822 ἒπισκόπῳ

1986 578 2410 659 tropolitanum
2463 600 2567 644 eos
2599 590 3019 662 convocare,et
3047 582 3094 643 si
3128 600 3339 644 omnes
3383 582 3627 664 quidem

1981 669 2534 745 accesserint,bene
2548 677 2660 745 est;
2675 672 2769 733 sin
2791 679 2993 733 autem
3015 672 3130 733 hoc
3156 670 3336 733 fuerit
3355 672 3626 749 difﬁcile,

1983 755 2184 836 plures
2205 758 2450 820 omnino
2475 759 2685 822 adesse
2705 759 3066 840 oportet,vel
3100 759 3328 823 litteras
3350 779 3470 822 una
3491 780 3625 824 cum

1981 846 2097 909 illis
2125 848 2470 928 suffragium
2495 849 2676 924 ferre,
2699 859 2757 911 et
2785 851 2873 912 sic
2898 868 3032 910 cum
3067 849 3324 930 plurium
3360 868 3626 930 praesen-

1981 937 2062 1000 tia
2089 936 2180 998 vel
2212 938 2510 1000 electione
2553 938 2685 1000 ﬁeri
2720 938 3244 1002 constitutionem.
3279 937 3379 1002 Sin
3429 949 3626 1002 autem

1979 1025 2153 1088 aliter
2181 1035 2404 1108 printer
2430 1029 2556 1090 haec
2581 1047 2713 1109 quas
2735 1030 2980 1091 decreta
2997 1029 3420 1103 sunt,ﬁat,non
3441 1029 3631 1092 valeat

1981 1116 2303 1179 ordinatio.
2366 1115 2471 1179 Sin
2529 1129 2729 1179 autem
2781 1136 2850 1179 ex
2885 1118 3178 1198 praeﬁnito
3209 1137 3442 1181 canone
3471 1119 3628 1183 facta

1973 1205 2157 1268 fuerit
2185 1205 2753 1284 constitutio,aliqui
2783 1217 2982 1269 autem
3017 1216 3268 1288 propter
3287 1226 3460 1270 suum
3481 1227 3625 1271 cou-
3654 1232 3660 1237 ·

1977 1297 2261 1359 tentionis
2310 1295 2574 1358 studium
2632 1296 3067 1378 contradicaut,
3118 1297 3318 1360 vincat
3363 1299 3620 1379 plurium

1978 1385 2322 1466 suffragium
2335 1433 2348 1446 .

2059 1474 2159 1536 22.
2199 1475 2528 1558 EpiscOpus
2547 1476 2609 1538 in
2629 1475 2894 1538 alienam
2925 1475 3222 1538 civitatem
3239 1495 3391 1559 ,qum
3411 1478 3466 1540 ei
3491 1477 3628 1541 sub—

1975 1565 2134 1645 jecta
2165 1583 2284 1627 non
2318 1574 2408 1627 est
2431 1585 2549 1628 non
2580 1565 2888 1645 ascendat,
2913 1584 3025 1627 nec
3059 1565 3120 1627 in
3153 1569 3462 1646 regionem
3495 1585 3630 1648 qua

1979 1654 2052 1715 ad
2112 1672 2247 1716 eum
2305 1673 2426 1716 non
2474 1655 2836 1736 pertinet,ad
2869 1655 3126 1735 alicujus
3158 1654 3625 1730 ordinationem,

1981 1761 2092 1805 nec
2123 1743 2538 1825 presbyterum
2563 1745 2656 1806 vel
2687 1744 3008 1806 diaconum
3045 1743 3451 1806 eonstituatin
3476 1743 3628 1807 locis

246 1835 660 1909 ὑποκειμένους,
721 1838 765 1890 εἰ
824 1837 902 1911 μὴ
954 1835 1054 1914 ἄρα
1107 1839 1242 1912 μετὰ
1274 1837 1497 1915 γνώμης
1558 1846 1651 1896 τοῦ
1705 1837 1896 1896 οἰκείου

1994 1833 2079 1894 Ilii
2109 1832 2394 1914 episcopo
2421 1833 2864 1913 subjectis,nisi
2898 1853 3030 1896 cum
3067 1834 3374 1896 voluntate
3407 1834 3630 1914 proprii

253 1929 357 1991 τῆς
401 1924 588 2004 χώρας
619 1923 935 1987 ἐπισκόπου.
984 1927 1044 1984 Εἰ
1099 1925 1155 1982 δὲ
1207 1926 1497 2002 τολμήσειέ
1525 1947 1606 1992 τις
1635 1933 1894 1998 τοιοῦτον,

252 2014 451 2092 ἄκυρον
481 2018 623 2070 εἶναι
651 2015 751 2081 τὴν
782 2016 1139 2096 χειροθεσίαν,
1169 2017 1256 2073 καὶ
1308 2018 1465 2076 αὐτὸν
1496 2016 1764 2090 ὶπιτιμίας
1798 2017 1900 2072 δπὸ

247 2103 352 2170 vis
389 2101 598 2160 συνένδου
632 2105 952 2184 τυγχάνειν,

585 2210 813 2272 Συνόδου
845 2211 1152 2277 Λαοδικείας
1182 2215 1357 2271 κανὼν
1389 2214 1432 2269 ε’
1467 2213 1564 2290 ιβ’.

332 2305 405 2368 ε’,
441 2307 564 2384 Περὶ
593 2314 686 2363 τοῦ
715 2307 794 2382 μὴ
844 2305 958 2364 δεῖν
997 2308 1091 2372 τὰς
1137 2309 1472 2388 χειροτονίας
1523 2309 1607 2365 ἐπὶ
1639 2308 1898 2387 παρουσίᾳ

238 2395 610 2474 ἀκροωμένων
639 2399 872 2474 γίνεσθαι
884 2443 899 2460 .

327 2487 424 2562 ιβ’,
459 2487 596 2563 Περί
625 2487 716 2542 τοῦ
771 2488 892 2553 τοὺς
950 2486 1273 2550 ἐπισκόπους
1319 2487 1486 2566 κρίσει
1541 2495 1632 2546 τοῦ
1683 2511 1890 2567 μητρο-

258 2575 466 2633 πολίτου
521 2576 620 2634 καί
664 2583 770 2633 τῶν
831 2575 982 2654 πέριξ
1041 2576 1372 2649 ἐπισκόπων,
1430 2579 1767 2634 καθίστασθαι
1821 2580 1892 2643 είς

245 2667 345 2732 τὴν
381 2665 841 2734 ἒκκλησιαστικὴν
905 2667 1106 2746 ἀρχὴν,
1163 2666 1320 2730 ὄντας
1361 2667 1423 2723 ἐκ
1457 2666 1653 2725 πολλοῦ
1682 2667 1891 2724 δεδοκι-

239 2757 551 2830 μασμένους
590 2771 606 2786 ⁸
641 2755 695 2812 ἔν
727 2779 783 2812 τε
814 2763 891 2830 τῷ
943 2756 1088 2836 λόγῳ
1137 2757 1235 2826 τῆς
1266 2759 1519 2832 πίστεως,
1561 2762 1648 2814 καὶ
1679 2781 1745 2834 τῃ
1802 2765 1894 2814 τοῦ

238 2845 442 2910 ενῖνθὲως
471 2846 638 2923 Λόγου
670 2845 922 2919 πολιτείᾳ
935 2895 947 2908 ,

241 2948 480 3008 Συνόδου
531 2949 756 3029 Ἐφέσου
803 2952 980 3008 κανὼν
1014 2951 1090 3030 η’,
1125 2950 1218 3010 καὶ
1251 2950 1512 3020 επιστολή
1543 2954 1671 3032 πρὸς
1716 2953 1809 3022 τὴν
1841 2953 1894 3009 ἐν

797 3030 1081 3110 Παμφυλίᾳ
1116 3030 1328 3089 σύνοδον
1340 3081 1352 3092 .

321 3126 414 3194 η’.
450 3127 580 3189 τοὺς
611 3125 666 3183 δὲ
695 3126 1005 3202 τολμῶντας
1036 3127 1072 3194 ἢ
1121 3130 1416 3186 συντιθέναι
1466 3127 1638 3184 πίστιν
1685 3127 1892 3206 ἐτεραν,

1983 1921 2146 1984 illius
2174 1922 2440 1998 regionis
2499 1922 2792 2002 episcopi.
2851 1922 2916 1986 Si
2945 1923 3080 2004 quis
3109 1932 3306 1986 autem
3341 1923 3457 1985 tale
3486 1923 3628 2004 quid

1983 2029 2166 2113 ausus
2190 2011 2638 2089 fuerit,intirma
2667 2012 2746 2074 sit
2773 2011 3167 2086 ordinatio,et
3196 2012 3325 2094 ipse
3347 2030 3380 2072 a
3401 2012 3625 2093 synodo

1983 2109 2287 2183 puniatur.

2233 2207 2493 2271 aoncilii
2518 2206 2855 2271 Laodiceni
2885 2225 3148 2272 canones
3180 2209 3238 2280 5.
3273 2207 3372 2271 12.

2061 2302 2119 2362 5.
2154 2299 2284 2364 Non
2309 2310 2590 2382 oportere
2621 2301 3030 2364 ordinattones
3057 2302 3180 2364 ﬁeri
3213 2302 3276 2363 in
3309 2303 3631 2383 praesentia

1981 2409 2189 2454 eorum
2222 2393 2326 2472 qui
2359 2391 2633 2454 audiunt.

2059 2481 2157 2543 12.
2182 2479 2257 2543 Ut
2280 2480 2549 2562 episcopi
2570 2480 3163 2562 metropolitanorum
3197 2490 3256 2544 et
3277 2482 3627 2559 eorum,qui

1977 2579 2115 2632 sunt
2144 2569 2564 2645 circumcirca,
2599 2571 3016 2652 episcoporum
3042 2571 3300 2652 judicio,
3327 2573 3387 2633 in
3420 2570 3626 2634 eccle-

1978 2658 2218 2722 siastico
2252 2659 2597 2740 magistratu
2630 2661 3098 2733 constituantur,
3133 2661 3239 2722 diu
3279 2659 3628 2736 examinati,

1979 2757 2037 2811 et
2065 2755 2126 2810 in
2155 2752 2390 2812 ratione
2423 2747 2654 2824 ﬁdei,et
2682 2751 2741 2811 in
2797 2757 2978 2812 rectae
3020 2750 3270 2813 rationis
3301 2750 3626 2830 diSpensa-

1981 2839 2165 2902 tione.

1981 2946 2243 3011 aoncilii
2271 2946 2570 3028 Ephesim'
2600 2966 2798 3011 canon
2843 2948 2904 3024 8,
2937 2954 2990 3011 et
3040 2945 3297 3027 epistola
3327 2945 3408 3009 ad
3438 2963 3630 3026 syno-

2468 3029 2612 3090 dum
2647 3029 2713 3089 in
2746 3028 3138 3109 Pamphylia.

2059 3121 2118 3186 8.
2152 3122 2265 3197 Qui
2294 3141 2431 3185 vero
2461 3121 2593 3184 ausi
2649 3121 2872 3184 fuerint
2919 3133 3018 3184 aut
3046 3138 3414 3201 componere
3446 3118 3626 3182 ﬁdem

232 3215 417 3294 ἧγαυν
463 3216 803 3293 προκομίζειν
866 3217 901 3285 ἢ
964 3216 1246 3295 προφέρειν
1293 3229 1412 3280 τοτς
1471 3216 1711 3274 θέλουσιν
1771 3217 1892 3274 ὲπι-

1994 3213 2250 3283 ilteram,
2288 3222 2389 3274 aut
2419 3210 2710 3292 proferre,
2746 3211 2840 3275 vel
2871 3212 3088 3272 otYerre
3119 3209 3386 3272 converti
3417 3209 3628 3272 volen-

232 3306 502 3386 στρέφειν
549 3307 620 3368 είς
667 3305 948 3381 ἒπίγνωσιν
1007 3307 1104 3374 τῆς
1167 3305 1442 3384 ἀληθείας,
1477 3307 1511 3374 ἢ
1569 3307 1620 3373 ἐξ
1679 3307 1897 3376 ἑλληνι-

230 3398 398 3472 σμοῦ
451 3396 486 3462 ἦ
544 3395 596 3461 ἐξ
646 3395 985 3475 ίονδαϊσμοῦ,
1045 3393 1212 3473 ἤγουν
1262 3395 1626 3472 ἐξὶαίρέσεως
1676 3396 1899 3466 οἷασδη-

229 3492 479 3565 ποτοῦν,
524 3483 764 3560 τούτους,
812 3487 855 3542 εί
914 3487 1012 3559 μὲν
1074 3487 1189 3542 εἷεν
1239 3485 1518 3542 ἒπίσκοποι
1578 3486 1607 3554 ἥ
1657 3487 1901 3566 κληριαοὶ

231 3575 562 3652 ἀλλοτρίους
592 3576 736 3632 εἶναι
768 3578 886 3638 τοὺς
942 3575 1266 3640 ἐπισκόπους
1321 3581 1418 3642 τῆς
1454 3576 1781 3651 ἐπισκοπῆς,
1815 3579 1901 3635 καὶ

229 3669 377 3728 τοὺς
417 3664 705 3740 κληριιιοὺς
761 3668 855 3722 τοῦ
911 3666 1117 3742 κλήρου
1151 3681 1164 3695 ⁶
1222 3667 1264 3721 εί
1296 3663 1349 3720 δὲ
1381 3664 1563 3722 λα’ίκοὶ
1595 3668 1730 3742 εἶεν,
1765 3667 1897 3722 ἀνα-

227 3757 648 3834 θεματίζεσθαι,
712 3757 847 3814 κατὰ
903 3757 993 3812 τὸν
1057 3754 1177 3813 ἴσον
1245 3753 1299 3811 δέ
1355 3756 1551 3832 τρόπον
1614 3759 1657 3813 εἰ
1715 3779 1900 3834 φωρα-

226 3852 399 3904 θεῖεν
449 3866 615 3924 τινες,
700 3845 812 3900 εἴτε
891 3844 1194 3918 ἐπίσκοποι,
1279 3845 1389 3900 εἴτε
1449 3845 1724 3922 κληρικοὶ,
1787 3846 1898 3902 εἴτε

228 3934 530 4012 λα’ίκοὶ,ἧ
587 3934 965 4013 φρονοῦντεςῆ
1022 3933 1355 4001 διδάσκοντες
1403 3935 1468 3991 τὰ
1525 3939 1579 3991 ἒν
1638 3936 1704 4003 τῆ
1759 3958 1896 4013 προ-

225 4025 568 4100 κομισθείσῃ
628 4023 827 4080 ἐκθέσει
887 4026 1030 4100 παρὰ
1093 4029 1348 4101 Χαρισίου
1375 4033 1467 4082 τοῦ
1520 4023 1897 4104 πρεσϐυτέρου,

232 4116 375 4189 περὶ
435 4117 533 4178 τῆς
583 4113 1036 4190 ἒνανθρωπήσεως
1094 4123 1186 4172 τοῦ
1244 4121 1564 4193 μονογενοῦς
1623 4118 1714 4170 τοῦ
1769 4121 1900 4170 Θεοῦ

233 4208 407 4272 rape,
465 4199 631 4278 ἤγουν
690 4204 756 4258 τα
814 4205 978 4279 μιαρὰ
1039 4205 1128 4259 καὶ
1175 4201 1566 4282 διεστραμμένα
1617 4197 1900 4281 Νεστορίου

232 4293 526 4370 δόγματα,
599 4291 633 4346 ἃ
708 4295 800 4348 καὶ
887 4293 1265 4362 ὑποτέτακται,
1355 4294 1751 4350 ὑποκείσθωσαν
1835 4300 1903 4365 τῇ

235 4381 528 4458 ἀποτάσει
559 4389 654 4445 τῆς
717 4381 867 4460 ἆγίας
918 4384 1114 4449 ταύτης
1174 4385 1262 4439 καὶ
1317 4384 1691 4458 οἰκουμενικῆς
1741 4382 1900 4439 συνό-

236 4472 340 4530 δου
382 4485 398 4498 ⁸
459 4469 599 4526 ὥστε
659 4467 935 4542 δηλονότι,
1006 4473 1097 4528 τὸν
1149 4473 1248 4546 μὲν
1308 4471 1602 4530 ἐπίσγοπον
1658 4471 1905 4528 ἀπαλλο-

238 4564 527 4641 τριοῦσθαι
590 4560 686 4628 τῆς
745 4563 1071 4634 ἓπισκοπῆς,
1127 4563 1215 4618 καὶ
1274 4562 1418 4619 εἶναι
1477 4563 1898 4637 καθῃρημένον·

1982 3302 2140 3363 tibus
2172 3303 2263 3362 59
2296 3300 2371 3363 ad
2403 3301 2767 3380 agnitionem
2803 3301 3086 3374 veritatis,
3121 3301 3242 3362 sive
3292 3319 3362 3362 ex
3393 3299 3633 3378 gentili-

1983 3399 2123 3467 tate,
2157 3390 2549 3471 [paganitate]
2582 3391 2704 3451 sive
2736 3407 2807 3452 ex
2833 3389 3164 3470 judaismo.
3198 3390 3321 3451 sive
3363 3408 3431 3450 ex
3475 3408 3630 3470 qua-

1983 3479 2267 3560 licunque
2320 3479 2533 3540 haeresi
2564 3499 2579 3554 ;
2638 3479 2746 3540 hos
2805 3479 3076 3558 quidem,
3110 3478 3159 3539 si
3192 3487 3330 3539 sunt
3361 3479 3627 3559 episcopi

1985 3577 2085 3629 aut
2117 3569 2345 3642 clerici,
2374 3567 2606 3629 alienos
2631 3585 2764 3628 esse
2794 3568 3110 3648 episcopos
3152 3565 3227 3628 ab
3261 3567 3630 3646 episcopatu,

1985 3663 2043 3719 et
2072 3657 2327 3719 clericos
2353 3676 2386 3718 a
2415 3656 2703 3717 clericatu
2737 3655 3001 3718 decrevit
3037 3673 3050 3717 :
3087 3656 3137 3717 si
3170 3674 3308 3716 vero
3342 3655 3479 3716 laici
3513 3654 3633 3717 fue-

1983 3747 2126 3822 rint,
2189 3746 2554 3807 anathemati
2617 3745 2852 3821 subjici.
2910 3743 3106 3807 Simili
3163 3745 3342 3805 eliam
3380 3743 3556 3804 modo
3581 3743 3631 3804 si

1983 3837 2088 3913 qui
2122 3836 2346 3898 inventi
2377 3835 2622 3910 fuerint,
2657 3837 2747 3896 vel
2782 3833 3076 3915 episcopi,
3135 3835 3230 3895 vel
3280 3833 3508 3906 clerici,
3541 3832 3631 3894 vel

1983 3927 2142 3999 laici,
2199 3927 2320 3988 sive
2351 3928 2602 4000 sentire,
2639 3925 2762 3986 sive
2793 3925 3013 3986 docere
3048 3941 3118 3984 ea
3149 3942 3279 4004 quae
3309 3924 3632 3984 continen-

1985 4025 2078 4079 tur
2104 4016 2163 4077 in
2196 4014 2392 4078 oblata
2416 4013 2790 4096 expositione
2823 4034 2854 4077 a
2885 4013 3155 4077 Charisio
3188 4012 3540 4093 presbytero
3558 4011 3635 4073 de

1986 4104 2278 4186 unigeniti
2308 4105 2441 4167 Filii
2472 4105 2579 4167 Dei
2613 4102 3048 4178 incarnatione,
3097 4107 3221 4164 sive
3256 4101 3544 4162 scelerata
3576 4109 3634 4162 et

1987 4213 2270 4276 perversa
2301 4193 2559 4256 Nestorii
2584 4193 2884 4273 dogmata,
2921 4211 3056 4268 qum
3094 4200 3152 4253 et
3177 4190 3441 4253 subnexa
3472 4198 3633 4262 sunt,

1987 4286 2336 4366 subjaceant
2362 4283 2677 4346 sententia;
2720 4293 2942 4344 sancta;
2976 4282 3155 4362 hujus
3189 4289 3248 4342 et
3281 4277 3637 4340 universalis

1989 4375 2198 4456 synodi
2231 4395 2244 4434 :
2284 4381 2344 4435 ut
2377 4373 2656 4436 videlicet
2685 4372 3010 4454 episcopus
3039 4371 3278 4451 quidem
3336 4387 3638 4430 removea-

1989 4471 2087 4525 tur
2117 4464 2190 4524 ab
2223 4462 2592 4543 episcopatu,
2626 4472 2684 4522 et
2711 4461 2788 4522 sit
2818 4460 3170 4540 depositus;
3205 4459 3465 4521 clericus
3499 4475 3640 4520 vero

1990 4554 2268 4616 similiter
2311 4553 2544 4614 excidat
2573 4571 2605 4613 a
2653 4551 2943 4613 clericatu
2980 4573 2992 4609 :
3029 4550 3079 4611 si
3115 4568 3253 4611 vero
3289 4549 3474 4610 laicus
3502 4547 3637 4624 quis

239 4656 340 4708 τὸν
406 4647 462 4704 δὲ
503 4647 782 4726 κληρικὸν,
845 4651 1044 4725 ὁμοίως
1096 4649 1374 4707 ἐκπίπτειν
1430 4660 1522 4710 τοῦ
1581 4651 1804 4724 κλήρου,
1854 4655 1896 4709 E1

1994 4642 2087 4716 sit,
2122 4652 2182 4706 et
2211 4643 2339 4723 ipse
2396 4635 2952 4713 anatltematizetur;
3017 4637 3173 4699 sicut
3203 4637 3483 4716 superius
3514 4636 3634 4697 dic-

241 4741 300 4797 δὲ
367 4737 565 4801 λα’ίκὸς
626 4739 742 4818 εἴη,

243 4838 597 4910 προείρηται.

244 4920 558 4989 Ἐπιστολὴ
599 4921 938 5004 sica-3:1];
1009 4926 1088 5004 ιν,
1143 4922 1355 5003 Ἐφέσῳ
1431 4925 1584 5001 ἁγίας
1659 4921 1900 5004 συνόδου,

331 5006 472 5078 πρὸς
559 5003 657 5069 τὴν
743 5002 796 5058 ἐν
885 5003 1168 5083 Παμφυλίᾳ
1223 5002 1408 5081 ίεῦαγῆ
1487 5004 1725 5080 σύνοδον,
1789 5002 1908 5083 περῖ

333 5084 630 5140 Εὖσταθίου
709 5089 803 5139 τοό

330 5185 448 5225 του.

333 5257 484 5311 Μετὰ
539 5254 742 5330 βουλῆς
798 5257 974 5313 πάντα
1027 5260 1168 5315 ποίει
1237 5265 1336 5327 τῆς
1396 5259 1746 5316 θεοπνεύστου
1805 5257 1902 5316 λε-

249 5347 453 5419 γούσης
516 5350 752 5422 Γραφῆς,
840 5347 952 5425 χρὴ
1013 5345 1079 5414 δὴ
1159 5350 1395 5423 μάλιστα
1473 5351 1591 5412 τοὺς
1667 5353 1902 5426 ἱερᾶσθαι

253 5433 533 5513 λαχόντας
575 5437 714 5511 μετὰ
767 5436 945 5504 πάσης
1003 5436 1267 5516 ἀκριϐείας
1327 5440 1426 5506 τὴν
1474 5439 1554 5520 tqi'
1587 5439 1754 5498 ἅπασι
1786 5453 1904 5504 τοῖς

827 4740 915 4795 καὶ
1001 4742 1152 4805 οὗτος
1229 4740 1714 4817 ἀναθεμαιιζέσθω,
1776 4742 1908 4808 καθα

914 5085 1203 5163 γενομένου
1304 5087 1475 5142 ασῦτῶδ
1559 5085 1903 5163 μητροπολί-

353 5689 408 5740 υ
433 5690 622 5755 Eecli.
652 5707 838 5771 χχιιι,
868 5691 970 5758 28.

1989 4740 2113 4794 tum
2150 4741 2265 4794 est.

1985 4914 2277 4996 Ejusdem
2303 4921 2528 4996 sancite
2549 4913 2878 4996 Ephesium
2899 4909 3122 4996 synodi
3146 4908 3396 4996 epistola
3427 4903 3636 4996 _ad_a_a-

2069 5014 2233 5057 crart
2263 4995 2569 5075 synodum
2607 4986 2687 5055 ’ίη
2733 4986 3117 5075 Βοηιρᾷυιία,
3170 4986 3246 5050 de
3278 4986 3634 5060 Eustathio,

2068 5082 2176 5155 qui
2203 5071 2474 5154 ipsorum
2497 5072 2882 5154 metropolita
2913 5071 3138 5148 fuerat.

2067 5258 2214 5321 Cum
2249 5254 2533 5318 divinitus
2587 5252 2874 5331 inspirata
2903 5251 3214 5333 Scriptura
3245 5249 3400 5311 dicat
3435 5267 3451 5308 :
3483 5247 3632 5311 Sine

1985 5347 2236 5412 consilio
2268 5344 2424 5407 nihil
2450 5345 2644 5422 facias
2671 5342 2733 5393 42
2766 5365 2780 5402 :
2830 5360 2932 5405 eos
2963 5342 3022 5404 in
3057 5341 3286 5423 primis,
3321 5337 3425 5420 qui
3459 5355 3632 5399 sacro

1987 5439 2189 5522 aliquo
2215 5436 2271 5497 in
2305 5451 2553 5496 munere
2576 5433 2795 5497 versari
2823 5433 3274 5511 volunt,magna
3297 5426 3627 5506 diligentia,
