4108 6222
392 349 515 420 479

391 579 673 641 omnibus
692 579 875 642 rebus
897 578 968 641 ad
979 578 1393 659 ministrandis
1408 580 1778 660 agendisque
1799 598 2036 643 summa

396 667 752 731 adhibeatur
776 668 1206 732 consideratio.
1241 668 1391 734 Nam
1444 669 1521 731 iis
1568 669 1668 751 qui
1717 671 1806 732 sic
1836 668 2034 732 virere

396 758 626 834 volunt,
659 757 721 820 in
751 757 978 838 optima
1007 776 1114 840 spe
1143 778 1242 823 res
1272 777 1484 823 eorum
1507 759 1654 822 sitas
1683 767 1907 834 esse,et
1927 777 2032 822 ve-

398 847 509 910 luti
523 846 790 912 secundo
815 863 1162 929 cursu,qute
1187 857 1416 930 aptant,
1446 847 1775 912 succedere
1797 848 2032 911 contin-

396 934 580 1018 git.Et
603 955 746 1001 sane
770 937 893 1000 hac
919 956 1035 1000 non
1064 957 1270 1019 parum
1293 940 1509 1001 rationi
1528 944 1928 1001 consentanea
1947 947 2036 1002 est

400 1024 846 1090 oratio.Verum
865 1026 1110 1090 interim
1131 1029 1284 1092 solet
1299 1027 1570 1092 incidere
1592 1026 1914 1109 aliquando
1943 1047 2036 1090 as-

399 1133 509 1196 per
527 1115 1030 1180 acintolerandus
1070 1117 1264 1193 dolor,
1301 1117 1402 1199 qui
1425 1126 1687 1180 mentem
1715 1115 2033 1180 humanam

393 1204 591 1268 subito
613 1204 812 1287 aliquo
832 1205 1120 1288 percellat
1140 1207 1220 1268 im
1231 1205 1601 1287 petu,itaque
1629 1224 1757 1269 eam
1792 1216 2034 1287 pertur-

393 1294 587 1357 batam
609 1313 1073 1377 perversamque
1094 1295 1402 1378 reddat,ut
1422 1305 1482 1359 et
1502 1295 1576 1358 ab
1594 1295 1829 1358 utilium
1855 1296 2038 1359 bone-

394 1393 741 1466 storumque
769 1384 1153 1465 indagatione
1183 1385 1537 1466 abducetur,
1571 1394 1630 1448 et
1673 1386 1745 1450 ad
1771 1403 1861 1461 ea,
1901 1388 2037 1468 qua

394 1481 604 1536 natura
623 1473 696 1537 ad
722 1473 1058 1537 laedendum
1077 1483 1218 1537 sunt
1245 1475 1823 1556 comparata,specie
1856 1475 2033 1538 boni-

394 1562 530 1624 tatis
561 1563 978 1644 persequenda
1010 1563 1376 1644 impellatur.
1409 1563 1552 1626 Tale
1581 1563 1862 1646 quiddam
1896 1582 2034 1627 san-

393 1650 662 1714 ctissimo
709 1654 838 1716 viro
895 1653 1199 1717 Eustatbio
1252 1653 1574 1732 contigisse
1617 1653 2027 1732 cognorimus.

395 1742 490 1802 '53
521 1744 654 1804 Rite
681 1742 840 1807 enim
873 1760 941 1806 ac
970 1742 1300 1806 secundum
1345 1761 1632 1822 canones,
1666 1752 1732 1805 ut
1761 1743 2029 1805 omnium

396 1830 741 1894 testimonio
772 1832 1106 1912 probatur;
1131 1832 1444 1894 ordinatus
1473 1839 1587 1893 est.
1621 1830 1831 1893 Postea
1863 1850 2031 1906 vero,
2058 1863 2093 1912 Β

397 1938 530 1980 cum
559 1924 615 1982 in
649 1923 965 1984 tumultum
998 1939 1031 1984 a
1059 1921 1461 1991 nonnullis,ut
1491 1919 1659 1996 dicit,
1697 1934 2032 2000 pertractus

397 2019 580 2085 esset,
615 2009 950 2092 subitisque
979 2029 1047 2073 ac
1078 2011 1400 2092 insperatis
1430 2010 1698 2091 undique
1718 2010 1890 2072 malis
1918 2010 2035 2072 cir-

396 2107 741 2179 cumseptus
756 2104 917 2177 (cum
943 2120 1118 2162 usum
1145 2102 1203 2161 in
1220 2099 1401 2161 rebus
1417 2100 1701 2176 gerendis
1713 2099 2033 2162 admodum

396 2187 671 2267 exiguum
703 2188 973 2270 haberet)
1009 2190 1308 2251 sustinere
1356 2198 1472 2249 tam
1527 2187 1767 2261 multas,
1797 2197 2036 2271 tamque

393 2294 763 2358 graves,quae
792 2281 849 2340 ei
880 2278 1511 2352 incumbebant,curas
1543 2295 1661 2338 non
1696 2277 1892 2349 vellet,
1923 2297 2034 2341 nec

393 2365 653 2429 refutare
684 2387 914 2448 eorum,
944 2369 1045 2450 qui
1075 2367 1270 2448 ipsum
1301 2367 2030 2442 adorirentur,maledicta

395 2473 530 2518 cum
581 2467 825 2537 posset;
876 2457 1272 2520 recusationis
1306 2466 1360 2518 et
1391 2456 1786 2518 abdicationis
1816 2457 2032 2518 obtulit

390 2543 741 2627 nescioquo
775 2556 946 2626 pacto
971 2547 1242 2609 libellum
1271 2563 1284 2606 :
1307 2565 1439 2608 cum
1461 2554 1669 2607 contra
1691 2547 2024 2628 oportebat,

390 2652 546 2714 eam,
582 2654 755 2715 quam
787 2637 972 2698 semel
1009 2637 1145 2697 fidei
1202 2655 1325 2698 sum
1355 2635 1787 2697 sacerdotalem
1821 2654 2026 2698 curam

394 2723 778 2786 commissam
816 2726 1124 2801 habuerat,
1152 2725 1496 2788 fortitudine
1525 2724 1776 2806 spiritali
1801 2733 2025 2800 tenere,

393 2812 630 2876 labores
687 2815 914 2896 subire,
977 2834 1045 2876 ac
1102 2816 1300 2876 animo
1335 2814 1554 2875 volenti
1588 2813 1898 2890 sudorem,
1933 2815 2026 2877 cui

395 2921 630 2964 merces
665 2905 968 2984 proposita
1017 2914 1130 2976 est,
1186 2903 1508 2965 sustinere.
1544 2904 1689 2978 Quae
1719 2903 2032 2983 diligentia

391 2993 672 3073 quoniam
705 2993 766 3053 in
801 2993 910 3054 hoc
939 2998 1148 3074 aperte
1180 2992 1518 3054 desiderata
1552 2993 1681 3066 fuit,
1711 2992 1768 3054 id
1806 2993 2030 3072 (tamen

390 3099 466 3144 ex
502 3081 722 3161 exiguo
777 3100 984 3144 rerum
1047 3101 1153 3142 usu
1205 3081 1424 3161 potius,
1478 3099 1653 3161 quam
1686 3100 1755 3142 ex
1787 3081 2033 3161 ignaviae

393 3170 756 3251 desidiaeque
786 3171 954 3251 vitio)
986 3172 1347 3234 necessitate
1378 3171 1583 3232 adacta
1617 3179 1809 3231 vestra
1843 3179 2030 3251 pietas

393 3270 504 3316 est.
540 3269 934 3316 memoratum
987 3262 1090 3316 Dei
1121 3261 1603 3316 amantissimum
1637 3259 1881 3316 fratrem
1914 3281 2028 3316 nn-

2116 3177 2222 3226 κὼν
2296 3177 2371 3242 τῷ
2477 3172 2892 3244 μνημονευθέντι
2998 3170 3395 3244 θεοσεόεστάτῳ
3479 3170 3710 3225 ἑπισκόπ

2116 3258 2391 3316 Θεοδώοω-
2425 3259 2644 3316 ἐξαιτῶν
2674 3259 2726 3316 δὲ
2758 3259 2890 3316 τέως
2947 3261 3046 3316 τὴν
3097 3267 3190 3316 τοῦ
3238 3255 3533 3316 ἐπισκόπου
3589 3259 3710 3316 nui

2159 3277 2392 3338 εοσωρῳ,
2425 3277 2644 3326 εςαιτων
2674 3277 2726 3316 σε
2758 3282 2890 3325 rem;
2947 3277 3046 3328 την
3097 3283 3190 3317 του
3238 3277 3533 3316 επισιιοπου
3589 3281 3760 3332 τιμην

393 3270 504 3332 est,
539 3269 934 3323 memoratum
987 3262 1091 3324 Dei
1121 3261 1603 3324 amantissimum
1637 3259 1881 3322 fratrem
1914 3281 2028 3324 no-

391 3357 605 3425 strum,
638 3369 706 3412 ac
737 3353 796 3412 in
828 3351 1152 3433 episcOpali
1180 3350 1468 3429 dignitate
1493 3348 2029 3429 collegam,Theu-

393 3441 602 3500 dorum
635 3439 836 3522 elegit,
871 3441 972 3522 qui
1001 3459 1206 3503 curam
1238 3437 1520 3501 Ecclesiae
1577 3437 1827 3500 subiret.
1862 3438 2032 3501 Indi-

393 3547 575 3606 gnum
608 3528 831 3611 quippe
859 3530 1094 3606 fuisset,
1126 3529 1357 3592 viduam
1392 3546 1639 3590 manere
1667 3527 2031 3607 Ecclesiam;

392 3617 731 3699 indignum,
759 3629 994 3699 pastore
1026 3637 1237 3682 carere
1265 3617 1585 3680 Salvatoris
1616 3619 1803 3680 nostri
1827 3619 2028 3682 ovilia.

393 3706 686 3780 Quoniam
735 3728 877 3789 ergo
933 3709 1091 3790 ﬂens.
1134 3718 1406 3788 rogatum
1471 3709 1630 3769 venit
1658 3709 2029 3784 Eustathius,

395 3815 533 3859 cum
567 3798 945 3862 sanctissimo
975 3798 1295 3861 Theodoro
1322 3797 1630 3878 episcopo,
1658 3816 1776 3858 non
1803 3797 1878 3860 de
1897 3797 2035 3859 civi-

392 3895 509 3948 tate
534 3887 902 3966 recipienda,
936 3907 1056 3950 non
1106 3888 1181 3949 de
1232 3885 1497 3949 Ecclesia
1547 3886 1888 3962 decertans,
1923 3887 2029 3950 sed

386 3976 578 4038 solum
603 3978 962 4058 episcopalis
980 3976 1242 4039 nominis
1264 3977 1550 4038 honorem
1570 3993 1638 4036 ac
1657 3974 2027 4036 vocationem

389 4074 676 4146 expetens
710 4083 724 4128 :
760 4066 1022 4127 hominis
1055 4084 1162 4127 nos
1211 4072 1492 4126 senectus
1525 4081 1671 4124 sane
1701 4067 2029 4124 commovit

389 4155 844 4229 universos,nec
876 4163 936 4216 ut
959 4156 1217 4234 privatas
1241 4153 1372 4232 ejus
1402 4152 1712 4232 lacrymas,
1747 4152 1852 4213 sed
1888 4160 2025 4213 tan-

389 4260 563 4323 quam
583 4261 935 4305 communes
952 4240 1641 4323 reputantes,inquirere
1663 4240 2024 4318 studuimus,

1589 353 1851 422 ΡΗΟΤΙΙ
1894 325 2410 422 mammas
2451 357 2568 422 cp.

392 486 674 571 omnique
726 483 926 552 studio
985 493 1044 551 in
1103 487 1166 552 id
1197 488 1551 554 incumbere
1581 496 1841 571 oportet,
1879 491 2032 553 utin

2116 490 2396 566 πρακτέοις
2447 492 2716 550 ποιεῖσθαι
2779 489 3072 568 διάσκεψιν
3107 512 3120 529 ·

3644 348 3763 416 480

3174 486 3404 547 διαϐιοὸν
3434 488 3535 568 γάρ
3591 487 3764 548 οὕτως

2116 579 2405 661 ἰθέλουσιν,
2439 581 2494 638 ἐν
2526 582 2675 656 καλῷ
2704 582 2802 650 τῆς
2861 580 3080 643 ἐλπίδος
3136 582 3349 638 κεῖσθαι
3405 600 3462 638 τε
3519 578 3587 635 τά
3645 577 3760 635 ιιατ⁹

2117 671 2302 733 αὐτούς
2339 687 2353 702 ⁸
2415 673 2503 728 καὶ
2568 672 2689 729 οἷον
2747 670 2798 737 ἐξ
2855 671 3058 750 ούρῖας,
3119 669 3174 726 ἰν
3232 683 3352 733 τοῖς
3412 666 3530 724 κατ’
3591 665 3765 745 εὒχῆν

2117 758 2470 840 ἀποφέρεσθαι
2528 758 2806 834 συμϐαἶνει
2845 775 2859 790 ⁸
2923 760 3010 816 καὶ
3068 757 3203 816 πολὺ
3271 759 3332 814 τό
3390 778 3450 834 γε
3509 757 3677 834 εἰκὸς,
3737 755 3765 811 ὁ

2116 848 2274 927 λόγος
2330 849 2447 930 ἔχει
2483 867 2498 882 ⁸
2550 848 2672 907 ἀλλ’
2729 849 2877 908 όῖδεν
2934 848 3044 906 ἔσθ’
3102 847 3192 906 ὅτε
3250 847 3467 926 δριμεῖα
3498 847 3591 902 καὶ
3621 845 3767 924 ἀφό-

2117 958 2278 1013 ρητος
2335 937 2480 1006 λύπη
2566 939 2962 1014 κατασκήψασα
3043 945 3190 1008 νοῦν,
3271 934 3648 994 ααταθολῶσαι
3708 955 3765 990 τε

2116 1024 2300 1093 δεινῶς
2358 1028 2540 1104 eam,
2600 1029 2689 1085 καὶ
2747 1033 2846 1096 τῆς
2904 1033 3010 1086 τῶν
3069 1025 3300 1084 δεόντων
3355 1025 3522 1103 θήρας
3557 1024 3764 1081 ἁποιιο-

2117 1119 2290 1194 μῖσαι,
2346 1115 2640 1174 ἀναπεῖσαι
2688 1138 2745 1174 τε
2803 1118 2865 1174 τὸ
2921 1117 3149 1196 πεφυκὸς
3203 1113 3438 1193 ἀδικεῖν,
3470 1112 3542 1174 ὥς
3574 1135 3626 1168 τι
3657 1117 3766 1168 τῶν

2117 1204 2452 1282 ὀνησιφόρων
2482 1203 2613 1262 ἰδεῖν
2648 1224 2662 1239 ·
2712 1213 2953 1264 τοιοῦτον
3002 1228 3050 1262 τι
3109 1205 3401 1279 τεθεάμεθα
3461 1202 3765 1259 πεπονθότι

2115 1295 2208 1350 τὸν
2286 1292 2673 1353 εὖλαϐἐστατον
2774 1295 2865 1352 καὶ
2943 1293 3358 1352 θεοσεϐέστατον
3449 1289 3759 1365 Εύοτᾶθιον,

2115 1387 2557 1463 κεχειροτόνηται
2615 1385 2712 1460 μὲν
2771 1385 2871 1462 γάρ
2944 1386 3018 1447 ὡς
3073 1383 3475 1462 μεμαρτύρηται
3539 1402 3762 1438 κανονι-

2117 1481 2250 1554 actim,
2305 1473 2750 1552 τεθορυϐημένης
2804 1472 2881 1548 δὲ,
2934 1473 3009 1539 ὥς
3059 1495 3215 1554 φησι,
3250 1473 3394 1551 παρά
3450 1481 3610 1528 τινών
3667 1470 3759 1528 καὶ

2115 1560 2396 1634 ἀδοκήτοις
2425 1564 2797 1642 περιστάσεσιν
2827 1561 3140 1639 ἐμϐεϐηκώς
3175 1579 3192 1596 ’
3247 1563 3374 1621 εἶτα
3422 1562 3483 1618 εκ
3541 1559 3752 1627 πολλῆς

2116 1650 2250 1730 ἄγαν
2307 1652 2748 1729 ἀπραγμοσύνης,
2801 1655 3109 1732 ἀπειρηκὼς
3160 1653 3258 1719 τὴν
3289 1653 3591 1708 ἆντίστασιν
3645 1651 3754 1706 τῶν

2115 1741 2552 1820 ἐπενηνεγμένων
2631 1747 2772 1818 αὗτῷ
2855 1741 3167 1823 φροντίστᾶων9
3247 1742 3333 1798 καὶ
3390 1740 3754 1818 διακρούεσθαι

2115 1831 2208 1896 τάς
2271 1831 2412 1909 παρά
2468 1839 2575 1888 τῶν
2656 1831 3025 1911 ἐπιφυομένων
3104 1835 3247 1905 αύτῷ
3321 1827 3619 1909 δυσφημῖας
3675 1828 3753 1902 μὴ

2114 1918 2423 1996 δυνάμενος⁹
2479 1923 2854 1997 παραιτήσεως
2912 1922 3007 1978 οὒκ
3064 1922 3224 1996 ἴσμει
3281 1919 3428 1983 ὅπως
3488 1919 3750 1995 προσεκό-

2117 2030 2239 2084 μισε
2294 2008 2516 2086 βιϐΑἶον.
2562 2011 2712 2068 ’Ἔδει
2766 2013 2892 2088 γάρ,
2951 2012 3025 2074 ὡς
3085 2009 3224 2076 ἅπαξ
3280 2006 3748 2088 ἐγκεχειρισμένων

2115 2102 2386 2175 ἱερατικὴν
2418 2101 2682 2179 φροντὶδα,
2745 2101 2943 2167 ταύτης
2995 2099 3214 2180 ἔχεσθαι
3267 2097 3391 2174 μετ’
3445 2098 3747 2176 εὖρωστῖας,

2118 2194 2511 2263 πνευματικῆς,
2571 2190 2657 2246 καὶ
2716 2193 2833 2246 οἷον
2889 2187 3296 2247 ἀνταποδύεσθαι
3366 2200 3484 2249 τοῖς
3545 2184 3752 2259 πόνοις,

2117 2279 2204 2334 καὶ
2259 2276 2450 2355 ἱδρῶτα
2528 2281 2620 2334 τὸν
2700 2278 2960 2352 ἔμμισθον
3044 2276 3329 2345 ἐθελοντὴν
3437 2278 3751 2351 ὑπομεῖναι.

2119 2365 2337 2436 Ἐπειδὴ
2377 2365 2428 2423 δὲ
2487 2366 2626 2433 ἅπαξ
2684 2367 2959 2446 ὀλιγώρως
3017 2368 3217 2448 Ιέχοντα
3276 2364 3578 2444 παρέδειξεν
3635 2363 3758 2420 ἑαυ-

2118 2461 2227 2536 τὸν,
2257 2454 2415 2514 ττοῦτο
2446 2459 2626 2514 παθὼν
2656 2456 2706 2522 ὶξ
2765 2457 3183 2535 ἀπραγμοσύνης
3243 2455 3449 2530 μᾶλλον
3503 2453 3542 2522 ἥ
3599 2454 3757 2511 ὄκνου

2115 2547 2507 2624 καὶρᾳθνμίας,
2565 2549 3010 2626 ρεχειροτόνηκεν
3068 2546 3373 2623 ἁναγιιαίως
3429 2545 3464 2613 ἡ
3523 2542 3755 2619 ὑμετέρα

2111 2633 2377 2692 θεοσέϐεια
2482 2638 2572 2692 τὸν
2661 2634 3044 2692 εύλαϐἑστατον
3148 2637 3237 2692 καὶ
3338 2630 3755 2690 θεοσεϐέστατον

2112 2723 2336 2804 ἀδελφὸν
2419 2727 2574 2798 ἡμῶν
2658 2727 2746 2782 καὶ
2829 2747 3217 2782 συνεπισκοπον
3279 2723 3550 2790 Θεόδωρον
3599 2745 3757 2800 φρον-

2111 2825 2320 2874 τιοῦντα
2398 2819 2498 2881 τῆς
2582 2813 2930 2881 Ἐκκλησῖας.
2991 2817 3064 2872 Ού
3139 2814 3238 2892 γάρ
3309 2813 3375 2881 ἦν
3459 2812 3750 2870 ἀκόλουθον

2117 2906 2367 2984 χηρεύειν
2428 2903 2612 2976 αὐτὴν,
2667 2904 2754 2960 καὶ
2815 2903 3101 2960 ἐπιστάτου
3151 2901 3278 2982 δῖχα
3335 2900 3602 2958 διατελεῖν
3660 2908 3756 2959 τοῦ

2117 2995 2367 3070 Σωτῆρος
2426 2993 2492 3048 τά
2547 2994 2789 3066 ποῖμνια.
2840 2990 3064 3060 Ἐπειδὴ
3117 2990 3170 3047 δὲ
3205 2989 3470 3066 προσῆλθε
3527 2989 3753 3062 χλαῖων,

2114 3081 2174 3137 οὖ
2206 3084 2448 3159 περὶτῆς
2501 3081 2734 3156 πόλεως,
2795 3079 2910 3139 οὒὸἒ
2969 3080 3067 3148 τῆς
3129 3080 3452 3149 Ἐκαλησῖας
3511 3079 3759 3158 φιλονει-

2115 3177 2222 3226 κῶν
2296 3177 2371 3242 τῷ
2477 3172 2892 3244 μνημονευθέντι
2998 3167 3395 3244 θεοσεόεστάτῳ
3479 3167 3762 3242 ἐπισκόπων

2115 3352 2200 3405 καὶ
2258 3347 2476 3423 κλῆσιν,
2529 3348 2943 3428 συνηλγήσαμεν
3005 3349 3233 3411 ἅπαντες
3292 3354 3368 3422 τῷ
3425 3345 3699 3422 πρεσϐύτῃ
3739 3362 3756 3376 ⁹

2114 3439 2201 3494 καὶ
2284 3439 2462 3495 κοινὸν
2546 3442 2690 3496 εἶναι
2774 3438 3115 3516 λογισάμενοι
3171 3439 3232 3494 τὸ
3293 3436 3450 3493 αὒτοῦ
3507 3434 3759 3514 δᾶκρδον,

2113 3525 2436 3604 ἓσπεύδομεν
2494 3531 2686 3604 μαθεῖν
2743 3529 2789 3584 εἰ
2834 3529 3136 3606 καθαῖρεσιν
3195 3526 3418 3602 ἔννομον
3475 3525 3760 3601 ὑπομεμε-

2116 3638 2276 3684 νηκεν
2332 3619 2359 3674 ὁ
2416 3619 2825 3697 μνημονευθεὶς,
2870 3615 3031 3696 ἥγόυν
3089 3619 3133 3674 εἱ
3192 3616 3277 3673 ἐπὶ
3309 3637 3414 3673 τισι
3458 3621 3565 3672 τῶν
3623 3615 3759 3671 ἆτό-

2115 3730 2232 3763 πων
2313 3705 2634 3784 ἆλήλεγαται
2715 3707 2859 3785 παρά
2926 3729 3111 3786 τινων,
3189 3703 3760 3784 καταφλύαρησάντων

2116 3795 2272 3852 αὐτοῦ
2303 3801 2399 3863 τῆς
2430 3795 2781 3871 ὃπολήψεως.
2831 3797 2936 3855 Καί
2991 3794 3058 3863 δὴ
3116 3795 3382 3868 ἐμάθομεν
3443 3795 3756 3872 πεπρᾶχθαι

2113 3882 2210 3958 μὲν
2267 3891 2506 3941 τοιοῦτον
2560 3883 2731 3958 οὐδὲν,
2794 3884 3035 3963 γεοέσθαι
3092 3883 3146 3939 δὲ
3204 3881 3408 3958 μᾶλλον
3441 3889 3518 3955 τῷ
3548 3904 3762 3957 μνημο-

2113 3971 2340 4028 νευθέντι
2419 3973 2534 4030 ἀντὶ
2615 3972 2955 4050 ἐγκλήματος
3043 3974 3143 4039 τὴν
3204 3973 3574 4050 παραίτησιν·
3641 3970 3762 4027 ὅθεν

2113 4059 2228 4118 οὐδὲ
2284 4061 2351 4130 τῆ
2407 4061 2638 4141 ὑμετέρᾳ
2717 4059 2989 4135 θεοσεόεἶᾳ
3069 4060 3448 4140 ἰμεμψᾶμεθα,
3507 4081 3761 4139 χειροτο-

2112 4151 2321 4228 νησᾶσῃ
2347 4149 2570 4215 δεόντως
2606 4153 2678 4211 εἷς
2721 4153 2811 4208 τὸν
2873 4153 3032 4207 αὖτοῦ
3077 4151 3240 4207 τόπον
3299 4151 3389 4205 τὸν
3443 4169 3760 4225 μνημονευ-

2109 4239 2264 4295 θὲντα
2345 4238 2728 4296 εύλαὸἐστατον
2814 4241 3105 4296 luis/.030»
3178 4237 3472 4317 Θεόδωρον.
3534 4235 3760 4304 Ἐπειδὴ

388 4329 793 4408 legitimamne
810 4351 1015 4410 passus
1039 4337 1579 4392 essetmemoratus
1603 4329 1690 4389 vir
1710 4327 2031 4410 depositio-

2116 4329 2163 4384 δὲ
2221 4331 2288 4406 τῇ
2345 4329 2732 4407 απραγμοσύνῃ
2787 4337 2883 4386 τοῦ
2937 4327 3125 4408 ἀνδρὸς
3174 4328 3234 4385 οὗ
3292 4325 3489 4408 σφόδρα
3524 4325 3765 4407 φιλονει-

390 4438 555 4499 nem,
587 4437 662 4481 an
679 4419 911 4481 scilicet
933 4421 1008 4482 de
1030 4419 1306 4480 absurdis
1337 4418 1509 4480 factis
1541 4418 1790 4479 dictisve
1818 4418 2025 4480 convi-

2116 4431 2227 4474 κεῖν
2287 4417 2592 4490 ἀκόλουθον,
2657 4417 2760 4474 ἔδει
2812 4417 2865 4474 δὲ
2925 4417 3133 4492 μᾶλλον
3189 4417 3408 4484 ἰλεῆσαι
3455 4413 3760 4490 πρεσϐύτην

385 4519 516 4569 ctus
533 4519 689 4570 esset
708 4508 1180 4572 obtrectantibus
1203 4507 1509 4569 nonnullis
1529 4507 1818 4569 adversus
1841 4507 2029 4587 ipsius

2116 4505 2210 4573 ἔξω
2266 4509 2353 4564 καὶ
2409 4507 2618 4570 πόλεως
2662 4512 2758 4577 τῆς
2800 4507 3124 4585 ἐνεγκούσης
3186 4509 3342 4566 αὒτὸν
3375 4507 3461 4562 καὶ
3493 4504 3760 4584 πατρῷων

385 4595 916 4662 existimationem.
947 4599 1153 4680 itaque
1183 4578 2025 4678 reperimus,hominem'nibil

2116 4594 2536 4671 ἐνδιαιτημάτων
2593 4597 2648 4653 ἐν
2708 4578 2938 4675 μακροίς
2996 4596 3135 4653 οῗτω
3206 4595 3455 4674 γεγονότα
3510 4578 3755 4674 χρόνοις⁹

387 4687 683 4767 ejusmodi
717 4702 1119 4770 perpetrasse,
1150 4688 1254 4748 sed
1293 4686 1492 4766 potius
1524 4686 1610 4747 illi
1644 4705 1748 4765 pro
1774 4685 2030 4748 crimine

387 4778 831 4841 recusationem
857 4777 1190 4842 ofﬁciivitio
1210 4775 1404 4838 datam
1427 4773 1807 4838 fuisse.Unde
1833 4794 2028 4857 neque

387 4868 486 4948 pio
500 4875 696 4930 vestro
709 4866 906 4928 studio
927 4865 1532 4945 succensuimus,quo
1557 4864 1617 4926 in
1640 4863 1801 4926 illius
1826 4866 2026 4928 locum

2115 4683 2497 4760 ἐδικαιώσαμεν
2551 4687 2645 4743 καί
2705 4687 2973 4763 ὡρίσαμεν
3027 4684 3155 4765 δίχα
3212 4685 3392 4751 πάσης
3449 4681 3760 4758 ἀντιλογίας

2114 4775 2269 4855 ἔχειν
2328 4779 2507 4850 αὐτὸν,
2540 4778 2600 4833 τὸ
2632 4798 2686 4833 τε
2728 4783 2822 4843 τῆς
2881 4777 3183 4842 ἆπισκοπῆς
3241 4773 3436 4848 ὄνομα,
3499 4771 3594 4828 καί
3655 4793 3757 4839 την

2112 4865 2298 4938 τιμὴν,
2360 4866 2446 4922 οιαὶ
2502 4866 2601 4932 τὴν
2658 4867 2954 4922 κοινωνίαν.
2997 4863 3152 4924 Οὕτω
3181 4863 3278 4936 μέν
3309 4884 3414 4942 τοι,
3477 4861 3615 4919 ὥστε
3673 4861 3756 4936 μή

387 4956 812 5018 convenienter
823 4955 1142 5036 praedictus
1153 4953 1695 5017 reverendissimus
1715 4954 2028 5035 episcopus

2116 4967 2446 5034 χειροτονεῖν
2506 4956 2687 5030 αύτὸν,
2755 4956 2893 5030 μήτε
2954 4955 3062 5028 μὴν
3124 4950 3450 5018 Ἐκκλησῖαν
3509 4948 3752 5008 καταλα-

385 5046 734 5108 Theodorus
763 5046 1054 5108 suffectus
1085 5053 1176 5107 est
1208 5061 1223 5104 :
1259 5044 1366 5107 sed
1400 5044 1540 5121 quia
1573 5043 1866 5105 adversus
1894 5044 2028 5124 ejus

2116 5041 2270 5099 δόντα
2324 5045 2611 5122 ἱεροργεϊν,
2697 5043 2750 5108 ἐξ
2831 5043 2962 5106 ἰδίας
3024 5042 3319 5114 αὖθεντίας,
3376 5038 3499 5097 ἀλλ’
3559 5039 3596 5108 ἥ
3658 5039 3758 5116 ἄρα

386 5133 652 5197 animum
685 5153 718 5195 a
749 5135 1004 5214 negotiis
1033 5133 1314 5214 gerendis
1340 5142 1636 5196 remotum
1671 5150 1790 5192 non
1819 5131 2027 5193 admo-

2116 5131 2768 5210 συμπαραλαμϐανόμενον
2876 5132 3053 5189 εἶ’τούν
3152 5130 3570 5205 επιτρεπόμενον
3607 5175 3624 5203 ,
3712 5131 3758 5186 εἰ

387 5222 528 5284 dum
561 5223 870 5285 decertare
900 5221 1184 5302 oportuit,
1243 5223 1336 5283 54
1383 5222 1486 5284 sed
1523 5219 1796 5282 misereri
1828 5226 2022 5301 potius

2116 5221 2264 5300 τύχοι
2322 5223 2465 5300 παρά
2527 5221 2755 5304 ἀδελφοῦ
2815 5224 2903 5279 καὶ
2958 5222 3384 5292 συιέπισκόπου,
3446 5219 3584 5276 κατά
3633 5216 3760 5274 διά-

387 5329 620 5376 senem.
651 5311 750 5392 qui
775 5312 981 5393 procul
1004 5312 1078 5372 ab
1109 5311 1256 5374 urbe
1285 5311 1344 5373 in
1376 5329 1493 5393 qua
1523 5317 1694 5372 natus
1718 5309 1931 5388 fuerat,
1966 5318 2026 5372 et

2116 5316 2249 5368 [ιεσιν
2279 5315 2364 5368 καὶ
2396 5313 2611 5390 ἀγάπην
2643 5315 2737 5382 civ
2770 5313 2824 5370 ἰν
2884 5315 3094 5390 Χριστῴ
3132 5331 3146 5348 ·
3207 5310 3270 5367 ἂν
3314 5307 3368 5366 δὲ
3422 5330 3473 5365 τι
3533 5307 3759 5385 βουλεύ-

387 5419 420 5462 a
449 5398 656 5480 patriis
674 5401 900 5463 aedibus
922 5400 1127 5463 tandiu
1150 5400 1442 5465 abfuisset
1471 5418 1487 5474 ;
1507 5400 1737 5481 justum
1769 5407 2022 5460 rectum-

2116 5405 2274 5468 σησθε
2307 5404 2669 5482 χρηστότερον
2722 5401 2810 5458 ἐπ’
2870 5407 3013 5477 αύτῷ
3061 5399 3098 5467 ἥ
3148 5408 3236 5458 νύν
3268 5399 3303 5469 ἢ
3367 5401 3442 5461 εἰς
3500 5400 3560 5455 τὸ
3619 5399 3761 5472 μετά

385 5508 498 5570 que
529 5508 662 5551 esse
691 5489 1094 5565 deﬁnivimus,
1129 5499 1192 5552 ut
1221 5490 1449 5571 absque
1500 5489 1662 5551 omni
1715 5487 2028 5550 contradi-

2116 5501 2300 5552 ταῦτα,
2337 5492 2514 5570 ἀρέσει
2545 5493 2816 5550 καὶτοῦτο
2847 5497 2914 5566 τῇ
2946 5493 3072 5570 ἁγίᾳ
3106 5487 3330 5565 συνόδῳ.

389 5580 588 5640 ctione
609 5589 666 5639 et
688 5598 904 5640 nomen
937 5580 1193 5642 retineat
1223 5580 1512 5658 episcopi,
1541 5589 1599 5639 et
1625 5579 1939 5653 honorem,
1963 5587 2021 5638 et
2050 5580 2539 5642 communionem
2571 5597 2585 5641 :
2622 5598 2689 5642 ea
2724 5587 2923 5641 tamen
2953 5581 3179 5658 lege,ut
3211 5596 3406 5657 neque
3438 5574 3761 5638 ordinandi

388 5668 518 5758 ipse
537 5668 959 5731 auctoritatem
995 5669 1240 5744 habeat,
1265 5685 1458 5758 neque
1482 5667 1540 5728 in
1577 5666 1702 5727 ulla
1727 5665 1994 5728 Ecclesia
2027 5685 2097 5730 ex
2120 5668 2361 5757 propria
2395 5669 2687 5735 sacrificet
2709 5669 3062 5736 auctoritate
3098 5689 3115 5746 ;
3152 5666 3266 5731 nisi
3299 5666 3356 5730 id
3377 5664 3494 5733 sibi
3519 5664 3609 5727 vel
3642 5662 3758 5728 ad-
