4108 6222
266 331 382 406 481

1119 329 1538 404 SYNTAGMA
1580 330 1980 438 CANONUM.
2049 375 2128 391 -
2195 337 2348 404 'rx'r.
2397 326 2448 420 Ι,
2494 321 2660 401 CAP.
2710 321 2815 400 vr.

3539 293 3658 400 4'82

260 473 518 554 juvandi
562 491 761 550 causa,
796 473 889 536 vel
921 474 1333 537 concessionis
1392 472 1647 547 ratione,
1682 473 1898 535 ail'ectu
1931 488 2256 548 amoreque
2305 467 2651 533 Christiano
2683 485 2720 527 a
2749 467 2934 530 fratre
2967 477 3027 526 et
3059 465 3444 546 coepiscopo,
3475 466 3525 529 si
3576 467 3659 531 ita

267 562 618 641 contigerit,
653 563 983 626 liberaliter
1025 564 1348 625 deferatur.
1397 561 1571 634 Quod
1602 561 1654 624 si
1703 581 1806 624 vos
1837 561 1912 623 de
1976 577 2048 621 eo
2081 560 2298 622 melius
2343 557 2656 640 quidpiam
2697 554 3054 635 cogitabitis,
3097 563 3200 617 aut
3248 574 3431 628 nunc,
3466 565 3567 618 aut
3596 560 3656 620 in

270 661 606 733 posterum,
641 661 872 730 gratum
904 652 964 715 id
1001 655 1177 715 etiam
1206 659 1640 733 acceptumque
1667 659 1887 713 sancta
1917 649 2144 731 synodo
2175 650 2438 713 futurum
2475 655 2588 710 est.

667 750 894 809 Συνόδου
926 750 1188 830 Σαρδικῆς
1217 753 1394 809 κανὼν
1422 751 1535 826 ς’.

361 847 552 909 "Octo;
585 846 877 911 ἐπίσκοπος
909 847 1066 903 εἶπεν
1101 863 1117 879 ⁸
1155 845 1281 905 Ἐὰν
1312 843 1499 922 Συμϐᾗ
1541 845 1595 900 ἐν
1626 850 1724 920 μιᾷ
1751 843 1920 922 ἐπαρ-

271 941 397 1017 χῖᾳ,
444 936 501 994 ἐν
544 940 581 1014 ᾗ
623 935 872 993 πλεῖστοι
904 935 1185 993 ἐπίσκοποι
1238 935 1616 1016 τυγχάνουσιν,
1660 934 1750 990 ἕνα
1796 932 1916 989 ἐπί·-

270 1048 479 1083 σκοπον
535 1027 856 1104 ἆπομεϊναι,
914 1026 1166 1088 κάκεῖνος
1221 1026 1361 1084 κατέ
1391 1047 1508 1082 τινα
1539 1023 1796 1099 ἀμέλειαν
1839 1025 1917 1096 μὴ

271 1116 516 1193 βουληθῇ
571 1113 842 1172 συνελθεῖν
926 1118 1016 1172 καὶ
1101 1114 1400 1171 σαναινέσαι
1471 1120 1540 1190 τῇ
1594 1113 1917 1170 καταστάσει

273 1213 385 1260 τῶν
442 1203 771 1268 ἐπισκόπων,
807 1205 873 1260 τὰ
912 1203 968 1260 δὲ
1029 1203 1210 1275 πλήθη
1256 1202 1694 1282 συναθροισθέντα
1739 1223 1914 1279 παρα-

274 1294 505 1350 καλοτεν
562 1293 832 1371 γίγνεσθαι
903 1294 1002 1360 τὴν
1073 1295 1401 1349 κατάστασιν
1443 1301 1533 1348 τοῦ
1595 1291 1718 1370 παρ’
1747 1291 1919 1347 αὒτῶν

275 1383 697 1457 ἐπζητουμὲνοο
741 1380 1063 1462 ἐπισκόπου,
1112 1382 1223 1461 χρὴ
1273 1380 1530 1460 πρότερον
1576 1379 1786 1437 ἐκεῖνον
1829 1381 1919 1435 τὸν

277 1472 702 1545 ἐναπομείναντα
731 1469 1022 1529 ἐπίσκοπον
1067 1471 1566 1546 ὑπεμιμνήσκεσθαι
1611 1469 1695 1526 διὰ
1739 1490 1919 1547 γραμ-

277 1567 466 1637 μέτων
495 1567 590 1618 τοῦ
617 1560 844 1640 ἐξάρχου
883 1566 984 1628 τῆς
1016 1560 1304 1640 ἐπαρχίας,
1367 1559 1509 1638 λέγω
1551 1559 1607 1616 δὲ
1654 1566 1748 1617 τοῦ
1793 1561 1918 1615 ἐπι-

278 1652 485 1708 σκόπου
509 1649 608 1717 τῆς
652 1649 1040 1728 μητροπόλεως
1086 1648 1166 1706 ὅτι
1198 1649 1342 1716 ἀξιοῖ
1370 1651 1436 1707 τὰ
1479 1649 1659 1720 πλήθη
1691 1647 1922 1723 ποιμένα

275 1743 464 1803 αὖτοϊς
494 1737 733 1808 δοθῆναι,
776 1742 1016 1817 ἡγεῦμαι
1065 1738 1245 1802 καλῶς
1276 1737 1428 1820 ἔχειν
1474 1740 1559 1796 καὶ
1595 1745 1779 1794 τοῦτον
1822 1735 1918 1794 ἐκ-

273 1828 526 1908 δέλεσθαι
583 1827 680 1884 ’ίνα
738 1827 1112 1906 παραγένηται
1142 1845 1156 1860 ⁶
1205 1829 1250 1884 εἰ
1279 1827 1333 1884 δὲ
1365 1829 1444 1903 μὴ
1477 1827 1561 1883 διὰ
1591 1825 1920 1904 γραμμάτων

278 1918 514 1984 ἆξιωθεὶς
581 1916 973 1994 παραγένηται,
1062 1912 1202 1990 μήτε
1291 1917 1401 1992 μὴν
1459 1916 1796 1995 ἆντιγράφοι,
1858 1915 1920 1972 τὸ

276 2008 458 2063 ἱκανὸν
501 2012 570 2083 τῇ
627 2005 796 2083 βουλῇ
841 2015 935 2066 τοῦ
990 2005 1225 2077 πλήθους
1285 2007 1396 2086 χρὴ
1461 2005 1727 2084 γενέσθαι.
1805 2004 1921 2081 Χρὴ

2331 746 2595 812 Concilii
2627 745 3016 809 Sardicensis
3045 761 3245 807 canon
3266 745 3326 809 6.

2081 840 2260 906 Osins
2285 839 2605 921 episcopus
2625 837 2772 900 dixit
2801 859 2814 896 :
2843 835 2903 900 Si
2927 836 3247 916 contigerit
3271 837 3330 899 in
3365 856 3484 899 una
3509 857 3654 919 pro-

2001 931 2286 1004 vincia,in
2308 947 2423 1011 qua
2448 943 2585 990 sunt
2605 926 2851 1008 plurimi
2875 925 3162 1007 episcopi,
3201 945 3384 988 unum
3411 928 3653 1008 episco-

2003 1039 2141 1100 pum
2163 1019 2486 1082 conventui
2513 1035 2630 1080 non
2653 1017 3038 1096 interesse,et
3059 1015 3160 1077 ille
3195 1033 3302 1097 per
3330 1017 3652 1098 quamdam

2002 1109 2422 1190 negligentiam
2448 1108 2598 1170 nolit
2617 1107 3032 1180 convenire,et
3050 1105 3470 1184 episcoporum
3485 1106 3653 1170 insti-

2001 1199 2219 1262 tutioni
2244 1209 2302 1262 et
2330 1198 2608 1261 electioni
2633 1197 3311 1275 assentire,congregata
3332 1204 3529 1258 autem
3555 1215 3656 1278 po-

2005 1287 2122 1369 puli
2153 1287 2468 1349 multitudo
2495 1287 2698 1366 instet,
2725 1293 2788 1345 ut
2812 1286 2913 1346 ﬁat
2935 1284 3227 1346 institutio
3253 1285 3653 1367 episcopi,qui

2002 1375 2076 1437 ab
2103 1376 2192 1438 eis
2222 1376 2576 1457 postulatur,
2609 1380 2842 1454 oportet
2873 1372 3040 1436 illum
3077 1373 3376 1453 prius,qui
3403 1393 3521 1436 non
3543 1375 3654 1437 ad-

2002 1464 2208 1541 fuerit,
2243 1464 2592 1546 episcopum
2649 1462 2964 1525 admoneri
2998 1480 3103 1543 per
3130 1462 3356 1525 litteras
3389 1463 3657 1545 primatis

2005 1554 2346 1636 provincia,
2406 1572 2624 1634 nempe
2675 1551 2942 1634 episcopi
2997 1552 3463 1634 metropolitani,
3495 1553 3654 1635 quod

2001 1655 2170 1724 rogat
2192 1643 2449 1725 populus
2465 1643 2580 1706 sibi
2605 1651 2905 1724 pastorem
2931 1641 3084 1705 dari:
3113 1650 3171 1704 et
3192 1641 3470 1704 existimo
3493 1651 3657 1705 recte

2002 1734 2228 1796 habere
2249 1735 2407 1796 hunc
2427 1751 2666 1815 quoque
2688 1732 3122 1812 exspectari,ut
3143 1731 3319 1793 adsit.
3357 1730 3423 1796 Si
3453 1747 3655 1795 autem

2004 1823 2222 1886 litteris
2281 1831 2522 1902 rogatus
2573 1841 2689 1884 non
2749 1821 3032 1895 adfuerit,
3067 1839 3136 1883 ac
3168 1839 3246 1884 ne
3277 1821 3659 1901 rescripserit

2004 1910 2270 1992 quidem,
2305 1910 2512 1993 populi
2539 1908 2832 1972 voluntati
2862 1910 3134 1972 satisﬁat.
3169 1913 3422 1991 Oportet
3450 1917 3653 1974 autem

2003 2017 2075 2061 ex
2096 1999 2288 2061 vicina
2316 2017 2557 2080 quoque
2587 1999 2898 2080 provincia
2915 1998 3201 2062 accersiri
3232 1999 3548 2080 episcopos
3578 1999 3654 2061 ad

277 2096 332 2153 δὲ
391 2097 481 2152 καὶ
527 2093 950 2170 μετακαλεϊσθαι
1009 2095 1102 2154 καί
1149 2097 1264 2162 τοὺς
1309 2097 1415 2153 ἀπὸ
1461 2104 1558 2168 τῆς
1593 2093 1918 2173 πλησιοχώ-

2009 2087 2448 2170 metropolitani
2477 2088 2748 2170 episcopi
2803 2088 3268 2153 institutionem.
3303 2086 3434 2150 Non
3467 2087 3656 2151 licere

279 2207 370 2252 pou
443 2183 710 2265 ἐπαρχίας
781 2185 1106 2249 ἐπισκοπους
1192 2187 1322 2264 πρὸς
1420 2185 1517 2252 τὴν
1599 2184 1921 2240 κατάστασιν

278 2283 370 2332 τοῦ
429 2283 526 2348 τῆς
597 2273 986 2352 μητροπόλεως
1060 2275 1355 2332 ἐπισκόπου
1383 2293 1400 2312 ο
1462 2275 1540 2350 μὴ
1611 2273 1808 2338 ἐξεῖναι
1865 2269 1919 2327 δὲ

279 2363 468 2429 enim;
526 2367 776 2436 καθιστᾷν
846 2363 1140 2422 ἐπίσκοπον
1211 2366 1373 2440 κώμῃ
1429 2365 1530 2420 τινὶ
1597 2363 1632 2431 ἢ
1691 2362 1922 2441 βραχείᾳ

286 2452 472 2531 πόλει,
523 2453 558 2528 ᾗ
606 2474 704 2509 τινι
762 2453 857 2510 καὶ
909 2453 996 2516 εἷς
1039 2452 1201 2528 μόνος
1259 2452 1610 2531 πρεσϐύτερος
1668 2450 1915 2524 ἐπαριετ.

291 2543 401 2599 Οὖκ
455 2543 741 2619 ἀναγκαῖον
783 2543 884 2620 γὰρ
927 2545 1254 2608 ἐπισκόπους
1297 2542 1478 2600 ἐκεῖσε
1550 2541 1914 2618 καθίστασθαι,

286 2630 379 2686 τ’να
437 2629 512 2701 μὴ
545 2631 974 2703 κατευτελίζηται
1022 2634 1079 2688 τὸ
1134 2640 1226 2690 τοῦ
1269 2631 1564 2690 ἐπισκόπου
1619 2629 1788 2705 ὄνομα
1830 2630 1918 2686 καὶ

277 2722 312 2788 ὴ
374 2721 614 2776 αὖθεντία
648 2739 663 2756 ·
711 2720 848 2777 ἀλλ’
907 2723 954 2778 οἱ
1013 2725 1112 2790 τῆς
1170 2722 1451 2802 ἐπαρχίας,
1511 2723 1586 2783 ὡς
1629 2732 1913 2798 προεῖπον,

277 2810 590 2881 ἐπίσκοποι,
665 2809 720 2866 ἐν
775 2811 990 2876 ταύταις
1046 2825 1170 2874 ταῖς
1228 2809 1416 2868 πόλεσι
1476 2813 1729 2882 καθιστᾷν
1789 2807 1916 2864 ἐπι-ο

279 2919 510 2963 σκοπους
565 2897 889 2978 ὀφείλουσιν,
949 2898 1068 2957 ἔνθα
1154 2901 1240 2957 καὶ
1294 2900 1550 2978 πρότερον
1619 2898 1916 2977 ἐτύγχανον

279 2994 562 3065 γεγονότας
618 2988 900 3047 ἐπίσκοποι
936 3008 951 3023 ⁸
1012 2991 1056 3046 εἰ
1103 2988 1158 3046 δὲ
1205 2991 1495 3069 εὑρίσκοιτο
1537 2988 1704 3054 οὕτως
1763 2986 1917 3053 πλη-

2003 2185 2198 2239 autem
2234 2176 2592 2259 simpliciter
2648 2177 2998 2258 episcopum
3057 2177 3423 2239 constituere
3451 2176 3546 2237 55
3581 2176 3648 2238 in

2003 2267 2202 2347 aliquo
2231 2285 2380 2347 pago
2410 2267 2500 2330 vel
2534 2284 2707 2347 parva
2737 2263 3020 2341 urbe,cui
3048 2265 3139 2330 vel
3163 2283 3316 2328 unus
3336 2265 3648 2348 presbyter

2004 2355 2225 2418 sufﬁcit
2257 2376 2273 2418 :
2309 2374 2428 2418 non
2489 2373 2739 2419 necesse
2796 2363 2890 2418 est
2937 2356 3098 2418 enim
3147 2354 3269 2416 illic
3298 2354 3650 2436 episcopum

2003 2444 2394 2516 constitui,ne
2414 2444 2682 2524 episcOpi
2709 2463 2928 2507 nomen
2947 2452 3006 2506 et
3040 2442 3364 2506 auctoritas
3391 2441 3650 2524 vilipen-

2001 2534 2204 2597 datur.
2236 2531 2352 2596 Sed
2387 2533 2707 2614 provincia
2737 2535 2825 2612 (ut
2855 2533 3018 2613 prius
3048 2531 3194 2612 dixi)
3230 2531 3500 2614 episcOpi
3535 2529 3650 2594 de-

2001 2621 2146 2684 bent
2163 2621 2309 2684 iniis
2331 2621 2584 2685 urbibus
2607 2624 2924 2703 episcopos
2947 2621 3450 2696 constituere,ubi
3471 2621 3652 2684 etiam

2001 2713 2168 2794 prius
2209 2713 2472 2794 episcopi
2503 2711 2770 2775 fuerunt.
2802 2711 2866 2776 Si
2909 2720 3110 2775 autem
3140 2710 3480 2774 inveniatur
3509 2710 3653 2773 urbs

1999 2802 2222 2884 aliqua,
2251 2820 2382 2884 qua)
2403 2802 2554 2864 adeo
2582 2801 2871 2882 populosa
2892 2800 3126 2876 evadat,
3152 2810 3218 2864 ut
3251 2803 3379 2881 ipsa
3411 2799 3651 2882 episco-

1999 2899 2138 2972 patu
2173 2890 2358 2971 digna
2383 2890 2702 2970 judicatur,
2734 2890 3012 2971 accipiat.
3075 2891 3166 2953 An
3225 2890 3340 2952 hoc
3372 2889 3656 2953 omnibus

2001 2981 2243 3061 placet?
2276 2981 2738 3059 Responderunt
2759 2997 2971 3042 omnes
3002 2999 3018 3040 :
3054 2981 3279 3044 Placet.

276 3077 502 3134 θόνουσᾶ
557 3099 640 3142 τις
696 3077 752 3134 ἐν
796 3078 980 3154 πολλῷ
1035 3067 1428 3158 ἀριθμῷ-λαοὸ
1487 3078 1668 3152 πόλις,
1721 3078 1794 3142 ὡς
1853 3074 2000 3140 ἀξίαν
2054 3070 2219 3140 αὐτὴν
2264 3071 2564 3140 ἐπισκοπῆς
2623 3073 2948 3150 νομίζεσθαι⁹
2999 3067 3342 3146 λαμϐανέτω,
3403 3072 3448 3128 εί
3491 3077 3650 3129 πᾶσιν

280 3167 494 3245 ἀρέσκει
523 3174 704 3232 τοῦτο.

382 3263 616 3326 Σονόδοο
647 3266 1013 3345 Καρθαγεᾏνης
1047 3267 1222 3324 κανὼν
1250 3266 1324 3346 ιγ’
1356 3267 1436 3336 ιη’
1470 3266 1560 3344 μθ¹
1595 3266 1670 3323 νε¹
1709 3264 1818 3332 νη’.

279 3362 406 3437 Περὶ
493 3359 587 3417 τοῦ
676 3360 755 3436 μὴ
845 3357 1043 3426 ἐξεῖναι
1126 3359 1441 3437 ἐπίσκοπον,
1529 3363 1573 3417 εἰ
1657 3360 1735 3435 μὴ
1817 3358 1920 3415 ὑπὸ

363 3439 601 3514 πολλῶν,
676 3444 1153 3522 χειροτονεῖσθαιξ
1226 3442 1271 3498 εἰ
1349 3439 1402 3496 δὲ
1477 3441 1718 3522 ἀνάγκηΔ
1751 3438 1922 3517 vivi.-

363 3542 474 3593 ται,
561 3519 717 3578 κᾶν”
745 3521 847 3578 ὑπὸ
910 3525 1071 3577 τοιῶν
1138 3519 1473 3600 ἐπισκοπων,
1534 3524 1562 3579 δ
1596 3519 1601 3520 ⁷
1631 3519 1922 3584 ἐπίσκοπος

361 3603 796 3681 χειροτονηθείη.

364 3693 462 3773 ιγ’.
499 3693 761 3774 Αὒρήλιος
792 3693 1084 3759 ἐπίσκοπος
1115 3699 1293 3754 εἶπεν·
1327 3695 1389 3756 Τί
1417 3695 1550 3774 πρὸς
1580 3701 1744 3752 ταῦτα
1771 3691 1918 3772 λέγει

278 3786 314 3852 ἡ
361 3784 592 3863 ὑμετέρα
660 3784 984 3862 ἁγιωσύνη;
1075 3783 1215 3842 ’Δπὸ
1271 3785 1487 3846 πάντων
1545 3790 1651 3841 τῶν
1694 3783 1919 3840 ἐπισκό-

281 3897 398 3931 πων
430 3873 631 3954 ἐλέχθη
661 3892 676 3908 ·
725 3872 954 3953 Ὀφείλει
986 3873 1075 3931 καὶ
1105 3874 1232 3954 παρ’
1260 3877 1418 3949 ἡμῶν
1447 3874 1514 3930 τὰ
1543 3872 1815 3952 ὁρισθέντα
1859 3871 1920 3929 ἐκ

279 3970 388 4020 τῶν
416 3966 520 4036 πρὸ
547 3963 703 4038 ἡμῶν
741 3963 1100 4043 φυλαχθῆναι,
1135 3966 1212 4020 ὧν
1242 3986 1400 4020 τινων
1429 3965 1504 4028 ὡς
1534 3962 1726 4042 ἔτυχεν
1751 3961 1916 4018 ἀϐού-

279 4052 389 4116 λως
422 4055 472 4110 οἱ
514 4053 860 4132 προτεύοντες
919 4057 1019 4120 τῆς
1077 4051 1398 4124 οἶασδήποτε
1442 4053 1728 4132 ἐπαρχίας,
1777 4051 1918 4126 ἀμε-

280 4142 401 4200 λεῖν
431 4141 808 4218 κατατολμῶσι
842 4157 856 4173 ⁶
896 4141 1084 4200 πολλοὶ
1115 4142 1204 4199 οὗν
1228 4143 1506 4200 ἐπίσκοποι
1541 4141 1915 4220 συναχθέντες,

279 4233 575 4290 ἐπίσκοπον
626 4233 1099 4312 χειροτονήσουσιν
1130 4251 1144 4267 ο
1207 4233 1249 4290 εἰ
1302 4231 1357 4289 δὲ
1415 4233 1625 4310 ἀνάγκη
1669 4231 1915 4310 γένηται,

279 4335 426 4402 τρεῖς
486 4321 766 4378 ἐπίσκοποι
814 4320 869 4378 ἐν
912 4319 1207 4395 οίῳδήποτε
1266 4321 1328 4376 ἂν
1371 4322 1521 4395 τόπῳ
1565 4324 1692 4394 ὦσι,
1721 4329 1798 4395 τῷ
1827 4326 1918 4376 τοῦ

276 4412 644 4491 πρωτεύοντος
684 4411 1118 4490 παραγγέλματι,
1153 4413 1592 4491 χειροτονήσουσι
1650 4413 1741 4466 τὸν
1795 4409 1916 4466 ἐπί-

279 4521 486 4558 σκοπον
521 4517 536 4531 ’
595 4500 685 4556 καὶ
741 4498 830 4557 ἐάν
890 4521 967 4564 τις
1027 4499 1082 4556 ἐν
1159 4520 1262 4556 τινι
1323 4498 1615 4576 ἐναντιωθῇ
1669 4503 1739 4575 τῇ
1819 4495 1920 4570 ἰδίᾳ

282 4592 545 4674 ὁμολογίᾳ
613 4591 643 4660 ἥ
712 4599 782 4667 τῇ
836 4593 1142 4675 ὑπογραφῇ,
1189 4591 1348 4652 αὗτὸν
1397 4591 1749 4670 ἀποστερήσει
1818 4594 1918 4661 τῆς

1928 3269 1970 3320 c
1996 3262 2259 3326 Concihi
2281 3261 2782 3344 Carthaginensis
2798 3279 3061 3326 canones
3099 3261 3191 3337 l3,
3219 3262 3648 3340 l8,49,55,58.

2007 3355 2085 3419 Ut
2112 3373 2240 3439 non
2274 3358 2456 3439 liceat
2483 3358 2830 3438 episcopum
2861 3359 2988 3420 nisi
3020 3375 3058 3419 α
3085 3357 3384 3439 plurimis
3413 3360 3658 3424 ordina-

2083 3437 2143 3498 ri
2177 3456 2192 3497 :
2225 3437 2332 3499 sed
2353 3437 2411 3499 si
2438 3437 2764 3501 necessitas
2787 3439 3010 3516 fuerit,
3059 3437 3158 3501 vel
3186 3455 3225 3500 α
3253 3437 3448 3502 tribus
3477 3440 3652 3504 ordi-

2082 3524 2261 3580 netur
2291 3518 2610 3598 episcopis.

2090 3611 2186 3674 13.
2218 3610 2503 3673 Aurelius
2530 3611 2852 3692 episcopus
2883 3610 3032 3674 dixit
3062 3613 3124 3664 4³
3158 3633 3172 3677 :
3227 3612 3384 3686 Quid
3421 3612 3494 3676 ad
3529 3613 3656 3677 haec

2001 3699 2149 3763 dicit
2178 3699 2467 3764 sanctitas
2493 3709 2687 3763 vestra
2711 3699 2737 3763 ?
2761 3703 2855 3764 Ab
2878 3701 3176 3764 universis
3199 3702 3502 3785 episcopis
3531 3703 3656 3766 dic-

2002 3797 2125 3852 tum
2159 3798 2250 3852 est
2281 3807 2295 3852 :
2326 3790 2375 3852 A
2409 3789 2584 3852 nobis
2610 3797 2877 3852 veterum
2909 3799 3127 3853 statuta
3149 3789 3376 3854 debere
3399 3795 3650 3870 servari,

2002 3878 2178 3941 sicuti
2212 3887 2275 3942 et
2306 3878 2642 3942 inconsulto
2675 3879 2926 3960 primate
2950 3879 3276 3960 cujuslibet
3308 3883 3651 3964 provinciae,

2003 3974 2121 4030 tam
2152 3967 2328 4031 facile
2359 3987 2480 4031 non
2513 3976 2877 4050 praesumant
2909 3969 3084 4031 multi
3113 3971 3456 4051 congregati
3485 3975 3651 4054 epis-

2003 4058 2138 4139 copi
2167 4057 2517 4140 episcopum
2551 4058 2830 4122 ordinare
2865 4077 2880 4124 :
2925 4058 3047 4122 nisi
3077 4059 3128 4124 si
3155 4062 3224 4140 [si
3260 4077 3429 4137 vero,
3463 4064 3552 4126 ita
3599 4071 3659 4126 et

2000 4148 2182 4229 Luc.]
2217 4148 2545 4211 necessitas
2573 4148 2772 4224 fuerit,
2805 4156 2928 4212 tres
2959 4148 3250 4232 episcopi,
3283 4155 3341 4213 in
3365 4171 3655 4234 quocum-

2002 4255 2118 4317 que
2149 4235 2280 4298 loco
2305 4237 2446 4313 sint,
2483 4238 2615 4319 ejus
2669 4248 2968 4320 praecepto
3024 4239 3311 4304 ordinare
3343 4241 3652 4306 debebunt

2000 4325 2344 4407 episcopum
2383 4344 2397 4387 :
2436 4336 2494 4389 et
2536 4329 2586 4389 si
2647 4328 2782 4409 quis
2840 4339 3050 4392 contra
3107 4349 3276 4392 suam
3317 4331 3654 4411 professio-

2002 4433 2139 4476 nem
2169 4416 2259 4477 vel
2291 4414 2796 4496 subscriptionem
2851 4419 3084 4482 venerit
3142 4420 3206 4482 in
3239 4421 3460 4502 aliquo,
3519 4423 3650 4504 ipse
3748 4448 3752 4452 λ

2002 4522 2068 4653 ρο
2096 4505 2327 4674 hpnore
2384 4505 2666 4588 privabit.
2723 4507 2888 4590 [Mss
2955 4507 3087 4590 ipse
3119 4510 3349 4574 honore
3381 4511 3650 4592 privabi-

2031 4611 2122 4656 ur.

2031 4611 2122 4656 Ill'.

279 4653 482 4759 τῖμῆςί
526 4653 536 4668 ’
631 4653 643 4660 τ
757 4653 782 4667 ﬂ
954 4653 990 4672 Η
1599 4653 1610 4670 ’
1654 4653 1665 4662 ’
1877 4653 1912 4661 Γ
1943 4653 1987 4704 θ
2205 4684 2274 4748 Si
2315 4684 2452 4764 quis
2503 4685 2763 4750 clericus
2822 4687 3178 4764 ordinatus,
3210 4689 3452 4752 moneri
3481 4687 3658 4752 debet

363 4771 493 4830 Ἐάν
569 4793 646 4837 τις
705 4771 965 4852 κληρικὸς
1021 4776 1423 4852 χειροτονῆται,
1487 4767 1693 4849 ὀφείλει
1779 4770 1918 4829 ὑπο-

2009 4773 2324 4836 constituta
2351 4791 2646 4839 servare:
2680 4784 2741 4838 et
2801 4783 2865 4840 ut
2915 4778 3271 4859 corporibus
3315 4775 3653 4856 defuncto-

280 4863 680 4938 μιμνήσκεσθαι
751 4862 871 4927 τοὺς
929 4859 1083 4941 ὅρους
1139 4860 1444 4942 φυλάττειν,
1507 4861 1597 4917 καὶ
1650 4859 1745 4917 ’ίνα
1807 4872 1917 4926 τοῖς

2009 4879 2140 4924 rum
2168 4863 2547 4928 eucharistia
2584 4883 2707 4928 non
2729 4866 2925 4941 detur,
2959 4883 3066 4930 nec
3099 4865 3401 4945 baptisma
3435 4887 3456 4930 :
3489 4871 3549 4929 et
3581 4872 3648 4931 ut

281 4951 494 5029 σώμασι
563 4957 669 5009 τῶν
730 4951 1101 5011 ἀποθανόντων
1172 4949 1514 5033 εὔχαριστίαν
1596 4948 1674 5026 μὴ
1756 4946 1913 5006 δίδω-

2009 4968 2104 5031 per
2123 4950 2401 5033 singulos
2430 4971 2626 5018 annos
2660 4971 2766 5035 per
2792 4973 3000 5019 omnes
3018 4957 3378 5036 provincias
3409 4954 3489 5020 ad
3510 4974 3654 5020 con-

283 5063 396 5117 ται,
457 5038 595 5116 μηδὲ
647 5041 926 5117 βάπτισμα
961 5059 976 5078 ο
1037 5041 1124 5098 καὶ
1169 5039 1259 5097 ἵνα
1312 5037 1429 5097 καθ’
1473 5038 1697 5097 ἕκαστον
1740 5037 1920 5095 ἐνιαυ-

2009 5041 2218 5106 cilium
2252 5041 2363 5123 (8‘)
2416 5043 2878 5126 metropolitani
2935 5051 3340 5108 conveniatur
3399 5047 3656 5124 [conve-

279 5133 371 5188 τὸν
447 5131 523 5194 εἷς
609 5129 784 5193 πὶσας
860 5129 956 5193 τὰς
1033 5127 1298 5209 ἐπαρχίας
1369 5130 1503 5206 πρὸς
1572 5123 1787 5187 σύνοδον
1874 5132 1922 5187 οἱ
2007 5131 2248 5214 niani].

285 5217 690 5299 μητροπολτται
721 5216 1012 5300 ἶρχωνται.

369 5406 432 5458 48
459 5407 734 5487 Carthag.
769 5421 830 5470 ll.
868 5421 1003 5486 cap.
1047 5404 1149 5470 Η.

1852 5511 2102 5582 ΝΟΤιΕ.

367 5695 470 5779 (8')
498 5691 608 5760 Ms.
641 5692 1209 5778 metropolitanum.
