4108 6222
326 341 448 410 485
1181 333 1599 405 SYNTAGMA
1643 327 1966 402 CANONU]

2093 369 2171 380 —
2229 333 2384 398 TIT.
2433 337 2484 419 Ι,
2529 337 2693 402 CAP.
2743 324 2848 403 vi.
3583 334 3702 402 486

329 480 650 557 ὁρισθέντων
697 481 903 541 τούτοις
964 477 1184 554 ἕπομαι,
1247 476 1387 534 ὥστε
1459 474 1731 532 συνελθεῖν
1776 495 1842 547 με
1903 476 1966 544 τῷ

2059 467 2117 557 id
2141 477 2462 557 sequor,ut
2493 469 2841 532 conveniam
2875 471 3226 551 episcopum
3258 457 3413 549 ejus,
3438 477 3614 551 atque
3643 464 3702 531 ei

327 569 616 644 ἐπισκόπῴ
660 569 819 625 αύτοῦ
871 575 964 626 τοῦ
1006 565 1335 642 ζητουμένου
1376 565 1660 644 κληρικοῦ,
1695 564 1966 620 καὶταῦτα

2056 553 2378 633 inculcem,
2414 559 2570 639 quod
2603 561 2734 640 ejus
2787 559 3043 620 clericus
3071 577 3106 620 a
3136 557 3405 640 qualibet
3433 558 3702 621 Ecclesia

330 660 469 718 αὖτᾶ
539 659 826 739 ἐμφανίσαι
899 657 982 714 ὅτι
1047 656 1309 736 κληρικὸν
1386 655 1546 714 αὺτοῦ
1601 657 1866 710 αἰτοῦνται
1925 651 1974 706 οἱ

322 754 429 814 τῆς
495 748 819 818 οἶασδήποτε
872 747 1222 814 Ἐκκλησίας.
1273 744 1404 804 ἰδοὸ
1452 747 1540 802 οὖν
1571 743 1666 800 in?
1697 743 1788 800 τού
1830 765 1973 820 παρ-

324 839 485 901 όντος
539 842 638 898 οὒκ
677 837 1038 916 ἀντιλέγουσι,
1085 835 1170 893 διὰ
1217 834 1272 892 δὲ
1315 837 1376 891 τὸ
1420 836 1560 910 μήτε
1615 833 1751 909 μετὰ
1809 838 1973 888 ταῦτα

327 925 626 1003 συμϐῆναι,
687 929 957 984 τουτέστιν
1000 926 1384 993 ὶναντιωθῆναί
1435 945 1524 998 μοι
1557 928 1678 987 τοὺς
1708 922 1760 977 ἐν
1805 922 1975 993 τούτῳ

324 1025 408 1090 τῷ
452 1015 730 1094 πραγματι
790 1016 914 1095 παρ’
977 1016 1108 1092 ἐμοῦ
1152 1014 1517 1089 αἱτουμὲνους,
1552 1009 1736 1078 ἕπειδῆ
1789 1009 1973 1067 οἵδπε

330 1104 551 1164 πολλῶν
611 1106 916 1174 ἐκκλησιῶν
989 1106 1076 1162 καὶ
1167 1104 1514 1184 χειροτονιῶν
1587 1097 1835 1182 φροντίδα
1906 1121 1973 1173 με

324 1196 637 1276 βαστάζειν,
681 1199 728 1270 ᾧ
769 1218 874 1252 τινι
923 1193 1124 1262 δήποτε
1169 1200 1276 1250 τῶν
1317 1191 1500 1261 ἱερέων
1562 1190 1792 1247 συνέλθω
1834 1190 1970 1264 μετὰ

325 1283 420 1340 δύο
455 1286 492 1353 ἢ
536 1287 695 1361 τριῶν
728 1285 1011 1363 μαρτύρων
1055 1305 1152 1349 της
1197 1282 1463 1359 ἡμετέραξ
1517 1279 1966 1358 συγκληρώσεως,

329 1376 422 1430 ἐὰν
481 1373 849 1436 ἆκαθασίωτος
910 1374 1170 1450 εύρεθείη,
1222 1370 1426 1428 δικαιόν
1479 1371 1591 1427 ἐστι
1650 1383 1828 1447 κρῖναι
1872 1369 1970 1436 τὴν

325 1462 590 1539 ὑμετέραν
635 1463 871 1540 ἀγάπην,
910 1463 960 1520 τί
990 1460 1073 1518 δεῖ
1103 1462 1351 1529 ποιῆσαι.
1386 1460 1532 1537 Ἐγὼ
1560 1461 1683 1537 γὰρ,
1718 1458 1791 1524 ὥς
1823 1457 1963 1531 ἴστε,

326 1550 571 1630 ἀδελφοὶ,
619 1554 758 1608 κατᾶ
811 1551 1159 1632 συγχώρησιν
1194 1552 1350 1622 Θεοῦ,
1383 1548 1600 1605 πολλῶν
1632 1546 1969 1613 Ἐκκλησιῶν

324 1639 604 1718 -ρροντίδος
648 1640 975 1721 ἀντέχομαι,
1012 1673 1084 1684 ---
1121 1637 1426 1712 Νουμήδιος
1470 1638 1756 1698 ἐπίσκοπος
1785 1637 1962 1694 εἶπεν

2055 646 2317 724 regenda
2352 649 2692 728 postuletur
2723 668 2737 710 :
2773 648 2877 710 sed
2899 647 3050 710 forte
3073 654 3132 709 in
3154 647 3447 710 hodierno
3470 667 3591 710 non
3611 667 3704 712 re«

2058 734 2263 797 luctati
2284 744 2514 811 sunt,et
2539 757 2614 800 ne
2635 738 2878 820 quando
2902 737 3208 816 contingat
3228 737 3698 814 utreluctentur,

2056 842 2191 886 cum
2222 825 2445 886 fuerint
2471 845 2506 886 a
2541 844 2634 887 me
2693 828 2750 888 in
2800 827 2912 888 hac
2969 845 3146 888 causa
3175 827 3480 907 postulati,
3519 847 3696 909 quem

2057 915 2220 974 scitis
2245 915 2996 991 multarum,Ecclesiarum
3025 925 3082 978 et
3105 916 3574 979 ordinandorum
3598 938 3698 980 cu-

2057 1022 2182 1064 ram
2215 1006 2518 1068 sustinere
2548 1007 2778 1069 Iustum
2817 1013 2908 1068 est
2941 1015 3176 1086 ergo,ut
3206 1007 3537 1089 quemlibet
3559 1026 3699 1070 con-

2056 1092 2434 1155 sacerdotum
2473 1096 2822 1157 conveniam
2881 1113 3016 1157 cum
3069 1093 3304 1157 duobus
3334 1115 3368 1158 e
3397 1098 3698 1160 consortio

2056 1183 2380 1257 nostro,ve|
2406 1182 2594 1245 tribus
2616 1183 2868 1246 testibus
2901 1183 3004 1246 Sin
3019 1203 3158 1246 vero
3183 1185 3496 1248 indevotus
3519 1188 3699 1250 exsti-

2055 1270 2362 1350 terit,quid
2395 1281 2602 1336 censet
2634 1273 2894 1335 charitas
2928 1281 3124 1335 vestra
3163 1273 3546 1338 faciendum?
3576 1274 3696 1356 Ego

2053 1360 2214 1422 enim
2240 1371 2587 1424 cunctarum
2618 1362 3050 1437 Ecclesiarum,
3077 1361 3426 1443 dignatione
3465 1364 3598 1435 Dei.
3632 1377 3696 1428 ut

2051 1450 2956 1526 scitis,fratres,sollicitudinem
2981 1451 3269 1515 sustineo.
3292 1488 3357 1500 —
3382 1451 3698 1516 Numidius

2054 1539 2554 1620 episcopusdixit;
2579 1541 3104 1621 Fuitsemperhtec
3123 1541 3366 1603 licentia
3389 1543 3527 1604 huic
3541 1543 3693 1619 sedi,

2052 1637 2116 1689 ut
2144 1629 2303 1691 unde
2334 1631 2426 1690 '58
2455 1631 2733 1710 vellet,et
2755 1629 2830 1692 de
2848 1631 3020 1711 cujus
3043 1634 3287 1694 nomine
3320 1630 3526 1694 fuisset
3553 1652 3697 1696 con-

324 1729 440 1788 Ἀεὶ
469 1729 702 1806 ὑπῆρξεν
753 1718 1056 1797 ἣηαὺθεντία
1103 1735 1177 1802 τῷ
1219 1729 1388 1805 θρόνῳ
1449 1728 1640 1801 τούτου,
1702 1725 1794 1783 ἵνα
1852 1725 1966 1784 ὅθεν

2053 1728 2399 1806 ventus,pro
2423 1718 2721 1782 desiderio
2752 1720 3040 1802 cujusque
3064 1720 3355 1784 Ecclesia:
3389 1721 3697 1787 ordinaret

323 1818 482 1886 ἤθελε
528 1821 620 1875 καὶ
649 1820 764 1896 περί
799 1816 1111 1888 οἰουδήποτε
1143 1817 1452 1895 προετράπη
1497 1816 1784 1894 ὀνόματος,
1831 1817 1966 1872 κατᾶ

2053 1805 2510 1890 episcopum,—-
2530 1808 2854 1906 Epignmus
2879 1810 3200 1906 episcopus
3229 1810 3420 1906 dixit:
3451 1811 3694 1906 Bonitas

321 1911 424 1976 τὴν
483 1907 760 1983 ἐπιθυμίαν
806 1908 1038 1973 ἑκάστης
1099 1905 1424 1974 Ἐκκὶησίας
1472 1905 1798 1984 ἐχειροτόνει
1843 1904 1963 1961 ἐπί-

2051 1907 2388 1979 sequestrat
2410 1899 2864 1981 possibilitatem
2889 1918 2902 1959 :
2926 1901 3124 1961 minus
3158 1900 3320 1962 enim
3355 1903 3692 1983 praesumis,

322 2019 637 2055 σκοπον.-
671 1997 975 2074 Ἐπιγόνιος
1005 1999 1296 2060 ἐπίσκοπος
1328 1998 1585 2053 εἴπενοἫ
1619 1993 1966 2072 ἁγαθοθέλεια

2051 1986 2401 2062 frater,cum
2434 2000 2496 2052 te
2524 1988 2746 2052 bonum
2781 2000 2838 2051 et
2867 1990 3224 2052 clementem
3258 1990 3537 2052 omnibus
3559 1993 3694 2055 red-

325 2088 546 2161 μεσὰζει
592 2087 691 2153 τὴν
753 2085 988 2152 ἐξουσίαν
1026 2105 1040 2119 ⁸
1073 2085 1235 2154 ἧττον
1267 2087 1366 2162 γὰρ
1397 2083 1600 2159 τολμᾷς
1629 2083 1766 2160 ἥπερ
1811 2082 1962 2162 δύνῃ,

2051 2075 2142 2137 dis
2175 2095 2189 2138 :
2217 2077 2403 2140 habes
2428 2081 2586 2141 enim
2613 2081 2724 2142 hoc
2748 2080 2810 2140 in
2858 2078 3132 2152 arbitrio,
3168 2079 3316 2142 satis
3346 2088 3435 2140 est
3467 2081 3594 2162 (16)
3629 2090 3696 2144 ιιι

318 2176 538 2252 ἀδελφέ,
572 2176 627 2232 ἐν
657 2183 734 2250 τῷ
785 2183 948 2233 πᾶσιν
990 2177 1178 2232 ἑαυτὸν
1224 2173 1585 2232 ἀποδεικνύειν
1631 2175 1826 2252 ἀγαθὸν
1871 2173 1966 2230 καί

2051 2167 2294 2228 satisﬁat
2316 2187 2588 2248 personae
2609 2167 3082 2250 uniuscujusque
3122 2167 3392 2249 episcopi
3416 2168 3476 2230 in
3501 2170 3714 2250 prima"

318 2265 719 2344 φ.λάνθρωπον.
781 2265 974 2346 ’Ἔχεις
1032 2275 1137 2343 γὰρ
1195 2272 1350 2322 τοῦτο
1403 2265 1458 2321 ἐν
1516 2263 1583 2340 τῇ
1628 2267 1793 2339 κρίσει
1844 2285 1961 2338 σου,

2051 2242 2462 2346 tantummodo
2493 2242 3211 2321 conventione.Si'autem
3239 2242 3360 2336 (l7)
3383 2242 3695 2338 quodlibet

333 2327 343 2344 .
517 2327 526 2342 .
859 2327 896 2346 ,ς
964 2327 968 2328 ν
1046 2327 1057 2343 .
1109 2327 1119 2342 .
1559 2327 1583 2340 .-
1662 2327 1672 2339 .
1941 2327 1961 2338 ,

321 2359 386 2411 τὸ
445 2356 869 2433 ἀποθεραπεῦσαι
915 2355 1030 2416 ἐνὸς
1082 2355 1308 2411 ἑκάστου
1367 2353 1660 2410 ἐπισκόπου
1691 2353 1754 2408 τὸ
1790 2351 1963 2430 πρόσ-

2051 2344 2188 2406 huic
2218 2347 2344 2408 sedi
2377 2347 2802 2410 vindicandum
2836 2347 2952 2408 sibi
2989 2346 3166 2409 fuerit
3202 2327 3546 2422 arbitratus,
3581 2367 3692 2412 ne-

327 2463 524 2501 ωπονο
579 2444 630 2500 ἰν
683 2445 874 2523 πρώτη
944 2444 998 2500 δὲ
1055 2445 1142 2500 καὶ
1201 2443 1340 2520 μόνῃ
1384 2441 1707 2519 συνελεύσει,
1742 2442 1786 2496 εἶ
1835 2463 1966 2499 συν-

2051 2452 2215 2496 cesso
2247 2434 2433 2498 habes
2463 2444 2524 2498 tu
2555 2455 2768 2500 omnes
2800 2436 3096 2499 Ecclesias
3119 2435 3428 2499 sullulcire
3464 2458 3478 2500 :
3527 2440 3690 2500 unde

333 2531 489 2612 ίδοις,
534 2535 592 2590 τὸ
620 2532 704 2590 ἐπ’
749 2534 984 2600 ἐξουσίας
1029 2534 1196 2609 ταύτῃ
1248 2538 1316 2610 τῇ
1368 2531 1589 2604 καθέδρα
1636 2529 1780 2586 εἶναι
1812 2527 1961 2586 ἐκδι-

2051 2523 2156 2612 tibi
2185 2543 2302 2586 non
2336 2533 2694 2606 potestatem
2727 2525 3077 2598 damus,sed
3106 2534 3203 2587 tua
3223 2526 3694 2606 assignamus,ut

327 2622 544 2703 κητέον,
602 2622 788 2692 ἐπειδὴ
857 2624 1097 2702 ἀνάγκην
1156 2623 1307 2702 ἔχεις
1379 2623 1537 2686 αύτὸς
1615 2620 1791 2681 πάσας
1865 2621 1961 2684 τὰς

322 2711 651 2779 Ἐκκλησίας
700 2713 1097 2791 ὑποστηρίζειν.
1165 2711 1325 2769 ’Ὅθεν
1377 2709 1612 2776 ἐξουσίαν
1657 2731 1740 2767 σοι
1795 2711 1961 2783 ἡμεῖς

314 2803 375 2858 οὖ
434 2799 704 2882 διδοῦμεν,
769 2801 893 2858 ἀλλ’
982 2801 1435 2881 ἐπισφραγίζομεν
1506 2800 1707 2866 ταύτην
1765 2803 1835 2875 τῇ
1893 2804 1962 2876 σῇ

317 2891 652 2970 προαιρέσει⁹
708 2890 844 2947 ὥστε
902 2889 1098 2956 ἐξεῖναι
1137 2903 1355 2969 κρατεῖν
1399 2889 1455 2946 νόν
1509 2891 1571 2945 ἂν
1621 2888 1805 2964 θέλῃς,
1868 2888 1964 2945 καί

317 2981 752 3061 προχειρίζεσθαι
782 2988 1122 3060 προεστῶτας
1156 2993 1278 3045 ταῖς
1315 2977 1689 3056 Ἐκκλησίαις,
1720 2979 1808 3034 καὶ
1840 2981 1960 3040 ταῖς

312 3069 540 3135 λοιπαῖς
583 3071 705 3134 τοὺς
751 3071 1134 3146 ζητουμένους,
1171 3070 1258 3126 καὶ
1292 3068 1409 3125 ὅθεν
1447 3066 1700 3131 συνίδοις.
1733 3099 1808 3111 -
1848 3073 1958 3123 Πο-

313 3162 714 3235 στουμητιανὸς
759 3159 1049 3224 ἐπίσκοπος
1083 3159 1242 3216 εἶπεν
1277 3174 1291 3188 °
1332 3157 1469 3215 Εἶτα
1496 3158 1588 3213 ἐάν
1631 3178 1711 3220 τις
1743 3155 1834 3212 ἕνα
1864 3158 1960 3212 καί

2047 2611 2224 2675 liceat
2244 2614 2527 2678 voluntati
2565 2624 2678 2677 tuae
2707 2621 2770 2678 et
2791 2633 3034 2697 semper
3060 2623 3270 2678 tenere
3294 2634 3471 2698 quem
3497 2616 3688 2694 voles,

2045 2711 2108 2763 ut
2132 2705 2479 2784 prrepositos
2507 2705 2784 2786 plebibus
2805 2704 2895 2768 vel
2921 2704 3205 2768 Ecclesiis
3226 2707 3692 2788 constituas,qui

2046 2795 2320 2875 postulati
2339 2797 2643 2864 fuerint.et
2659 2796 2816 2859 unde
2831 2795 2998 2858 velis.
3013 2831 3073 2841 -—
3091 2798 3509 2860 Postumianus
3525 2797 3692 2879 [Pos-

2049 2888 2438 2968 tumetianus]
2465 2887 2783 2968 episcopus
2811 2885 2997 2949 dixit:
3049 2887 3302 2959 Deinde,
3337 2888 3462 2968 qui,
3501 2905 3686 2950 unum

2046 2971 2629 3056 habuerit,nunquid
2653 2975 2833 3038 debet
2861 2975 2946 3038 illi
2977 2994 3128 3037 unus
3155 2977 3464 3058 presbyter
3495 2977 3690 3040 aufer-

2042 3062 2125 3124 ri?
2141 3066 2502 3128 —Aurelius
2524 3065 2842 3147 episcopus
2864 3065 3033 3129 dixit:
3052 3065 3167 3129 Sed
3193 3066 3510 3148 episcopus
3533 3086 3686 3130 unus

2041 3170 2177 3215 esse
2203 3162 2417 3235 potest,
2445 3174 2551 3237 per
2572 3175 2752 3237 quem
2771 3156 3114 3236 dignatione
3136 3156 3331 3218 divina
3355 3156 3687 3238 presbyteri

317 3249 485 3323 μόνον
517 3255 632 3329 σχῇ
662 3246 1040 3327 πρεσϐύτερον,
1075 3249 1152 3324 μὴ
1192 3245 1394 3327 ὀφείλει
1423 3247 1510 3303 καὶ
1543 3247 1699 3309 αυτὸς
1732 3247 1760 3301 ὁ
1793 3245 1878 3310 εἷς
1910 3244 1961 3311 ἐξ

2051 3242 2220 3304 multi
2243 3245 2526 3309 constitui
2547 3247 2798 3326 possint;
2833 3265 2987 3307 unus
3009 3254 3208 3307 autem
3236 3245 3554 3327 episcopus
3575 3245 3690 3308 dif-

315 3343 480 3395 αὐτοῦ
499 3338 964 3418 &p1tp£0ﬁvxt;—
991 3337 1254 3416 Αὐρήλιος
1276 3336 1563 3393 ἐπίσκοπος
1595 3336 1775 3392 εἶπεν·
1815 3335 1961 3392 Κατὰ

2051 3333 2200 3396 licile
2217 3333 3395 3416 inveniturconstituendus.Quapropter
3411 3335 3462 3397 si
3485 3354 3689 3400 neces-

317 3428 670 3506 σδγχώρησιν
717 3435 872 3500 Θεοῦ,
926 3426 1138 3485 δύναται
1197 3430 1224 3484 ὁ
1275 3430 1358 3491 εἷς
1401 3425 1695 3490 ἐπίσκοπος
1727 3422 1959 3486 πολλοὺς

2051 3426 2263 3484 sarium
2298 3426 2666 3507 episcopatui
2695 3424 2829 3505 quis
2860 3423 3134 3486 habuerit
3165 3427 3599 3506 presbyterum,
3633 3437 3692 3490 et

317 3532 660 3595 χειροτονεῖν
702 3514 1086 3594 πρετϐυτέρους
1124 3533 1137 3546 ·
1173 3514 1524 3593 πρεσϐύτερος
1557 3513 1611 3570 δὲ
1656 3515 1787 3591 πρὸς
1835 3513 1960 3568 am-

2051 3521 2328 3584 unum,ut
2349 3513 2572 3591 dixisti,
2607 3513 2811 3588 frater,
2842 3511 3142 3586 habuerit,
3168 3512 3351 3575 etiam
3384 3513 3580 3594 ipsum
3613 3517 3688 3577 ad

318 3607 534 3674 σκοπὴν
583 3604 907 3680 ἐπιτήδειος,
950 3605 1224 3686 δυσχερῶς
1259 3606 1575 3683 εὑρίσκεται.
1616 3605 1708 3659 Διὸ
1740 3603 1830 3659 ἐάν
1873 3623 1956 3666 τις

2051 3601 2484 3682 promotionem
2509 3585 2654 3664 dare
2675 3585 2944 3665 debebit.
2968 3636 3047 3647 —
3081 3585 3502 3665 Postumianus
3526 3604 3692 3684 epis-

316 3697 502 3771 εύρεοῇ
533 3695 681 3776 ἔχων
713 3694 802 3751 ἕνα
830 3696 995 3772 μόνον
1050 3693 1432 3774 πρεσϐύτερον,
1495 3695 1584 3750 καὶ
1626 3692 1786 3749 αὖτὸν
1831 3691 1956 3748 ἐπι-

2051 3675 2224 3771 copus
2241 3690 2392 3754 dixit
2431 3713 2444 3756 :
2474 3692 2627 3772 Ergo
2652 3693 2700 3753 si
2725 3691 2904 3754 habet
2923 3691 3076 3753 alius
3097 3691 3475 3755 abundantes
3498 3675 3688 3756 cleri-

314 3783 529 3854 τήδειον
590 3790 659 3861 τῇ
723 3784 1019 3865 ἐπισκοπῇ,
1079 3789 1165 3842 καὶ
1223 3785 1382 3842 αὒτὸν
1455 3785 1546 3841 τὸν
1602 3782 1695 3839 ἕνα
1755 3780 1954 3860 ὀφείλει

2051 3763 2166 3862 cos,
2197 3780 2376 3843 debet
2400 3763 2685 3844 mihialia
2710 3781 2878 3863 plebs
2921 3780 3268 3847 subvenire.
3306 3816 3378 3828 —
3402 3782 3690 3846 Aurelius

315 3872 494 3931 δοῦναι
527 3876 658 3952 πρὸς
689 3876 1050 3954 χειροτονίαι.
1096 3909 1175 3920 -
1220 3875 1692 3949 Ποστουμητιανὸς
1737 3871 1951 3928 ἐπίσκο-

2051 3869 2360 3952 ερίεεοριιε
2382 3871 2564 3935 dixit:
2593 3875 2750 3936 Sane
2802 3870 3039 3952 quando
3084 3879 3146 3934 tu
3194 3870 3476 3934 Ecclesia:
3508 3875 3684 3937 alteri

316 3985 418 4025 πος
463 3967 618 4020 εἶπεν
652 3983 668 4000 ο
701 3966 901 4022 Ούκοῦν
925 3963 1016 4020 ἐὰν
1047 3963 1208 4030 ἄλλος
1265 3963 1373 4043 ἔχῃ
1422 3961 1618 4031 πλῆθος
1653 3961 1946 4040 κληρικῶν,

2051 3959 2410 4040 subveneris,
2462 3961 2918 4044 persuadebitur
2973 3960 3060 4022 illi
3116 3961 3217 4040 qui
3250 3961 3452 4042 plures
3509 3961 3686 4026 habet

314 4052 519 4133 ὀφείλοι
550 4075 642 4130 μοι
687 4053 747 4110 τὸ
767 4051 947 4132 ἕτερον
989 4053 1194 4121 πλῆθος
1225 4075 1287 4113 συ
1301 4053 1500 4110 δελθετν
1528 4070 1544 4086 ⁸
1575 4086 1654 4099 -
1690 4051 1952 4129 Αύρήλιος

2051 4050 2326 4126 clericos,
2359 4061 2424 4114 ut
2456 4071 2640 4114 unum
2675 4050 2782 4115 tibi
2816 4049 3217 4113 ordinandum
3251 4051 3558 4130 largiatur.

309 4142 602 4208 ἐπίσκοπος
659 4156 832 4200 εἷπεν⁸
873 4141 1091 4212 Δηλαδη
1134 4144 1194 4200 ὃν
1224 4141 1415 4222 τρόπον
1477 4143 1538 4199 σὺ
1573 4142 1641 4211 τῇ
1673 4140 1827 4221 ἑτέρᾳ
1876 4139 2171 4215 Ἐκκλησία
2223 4143 2502 4220 συνηλθες,
2557 4143 3020 4212 συνωθησθήσεται
3052 4143 3140 4200 καὶ
3199 4145 3226 4200 ὁ
3254 4144 3377 4206 τοὺς
3436 4141 3682 4207 πλείονας

315 4230 466 4312 ἔχων
490 4231 794 4310 κληρικοὺς,
843 4231 935 4290 ἕνα
967 4236 1019 4299 ἐς
1049 4233 1222 4290 αὐτῶν
1253 4235 1325 4299 εἷς
1354 4233 1699 4313 χειροτονίαν
1733 4253 1813 4288 σοι
1846 4229 2290 4306 δαψιλεύσασθαι.

317 4327 443 4406 Περὶ
494 4332 601 4383 τῶν
659 4326 804 4384 λαῶν
858 4333 968 4383 τῶν
1033 4325 1306 4409 μηδέποτε
1393 4327 1718 4392 ἐπισκόπους
1774 4329 1956 4406 ἐσχη-

2195 4327 2288 4388 59
2313 4328 2398 4390 De
2420 4326 2700 4409 plebibus
2724 4345 2863 4409 quo:
2891 4343 3207 4408 nunquam
3238 4325 3536 4408 episcopos

1039 4408 1233 4470 κότων.

2422 4407 2438 4409 “
2635 4407 2980 4472 habuerunt
3010 4407 3096 4460 ιε’

399 4499 488 4568 νη¹
501 4548 514 4562 .
542 4499 738 4578 ’Πρεσε
755 4500 978 4559 κάκεῖνο
997 4499 1093 4558 ’ίνα
1124 4502 1172 4558 οἱ
1203 4499 1385 4582 ὄχλοι,
1421 4503 1468 4558 οἱ
1500 4500 1769 4578 μηδέποτε
1795 4499 1952 4563 ἰδίους

2121 4501 2218 4562 58.
2256 4501 2489 4565 Placuit
2532 4509 2590 4565 et
2642 4501 2818 4583 illud,
2851 4511 2916 4564 ut
2969 4501 3180 4584 plebes
3209 4520 3341 4583 qua;
3378 4518 3682 4583 nunquam

312 4591 617 4671 ἐσχηκότες
664 4591 1014 4671 ἐπισκόπους,
1063 4593 1107 4648 εί
1138 4603 1216 4667 μὴ
1247 4591 1309 4649 ἐκ
1362 4590 1541 4660 πάσης
1590 4597 1688 4659 τῆς
1735 4589 1956 4649 συνόδου

2051 4589 2377 4654 iabuerunt
2433 4592 2713 4673 proprios
2772 4593 3092 4674 episcopos
3142 4592 3259 4653 nisi
3309 4611 3380 4653 ex
3424 4590 3683 4653 concilio

313 4682 548 4748 ἑκάστης
593 4679 881 4762 ἐπαρχίας,
941 4682 1030 4738 καὶ
1076 4688 1172 4738 τοῦ
1227 4681 1618 4760 πρωτεύοντος,
1695 4681 1950 4760 ψήιρισμα

2051 4681 2307 4757 )lenario
2336 4683 2808 4763 uniuscujusque
2835 4681 3176 4764 provincia,
3217 4691 3274 4743 et
3306 4681 3577 4761 primatis
3602 4688 3686 4742 at-

311 4771 562 4849 γένηται,
621 4773 710 4828 καὶ
758 4771 897 4828 κατᾶ
947 4773 1244 4831 συναίνεσιν
1299 4769 1521 4846 ἐκείνου,
1557 4772 1617 4826 οὗ
1659 4791 1802 4832 τινος
1847 4771 1950 4825 ὑπὸ

2051 4789 2156 4852 que
2205 4789 2501 4834 consensu
2561 4758 2728 4853 ejus,
2773 4758 2853 4834 ad
2901 4771 3073 4852 cujus
3131 4758 3438 4833 dimcesim
3472 4769 3682 4831 eadem

308 4862 410 4928 τὴν
453 4857 718 4928 διοίκησιν
747 4861 1032 4918 καθίστατο
1079 4863 1114 4930 ἡ
1149 4861 1283 4930 αὕτη
1317 4857 1640 4938 Ἐκκλησία,
1687 4856 1956 4936 μηδαμῶς

2051 4858 2308 4923 Ecclesia
2329 4860 2692 4942 pertinebat,
2724 4861 3034 4924 decretum
3067 4859 3268 4932 fuerit,
3297 4857 3546 4920 minime
3576 4875 3682 4920 ac-

309 4947 561 5016 ὂέξωνται
572 4995 586 5010 .

2051 4949 2296 5032 cipiant.

515 5043 745 5102 Συνόδου
775 5045 1151 5118 οἰκουμενικῆς
1181 5043 1264 5120 ς’
1287 5044 1465 5102 κανὼν
1491 5043 1611 5123 λγ¹,
1645 5041 1753 5115 λζ’.

2219 5042 2480 5107 Concilit'
2506 5045 2868 5108 mcumenici
2895 5059 2955 5106 vr
2986 5059 3241 5106 canorus
3271 5041 3370 5118 33,
3403 5041 3504 5106 3'1.

394 5135 507 5216 λεί.
567 5132 891 5217 Ἐπειδάπερ
935 5137 1176 5217 ἔγνωμεν
1224 5139 1280 5194 ἑν
1335 5142 1404 5214 τῇ
1447 5134 1748 5218 Ἀρμενίων
1795 5137 1954 5217 χώρᾳ

2093 5137 2493 5212 33.Quoniam
2513 5137 2902 5216 cognovimus
2921 5138 2982 5199 in
2997 5137 3419 5202 Armeniorum
3434 5138 3686 5218 regione

312 5228 508 5303 μόνους
539 5229 594 5284 ἐν
621 5229 807 5308 κλήρῳ
838 5229 958 5293 τοὺς
1017 5228 1080 5285 ἐκ
1119 5227 1304 5307 γένους
1357 5229 1626 5307 ἱερατικοῦ
1673 5226 1951 5286 κατατάτ-

2051 5247 2140 5290 εοε
2169 5229 2364 5291 solum
2397 5226 2460 5290 in
2492 5227 2637 5290 cleri
2667 5227 2943 5290 ordinem
2967 5226 3181 5290 referri
3205 5227 3306 5310 qui
3330 5235 3468 5290 sunt
3489 5245 3564 5291 ex
3585 5246 3684 5309 ge-

309 5319 514 5389 τεσθαι,
549 5317 849 5382 ἰουδαϊκοτς
881 5317 1051 5376 ἔθεσιν
1101 5318 1380 5393 ἑπομένων
1423 5325 1529 5374 τῶν
1573 5325 1729 5376 τοῦτο
1773 5319 1950 5398 πράτ-

2051 5337 2180 5380 iere
2209 5317 2586 5392 sacerdotali,
2619 5317 2692 5379 iis
2722 5317 2825 5399 qui
2851 5317 2966 5380 hoc
2998 5318 3200 5381 facere
3225 5317 3679 5399 aggrediuntur,

309 5429 420 5465 τειν
449 5409 886 5488 ἐπιχειρούντων,
950 5409 1100 5472 τινας
1161 5406 1216 5465 δὲ
1261 5409 1434 5466 αὐτῶν
1469 5410 1557 5466 καὶ
1599 5409 1677 5486 μὴ
1721 5408 1950 5466 ἀποκει-

2051 5426 2232 5471 nores
2255 5407 2533 5489 judaicos
2563 5407 2978 5491 sequentibus;
3009 5407 3332 5471 nonnullos
3355 5415 3555 5472 autem
3585 5426 3683 5470 eo-

310 5499 567 5579 ρομένους
595 5497 914 5578 ιεροψᾶλτας
943 5499 1032 5556 καὶ
1061 5496 1412 5579 ἀναγνώστας
1457 5506 1552 5556 τοῦ
1601 5501 1739 5556 θείου
1784 5498 1950 5575 νόμου

2051 5517 2190 5576 -υηι,
2218 5497 2395 5562 etiam
2415 5515 2534 5561 nou
2568 5504 2797 5575 tensos,
2831 5514 3036 5563 sacros
3070 5508 3345 5563 cantores
3373 5506 3432 5562 et
3462 5498 3680 5566 divinae

391 5697 476 5752 48⁸
507 5695 689 5762 Cone.
726 5694 911 5762 Atrio.
947 5713 1079 5782 cap.
1115 5696 1217 5763 65.
