4108 6222
389 314 502 394 487

1517 363 1520 368 -
1575 314 1842 392 ΡΗΟΤΙΙ
1885 319 2401 391 PATRIARCHE
2443 325 2565 390 CP.‘

3629 319 3746 398 488

391 461 541 543 legis
571 460 830 524 lectores
855 459 1132 522 constitui
1164 479 1178 520 :
1209 458 1622 532 decernimus,
1647 464 1710 518 ut
1742 459 2015 540 deinceps

2107 461 2476 537 καθίστασθαι,
2533 461 2837 537 συνείδομεν
2880 461 3018 519 ὥστε
3073 459 3180 520 ἀπὸ
3213 469 3307 520 τοῦ
3364 468 3450 520 νῦν
3495 464 3572 539 μὴ
3602 463 3746 530 ἑξεῖ-

390 570 510 614 non
543 551 810 614 liceatiis
839 551 940 632 qui
968 549 1175 610 volunt
1197 549 1436 628 aliquos
1460 547 1532 608 ad
1565 547 1791 609 clerum
1827 548 2024 610 addu-

389 640 634 714 cere,ad
650 640 883 720 ejuscui
903 644 1114 700 manus
1135 637 1681 719 imponitur,genus
1699 638 2022 719 respicere:

391 728 497 792 sed
549 729 960 792 examinantes
985 747 1058 789 an
1110 727 1271 805 digni
1319 727 1439 788 sint
1465 727 1634 806 juxta
1664 729 1936 808 exposita
1964 728 2026 789 in

391 818 577 879 sacris
599 816 922 879 canonibus
937 817 1261 882 decreta.in
1277 816 1425 878 cleri
1439 815 1769 894 catalogum
1789 816 2026 894 referri,

389 916 452 968 ut
471 925 575 969 eos
601 907 1009 970 ecclesiastice
1039 906 1581 986 promoveant,sive
1604 907 1723 966 sint
1743 924 1812 967 ex
1833 907 2026 987 majo-

386 995 558 1058 ribus
589 999 714 1058 suis
744 995 1175 1062 sacerdotibus,
1226 995 1350 1058 sive
1401 1013 1545 1056 non.
1579 993 1695 1057 Sed
1727 995 1932 1072 etiam,
1969 1005 2030 1056 ut

388 1085 538 1148 nulli
562 1106 629 1148 ex
655 1085 933 1148 omnibus
959 1085 1502 1166 permittant,juxta
1523 1084 1797 1146 ordinem
1821 1104 2028 1147 eorum

387 1175 488 1256 qui
513 1182 650 1236 sunt
697 1175 757 1237 in
789 1175 1146 1238 clericorum
1187 1174 1457 1237 ordinem
1485 1173 1678 1247 relati,
1712 1175 1935 1254 popqu
1967 1175 2027 1236 in

388 1274 668 1345 suggestu
695 1263 925 1327 divinas
944 1263 1285 1344 Scripturas
1309 1264 1589 1335 recitare,
1610 1262 1724 1324 nisi
1747 1263 1798 1325 is
1818 1281 2026 1326 sacer-

384 1353 572 1418 dotali
591 1365 836 1417 tonsura
857 1372 1002 1416 usus
1029 1352 1229 1428 fuerit,
1265 1359 1324 1413 et
1343 1350 1825 1414 benedictionem
1855 1371 1889 1414 a
1918 1370 2026 1414 suo

387 1451 625 1524 pastore
648 1443 936 1506 canonice
957 1439 1387 1522 susceperitSi
1419 1441 1550 1522 quis
1579 1447 1776 1502 autem
1812 1449 2027 1522 praeter

387 1533 512 1594 haec
544 1533 740 1596 facere
770 1532 1186 1613 deprehensus
1214 1530 1418 1604 fuerit,
1457 1538 1830 1609 segregetur.

465 1624 566 1687 3'7.
593 1622 886 1698 Quoniam
911 1621 1164 1684 diversis
1194 1619 1564 1702 temporibus
1588 1618 1916 1682 barbaricae
1938 1620 2025 1698 in-

383 1713 695 1775 cursiones
721 1713 913 1788 fuere,
947 1720 1007 1772 et
1036 1728 1110 1774 ex
1141 1729 1211 1772 eo
1262 1710 1534 1791 plurimas
1582 1707 1855 1772 civitates
1885 1709 2022 1770 inﬁ-

2109 573 2195 606 ναι
2236 563 2356 614 τοῖς
2402 553 2476 615 εἰς
2535 551 2734 630 κλῆρον
2793 549 3140 628 βουλομένοις
3182 553 3437 630 προάγειν
3466 553 3638 626 τινὰς,
3676 557 3750 618 εἰς

2107 641 2170 696 τὸ
2213 640 2364 717 γένος
2422 638 2828 704 ἀποϐλέποντας
2887 649 2980 699 τοῦ
3059 641 3561 720 προχειριζομένου,
3615 641 3753 700 ἀλλὰ

2109 728 2493 802 δοκιμάζοντας
2528 733 2571 787 εἰ
2603 728 2735 796 ἄξιοι
2779 731 2895 788 εἶεν
2937 730 3074 788 κατὰ
3115 732 3242 795 τοὺς
3274 730 3518 796 τεθέντας
3551 731 3605 788 ἐν
3634 747 3752 798 to”;

2108 820 2276 896 ἱεροῖς
2320 823 2538 876 κανόσιν
2594 819 2747 893 ὅρους
2796 822 2853 876 ἒν
2897 817 3084 898 κλήρῳ
3113 819 3504 899 καταλεγῆναι,
3539 823 3755 888 τούτους

2110 906 2573 973 ὶκκλησιαστικῶς
2634 909 3090 988 προχειρίζεσθαι,
3125 906 3239 965 εἴτε
3299 909 3385 965 καὶ
3440 909 3500 964 ἐκ
3544 912 3755 988 προγό-

2111 1018 2216 1052 νων
2263 997 2546 1074 γεγόνασιν
2589 997 2796 1074 ἱερέων,
2833 995 2950 1053 εἴτε
2982 998 3078 1054 καί
3124 998 3202 1072 μή
3238 1013 3252 1027 ⁸
3286 996 3424 1054 ἀλλὰ
3469 997 3606 1075 μηδέ
3636 1023 3756 1056 τινα

2111 1082 2218 1142 τῶν
2255 1086 2507 1144 ἁπάντων
2566 1100 2876 1166 συγχωρεῖν
2918 1085 3002 1144 ἐπ’
3049 1085 3296 1161 ἅμόωνος
3343 1089 3477 1144 κατὰ
3519 1089 3616 1155 τὴν
3648 1092 3755 1145 τῶν

2110 1174 2166 1232 ἐν
2207 1173 2391 1253 κλήρῳ
2433 1174 2883 1253 καταλεγομένων
2923 1174 3072 1241 τάξιν
3116 1177 3237 1238 τοὺς
3280 1176 3450 1238 θείους
3503 1183 3580 1251 τῷ
3638 1177 3753 1251 λαῷ

2109 1263 2300 1343 λόγους
2331 1265 2659 1344 ὑποφωνεῖν,
2695 1266 2736 1320 εἰ
2769 1262 2847 1340 μή
2879 1286 2929 1321 τι
2962 1265 3024 1320 ἃν
3065 1267 3307 1342 ἱερατικῇ
3357 1271 3553 1344 κρουρᾷ
3597 1269 3747 1346 χρή-

2109 1375 2271 1420 σηται
2331 1355 2360 1410 ὁ
2416 1360 2676 1433 τοιοῦτος,
2740 1354 2828 1410 καὶ
2877 1354 2977 1421 τὴν
3031 1352 3274 1431 εὖλογίαν
3302 1355 3403 1410 ὑπὸ
3432 1356 3527 1410 τοῦ
3558 1356 3751 1412 οἰκείου

2109 1442 2364 1518 ποιμένος
2422 1444 2719 1507 κανονικῶς
2778 1441 3096 1510 ὕποδέξηται
3133 1461 3148 1478 ⁸
3209 1444 3253 1500 εἰ
3307 1440 3361 1498 δέ
3421 1466 3500 1507 τις
3561 1467 3751 1524 φωρα-

2107 1533 2222 1600 θείη
2254 1534 2398 1613 παρᾶ
2427 1533 2494 1588 τὰ
2518 1532 2956 1609 προστεταγμένα
2990 1539 3184 1606 ποιῶν,
3219 1533 3574 1613 ἀφοριζέσθω.

2189 1611 2294 1693 λζ’.
2339 1619 2569 1688 Ἐπειδὴ
2627 1622 2766 1678 κατὰ
2830 1620 3109 1701 διαφόρους
3164 1611 3378 1697 καιροὺς
3434 1621 3752 1702 βαρϐαρικαὶ

2107 1711 2390 1789 γεγόνασιν
2420 1708 2624 1789 ἔφοδοι,
2655 1712 2742 1767 καὶ
2778 1711 3026 1767 πλεῖσται
3086 1709 3270 1775 πόλεις
3317 1709 3553 1768 ἐντεῦθεν
3615 1714 3751 1770 ὑπο·-

387 1801 622 1864 delibus
646 1803 969 1884 subjugataa
1001 1801 1191 1874 fuere,
1229 1811 1291 1861 ut
1343 1799 1475 1860 ideo
1520 1817 1639 1861 non
1673 1797 1859 1880 possit
1891 1799 2015 1878 ejus

2106 1801 2301 1880 χείριοι
2350 1812 2470 1865 τοῖς
2529 1799 2752 1872 ἀνόμοις
2812 1799 3174 1874 κατέστησαν,
3237 1801 3310 1862 ὡς
3371 1800 3606 1858 ἐντεῦθεν
3670 1801 3752 1876 μη

382 1892 638 1954 civitatis
671 1891 884 1973 praesul
917 1900 1228 1972 postquam
1262 1889 1578 1951 ordinatus
1612 1888 1812 1961 fuerit,
1846 1907 2020 1950 suum

381 1982 661 2044 thronum
715 1980 1199 2063 apprehendere,
1251 1987 1310 2040 et
1367 1980 1427 2039 in
1458 1996 1529 2039 eo
1563 1978 1622 2039 in
1655 1977 2020 2041 sacerdotali

387 2071 814 2134 constitutione
861 2068 1172 2145 collocari,
1221 2076 1280 2131 et
1329 2067 1413 2130 sic
1443 2086 1549 2149 pro
1581 2085 1649 2129 ea
1683 2086 1817 2146 quas
1850 2068 2022 2129 inva-

387 2160 497 2222 luit
525 2159 961 2223 consuetudine
989 2159 1082 2218 40
1105 2157 1514 2219 ordinationes
1542 2163 1601 2217 et
1629 2157 1854 2231 omnia,
1888 2175 2021 2238 quae

373 2250 445 2312 ad
479 2251 826 2331 episcopum
863 2249 1192 2328 pertinent,
1229 2264 1408 2326 agere
1437 2253 1515 2331 et-
1539 2253 1795 2308 tractare
1831 2266 1846 2307 :
1882 2265 2016 2321 nos,

373 2323 664 2402 honorem
689 2323 766 2400 'ac
800 2323 1648 2400 venerationemvsacerdotio
1681 2345 2012 2410 servantes,

372 2437 433 2490 et
459 2429 746 2508 gentilem
781 2427 1063 2509 iniuriam
1120 2443 1496 2507 nequaquam
1531 2425 1602 2487 ad
1636 2425 2014 2488 ecclesiasti-

371 2536 576 2580 corum
607 2517 835 2597 jurium
891 2516 1218 2597 perniciem
1281 2514 1552 2576 exerceri
1582 2514 1873 2586 volentes,
1910 2533 2016 2578 eos

371 2607 475 2688 qui
503 2607 591 2668 sic
621 2605 881 2669 ordinati
911 2614 1074 2685 sunt,
1105 2612 1164 2666 et
1194 2612 1437 2684 propter
1486 2603 1828 2685 praedictam
1872 2624 2017 2666 cau-

372 2714 496 2758 sam
534 2696 591 2758 in
623 2696 749 2758 suis
807 2713 922 2757 non
981 2701 1122 2755 sunt
1176 2692 1510 2766 constituti,
1545 2702 1608 2754 ut
1636 2693 1864 2774 absque
1896 2694 2019 2756 ullo

369 2805 438 2847 ex
474 2803 542 2847 ea
575 2803 640 2847 re
697 2781 1048 2865 praejudicio
1104 2791 1560 2857 conserventur,
1594 2781 2014 2860 decrevimus;

370 2885 433 2936 ut
463 2882 522 2936 et
551 2873 924 2937 diversorum
973 2870 1333 2934 clericorum
1385 2870 1802 2934 ordinationes
1830 2889 2018 2934 cano-

371 2965 506 3027 nice
536 2963 847 3041 t‘uciant,et
879 2961 1277 3044 praesidentia;
1297 2961 1654 3024 auctoritate
1685 2962 2018 3026 secundum

370 3054 680 3136 proprium
714 3063 930 3117 statum
958 3059 1226 3127 utantur,
1261 3059 1320 3112 et
1352 3050 1430 3113 sit
1460 3051 1634 3114 ﬁrma
1655 3070 1723 3115 ac
1755 3052 2018 3133 legitima

369 3161 747 3224 quaecunque
775 3143 849 3205 ab
907 3143 996 3204 eis
1050 3140 1332 3223 procedit
1387 3140 1852 3204 administratio.
1885 3143 2079 3226 Nonc

369 3239 528 3295 enim
557 3250 591 3294 a
633 3240 909 3312 tempore
965 3229 1350 3307 necessitatis
1385 3239 1593 3293 exacta
1618 3229 1773 3310 juris
1801 3229 2017 3294 obser-

367 3321 604 3384 vatione
663 3320 1143 3402 circumscripta,
1203 3318 1670 3402 dispensationis
1720 3317 2016 3384 terminus

367 3409 924 3474 circumscribetur.

367 3515 1330 3616 εμποάὶσοιιεισριιζηορόιίεεξηα
1362 3533 1509 3616 Δ(μακε
1558 3516 1784 3616 dicitur
1809 3516 2012 3616 prima

449 3604 506 3661 et
538 3598 807 3662 secunda
854 3602 921 3661 in
947 3595 1163 3677 templo
1189 3595 1558 3661 Sanctorum
1577 3595 2012 3679 Apostolorum

446 3684 835 3760 congregata,
868 3695 1064 3743 canon
1098 3677 1195 3744 16.

446 3786 802 3869 16.Ριόρῑει·
829 3785 1254 3850 contentiones
1281 3792 1341 3849 et
1373 3784 1797 3867 tumultus,qui
1818 3784 1880 3846 in
1904 3783 2012 3848 Dei

365 3876 634 3943 Ecclesia
647 3875 1141 3957 contingunt,hoc
1163 3893 1404 3956 quoque
1427 3883 1515 3936 est
1534 3874 1788 3937 deﬁnire
1807 3892 2010 3936 neces-

364 3968 614 4042 sarium,
649 3975 710 4030 ut
738 3966 1059 4047 episcopus
1091 3966 1259 4026 nullo
1307 3963 1485 4025 modo
1512 3964 1907 4026 constituatur
1950 3964 2010 4026 in

364 4056 657 4129 Ecclesia,
693 4055 786 4118 cui
818 4058 914 4137 qui
951 4061 1167 4136 praeest
1193 4053 1388 4115 adhuc
1415 4051 1583 4126 vivit,
1603 4061 1661 4115 et
1689 4060 1781 4114 est
1811 4051 2010 4115 adhuc

361 4147 426 4208 in
448 4149 694 4228 proprio
717 4146 946 4208 honore
971 4143 1480 4214 constitutus,nisi
1501 4139 1872 4222 episcopatui
1900 4159 2007 4204 sua

360 4244 574 4318 sponte
603 4233 1062 4298 renuntiaverit.
1097 4229 1350 4314 Oportet
1386 4231 1546 4293 enim
1583 4247 1822 4293 causam
1849 4229 2004 4310 ejus,

362 4325 462 4405 qui
483 4332 575 4386 est
597 4325 945 4406 episcopatu
964 4321 1679 4402 expellendus,canonice
1699 4321 2010 4382 examina-

363 4421 484 4475 tam
509 4411 582 4475 ad
606 4412 787 4474 ﬁnem
815 4410 980 4493 prius
1002 4409 1241 4473 deduci:
1269 4408 1490 4472 deinde
1513 4417 1642 4491 past
1665 4409 1796 4489 ejus
1815 4408 2008 4490 depo-

362 4503 931 4583 sitionem,atterum
965 4505 1023 4562 in
1053 4498 1186 4580 ejus
1217 4498 1630 4589 episcopatum
1660 4496 2008 4589 provehi.Si
2034 4536 2076 4589 υ

362 4591 496 4675 quis
508 4599 707 4654 autem
722 4591 1038 4673 episcopus
1051 4590 1112 4652 in
1127 4587 1369 4671 proprio
1385 4588 1611 4651 honore
1625 4588 2003 4663 constitutus,

359 4698 477 4745 nec
505 4680 626 4743 vult
655 4678 1036 4754 renuntiare,
1069 4696 1182 4742 nec
1208 4677 1493 4760 populum
1521 4677 1831 4759 proprium
1866 4695 2005 4759 pas-

357 4771 634 4854 cere,sed
663 4789 697 4833 a
719 4787 828 4833 suo
851 4771 1196 4852 episcopatu
1218 4766 1532 4839 recedens,
1559 4767 1870 4849 plusquam
1903 4785 2006 4830 sex

357 4861 672 4926 mensibus
690 4861 749 4924 in
765 4859 886 4923 alio
907 4860 1040 4923 loco
1064 4859 1384 4938 degat,nec
1404 4856 1569 4937 regio
1587 4857 1764 4938 jussu
1794 4856 2006 4921 deten-

357 4961 586 5022 tus.nec
597 4952 690 5015 sui
714 4950 1068 5032 patriarchas
1089 4946 1425 5012 ministerio
1439 4945 2005 5029 deserviensmeque

357 5060 394 5103 a
421 5041 584 5122 gravi
609 5038 845 5116 morbo,
872 5045 932 5104 et
955 5039 1053 5120 qui
1077 5037 1406 5101 utomnino
1429 5035 1656 5100 moveri
1677 5055 1798 5098 non
1822 5034 2009 5118 possit

357 5129 902 5207 eiliciat,retentus,
935 5127 987 5190 is
1019 5126 1182 5190 nulla
1209 5144 1281 5189 ex
1311 5143 1495 5208 supra
1515 5125 1604 5186 ιι
1632 5123 1808 5188 dictis
1829 5141 2007 5188 causa

359 5216 794 5302 prohibitus,et
820 5235 854 5279 a
884 5235 992 5280 suo
1026 5217 1373 5299 episcopatu
1405 5216 1715 5298 absens,et
1737 5215 1894 5276 ultra
1914 5234 2007 5278 se-

357 5317 580 5372 mestre
619 5316 851 5387 tempus
875 5309 934 5367 in
958 5305 1077 5369 alio
1101 5306 1234 5369 loco
1264 5304 1594 5387 degens,ab
1629 5304 1896 5387 episcOpi
1920 5305 2008 5368 di-

355 5399 581 5482 gnitate
605 5406 664 5461 et
703 5398 934 5460 honore
975 5395 1221 5460 omnino
1252 5394 1632 5459 alienabitur.
1663 5395 1813 5458 Eum
1841 5395 2002 5459 enim

355 5491 458 5573 qui
481 5507 604 5552 suae
631 5486 769 5551 ﬁdei
789 5485 1178 5549 commissum
1203 5503 1444 5564 gregem
1468 5484 1713 5565 uegligit
1733 5485 1872 5548 etin
1890 5485 2006 5548 alio

352 5580 488 5649 loco
515 5595 701 5661 supra
749 5583 1042 5640 semestre
1073 5583 1310 5657 tempus
1340 5573 1525 5653 degit,
1556 5574 1760 5638 statuit
1803 5583 2008 5638 sancta

2105 1887 2387 1957 δυνηθῆναι
2451 1890 2542 1945 τὸν
2596 1894 2694 1956 τῆς
2751 1888 3001 1954 τοιαύτης
3062 1886 3276 1953 πόλεως
3328 1889 3582 1968 πρόεδρον
3614 1893 3753 1966 μετὰ

2103 1979 2204 2046 τὴν
2260 1975 2350 2034 ἔπ’
2410 1985 2551 2053 αυτῷ
2581 1979 2940 2058 χειροτονίαν,
2989 1980 3080 2034 τὸν
3125 1979 3327 2035 οἰκεῖον
3371 1978 3557 2056 θρόνον
3588 2002 3750 2037 κατα-

2104 2066 2317 2146 λαϐεῖν,
2364 2069 2451 2124 καὶ
2494 2067 2549 2124 ἐν
2621 2069 2764 2141 αὖτῷ
2826 2069 3069 2144 ἱερατικῇ
3129 2067 3453 2124 καταστάσει
3510 2066 3745 2146 ὶνιδρυνο

2102 2160 2280 2230 θῆναι,
2343 2156 2434 2213 καὶ
2489 2154 2628 2212 οὕτω
2659 2157 2795 2212 κατὰ
2837 2157 2897 2212 τὸ
2955 2161 3231 2232 κρατῆσαν
3275 2156 3392 2222 ἔθος
3425 2157 3520 2222 τὰς
3552 2179 3745 2237 χειρο-

2101 2248 2300 2319 τονίας,
2337 2243 2430 2302 καί
2480 2247 2652 2304 πάντα
2713 2245 2746 2301 ἃ
2793 2253 2870 2304 τῶ
2929 2244 3206 2318 ἐπισκόπῳ
3251 2245 3437 2316 ἀνήκει
3484 2248 3738 2326 πράττειν

2101 2356 2158 2391 τε
2201 2336 2290 2391 καὶ
2349 2335 2834 2415 μεταχειρίζεσθαι,
2896 2336 3060 2409 ἡμεῖς
3115 2336 3176 2392 τὸ
3206 2337 3381 2409 τίμιον
3436 2339 3523 2393 καὶ
3581 2335 3749 2393 σεϐά-

2101 2447 2259 2499 σμιον
2320 2423 2388 2500 τῇ
2449 2425 2710 2502 ἱερωσύνῃ
2756 2423 3134 2502 φυλάττοντες,
3203 2425 3289 2482 καὶ
3321 2423 3586 2501 μηδαμῶς
3617 2427 3752 2506 πρὸς

2103 2512 2277 2588 λύμην
2333 2513 2440 2570 τῶν
2519 2512 2986 2581 ἑκκλησιαστικῶν
3069 2512 3312 2584 δικαίων,
3377 2515 3479 2582 τὴν
3537 2515 3750 2584 εθνικὴν

2102 2603 2356 2681 ἐπήρειαν
2398 2602 2730 2681 ἐνεργεῖσθαι
2780 2602 3129 2679 βουλόμενοι,
3195 2617 3312 2670 τοῖς
3357 2603 3496 2661 οὕτω
3561 2625 3751 2686 lupo-

2101 2696 2398 2766 τονηθεῖσι,
2447 2696 2532 2750 καὶ
2592 2691 2676 2748 διὰ
2718 2693 2817 2760 τὴν
2889 2691 3251 2771 προκειμένην
3311 2693 3480 2750 αἰτίαν
3535 2694 3591 2750 ἐν
3632 2707 3753 2758 τοῖς

2105 2782 2306 2838 ἑαυτῶν
2358 2783 2438 2858 μὴ
2492 2781 2850 2860 έγκατασεᾶσι
2908 2783 3144 2862 θρόνοις,
3196 2784 3256 2839 τὸ
3307 2782 3600 2860 ἆπόκριτον
3644 2806 3755 2852 τη-

2102 2873 2310 2950 ρεῖσθαι
2382 2870 2791 2950 συνεωράκαμεν
2826 2887 2840 2901 ⁸
2903 2871 3040 2928 ὥστε
3083 2873 3172 2928 καὶ
3229 2873 3568 2952 χειροτονίας
3615 2872 3751 2942 κλη-

2105 2959 2266 3039 ρικῶν
2310 2958 2574 3039 διαφόρων
2617 2965 2910 3023 κανονικῶς
2969 2974 3174 3035 ποιεῖν,
3204 2963 3294 3018 καὶ
3346 2966 3414 3038 τῇ
3457 2967 3558 3028 τῆς
3608 2985 3753 3042 προ-

2104 3047 2276 3126 εδρίας
2309 3049 2548 3122 αὐθεντίᾳ
2581 3051 2715 3106 nscit
2769 3051 2860 3107 τὸν
2919 3050 3058 3108 ἴδιον
3104 3051 3226 3130 ὅρον
3274 3055 3602 3131 κεχρῆσθαι,
3663 3054 3755 3110 καί

2102 3135 2320 3215 βεϐαίαν
2389 3139 2477 3195 καὶ
2534 3137 2921 3215 νενομισμένην
2982 3143 3122 3196 εἶναι
3194 3144 3369 3196 πᾶσαν
3422 3137 3513 3196 ὑπ’
3574 3141 3752 3198 αὗτῶν

2101 3236 2394 3306 προϊοῦσαν
2445 3227 2728 3295 διοίκησιν,
2777 3232 2850 3287 Οίι
2891 3229 2992 3308 γὰρ
3049 3230 3152 3287 ὑπὸ
3210 3231 3306 3286 τοῦ
3346 3229 3447 3297 τῆς
3507 3228 3748 3310 ἆνάγκης

2099 3323 2286 3397 καιροῦ
2343 3319 2755 3398 περιγραφείσης
2798 3317 2894 3386 τῆς
2951 3316 3246 3399 ἀκριϐείας,
3298 3320 3325 3374 ὁ
3375 3323 3475 3386 τῆς
3521 3321 3740 3377 οἰκονοο

2100 3408 2225 3483 μίας
2257 3405 2378 3488 ὅρος
2405 3409 2895 3489 περιορισθήσεται.

2099 3512 2329 3572 Συνόδου
2402 3513 2458 3570 α’
2544 3515 2633 3573 καὶ
2701 3505 2761 3592 β’
2831 3513 3283 3594 συγκροτηθείσης
3337 3515 3392 3574 ἐν
3454 3526 3746 3576 Κωνσταν-

2176 3594 2484 3676 τινουπόλει
2552 3594 2607 3652 ἐν
2677 3586 2757 3670 τῷ
2818 3586 2930 3671 ναῷ
2969 3586 3096 3653 ’τῶν
3145 3586 3338 3676 Ἀγίων
3401 3597 3745 3658 ’Λποστόλων

2175 3676 2354 3733 κανὼν
2387 3675 2510 3750 ις’.

2177 3781 2299 3858 ις’.
2336 3784 2435 3842 Διὰ
2464 3783 2557 3846 τὰς
2587 3782 2913 3865 φιλονεικίας
2944 3803 3002 3840 τε
3031 3784 3119 3842 καὶ
3139 3785 3407 3865 ταραχὰς,
3441 3785 3537 3851 τὰς
3581 3784 3638 3842 ἐν
3673 3792 3742 3863 τῇ

2095 3874 2188 3929 τοῦ
2245 3881 2375 3932 Θεοῦ
2420 3872 2714 3947 Ἐκκλησία
2743 3869 3156 3949 συμϐαινούσας,
3209 3875 3298 3932 καί
3348 3877 3508 3932 τοῦτο
3565 3876 3741 3954 ὁρίσαι

2094 3960 2392 4041 ἀναγκαῖον
2422 3961 2534 4019 ἔστι
2571 3982 2585 3996 ·
2632 3961 2726 4019 τοῦ
2776 3959 2964 4038 μηδενὶ
3005 3962 3188 4040 τρόπῳ
3232 3963 3524 4021 ἐπίσκοπον
3565 3986 3746 4022 κατα-

2094 4054 2285 4120 στῆναι
2343 4051 2398 4109 ἰν
2441 4058 2511 4130 τῇ
2555 4052 2878 4132 Ἐκκλησία,
2909 4052 2977 4122 ἧς
3013 4051 3090 4110 ἔτι
3121 4055 3149 4110 ὁ
3202 4053 3479 4132 προεστὼς
3510 4059 3602 4130 ζῇ,
3651 4055 3749 4112 καὶ

2093 4139 2146 4197 ἰν
2180 4145 2247 4218 τῇ
2292 4139 2396 4216 ἰδίᾳ
2445 4143 2748 4200 συνίσταται
2797 4165 2954 4220 τιμῃ,
2989 4142 3069 4218 μὴ
3101 4145 3260 4208 αὐτὸς
3293 4143 3431 4201 ἑκὼν
3474 4144 3575 4211 τὴν
3608 4143 3737 4202 ἔπι-

2095 4232 2304 4300 σκοπὴν
2360 4233 2751 4311 παραιτήσεται
2787 4250 2802 4266 ⁶
2857 4231 2967 4313 χρὴ
3009 4232 3110 4311 γὰρ
3155 4232 3407 4312 πρότερον
3437 4233 3536 4302 τὴν
3564 4234 3738 4290 αἰτίαν

2093 4326 2186 4378 τοῦ
2229 4319 2519 4396 μέλλοντος
2573 4325 2674 4388 τῆς
2735 4323 3033 4388 ὶπισκοπῆς
3091 4318 3465 4401 ἔκδιώκεσθαι,
3511 4342 3742 4380 κανονι-

2093 4417 2204 4473 κῶς
2274 4408 2654 4484 ἐξεταζομένην
2713 4409 2787 4473 εἰς
2842 4408 3006 4486 πέρας
3072 4408 3292 4488 ἄγεσθαι
3326 4424 3342 4440 ⁶
3391 4408 3502 4467 εἶθ’
3561 4407 3740 4476 οὕτως

2095 4500 2231 4575 μετὰ
2273 4499 2374 4568 τὴν
2437 4502 2596 4559 αὐτοῦ
2649 4497 2972 4579 καθαίρεσιν,
3030 4497 3210 4572 ἕτερον
3268 4498 3384 4556 ἀντ’
3440 4497 3600 4558 αὺτοῦ
3667 4502 3745 4565 εἰς

2091 4589 2191 4656 τὴν
2231 4587 2536 4657 ἰπισκοπήν
2594 4585 3025 4666 προόιὸάζεσθαι.
3087 4589 3145 4647 Εἰ
3203 4585 3258 4646 δέ
3309 4611 3392 4653 τις
3439 4595 3549 4646 τῶν
3606 4588 3738 4647 ἔπι.

2091 4679 2307 4736 σκόπων
2350 4676 2406 4734 ἐν
2435 4699 2505 4755 τῃ
2562 4675 2666 4750 ἰδίᾳ
2709 4678 3088 4755 συνιστάμενος
3136 4700 3294 4759 τιμῃ,
3339 4680 3478 4754 μήτε
3531 4700 3740 4756 παραι-

2089 4770 2297 4826 τεῖσθαι
2346 4765 2615 4844 βούλοιτο,
2679 4767 2818 4843 μήτε
2876 4768 2967 4824 τὸν
3019 4768 3224 4826 οἰκεῖον
3265 4767 3438 4826 ἒθέλοι
3497 4769 3734 4846 ποιμαί-

2087 4877 2194 4914 νειν
2257 4856 2406 4935 λαὸν,
2466 4853 2604 4913 me:
2666 4861 2766 4923 τῆς
2823 4857 3021 4920 οἰκείας
3092 4855 3334 4922 ἀποστὰς
3403 4856 3735 4932 ἰπισκοπῆς,

2088 4944 2219 5025 ὑπὲρ
2267 4945 2328 5001 τὸ
2386 4941 2650 5020 ἑξάμηνον
2712 4943 2768 5000 ἐν
2824 4944 2987 5023 ἑτέρῳ
3045 4943 3302 5024 διατρίϐοι
3355 4947 3532 5023 τόπῳ,
3594 4947 3737 5021 μήτε

2087 5045 2210 5099 ταῖς
2273 5039 2366 5092 τοῦ
2427 5033 2624 5091 οἰκείου
2695 5034 3034 5116 πατριάρχου
3109 5033 3470 5116 λειτουργίαις
3523 5036 3739 5116 ὑπηρε-

2087 5123 2314 5200 τοῦμενο
2327 5143 2374 5197 ς,
2409 5123 2551 5200 μήτε
2581 5121 2690 5198 μὴν
2717 5123 2820 5182 ὖπὸ
2879 5125 3036 5181 νόσου
3091 5121 3351 5205 χαλεπῶς
3382 5144 3439 5180 τε
3469 5123 3563 5181 καί
3603 5123 3738 5182 ἀκι-

2088 5213 2278 5282 νησίαν
2317 5211 2645 5288 ἐμποιούσης
2703 5211 2944 5280 παντελῆ
3003 5214 3388 5294 συνεχόμενος,
3439 5215 3467 5271 ὁ
3496 5216 3741 5280 τοιοῦτος

2090 5303 2180 5363 οὖν
2213 5305 2241 5360 ὁ
2271 5301 2409 5361 κατὰ
2437 5299 2704 5378 μηδεμίαν
2733 5308 2841 5360 τῶν
2890 5303 3187 5380 εἰρημένων
3236 5303 3553 5384 προφάσεων
3613 5325 3736 5360 κω-

2091 5394 2374 5471 λυόμενος,
2420 5391 2518 5460 τῆς
2563 5392 2755 5457 οἰκείας
2828 5390 3191 5473 ἀφιστάμενος
3247 5393 3580 5472 ἐπισκοπῆς,
3644 5396 3742 5451 καὶ

2087 5483 2222 5562 ὑπὲρ
2277 5481 2370 5540 τὸν
2431 5479 2784 5557 ἑξαμηνιαῖον
2861 5483 3060 5562 χρόνον
3117 5480 3173 5538 ἐν
3230 5479 3396 5560 ετέρῳ
3454 5477 3739 5558 διατρίϐων

2089 5575 2259 5650 τύπω,
2320 5576 2422 5639 τῆς
2479 5575 2574 5628 τοῦ
2616 5569 2912 5628 επισκὸπου
2966 5575 3132 5648 τιμῆς
3175 5591 3233 5628 τε
3276 5572 3366 5628 καὶ
3394 5569 3538 5637 ἀξίας
3571 5567 3741 5627 ἄλλό-
