4108 6222
496 347 606 416 491
1689 345 1958 412 PHOTII
1998 349 2520 416 PATBIARGHE
2561 353 2675 419 op.
3069 347 3072 349 ’
3743 331 3888 433 492’

503 485 738 568 Cyrilh'
767 501 844 548 ea:
893 481 1153 564 epistola
1205 480 1286 544 ad
1338 478 1640 545 Damnum
1686 501 1947 546 canones
1978 490 2034 560 t,
2071 484 2125 548 3.

2240 488 2476 566 ίυρίλλου
2551 491 2612 546 ἐκ
2683 497 2780 559 τῆς
2867 493 3000 571 πρὸς
3083 497 3288 570 Δόμνον
3384 498 3675 568 ἐπιστολῆς
3756 526 3862 560 κα-

581 579 1029 660 LUnaquzeque
1045 595 1144 639 res
1163 577 1634 657 nostra,quande
1659 577 1870 639 ordine
1898 579 2140 640 canoni-
2884 575 2988 630 νὼν
3031 573 3086 630 α’
3129 575 3193 652 γ’.

497 689 566 732 co
595 677 760 732 recta
793 665 1327 750 procedit,nullum
1353 666 1596 748 quidem
1626 666 1687 728 in
1706 666 1880 729 nobis
1911 668 2119 729 tumul-

2300 661 2376 721 α’.
2404 662 2651 722 "Exacta
2711 670 2815 724 τῶν
2875 666 2992 723 καθ’
3025 669 3168 743 ἡμᾶς
3201 671 3555 748 πραγμάτων,
3585 673 3710 730 ὅταν
3743 677 3858 734 εὐθὺ

499 772 623 823 tum
649 760 982 837 ingenerat,
1005 764 1067 819 et
1094 774 1127 816 a
1160 756 1590 819 nonnullorum
1619 757 2037 819 maledicentia
2062 758 2121 819 li-

2231 751 2479 829 ρέρωνται
2535 762 2823 824 κανονικῆς
2875 755 3139 836 εὐταξίας,
3187 757 3370 817 ο-ἶιδένα
3399 761 3496 835 μὲν
3531 765 3670 838 ἡμῖν
3715 766 3853 822 ἐντί-

494 846 686 924 berat,
721 847 813 909 vel
868 851 1062 928 potius
1094 845 1184 907 43
1237 863 1444 908 eorum
1497 846 1599 926 qui
1628 849 1866 927 sapiunt
1898 848 2116 910 lauden

2232 862 2329 896 ιτει
2362 841 2600 921 θόρυϐον,
2635 845 2966 904 ἀπαλλάττει
2997 845 3050 902 δὲ
3084 848 3174 903 καὶ
3200 849 3296 916 τῆς
3339 853 3481 929 παρὰ
3523 875 3681 910 τινων
3726 853 3854 912 δυσ-

495 937 672 1002 uobis
703 936 1004 999 conciliat.
1042 934 1186 1008 Quis
1222 937 1382 997 enim
1435 955 1553 997 non
1602 935 1815 1014 obviis,
1854 945 1914 998 ut
1943 938 2117 1000 aiunt

2232 929 2445 1009 ρημίας,
2510 933 2716 1008 μᾶλλον
2761 935 2814 992 δὲ
2848 937 2934 995 καὶ
2966 940 3060 999 τὰς
3097 939 3238 1014 παρὰ
3269 945 3370 995 τῶν
3424 943 3481 996 εὗ
3523 945 3854 1021 φρονούντων

492 1029 655 1091 ulnis
685 1026 945 1108 excipiat
973 1026 1048 1088 de
1079 1025 1375 1106 aliquibus
1422 1027 1710 1106 prolatam
1741 1027 2101 1090 sententiam

2231 1023 2479 1099 εὐφημίας
2509 1024 2646 1097 ἡμῖν
2703 1025 2977 1102 προξενεῖ.
3022 1028 3109 1087 Τίς
3169 1027 3270 1106 γὰρ
3301 1029 3394 1085 ούκ
3426 1029 3487 1084 ἃν
3538 1030 3853 1098 ἀποδέξαιτο

489 1135 622 1199 qua;
649 1135 761 1178 nec
789 1117 907 1178 huc
936 1132 1052 1177 nec
1102 1114 1250 1176 illuc
1283 1114 1658 1181 inclinetur?
1689 1117 1797 1177 Vel
1829 1117 2111 1198 quomodt

2229 1113 2395 1188 ιῆςρον
2424 1111 2778 1194 ἂπροσκλινῆ,
2815 1114 2950 1194 ἥπερ
2982 1115 3043 1170 ἅν
3076 1116 3284 1192 γένοιτο
3315 1119 3434 1193 περί
3455 1139 3639 1196 τινων;
3665 1122 3700 1190 ἢ
3735 1128 3851 1188 πῶς

485 1227 607 1270 non
639 1206 716 1268 sit
745 1205 820 1268 ab
853 1205 1018 1268 omni
1057 1203 1532 1284 reprehensione
1579 1205 1862 1280 alienum,
1899 1206 1989 1268 vel
2017 1226 2107 1287 ρο·

2224 1200 2269 1254 τὸ
2301 1201 2500 1277 κρίνειν
2530 1203 2694 1280 ὀρθῶς
2722 1206 2810 1259 καὶ
2853 1204 3088 1279 ἐννόμως
3114 1207 3209 1262 οῦκ
3239 1206 3642 1276 ἀνεπίπληκτον
3674 1210 3846 1292 ἔσται,

483 1296 602 1359 tius
637 1313 1003 1377 magnopere
1035 1293 1426 1373 laudandum,
1469 1294 1520 1355 si
1550 1304 1714 1357 recte
1747 1304 1804 1357 et
1827 1296 1990 1375 juste
2014 1301 2105 1377 ju-

2227 1287 2413 1346 ιᾶλλον
2458 1289 2512 1346 δὲ
2549 1314 2744 1357 παντος
2776 1293 2992 1362 ἐπαίνου
3025 1295 3245 1368 μεστόν.
3282 1296 3386 1353 Καί
3445 1298 3609 1356 ταῦτα
3661 1287 3849 1381 γράφω

447 1462 454 1472 η
485 1386 722 1450 dicetur
743 1385 774 1444 ?
795 1384 868 1446 Et
890 1384 1016 1447 haec
1039 1382 1278 1464 quidem
1315 1401 1475 1444 nunc
1504 1383 1700 1446 scribo
1733 1385 1806 1446 ad
1836 1385 2069 1465 pietate;

2225 1379 2315 1434 νυνί
2347 1397 2359 1410 ⁸
2419 1380 2512 1448 τῆς
2566 1383 2664 1448 σῆς
2723 1381 3022 1448 θεοσεϐείας
3066 1385 3122 1439 ἐν
3174 1398 3291 1449 τοῖς
3337 1387 3526 1444 ἑαυτοῦ
3569 1379 3847 1466 γράμμασι

481 1484 643 1538 tuam
677 1494 808 1557 quae
864 1475 927 1535 in
984 1472 1200 1534 litteris
1253 1473 1325 1534 ad
1389 1491 1484 1534 me
1514 1483 1572 1535 et
1601 1474 2103 1554 religiosissimnn

2227 1481 2318 1532 τοῖς
2362 1483 2608 1526 σταλεῖσι
2642 1473 2773 1549 πρὸς
2807 1472 2902 1546 ἐμέ
2931 1494 2990 1528 τε
3034 1474 3122 1529 καὶ
3165 1475 3256 1530 τὸν
3308 1477 3601 1534 ὁσιώτατον
3637 1500 3696 1534 τε
3749 1482 3849 1537 καί

475 1555 725 1628 fratrem
749 1573 1016 1626 nostrum
1041 1571 1102 1624 et
1131 1561 1555 1643 coepiscopum
1585 1561 1863 1627 Proclum
1893 1565 2091 1628 missis

2222 1555 2612 1636 Ιεοφιλέστατον
2641 1558 2867 1640 ἀδελφὸν
2914 1563 3066 1636 ἡμῶν
3123 1565 3212 1619 καὶ
3243 1565 3636 1624 συνεπίσκοπον
3696 1569 3844 1646 Πρό-

477 1655 826 1736 episcopum
882 1651 1126 1733 quidem
1178 1651 1469 1725 nominet,
1529 1653 1822 1732 imprimis
1855 1653 2019 1734 pium
2047 1674 2099 1718 ac

2222 1644 2350 1725 ιλον,
2389 1647 2679 1706 ἐπίσκοπον
2733 1650 2832 1725 μὲν
2889 1652 3281 1732 ὀνομαζούσης,
3316 1654 3408 1709 τὸν
3453 1644 3844 1716 εὖλαϐἐστα-τον

476 1734 824 1823 religiosum
851 1741 1093 1804 Petrum
1129 1759 1142 1804 :
1179 1759 1312 1802 cum
1345 1740 1476 1821 ipse
1507 1740 1889 1817 lamentetur,
1927 1763 2098 1826 seque

2221 1737 2282 1791 Lati
2325 1734 2736 1795 θεοσεϐέστατον
2800 1743 2996 1817 Πέτρον
3031 1760 3048 1780 ο
3093 1742 3252 1800 αὑτοῦ
3284 1739 3338 1798 δὲ
3386 1742 3688 1825 κλαίοντος,
3754 1750 3843 1805 καὶ

478 1833 552 1894 ab
576 1832 842 1895 Ecclesia
864 1830 977 1892 sibi
997 1830 1279 1894 attributa
1301 1838 1516 1909 praeter
1536 1830 1828 1893 rationem
1851 1825 2100 1913 ejectum

2218 1831 2293 1891 τῆς
2340 1825 3082 1913 ἐκνεμηθείσηςήἜκκλησίας
3117 1829 3261 1906 αὒτῷ
3312 1831 3637 1911 παραλόγως
3683 1857 3840 1892 κεκι-

477 1941 610 1984 esse
635 1922 812 1984 dicat.
848 1921 996 1983 Erat
1024 1927 1224 1982 autem
1287 1926 1760 1982 consentaneum
1794 1929 1860 1982 ut
1885 1911 1980 1984 vel
2013 1942 2099 1985 sa-

2216 1918 2383 1981 ιῆσθαι
2414 1914 2688 1993 λέγοντος,
2723 1911 2825 1974 Ἦν
2856 1915 2902 1973 δ’
2951 1917 3264 1999 ἀκόλουθον,
3317 1921 3352 1990 ἢ
3385 1923 3445 1978 τὸ
3478 1923 3577 1991 τῇς
3609 1925 3838 2002 ἱερωσύο

475 2011 729 2074 cerdotii
761 2028 981 2072 nomen
1014 2027 1148 2071 cum
1179 2026 1246 2069 re
1279 2007 1554 2084 haberet,
1590 2009 1708 2085 vel,
1746 2009 1798 2071 si
1830 2030 1949 2072 non
1980 2022 2097 2074 eral

2212 2027 2290 2071 ιης
2325 2005 2492 2078 ὄνομα
2536 2007 2673 2079 μετὰ
2720 2013 2812 2064 τοῦ
2858 2009 3169 2086 πράγματος
3217 2009 3366 2090 ἔχειν
3411 2013 3596 2089 αὐτὸν,
3630 2016 3663 2081 ἢ
3706 2016 3834 2092 γοῦν

469 2101 689 2181 dignus
723 2109 781 2161 ut
811 2101 980 2162 altari
1014 2106 1316 2180 praeesset,
1360 2116 1470 2158 nec
1501 2097 1630 2177 ipsa
1658 2100 1904 2179 quidem
1939 2104 2091 2182 epis-

2207 2093 2347 2171 :i'mp
2399 2099 2465 2162 ἦν
2506 2094 2648 2160 ἄξιος
2692 2104 2783 2153 τοῦ
2841 2098 2918 2171 μὴ
2971 2100 3290 2177 προεστάναι
3347 2103 3486 2158 θείου
3535 2106 3829 2170 θυσιαστη-

465 2208 652 2272 copus
681 2189 995 2252 vocatione
1026 2188 1240 2265 dignus
1263 2187 1610 2250 haberetur.
1629 2187 1745 2250 Sed
1772 2189 1830 2250 id
1853 2191 2087 2254 fortasse

2205 2183 2323 2256 >ίου,
2374 2182 2500 2256 μηδ’
2548 2188 2680 2260 αὐτῇ
2730 2191 2980 2260 τιμᾶσθαι
3012 2195 3079 2264 τῇ
3112 2188 3304 2258 κλήσει
3334 2195 3432 2258 τῆς
3480 2191 3777 2259 ἐπισκοπῆς
3813 2210 3827 2224 ⁸

465 2271 624 2362 quod
655 2279 813 2354 dico,
844 2277 1061 2340 durum
1088 2295 1220 2339 esse
1272 2284 1330 2338 et
1362 2275 1670 2339 cbaritatis
1700 2296 1913 2356 expers
1943 2279 2087 2342 vide-

2207 2271 2301 2328 ιλλ’
2351 2271 2486 2335 ἴσως
2532 2271 2724 2337 δόξειεν
2757 2273 2819 2329 ἂν
2847 2282 2916 2352 τῇ
2962 2282 3031 2353 σῇ
3070 2275 3364 2353 θεοσεϐείᾳ,
3413 2277 3646 2356 σκληρὸς
3682 2283 3829 2339 εἶναι

463 2360 647 2432 bitur.
681 2370 802 2432 Res
860 2375 1064 2429 autem
1120 2384 1330 2428 revera
1387 2385 1505 2426 non
1539 2367 1621 2427 ita
1653 2385 1718 2430 se
1749 2367 1950 2431 habet.
1984 2368 2085 2431 No:

2208 2383 2267 2453 τις
2315 2363 2400 2416 ναὶ
2427 2360 2797 2453 ἀφιλάλληλος
2834 2366 2860 2419 ὁ
2892 2365 3024 2442 παρ’
3056 2365 3187 2441 ἐμοῦ
3230 2365 3415 2444 λόγος.
3449 2370 3616 2449 ’Ἔχει
3647 2368 3703 2425 δὲ
3725 2373 3830 2453 οὑχ

468 2459 630 2521 enim
662 2456 826 2519 senis
858 2457 1068 2537 utique
1093 2456 1368 2518 misereri
1402 2464 1700 2535 putamus,
1739 2457 1789 2517 si
1822 2457 2014 2519 solum
2046 2460 2090 2520 ei

2201 2449 2323 2507 ›ῧτω
2351 2453 2487 2507 κατὰ
2516 2454 2578 2507 τὸ
2620 2451 2841 2519 ἀληθές.
2893 2455 3151 2522 Ἐλεῆσαι
3211 2458 3313 2535 γὰρ
3344 2458 3490 2538 τάχα
3523 2483 3626 2518 που
3659 2449 3823 2536 νομίξ

465 2565 686 2609 nomen
713 2546 1166 2624 reliquerimus;
1196 2545 1300 2605 sed
1336 2544 1519 2606 multo
1541 2544 1754 2606 melius
1788 2555 1913 2608 erat
1936 2547 2087 2608 aliud

2203 2548 2340 2614 ζομεν
2397 2542 2488 2596 τὸν
2536 2541 2854 2618 πρεσϐύτην,
2913 2546 3082 2618 μόνην
3117 2550 3258 2621 αύτῷ
3287 2549 3385 2615 τὴν
3431 2547 3623 2616 κλῆσιν
3656 2550 3825 2629 ἀφέν-

459 2655 696 2718 quoque
728 2635 1133 2698 considerare.
1161 2633 1317 2696 Dicit
1339 2634 1498 2695 enim
1530 2653 1597 2696 se
1638 2654 1806 2696 suam
1849 2637 2081 2718 quiderr

2198 2651 2262 2695 ;ες
2299 2649 2312 2664 ⁸
2361 2632 2548 2708 μακρῷ
2579 2629 2631 2686 δὲ
2666 2631 2727 2699 ἧν
2772 2631 2989 2707 ἄμεινον
3035 2634 3282 2703 ἐννοῆσαι
3343 2635 3440 2693 καί
3470 2639 3531 2694 τὸ
3585 2637 3768 2716 ἕτερον
3806 2657 3820 2673 ⁸

462 2745 644 2808 posse
673 2744 913 2788 causam
945 2723 1290 2806 probare,at
1320 2723 1692 2786 defensionis
1727 2733 1961 2806 tempus
1978 2727 2084 2788 sibi

2197 2720 2368 2798 ράσκει
2411 2721 2534 2798 γὰρ,
2582 2718 2827 2778 δύνασθαι
2874 2723 2972 2798 μὲν
3012 2730 3271 2791 συστῆναι
3333 2731 3400 2802 τῇ
3457 2728 3622 2800 οἰκείᾳ
3678 2730 3819 2786 ὑπο-

455 2807 577 2879 non
609 2835 741 2879 esse
774 2815 1000 2891 datum,
1034 2832 1146 2876 nec
1179 2812 1548 2876 auditionem
1590 2815 1941 2877 canonicam
1976 2815 2077 2878 sib,

2197 2810 2365 2889 λήψει,
2414 2809 2472 2865 ού
2515 2807 2702 2867 λαϐεῖν
2728 2810 2782 2867 δὲ
2813 2815 2996 2890 καιρὸν
3042 2813 3335 2892 ἀπολογίας
3371 2831 3384 2845 ⁸
3423 2815 3542 2872 οὕτε
3572 2818 3683 2892 μὴν
3722 2819 3819 2874 ἀκ-

451 2907 639 2969 fuisse
670 2904 1158 2970 concessam.Sin
1181 2911 1380 2966 autem
1413 2903 1531 2966 tale
1565 2904 1706 2982 quid
1745 2904 1963 2966 factum
1987 2925 2073 2967 es-

2192 2903 2391 2976 ιρόασιν
2451 2900 2594 2972 αῦτῷ
2651 2905 2990 2974 προτεθεῖναι
3051 2907 3362 2974 κανονικήν.
3401 2900 3540 2962 Εἷδὲ
3573 2907 3814 2985 ἐγεγόνει

449 2998 700 3078 set,ipsa
728 3005 995 3060 actorum
1029 2993 1344 3076 productio
1376 3010 1511 3054 eum
1535 2993 1892 3056 convicisset
1916 3013 2071 3058 reuu

2190 3012 2220 3046 ει
2265 2996 2527 3065 τοιοῦτον,
2575 2991 2709 3058 αὑτὴ
2753 2992 2858 3048 τῶν
2902 2993 3304 3068 ὑπομνημάτων
3335 2997 3369 3062 ἡ
3417 3017 3665 3062 σύστασις
3724 2997 3812 3054 δι-

449 3077 868 3168 impositorum
918 3083 1036 3165 ipsi
1089 3083 1436 3154 criminum,
1501 3099 1612 3144 nec
1645 3087 1990 3163 essetquod
2022 3105 2071 3148 se

2187 3077 2392 3154 ελεγξεν
2435 3077 2498 3134 ἂν
2554 3081 2738 3151 αὑτὸν,
2785 3081 2820 3149 ἢ
2865 3081 3062 3138 ἆλόντα
3107 3096 3224 3146 τοῖς
3279 3084 3584 3154 αἰτιάμασιν
3615 3085 3809 3166 ἔνοχον

453 3167 676 3256 injuria
709 3174 985 3236 affectum
1019 3179 1399 3251 quereretur;
1427 3171 1520 3232 vel
1551 3183 1716 3235 certe
1747 3172 2075 3235 absolutum

2182 3167 2644 3248 ίιποπεφασμὲνον,
2679 3171 2766 3226 καὶ
2797 3169 2944 3226 οὐδὲν
3007 3171 3203 3252 ἔχοντα
3263 3171 3451 3230 λοιπὸν
3495 3176 3669 3232 εἰπεῖν
3729 3180 3804 3241 ὡς

448 3282 585 3326 eum
618 3263 954 3336 declarans,
1013 3279 1222 3324 rursus
1279 3260 1642 3322 concederet
1693 3270 1755 3321 ut
1803 3276 2070 3341 praeessei

2180 3257 2491 3333 ἢδικημὲνον
2531 3276 2545 3290 ⁸
2592 3259 2627 3327 ἢ
2671 3267 2796 3336 γοῦν
2842 3260 3111 3340 ἐλεύθερον
3154 3263 3500 3340 ἀποφήνασα,
3533 3266 3609 3328 ὡς
3643 3265 3802 3324 πάλιν

447 3351 736 3418 Ecclesiae
766 3371 898 3434 qua:
929 3352 1015 3414 illi
1047 3349 1318 3431 subjecta
1361 3349 1492 3412 fuit.
1526 3349 1668 3412 Cum
1699 3359 1899 3413 autem
1931 3353 2069 3413 nihi.

2185 3344 2332 3402 δίδου
2386 3347 2446 3402 τὸ
2505 3349 2826 3424 προεστάναι
2884 3351 2981 3415 τῆς
3039 3348 3392 3426 Ἐκκλησίας,
3469 3351 3504 3419 ἢ
3575 3355 3663 3409 καὶ
3704 3355 3807 3412 ὑπὸ

441 3441 668 3506 factum
700 3442 779 3506 sit
807 3440 1215 3522 ejusmodi,de
1239 3458 1306 3502 re
1338 3440 1580 3518 quidem
1615 3439 1731 3500 alta
1763 3458 1906 3502 voce
1937 3460 2056 3518 que

2184 3447 2330 3513 ('eTpa
2383 3435 2570 3514 γέγονε
2638 3435 2736 3503 τὴν
2796 3438 2956 3494 αὑτοῦ
2995 3459 3007 3471 ⁸
3071 3437 3281 3505 ούδενὸς
3364 3437 3419 3495 δὲ
3481 3444 3806 3522 πεπραγμέ-

439 3533 616 3610 ritur,
651 3540 707 3594 et
736 3531 1176 3595 intolerabilem
1211 3529 1492 3610 injuriam
1541 3547 1606 3590 se
1632 3528 1776 3590 dicit
1806 3531 2061 3611 accepis-

2182 3547 2254 3581 που
2326 3525 2589 3602 τοιούτου,
2677 3524 2918 3599 καταϐοᾷ
3002 3531 3095 3586 τοῦ
3178 3529 3520 3606 πράγματος,
3598 3530 3804 3591 ἀδικίαν

439 3640 528 3697 se,
566 3632 626 3683 et
653 3622 860 3704 inique
891 3621 1148 3700 ejectum
1179 3638 1334 3695 esse,
1360 3617 1653 3699 adjiciens
1682 3635 1809 3680 rem
1835 3639 2061 3683 omneir

2181 3614 2426 3692 ἱφόρητον
2496 3616 2796 3682 ὑποστῆναι
2856 3639 3011 3696 φησι,
3073 3618 3161 3674 καὶ
3216 3618 3458 3693 ἀθέσμως
3533 3617 3803 3689 ἑκϐεϐλῆ-

435 3709 800 3774 familiarem
833 3728 1004 3774 suam
1051 3710 1388 3790 ademptam
1425 3708 1537 3770 sibi
1569 3707 1778 3773 fuisse.
1812 3708 1938 3771 Tua
1968 3709 2057 3772 ita-

2181 3708 2288 3761 ιθαι
2361 3704 2714 3783 προσεπάγων
2801 3705 2881 3762 ὅτι
2969 3707 3064 3763 καί
3145 3707 3392 3784 ἡρπάσθη
3477 3712 3652 3766 πάντα
3738 3713 3803 3770 τὰ

437 3820 557 3882 que
606 3801 918 3877 sanctitas,
978 3786 1370 3862 considerans
1421 3807 1481 3861 et
1530 3798 1688 3878 quod
1735 3799 1826 3860 44
1853 3799 2059 3862 divini:

2180 3793 2302 3868 ιύτῷ
2345 3794 2685 3872 προσήκοντα
2756 3797 3041 3875 χρήματα.
3093 3786 3157 3853 Ἠ
3201 3797 3269 3865 σὴ
3312 3805 3600 3876 τοιγαροῦν
3645 3800 3802 3857 ὅσιό-

436 3891 770 3955 canonibus
800 3891 1095 3952 sancitum
1129 3897 1238 3964 est,
1276 3899 1335 3950 et
1364 3888 1520 3969 quod
1545 3887 1830 3951 Ecclesiae
1860 3908 2058 3952 conve‘

2178 3905 2253 3950 της
2313 3883 2560 3940 ἐννοοῦσα
2604 3887 2700 3940 καὶ
2746 3886 2807 3941 τὸ
2851 3899 2972 3947 τοῖς
3013 3885 3168 3949 θείοις
3215 3887 3407 3943 κανόσι
3455 3885 3670 3960 δοκοῦν,
3705 3893 3800 3946 καί

433 3982 542 4057 nit,
569 3982 762 4062 iisque
792 3981 894 4062 qui
917 3988 1056 4042 sunt
1082 3980 1142 4040 in
1167 3996 1338 4040 sacro
1373 3978 1708 4039 ministerio
1740 3977 1984 4050 initiati,
2015 3995 2055 4040 ei

2177 3974 2213 4027 τὸ
2267 3972 2472 4050 πρέπον
2527 3972 2828 4047 Ἐκκλησία
2871 3975 2959 4031 καὶ
2990 3986 3109 4040 τοῖς
3141 3976 3497 4054 τεταγμένοις
3530 3979 3606 4042 εἷς
3652 3979 3799 4055 ἱερᾶν

437 4059 778 4134 nostrarum
811 4059 1099 4151 praeterea
1128 4067 1460 4128 litterarum
1494 4067 1786 4127 rationem
1811 4066 2059 4143 ducens,

2184 4063 2503 4140 ειτουργίαν,
2563 4061 2642 4119 ἔτι
2685 4085 2742 4120 τε
2788 4065 2927 4143 πφὸς
2974 4065 3185 4130 τούτοις
3239 4067 3326 4122 καὶ
3371 4066 3434 4122 τὰ
3475 4064 3606 4146 παρ’
3639 4069 3801 4142 ἡμῶν

433 4161 603 4221 sistat
636 4149 1164 4238 senis'lacrymas;
1207 4164 1268 4218 et
1299 4155 1349 4216 si
1375 4156 1518 4216 velit
1545 4154 1788 4235 quidem
1822 4174 1958 4216 cum
1992 4157 2055 4218 iis

2145 4149 2522 4219 δυσωπηθεῖσα
2607 4153 2920 4232 γράμματα,
3010 4156 3261 4222 στησάτω
3345 4162 3440 4212 τοῦ
3497 4155 3764 4234 πρεσϐύτο

419 4246 649 4328 judicio
673 4245 1039 4308 contendere
1064 4245 1166 4326 qui
1189 4243 1447 4306 crimina
1469 4243 1530 4305 in
1553 4261 1688 4306 eum
1715 4243 2041 4324 intendunt.

2148 4242 2202 4297 τὸ
2233 4238 2476 4317 δάκρυον.
2527 4243 2625 4300 Καὶ
2679 4243 2723 4298 εί
2754 4243 2851 4318 μὲν
2882 4241 3058 4300 ἕλοιτο
3091 4245 3401 4301 δικάσασθαι
3457 4247 3589 4324 πρὸς
3645 4248 3770 4310 τοὺς

422 4335 582 4416 apud
610 4335 985 4396 sanctitatem
1018 4343 1175 4395 tuam
1209 4352 1316 4414 pro
1345 4352 1512 4394 more
1544 4332 1755 4413 litiget,
1788 4352 1903 4395 una
1932 4334 2044 4396 sci-

2174 4330 2440 4406 πάγοντας
2485 4332 2628 4404 αὒτῷ
2687 4332 2781 4395 τὰς
2813 4333 3009 4412 αἰτίας,
3058 4331 3350 4404 δικαζέσθω
3382 4335 3522 4390 κατὰ
3555 4335 3616 4390 τὸ
3663 4336 3796 4391 είω-

420 4425 562 4487 licet
592 4423 1008 4487 assistentibus
1039 4424 1141 4504 qui
1176 4423 1282 4484 tibi
1313 4421 1570 4484 subsunt
1599 4421 1901 4501 episcOpis
1941 4425 2042 4486 nisi

2177 4422 2233 4482 ὸς
2279 4419 2364 4475 ἐπὶ
2409 4425 2505 4487 τῆς
2548 4425 2651 4486 σῆς
2710 4419 3038 4497 θεοσεϐείας,
3082 4423 3474 4502 συμπαρόντων
3533 4423 3794 4490 δηλονότι

422 4513 838 4610 fortealiquos
868 4523 1108 4575 recusat
1137 4521 1198 4610 ut
1254 4520 1588 4610 suspectos.
1620 4510 1859 4610 N_ullum
1893 4514 2044 4610 enim

2167 4515 2247 4565 ῶν
2278 4510 2379 4566 ὑπὸ
2415 4511 2513 4576 τὴν
2545 4511 2710 4576 αύτῆς
2741 4523 2909 4589 χεῖρα
2957 4509 3386 4570 θεοσεϐεστάτων
3418 4511 3739 4572 ἐπισκόπων
3773 4533 3789 4548 ⁸

424 4603 1018 4684 religiosissimorum
1071 4602 1492 4683 episcoporum
1543 4601 1604 4661 in
1650 4600 1892 4664 fratrem
1943 4602 2046 4666 ini-

2172 4600 2318 4672 κτὸς,
2353 4600 2396 4654 εἰ
2453 4599 2531 4673 μὴ
2591 4613 2913 4676 παραιτοϊτο
2945 4623 3094 4665 τινας
3128 4604 3201 4665 ὡς
3233 4601 3506 4666 ὑπόπτους
3546 4621 3559 4637 ⁸
3603 4601 3791 4663 οὐδένα

416 4694 575 4756 mico
609 4713 742 4757 esse
772 4694 970 4756 animo
1001 4692 1328 4755 credimus.
1382 4692 1472 4754 Ne
1526 4698 1722 4752 autem
1773 4690 1870 4751 hic
1902 4710 2038 4773 prae-

2166 4689 2241 4743 ιὲν
2295 4689 2394 4765 γὰρ
2451 4694 2555 4744 τῶν
2618 4685 3044 4746 θεοσεϐεστάτων
3090 4690 3400 4748 ἒπισκόπων
3445 4691 3614 4772 ἐχθρά
3659 4715 3788 4772 φρο-

415 4790 614 4847 textus
659 4784 924 4846 futurum
979 4783 1052 4844 de
1131 4801 1199 4845 eo
1263 4780 1558 4858 judicium
1629 4779 1932 4856 dissolvat,
1994 4802 2029 4844 u

2171 4777 2257 4834 εἶν
2319 4775 2531 4856 ἀδελφῷ
2581 4777 2927 4853 πιστεύομεν.
2973 4778 3094 4836 "lva
3138 4778 3192 4836 δὲ
3248 4780 3326 4856 μὴ
3358 4781 3622 4861 πρόφασις
3648 4781 3787 4853 αὕτη

414 4892 540 4936 non
586 4875 726 4953 jure
786 4873 1006 4935 factum
1056 4890 1190 4935 esse
1247 4871 1545 4944 videatur,
1608 4888 1726 4930 non
1758 4888 1935 4949 grave
1966 4889 2030 4933 es

2158 4870 2361 4946 γένηται
2405 4866 2504 4934 τὴν
2557 4866 2822 4941 ἓσομένην
2865 4866 2950 4925 ἐπ’
2997 4870 3139 4944 αὐτῷ
3182 4871 3352 4948 κρίσιν
3409 4870 3780 4950 παραλύουσα,

407 4981 444 5025 a
473 4982 762 5027 concessu
793 4961 1007 5025 abesse
1037 4979 1244 5024 eorum
1307 4959 1409 5040 qui
1461 4960 1723 5039 suspecti
1767 4967 1906 5021 sunt
1935 4961 2029 5024 ali-

2160 4960 2266 5036 πρὸς
2313 4958 2372 5013 τὸ
2417 4958 2488 5032 μὸ
2533 4955 2587 5012 ἐν
2646 4955 2765 5034 δίκῃ
2831 4962 3158 5025 πεποιῆσθαι
3203 4957 3412 5034 δοκεῖν,
3459 4959 3610 5016 οῦδὲν
3668 4961 3782 5020 ἐστι

402 5070 577 5133 quos,
2131 5051 2193 5104 τὸ
2238 5048 2436 5104 λυποῦν
2466 5045 2687 5102 ἀπεῖναι
2719 5053 2809 5103 τοῦ
2841 5046 3107 5127 συνεδρίου
3137 5049 3241 5106 τῶν
3275 5048 3329 5105 ἐν
3377 5051 3575 5125 ὑποψίᾳ
3607 5053 3780 5118 τινάς,

463 5139 1012 5204 3.Renuntiationis
1034 5149 1229 5204 autem
1255 5139 1486 5203 libellos
1501 5157 1618 5200 non
1632 5155 1738 5200 sua
1752 5138 2046 5203 voluntate

2212 5136 2295 5216 γ’.
2331 5135 2464 5200 Τούς
2520 5133 2575 5190 δὲ
2631 5139 2731 5202 τῆς
2793 5139 3169 5214 παραιτήσεως
3213 5135 3513 5213 λιϐἐλλους,
3551 5137 3610 5197 οὗ
3646 5143 3784 5198 κατᾶ

407 5230 514 5292 sed
539 5230 718 5293 veluti
737 5231 793 5292 vi
813 5250 880 5293 ac
905 5240 1088 5305 metu,
1121 5239 1179 5294 et
1204 5231 1534 5311 aliquorum
1556 5228 1734 5290 minis
1763 5246 1829 5291 se
1851 5229 2029 5290 tradi-

2161 5226 2435 5305 τροαίρεσιν
2469 5225 2688 5298 οἰκείαν,
2738 5223 2860 5281 ἀλλ’
2919 5227 2994 5290 ὡς
3047 5224 3099 5293 ἐξ
3156 5227 3397 5306 ἀνάγκης
3457 5229 3552 5286 καί
3612 5228 3783 5310 φόϐου

398 5319 560 5382 disse
581 5320 885 5382 dicit.Jam
907 5339 1045 5383 vero
1071 5321 1184 5382 alia
1206 5338 1441 5402 quoque
1461 5336 1558 5380 res
1581 5326 1834 5398 est,quaa
1849 5319 2020 5381 eccle'

2157 5318 2208 5374 αὶ
2239 5321 2339 5383 τῆς
2391 5339 2549 5373 τινων
2593 5313 2850 5390 ἀπειλῆς,
2885 5313 3160 5374 ἐπιδοῦναι
3194 5339 3327 5397 φησι
3360 5332 3376 5349 ⁸
3442 5320 3531 5375 καὶ
3578 5319 3773 5398 ἑτέρως

401 5409 654 5471 siasticae
704 5408 1129 5472 consuetudini
1163 5428 1282 5471 non
1333 5408 1548 5489 placet,
1579 5407 1794 5470 offerre
1827 5427 2023 5470 sacer-

2154 5407 2195 5482 ὲ,
2231 5407 2457 5484 πρᾶγμά
2514 5405 2655 5462 ἐστιν
2706 5405 2823 5462 οὔτε
2857 5418 2976 5469 τοῖς
3012 5409 3112 5476 τῆς
3160 5405 3487 5474 Ἐκκλησίας
3547 5407 3776 5488 ἀρέσκον

395 5499 566 5560 dotes
596 5502 826 5580 aliquos
860 5496 1322 5561 renuntiationis
1349 5497 1602 5559 libellos.
1640 5498 1790 5560 Nam
1823 5498 1872 5558 si
1895 5515 2017 5560 eum

2153 5509 2368 5575 εσμοῖς,
2402 5496 2464 5552 τὸ
2510 5492 2790 5559 λιϐἐλλους
2843 5496 3222 5572 παραιτήσεως
3264 5495 3558 5576 προσάγειν
3622 5498 3775 5563 τινας

394 5589 559 5666 digni
584 5589 684 5671 qui
708 5606 879 5650 sacra
919 5587 1204 5668 mysteria
1233 5587 1472 5662 obeant,
1507 5586 1570 5647 in
1604 5586 1678 5647 iis
1710 5597 2016 5664 maneant;

2146 5588 2574 5664 ὠνξὶερουργῶν.
2609 5587 2667 5642 Εἰ
2723 5585 2825 5662 γάρ
2883 5585 3016 5642 εἰσιν
3079 5582 3214 5650 ἄξιοι
3253 5593 3347 5644 τοῦ
3395 5584 3768 5670 λειτουργεῖν,

385 5678 481 5742 sin
501 5687 703 5743 autem
731 5677 1114 5760 indigni,uec
1134 5694 1244 5761 per
1257 5676 1760 5742 renuntiationem
1785 5677 2007 5759 quiderr

2139 5699 2352 5737 στωσαν
2383 5677 2438 5734 ἐν
2485 5675 2657 5750 τούτῴ
2688 5693 2704 5712 °
2752 5675 2799 5731 εί
2841 5671 2897 5732 δὲ
2939 5672 3142 5741 ἀνάξιοι
3202 5674 3282 5753 μὴ
3326 5674 3433 5738 ἀπὸ
3477 5679 3759 5758 παραιτή..
