  <div class='ocr_page' id='page_1' title='image "/cluster/home/n/w/nwhite01/storage/ocr_20150623/104/hvd.32044073502163/266.png"; bbox 0 0 4108 6222; ppageno 0'>
   <div class='ocr_carea' id='block_1_1' title="bbox 257 351 3622 444">
    <p class='ocr_par' dir='ltr' id='par_1_1' title="bbox 257 351 3622 444">
     <span class='ocr_line' id='line_1_1' title="bbox 257 351 3622 444; baseline 0.001 -21"><span class='ocrx_word' id='word_1_1' title='bbox 257 352 378 423; x_wconf 75' lang='lat'><strong>493</strong></span> <span class='ocrx_word' id='word_1_2' title='bbox 1029 354 1442 425; x_wconf 83' lang='lat' dir='ltr'><strong>SYNTAGMA</strong></span> <span class='ocrx_word' id='word_1_3' title='bbox 1484 352 1878 428; x_wconf 81' lang='lat' dir='ltr'><strong>CANONUM.</strong></span> <span class='ocrx_word' id='word_1_4' title='bbox 1934 399 2005 409; x_wconf 91' lang='grc'><strong>--</strong></span> <span class='ocrx_word' id='word_1_5' title='bbox 2055 354 2207 427; x_wconf 85' lang='lat' dir='ltr'><strong>TlT.</strong></span> <span class='ocrx_word' id='word_1_6' title='bbox 2253 366 2303 444; x_wconf 84' lang='lat'><strong>1,</strong></span> <span class='ocrx_word' id='word_1_7' title='bbox 2348 360 2511 428; x_wconf 82' lang='lat' dir='ltr'><strong>CAP.</strong></span> <span class='ocrx_word' id='word_1_8' title='bbox 2558 360 2666 441; x_wconf 86' lang='lat' dir='ltr'><strong>v1,</strong></span> <span class='ocrx_word' id='word_1_9' title='bbox 2712 355 2850 425; x_wconf 85' lang='lat' dir='ltr'><strong>vn.</strong></span> <span class='ocrx_word' id='word_1_10' title='bbox 3504 351 3622 425; x_wconf 73' lang='lat'><strong>494</strong></span> 
     </span>
    </p>
   </div>
   <div class='ocr_carea' id='block_1_2' title="bbox 249 489 1898 579">
    <p class='ocr_par' dir='ltr' id='par_1_2' title="bbox 249 491 1894 578">
     <span class='ocr_line' id='line_1_2' title="bbox 249 491 1894 578; baseline 0.004 -28"><span class='ocrx_word' id='word_1_11' title='bbox 249 515 392 557; x_wconf 88' lang='grc' dir='ltr'><strong>σεως</strong></span> <span class='ocrx_word' id='word_1_12' title='bbox 455 491 728 567; x_wconf 78' lang='grc' dir='ltr'><strong>ἑξίτωσαν,</strong></span> <span class='ocrx_word' id='word_1_13' title='bbox 766 495 1194 573; x_wconf 81' lang='grc' dir='ltr'><strong>κατεγνωσμένοι</strong></span> <span class='ocrx_word' id='word_1_14' title='bbox 1249 492 1305 551; x_wconf 76' lang='grc' dir='ltr'><strong>δὲ</strong></span> <span class='ocrx_word' id='word_1_15' title='bbox 1356 493 1562 565; x_wconf 82' lang='grc' dir='ltr'><strong>μᾶλλον</strong></span> <span class='ocrx_word' id='word_1_16' title='bbox 1610 496 1695 554; x_wconf 76' lang='grc' dir='ltr'><strong>ἐπὶ</strong></span> <span class='ocrx_word' id='word_1_17' title='bbox 1751 500 1894 578; x_wconf 73' lang='grc' dir='ltr'><strong>πρᾴ-</strong></span> 
     </span>
    </p>
   </div>
   <div class='ocr_carea' id='block_1_3' title="bbox 1997 489 3672 579">
    <p class='ocr_par' dir='ltr' id='par_1_3' title="bbox 1997 489 3672 579">
     <span class='ocr_line' id='line_1_3' title="bbox 1997 489 3672 579; baseline -0.002 -17"><span class='ocrx_word' id='word_1_18' title='bbox 1997 506 2214 574; x_wconf 72' lang='lat' dir='ltr'><strong>ixeant,</strong></span> <span class='ocrx_word' id='word_1_19' title='bbox 2250 497 2357 560; x_wconf 90' lang='lat' dir='ltr'><strong>sed</strong></span> <span class='ocrx_word' id='word_1_20' title='bbox 2390 496 2591 579; x_wconf 91' lang='lat' dir='ltr'><strong>potius</strong></span> <span class='ocrx_word' id='word_1_21' title='bbox 2623 503 2872 577; x_wconf 80' lang='lat' dir='ltr'><strong>pmpter</strong></span> <span class='ocrx_word' id='word_1_22' title='bbox 2918 502 3086 575; x_wconf 77' lang='lat' dir='ltr'><strong>gesta</strong></span> <span class='ocrx_word' id='word_1_23' title='bbox 3116 489 3524 571; x_wconf 80' lang='lat' dir='ltr'><strong>condemnati,</strong></span> <span class='ocrx_word' id='word_1_24' title='bbox 3550 494 3626 558; x_wconf 90' lang='lat' dir='ltr'><strong>de</strong></span> <span class='ocrx_word' id='word_1_25' title='bbox 3666 528 3672 535; x_wconf 68' lang='grc' dir='ltr'><strong>ι</strong></span> 
     </span>
    </p>
   </div>
   <div class='ocr_carea' id='block_1_4' title="bbox 249 583 1898 669">
    <p class='ocr_par' dir='ltr' id='par_1_4' title="bbox 249 583 1898 660">
     <span class='ocr_line' id='line_1_4' title="bbox 249 583 1898 660; baseline 0.003 -22"><span class='ocrx_word' id='word_1_26' title='bbox 249 605 456 660; x_wconf 81' lang='grc' dir='ltr'><strong>γμασιν</strong></span> <span class='ocrx_word' id='word_1_27' title='bbox 489 604 505 620; x_wconf 81' lang='grc' dir='ltr'><strong>ο</strong></span> <span class='ocrx_word' id='word_1_28' title='bbox 559 586 635 638; x_wconf 81' lang='grc' dir='ltr'><strong>ὧν</strong></span> <span class='ocrx_word' id='word_1_29' title='bbox 693 583 757 638; x_wconf 79' lang='grc' dir='ltr'><strong>ἄν</strong></span> <span class='ocrx_word' id='word_1_30' title='bbox 815 606 897 648; x_wconf 83' lang='grc' dir='ltr'><strong>τις</strong></span> <span class='ocrx_word' id='word_1_31' title='bbox 931 583 1141 652; x_wconf 76' lang='grc' dir='ltr'><strong>πολλὴν</strong></span> <span class='ocrx_word' id='word_1_32' title='bbox 1171 584 1466 650; x_wconf 75' lang='grc' dir='ltr'><strong>ποιιίσαιτο</strong></span> <span class='ocrx_word' id='word_1_33' title='bbox 1494 588 1594 654; x_wconf 76' lang='grc' dir='ltr'><strong>τὴν</strong></span> <span class='ocrx_word' id='word_1_34' title='bbox 1626 586 1898 656; x_wconf 71' lang='grc' dir='ltr'><strong>καταϐοὴν</strong></span> 
     </span>
    </p>
   </div>
   <div class='ocr_carea' id='block_1_5' title="bbox 1997 583 3624 669">
    <p class='ocr_par' dir='ltr' id='par_1_5' title="bbox 1997 584 3624 669">
     <span class='ocr_line' id='line_1_5' title="bbox 1997 584 3624 669; baseline -0.002 -19"><span class='ocrx_word' id='word_1_35' title='bbox 1997 589 2204 667; x_wconf 69' lang='lat' dir='ltr'><strong>quibus</strong></span> <span class='ocrx_word' id='word_1_36' title='bbox 2235 589 2552 669; x_wconf 83' lang='lat' dir='ltr'><strong>quisquam</strong></span> <span class='ocrx_word' id='word_1_37' title='bbox 2585 593 2952 667; x_wconf 88' lang='lat' dir='ltr'><strong>conquestus</strong></span> <span class='ocrx_word' id='word_1_38' title='bbox 3001 584 3183 647; x_wconf 79' lang='lat' dir='ltr'><strong>fuerit</strong></span> <span class='ocrx_word' id='word_1_39' title='bbox 3240 585 3324 646; x_wconf 90' lang='lat' dir='ltr'><strong>uti</strong></span> <span class='ocrx_word' id='word_1_40' title='bbox 3376 602 3412 646; x_wconf 82' lang='lat' dir='ltr'><strong>a</strong></span> <span class='ocrx_word' id='word_1_41' title='bbox 3458 592 3624 647; x_wconf 89' lang='lat' dir='ltr'><strong>recto</strong></span> 
     </span>
    </p>
   </div>
   <div class='ocr_carea' id='block_1_6' title="bbox 254 671 1898 757">
    <p class='ocr_par' dir='ltr' id='par_1_6' title="bbox 254 671 1898 755">
     <span class='ocr_line' id='line_1_6' title="bbox 254 671 1898 755; baseline 0.003 -28"><span class='ocrx_word' id='word_1_42' title='bbox 254 674 328 733; x_wconf 83' lang='grc' dir='ltr'><strong>ὡς</strong></span> <span class='ocrx_word' id='word_1_43' title='bbox 377 671 479 737; x_wconf 75' lang='grc' dir='ltr'><strong>ἔξω</strong></span> <span class='ocrx_word' id='word_1_44' title='bbox 524 673 830 752; x_wconf 75' lang='grc' dir='ltr'><strong>τρεχόντων</strong></span> <span class='ocrx_word' id='word_1_45' title='bbox 874 674 1053 740; x_wconf 66' lang='grc' dir='ltr'><strong>πάσης</strong></span> <span class='ocrx_word' id='word_1_46' title='bbox 1102 673 1439 739; x_wconf 82' lang='grc' dir='ltr'><strong>ἀκολουθίας,</strong></span> <span class='ocrx_word' id='word_1_47' title='bbox 1492 677 1758 755; x_wconf 82' lang='grc' dir='ltr'><strong>Πρόσειπε</strong></span> <span class='ocrx_word' id='word_1_48' title='bbox 1798 679 1898 745; x_wconf 77' lang='grc' dir='ltr'><strong>τὴν</strong></span> 
     </span>
    </p>
   </div>
   <div class='ocr_carea' id='block_1_7' title="bbox 1997 671 3626 757">
    <p class='ocr_par' dir='ltr' id='par_1_7' title="bbox 1997 673 3626 757">
     <span class='ocr_line' id='line_1_7' title="bbox 1997 673 3626 757; baseline -0.002 -17"><span class='ocrx_word' id='word_1_49' title='bbox 1997 678 2197 740; x_wconf 75' lang='grc' dir='ltr'><strong>πίίὶηθ</strong></span> <span class='ocrx_word' id='word_1_50' title='bbox 2242 675 2687 740; x_wconf 81' lang='lat' dir='ltr'><strong>aberrantibus.</strong></span> <span class='ocrx_word' id='word_1_51' title='bbox 2750 674 2955 738; x_wconf 89' lang='lat' dir='ltr'><strong>Saluta</strong></span> <span class='ocrx_word' id='word_1_52' title='bbox 3005 673 3442 738; x_wconf 81' lang='lat' dir='ltr'><strong>fraternitatem</strong></span> <span class='ocrx_word' id='word_1_53' title='bbox 3493 692 3626 757; x_wconf 65' lang='lat' dir='ltr'><strong>qua</strong></span> 
     </span>
    </p>
   </div>
   <div class='ocr_carea' id='block_1_8' title="bbox 249 760 1896 845">
    <p class='ocr_par' dir='ltr' id='par_1_8' title="bbox 249 760 1896 845">
     <span class='ocr_line' id='line_1_8' title="bbox 249 760 1896 845; baseline 0.004 -29"><span class='ocrx_word' id='word_1_54' title='bbox 249 761 401 836; x_wconf 79' lang='grc' dir='ltr'><strong>παρὰ</strong></span> <span class='ocrx_word' id='word_1_55' title='bbox 425 762 509 818; x_wconf 80' lang='grc' dir='ltr'><strong>σοὶ</strong></span> <span class='ocrx_word' id='word_1_56' title='bbox 544 760 883 841; x_wconf 73' lang='grc' dir='ltr'><strong>ἀδελφότητα</strong></span> <span class='ocrx_word' id='word_1_57' title='bbox 910 781 925 798; x_wconf 89' lang='grc'><strong>·</strong></span> <span class='ocrx_word' id='word_1_58' title='bbox 987 762 1046 818; x_wconf 80' lang='grc' dir='ltr'><strong>σὲ</strong></span> <span class='ocrx_word' id='word_1_59' title='bbox 1078 764 1113 831; x_wconf 77' lang='grc' dir='ltr'><strong>ἡ</strong></span> <span class='ocrx_word' id='word_1_60' title='bbox 1145 765 1236 819; x_wconf 72' lang='grc' dir='ltr'><strong>σὺν</strong></span> <span class='ocrx_word' id='word_1_61' title='bbox 1266 764 1404 840; x_wconf 73' lang='grc' dir='ltr'><strong>ἡμῖν</strong></span> <span class='ocrx_word' id='word_1_62' title='bbox 1436 765 1491 820; x_wconf 79' lang='grc' dir='ltr'><strong>ἐν</strong></span> <span class='ocrx_word' id='word_1_63' title='bbox 1524 766 1696 845; x_wconf 80' lang='grc' dir='ltr'>Κυρίῳ</span> <span class='ocrx_word' id='word_1_64' title='bbox 1724 788 1896 845; x_wconf 87' lang='grc' dir='ltr'><strong>προσ-</strong></span> 
     </span>
    </p>
   </div>
   <div class='ocr_carea' id='block_1_9' title="bbox 248 850 521 927">
    <p class='ocr_par' dir='ltr' id='par_1_9' title="bbox 248 850 521 927">
     <span class='ocr_line' id='line_1_9' title="bbox 248 850 521 927; baseline 0.004 -22"><span class='ocrx_word' id='word_1_65' title='bbox 248 850 521 927; x_wconf 76' lang='grc' dir='ltr'><strong>αγορεόει,</strong></span> 
     </span>
    </p>
   </div>
   <div class='ocr_carea' id='block_1_10' title="bbox 249 938 1892 1019">
    <p class='ocr_par' dir='ltr' id='par_1_10' title="bbox 249 938 1892 1019">
     <span class='ocr_line' id='line_1_10' title="bbox 249 938 1892 1019; baseline 0.004 -24"><span class='ocrx_word' id='word_1_66' title='bbox 249 946 361 996; x_wconf 79' lang='grc' dir='ltr'><strong>Τοῦ</strong></span> <span class='ocrx_word' id='word_1_67' title='bbox 400 940 560 999; x_wconf 74' lang='grc' dir='ltr'><strong>αὑτοῦ</strong></span> <span class='ocrx_word' id='word_1_68' title='bbox 603 940 662 995; x_wconf 75' lang='grc' dir='ltr'><strong>ἐκ</strong></span> <span class='ocrx_word' id='word_1_69' title='bbox 704 940 803 1006; x_wconf 76' lang='grc' dir='ltr'><strong>τῆς</strong></span> <span class='ocrx_word' id='word_1_70' title='bbox 873 941 1007 1019; x_wconf 82' lang='grc' dir='ltr'><strong>πρὸς</strong></span> <span class='ocrx_word' id='word_1_71' title='bbox 1064 939 1118 995; x_wconf 81' lang='grc' dir='ltr'><strong>ὲν</strong></span> <span class='ocrx_word' id='word_1_72' title='bbox 1177 938 1345 1017; x_wconf 77' lang='grc' dir='ltr'>Λιϐύῃ</span> <span class='ocrx_word' id='word_1_73' title='bbox 1405 941 1493 997; x_wconf 81' lang='grc' dir='ltr'><strong>καὶ</strong></span> <span class='ocrx_word' id='word_1_74' title='bbox 1565 943 1892 1001; x_wconf 87' lang='grc' dir='ltr'><strong>Πενταπόλει</strong></span> 
     </span>
    </p>
   </div>
   <div class='ocr_carea' id='block_1_11' title="bbox 528 1029 1631 1109">
    <p class='ocr_par' dir='ltr' id='par_1_11' title="bbox 528 1029 1631 1109">
     <span class='ocr_line' id='line_1_11' title="bbox 528 1029 1631 1109; baseline 0.005 -24"><span class='ocrx_word' id='word_1_75' title='bbox 528 1030 855 1095; x_wconf 79' lang='grc' dir='ltr'><strong>ἐπισκόπους</strong></span> <span class='ocrx_word' id='word_1_76' title='bbox 900 1029 1209 1100; x_wconf 75' lang='grc' dir='ltr'><strong>ἐπιστολῆς,</strong></span> <span class='ocrx_word' id='word_1_77' title='bbox 1256 1031 1429 1087; x_wconf 88' lang='grc' dir='ltr'><strong>κανὼν</strong></span> <span class='ocrx_word' id='word_1_78' title='bbox 1463 1030 1518 1086; x_wconf 75' lang='grc' dir='ltr'><strong>α’</strong></span> <span class='ocrx_word' id='word_1_79' title='bbox 1557 1031 1631 1109; x_wconf 89' lang='grc' dir='ltr'><strong>γ’.</strong></span> 
     </span>
    </p>
   </div>
   <div class='ocr_carea' id='block_1_12' title="bbox 338 1119 1895 1197">
    <p class='ocr_par' dir='ltr' id='par_1_12' title="bbox 338 1119 1895 1197">
     <span class='ocr_line' id='line_1_12' title="bbox 338 1119 1895 1197; baseline 0.001 -22"><span class='ocrx_word' id='word_1_80' title='bbox 338 1120 414 1179; x_wconf 80' lang='grc' dir='ltr'><strong>α’.</strong></span> <span class='ocrx_word' id='word_1_81' title='bbox 458 1120 661 1177; x_wconf 80' lang='grc' dir='ltr'><strong>Νεωστὶ</strong></span> <span class='ocrx_word' id='word_1_82' title='bbox 716 1120 1092 1197; x_wconf 68' lang='grc' dir='ltr'><strong>γεγαμηκότες</strong></span> <span class='ocrx_word' id='word_1_83' title='bbox 1134 1119 1301 1192; x_wconf 65' lang='grc' dir='ltr'><strong>τινες,</strong></span> <span class='ocrx_word' id='word_1_84' title='bbox 1353 1121 1442 1176; x_wconf 85' lang='grc' dir='ltr'><strong>καὶ</strong></span> <span class='ocrx_word' id='word_1_85' title='bbox 1490 1121 1610 1178; x_wconf 74' lang='grc' dir='ltr'><strong>οἷον</strong></span> <span class='ocrx_word' id='word_1_86' title='bbox 1641 1120 1692 1189; x_wconf 77' lang='grc' dir='ltr'>ἐξ</span> <span class='ocrx_word' id='word_1_87' title='bbox 1722 1124 1895 1180; x_wconf 77' lang='grc' dir='ltr'><strong>αὖτῶν</strong></span> 
     </span>
    </p>
   </div>
   <div class='ocr_carea' id='block_1_13' title="bbox 250 1206 1895 1288">
    <p class='ocr_par' dir='ltr' id='par_1_13' title="bbox 250 1206 1895 1288">
     <span class='ocr_line' id='line_1_13' title="bbox 250 1206 1895 1288; baseline 0 -22"><span class='ocrx_word' id='word_1_88' title='bbox 250 1206 583 1274; x_wconf 69' lang='grc' dir='ltr'><strong>καταϐάντες</strong></span> <span class='ocrx_word' id='word_1_89' title='bbox 643 1211 750 1264; x_wconf 83' lang='grc' dir='ltr'><strong>τῶν</strong></span> <span class='ocrx_word' id='word_1_90' title='bbox 805 1209 1121 1288; x_wconf 71' lang='grc' dir='ltr'><strong>νυμιρώνων,</strong></span> <span class='ocrx_word' id='word_1_91' title='bbox 1155 1210 1540 1286; x_wconf 78' lang='grc' dir='ltr'><strong>συναρπάζουσι</strong></span> <span class='ocrx_word' id='word_1_92' title='bbox 1598 1234 1745 1276; x_wconf 86' lang='grc' dir='ltr'><strong>τινας</strong></span> <span class='ocrx_word' id='word_1_93' title='bbox 1789 1219 1895 1269; x_wconf 80' lang='grc' dir='ltr'><strong>τῶν</strong></span> 
     </span>
    </p>
   </div>
   <div class='ocr_carea' id='block_1_14' title="bbox 244 1297 1896 1379">
    <p class='ocr_par' dir='ltr' id='par_1_14' title="bbox 244 1297 1896 1379">
     <span class='ocr_line' id='line_1_14' title="bbox 244 1297 1896 1379; baseline 0.002 -24"><span class='ocrx_word' id='word_1_94' title='bbox 244 1298 679 1376; x_wconf 65' lang='grc' dir='ltr'><strong>θεοφιλεστάτου</strong></span> <span class='ocrx_word' id='word_1_95' title='bbox 710 1298 1042 1375; x_wconf 73' lang='grc' dir='ltr'><strong>ἐπισκόπων,</strong></span> <span class='ocrx_word' id='word_1_96' title='bbox 1096 1300 1186 1354; x_wconf 84' lang='grc' dir='ltr'><strong>καὶ</strong></span> <span class='ocrx_word' id='word_1_97' title='bbox 1226 1297 1437 1361; x_wconf 72' lang='grc' dir='ltr'><strong>οὒδενὸς</strong></span> <span class='ocrx_word' id='word_1_98' title='bbox 1482 1300 1628 1379; x_wconf 72' lang='grc' dir='ltr'><strong>τάχα</strong></span> <span class='ocrx_word' id='word_1_99' title='bbox 1687 1322 1786 1358; x_wconf 84' lang='grc' dir='ltr'><strong>που</strong></span> <span class='ocrx_word' id='word_1_100' title='bbox 1831 1302 1896 1357; x_wconf 75' lang='grc' dir='ltr'><strong>τὰ</strong></span> 
     </span>
    </p>
   </div>
   <div class='ocr_carea' id='block_1_15' title="bbox 250 1385 1893 1469">
    <p class='ocr_par' dir='ltr' id='par_1_15' title="bbox 250 1385 1893 1469">
     <span class='ocr_line' id='line_1_15' title="bbox 250 1385 1893 1469; baseline 0.002 -26"><span class='ocrx_word' id='word_1_101' title='bbox 250 1385 377 1444; x_wconf 86' lang='grc' dir='ltr'><strong>κατ’</strong></span> <span class='ocrx_word' id='word_1_102' title='bbox 422 1387 613 1450; x_wconf 71' lang='grc' dir='ltr'><strong>αὖτοὺς</strong></span> <span class='ocrx_word' id='word_1_103' title='bbox 668 1385 1128 1464; x_wconf 80' lang='grc' dir='ltr'><strong>ἀπαγγέλλοντος,</strong></span> <span class='ocrx_word' id='word_1_104' title='bbox 1206 1388 1640 1466; x_wconf 72' lang='grc' dir='ltr'><strong>χειροτονοῦνται</strong></span> <span class='ocrx_word' id='word_1_105' title='bbox 1700 1390 1893 1469; x_wconf 83' lang='grc' dir='ltr'><strong>κληρι-</strong></span> 
     </span>
    </p>
   </div>
   <div class='ocr_carea' id='block_1_16' title="bbox 253 1472 943 1554">
    <p class='ocr_par' dir='ltr' id='par_1_16' title="bbox 253 1472 943 1554">
     <span class='ocr_line' id='line_1_16' title="bbox 253 1472 943 1554; baseline 0 -21"><span class='ocrx_word' id='word_1_106' title='bbox 253 1478 339 1533; x_wconf 77' lang='grc' dir='ltr'><strong>κοὶ</strong></span> <span class='ocrx_word' id='word_1_107' title='bbox 382 1475 549 1554; x_wconf 73' lang='grc' dir='ltr'><strong>ἤγουν</strong></span> <span class='ocrx_word' id='word_1_108' title='bbox 577 1472 918 1551; x_wconf 74' lang='grc' dir='ltr'><strong>πρεσϐύτεροι</strong></span> <span class='ocrx_word' id='word_1_109' title='bbox 929 1519 943 1533; x_wconf 93' lang='grc'><strong>.</strong></span> 
     </span>
    </p>
   </div>
   <div class='ocr_carea' id='block_1_17' title="bbox 335 1563 1895 1648">
    <p class='ocr_par' dir='ltr' id='par_1_17' title="bbox 335 1563 1895 1648">
     <span class='ocr_line' id='line_1_17' title="bbox 335 1563 1895 1648; baseline 0.001 -26"><span class='ocrx_word' id='word_1_110' title='bbox 335 1566 414 1643; x_wconf 87' lang='grc' dir='ltr'><strong>γ’.</strong></span> <span class='ocrx_word' id='word_1_111' title='bbox 454 1563 677 1631; x_wconf 79' lang='grc' dir='ltr'><strong>Ἐπειδὴ</strong></span> <span class='ocrx_word' id='word_1_112' title='bbox 738 1565 910 1620; x_wconf 72' lang='grc' dir='ltr'><strong>τοίνυν</strong></span> <span class='ocrx_word' id='word_1_113' title='bbox 954 1566 1086 1641; x_wconf 83' lang='grc' dir='ltr'><strong>πρὸς</strong></span> <span class='ocrx_word' id='word_1_114' title='bbox 1131 1564 1440 1646; x_wconf 73' lang='grc' dir='ltr'><strong>οἰκοδομὴν,</strong></span> <span class='ocrx_word' id='word_1_115' title='bbox 1491 1568 1564 1630; x_wconf 87' lang='grc' dir='ltr'><strong>ὡς</strong></span> <span class='ocrx_word' id='word_1_116' title='bbox 1597 1567 1756 1648; x_wconf 75' lang='grc' dir='ltr'><strong>ἔφην,</strong></span> <span class='ocrx_word' id='word_1_117' title='bbox 1788 1573 1895 1625; x_wconf 85' lang='grc' dir='ltr'><strong>τῶν</strong></span> 
     </span>
    </p>
   </div>
   <div class='ocr_carea' id='block_1_18' title="bbox 252 1654 1896 1735">
    <p class='ocr_par' dir='ltr' id='par_1_18' title="bbox 252 1654 1896 1735">
     <span class='ocr_line' id='line_1_18' title="bbox 252 1654 1896 1735; baseline 0.001 -23"><span class='ocrx_word' id='word_1_118' title='bbox 252 1655 398 1713; x_wconf 72' lang='grc' dir='ltr'><strong>λαῶν</strong></span> <span class='ocrx_word' id='word_1_119' title='bbox 428 1656 603 1713; x_wconf 72' lang='grc' dir='ltr'><strong>πάντα</strong></span> <span class='ocrx_word' id='word_1_120' title='bbox 665 1655 777 1733; x_wconf 76' lang='grc' dir='ltr'><strong>χρὴ</strong></span> <span class='ocrx_word' id='word_1_121' title='bbox 834 1654 1155 1732; x_wconf 82' lang='grc' dir='ltr'><strong>πράττεσθαι</strong></span> <span class='ocrx_word' id='word_1_122' title='bbox 1207 1654 1332 1733; x_wconf 83' lang='grc' dir='ltr'><strong>παρ’</strong></span> <span class='ocrx_word' id='word_1_123' title='bbox 1363 1657 1541 1730; x_wconf 80' lang='grc' dir='ltr'><strong>ἡμῶν,</strong></span> <span class='ocrx_word' id='word_1_124' title='bbox 1576 1657 1896 1735; x_wconf 78' lang='grc' dir='ltr'><strong>ἐπιτηρείτω</strong></span> 
     </span>
    </p>
   </div>
   <div class='ocr_carea' id='block_1_19' title="bbox 251 1741 1894 1825">
    <p class='ocr_par' dir='ltr' id='par_1_19' title="bbox 251 1741 1894 1825">
     <span class='ocr_line' id='line_1_19' title="bbox 251 1741 1894 1825; baseline 0.001 -24"><span class='ocrx_word' id='word_1_125' title='bbox 251 1751 420 1801; x_wconf 83' lang='grc' dir='ltr'><strong>ταῦτα</strong></span> <span class='ocrx_word' id='word_1_126' title='bbox 455 1745 487 1812; x_wconf 75' lang='grc' dir='ltr'>ἦ</span> <span class='ocrx_word' id='word_1_127' title='bbox 529 1741 802 1800; x_wconf 77' lang='grc' dir='ltr'><strong>θεοσέϐεια</strong></span> <span class='ocrx_word' id='word_1_128' title='bbox 842 1744 1014 1818; x_wconf 77' lang='grc' dir='ltr'><strong>ὑμῶν,</strong></span> <span class='ocrx_word' id='word_1_129' title='bbox 1048 1744 1136 1799; x_wconf 78' lang='grc' dir='ltr'><strong>καὶ</strong></span> <span class='ocrx_word' id='word_1_130' title='bbox 1196 1745 1240 1799; x_wconf 85' lang='grc' dir='ltr'><strong>εἶ</strong></span> <span class='ocrx_word' id='word_1_131' title='bbox 1284 1743 1471 1815; x_wconf 80' lang='grc' dir='ltr'><strong>μέλλοι</strong></span> <span class='ocrx_word' id='word_1_132' title='bbox 1511 1766 1590 1807; x_wconf 90' lang='grc' dir='ltr'><strong>τις</strong></span> <span class='ocrx_word' id='word_1_133' title='bbox 1637 1767 1894 1825; x_wconf 86' lang='grc' dir='ltr'><strong>χειροτο-</strong></span> 
     </span>
    </p>
   </div>
   <div class='ocr_carea' id='block_1_20' title="bbox 255 1831 1896 1911">
    <p class='ocr_par' dir='ltr' id='par_1_20' title="bbox 255 1831 1896 1911">
     <span class='ocr_line' id='line_1_20' title="bbox 255 1831 1896 1911; baseline 0.002 -22"><span class='ocrx_word' id='word_1_134' title='bbox 255 1838 467 1891; x_wconf 80' lang='grc' dir='ltr'><strong>νεῖσθαι</strong></span> <span class='ocrx_word' id='word_1_135' title='bbox 525 1831 803 1911; x_wconf 83' lang='grc' dir='ltr'><strong>κληρικὸς,</strong></span> <span class='ocrx_word' id='word_1_136' title='bbox 892 1832 1319 1911; x_wconf 74' lang='grc' dir='ltr'><strong>περιεργαζέσθω</strong></span> <span class='ocrx_word' id='word_1_137' title='bbox 1404 1834 1497 1889; x_wconf 78' lang='grc' dir='ltr'><strong>τόν</strong></span> <span class='ocrx_word' id='word_1_138' title='bbox 1560 1835 1673 1911; x_wconf 79' lang='grc' dir='ltr'><strong>βῖον</strong></span> <span class='ocrx_word' id='word_1_139' title='bbox 1737 1837 1896 1892; x_wconf 77' lang='grc' dir='ltr'><strong>αὐτοῦ</strong></span> 
     </span>
    </p>
   </div>
   <div class='ocr_carea' id='block_1_21' title="bbox 254 1921 1898 2000">
    <p class='ocr_par' dir='ltr' id='par_1_21' title="bbox 254 1921 1898 2000">
     <span class='ocr_line' id='line_1_21' title="bbox 254 1921 1898 2000; baseline 0.001 -20"><span class='ocrx_word' id='word_1_140' title='bbox 254 1926 347 1980; x_wconf 79' lang='grc' dir='ltr'><strong>καὶ</strong></span> <span class='ocrx_word' id='word_1_141' title='bbox 381 1922 608 2000; x_wconf 87' lang='grc' dir='ltr'><strong>πότερον</strong></span> <span class='ocrx_word' id='word_1_142' title='bbox 654 1942 783 1978; x_wconf 89' lang='grc' dir='ltr'><strong>ποτε</strong></span> <span class='ocrx_word' id='word_1_143' title='bbox 812 1921 1055 1999; x_wconf 74' lang='grc' dir='ltr'><strong>γαμετὴν</strong></span> <span class='ocrx_word' id='word_1_144' title='bbox 1086 1921 1203 1999; x_wconf 77' lang='grc' dir='ltr'><strong>ἔχει</strong></span> <span class='ocrx_word' id='word_1_145' title='bbox 1232 1921 1267 1988; x_wconf 75' lang='grc' dir='ltr'><strong>ἤ</strong></span> <span class='ocrx_word' id='word_1_146' title='bbox 1308 1921 1391 1996; x_wconf 67' lang='grc' dir='ltr'><strong>οὔ,</strong></span> <span class='ocrx_word' id='word_1_147' title='bbox 1422 1924 1512 1978; x_wconf 84' lang='grc' dir='ltr'><strong>καὶ</strong></span> <span class='ocrx_word' id='word_1_148' title='bbox 1542 1929 1654 1988; x_wconf 82' lang='grc' dir='ltr'><strong>πῶς</strong></span> <span class='ocrx_word' id='word_1_149' title='bbox 1682 1923 1717 1991; x_wconf 72' lang='grc' dir='ltr'>ἦ</span> <span class='ocrx_word' id='word_1_150' title='bbox 1770 1927 1898 1981; x_wconf 87' lang='grc' dir='ltr'><strong>πότε</strong></span> 
     </span>
    </p>
   </div>
   <div class='ocr_carea' id='block_1_22' title="bbox 253 2009 1897 2088">
    <p class='ocr_par' dir='ltr' id='par_1_22' title="bbox 253 2009 1897 2088">
     <span class='ocr_line' id='line_1_22' title="bbox 253 2009 1897 2088; baseline 0 -21"><span class='ocrx_word' id='word_1_151' title='bbox 253 2011 515 2088; x_wconf 70' lang='grc' dir='ltr'><strong>ἠγάγετο,</strong></span> <span class='ocrx_word' id='word_1_152' title='bbox 550 2010 639 2065; x_wconf 79' lang='grc' dir='ltr'><strong>καὶ</strong></span> <span class='ocrx_word' id='word_1_153' title='bbox 668 2010 714 2065; x_wconf 86' lang='grc' dir='ltr'><strong>εἰ</strong></span> <span class='ocrx_word' id='word_1_154' title='bbox 745 2009 1046 2087; x_wconf 72' lang='grc' dir='ltr'><strong>ἀπέσχετο,</strong></span> <span class='ocrx_word' id='word_1_155' title='bbox 1079 2012 1173 2065; x_wconf 89' lang='grc' dir='ltr'><strong>καὶ</strong></span> <span class='ocrx_word' id='word_1_156' title='bbox 1204 2012 1249 2066; x_wconf 82' lang='grc' dir='ltr'><strong>εἰ</strong></span> <span class='ocrx_word' id='word_1_157' title='bbox 1282 2012 1357 2084; x_wconf 77' lang='grc' dir='ltr'><strong>μή</strong></span> <span class='ocrx_word' id='word_1_158' title='bbox 1391 2032 1480 2075; x_wconf 85' lang='grc' dir='ltr'><strong>τις</strong></span> <span class='ocrx_word' id='word_1_159' title='bbox 1512 2011 1622 2067; x_wconf 81' lang='grc' dir='ltr'><strong>ἑστῖ</strong></span> <span class='ocrx_word' id='word_1_160' title='bbox 1653 2017 1757 2066; x_wconf 82' lang='grc' dir='ltr'><strong>τῶν</strong></span> <span class='ocrx_word' id='word_1_161' title='bbox 1802 2012 1897 2067; x_wconf 81' lang='grc' dir='ltr'><strong>ὲκ-</strong></span> 
     </span>
    </p>
   </div>
   <div class='ocr_carea' id='block_1_23' title="bbox 255 2096 1898 2176">
    <p class='ocr_par' dir='ltr' id='par_1_23' title="bbox 255 2096 1898 2176">
     <span class='ocr_line' id='line_1_23' title="bbox 255 2096 1898 2176; baseline 0 -19"><span class='ocrx_word' id='word_1_162' title='bbox 255 2096 629 2175; x_wconf 74' lang='grc' dir='ltr'><strong>εεϐλημένων,</strong></span> <span class='ocrx_word' id='word_1_163' title='bbox 690 2100 725 2166; x_wconf 77' lang='grc' dir='ltr'>ἡ</span> <span class='ocrx_word' id='word_1_164' title='bbox 788 2097 913 2174; x_wconf 83' lang='grc' dir='ltr'><strong>παρ’</strong></span> <span class='ocrx_word' id='word_1_165' title='bbox 970 2099 1150 2176; x_wconf 76' lang='grc' dir='ltr'><strong>ἑτέρου</strong></span> <span class='ocrx_word' id='word_1_166' title='bbox 1200 2097 1615 2157; x_wconf 78' lang='grc' dir='ltr'><strong>θεοσεϐεστάτου</strong></span> <span class='ocrx_word' id='word_1_167' title='bbox 1672 2100 1898 2157; x_wconf 86' lang='grc' dir='ltr'><strong>ἐπισκό-</strong></span> 
     </span>
    </p>
   </div>
   <div class='ocr_carea' id='block_1_24' title="bbox 254 2187 1896 2269">
    <p class='ocr_par' dir='ltr' id='par_1_24' title="bbox 254 2187 1896 2269">
     <span class='ocr_line' id='line_1_24' title="bbox 254 2187 1896 2269; baseline -0.001 -21"><span class='ocrx_word' id='word_1_168' title='bbox 254 2212 385 2264; x_wconf 82' lang='grc' dir='ltr'><strong>που,</strong></span> <span class='ocrx_word' id='word_1_169' title='bbox 459 2187 496 2256; x_wconf 73' lang='grc' dir='ltr'>ἢ</span> <span class='ocrx_word' id='word_1_170' title='bbox 547 2187 608 2244; x_wconf 71' lang='grc' dir='ltr'><strong>ἐκ</strong></span> <span class='ocrx_word' id='word_1_171' title='bbox 667 2188 1038 2265; x_wconf 81' lang='grc' dir='ltr'><strong>μοναστηρῖων</strong></span> <span class='ocrx_word' id='word_1_172' title='bbox 1073 2204 1087 2217; x_wconf 84' lang='grc'><strong>’</strong></span> <span class='ocrx_word' id='word_1_173' title='bbox 1153 2191 1245 2244; x_wconf 81' lang='grc' dir='ltr'><strong>καὶ</strong></span> <span class='ocrx_word' id='word_1_174' title='bbox 1304 2189 1428 2245; x_wconf 89' lang='grc' dir='ltr'><strong>τότε</strong></span> <span class='ocrx_word' id='word_1_175' title='bbox 1497 2192 1896 2269; x_wconf 76' lang='grc' dir='ltr'><strong>χειροτονείτω,</strong></span> 
     </span>
    </p>
   </div>
   <div class='ocr_carea' id='block_1_25' title="bbox 255 2275 1900 2355">
    <p class='ocr_par' dir='ltr' id='par_1_25' title="bbox 255 2275 1900 2355">
     <span class='ocr_line' id='line_1_25' title="bbox 255 2275 1900 2355; baseline -0.001 -19"><span class='ocrx_word' id='word_1_176' title='bbox 255 2276 582 2345; x_wconf 72' lang='grc' dir='ltr'><strong>ἀδιάϐλητον</strong></span> <span class='ocrx_word' id='word_1_177' title='bbox 638 2275 932 2355; x_wconf 79' lang='grc' dir='ltr'><strong>εὑρεθέντα.</strong></span> <span class='ocrx_word' id='word_1_178' title='bbox 995 2278 1331 2353; x_wconf 72' lang='grc' dir='ltr'><strong>Τηρήσωμεν</strong></span> <span class='ocrx_word' id='word_1_179' title='bbox 1382 2278 1482 2355; x_wconf 79' lang='grc' dir='ltr'><strong>γὰρ</strong></span> <span class='ocrx_word' id='word_1_180' title='bbox 1538 2277 1678 2335; x_wconf 51' lang='grc' dir='ltr'><strong>οὕτω</strong></span> <span class='ocrx_word' id='word_1_181' title='bbox 1729 2282 1900 2336; x_wconf 76' lang='grc' dir='ltr'><strong>καθαο</strong></span> 
     </span>
    </p>
   </div>
   <div class='ocr_carea' id='block_1_26' title="bbox 256 2362 1900 2448">
    <p class='ocr_par' dir='ltr' id='par_1_26' title="bbox 256 2362 1900 2448">
     <span class='ocr_line' id='line_1_26' title="bbox 256 2362 1900 2448; baseline -0.001 -24"><span class='ocrx_word' id='word_1_182' title='bbox 256 2370 349 2448; x_wconf 74' lang='grc' dir='ltr'><strong>ρὸν</strong></span> <span class='ocrx_word' id='word_1_183' title='bbox 380 2369 471 2423; x_wconf 82' lang='grc' dir='ltr'><strong>καὶ</strong></span> <span class='ocrx_word' id='word_1_184' title='bbox 516 2368 574 2422; x_wconf 74' lang='grc' dir='ltr'><strong>τὸ</strong></span> <span class='ocrx_word' id='word_1_185' title='bbox 603 2366 810 2422; x_wconf 81' lang='grc' dir='ltr'><strong>ἑαυτῶν</strong></span> <span class='ocrx_word' id='word_1_186' title='bbox 839 2362 1095 2441; x_wconf 82' lang='grc' dir='ltr'><strong>συνειδὸς,</strong></span> <span class='ocrx_word' id='word_1_187' title='bbox 1129 2377 1216 2423; x_wconf 80' lang='grc' dir='ltr'><strong>και</strong></span> <span class='ocrx_word' id='word_1_188' title='bbox 1247 2364 1568 2433; x_wconf 74' lang='grc' dir='ltr'><strong>ἀδιάϐλητον</strong></span> <span class='ocrx_word' id='word_1_189' title='bbox 1615 2369 1715 2434; x_wconf 81' lang='grc' dir='ltr'><strong>την</strong></span> <span class='ocrx_word' id='word_1_190' title='bbox 1758 2368 1900 2447; x_wconf 81' lang='grc' dir='ltr'><strong>ἱερὰν</strong></span> 
     </span>
    </p>
   </div>
   <div class='ocr_carea' id='block_1_27' title="bbox 257 2450 1291 2531">
    <p class='ocr_par' dir='ltr' id='par_1_27' title="bbox 257 2450 1291 2531">
     <span class='ocr_line' id='line_1_27' title="bbox 257 2450 1291 2531; baseline -0.006 -17"><span class='ocrx_word' id='word_1_191' title='bbox 257 2458 351 2514; x_wconf 82' lang='grc' dir='ltr'><strong>καὶ</strong></span> <span class='ocrx_word' id='word_1_192' title='bbox 381 2457 580 2520; x_wconf 70' lang='grc' dir='ltr'><strong>σεπτὴν</strong></span> <span class='ocrx_word' id='word_1_193' title='bbox 611 2454 966 2531; x_wconf 78' lang='grc' dir='ltr'><strong>λειτουργίαν.</strong></span> <span class='ocrx_word' id='word_1_194' title='bbox 1288 2450 1291 2453; x_wconf 54' lang='grc'><em>’</em></span> 
     </span>
    </p>
   </div>
   <div class='ocr_carea' id='block_1_28' title="bbox 463 2546 1691 2624">
    <p class='ocr_par' dir='ltr' id='par_1_28' title="bbox 463 2546 1691 2624">
     <span class='ocr_line' id='line_1_28' title="bbox 463 2546 1691 2624; baseline 0.003 -19"><span class='ocrx_word' id='word_1_195' title='bbox 463 2546 713 2624; x_wconf 77' lang='grc' dir='ltr'><strong>Θεοφίλου</strong></span> <span class='ocrx_word' id='word_1_196' title='bbox 743 2547 804 2602; x_wconf 83' lang='grc' dir='ltr'><strong>ὲκ</strong></span> <span class='ocrx_word' id='word_1_197' title='bbox 837 2553 927 2603; x_wconf 81' lang='grc' dir='ltr'><strong>τοῦ</strong></span> <span class='ocrx_word' id='word_1_198' title='bbox 947 2548 1351 2622; x_wconf 68' lang='grc' dir='ltr'><strong>ὕπομνηστικοῦ</strong></span> <span class='ocrx_word' id='word_1_199' title='bbox 1380 2550 1557 2605; x_wconf 79' lang='grc' dir='ltr'><strong>κανὼν</strong></span> <span class='ocrx_word' id='word_1_200' title='bbox 1586 2547 1691 2623; x_wconf 79' lang='grc' dir='ltr'><strong>ς’.</strong></span> 
     </span>
    </p>
   </div>
   <div class='ocr_carea' id='block_1_29' title="bbox 337 2638 1895 2723">
    <p class='ocr_par' dir='ltr' id='par_1_29' title="bbox 337 2638 1895 2723">
     <span class='ocr_line' id='line_1_29' title="bbox 337 2638 1895 2723; baseline 0.003 -28"><span class='ocrx_word' id='word_1_201' title='bbox 337 2642 443 2716; x_wconf 77' lang='grc' dir='ltr'><strong>ς’,</strong></span> <span class='ocrx_word' id='word_1_202' title='bbox 517 2642 643 2719; x_wconf 62' lang='grc' dir='ltr'><strong>Περὶ</strong></span> <span class='ocrx_word' id='word_1_203' title='bbox 688 2646 793 2696; x_wconf 82' lang='grc' dir='ltr'><strong>τῶν</strong></span> <span class='ocrx_word' id='word_1_204' title='bbox 856 2638 1179 2719; x_wconf 72' lang='grc' dir='ltr'><strong>ὀφειλόντων</strong></span> <span class='ocrx_word' id='word_1_205' title='bbox 1237 2646 1693 2723; x_wconf 73' lang='grc' dir='ltr'><strong>χειροτονεῖσθαι,</strong></span> <span class='ocrx_word' id='word_1_206' title='bbox 1744 2643 1895 2705; x_wconf 77' lang='grc' dir='ltr'><strong>οὗτος</strong></span> 
     </span>
    </p>
   </div>
   <div class='ocr_carea' id='block_1_30' title="bbox 251 2727 1897 2811">
    <p class='ocr_par' dir='ltr' id='par_1_30' title="bbox 251 2727 1897 2811">
     <span class='ocr_line' id='line_1_30' title="bbox 251 2727 1897 2811; baseline -0.001 -23"><span class='ocrx_word' id='word_1_207' title='bbox 251 2731 393 2789; x_wconf 75' lang='grc' dir='ltr'><strong>Ιστω</strong></span> <span class='ocrx_word' id='word_1_208' title='bbox 436 2730 603 2793; x_wconf 79' lang='grc' dir='ltr'><strong>τόπος</strong></span> <span class='ocrx_word' id='word_1_209' title='bbox 639 2747 654 2763; x_wconf 75' lang='grc' dir='ltr'><strong>ο</strong></span> <span class='ocrx_word' id='word_1_210' title='bbox 691 2727 765 2790; x_wconf 79' lang='grc' dir='ltr'><strong>ὥς</strong></span> <span class='ocrx_word' id='word_1_211' title='bbox 798 2749 854 2784; x_wconf 91' lang='grc' dir='ltr'><strong>τε</strong></span> <span class='ocrx_word' id='word_1_212' title='bbox 886 2735 991 2784; x_wconf 80' lang='grc' dir='ltr'><strong>πᾶν</strong></span> <span class='ocrx_word' id='word_1_213' title='bbox 1033 2729 1094 2784; x_wconf 82' lang='grc' dir='ltr'><strong>τὸ</strong></span> <span class='ocrx_word' id='word_1_214' title='bbox 1123 2733 1384 2807; x_wconf 73' lang='grc' dir='ltr'><strong>ἱερατεϊον</strong></span> <span class='ocrx_word' id='word_1_215' title='bbox 1444 2732 1756 2811; x_wconf 77' lang='grc' dir='ltr'><strong>συμφωνεῖν</strong></span> <span class='ocrx_word' id='word_1_216' title='bbox 1809 2732 1897 2788; x_wconf 83' lang='grc' dir='ltr'><strong>καὶ</strong></span> 
     </span>
    </p>
   </div>
   <div class='ocr_carea' id='block_1_31' title="bbox 252 2816 1892 2898">
    <p class='ocr_par' dir='ltr' id='par_1_31' title="bbox 252 2816 1892 2898">
     <span class='ocr_line' id='line_1_31' title="bbox 252 2816 1892 2898; baseline -0.001 -21"><span class='ocrx_word' id='word_1_217' title='bbox 252 2822 550 2898; x_wconf 77' lang='grc' dir='ltr'><strong>αἱρεῖσθαι,</strong></span> <span class='ocrx_word' id='word_1_218' title='bbox 607 2822 695 2874; x_wconf 84' lang='grc' dir='ltr'><strong>καὶ</strong></span> <span class='ocrx_word' id='word_1_219' title='bbox 752 2819 873 2874; x_wconf 85' lang='grc' dir='ltr'><strong>τότε</strong></span> <span class='ocrx_word' id='word_1_220' title='bbox 931 2820 1027 2874; x_wconf 82' lang='grc' dir='ltr'><strong>τὸν</strong></span> <span class='ocrx_word' id='word_1_221' title='bbox 1085 2816 1378 2875; x_wconf 76' lang='grc' dir='ltr'><strong>ἐπίσκοπον</strong></span> <span class='ocrx_word' id='word_1_222' title='bbox 1410 2818 1716 2894; x_wconf 77' lang='grc' dir='ltr'><strong>δοκιμάζειν</strong></span> <span class='ocrx_word' id='word_1_223' title='bbox 1753 2837 1767 2852; x_wconf 83' lang='grc'><strong><em>⁸</em></strong></span> <span class='ocrx_word' id='word_1_224' title='bbox 1799 2822 1892 2876; x_wconf 88' lang='grc' dir='ltr'><strong>καί</strong></span> 
     </span>
    </p>
   </div>
   <div class='ocr_carea' id='block_1_32' title="bbox 252 2909 1897 2988">
    <p class='ocr_par' dir='ltr' id='par_1_32' title="bbox 252 2909 1897 2988">
     <span class='ocr_line' id='line_1_32' title="bbox 252 2909 1897 2988; baseline -0.002 -22"><span class='ocrx_word' id='word_1_225' title='bbox 252 2915 620 2972; x_wconf 65' lang='grc' dir='ltr'><strong>σιδναινοῦντος</strong></span> <span class='ocrx_word' id='word_1_226' title='bbox 702 2909 846 2980; x_wconf 78' lang='grc' dir='ltr'><strong>αὖτῴ</strong></span> <span class='ocrx_word' id='word_1_227' title='bbox 912 2914 1008 2964; x_wconf 84' lang='grc' dir='ltr'><strong>τοῦ</strong></span> <span class='ocrx_word' id='word_1_228' title='bbox 1078 2909 1358 2987; x_wconf 79' lang='grc' dir='ltr'><strong>ἱερατεῖου,</strong></span> <span class='ocrx_word' id='word_1_229' title='bbox 1431 2924 1768 2988; x_wconf 71' lang='grc' dir='ltr'><strong>χειροτονεῖν</strong></span> <span class='ocrx_word' id='word_1_230' title='bbox 1842 2910 1897 2965; x_wconf 72' lang='grc' dir='ltr'><strong>ἓν</strong></span> 
     </span>
    </p>
   </div>
   <div class='ocr_carea' id='block_1_33' title="bbox 253 2996 1896 3080">
    <p class='ocr_par' dir='ltr' id='par_1_33' title="bbox 253 2996 1896 3080">
     <span class='ocr_line' id='line_1_33' title="bbox 253 2996 1896 3080; baseline -0.001 -24"><span class='ocrx_word' id='word_1_231' title='bbox 253 3000 398 3077; x_wconf 75' lang='grc' dir='ltr'><strong>μέση</strong></span> <span class='ocrx_word' id='word_1_232' title='bbox 425 3005 497 3073; x_wconf 76' lang='grc' dir='ltr'><strong>τῇ</strong></span> <span class='ocrx_word' id='word_1_233' title='bbox 527 2999 811 3076; x_wconf 69' lang='grc' dir='ltr'><strong>εκκλησῖᾳ,</strong></span> <span class='ocrx_word' id='word_1_234' title='bbox 844 3017 1106 3072; x_wconf 79' lang='grc' dir='ltr'><strong>παροντος</strong></span> <span class='ocrx_word' id='word_1_235' title='bbox 1168 2997 1260 3053; x_wconf 75' lang='grc' dir='ltr'><strong>τοῦ</strong></span> <span class='ocrx_word' id='word_1_236' title='bbox 1315 2996 1446 3054; x_wconf 82' lang='grc' dir='ltr'><strong>λαοῦ</strong></span> <span class='ocrx_word' id='word_1_237' title='bbox 1490 3001 1579 3055; x_wconf 74' lang='grc' dir='ltr'><strong>καὶ</strong></span> <span class='ocrx_word' id='word_1_238' title='bbox 1637 3022 1896 3080; x_wconf 73' lang='grc' dir='ltr'><strong>προσφω-</strong></span> 
     </span>
    </p>
   </div>
   <div class='ocr_carea' id='block_1_34' title="bbox 253 3085 1900 3160">
    <p class='ocr_par' dir='ltr' id='par_1_34' title="bbox 253 3085 1900 3160">
     <span class='ocr_line' id='line_1_34' title="bbox 253 3085 1900 3160; baseline -0.002 -14"><span class='ocrx_word' id='word_1_239' title='bbox 253 3096 469 3150; x_wconf 77' lang='grc' dir='ltr'><strong>νοῦντος</strong></span> <span class='ocrx_word' id='word_1_240' title='bbox 516 3087 609 3145; x_wconf 80' lang='grc' dir='ltr'>τοῦ</span> <span class='ocrx_word' id='word_1_241' title='bbox 653 3088 970 3160; x_wconf 75' lang='grc' dir='ltr'><strong>ἐπισκόπου,</strong></span> <span class='ocrx_word' id='word_1_242' title='bbox 1028 3088 1074 3142; x_wconf 82' lang='grc' dir='ltr'><strong>εἰ</strong></span> <span class='ocrx_word' id='word_1_243' title='bbox 1132 3086 1223 3143; x_wconf 87' lang='grc' dir='ltr'><strong>καί</strong></span> <span class='ocrx_word' id='word_1_244' title='bbox 1263 3089 1291 3143; x_wconf 79' lang='grc' dir='ltr'>ὁ</span> <span class='ocrx_word' id='word_1_245' title='bbox 1332 3089 1462 3152; x_wconf 77' lang='grc' dir='ltr'><strong>λαὸς</strong></span> <span class='ocrx_word' id='word_1_246' title='bbox 1496 3085 1708 3144; x_wconf 77' lang='grc' dir='ltr'><strong>δύναται</strong></span> <span class='ocrx_word' id='word_1_247' title='bbox 1758 3090 1900 3160; x_wconf 77' lang='grc' dir='ltr'><strong>αὒτῷ</strong></span> 
     </span>
    </p>
   </div>
   <div class='ocr_carea' id='block_1_35' title="bbox 1979 760 3625 917">
    <p class='ocr_par' dir='ltr' id='par_1_35' title="bbox 1979 760 3625 917">
     <span class='ocr_line' id='line_1_35' title="bbox 1980 760 3625 849; baseline -0.002 -18"><span class='ocrx_word' id='word_1_248' title='bbox 1980 768 2136 849; x_wconf 88' lang='lat' dir='ltr'><strong>apud</strong></span> <span class='ocrx_word' id='word_1_249' title='bbox 2171 778 2229 830; x_wconf 87' lang='lat' dir='ltr'><strong>te</strong></span> <span class='ocrx_word' id='word_1_250' title='bbox 2252 776 2340 830; x_wconf 91' lang='lat' dir='ltr'><strong>est</strong></span> <span class='ocrx_word' id='word_1_251' title='bbox 2369 787 2385 843; x_wconf 90' lang='lat'><strong>;</strong></span> <span class='ocrx_word' id='word_1_252' title='bbox 2419 783 2551 847; x_wconf 63' lang='lat' dir='ltr'><strong>qua;</strong></span> <span class='ocrx_word' id='word_1_253' title='bbox 2579 773 2670 827; x_wconf 87' lang='lat' dir='ltr'><strong>est</strong></span> <span class='ocrx_word' id='word_1_254' title='bbox 2702 764 2858 846; x_wconf 88' lang='lat' dir='ltr'><strong>apud</strong></span> <span class='ocrx_word' id='word_1_255' title='bbox 2890 780 3025 839; x_wconf 91' lang='lat' dir='ltr'><strong>nos,</strong></span> <span class='ocrx_word' id='word_1_256' title='bbox 3057 770 3119 825; x_wconf 91' lang='lat' dir='ltr'><strong>te</strong></span> <span class='ocrx_word' id='word_1_257' title='bbox 3146 762 3209 825; x_wconf 91' lang='lat' dir='ltr'><strong>in</strong></span> <span class='ocrx_word' id='word_1_258' title='bbox 3244 760 3500 828; x_wconf 86' lang='lat' dir='ltr'><strong>Domino</strong></span> <span class='ocrx_word' id='word_1_259' title='bbox 3525 782 3625 828; x_wconf 85' lang='lat' dir='ltr'><strong>sa-</strong></span> 
     </span>
     <span class='ocr_line' id='line_1_36' title="bbox 1979 857 2149 917; baseline 0 0"><span class='ocrx_word' id='word_1_260' title='bbox 1979 857 2149 917; x_wconf 82' lang='lat' dir='ltr'><strong>lulat.</strong></span> 
     </span>
    </p>
   </div>
   <div class='ocr_carea' id='block_1_36' title="bbox 2007 864 2149 920">
    <p class='ocr_par' dir='ltr' id='par_1_36' title="bbox 2007 864 2149 920">
     <span class='ocr_line' id='line_1_37' title="bbox 2007 864 2149 920; baseline -0.007 -2"><span class='ocrx_word' id='word_1_261' title='bbox 2007 864 2149 920; x_wconf 81' lang='lat' dir='ltr'><strong>ulat.</strong></span> 
     </span>
    </p>
   </div>
   <div class='ocr_carea' id='block_1_37' title="bbox 1976 941 3622 1026">
    <p class='ocr_par' dir='ltr' id='par_1_37' title="bbox 1976 941 3622 1026">
     <span class='ocr_line' id='line_1_38' title="bbox 1976 941 3622 1026; baseline 0 -17"><span class='ocrx_word' id='word_1_262' title='bbox 1976 944 2269 1025; x_wconf 81' lang='lat' dir='ltr'><strong>Eiusdem</strong></span> <span class='ocrx_word' id='word_1_263' title='bbox 2299 944 2569 1026; x_wconf 73' lang='lat' dir='ltr'><strong>epistola</strong></span> <span class='ocrx_word' id='word_1_264' title='bbox 2597 945 2688 1006; x_wconf 86' lang='lat' dir='ltr'><strong>ad</strong></span> <span class='ocrx_word' id='word_1_265' title='bbox 2704 943 3018 1026; x_wconf 74' lang='lat' dir='ltr'><strong>episcopos</strong></span> <span class='ocrx_word' id='word_1_266' title='bbox 3037 943 3146 1026; x_wconf 78' lang='lat' dir='ltr'><strong>qui</strong></span> <span class='ocrx_word' id='word_1_267' title='bbox 3171 949 3315 1026; x_wconf 73' lang='lat' dir='ltr'><strong>sunt</strong></span> <span class='ocrx_word' id='word_1_268' title='bbox 3334 945 3401 1007; x_wconf 80' lang='lat' dir='ltr'><strong>in</strong></span> <span class='ocrx_word' id='word_1_269' title='bbox 3426 941 3622 1026; x_wconf 81' lang='lat' dir='ltr'><strong><em>Libya</em></strong></span> 
     </span>
    </p>
   </div>
   <div class='ocr_carea' id='block_1_38' title="bbox 2337 1023 3246 1105">
    <p class='ocr_par' dir='ltr' id='par_1_38' title="bbox 2337 1023 3246 1105">
     <span class='ocr_line' id='line_1_39' title="bbox 2337 1023 3246 1105; baseline 0 -18"><span class='ocrx_word' id='word_1_270' title='bbox 2337 1023 2390 1087; x_wconf 79' lang='lat' dir='ltr'><strong>et</strong></span> <span class='ocrx_word' id='word_1_271' title='bbox 2419 1024 2765 1105; x_wconf 70' lang='lat' dir='ltr'><strong>Pentapoli,</strong></span> <span class='ocrx_word' id='word_1_272' title='bbox 2800 1023 3065 1086; x_wconf 75' lang='lat' dir='ltr'><strong>canones</strong></span> <span class='ocrx_word' id='word_1_273' title='bbox 3092 1023 3152 1104; x_wconf 97' lang='lat'><strong>1,</strong></span> <span class='ocrx_word' id='word_1_274' title='bbox 3185 1024 3246 1087; x_wconf 84' lang='lat'><strong>3.</strong></span> 
     </span>
    </p>
   </div>
   <div class='ocr_carea' id='block_1_39' title="bbox 2061 1116 3626 1198">
    <p class='ocr_par' dir='ltr' id='par_1_39' title="bbox 2061 1116 3626 1198">
     <span class='ocr_line' id='line_1_40' title="bbox 2061 1116 3626 1198; baseline 0.001 -16"><span class='ocrx_word' id='word_1_275' title='bbox 2061 1123 2115 1184; x_wconf 85' lang='lat'><strong>1.</strong></span> <span class='ocrx_word' id='word_1_276' title='bbox 2150 1118 2401 1193; x_wconf 85' lang='lat' dir='ltr'><strong>Quidam</strong></span> <span class='ocrx_word' id='word_1_277' title='bbox 2461 1118 2563 1198; x_wconf 88' lang='lat' dir='ltr'><strong>qui</strong></span> <span class='ocrx_word' id='word_1_278' title='bbox 2608 1135 2825 1179; x_wconf 78' lang='lat' dir='ltr'><strong>uxores</strong></span> <span class='ocrx_word' id='word_1_279' title='bbox 2883 1125 3162 1179; x_wconf 90' lang='lat' dir='ltr'><strong>recenter</strong></span> <span class='ocrx_word' id='word_1_280' title='bbox 3192 1116 3517 1195; x_wconf 82' lang='lat' dir='ltr'><strong>duxerunt,</strong></span> <span class='ocrx_word' id='word_1_281' title='bbox 3565 1127 3626 1183; x_wconf 87' lang='lat' dir='ltr'><strong>et</strong></span> 
     </span>
    </p>
   </div>
   <div class='ocr_carea' id='block_1_40' title="bbox 1978 1206 3626 1291">
    <p class='ocr_par' dir='ltr' id='par_1_40' title="bbox 1978 1206 3626 1291">
     <span class='ocr_line' id='line_1_41' title="bbox 1978 1206 3626 1291; baseline 0.001 -19"><span class='ocrx_word' id='word_1_282' title='bbox 1978 1228 2049 1273; x_wconf 82' lang='lat' dir='ltr'><strong>ex</strong></span> <span class='ocrx_word' id='word_1_283' title='bbox 2080 1210 2228 1291; x_wconf 84' lang='lat' dir='ltr'><strong>ipsis</strong></span> <span class='ocrx_word' id='word_1_284' title='bbox 2252 1208 2443 1270; x_wconf 90' lang='lat' dir='ltr'><strong>.veluti</strong></span> <span class='ocrx_word' id='word_1_285' title='bbox 2475 1207 2753 1271; x_wconf 83' lang='lat' dir='ltr'><strong>thalamis</strong></span> <span class='ocrx_word' id='word_1_286' title='bbox 2786 1206 3039 1286; x_wconf 70' lang='lat' dir='ltr'><strong>egressi,</strong></span> <span class='ocrx_word' id='word_1_287' title='bbox 3076 1206 3309 1288; x_wconf 82' lang='lat' dir='ltr'><strong>aliquos</strong></span> <span class='ocrx_word' id='word_1_288' title='bbox 3340 1225 3410 1270; x_wconf 85' lang='lat' dir='ltr'><strong>ex</strong></span> <span class='ocrx_word' id='word_1_289' title='bbox 3451 1226 3626 1273; x_wconf 87' lang='lat' dir='ltr'><strong>sanc-</strong></span> 
     </span>
    </p>
   </div>
   <div class='ocr_carea' id='block_1_41' title="bbox 1978 1296 3625 1379">
    <p class='ocr_par' dir='ltr' id='par_1_41' title="bbox 1978 1296 3625 1379">
     <span class='ocr_line' id='line_1_42' title="bbox 1978 1296 3625 1379; baseline 0 -18"><span class='ocrx_word' id='word_1_290' title='bbox 1978 1300 2229 1361; x_wconf 88' lang='lat' dir='ltr'><strong>tissimis</strong></span> <span class='ocrx_word' id='word_1_291' title='bbox 2258 1297 2560 1379; x_wconf 76' lang='lat' dir='ltr'><strong>epiSCopis</strong></span> <span class='ocrx_word' id='word_1_292' title='bbox 2588 1296 2901 1376; x_wconf 90' lang='lat' dir='ltr'><strong>arripiunt,</strong></span> <span class='ocrx_word' id='word_1_293' title='bbox 2933 1303 2993 1358; x_wconf 92' lang='lat' dir='ltr'><strong>et</strong></span> <span class='ocrx_word' id='word_1_294' title='bbox 3024 1296 3192 1357; x_wconf 92' lang='lat' dir='ltr'><strong>nullo</strong></span> <span class='ocrx_word' id='word_1_295' title='bbox 3245 1297 3322 1359; x_wconf 92' lang='lat' dir='ltr'><strong>de</strong></span> <span class='ocrx_word' id='word_1_296' title='bbox 3368 1298 3458 1360; x_wconf 85' lang='lat' dir='ltr'><strong>eis</strong></span> <span class='ocrx_word' id='word_1_297' title='bbox 3507 1299 3625 1362; x_wconf 85' lang='lat' dir='ltr'><strong>uti-</strong></span> 
     </span>
    </p>
   </div>
   <div class='ocr_carea' id='block_1_42' title="bbox 1978 1386 3624 1471">
    <p class='ocr_par' dir='ltr' id='par_1_42' title="bbox 1978 1386 3624 1471">
     <span class='ocr_line' id='line_1_43' title="bbox 1978 1386 3624 1471; baseline -0.001 -19"><span class='ocrx_word' id='word_1_298' title='bbox 1978 1407 2094 1471; x_wconf 89' lang='lat' dir='ltr'><strong>que</strong></span> <span class='ocrx_word' id='word_1_299' title='bbox 2126 1389 2533 1463; x_wconf 82' lang='lat' dir='ltr'><strong>renuntiante,</strong></span> <span class='ocrx_word' id='word_1_300' title='bbox 2583 1386 2942 1448; x_wconf 85' lang='lat' dir='ltr'><strong>ordinantur</strong></span> <span class='ocrx_word' id='word_1_301' title='bbox 2976 1386 3179 1448; x_wconf 83' lang='lat' dir='ltr'><strong>clerici</strong></span> <span class='ocrx_word' id='word_1_302' title='bbox 3211 1403 3317 1449; x_wconf 89' lang='lat' dir='ltr'><strong>seu</strong></span> <span class='ocrx_word' id='word_1_303' title='bbox 3372 1387 3624 1471; x_wconf 81' lang='lat' dir='ltr'><strong>presby-</strong></span> 
     </span>
    </p>
   </div>
   <div class='ocr_carea' id='block_1_43' title="bbox 1980 1479 2119 1542">
    <p class='ocr_par' dir='ltr' id='par_1_43' title="bbox 1980 1479 2119 1542">
     <span class='ocr_line' id='line_1_44' title="bbox 1980 1479 2119 1542; baseline -0.007 0"><span class='ocrx_word' id='word_1_304' title='bbox 1980 1479 2119 1542; x_wconf 89' lang='lat' dir='ltr'><strong>teri.</strong></span> 
     </span>
    </p>
   </div>
   <div class='ocr_carea' id='block_1_44' title="bbox 2059 1566 3623 1649">
    <p class='ocr_par' dir='ltr' id='par_1_44' title="bbox 2059 1566 3623 1649">
     <span class='ocr_line' id='line_1_45' title="bbox 2059 1566 3623 1649; baseline 0.002 -21"><span class='ocrx_word' id='word_1_305' title='bbox 2059 1569 2116 1628; x_wconf 87' lang='lat'><strong>1.</strong></span> <span class='ocrx_word' id='word_1_306' title='bbox 2152 1567 2444 1640; x_wconf 86' lang='lat' dir='ltr'><strong>Quoniam</strong></span> <span class='ocrx_word' id='word_1_307' title='bbox 2473 1584 2614 1644; x_wconf 79' lang='lat' dir='ltr'><strong>ergo</strong></span> <span class='ocrx_word' id='word_1_308' title='bbox 2644 1566 2717 1627; x_wconf 90' lang='lat' dir='ltr'><strong>ad</strong></span> <span class='ocrx_word' id='word_1_309' title='bbox 2742 1566 3225 1639; x_wconf 75' lang='lat' dir='ltr'><strong>aediﬁcationem,</strong></span> <span class='ocrx_word' id='word_1_310' title='bbox 3262 1573 3326 1628; x_wconf 89' lang='lat' dir='ltr'><strong>ut</strong></span> <span class='ocrx_word' id='word_1_311' title='bbox 3355 1566 3623 1649; x_wconf 83' lang='lat' dir='ltr'><strong>dixi,po-</strong></span> 
     </span>
    </p>
   </div>
   <div class='ocr_carea' id='block_1_45' title="bbox 1979 1654 3624 1737">
    <p class='ocr_par' dir='ltr' id='par_1_45' title="bbox 1979 1654 3624 1737">
     <span class='ocr_line' id='line_1_46' title="bbox 1979 1654 3624 1737; baseline 0.002 -19"><span class='ocrx_word' id='word_1_312' title='bbox 1979 1656 2281 1737; x_wconf 90' lang='lat' dir='ltr'><strong>pulorum,</strong></span> <span class='ocrx_word' id='word_1_313' title='bbox 2344 1657 2545 1718; x_wconf 86' lang='lat' dir='ltr'><strong>omnia</strong></span> <span class='ocrx_word' id='word_1_314' title='bbox 2576 1656 2667 1716; x_wconf 61' lang='lat'><strong>45</strong></span> <span class='ocrx_word' id='word_1_315' title='bbox 2700 1675 2732 1717; x_wconf 92' lang='lat' dir='ltr'><strong>a</strong></span> <span class='ocrx_word' id='word_1_316' title='bbox 2782 1654 2958 1717; x_wconf 85' lang='lat' dir='ltr'><strong>nobis</strong></span> <span class='ocrx_word' id='word_1_317' title='bbox 2989 1654 3268 1719; x_wconf 85' lang='lat' dir='ltr'><strong>facienda</strong></span> <span class='ocrx_word' id='word_1_318' title='bbox 3300 1664 3462 1732; x_wconf 89' lang='lat' dir='ltr'><strong>sunt,</strong></span> <span class='ocrx_word' id='word_1_319' title='bbox 3493 1658 3624 1723; x_wconf 61' lang='lat' dir='ltr'><strong>hac</strong></span> 
     </span>
    </p>
   </div>
   <div class='ocr_carea' id='block_1_46' title="bbox 1978 1743 3621 1825">
    <p class='ocr_par' dir='ltr' id='par_1_46' title="bbox 1978 1743 3621 1825">
     <span class='ocr_line' id='line_1_47' title="bbox 1978 1743 3621 1825; baseline 0.001 -17"><span class='ocrx_word' id='word_1_320' title='bbox 1978 1756 2177 1808; x_wconf 88' lang='lat' dir='ltr'><strong>vestra</strong></span> <span class='ocrx_word' id='word_1_321' title='bbox 2205 1745 2480 1808; x_wconf 86' lang='lat' dir='ltr'><strong>observet</strong></span> <span class='ocrx_word' id='word_1_322' title='bbox 2515 1748 2726 1825; x_wconf 87' lang='lat' dir='ltr'><strong>pietas,</strong></span> <span class='ocrx_word' id='word_1_323' title='bbox 2760 1754 2817 1806; x_wconf 92' lang='lat' dir='ltr'><strong>et</strong></span> <span class='ocrx_word' id='word_1_324' title='bbox 2848 1745 2899 1805; x_wconf 90' lang='lat' dir='ltr'><strong>si</strong></span> <span class='ocrx_word' id='word_1_325' title='bbox 2931 1753 3025 1806; x_wconf 89' lang='lat' dir='ltr'><strong>est</strong></span> <span class='ocrx_word' id='word_1_326' title='bbox 3054 1743 3296 1825; x_wconf 88' lang='lat' dir='ltr'><strong>quidem</strong></span> <span class='ocrx_word' id='word_1_327' title='bbox 3328 1745 3621 1809; x_wconf 90' lang='lat' dir='ltr'><strong>ordinan-</strong></span> 
     </span>
    </p>
   </div>
   <div class='ocr_carea' id='block_1_47' title="bbox 1982 1833 3626 1913">
    <p class='ocr_par' dir='ltr' id='par_1_47' title="bbox 1982 1833 3626 1913">
     <span class='ocr_line' id='line_1_48' title="bbox 1982 1833 3626 1913; baseline 0.002 -17"><span class='ocrx_word' id='word_1_328' title='bbox 1982 1834 2099 1897; x_wconf 89' lang='lat' dir='ltr'><strong>dus</strong></span> <span class='ocrx_word' id='word_1_329' title='bbox 2131 1834 2409 1907; x_wconf 84' lang='lat' dir='ltr'><strong>clericus,</strong></span> <span class='ocrx_word' id='word_1_330' title='bbox 2439 1836 2515 1895; x_wconf 89' lang='lat' dir='ltr'><strong>de</strong></span> <span class='ocrx_word' id='word_1_331' title='bbox 2544 1835 2669 1895; x_wconf 82' lang='lat' dir='ltr'><strong>vita</strong></span> <span class='ocrx_word' id='word_1_332' title='bbox 2700 1834 2827 1913; x_wconf 87' lang='lat' dir='ltr'><strong>ejus</strong></span> <span class='ocrx_word' id='word_1_333' title='bbox 2856 1833 3141 1913; x_wconf 88' lang='lat' dir='ltr'><strong>iuquirat,</strong></span> <span class='ocrx_word' id='word_1_334' title='bbox 3170 1842 3228 1893; x_wconf 92' lang='lat' dir='ltr'><strong>et</strong></span> <span class='ocrx_word' id='word_1_335' title='bbox 3256 1851 3330 1896; x_wconf 89' lang='lat' dir='ltr'><strong>an</strong></span> <span class='ocrx_word' id='word_1_336' title='bbox 3371 1853 3626 1900; x_wconf 82' lang='lat' dir='ltr'><strong>uxorem</strong></span> 
     </span>
    </p>
   </div>
   <div class='ocr_carea' id='block_1_48' title="bbox 1985 1920 3622 2001">
    <p class='ocr_par' dir='ltr' id='par_1_48' title="bbox 1985 1920 3622 2001">
     <span class='ocr_line' id='line_1_49' title="bbox 1985 1920 3622 2001; baseline 0 -14"><span class='ocrx_word' id='word_1_337' title='bbox 1985 1925 2224 1998; x_wconf 89' lang='lat' dir='ltr'><strong>habeat,</strong></span> <span class='ocrx_word' id='word_1_338' title='bbox 2262 1942 2485 1997; x_wconf 91' lang='lat' dir='ltr'><strong>annon,</strong></span> <span class='ocrx_word' id='word_1_339' title='bbox 2522 1931 2579 1984; x_wconf 92' lang='lat' dir='ltr'><strong>et</strong></span> <span class='ocrx_word' id='word_1_340' title='bbox 2607 1940 2863 2001; x_wconf 80' lang='lat' dir='ltr'><strong>quonam</strong></span> <span class='ocrx_word' id='word_1_341' title='bbox 2899 1921 3079 1982; x_wconf 91' lang='lat' dir='ltr'><strong>modo</strong></span> <span class='ocrx_word' id='word_1_342' title='bbox 3129 1920 3316 1999; x_wconf 80' lang='lat' dir='ltr'><strong>duxit,</strong></span> <span class='ocrx_word' id='word_1_343' title='bbox 3344 1931 3405 1985; x_wconf 91' lang='lat' dir='ltr'><strong>et</strong></span> <span class='ocrx_word' id='word_1_344' title='bbox 3431 1924 3622 1988; x_wconf 87' lang='lat' dir='ltr'><strong>absti-</strong></span> 
     </span>
    </p>
   </div>
   <div class='ocr_carea' id='block_1_49' title="bbox 1981 2009 3622 2091">
    <p class='ocr_par' dir='ltr' id='par_1_49' title="bbox 1981 2009 3622 2091">
     <span class='ocr_line' id='line_1_50' title="bbox 1981 2009 3622 2091; baseline 0.002 -17"><span class='ocrx_word' id='word_1_345' title='bbox 1981 2014 2137 2087; x_wconf 89' lang='lat' dir='ltr'><strong>nuit,</strong></span> <span class='ocrx_word' id='word_1_346' title='bbox 2172 2023 2230 2075; x_wconf 88' lang='lat' dir='ltr'><strong>et</strong></span> <span class='ocrx_word' id='word_1_347' title='bbox 2259 2015 2307 2073; x_wconf 91' lang='lat' dir='ltr'><strong>si</strong></span> <span class='ocrx_word' id='word_1_348' title='bbox 2342 2031 2459 2073; x_wconf 92' lang='lat' dir='ltr'><strong>non</strong></span> <span class='ocrx_word' id='word_1_349' title='bbox 2494 2020 2583 2072; x_wconf 88' lang='lat' dir='ltr'><strong>est</strong></span> <span class='ocrx_word' id='word_1_350' title='bbox 2614 2011 2825 2091; x_wconf 83' lang='lat' dir='ltr'><strong>aliquis</strong></span> <span class='ocrx_word' id='word_1_351' title='bbox 2873 2028 2944 2072; x_wconf 83' lang='lat' dir='ltr'><strong>ex</strong></span> <span class='ocrx_word' id='word_1_352' title='bbox 2975 2010 3049 2070; x_wconf 90' lang='lat' dir='ltr'><strong>iis</strong></span> <span class='ocrx_word' id='word_1_353' title='bbox 3077 2009 3180 2090; x_wconf 90' lang='lat' dir='ltr'><strong>qui</strong></span> <span class='ocrx_word' id='word_1_354' title='bbox 3212 2011 3387 2089; x_wconf 87' lang='lat' dir='ltr'><strong>ejecti</strong></span> <span class='ocrx_word' id='word_1_355' title='bbox 3419 2024 3560 2076; x_wconf 92' lang='lat' dir='ltr'><strong>sunt</strong></span> <span class='ocrx_word' id='word_1_356' title='bbox 3586 2033 3622 2078; x_wconf 90' lang='lat' dir='ltr'><strong>a</strong></span> 
     </span>
    </p>
   </div>
   <div class='ocr_carea' id='block_1_50' title="bbox 1982 2099 3626 2179">
    <p class='ocr_par' dir='ltr' id='par_1_50' title="bbox 1982 2099 3626 2179">
     <span class='ocr_line' id='line_1_51' title="bbox 1982 2099 3626 2179; baseline 0.002 -16"><span class='ocrx_word' id='word_1_357' title='bbox 1982 2102 2356 2164; x_wconf 86' lang='lat' dir='ltr'><strong>sanctissimo</strong></span> <span class='ocrx_word' id='word_1_358' title='bbox 2393 2101 2676 2179; x_wconf 90' lang='lat' dir='ltr'><strong>episcopo</strong></span> <span class='ocrx_word' id='word_1_359' title='bbox 2708 2099 2798 2160; x_wconf 85' lang='lat' dir='ltr'><strong>vel</strong></span> <span class='ocrx_word' id='word_1_360' title='bbox 2832 2116 2899 2160; x_wconf 84' lang='lat' dir='ltr'><strong>ex</strong></span> <span class='ocrx_word' id='word_1_361' title='bbox 2951 2099 3314 2159; x_wconf 88' lang='lat' dir='ltr'><strong>monasterio</strong></span> <span class='ocrx_word' id='word_1_362' title='bbox 3349 2116 3363 2158; x_wconf 92' lang='lat'>:</span> <span class='ocrx_word' id='word_1_363' title='bbox 3401 2108 3543 2164; x_wconf 90' lang='lat' dir='ltr'><strong>tunc</strong></span> <span class='ocrx_word' id='word_1_364' title='bbox 3573 2104 3626 2166; x_wconf 88' lang='lat' dir='ltr'><strong>si</strong></span> 
     </span>
    </p>
   </div>
   <div class='ocr_carea' id='block_1_51' title="bbox 1980 2184 3623 2270">
    <p class='ocr_par' dir='ltr' id='par_1_51' title="bbox 1980 2184 3623 2270">
     <span class='ocr_line' id='line_1_52' title="bbox 1980 2184 3623 2270; baseline 0.001 -19"><span class='ocrx_word' id='word_1_365' title='bbox 1980 2190 2319 2270; x_wconf 89' lang='lat' dir='ltr'><strong>inculpatus</strong></span> <span class='ocrx_word' id='word_1_366' title='bbox 2376 2189 2656 2250; x_wconf 89' lang='lat' dir='ltr'><strong>inventus</strong></span> <span class='ocrx_word' id='word_1_367' title='bbox 2710 2187 2914 2260; x_wconf 82' lang='lat' dir='ltr'><strong>fuerit,</strong></span> <span class='ocrx_word' id='word_1_368' title='bbox 2949 2184 3213 2247; x_wconf 88' lang='lat' dir='ltr'><strong>ordinet.</strong></span> <span class='ocrx_word' id='word_1_369' title='bbox 3248 2184 3334 2247; x_wconf 90' lang='lat' dir='ltr'><strong>Ita</strong></span> <span class='ocrx_word' id='word_1_370' title='bbox 3365 2187 3527 2251; x_wconf 90' lang='lat' dir='ltr'><strong>enim</strong></span> <span class='ocrx_word' id='word_1_371' title='bbox 3563 2199 3623 2253; x_wconf 89' lang='lat' dir='ltr'><strong>et</strong></span> 
     </span>
    </p>
   </div>
   <div class='ocr_carea' id='block_1_52' title="bbox 1983 2274 3625 2356">
    <p class='ocr_par' dir='ltr' id='par_1_52' title="bbox 1983 2274 3625 2356">
     <span class='ocr_line' id='line_1_53' title="bbox 1983 2274 3625 2356; baseline 0.001 -15"><span class='ocrx_word' id='word_1_372' title='bbox 1983 2287 2244 2341; x_wconf 89' lang='lat' dir='ltr'><strong>nostram</strong></span> <span class='ocrx_word' id='word_1_373' title='bbox 2279 2276 2710 2339; x_wconf 88' lang='lat' dir='ltr'><strong>conscientiam</strong></span> <span class='ocrx_word' id='word_1_374' title='bbox 2763 2293 2970 2355; x_wconf 86' lang='lat' dir='ltr'><strong>puram</strong></span> <span class='ocrx_word' id='word_1_375' title='bbox 3020 2274 3532 2356; x_wconf 84' lang='lat' dir='ltr'><strong>conservabimus,</strong></span> <span class='ocrx_word' id='word_1_376' title='bbox 3566 2288 3625 2342; x_wconf 89' lang='lat' dir='ltr'><strong>et</strong></span> 
     </span>
    </p>
   </div>
   <div class='ocr_carea' id='block_1_53' title="bbox 1981 2362 3499 2451">
    <p class='ocr_par' dir='ltr' id='par_1_53' title="bbox 1981 2362 3499 2451">
     <span class='ocr_line' id='line_1_54' title="bbox 1981 2362 3499 2451; baseline 0 -21"><span class='ocrx_word' id='word_1_377' title='bbox 1981 2368 2351 2451; x_wconf 86' lang='lat' dir='ltr'><strong>inculpatum</strong></span> <span class='ocrx_word' id='word_1_378' title='bbox 2385 2385 2621 2430; x_wconf 90' lang='lat' dir='ltr'><strong>sacrum</strong></span> <span class='ocrx_word' id='word_1_379' title='bbox 2659 2384 2729 2427; x_wconf 90' lang='lat' dir='ltr'><strong>ac</strong></span> <span class='ocrx_word' id='word_1_380' title='bbox 2753 2362 3100 2427; x_wconf 86' lang='lat' dir='ltr'><strong>venerabile</strong></span> <span class='ocrx_word' id='word_1_381' title='bbox 3126 2364 3499 2444; x_wconf 76' lang='lat' dir='ltr'><strong>mysterium.</strong></span> 
     </span>
    </p>
   </div>
   <div class='ocr_carea' id='block_1_54' title="bbox 2240 2544 3360 2629">
    <p class='ocr_par' dir='ltr' id='par_1_54' title="bbox 2240 2544 3360 2629">
     <span class='ocr_line' id='line_1_55' title="bbox 2240 2544 3360 2629; baseline -0.005 -17"><span class='ocrx_word' id='word_1_382' title='bbox 2240 2548 2556 2629; x_wconf 75' lang='lat' dir='ltr'><strong>Theophili</strong></span> <span class='ocrx_word' id='word_1_383' title='bbox 2586 2545 3034 2610; x_wconf 83' lang='lat' dir='ltr'><strong>commonitorii</strong></span> <span class='ocrx_word' id='word_1_384' title='bbox 3065 2561 3267 2607; x_wconf 79' lang='lat' dir='ltr'><strong>canon</strong></span> <span class='ocrx_word' id='word_1_385' title='bbox 3295 2544 3360 2607; x_wconf 92' lang='lat'><strong>6.</strong></span> 
     </span>
    </p>
   </div>
   <div class='ocr_carea' id='block_1_55' title="bbox 2060 2639 3617 2723">
    <p class='ocr_par' dir='ltr' id='par_1_55' title="bbox 2060 2639 3617 2723">
     <span class='ocr_line' id='line_1_56' title="bbox 2060 2639 3617 2723; baseline -0.002 -18"><span class='ocrx_word' id='word_1_386' title='bbox 2060 2646 2119 2706; x_wconf 85' lang='lat'><strong>6.</strong></span> <span class='ocrx_word' id='word_1_387' title='bbox 2157 2643 2242 2705; x_wconf 90' lang='lat' dir='ltr'><strong>De</strong></span> <span class='ocrx_word' id='word_1_388' title='bbox 2276 2645 2346 2705; x_wconf 90' lang='lat' dir='ltr'><strong>iis</strong></span> <span class='ocrx_word' id='word_1_389' title='bbox 2395 2642 2495 2723; x_wconf 90' lang='lat' dir='ltr'><strong>qui</strong></span> <span class='ocrx_word' id='word_1_390' title='bbox 2529 2640 2845 2703; x_wconf 87' lang='lat' dir='ltr'><strong>ordinandi</strong></span> <span class='ocrx_word' id='word_1_391' title='bbox 2878 2646 3018 2701; x_wconf 85' lang='lat' dir='ltr'><strong>sunt</strong></span> <span class='ocrx_word' id='word_1_392' title='bbox 3062 2639 3188 2700; x_wconf 66' lang='lat' dir='ltr'><strong>haec</strong></span> <span class='ocrx_word' id='word_1_393' title='bbox 3217 2640 3331 2701; x_wconf 88' lang='lat' dir='ltr'><strong>erit</strong></span> <span class='ocrx_word' id='word_1_394' title='bbox 3368 2640 3564 2705; x_wconf 81' lang='lat' dir='ltr'><strong>forma</strong></span> <span class='ocrx_word' id='word_1_395' title='bbox 3602 2664 3617 2702; x_wconf 91' lang='lat'><strong>:</strong></span> 
     </span>
    </p>
   </div>
   <div class='ocr_carea' id='block_1_56' title="bbox 1979 2727 3621 2814">
    <p class='ocr_par' dir='ltr' id='par_1_56' title="bbox 1979 2727 3621 2814">
     <span class='ocr_line' id='line_1_57' title="bbox 1979 2727 3621 2814; baseline -0.001 -19"><span class='ocrx_word' id='word_1_396' title='bbox 1979 2742 2042 2795; x_wconf 90' lang='lat' dir='ltr'><strong>ut</strong></span> <span class='ocrx_word' id='word_1_397' title='bbox 2072 2733 2361 2814; x_wconf 88' lang='lat' dir='ltr'><strong>quidquid</strong></span> <span class='ocrx_word' id='word_1_398' title='bbox 2396 2740 2485 2793; x_wconf 91' lang='lat' dir='ltr'><strong>est</strong></span> <span class='ocrx_word' id='word_1_399' title='bbox 2513 2730 2906 2793; x_wconf 87' lang='lat' dir='ltr'><strong>sacerdotalis</strong></span> <span class='ocrx_word' id='word_1_400' title='bbox 2936 2727 3166 2791; x_wconf 82' lang='lat' dir='ltr'><strong>ordinis</strong></span> <span class='ocrx_word' id='word_1_401' title='bbox 3196 2730 3531 2793; x_wconf 82' lang='lat' dir='ltr'><strong>consentiat</strong></span> <span class='ocrx_word' id='word_1_402' title='bbox 3561 2739 3621 2793; x_wconf 91' lang='lat' dir='ltr'><strong>et</strong></span> 
     </span>
    </p>
   </div>
   <div class='ocr_carea' id='block_1_57' title="bbox 1979 2817 3619 2902">
    <p class='ocr_par' dir='ltr' id='par_1_57' title="bbox 1979 2817 3619 2902">
     <span class='ocr_line' id='line_1_58' title="bbox 1979 2817 3619 2902; baseline -0.002 -17"><span class='ocrx_word' id='word_1_403' title='bbox 1979 2822 2198 2902; x_wconf 80' lang='lat' dir='ltr'><strong>eligat;</strong></span> <span class='ocrx_word' id='word_1_404' title='bbox 2233 2830 2291 2883; x_wconf 91' lang='lat' dir='ltr'><strong>et</strong></span> <span class='ocrx_word' id='word_1_405' title='bbox 2322 2830 2462 2883; x_wconf 79' lang='lat' dir='ltr'><strong>tunc</strong></span> <span class='ocrx_word' id='word_1_406' title='bbox 2491 2821 2806 2899; x_wconf 90' lang='lat' dir='ltr'><strong>episcopus</strong></span> <span class='ocrx_word' id='word_1_407' title='bbox 2840 2817 3164 2893; x_wconf 81' lang='lat' dir='ltr'><strong>examinet,</strong></span> <span class='ocrx_word' id='word_1_408' title='bbox 3199 2818 3289 2879; x_wconf 87' lang='lat' dir='ltr'><strong>vel</strong></span> <span class='ocrx_word' id='word_1_409' title='bbox 3344 2817 3401 2880; x_wconf 90' lang='lat' dir='ltr'><strong>ei</strong></span> <span class='ocrx_word' id='word_1_410' title='bbox 3436 2819 3619 2881; x_wconf 90' lang='lat' dir='ltr'><strong>etiam</strong></span> 
     </span>
    </p>
   </div>
   <div class='ocr_carea' id='block_1_58' title="bbox 1978 2905 3621 2974">
    <p class='ocr_par' dir='ltr' id='par_1_58' title="bbox 1978 2905 3621 2974">
     <span class='ocr_line' id='line_1_59' title="bbox 1978 2905 3621 2974; baseline -0.002 0"><span class='ocrx_word' id='word_1_411' title='bbox 1978 2912 2347 2974; x_wconf 82' lang='lat' dir='ltr'><strong>assentiente</strong></span> <span class='ocrx_word' id='word_1_412' title='bbox 2378 2908 2739 2971; x_wconf 88' lang='lat' dir='ltr'><strong>sacerdotali</strong></span> <span class='ocrx_word' id='word_1_413' title='bbox 2784 2907 2997 2969; x_wconf 90' lang='lat' dir='ltr'><strong>ordine</strong></span> <span class='ocrx_word' id='word_1_414' title='bbox 3045 2906 3106 2966; x_wconf 91' lang='lat' dir='ltr'><strong>in</strong></span> <span class='ocrx_word' id='word_1_415' title='bbox 3139 2905 3335 2968; x_wconf 89' lang='lat' dir='ltr'><strong>media</strong></span> <span class='ocrx_word' id='word_1_416' title='bbox 3365 2908 3621 2971; x_wconf 86' lang='lat' dir='ltr'><strong>ecclesia</strong></span> 
     </span>
    </p>
   </div>
   <div class='ocr_carea' id='block_1_59' title="bbox 1982 2995 3617 3081">
    <p class='ocr_par' dir='ltr' id='par_1_59' title="bbox 1982 2995 3617 3081">
     <span class='ocr_line' id='line_1_60' title="bbox 1982 2995 3617 3081; baseline -0.002 -18"><span class='ocrx_word' id='word_1_417' title='bbox 1982 3002 2242 3076; x_wconf 89' lang='lat' dir='ltr'><strong>ordinet,</strong></span> <span class='ocrx_word' id='word_1_418' title='bbox 2277 3007 2571 3081; x_wconf 63' lang='lat' dir='ltr'><strong>priesente</strong></span> <span class='ocrx_word' id='word_1_419' title='bbox 2602 2997 2914 3078; x_wconf 79' lang='lat' dir='ltr'><strong>populo,et</strong></span> <span class='ocrx_word' id='word_1_420' title='bbox 2944 2995 3229 3076; x_wconf 88' lang='lat' dir='ltr'><strong>episcopo</strong></span> <span class='ocrx_word' id='word_1_421' title='bbox 3253 2995 3617 3081; x_wconf 87' lang='lat' dir='ltr'><strong>alloquente,</strong></span> 
     </span>
    </p>
   </div>
   <div class='ocr_carea' id='block_1_60' title="bbox 1981 3084 3619 3170">
    <p class='ocr_par' dir='ltr' id='par_1_60' title="bbox 1981 3084 3619 3170">
     <span class='ocr_line' id='line_1_61' title="bbox 1981 3084 3619 3170; baseline 0 -18"><span class='ocrx_word' id='word_1_422' title='bbox 1981 3109 2057 3152; x_wconf 87' lang='lat' dir='ltr'><strong>an</strong></span> <span class='ocrx_word' id='word_1_423' title='bbox 2106 3092 2282 3152; x_wconf 89' lang='lat' dir='ltr'><strong>etiam</strong></span> <span class='ocrx_word' id='word_1_424' title='bbox 2343 3089 2533 3170; x_wconf 89' lang='lat' dir='ltr'><strong>possit</strong></span> <span class='ocrx_word' id='word_1_425' title='bbox 2590 3087 2646 3148; x_wconf 89' lang='lat' dir='ltr'><strong>ei</strong></span> <span class='ocrx_word' id='word_1_426' title='bbox 2704 3084 2960 3167; x_wconf 87' lang='lat' dir='ltr'><strong>populus</strong></span> <span class='ocrx_word' id='word_1_427' title='bbox 2994 3084 3154 3147; x_wconf 79' lang='lat' dir='ltr'><strong>ferre</strong></span> <span class='ocrx_word' id='word_1_428' title='bbox 3186 3085 3619 3152; x_wconf 85' lang='lat' dir='ltr'><strong>testimonium.</strong></span> 
     </span>
    </p>
   </div>
   <div class='ocr_carea' id='block_1_61' title="bbox 255 3172 1898 3257">
    <p class='ocr_par' dir='ltr' id='par_1_61' title="bbox 255 3173 1898 3257">
     <span class='ocr_line' id='line_1_62' title="bbox 255 3173 1898 3257; baseline 0.001 -23"><span class='ocrx_word' id='word_1_429' title='bbox 255 3190 547 3255; x_wconf 74' lang='grc' dir='ltr'><strong>μαρτυρεῖν</strong></span> <span class='ocrx_word' id='word_1_430' title='bbox 579 3177 884 3257; x_wconf 80' lang='grc' dir='ltr'><strong>χειροτονία</strong></span> <span class='ocrx_word' id='word_1_431' title='bbox 945 3173 1000 3230; x_wconf 72' lang='grc' dir='ltr'><strong>δὲ</strong></span> <span class='ocrx_word' id='word_1_432' title='bbox 1044 3173 1305 3253; x_wconf 77' lang='grc' dir='ltr'><strong>λαθραίως</strong></span> <span class='ocrx_word' id='word_1_433' title='bbox 1366 3178 1443 3251; x_wconf 81' lang='grc' dir='ltr'><strong>μὴ</strong></span> <span class='ocrx_word' id='word_1_434' title='bbox 1476 3176 1702 3255; x_wconf 81' lang='grc' dir='ltr'><strong>γινέσθω</strong></span> <span class='ocrx_word' id='word_1_435' title='bbox 1733 3193 1748 3208; x_wconf 86' lang='grc'><strong><em>⁸</em></strong></span> <span class='ocrx_word' id='word_1_436' title='bbox 1802 3182 1898 3244; x_wconf 79' lang='grc' dir='ltr'><strong>τῆς</strong></span> 
     </span>
    </p>
   </div>
   <div class='ocr_carea' id='block_1_62' title="bbox 1997 3172 3627 3257">
    <p class='ocr_par' dir='ltr' id='par_1_62' title="bbox 1997 3172 3627 3242">
     <span class='ocr_line' id='line_1_63' title="bbox 1997 3172 3627 3242; baseline -0.001 0"><span class='ocrx_word' id='word_1_437' title='bbox 1997 3178 2287 3242; x_wconf 76' lang='lat' dir='ltr'><strong>)rdinatio</strong></span> <span class='ocrx_word' id='word_1_438' title='bbox 2346 3185 2545 3241; x_wconf 90' lang='lat' dir='ltr'><strong>autem</strong></span> <span class='ocrx_word' id='word_1_439' title='bbox 2601 3194 2721 3237; x_wconf 92' lang='lat' dir='ltr'><strong>non</strong></span> <span class='ocrx_word' id='word_1_440' title='bbox 2782 3174 2883 3236; x_wconf 82' lang='lat' dir='ltr'><strong>ﬁat</strong></span> <span class='ocrx_word' id='word_1_441' title='bbox 2938 3173 3300 3236; x_wconf 86' lang='lat' dir='ltr'><strong>clanculum.</strong></span> <span class='ocrx_word' id='word_1_442' title='bbox 3357 3172 3627 3240; x_wconf 78' lang='lat' dir='ltr'><strong>Ecclesia</strong></span> 
     </span>
    </p>
   </div>
   <div class='ocr_carea' id='block_1_63' title="bbox 254 3263 1899 3347">
    <p class='ocr_par' dir='ltr' id='par_1_63' title="bbox 254 3263 1899 3347">
     <span class='ocr_line' id='line_1_64' title="bbox 254 3263 1899 3347; baseline -0.003 -23"><span class='ocrx_word' id='word_1_443' title='bbox 254 3269 358 3347; x_wconf 78' lang='grc' dir='ltr'><strong>γὰρ</strong></span> <span class='ocrx_word' id='word_1_444' title='bbox 410 3264 737 3333; x_wconf 80' lang='grc' dir='ltr'><strong>Ἐκκλησὶας</strong></span> <span class='ocrx_word' id='word_1_445' title='bbox 792 3266 1008 3342; x_wconf 77' lang='grc' dir='ltr'><strong>εἰρήνην</strong></span> <span class='ocrx_word' id='word_1_446' title='bbox 1090 3263 1353 3344; x_wconf 64' lang='grc' dir='ltr'><strong>ἐχούσης,</strong></span> <span class='ocrx_word' id='word_1_447' title='bbox 1425 3266 1614 3344; x_wconf 76' lang='grc' dir='ltr'><strong>πρέπει</strong></span> <span class='ocrx_word' id='word_1_448' title='bbox 1687 3267 1899 3322; x_wconf 79' lang='grc' dir='ltr'><strong>πάντων</strong></span> 
     </span>
    </p>
   </div>
   <div class='ocr_carea' id='block_1_64' title="bbox 254 3354 1897 3433">
    <p class='ocr_par' dir='ltr' id='par_1_64' title="bbox 254 3354 1897 3433">
     <span class='ocr_line' id='line_1_65' title="bbox 254 3354 1897 3433; baseline -0.002 -19"><span class='ocrx_word' id='word_1_449' title='bbox 254 3364 365 3415; x_wconf 82' lang='grc' dir='ltr'><strong>τῶν</strong></span> <span class='ocrx_word' id='word_1_450' title='bbox 408 3357 575 3432; x_wconf 79' lang='grc' dir='ltr'><strong>ἁγίων</strong></span> <span class='ocrx_word' id='word_1_451' title='bbox 609 3354 705 3418; x_wconf 79' lang='grc' dir='ltr'><strong>τὰς</strong></span> <span class='ocrx_word' id='word_1_452' title='bbox 751 3355 1091 3433; x_wconf 77' lang='grc' dir='ltr'><strong>χειροτονίας</strong></span> <span class='ocrx_word' id='word_1_453' title='bbox 1126 3356 1214 3411; x_wconf 83' lang='grc' dir='ltr'><strong>ἐπὶ</strong></span> <span class='ocrx_word' id='word_1_454' title='bbox 1267 3356 1364 3422; x_wconf 77' lang='grc' dir='ltr'><strong>τῆς</strong></span> <span class='ocrx_word' id='word_1_455' title='bbox 1397 3354 1723 3421; x_wconf 81' lang='grc' dir='ltr'><strong>Ἐκκλησίας</strong></span> <span class='ocrx_word' id='word_1_456' title='bbox 1753 3357 1897 3433; x_wconf 80' lang='grc' dir='ltr'><strong>γίνεο</strong></span> 
     </span>
    </p>
   </div>
   <div class='ocr_carea' id='block_1_65' title="bbox 255 3442 1898 3521">
    <p class='ocr_par' dir='ltr' id='par_1_65' title="bbox 255 3442 1898 3521">
     <span class='ocr_line' id='line_1_66' title="bbox 255 3442 1898 3521; baseline -0.001 -21"><span class='ocrx_word' id='word_1_457' title='bbox 255 3450 398 3506; x_wconf 87' lang='grc' dir='ltr'><strong>σθαι.</strong></span> <span class='ocrx_word' id='word_1_458' title='bbox 459 3444 552 3502; x_wconf 84' lang='grc' dir='ltr'><strong>Ἐν</strong></span> <span class='ocrx_word' id='word_1_459' title='bbox 610 3442 666 3499; x_wconf 77' lang='grc' dir='ltr'><strong>δὲ</strong></span> <span class='ocrx_word' id='word_1_460' title='bbox 707 3449 777 3520; x_wconf 76' lang='grc' dir='ltr'><strong>τῇ</strong></span> <span class='ocrx_word' id='word_1_461' title='bbox 837 3443 1035 3521; x_wconf 78' lang='grc' dir='ltr'><strong>ἑνορὶᾳ,</strong></span> <span class='ocrx_word' id='word_1_462' title='bbox 1091 3444 1136 3498; x_wconf 83' lang='grc' dir='ltr'><strong>εἷ</strong></span> <span class='ocrx_word' id='word_1_463' title='bbox 1187 3444 1286 3518; x_wconf 80' lang='grc' dir='ltr'><strong>μὲν</strong></span> <span class='ocrx_word' id='word_1_464' title='bbox 1328 3443 1754 3513; x_wconf 72' lang='grc' dir='ltr'><strong>κοινωνήσαντες</strong></span> <span class='ocrx_word' id='word_1_465' title='bbox 1798 3445 1898 3500; x_wconf 80' lang='grc' dir='ltr'><strong>εἶσι</strong></span> 
     </span>
    </p>
   </div>
   <div class='ocr_carea' id='block_1_66' title="bbox 1982 3263 3626 3348">
    <p class='ocr_par' dir='ltr' id='par_1_66' title="bbox 1982 3263 3626 3348">
     <span class='ocr_line' id='line_1_67' title="bbox 1982 3263 3626 3348; baseline -0.001 -18"><span class='ocrx_word' id='word_1_466' title='bbox 1982 3269 2139 3330; x_wconf 90' lang='lat' dir='ltr'><strong>enim</strong></span> <span class='ocrx_word' id='word_1_467' title='bbox 2199 3285 2402 3348; x_wconf 89' lang='lat' dir='ltr'><strong>pacem</strong></span> <span class='ocrx_word' id='word_1_468' title='bbox 2445 3266 2704 3327; x_wconf 87' lang='lat' dir='ltr'><strong>habente</strong></span> <span class='ocrx_word' id='word_1_469' title='bbox 2762 3263 2938 3325; x_wconf 85' lang='lat' dir='ltr'><strong>decet</strong></span> <span class='ocrx_word' id='word_1_470' title='bbox 2972 3263 3369 3344; x_wconf 81' lang='lat' dir='ltr'><strong>praesentibus</strong></span> <span class='ocrx_word' id='word_1_471' title='bbox 3401 3265 3626 3328; x_wconf 81' lang='lat' dir='ltr'><strong>sanctis</strong></span> 
     </span>
    </p>
   </div>
   <div class='ocr_carea' id='block_1_67' title="bbox 1984 3352 3623 3432">
    <p class='ocr_par' dir='ltr' id='par_1_67' title="bbox 1984 3352 3623 3432">
     <span class='ocr_line' id='line_1_68' title="bbox 1984 3352 3623 3432; baseline -0.001 -13"><span class='ocrx_word' id='word_1_472' title='bbox 1984 3356 2392 3419; x_wconf 88' lang='lat' dir='ltr'><strong>ordinationes</strong></span> <span class='ocrx_word' id='word_1_473' title='bbox 2438 3354 2570 3416; x_wconf 83' lang='lat' dir='ltr'><strong>ﬁeri</strong></span> <span class='ocrx_word' id='word_1_474' title='bbox 2607 3354 2666 3414; x_wconf 92' lang='lat' dir='ltr'><strong>in</strong></span> <span class='ocrx_word' id='word_1_475' title='bbox 2718 3352 3017 3414; x_wconf 87' lang='lat' dir='ltr'><strong>ecclesiis.</strong></span> <span class='ocrx_word' id='word_1_476' title='bbox 3052 3352 3117 3414; x_wconf 88' lang='lat' dir='ltr'><strong>In</strong></span> <span class='ocrx_word' id='word_1_477' title='bbox 3147 3352 3396 3432; x_wconf 79' lang='lat' dir='ltr'><strong>regione</strong></span> <span class='ocrx_word' id='word_1_478' title='bbox 3423 3363 3623 3418; x_wconf 88' lang='lat' dir='ltr'><strong>autem</strong></span> 
     </span>
    </p>
   </div>
   <div class='ocr_carea' id='block_1_68' title="bbox 1984 3440 3625 3526">
    <p class='ocr_par' dir='ltr' id='par_1_68' title="bbox 1984 3440 3625 3526">
     <span class='ocr_line' id='line_1_69' title="bbox 1984 3440 3625 3526; baseline -0.001 -19"><span class='ocrx_word' id='word_1_479' title='bbox 1984 3446 2034 3507; x_wconf 88' lang='lat' dir='ltr'><strong>si</strong></span> <span class='ocrx_word' id='word_1_480' title='bbox 2067 3445 2168 3526; x_wconf 85' lang='lat' dir='ltr'><strong>qui</strong></span> <span class='ocrx_word' id='word_1_481' title='bbox 2200 3444 2341 3521; x_wconf 88' lang='lat' dir='ltr'><strong>sint,</strong></span> <span class='ocrx_word' id='word_1_482' title='bbox 2373 3445 2471 3525; x_wconf 93' lang='lat' dir='ltr'><strong>qui</strong></span> <span class='ocrx_word' id='word_1_483' title='bbox 2506 3440 3075 3505; x_wconf 82' lang='lat' dir='ltr'><strong>communirantium</strong></span> <span class='ocrx_word' id='word_1_484' title='bbox 3103 3441 3321 3502; x_wconf 86' lang='lat' dir='ltr'><strong>animis</strong></span> <span class='ocrx_word' id='word_1_485' title='bbox 3350 3462 3625 3505; x_wconf 85' lang='lat' dir='ltr'><strong>commu-</strong></span> 
     </span>
    </p>
   </div>
   <div class='ocr_carea' id='block_1_69' title="bbox 255 3530 1898 3615">
    <p class='ocr_par' dir='ltr' id='par_1_69' title="bbox 255 3532 1898 3610">
     <span class='ocr_line' id='line_1_70' title="bbox 255 3532 1898 3610; baseline -0.002 -18"><span class='ocrx_word' id='word_1_486' title='bbox 255 3556 399 3598; x_wconf 87' lang='grc' dir='ltr'><strong>τινες</strong></span> <span class='ocrx_word' id='word_1_487' title='bbox 444 3546 565 3596; x_wconf 76' lang='grc' dir='ltr'><strong>ταῖς</strong></span> <span class='ocrx_word' id='word_1_488' title='bbox 624 3540 730 3591; x_wconf 71' lang='grc' dir='ltr'><strong>τῶν</strong></span> <span class='ocrx_word' id='word_1_489' title='bbox 791 3532 1239 3598; x_wconf 62' lang='grc' dir='ltr'><strong>κοινωνησάντων</strong></span> <span class='ocrx_word' id='word_1_490' title='bbox 1312 3533 1577 3610; x_wconf 85' lang='grc' dir='ltr'><strong>γνώμαις,</strong></span> <span class='ocrx_word' id='word_1_491' title='bbox 1625 3535 1700 3608; x_wconf 83' lang='grc' dir='ltr'><strong>μὴ</strong></span> <span class='ocrx_word' id='word_1_492' title='bbox 1744 3532 1898 3589; x_wconf 77' lang='grc' dir='ltr'><strong>ἄλλοι</strong></span> 
     </span>
    </p>
   </div>
   <div class='ocr_carea' id='block_1_70' title="bbox 1997 3530 3624 3615">
    <p class='ocr_par' dir='ltr' id='par_1_70' title="bbox 1997 3530 3624 3615">
     <span class='ocr_line' id='line_1_71' title="bbox 1997 3530 3624 3615; baseline -0.001 -19"><span class='ocrx_word' id='word_1_493' title='bbox 1997 3535 2358 3611; x_wconf 79' lang='lat' dir='ltr'><strong>oicaverint;</strong></span> <span class='ocrx_word' id='word_1_494' title='bbox 2389 3552 2508 3595; x_wconf 92' lang='lat' dir='ltr'><strong>non</strong></span> <span class='ocrx_word' id='word_1_495' title='bbox 2552 3531 2728 3594; x_wconf 86' lang='lat' dir='ltr'><strong>aliter</strong></span> <span class='ocrx_word' id='word_1_496' title='bbox 2759 3530 3136 3603; x_wconf 88' lang='lat' dir='ltr'><strong>ordinentur,</strong></span> <span class='ocrx_word' id='word_1_497' title='bbox 3183 3548 3359 3610; x_wconf 91' lang='lat' dir='ltr'><strong>quam</strong></span> <span class='ocrx_word' id='word_1_498' title='bbox 3390 3531 3487 3613; x_wconf 85' lang='lat' dir='ltr'><strong>iis,</strong></span> <span class='ocrx_word' id='word_1_499' title='bbox 3520 3532 3624 3615; x_wconf 89' lang='lat' dir='ltr'><strong>qui</strong></span> 
     </span>
    </p>
   </div>
   <div class='ocr_carea' id='block_1_71' title="bbox 255 3617 1898 3705">
    <p class='ocr_par' dir='ltr' id='par_1_71' title="bbox 255 3620 1895 3705">
     <span class='ocr_line' id='line_1_72' title="bbox 255 3620 1895 3705; baseline -0.001 -25"><span class='ocrx_word' id='word_1_500' title='bbox 255 3624 793 3705; x_wconf 84' lang='grc' dir='ltr'><strong>χειροτονείσθωσαν,</strong></span> <span class='ocrx_word' id='word_1_501' title='bbox 840 3620 978 3677; x_wconf 81' lang='grc' dir='ltr'><strong>ἀλλὰ</strong></span> <span class='ocrx_word' id='word_1_502' title='bbox 1020 3627 1127 3677; x_wconf 84' lang='grc' dir='ltr'><strong>τῶν</strong></span> <span class='ocrx_word' id='word_1_503' title='bbox 1187 3620 1400 3689; x_wconf 75' lang='grc' dir='ltr'><strong>ἀληθῶς</strong></span> <span class='ocrx_word' id='word_1_504' title='bbox 1433 3620 1719 3700; x_wconf 78' lang='grc' dir='ltr'><strong>όρθοδόξων</strong></span> <span class='ocrx_word' id='word_1_505' title='bbox 1749 3621 1895 3689; x_wconf 91' lang='grc' dir='ltr'><strong>κλη-</strong></span> 
     </span>
    </p>
   </div>
   <div class='ocr_carea' id='block_1_72' title="bbox 1997 3617 3622 3705">
    <p class='ocr_par' dir='ltr' id='par_1_72' title="bbox 1997 3617 3622 3700">
     <span class='ocr_line' id='line_1_73' title="bbox 1997 3617 3622 3700; baseline -0.002 -13"><span class='ocrx_word' id='word_1_506' title='bbox 1997 3634 2122 3687; x_wconf 74' lang='lat' dir='ltr'><strong>sunt</strong></span> <span class='ocrx_word' id='word_1_507' title='bbox 2150 3641 2289 3685; x_wconf 86' lang='lat' dir='ltr'><strong>vere</strong></span> <span class='ocrx_word' id='word_1_508' title='bbox 2317 3621 2633 3683; x_wconf 84' lang='lat' dir='ltr'><strong>orthodoxi</strong></span> <span class='ocrx_word' id='word_1_509' title='bbox 2664 3618 2897 3698; x_wconf 83' lang='lat' dir='ltr'><strong>clerici,</strong></span> <span class='ocrx_word' id='word_1_510' title='bbox 2930 3617 3432 3696; x_wconf 85' lang='lat' dir='ltr'><strong>examinantibus,</strong></span> <span class='ocrx_word' id='word_1_511' title='bbox 3463 3639 3622 3700; x_wconf 65' lang='lat' dir='ltr'><strong>pras-</strong></span> 
     </span>
    </p>
   </div>
   <div class='ocr_carea' id='block_1_73' title="bbox 258 3709 1898 3791">
    <p class='ocr_par' dir='ltr' id='par_1_73' title="bbox 258 3709 1894 3791">
     <span class='ocr_line' id='line_1_74' title="bbox 258 3709 1894 3791; baseline -0.002 -21"><span class='ocrx_word' id='word_1_512' title='bbox 258 3715 424 3791; x_wconf 82' lang='grc' dir='ltr'><strong>ρικών</strong></span> <span class='ocrx_word' id='word_1_513' title='bbox 479 3710 932 3789; x_wconf 79' lang='grc' dir='ltr'><strong>δογματιζόντων,</strong></span> <span class='ocrx_word' id='word_1_514' title='bbox 992 3709 1256 3787; x_wconf 72' lang='grc' dir='ltr'><strong>παρόντος</strong></span> <span class='ocrx_word' id='word_1_515' title='bbox 1309 3710 1471 3770; x_wconf 78' lang='grc' dir='ltr'><strong>πάλιν</strong></span> <span class='ocrx_word' id='word_1_516' title='bbox 1520 3716 1612 3765; x_wconf 83' lang='grc' dir='ltr'><strong>τοῦ</strong></span> <span class='ocrx_word' id='word_1_517' title='bbox 1668 3710 1894 3767; x_wconf 77' lang='grc' dir='ltr'><strong>ἐπισκό-</strong></span> 
     </span>
    </p>
   </div>
   <div class='ocr_carea' id='block_1_74' title="bbox 1997 3709 3623 3791">
    <p class='ocr_par' dir='ltr' id='par_1_74' title="bbox 1997 3712 3623 3790">
     <span class='ocr_line' id='line_1_75' title="bbox 1997 3712 3623 3790; baseline -0.004 -16"><span class='ocrx_word' id='word_1_518' title='bbox 1997 3723 2151 3774; x_wconf 77' lang='grc' dir='ltr'><strong>ςοηιθ</strong></span> <span class='ocrx_word' id='word_1_519' title='bbox 2205 3729 2414 3773; x_wconf 87' lang='lat' dir='ltr'><strong>rursus</strong></span> <span class='ocrx_word' id='word_1_520' title='bbox 2489 3712 2797 3789; x_wconf 86' lang='lat' dir='ltr'><strong>episcopo,</strong></span> <span class='ocrx_word' id='word_1_521' title='bbox 2857 3714 2916 3768; x_wconf 93' lang='lat' dir='ltr'><strong>et</strong></span> <span class='ocrx_word' id='word_1_522' title='bbox 2994 3713 3350 3787; x_wconf 64' lang='lat' dir='ltr'><strong>prementem</strong></span> <span class='ocrx_word' id='word_1_523' title='bbox 3424 3727 3623 3790; x_wconf 82' lang='lat' dir='ltr'><strong>papu-</strong></span> 
     </span>
    </p>
   </div>
   <div class='ocr_carea' id='block_1_75' title="bbox 260 3797 1893 3882">
    <p class='ocr_par' dir='ltr' id='par_1_75' title="bbox 260 3797 1893 3882">
     <span class='ocr_line' id='line_1_76' title="bbox 260 3797 1893 3882; baseline -0.002 -21"><span class='ocrx_word' id='word_1_524' title='bbox 260 3823 390 3882; x_wconf 80' lang='grc' dir='ltr'><strong>που,</strong></span> <span class='ocrx_word' id='word_1_525' title='bbox 444 3804 534 3859; x_wconf 84' lang='grc' dir='ltr'><strong>καὶ</strong></span> <span class='ocrx_word' id='word_1_526' title='bbox 590 3798 1031 3878; x_wconf 72' lang='grc' dir='ltr'><strong>προσφωνοῦντος</strong></span> <span class='ocrx_word' id='word_1_527' title='bbox 1082 3803 1343 3876; x_wconf 85' lang='grc' dir='ltr'><strong>παρόντος</strong></span> <span class='ocrx_word' id='word_1_528' title='bbox 1399 3806 1494 3857; x_wconf 79' lang='grc' dir='ltr'><strong>τοῦ</strong></span> <span class='ocrx_word' id='word_1_529' title='bbox 1535 3797 1669 3856; x_wconf 79' lang='grc' dir='ltr'><strong>λαοῦ</strong></span> <span class='ocrx_word' id='word_1_530' title='bbox 1709 3803 1893 3879; x_wconf 82' lang='grc' dir='ltr'><strong>μόνον,</strong></span> 
     </span>
    </p>
   </div>
   <div class='ocr_carea' id='block_1_76' title="bbox 255 3887 1158 3967">
    <p class='ocr_par' dir='ltr' id='par_1_76' title="bbox 255 3887 1158 3967">
     <span class='ocr_line' id='line_1_77' title="bbox 255 3887 1158 3967; baseline -0.006 -19"><span class='ocrx_word' id='word_1_531' title='bbox 255 3890 352 3948; x_wconf 75' lang='grc' dir='ltr'><strong>ἵνα</strong></span> <span class='ocrx_word' id='word_1_532' title='bbox 382 3891 462 3965; x_wconf 77' lang='grc' dir='ltr'><strong>μὴ</strong></span> <span class='ocrx_word' id='word_1_533' title='bbox 490 3887 785 3967; x_wconf 83' lang='grc' dir='ltr'><strong>περιδρομή</strong></span> <span class='ocrx_word' id='word_1_534' title='bbox 809 3909 889 3953; x_wconf 90' lang='grc' dir='ltr'><strong>τις</strong></span> <span class='ocrx_word' id='word_1_535' title='bbox 918 3889 1158 3966; x_wconf 88' lang='grc' dir='ltr'><strong>γίνηται.</strong></span> 
     </span>
    </p>
   </div>
   <div class='ocr_carea' id='block_1_77' title="bbox 344 3975 1900 4059">
    <p class='ocr_par' dir='ltr' id='par_1_77' title="bbox 344 3975 1900 4059">
     <span class='ocr_line' id='line_1_78' title="bbox 344 3975 1900 4059; baseline -0.001 -22"><span class='ocrx_word' id='word_1_536' title='bbox 344 3977 566 4037; x_wconf 72' lang='grc' dir='ltr'><strong>Βιϐλίον</strong></span> <span class='ocrx_word' id='word_1_537' title='bbox 592 3980 669 4041; x_wconf 88' lang='grc' dir='ltr'><strong>α’,</strong></span> <span class='ocrx_word' id='word_1_538' title='bbox 706 3979 806 4038; x_wconf 82' lang='grc' dir='ltr'><strong>είτ.</strong></span> <span class='ocrx_word' id='word_1_539' title='bbox 840 3976 917 4055; x_wconf 81' lang='grc' dir='ltr'><strong>γ’,</strong></span> <span class='ocrx_word' id='word_1_540' title='bbox 964 3975 1102 4038; x_wconf 77' lang='grc' dir='ltr'><strong>διάτ.</strong></span> <span class='ocrx_word' id='word_1_541' title='bbox 1139 3976 1236 4053; x_wconf 82' lang='grc' dir='ltr'><strong>ιβ’,</strong></span> <span class='ocrx_word' id='word_1_542' title='bbox 1268 3977 1345 4053; x_wconf 82' lang='grc'><strong>)’,</strong></span> <span class='ocrx_word' id='word_1_543' title='bbox 1378 3975 1495 4059; x_wconf 75' lang='grc' dir='ltr'><strong>μβ’,</strong></span> <span class='ocrx_word' id='word_1_544' title='bbox 1529 3978 1645 4058; x_wconf 83' lang='grc' dir='ltr'><strong>μζ’,</strong></span> <span class='ocrx_word' id='word_1_545' title='bbox 1672 3978 1778 4059; x_wconf 81' lang='grc' dir='ltr'><strong>νβ’,</strong></span> <span class='ocrx_word' id='word_1_546' title='bbox 1812 3981 1900 4038; x_wconf 82' lang='grc' dir='ltr'><strong>καὶ</strong></span> 
     </span>
    </p>
   </div>
   <div class='ocr_carea' id='block_1_78' title="bbox 256 4063 1898 4148">
    <p class='ocr_par' dir='ltr' id='par_1_78' title="bbox 256 4063 1898 4148">
     <span class='ocr_line' id='line_1_79' title="bbox 256 4063 1898 4148; baseline -0.018 -19"><span class='ocrx_word' id='word_1_547' title='bbox 256 4072 362 4129; x_wconf 86' lang='grc' dir='ltr'><strong>τίτ.</strong></span> <span class='ocrx_word' id='word_1_548' title='bbox 398 4067 452 4125; x_wconf 84' lang='grc' dir='ltr'><strong>α’</strong></span> <span class='ocrx_word' id='word_1_549' title='bbox 481 4073 589 4125; x_wconf 85' lang='grc' dir='ltr'><strong>τῶν</strong></span> <span class='ocrx_word' id='word_1_550' title='bbox 619 4071 845 4144; x_wconf 67' lang='grc' dir='ltr'><strong>νεαρῶν⁹</strong></span> <span class='ocrx_word' id='word_1_551' title='bbox 877 4064 1019 4127; x_wconf 80' lang='grc' dir='ltr'><strong>διάτ,</strong></span> <span class='ocrx_word' id='word_1_552' title='bbox 1060 4065 1137 4137; x_wconf 82' lang='grc' dir='ltr'><strong>α’,</strong></span> <span class='ocrx_word' id='word_1_553' title='bbox 1171 4063 1248 4143; x_wconf 66' lang='grc' dir='ltr'><strong>β’,</strong></span> <span class='ocrx_word' id='word_1_554' title='bbox 1294 4066 1382 4137; x_wconf 77' lang='grc' dir='ltr'><strong>ιζ’,</strong></span> <span class='ocrx_word' id='word_1_555' title='bbox 1433 4070 1595 4146; x_wconf 62' lang='grc' dir='ltr'><strong>νεαρά</strong></span> <span class='ocrx_word' id='word_1_556' title='bbox 1624 4068 1729 4148; x_wconf 59' lang='grc' dir='ltr'><strong>ς’,</strong></span> <span class='ocrx_word' id='word_1_557' title='bbox 1762 4067 1898 4148; x_wconf 51' lang='grc' dir='ltr'><strong>ρλζν.</strong></span> 
     </span>
    </p>
   </div>
   <div class='ocr_carea' id='block_1_79' title="bbox 341 4155 1900 4237">
    <p class='ocr_par' dir='ltr' id='par_1_79' title="bbox 341 4155 1900 4237">
     <span class='ocr_line' id='line_1_80' title="bbox 341 4155 1900 4237; baseline -0.001 -21"><span class='ocrx_word' id='word_1_558' title='bbox 341 4161 474 4237; x_wconf 84' lang='grc' dir='ltr'><strong>Περί</strong></span> <span class='ocrx_word' id='word_1_559' title='bbox 518 4158 616 4215; x_wconf 72' lang='grc' dir='ltr'><strong>τοῦ</strong></span> <span class='ocrx_word' id='word_1_560' title='bbox 657 4158 736 4233; x_wconf 77' lang='grc' dir='ltr'><strong>μὴ</strong></span> <span class='ocrx_word' id='word_1_561' title='bbox 786 4157 989 4235; x_wconf 81' lang='grc' dir='ltr'><strong>χρῆναι</strong></span> <span class='ocrx_word' id='word_1_562' title='bbox 1037 4167 1155 4220; x_wconf 75' lang='grc' dir='ltr'><strong>τοῖς</strong></span> <span class='ocrx_word' id='word_1_563' title='bbox 1201 4155 1392 4236; x_wconf 81' lang='grc' dir='ltr'><strong>ὄχλοις</strong></span> <span class='ocrx_word' id='word_1_564' title='bbox 1450 4157 1752 4236; x_wconf 77' lang='grc' dir='ltr'><strong>ἐπιτρέπειν</strong></span> <span class='ocrx_word' id='word_1_565' title='bbox 1796 4165 1900 4215; x_wconf 81' lang='grc' dir='ltr'><strong>τῶν</strong></span> 
     </span>
    </p>
   </div>
   <div class='ocr_carea' id='block_1_80' title="bbox 258 4246 765 4329">
    <p class='ocr_par' dir='ltr' id='par_1_80' title="bbox 258 4246 765 4329">
     <span class='ocr_line' id='line_1_81' title="bbox 258 4246 765 4329; baseline -0.002 -21"><span class='ocrx_word' id='word_1_566' title='bbox 258 4253 446 4329; x_wconf 70' lang='grc' dir='ltr'><strong>ἱερέων</strong></span> <span class='ocrx_word' id='word_1_567' title='bbox 476 4246 765 4325; x_wconf 81' lang='grc' dir='ltr'><strong>ὲπιλογήν.</strong></span> 
     </span>
    </p>
   </div>
   <div class='ocr_carea' id='block_1_81' title="bbox 346 4332 1900 4417">
    <p class='ocr_par' dir='ltr' id='par_1_81' title="bbox 346 4332 1900 4417">
     <span class='ocr_line' id='line_1_82' title="bbox 346 4332 1900 4417; baseline -0.003 -19"><span class='ocrx_word' id='word_1_568' title='bbox 346 4343 602 4398; x_wconf 76' lang='grc' dir='ltr'><strong>ΚΕΦΑΛ.</strong></span> <span class='ocrx_word' id='word_1_569' title='bbox 650 4335 732 4398; x_wconf 81' lang='grc' dir='ltr'><strong>Ζ’.</strong></span> <span class='ocrx_word' id='word_1_570' title='bbox 788 4368 867 4380; x_wconf 96' lang='grc'><strong><em>-</em></strong></span> <span class='ocrx_word' id='word_1_571' title='bbox 924 4332 1152 4391; x_wconf 86' lang='grc' dir='ltr'><strong>Συνόδου</strong></span> <span class='ocrx_word' id='word_1_572' title='bbox 1196 4332 1508 4399; x_wconf 72' lang='grc' dir='ltr'><strong>Λαοδικείας</strong></span> <span class='ocrx_word' id='word_1_573' title='bbox 1578 4337 1755 4393; x_wconf 83' lang='grc' dir='ltr'><strong>κανὼν</strong></span> <span class='ocrx_word' id='word_1_574' title='bbox 1804 4338 1900 4417; x_wconf 87' lang='grc' dir='ltr'><strong>ιγ’,</strong></span> 
     </span>
    </p>
   </div>
   <div class='ocr_carea' id='block_1_82' title="bbox 264 4421 1905 4508">
    <p class='ocr_par' dir='ltr' id='par_1_82' title="bbox 264 4421 1905 4508">
     <span class='ocr_line' id='line_1_83' title="bbox 264 4421 1905 4508; baseline 0.009 -34"><span class='ocrx_word' id='word_1_575' title='bbox 264 4428 368 4508; x_wconf 66' lang='grc' dir='ltr'><strong>ιγ’,</strong></span> <span class='ocrx_word' id='word_1_576' title='bbox 446 4427 571 4505; x_wconf 78' lang='grc' dir='ltr'><strong>Περὶ</strong></span> <span class='ocrx_word' id='word_1_577' title='bbox 625 4426 722 4481; x_wconf 80' lang='grc' dir='ltr'>τοῦ</span> <span class='ocrx_word' id='word_1_578' title='bbox 792 4425 871 4500; x_wconf 77' lang='grc' dir='ltr'><strong>μὴ</strong></span> <span class='ocrx_word' id='word_1_579' title='bbox 940 4436 1061 4486; x_wconf 78' lang='grc' dir='ltr'><strong>τοῖς</strong></span> <span class='ocrx_word' id='word_1_580' title='bbox 1153 4421 1341 4504; x_wconf 77' lang='grc' dir='ltr'><strong>ὄχλοις</strong></span> <span class='ocrx_word' id='word_1_581' title='bbox 1425 4424 1727 4503; x_wconf 72' lang='grc' dir='ltr'><strong>ἐπιτρέπειν</strong></span> <span class='ocrx_word' id='word_1_582' title='bbox 1808 4430 1905 4491; x_wconf 80' lang='grc' dir='ltr'><strong>τὰς</strong></span> 
     </span>
    </p>
   </div>
   <div class='ocr_carea' id='block_1_83' title="bbox 265 4511 1902 4596">
    <p class='ocr_par' dir='ltr' id='par_1_83' title="bbox 265 4511 1902 4596">
     <span class='ocr_line' id='line_1_84' title="bbox 265 4511 1902 4596; baseline -0.002 -20"><span class='ocrx_word' id='word_1_583' title='bbox 265 4517 498 4596; x_wconf 68' lang='grc' dir='ltr'><strong>ἃκλογὰς</strong></span> <span class='ocrx_word' id='word_1_584' title='bbox 587 4514 858 4572; x_wconf 76' lang='grc' dir='ltr'><strong>ποιεῖσθαι</strong></span> <span class='ocrx_word' id='word_1_585' title='bbox 956 4519 1064 4569; x_wconf 80' lang='grc' dir='ltr'><strong>τῶν</strong></span> <span class='ocrx_word' id='word_1_586' title='bbox 1167 4511 1478 4589; x_wconf 83' lang='grc' dir='ltr'><strong>μελλόντων</strong></span> <span class='ocrx_word' id='word_1_587' title='bbox 1561 4516 1902 4574; x_wconf 79' lang='grc' dir='ltr'><strong>καθίστασθαι</strong></span> 
     </span>
    </p>
   </div>
   <div class='ocr_carea' id='block_1_84' title="bbox 264 4603 670 4688">
    <p class='ocr_par' dir='ltr' id='par_1_84' title="bbox 264 4603 670 4688">
     <span class='ocr_line' id='line_1_85' title="bbox 264 4603 670 4688; baseline -0.002 -21"><span class='ocrx_word' id='word_1_588' title='bbox 264 4611 340 4675; x_wconf 81' lang='grc' dir='ltr'><strong>εἰς</strong></span> <span class='ocrx_word' id='word_1_589' title='bbox 384 4603 646 4688; x_wconf 72' lang='grc' dir='ltr'><strong>ἱερατείαν</strong></span> <span class='ocrx_word' id='word_1_590' title='bbox 657 4652 670 4666; x_wconf 96' lang='grc'><strong>.</strong></span> 
     </span>
    </p>
   </div>
   <div class='ocr_carea' id='block_1_85' title="bbox 514 4691 1660 4773">
    <p class='ocr_par' dir='ltr' id='par_1_85' title="bbox 514 4691 1660 4773">
     <span class='ocr_line' id='line_1_86' title="bbox 514 4691 1660 4773; baseline 0.002 -22"><span class='ocrx_word' id='word_1_591' title='bbox 514 4691 743 4751; x_wconf 86' lang='grc' dir='ltr'><strong>Συνόδου</strong></span> <span class='ocrx_word' id='word_1_592' title='bbox 773 4692 993 4757; x_wconf 77' lang='grc' dir='ltr'><strong>Νικαίας</strong></span> <span class='ocrx_word' id='word_1_593' title='bbox 1022 4694 1083 4751; x_wconf 80' lang='grc' dir='ltr'><strong>τὸ</strong></span> <span class='ocrx_word' id='word_1_594' title='bbox 1112 4691 1347 4773; x_wconf 78' lang='grc' dir='ltr'><strong>δεύτερον</strong></span> <span class='ocrx_word' id='word_1_595' title='bbox 1377 4695 1551 4751; x_wconf 83' lang='grc' dir='ltr'><strong>κανὼν</strong></span> <span class='ocrx_word' id='word_1_596' title='bbox 1585 4691 1660 4773; x_wconf 84' lang='grc' dir='ltr'><strong>γ’.</strong></span> 
     </span>
    </p>
   </div>
   <div class='ocr_carea' id='block_1_86' title="bbox 344 4782 1905 4869">
    <p class='ocr_par' dir='ltr' id='par_1_86' title="bbox 344 4782 1905 4869">
     <span class='ocr_line' id='line_1_87' title="bbox 344 4782 1905 4869; baseline -0.01 -22"><span class='ocrx_word' id='word_1_597' title='bbox 344 4784 424 4869; x_wconf 72' lang='grc' dir='ltr'><strong>γ’.</strong></span> <span class='ocrx_word' id='word_1_598' title='bbox 459 4791 641 4844; x_wconf 81' lang='grc' dir='ltr'><strong>Πᾶσαν</strong></span> <span class='ocrx_word' id='word_1_599' title='bbox 673 4782 852 4864; x_wconf 64' lang='grc' dir='ltr'><strong>ψῆφον</strong></span> <span class='ocrx_word' id='word_1_600' title='bbox 879 4782 1169 4860; x_wconf 72' lang='grc' dir='ltr'><strong>γινομένην</strong></span> <span class='ocrx_word' id='word_1_601' title='bbox 1227 4784 1369 4862; x_wconf 79' lang='grc' dir='ltr'><strong>παρὰ</strong></span> <span class='ocrx_word' id='word_1_602' title='bbox 1428 4783 1732 4863; x_wconf 59' lang='grc' dir='ltr'><strong>ἀρχόντων,</strong></span> <span class='ocrx_word' id='word_1_603' title='bbox 1779 4784 1905 4842; x_wconf 72' lang='grc' dir='ltr'><strong>ἐπι-</strong></span> 
     </span>
    </p>
   </div>
   <div class='ocr_carea' id='block_1_87' title="bbox 264 4870 1906 4954">
    <p class='ocr_par' dir='ltr' id='par_1_87' title="bbox 264 4870 1906 4954">
     <span class='ocr_line' id='line_1_88' title="bbox 264 4870 1906 4954; baseline -0.005 -16"><span class='ocrx_word' id='word_1_604' title='bbox 264 4878 496 4951; x_wconf 75' lang='grc' dir='ltr'><strong>σκόπου,</strong></span> <span class='ocrx_word' id='word_1_605' title='bbox 547 4875 584 4941; x_wconf 79' lang='grc' dir='ltr'>ἣ</span> <span class='ocrx_word' id='word_1_606' title='bbox 638 4870 1017 4954; x_wconf 78' lang='grc' dir='ltr'><strong>πρεσϐυτέρου,</strong></span> <span class='ocrx_word' id='word_1_607' title='bbox 1059 4872 1094 4941; x_wconf 75' lang='grc' dir='ltr'><strong>’ὴ</strong></span> <span class='ocrx_word' id='word_1_608' title='bbox 1153 4871 1424 4949; x_wconf 83' lang='grc' dir='ltr'><strong>διακόνου,</strong></span> <span class='ocrx_word' id='word_1_609' title='bbox 1476 4874 1669 4952; x_wconf 79' lang='grc' dir='ltr'><strong>ἄκυρον</strong></span> <span class='ocrx_word' id='word_1_610' title='bbox 1727 4874 1906 4951; x_wconf 78' lang='grc' dir='ltr'><strong>μένειν</strong></span> 
     </span>
    </p>
   </div>
   <div class='ocr_carea' id='block_1_88' title="bbox 267 4963 1904 5044">
    <p class='ocr_par' dir='ltr' id='par_1_88' title="bbox 267 4963 1904 5044">
     <span class='ocr_line' id='line_1_89' title="bbox 267 4963 1904 5044; baseline -0.004 -16"><span class='ocrx_word' id='word_1_611' title='bbox 267 4970 409 5028; x_wconf 76' lang='grc' dir='ltr'><strong>κατὰ</strong></span> <span class='ocrx_word' id='word_1_612' title='bbox 463 4968 558 5023; x_wconf 79' lang='grc' dir='ltr'><strong>τὸν</strong></span> <span class='ocrx_word' id='word_1_613' title='bbox 589 4964 784 5021; x_wconf 75' lang='grc' dir='ltr'><strong>κανόνα</strong></span> <span class='ocrx_word' id='word_1_614' title='bbox 826 4966 919 5020; x_wconf 75' lang='grc' dir='ltr'><strong>τὸν</strong></span> <span class='ocrx_word' id='word_1_615' title='bbox 960 4963 1189 5044; x_wconf 74' lang='grc' dir='ltr'><strong>λέγοντα</strong></span> <span class='ocrx_word' id='word_1_616' title='bbox 1223 4982 1239 4999; x_wconf 83' lang='grc'>⁶</span> <span class='ocrx_word' id='word_1_617' title='bbox 1279 4964 1344 5022; x_wconf 77' lang='grc' dir='ltr'><strong>Εἴ</strong></span> <span class='ocrx_word' id='word_1_618' title='bbox 1375 4986 1456 5028; x_wconf 79' lang='grc' dir='ltr'><strong>τις</strong></span> <span class='ocrx_word' id='word_1_619' title='bbox 1486 4964 1773 5027; x_wconf 75' lang='grc' dir='ltr'><strong>ἐπίσκοπος</strong></span> <span class='ocrx_word' id='word_1_620' title='bbox 1803 4987 1904 5022; x_wconf 90' lang='grc' dir='ltr'><strong>κο-</strong></span> 
     </span>
    </p>
   </div>
   <div class='ocr_carea' id='block_1_89' title="bbox 270 5052 1904 5134">
    <p class='ocr_par' dir='ltr' id='par_1_89' title="bbox 270 5052 1904 5134">
     <span class='ocr_line' id='line_1_90' title="bbox 270 5052 1904 5134; baseline -0.002 -21"><span class='ocrx_word' id='word_1_621' title='bbox 270 5069 495 5134; x_wconf 77' lang='grc' dir='ltr'><strong>σμικοϊς</strong></span> <span class='ocrx_word' id='word_1_622' title='bbox 553 5052 779 5134; x_wconf 79' lang='grc' dir='ltr'><strong>ἄρχουσι</strong></span> <span class='ocrx_word' id='word_1_623' title='bbox 839 5054 1214 5133; x_wconf 80' lang='grc' dir='ltr'><strong>χρησάμενος,</strong></span> <span class='ocrx_word' id='word_1_624' title='bbox 1276 5052 1344 5110; x_wconf 90' lang='grc' dir='ltr'><strong>δι’</strong></span> <span class='ocrx_word' id='word_1_625' title='bbox 1405 5054 1577 5111; x_wconf 69' lang='grc' dir='ltr'><strong>αὒτῶν</strong></span> <span class='ocrx_word' id='word_1_626' title='bbox 1618 5054 1904 5122; x_wconf 80' lang='grc' dir='ltr'><strong>ἐκκλησίας</strong></span> 
     </span>
    </p>
   </div>
   <div class='ocr_carea' id='block_1_90' title="bbox 268 5144 1909 5228">
    <p class='ocr_par' dir='ltr' id='par_1_90' title="bbox 268 5144 1909 5228">
     <span class='ocr_line' id='line_1_91' title="bbox 268 5144 1909 5228; baseline -0.002 -24"><span class='ocrx_word' id='word_1_627' title='bbox 268 5149 522 5228; x_wconf 77' lang='grc' dir='ltr'><strong>γένηται,</strong></span> <span class='ocrx_word' id='word_1_628' title='bbox 611 5144 957 5222; x_wconf 82' lang='grc' dir='ltr'><strong>καθαιρείσθω</strong></span> <span class='ocrx_word' id='word_1_629' title='bbox 991 5161 1007 5175; x_wconf 82' lang='grc'>⁶</span> <span class='ocrx_word' id='word_1_630' title='bbox 1065 5145 1154 5200; x_wconf 86' lang='grc' dir='ltr'><strong>καὶ</strong></span> <span class='ocrx_word' id='word_1_631' title='bbox 1227 5144 1655 5223; x_wconf 77' lang='grc' dir='ltr'><strong>ἀφοριζὲσθωσαν</strong></span> <span class='ocrx_word' id='word_1_632' title='bbox 1714 5146 1802 5201; x_wconf 82' lang='grc' dir='ltr'><strong>καὶ</strong></span> <span class='ocrx_word' id='word_1_633' title='bbox 1861 5145 1909 5201; x_wconf 74' lang='grc' dir='ltr'><strong>οἱ</strong></span> 
     </span>
    </p>
   </div>
   <div class='ocr_carea' id='block_1_91' title="bbox 268 5232 1911 5312">
    <p class='ocr_par' dir='ltr' id='par_1_91' title="bbox 268 5232 1911 5312">
     <span class='ocr_line' id='line_1_92' title="bbox 268 5232 1911 5312; baseline -0.003 -19"><span class='ocrx_word' id='word_1_634' title='bbox 268 5239 649 5296; x_wconf 78' lang='grc' dir='ltr'><strong>κοινωνούντες</strong></span> <span class='ocrx_word' id='word_1_635' title='bbox 708 5234 850 5306; x_wconf 67' lang='grc' dir='ltr'><strong>αὔτῷ</strong></span> <span class='ocrx_word' id='word_1_636' title='bbox 898 5233 1122 5296; x_wconf 76' lang='grc' dir='ltr'><strong>πάντες,</strong></span> <span class='ocrx_word' id='word_1_637' title='bbox 1200 5242 1298 5289; x_wconf 74' lang='grc' dir='ltr'><strong>Δεῖ</strong></span> <span class='ocrx_word' id='word_1_638' title='bbox 1352 5234 1453 5312; x_wconf 76' lang='grc' dir='ltr'><strong>γὰρ</strong></span> <span class='ocrx_word' id='word_1_639' title='bbox 1510 5235 1602 5289; x_wconf 82' lang='grc' dir='ltr'><strong>τὸν</strong></span> <span class='ocrx_word' id='word_1_640' title='bbox 1642 5232 1911 5308; x_wconf 67' lang='grc' dir='ltr'><strong>μέλλοντα</strong></span> 
     </span>
    </p>
   </div>
   <div class='ocr_carea' id='block_1_92' title="bbox 270 5321 1911 5407">
    <p class='ocr_par' dir='ltr' id='par_1_92' title="bbox 270 5321 1911 5407">
     <span class='ocr_line' id='line_1_93' title="bbox 270 5321 1911 5407; baseline 0 -29"><span class='ocrx_word' id='word_1_641' title='bbox 270 5321 684 5407; x_wconf 75' lang='grc' dir='ltr'><strong>προϐιϐάζεσθαι</strong></span> <span class='ocrx_word' id='word_1_642' title='bbox 738 5323 811 5384; x_wconf 78' lang='grc' dir='ltr'><strong>εἰς</strong></span> <span class='ocrx_word' id='word_1_643' title='bbox 853 5323 1176 5396; x_wconf 71' lang='grc' dir='ltr'><strong>ἐπισκοπὴν,</strong></span> <span class='ocrx_word' id='word_1_644' title='bbox 1223 5322 1326 5379; x_wconf 75' lang='grc' dir='ltr'><strong>ὑπὸ</strong></span> <span class='ocrx_word' id='word_1_645' title='bbox 1369 5323 1677 5380; x_wconf 79' lang='grc' dir='ltr'><strong>ἐπισκόπων</strong></span> <span class='ocrx_word' id='word_1_646' title='bbox 1735 5323 1911 5402; x_wconf 77' lang='grc' dir='ltr'><strong>ψηφί-</strong></span> 
     </span>
    </p>
   </div>
   <div class='ocr_carea' id='block_1_93' title="bbox 271 5412 1912 5492">
    <p class='ocr_par' dir='ltr' id='par_1_93' title="bbox 271 5412 1912 5492">
     <span class='ocr_line' id='line_1_94' title="bbox 271 5412 1912 5492; baseline -0.002 -21"><span class='ocrx_word' id='word_1_647' title='bbox 271 5419 474 5490; x_wconf 83' lang='grc' dir='ltr'><strong>ζεσθαι,</strong></span> <span class='ocrx_word' id='word_1_648' title='bbox 530 5412 706 5476; x_wconf 86' lang='grc' dir='ltr'><strong>καθὼς</strong></span> <span class='ocrx_word' id='word_1_649' title='bbox 765 5413 909 5491; x_wconf 83' lang='grc' dir='ltr'><strong>παρὰ</strong></span> <span class='ocrx_word' id='word_1_650' title='bbox 977 5418 1086 5470; x_wconf 84' lang='grc' dir='ltr'><strong>τῶν</strong></span> <span class='ocrx_word' id='word_1_651' title='bbox 1147 5412 1313 5491; x_wconf 83' lang='grc' dir='ltr'><strong>ἁγίων</strong></span> <span class='ocrx_word' id='word_1_652' title='bbox 1374 5412 1622 5492; x_wconf 76' lang='grc' dir='ltr'><strong>Πατίρων</strong></span> <span class='ocrx_word' id='word_1_653' title='bbox 1680 5418 1787 5469; x_wconf 83' lang='grc' dir='ltr'><strong>τῶν</strong></span> <span class='ocrx_word' id='word_1_654' title='bbox 1857 5412 1912 5467; x_wconf 79' lang='grc' dir='ltr'><strong>ἐν</strong></span> 
     </span>
    </p>
   </div>
   <div class='ocr_carea' id='block_1_94' title="bbox 274 5501 1910 5585">
    <p class='ocr_par' dir='ltr' id='par_1_94' title="bbox 274 5501 1910 5585">
     <span class='ocr_line' id='line_1_95' title="bbox 274 5501 1910 5585; baseline -0.003 -21"><span class='ocrx_word' id='word_1_655' title='bbox 274 5504 470 5579; x_wconf 55' lang='lat' dir='ltr'><strong>Nimia</strong></span> <span class='ocrx_word' id='word_1_656' title='bbox 527 5501 751 5581; x_wconf 81' lang='grc' dir='ltr'><strong>ὥρισται</strong></span> <span class='ocrx_word' id='word_1_657' title='bbox 795 5502 850 5559; x_wconf 72' lang='grc' dir='ltr'><strong>ἐν</strong></span> <span class='ocrx_word' id='word_1_658' title='bbox 897 5508 974 5579; x_wconf 80' lang='grc' dir='ltr'><strong>τῷ</strong></span> <span class='ocrx_word' id='word_1_659' title='bbox 1014 5503 1198 5562; x_wconf 84' lang='grc' dir='ltr'><strong>κανόνι</strong></span> <span class='ocrx_word' id='word_1_660' title='bbox 1239 5508 1318 5579; x_wconf 82' lang='grc' dir='ltr'><strong>τῷ</strong></span> <span class='ocrx_word' id='word_1_661' title='bbox 1378 5501 1616 5585; x_wconf 80' lang='grc' dir='ltr'><strong>λέγοντι,</strong></span> <span class='ocrx_word' id='word_1_662' title='bbox 1651 5503 1910 5561; x_wconf 83' lang='grc' dir='ltr'><strong>Ἐπίσκο-</strong></span> 
     </span>
    </p>
   </div>
   <div class='ocr_carea' id='block_1_95' title="bbox 274 5591 1859 5676">
    <p class='ocr_par' dir='ltr' id='par_1_95' title="bbox 274 5591 1859 5676">
     <span class='ocr_line' id='line_1_96' title="bbox 274 5591 1859 5676; baseline -0.006 -19"><span class='ocrx_word' id='word_1_663' title='bbox 274 5620 376 5658; x_wconf 88' lang='grc' dir='ltr'><strong>πον</strong></span> <span class='ocrx_word' id='word_1_664' title='bbox 402 5594 689 5676; x_wconf 74' lang='grc' dir='ltr'><strong>προσήκει,</strong></span> <span class='ocrx_word' id='word_1_665' title='bbox 714 5614 770 5655; x_wconf 89' lang='grc' dir='ltr'><strong>κ.</strong></span> <span class='ocrx_word' id='word_1_666' title='bbox 804 5614 857 5656; x_wconf 88' lang='grc' dir='ltr'><strong>τ.</strong></span> <span class='ocrx_word' id='word_1_667' title='bbox 890 5591 943 5656; x_wconf 90' lang='grc' dir='ltr'><strong>λ,</strong></span> <span class='ocrx_word' id='word_1_668' title='bbox 1850 5600 1859 5609; x_wconf 82' lang='grc'><em>’</em></span> 
     </span>
    </p>
   </div>
   <div class='ocr_carea' id='block_1_96' title="bbox 354 5752 1408 5838">
    <p class='ocr_par' dir='ltr' id='par_1_96' title="bbox 354 5752 1408 5838">
     <span class='ocr_line' id='line_1_97' title="bbox 354 5752 1408 5838; baseline 0.008 -23"><span class='ocrx_word' id='word_1_669' title='bbox 354 5758 422 5815; x_wconf 75' lang='grc' dir='ltr'><strong>ω</strong></span> <span class='ocrx_word' id='word_1_670' title='bbox 448 5755 595 5823; x_wconf 70' lang='lat' dir='ltr'><strong>Cen.</strong></span> <span class='ocrx_word' id='word_1_671' title='bbox 629 5753 703 5818; x_wconf 79' lang='lat'><strong>51</strong></span> <span class='ocrx_word' id='word_1_672' title='bbox 739 5752 995 5838; x_wconf 82' lang='lat' dir='ltr'><strong>apostol.</strong></span> <span class='ocrx_word' id='word_1_673' title='bbox 1080 5754 1134 5811; x_wconf 69' lang='grc'><strong>51</strong></span> <span class='ocrx_word' id='word_1_674' title='bbox 1167 5753 1310 5822; x_wconf 68' lang='lat' dir='ltr'><strong>Cen.</strong></span> <span class='ocrx_word' id='word_1_675' title='bbox 1342 5753 1408 5824; x_wconf 73' lang='grc'><strong>4.</strong></span> 
     </span>
    </p>
   </div>
   <div class='ocr_carea' id='block_1_97' title="bbox 1981 3794 3622 3881">
    <p class='ocr_par' dir='ltr' id='par_1_97' title="bbox 1981 3794 3622 3881">
     <span class='ocr_line' id='line_1_98' title="bbox 1981 3794 3622 3881; baseline -0.002 -18"><span class='ocrx_word' id='word_1_676' title='bbox 1981 3802 2104 3863; x_wconf 92' lang='lat' dir='ltr'><strong>lum</strong></span> <span class='ocrx_word' id='word_1_677' title='bbox 2134 3799 2501 3881; x_wconf 90' lang='lat' dir='ltr'><strong>alloquente,</strong></span> <span class='ocrx_word' id='word_1_678' title='bbox 2540 3815 2614 3859; x_wconf 94' lang='lat' dir='ltr'><strong>ne</strong></span> <span class='ocrx_word' id='word_1_679' title='bbox 2645 3794 2980 3859; x_wconf 84' lang='lat' dir='ltr'><strong>intercedat</strong></span> <span class='ocrx_word' id='word_1_680' title='bbox 3008 3795 3206 3877; x_wconf 85' lang='lat' dir='ltr'><strong>aliqua</strong></span> <span class='ocrx_word' id='word_1_681' title='bbox 3237 3794 3622 3861; x_wconf 86' lang='lat' dir='ltr'><strong>circumven-</strong></span> 
     </span>
    </p>
   </div>
   <div class='ocr_carea' id='block_1_98' title="bbox 1982 3890 3297 3953">
    <p class='ocr_par' dir='ltr' id='par_1_98' title="bbox 1982 3890 3297 3953">
     <span class='ocr_line' id='line_1_99' title="bbox 1982 3890 3297 3953; baseline 0 -2"><span class='ocrx_word' id='word_1_682' title='bbox 1982 3890 2088 3953; x_wconf 93' lang='lat' dir='ltr'><strong>tio.</strong></span> <span class='ocrx_word' id='word_1_683' title='bbox 3296 3892 3297 3895; x_wconf 63' lang='grc'><em>“</em></span> 
     </span>
    </p>
   </div>
   <div class='ocr_carea' id='block_1_99' title="bbox 2067 3974 3627 4060">
    <p class='ocr_par' dir='ltr' id='par_1_99' title="bbox 2067 3974 3627 4060">
     <span class='ocr_line' id='line_1_100' title="bbox 2067 3974 3627 4060; baseline 0 -19"><span class='ocrx_word' id='word_1_684' title='bbox 2067 3977 2318 4042; x_wconf 72' lang='lat' dir='ltr'><strong>Tewtus.</strong></span> <span class='ocrx_word' id='word_1_685' title='bbox 2350 3976 2482 4039; x_wconf 89' lang='lat' dir='ltr'><strong>Lib.</strong></span> <span class='ocrx_word' id='word_1_686' title='bbox 2518 3976 2652 4040; x_wconf 92' lang='lat' dir='ltr'><strong>cod.</strong></span> <span class='ocrx_word' id='word_1_687' title='bbox 2692 3978 2749 4050; x_wconf 82' lang='lat'><strong>1,</strong></span> <span class='ocrx_word' id='word_1_688' title='bbox 2775 3977 2861 4037; x_wconf 90' lang='lat' dir='ltr'><strong>tit.</strong></span> <span class='ocrx_word' id='word_1_689' title='bbox 2895 3975 2957 4049; x_wconf 88' lang='lat'><strong>3,</strong></span> <span class='ocrx_word' id='word_1_690' title='bbox 2990 3974 3232 4039; x_wconf 88' lang='lat' dir='ltr'><strong>constit.</strong></span> <span class='ocrx_word' id='word_1_691' title='bbox 3267 3976 3372 4054; x_wconf 66' lang='grc'><strong>12,</strong></span> <span class='ocrx_word' id='word_1_692' title='bbox 3393 3976 3494 4059; x_wconf 88' lang='grc'><strong>30,</strong></span> <span class='ocrx_word' id='word_1_693' title='bbox 3516 3978 3627 4060; x_wconf 71' lang='grc'><strong>42,</strong></span> 
     </span>
    </p>
   </div>
   <div class='ocr_carea' id='block_1_100' title="bbox 1982 4064 3543 4143">
    <p class='ocr_par' dir='ltr' id='par_1_100' title="bbox 1982 4064 3543 4143">
     <span class='ocr_line' id='line_1_101' title="bbox 1982 4064 3543 4143; baseline -0.001 -13"><span class='ocrx_word' id='word_1_694' title='bbox 1982 4071 2084 4143; x_wconf 73' lang='grc'><strong>47,</strong></span> <span class='ocrx_word' id='word_1_695' title='bbox 2119 4068 2218 4141; x_wconf 64' lang='lat'><strong>5?,</strong></span> <span class='ocrx_word' id='word_1_696' title='bbox 2245 4074 2306 4129; x_wconf 89' lang='lat' dir='ltr'><strong>et</strong></span> <span class='ocrx_word' id='word_1_697' title='bbox 2334 4067 2425 4131; x_wconf 93' lang='lat' dir='ltr'><strong>tit.</strong></span> <span class='ocrx_word' id='word_1_698' title='bbox 2460 4068 2488 4127; x_wconf 84' lang='lat'><strong>1</strong></span> <span class='ocrx_word' id='word_1_699' title='bbox 2527 4064 2904 4127; x_wconf 88' lang='lat' dir='ltr'><strong>Novellarum</strong></span> <span class='ocrx_word' id='word_1_700' title='bbox 2929 4064 3172 4126; x_wconf 87' lang='lat' dir='ltr'><strong>constit.</strong></span> <span class='ocrx_word' id='word_1_701' title='bbox 3198 4067 3257 4138; x_wconf 85' lang='lat'><strong>1,</strong></span> <span class='ocrx_word' id='word_1_702' title='bbox 3284 4065 3321 4129; x_wconf 80' lang='lat'><strong>2</strong></span> <span class='ocrx_word' id='word_1_703' title='bbox 3350 4074 3412 4129; x_wconf 89' lang='lat' dir='ltr'><strong>et</strong></span> <span class='ocrx_word' id='word_1_704' title='bbox 3442 4067 3543 4129; x_wconf 85' lang='grc'><strong>17.</strong></span> 
     </span>
    </p>
   </div>
   <div class='ocr_carea' id='block_1_101' title="bbox 2064 4153 3621 4238">
    <p class='ocr_par' dir='ltr' id='par_1_101' title="bbox 2064 4153 3621 4238">
     <span class='ocr_line' id='line_1_102' title="bbox 2064 4153 3621 4238; baseline 0.002 -20"><span class='ocrx_word' id='word_1_705' title='bbox 2064 4156 2434 4219; x_wconf 86' lang='lat' dir='ltr'><strong>Electionem</strong></span> <span class='ocrx_word' id='word_1_706' title='bbox 2469 4153 2847 4217; x_wconf 87' lang='lat' dir='ltr'><strong>sacerdotum</strong></span> <span class='ocrx_word' id='word_1_707' title='bbox 2893 4155 3247 4234; x_wconf 75' lang='lat' dir='ltr'><strong>promiscuae</strong></span> <span class='ocrx_word' id='word_1_708' title='bbox 3284 4154 3447 4235; x_wconf 87' lang='lat' dir='ltr'><strong>plebi</strong></span> <span class='ocrx_word' id='word_1_709' title='bbox 3477 4174 3621 4238; x_wconf 87' lang='lat' dir='ltr'><strong>per-</strong></span> 
     </span>
    </p>
   </div>
   <div class='ocr_carea' id='block_1_102' title="bbox 1988 4246 2688 4310">
    <p class='ocr_par' dir='ltr' id='par_1_102' title="bbox 1988 4246 2688 4310">
     <span class='ocr_line' id='line_1_103' title="bbox 1988 4246 2688 4310; baseline -0.007 -1"><span class='ocrx_word' id='word_1_710' title='bbox 1988 4246 2342 4310; x_wconf 87' lang='lat' dir='ltr'><strong>mittendam</strong></span> <span class='ocrx_word' id='word_1_711' title='bbox 2374 4263 2494 4307; x_wconf 92' lang='lat' dir='ltr'><strong>non</strong></span> <span class='ocrx_word' id='word_1_712' title='bbox 2528 4262 2688 4307; x_wconf 88' lang='lat' dir='ltr'><strong>esse.</strong></span> 
     </span>
    </p>
   </div>
   <div class='ocr_carea' id='block_1_103' title="bbox 2026 4330 3584 4401">
    <p class='ocr_par' dir='ltr' id='par_1_103' title="bbox 2026 4330 3584 4401">
     <span class='ocr_line' id='line_1_104' title="bbox 2026 4330 3584 4401; baseline 0.003 -5"><span class='ocrx_word' id='word_1_713' title='bbox 2026 4335 2120 4397; x_wconf 71' lang='lat'><strong>46</strong></span> <span class='ocrx_word' id='word_1_714' title='bbox 2142 4336 2308 4399; x_wconf 81' lang='lat' dir='ltr'><strong>CAP.</strong></span> <span class='ocrx_word' id='word_1_715' title='bbox 2335 4333 2460 4398; x_wconf 79' lang='lat' dir='ltr'><strong>VII.</strong></span> <span class='ocrx_word' id='word_1_716' title='bbox 2493 4370 2571 4380; x_wconf 97' lang='lat'><strong>—</strong></span> <span class='ocrx_word' id='word_1_717' title='bbox 2594 4330 2860 4396; x_wconf 81' lang='lat' dir='ltr'><strong>Concilii</strong></span> <span class='ocrx_word' id='word_1_718' title='bbox 2895 4331 3225 4396; x_wconf 83' lang='lat' dir='ltr'><strong>Laudiceni</strong></span> <span class='ocrx_word' id='word_1_719' title='bbox 3253 4352 3449 4399; x_wconf 83' lang='lat' dir='ltr'><strong>canon</strong></span> <span class='ocrx_word' id='word_1_720' title='bbox 3481 4336 3584 4401; x_wconf 90' lang='lat'><strong>13.</strong></span> 
     </span>
    </p>
   </div>
   <div class='ocr_carea' id='block_1_104' title="bbox 1993 4422 3632 4508">
    <p class='ocr_par' dir='ltr' id='par_1_104' title="bbox 1993 4422 3632 4508">
     <span class='ocr_line' id='line_1_105' title="bbox 1993 4422 3632 4508; baseline 0.001 -19"><span class='ocrx_word' id='word_1_721' title='bbox 1993 4428 2088 4489; x_wconf 82' lang='lat'><strong>13.</strong></span> <span class='ocrx_word' id='word_1_722' title='bbox 2122 4424 2341 4489; x_wconf 84' lang='lat' dir='ltr'><strong>Turbis</strong></span> <span class='ocrx_word' id='word_1_723' title='bbox 2376 4442 2501 4486; x_wconf 76' lang='lat' dir='ltr'><strong>non</strong></span> <span class='ocrx_word' id='word_1_724' title='bbox 2561 4441 2689 4487; x_wconf 87' lang='lat' dir='ltr'><strong>esse</strong></span> <span class='ocrx_word' id='word_1_725' title='bbox 2718 4422 3218 4503; x_wconf 76' lang='lat' dir='ltr'><strong>permittendum,</strong></span> <span class='ocrx_word' id='word_1_726' title='bbox 3276 4442 3489 4488; x_wconf 77' lang='lat' dir='ltr'><strong>eorum</strong></span> <span class='ocrx_word' id='word_1_727' title='bbox 3520 4434 3632 4508; x_wconf 84' lang='lat' dir='ltr'><strong>qui</strong></span> 
     </span>
    </p>
   </div>
   <div class='ocr_carea' id='block_1_105' title="bbox 1988 4511 3626 4595">
    <p class='ocr_par' dir='ltr' id='par_1_105' title="bbox 1988 4511 3626 4595">
     <span class='ocr_line' id='line_1_106' title="bbox 1988 4511 3626 4595; baseline 0.002 -18"><span class='ocrx_word' id='word_1_728' title='bbox 1988 4522 2132 4578; x_wconf 84' lang='lat' dir='ltr'><strong>sunt</strong></span> <span class='ocrx_word' id='word_1_729' title='bbox 2160 4517 2226 4578; x_wconf 87' lang='lat' dir='ltr'><strong>in</strong></span> <span class='ocrx_word' id='word_1_730' title='bbox 2282 4513 2618 4577; x_wconf 73' lang='lat' dir='ltr'><strong>sacerdotio</strong></span> <span class='ocrx_word' id='word_1_731' title='bbox 2664 4511 3079 4576; x_wconf 76' lang='lat' dir='ltr'><strong>constituendi</strong></span> <span class='ocrx_word' id='word_1_732' title='bbox 3129 4512 3486 4579; x_wconf 76' lang='lat' dir='ltr'><strong>electionem</strong></span> <span class='ocrx_word' id='word_1_733' title='bbox 3520 4518 3626 4595; x_wconf 82' lang='lat' dir='ltr'><strong>fa-</strong></span> 
     </span>
    </p>
   </div>
   <div class='ocr_carea' id='block_1_106' title="bbox 1928 4599 2147 4668">
    <p class='ocr_par' dir='ltr' id='par_1_106' title="bbox 1928 4599 2147 4668">
     <span class='ocr_line' id='line_1_107' title="bbox 1928 4599 2147 4668; baseline -0.014 0"><span class='ocrx_word' id='word_1_734' title='bbox 1928 4599 1973 4651; x_wconf 78' lang='grc' dir='ltr'>ο</span> <span class='ocrx_word' id='word_1_735' title='bbox 1989 4619 2147 4668; x_wconf 82' lang='lat' dir='ltr'><strong>cere.</strong></span> 
     </span>
    </p>
   </div>
   <div class='ocr_carea' id='block_1_107' title="bbox 2336 4692 3292 4767">
    <p class='ocr_par' dir='ltr' id='par_1_107' title="bbox 2336 4692 3292 4767">
     <span class='ocr_line' id='line_1_108' title="bbox 2336 4692 3292 4767; baseline -0.004 -8"><span class='ocrx_word' id='word_1_736' title='bbox 2336 4695 2605 4760; x_wconf 81' lang='lat' dir='ltr'><strong>Concilii</strong></span> <span class='ocrx_word' id='word_1_737' title='bbox 2633 4692 2876 4757; x_wconf 66' lang='grc' dir='ltr'><strong>Νίσαιιὶ</strong></span> <span class='ocrx_word' id='word_1_738' title='bbox 2902 4710 2967 4767; x_wconf 84' lang='grc' dir='ltr'><strong>ιι,</strong></span> <span class='ocrx_word' id='word_1_739' title='bbox 3003 4710 3199 4756; x_wconf 85' lang='lat' dir='ltr'><strong>canon</strong></span> <span class='ocrx_word' id='word_1_740' title='bbox 3228 4696 3292 4756; x_wconf 89' lang='lat'><strong>3.</strong></span> 
     </span>
    </p>
   </div>
   <div class='ocr_carea' id='block_1_108' title="bbox 2069 4785 3626 4868">
    <p class='ocr_par' dir='ltr' id='par_1_108' title="bbox 2069 4785 3626 4868">
     <span class='ocr_line' id='line_1_109' title="bbox 2069 4785 3626 4868; baseline -0.002 -15"><span class='ocrx_word' id='word_1_741' title='bbox 2069 4791 2131 4856; x_wconf 91' lang='lat'><strong>3.</strong></span> <span class='ocrx_word' id='word_1_742' title='bbox 2166 4789 2418 4855; x_wconf 90' lang='lat' dir='ltr'><strong>Omnem</strong></span> <span class='ocrx_word' id='word_1_743' title='bbox 2452 4789 2811 4851; x_wconf 85' lang='lat' dir='ltr'><strong>electionem</strong></span> <span class='ocrx_word' id='word_1_744' title='bbox 2842 4804 2975 4868; x_wconf 65' lang='lat' dir='ltr'><strong>qua:</strong></span> <span class='ocrx_word' id='word_1_745' title='bbox 3006 4786 3073 4847; x_wconf 82' lang='lat' dir='ltr'><strong>iit</strong></span> <span class='ocrx_word' id='word_1_746' title='bbox 3102 4804 3134 4847; x_wconf 91' lang='lat' dir='ltr'><strong>a</strong></span> <span class='ocrx_word' id='word_1_747' title='bbox 3159 4785 3626 4867; x_wconf 77' lang='lat' dir='ltr'><strong>magistratibus,</strong></span> 
     </span>
    </p>
   </div>
   <div class='ocr_carea' id='block_1_109' title="bbox 1989 4874 3630 4965">
    <p class='ocr_par' dir='ltr' id='par_1_109' title="bbox 1989 4874 3630 4965">
     <span class='ocr_line' id='line_1_110' title="bbox 1989 4874 3630 4965; baseline -0.004 -19"><span class='ocrx_word' id='word_1_748' title='bbox 1989 4880 2282 4965; x_wconf 85' lang='lat' dir='ltr'><strong>episcopi,</strong></span> <span class='ocrx_word' id='word_1_749' title='bbox 2319 4879 2406 4941; x_wconf 88' lang='lat' dir='ltr'><strong>vel</strong></span> <span class='ocrx_word' id='word_1_750' title='bbox 2440 4878 2793 4960; x_wconf 82' lang='lat' dir='ltr'><strong>presbyteri,</strong></span> <span class='ocrx_word' id='word_1_751' title='bbox 2815 4874 3203 4965; x_wconf 86' lang='lat' dir='ltr'><strong>veldiaconi,</strong></span> <span class='ocrx_word' id='word_1_752' title='bbox 3234 4874 3463 4938; x_wconf 87' lang='lat' dir='ltr'><strong>irritam</strong></span> <span class='ocrx_word' id='word_1_753' title='bbox 3499 4895 3630 4940; x_wconf 89' lang='lat' dir='ltr'><strong>ma-</strong></span> 
     </span>
    </p>
   </div>
   <div class='ocr_carea' id='block_1_110' title="bbox 1991 4964 3632 5047">
    <p class='ocr_par' dir='ltr' id='par_1_110' title="bbox 1991 4964 3632 5047">
     <span class='ocr_line' id='line_1_111' title="bbox 1991 4964 3632 5047; baseline -0.01 -12"><span class='ocrx_word' id='word_1_754' title='bbox 1991 4964 2160 5047; x_wconf 88' lang='lat' dir='ltr'><strong>nere,</strong></span> <span class='ocrx_word' id='word_1_755' title='bbox 2194 4989 2265 5033; x_wconf 83' lang='lat' dir='ltr'><strong>ex</strong></span> <span class='ocrx_word' id='word_1_756' title='bbox 2294 4987 2524 5032; x_wconf 81' lang='lat' dir='ltr'><strong>canone</strong></span> <span class='ocrx_word' id='word_1_757' title='bbox 2565 4968 2799 5029; x_wconf 87' lang='lat' dir='ltr'><strong>dicente</strong></span> <span class='ocrx_word' id='word_1_758' title='bbox 2832 4983 2847 5028; x_wconf 88' lang='lat'><strong>:</strong></span> <span class='ocrx_word' id='word_1_759' title='bbox 2911 4964 2971 5027; x_wconf 88' lang='lat' dir='ltr'><strong>Si</strong></span> <span class='ocrx_word' id='word_1_760' title='bbox 3030 4964 3166 5044; x_wconf 87' lang='lat' dir='ltr'><strong>quis</strong></span> <span class='ocrx_word' id='word_1_761' title='bbox 3223 4965 3539 5047; x_wconf 87' lang='lat' dir='ltr'><strong>episcopus</strong></span> <span class='ocrx_word' id='word_1_762' title='bbox 3567 4968 3632 5019; x_wconf 75' lang='lat'><strong>50</strong></span> 
     </span>
    </p>
   </div>
   <div class='ocr_carea' id='block_1_111' title="bbox 1990 5054 3626 5137">
    <p class='ocr_par' dir='ltr' id='par_1_111' title="bbox 1990 5054 3626 5137">
     <span class='ocr_line' id='line_1_112' title="bbox 1990 5054 3626 5137; baseline -0.003 -12"><span class='ocrx_word' id='word_1_763' title='bbox 1990 5059 2378 5125; x_wconf 71' lang='lat' dir='ltr'><strong>sazcularibus</strong></span> <span class='ocrx_word' id='word_1_764' title='bbox 2400 5055 2844 5137; x_wconf 81' lang='lat' dir='ltr'><strong>magistratibus</strong></span> <span class='ocrx_word' id='word_1_765' title='bbox 2866 5071 3034 5132; x_wconf 88' lang='lat' dir='ltr'><strong>usus,</strong></span> <span class='ocrx_word' id='word_1_766' title='bbox 3064 5058 3277 5133; x_wconf 89' lang='lat' dir='ltr'><strong>pereos</strong></span> <span class='ocrx_word' id='word_1_767' title='bbox 3305 5054 3626 5121; x_wconf 86' lang='lat' dir='ltr'><strong>ecclesiam</strong></span> 
     </span>
    </p>
   </div>
   <div class='ocr_carea' id='block_1_112' title="bbox 1991 5146 3633 5227">
    <p class='ocr_par' dir='ltr' id='par_1_112' title="bbox 1991 5146 3633 5227">
     <span class='ocr_line' id='line_1_113' title="bbox 1991 5146 3633 5227; baseline -0.003 -14"><span class='ocrx_word' id='word_1_768' title='bbox 1991 5148 2339 5219; x_wconf 87' lang='lat' dir='ltr'><strong>obtinuerit,</strong></span> <span class='ocrx_word' id='word_1_769' title='bbox 2399 5146 2736 5227; x_wconf 88' lang='lat' dir='ltr'><strong>deponatur</strong></span> <span class='ocrx_word' id='word_1_770' title='bbox 2787 5151 2848 5206; x_wconf 94' lang='lat' dir='ltr'><strong>et</strong></span> <span class='ocrx_word' id='word_1_771' title='bbox 2906 5150 3276 5222; x_wconf 77' lang='lat' dir='ltr'><strong>segregetur,</strong></span> <span class='ocrx_word' id='word_1_772' title='bbox 3307 5151 3366 5206; x_wconf 90' lang='lat' dir='ltr'><strong>et</strong></span> <span class='ocrx_word' id='word_1_773' title='bbox 3421 5163 3633 5208; x_wconf 89' lang='lat' dir='ltr'><strong>omnes</strong></span> 
     </span>
    </p>
   </div>
   <div class='ocr_carea' id='block_1_113' title="bbox 1992 5229 3636 5318">
    <p class='ocr_par' dir='ltr' id='par_1_113' title="bbox 1992 5229 3636 5318">
     <span class='ocr_line' id='line_1_114' title="bbox 1992 5229 3636 5318; baseline -0.002 -17"><span class='ocrx_word' id='word_1_774' title='bbox 1992 5240 2098 5318; x_wconf 92' lang='lat' dir='ltr'><strong>qui</strong></span> <span class='ocrx_word' id='word_1_775' title='bbox 2127 5256 2258 5301; x_wconf 91' lang='lat' dir='ltr'><strong>cum</strong></span> <span class='ocrx_word' id='word_1_776' title='bbox 2292 5256 2363 5298; x_wconf 94' lang='lat' dir='ltr'><strong>eo</strong></span> <span class='ocrx_word' id='word_1_777' title='bbox 2386 5235 2852 5298; x_wconf 86' lang='lat' dir='ltr'><strong>communicant.</strong></span> <span class='ocrx_word' id='word_1_778' title='bbox 2888 5229 3138 5313; x_wconf 90' lang='lat' dir='ltr'><strong>Oportet</strong></span> <span class='ocrx_word' id='word_1_779' title='bbox 3167 5235 3327 5294; x_wconf 81' lang='lat' dir='ltr'><strong>enim</strong></span> <span class='ocrx_word' id='word_1_780' title='bbox 3358 5251 3498 5296; x_wconf 90' lang='lat' dir='ltr'><strong>eum</strong></span> <span class='ocrx_word' id='word_1_781' title='bbox 3530 5235 3636 5317; x_wconf 89' lang='lat' dir='ltr'><strong>qui</strong></span> 
     </span>
    </p>
   </div>
   <div class='ocr_carea' id='block_1_114' title="bbox 1993 5319 3634 5409">
    <p class='ocr_par' dir='ltr' id='par_1_114' title="bbox 1993 5319 3634 5409">
     <span class='ocr_line' id='line_1_115' title="bbox 1993 5319 3634 5409; baseline -0.004 -17"><span class='ocrx_word' id='word_1_782' title='bbox 1993 5337 2084 5393; x_wconf 89' lang='lat' dir='ltr'><strong>est</strong></span> <span class='ocrx_word' id='word_1_783' title='bbox 2140 5324 2583 5409; x_wconf 83' lang='lat' dir='ltr'><strong>promovendos</strong></span> <span class='ocrx_word' id='word_1_784' title='bbox 2633 5323 2707 5386; x_wconf 90' lang='lat' dir='ltr'><strong>ad</strong></span> <span class='ocrx_word' id='word_1_785' title='bbox 2764 5322 3172 5403; x_wconf 87' lang='lat' dir='ltr'><strong>episcopatum</strong></span> <span class='ocrx_word' id='word_1_786' title='bbox 3206 5319 3282 5383; x_wconf 89' lang='lat' dir='ltr'><strong>ab</strong></span> <span class='ocrx_word' id='word_1_787' title='bbox 3333 5323 3634 5405; x_wconf 84' lang='lat' dir='ltr'><strong>episcopis</strong></span> 
     </span>
    </p>
   </div>
   <div class='ocr_carea' id='block_1_115' title="bbox 1997 5409 3633 5500">
    <p class='ocr_par' dir='ltr' id='par_1_115' title="bbox 1997 5409 3633 5500">
     <span class='ocr_line' id='line_1_116' title="bbox 1997 5409 3633 5500; baseline -0.004 -17"><span class='ocrx_word' id='word_1_788' title='bbox 1997 5418 2161 5500; x_wconf 80' lang='lat' dir='ltr'><strong>eligi,</strong></span> <span class='ocrx_word' id='word_1_789' title='bbox 2195 5413 2704 5494; x_wconf 85' lang='lat' dir='ltr'><strong>quemadmodum</strong></span> <span class='ocrx_word' id='word_1_790' title='bbox 2755 5431 2790 5475; x_wconf 86' lang='lat' dir='ltr'><strong>a</strong></span> <span class='ocrx_word' id='word_1_791' title='bbox 2845 5411 3070 5500; x_wconf 82' lang='lat' dir='ltr'><strong>sanctis</strong></span> <span class='ocrx_word' id='word_1_792' title='bbox 3114 5409 3386 5500; x_wconf 71' lang='lat' dir='ltr'><strong>Patrlbus</strong></span> <span class='ocrx_word' id='word_1_793' title='bbox 3416 5412 3633 5477; x_wconf 60' lang='lat' dir='ltr'><strong>Nicaeae</strong></span> 
     </span>
    </p>
   </div>
   <div class='ocr_carea' id='block_1_116' title="bbox 1999 5498 3632 5584">
    <p class='ocr_par' dir='ltr' id='par_1_116' title="bbox 1999 5498 3632 5584">
     <span class='ocr_line' id='line_1_117' title="bbox 1999 5498 3632 5584; baseline -0.004 -12"><span class='ocrx_word' id='word_1_794' title='bbox 1999 5498 2307 5571; x_wconf 83' lang='lat' dir='ltr'><strong>decretum</strong></span> <span class='ocrx_word' id='word_1_795' title='bbox 2340 5506 2523 5568; x_wconf 90' lang='lat' dir='ltr'><strong>estin</strong></span> <span class='ocrx_word' id='word_1_796' title='bbox 2553 5520 2804 5577; x_wconf 87' lang='lat' dir='ltr'><strong>canone,</strong></span> <span class='ocrx_word' id='word_1_797' title='bbox 2836 5502 2938 5583; x_wconf 90' lang='lat' dir='ltr'><strong>qui</strong></span> <span class='ocrx_word' id='word_1_798' title='bbox 2977 5498 3122 5565; x_wconf 90' lang='lat' dir='ltr'><strong>dicit</strong></span> <span class='ocrx_word' id='word_1_799' title='bbox 3147 5500 3201 5556; x_wconf 71' lang='grc' dir='ltr'><strong>δι</strong></span> <span class='ocrx_word' id='word_1_800' title='bbox 3229 5518 3247 5580; x_wconf 88' lang='grc'><strong>;</strong></span> <span class='ocrx_word' id='word_1_801' title='bbox 3272 5498 3632 5584; x_wconf 88' lang='lat' dir='ltr'><strong>Episcopum</strong></span> 
     </span>
    </p>
   </div>
   <div class='ocr_carea' id='block_1_117' title="bbox 2000 5591 2892 5682">
    <p class='ocr_par' dir='ltr' id='par_1_117' title="bbox 2000 5591 2892 5682">
     <span class='ocr_line' id='line_1_118' title="bbox 2000 5591 2892 5682; baseline -0.008 -20"><span class='ocrx_word' id='word_1_802' title='bbox 2000 5605 2262 5682; x_wconf 89' lang='lat' dir='ltr'><strong>oportet,</strong></span> <span class='ocrx_word' id='word_1_803' title='bbox 2295 5603 2442 5672; x_wconf 86' lang='lat' dir='ltr'><strong>etc.,</strong></span> <span class='ocrx_word' id='word_1_804' title='bbox 2473 5600 2547 5659; x_wconf 81' lang='lat' dir='ltr'><strong>ut</strong></span> <span class='ocrx_word' id='word_1_805' title='bbox 2573 5610 2721 5678; x_wconf 83' lang='lat' dir='ltr'><strong>pag.</strong></span> <span class='ocrx_word' id='word_1_806' title='bbox 2748 5591 2892 5656; x_wconf 73' lang='grc'><strong>467.</strong></span> 
     </span>
    </p>
   </div>
  </div>
