4108 6222
306 276 424 344 497

1046 279 1465 345 SYNTAGMA
1509 276 1906 343 CANONUM.
1953 299 2032 322 -'-
2075 273 2231 338 TIT.
2280 275 2332 355 Ι,
2374 274 2539 338 CAP.
2586 273 2756 353 VIII,
2801 272 2909 335 XI.

3543 271 3664 340 498

297 425 658 493 χειροτονεῖν,
720 414 858 471 ε’ίσω
899 420 1058 493 τριῶν
1117 414 1304 490 μηνῶν
1331 431 1346 448 θ
1401 414 1487 470 καὶ
1518 412 1608 469 εὰν
1660 412 1932 476 ἀνεύθυνος

2037 416 2156 491 stat,
2191 416 2290 471 aut
2333 407 2593 482 diﬁ‘erat,
2651 405 3031 470 ordinaturus
3075 405 3237 470 intra
3267 412 3390 470 tres
3421 424 3663 471 menses

297 503 467 580 φανῇ,
515 503 773 580 παρόντος
817 503 853 573 ἢ
884 503 1295 584 ἀπολειφθέντος
1329 509 1422 560 τοῦ
1451 501 1780 580 κατηγόρου,
1808 523 1934 581 χει-

295 593 614 669 ροτονείσθω
645 610 660 626 ⁸
711 595 798 650 καὶ
842 595 869 650 ὁ
914 595 1232 671 κατήγορος,
1281 595 1324 649 εἰ
1353 593 1451 666 μὲν
1484 591 1738 668 κληρικός
1794 592 1937 648 ἐστιν

292 679 615 738 ὶκϐάλλεται
659 684 753 740 τοῦ
804 684 1008 759 βαθμοῦ
1043 683 1200 739 αὺτοῦ
1235 701 1252 719 ⁸
1307 684 1351 738 εἰ
1383 680 1438 738 δὲ
1481 681 1695 754 λα’ἱκὸς,
1731 703 1936 760 σωφρο-

291 773 518 842 νίζεται.
553 772 662 840 Τῆς
692 770 747 827 δὲ
776 773 1110 851 χειροτονίας
1140 771 1428 850 γινομένης
1476 773 1577 849 πρὸ
1616 771 1931 846 ἐξετάσεως,

289 865 397 926 τῆς
455 863 744 939 ἱερωσύνης
794 864 822 918 ὁ
876 865 1274 940 χειροτονηθεὶς
1332 863 1418 918 καὶ
1467 862 1494 917 ὁ
1546 861 1935 941 χειροτονήσας

288 949 678 1014 ἀκϐαλλονται,
717 950 870 1028 Λέγει
903 949 956 1006 δὲ
999 951 1065 1006 τα
1109 951 1239 1010 αὖτὰ
1273 963 1493 1030 κρατεῖν
1547 953 1634 1007 καὶ
1677 950 1764 1007 ἐπὶ
1808 972 1936 1030 χει-

288 1039 512 1118 ροτονίᾳ
539 1039 868 1114 ἐπισκόπων,
905 1042 990 1096 καὶ
1017 1040 1309 1116 κληρικῶν,
1345 1042 1434 1096 καὶ
1464 1039 1801 1116 ἡγουμένων,

384 1135 639 1191 ΚΕΦΑΛ.
673 1137 736 1191 Θ.
778 1162 857 1174 —
884 1130 1009 1208 Περὶ
1056 1131 1149 1185 τοῦ
1191 1130 1391 1207 χρόνου
1419 1131 1479 1186 οὗ
1509 1128 1657 1192 ἐντὸς
1701 1127 1784 1185 δεῖ
1815 1127 1936 1192 τοὺς

291 1217 624 1282 ὶπισιιόπους
658 1222 1107 1298 χειροτονεῖσθαι.

645 1307 873 1365 Συνόδου
904 1306 1244 1375 Χαλκηδόνος
1276 1308 1451 1364 κανὼν
1481 1306 1562 1363 κε’
1577 1355 1591 1369 ,

379 1386 486 1459 κε’.
531 1396 856 1474 Ἐπειδήνιερ
910 1398 1053 1460 τινὲς
1111 1400 1216 1452 τῶν
1275 1395 1694 1470 μητροπολιτῶν
1723 1398 1797 1460 ὡς
1830 1417 1934 1452 περ

296 1489 672 1566 ριηχήθημεν,
732 1486 990 1561 ἀμελοῦσι
1049 1488 1154 1544 τῶν
1213 1486 1700 1566 ἐγκεχειρισμένων
1750 1489 1934 1549 αὐτοῖς

295 1577 585 1650 ποιμνίων,
650 1579 738 1633 καὶ
799 1576 1183 1635 ἀναϐάλλονται
1241 1578 1336 1640 τὰς
1425 1576 1757 1655 χειροτονίας
1827 1581 1936 1632 τῶν

294 1665 633 1739 έπισκόπων,
669 1663 807 1732 ἔδοξε
838 1675 906 1744 τῇ
939 1668 1061 1746 ἁγίᾳ
1101 1663 1321 1738 συνόδῳ,
1359 1665 1506 1729 ἐντὸς
1563 1671 1718 1742 τριῶν
1750 1666 1936 1740 μηνῶν

293 1755 531 1831 γίνεσθαι
563 1757 656 1819 τὰς
689 1759 1022 1835 χειροτονίας
1071 1763 1176 1812 τῶν
1221 1754 1527 1812 ἐπισκόπων
1561 1774 1575 1790 ’
1626 1757 1668 1811 εἶ
1697 1758 1774 1830 μή
1807 1777 1935 1812 ποτε

293 1842 398 1921 ἄρα
448 1843 810 1922 ἀπαραίτητος
881 1847 1116 1924 ἀνάγκη,
1176 1845 1568 1922 παρασκευάσοι
1623 1843 1937 1912 ἐπιταθῆναι

294 1935 390 1988 τὸν
438 1933 537 2000 τῆς
597 1932 866 2001 ἀναϐολῆς
926 1936 1145 2014 χρόνον.
1182 1935 1238 1990 Εἰ
1281 1931 1336 1989 δὲ
1383 1934 1460 2008 μὴ
1504 1941 1658 1991 τοῦτο
1689 1935 1935 2008 ποιήσοι,

293 2024 614 2078 ὑποκεῖσθαι
662 2025 818 2080 αὐτόν
877 2024 1314 2096 έκκλησιαστικῷ
1357 2022 1628 2097 ἐπιτιμίῳ,
1685 2023 1784 2089 τὴν
1842 2023 1938 2097 μέν

299 2133 383 2167 τοι
441 2111 699 2187 πρόσοδον
755 2114 852 2182 τῆς
883 2117 1218 2192 χηρευούστ,ς
1277 2111 1567 2178 ἱκκλησίας
1609 2113 1754 2166 σώαν
1796 2113 1937 2190 παρὰ

293 2207 375 2275 τῷ
405 2202 670 2277 οἰκονόμῳ
694 2207 792 2268 της
825 2203 989 2270 ανότῆς
1022 2201 1311 2268 ἐκκλησίας
1345 2200 1719 2281 φυλάττεσθαι,

725 2291 953 2348 Συνόδου
997 2291 1157 2359 ἕκτης
1203 2292 1380 2348 κανὼν
1415 2287 1504 2351 ιδ’,

384 2378 476 2441 ιδ’.
539 2371 596 2438 ’0
652 2387 759 2437 τῶν
814 2381 978 2459 ἀγίων
1037 2383 1125 2437 καὶ
1183 2386 1450 2460 θεοφορων
1500 2381 1655 2454 ἡμῶν
1688 2376 1938 2457 Πατέρων

301 2469 562 2546 κρατείτω
615 2472 792 2526 κανὼν
852 2472 938 2527 καὶ
988 2470 1041 2526 ἐν
1111 2471 1304 2547 τούτῳ,
1381 2469 1518 2525 ὥστε
1587 2466 1939 2545 πρεσϐύτερον

300 2559 406 2630 πρὸ
453 2557 500 2612 λ’
559 2558 716 2632 ἑτῶν,
749 2560 826 2634 μὴ
874 2563 1326 2640 χειροτονεῖσθαι,
1383 2559 1479 2614 κᾶν
1511 2559 1646 2613 πάνυ
1675 2556 1710 2632 ᾖ
1736 2554 1878 2622 ἄξιος
1909 2559 1936 2612 ὁ

292 2648 592 2725 ἄνθρωπος,
627 2648 750 2704 ἀλλ’
810 2649 1227 2728 ἀποτηρεῖσθαι.
1287 2640 1344 2706 Ὀ
1375 2648 1475 2726 γὰρ
1510 2647 1695 2724 Κύριος
1729 2645 1934 2712 Ἰησοῦς

291 2741 520 2817 Χριστὸς
575 2739 630 2794 έν
684 2745 760 2812 τῷ
814 2739 1114 2818 τριακοστῷ
1157 2738 1263 2795 ἔτει
1323 2735 1638 2809 ἐϐαπτίσθη,
1689 2737 1777 2792 καὶ
1829 2733 1932 2812 ἤρ-

292 2825 420 2892 ξατο
449 2826 716 2884 διδάσκειν
750 2844 766 2860 ⁸
827 2829 1026 2904 ὁμοίως
1058 2830 1196 2904 μήτε
1250 2827 1492 2884 διάκονον
1548 2827 1649 2904 πρὸ
1708 2831 1812 2881 τῶν
1844 2824 1927 2880 κε’

290 2917 448 2987 ἑτῶν,
507 2918 543 2986 ἢ
600 2916 940 2975 διακόνισσαν
991 2921 1092 2995 πρὸ
1121 2922 1230 2974 τῶν
1259 2908 1323 2992 μ’
1349 2919 1560 2997 χρόνων
1591 2927 1931 2996 χειροτονεῖ-

290 3010 435 3068 σθαι,

377 3088 440 3153 ’Β
484 3087 542 3174 β’
572 3096 804 3162 διάταξις
864 3103 953 3153 τοῦ
1005 3095 1061 3152 α’
1109 3118 1216 3155 τιτ.
1255 3101 1360 3152 τῶν
1394 3101 1592 3172 νεαρῶν
1622 3115 1808 3174 φησιν,
1855 3093 1934 3150 ὅτι

2020 507 2314 579 ρτωεοηιο
2330 507 2431 559 aut
2449 497 2700 559 absente
2722 506 3080 560 accusatore
3102 498 3657 578 appareat,[ipsum]

2019 587 2318 650 ordinato.
2352 588 2684 651 Accusator
2714 593 2912 648 autem
2945 586 2996 647 si
3045 586 3304 648 clericus
3338 587 3436 662 sit,
3471 587 3664 666 gradu

2019 677 2250 755 ejicitor
2287 694 2300 736 :
2337 677 2385 738 si
2437 677 2649 752 laicus,
2703 675 3047 755 castigator.
3100 675 3163 740 Si
3195 675 3493 738 ordinatio
3525 683 3662 738 ante

2017 765 2519 830 examinationem
2548 765 3016 839 ﬁat,sacerdotio
3043 772 3104 827 et
3133 765 3444 828 ordinator
3473 774 3531 828 et
3561 785 3663 829 or-

2019 856 2258 918 dinatus
2288 856 2630 935 ejiciuntor.
2667 856 2863 935 Atque
2923 853 3072 916 dicit
3126 854 3334 918 eadem
3389 854 3663 920 obtinere

2019 943 2080 1006 iu
2111 944 2492 1007 ordinatione
2521 945 2908 1025 clericorum,
2943 944 3391 1026 episcoporum,
3419 956 3477 1008 et
3503 964 3660 1028 pras-

2019 1035 2216 1097 sulum
2253 1035 2820 1116 [monasteriorum].

2101 1121 2264 1186 CAP.
2299 1122 2396 1185 1X.
2433 1159 2508 1170 —
2538 1124 2715 1186 Intra
2748 1123 2909 1204 quod
2937 1130 3173 1205 tempus
3202 1125 3459 1206 episcopi
3488 1125 3657 1189 ordi-

2019 1214 2214 1276 nandi
2239 1216 2387 1277 sint.

2187 1311 2208 1322 "
2265 1301 2524 1366 Concilii
2553 1301 3056 1368 Chalcedonensis
3085 1321 3282 1369 canon
3310 1304 3412 1368 25.

2101 1393 2202 1454 95.
2235 1391 2528 1466 Quoniam
2562 1391 2841 1454 nonnulli
2893 1393 3363 1474 metropolitani,
3397 1401 3462 1456 ut
3500 1412 3661 1477 saepe

2018 1501 2052 1544 a
2083 1481 2259 1544 nobis
2309 1481 2576 1543 auditum
2637 1490 2748 1562 est,
2783 1490 2840 1544 et
2891 1500 3104 1560 greges
3155 1483 3273 1545 sibi
3305 1485 3660 1547 commissos

2021 1571 2348 1650 negligant,
2370 1579 2429 1632 et
2459 1570 2875 1652 episcoporum
2911 1571 3320 1635 ordinationes
3350 1573 3658 1647 diﬁ‘erunt,

2020 1670 2237 1724 sanctas
2270 1660 2494 1740 synodo
2529 1659 2748 1738 placuit
2779 1668 2842 1724 ut
2873 1661 3028 1723 intra
3059 1671 3180 1724 tres
3223 1680 3462 1724 menses
3495 1663 3660 1744 epis-

2021 1769 2310 1830 coporum
2366 1749 2776 1811 ordinationes
2852 1751 3015 1828 tiaut,
3098 1751 3212 1813 nisi
3272 1751 3662 1814 inexorabilis

2024 1841 2226 1921 utique
2259 1839 2584 1901 necessitas
2638 1839 2910 1902 etfecerit
2963 1846 3029 1901 ut
3082 1839 3384 1902 dilationis
3424 1849 3663 1922 tempus

2024 1937 2398 2011 prorogetur.
2431 1929 2492 1991 Si
2524 1936 2720 1990 autem
2774 1929 2887 1990 hoc
2937 1947 3058 1990 nou
3108 1929 3387 2002 fecerint,
3423 1949 3526 1992 eos
3556 1948 3662 1992 ec-

2023 2018 2375 2082 clesiasticas
2407 2036 2596 2099 paenae
2626 2015 2868 2096 subjici.
2934 2017 3143 2080 Viduas
3200 2036 3341 2081 vero
3389 2019 3664 2081 ecclesias

2021 2109 2304 2183 reditum,
2341 2107 2498 2188 apud
2549 2106 2820 2170 ecclesiae
2849 2124 3228 2169 mconomum
3261 2107 3490 2171 salvum
3518 2125 3660 2170 cus-

2020 2195 2223 2260 todiri.

2229 2287 2320 2348 49
2354 2285 2617 2349 Consilii
2644 2285 2999 2348 oecumenici
3028 2303 3084 2348 vr
3115 2303 3315 2349 canon
3347 2287 3447 2348 14.

2102 2376 2200 2436 14.
2235 2375 2589 2439 Sanctorum
2623 2373 3084 2456 divinorumque
3134 2378 3371 2437 Patrum
3423 2385 3664 2439 nostro-

2021 2483 2152 2527 rum
2213 2485 2402 2529 canon
2458 2465 2520 2526 in
2578 2465 2672 2526 his
2726 2483 2962 2546 quoque
3009 2464 3225 2542 valeat,
3261 2475 3323 2526 ut
3354 2465 3662 2547 presbyter

2018 2565 2158 2616 ante
2190 2555 2433 2634 triginta
2491 2571 2683 2615 annos
2737 2571 2858 2614 non
2918 2552 3258 2629 ordinetur,
3315 2554 3554 2616 etiamsi
3585 2555 3663 2617 sit

2018 2643 2198 2704 homo
2231 2643 2405 2705 valde
2437 2642 2680 2721 dignus,
2714 2641 2818 2703 sed
2881 2651 3225 2705 reservetur
3250 2644 3334 2706 53.
3371 2643 3660 2706 Dominus

2017 2733 2177 2794 enim
2200 2732 2230 2796 J
2238 2750 2372 2795 esus
2387 2731 2655 2795 Christus
2675 2731 2982 2793 tricesimo
3005 2751 3162 2794 anno
3189 2731 3519 2813 baptizatus
3544 2741 3658 2816 est,

2017 2831 2076 2884 et
2105 2827 2284 2903 coepit
2313 2820 2855 2884 docere.Simlliter
2877 2840 2990 2884 nec
3021 2822 3312 2884 diaconus
3344 2830 3482 2886 ante
3513 2841 3658 2904 qua-

2017 2910 2288 2992 draginta
2319 2929 2507 2974 annos
2539 2910 2863 2974 ordinetur
2890 2911 2974 2973 54.

2106 3090 2344 3153 Textus.
2373 3091 2580 3154 Const.
2612 3091 2674 3165 2,
2709 3089 2798 3151 tit.
2836 3090 2862 3151 1
2903 3089 3287 3154 Novellarum
3321 3089 3403 3152 ait
3436 3110 3449 3153 :
3483 3089 3548 3153 Si
3580 3089 3659 3152 ci-

294 3185 387 3241 ἰάν
444 3161 774 3265 ὕίτέρθωνται
820 3189 866 3241 οἱ
917 3191 1014 3254 τῆς
1072 3185 1282 3248 πόλεως
1335 3184 1420 3240 ἐπὶ
1469 3161 1728 3259 3.5313}an
1759 3161 1935 3262 diripi-

2037 3180 2219 3242 vitatis
2278 3179 2514 3259 [clerici
2565 3187 2624 3242 et
2660 3161 2998 3263 primores]
3059 3181 3214 3242 ultra
3269 3197 3372 3242 sex
3418 3197 3660 3242 menses

294 3279 486 3331 σασθαι
518 3278 611 3332 τὸν
643 3275 956 3347 ἐπίσκοπον,
993 3275 1210 3330 ποιείτω
1239 3276 1338 3342 τὴν
1387 3275 1719 3354 χειροτονίαν
1752 3274 1796 3346 ᾦ
1835 3294 1935 3328 τινι

2037 3271 2370 3350 episcopum
2405 3269 2732 3332 decernere
2765 3269 3066 3344 diﬂerant,
3105 3269 3158 3332 is
3204 3270 3306 3351 qui
3340 3269 3662 3331 ordinandi

294 3366 540 3444 ἁρμόζει,
604 3364 826 3439 κινδύνῳ
897 3371 994 3432 τῆς
1062 3365 1248 3420 ἑαυτοῦ
1323 3364 1533 3442 ψυχῆς,
1594 3369 1701 3419 τῶν
1758 3361 1935 3418 ἄλλων

2047 3378 2113 3420 us
2145 3359 2344 3439 habet,
2404 3359 2673 3440 periculo
2724 3360 2935 3422 animas
2963 3377 3088 3421 suae
3121 3357 3522 3442 [episcopum]
3553 3376 3658 3422 or-

2021 3448 2222 3509 dinato
2259 3465 2272 3507 :
2309 3449 2537 3529 [atque]
2568 3447 2684 3508 alia
2717 3451 2916 3510 omnia
2947 3457 3284 3510 servantur.

2098 3537 2268 3599 CAP.
2303 3539 2379 3601 Χ.
2412 3571 2490 3583 ο-
2523 3538 2697 3612 Quod
2724 3555 2899 3600 nemo
2920 3539 3008 3600 sit
3029 3539 3352 3617 episcopus
3373 3538 3474 3599 vel
3495 3554 3660 3616 pres-

292 3456 509 3511 πάντων
545 3453 1126 3534 παραφυλαττομένων.

381 3551 634 3606 ΚΕΦΑΛ,
690 3554 731 3603 l.
764 3575 844 3588 —
890 3551 1012 3621 Περί
1055 3549 1145 3598 τοῦ
1203 3541 1281 3615 μὴ
1339 3539 1767 3620 χειροτονέῖσθαί
1817 3562 1937 3598 τινα

291 3634 587 3691 ὶπίσκοπον
621 3634 656 3702 ἢ
687 3631 1034 3710 πρεσϐύτερον
1085 3631 1120 3699 ἢ
1172 3629 1435 3704 διάκονον,
1495 3630 1613 3705 πρὶν
1645 3629 1678 3696 ἢ
1733 3629 1934 3692 πάντας

2037 3627 2184 3705 iyter
2215 3626 2308 3688 vel
2337 3626 2630 3688 diaconus
2659 3627 3038 3688 ordinandus
3067 3631 3396 3705 antequam
3426 3625 3661 3688 domes-

290 3726 416 3789 τοὺς
481 3728 537 3780 ἓν
614 3730 689 3797 τῷ
766 3723 903 3797 οἴκῳ
971 3725 1154 3794 αὐτοῦ,
1232 3720 1573 3798 Χριστιανοὺς
1631 3715 1934 3794 ὁρθοδόξους

2037 3717 2170 3778 ειέοε
2200 3732 2403 3777 omnes
2432 3717 2637 3793 fecerit
2669 3714 3062 3777 orthodocms.

294 3813 538 3882 ποιήσει,

2254 3892 2516 3956 Concilii
2550 3893 3059 3974 Carthaginensis
3079 3910 3276 3956 canon
3310 3891 3407 3956 36.

371 4019 512 4094 λς’.
542 4019 710 4074 ’Ὥστε
739 4019 1090 4090 ἐπισκόπους,
1125 4017 1210 4072 καὶ
1242 4012 1644 4092 πρεσϐυτέρους,
1698 4013 1784 4068 καὶ
1807 4011 1927 4069 δια-

2093 4010 2195 4075 36.
2254 4009 2332 4074 Ut
2392 4010 2776 4092 episcOpi55,
2833 4019 2890 4074 et
2942 4010 3300 4092 presbyteri.
3334 4016 3393 4072 et
3422 4009 3663 4072 diaconi

288 4112 476 4173 κόνους
514 4109 591 4184 μη
635 4107 1090 4188 χειροτονεῖσθαι,
1125 4106 1244 4183 πρὶν
1274 4103 1310 4174 ἢ
1356 4103 1554 4168 παντας
1585 4108 1708 4166 τοὺς
1757 4105 1810 4158 ὲν
1854 4107 1930 4175 τῷ

2037 4119 2133 4164 ton
2166 4100 2523 4162 ordinentur
2556 4102 2906 4182 priusquam
2936 4119 3148 4164 omnes
3179 4100 3281 4181 qui
3305 4108 3448 4162 sunt
3471 4099 3532 4160 in
3557 4099 3664 4162 do-

290 4200 433 4272 οἴκῳ
458 4199 655 4276 αὖτῶν,
686 4198 1027 4274 Χριστιανοὺς
1060 4193 1356 4272 ὀρθοδόξους
1389 4194 1728 4262 ποιήσουσιν.

2037 4211 2112 4254 no
2147 4209 2378 4263 eorum,
2417 4191 2788 4254 Christianos
2823 4192 3150 4254 catholicos
3181 4190 3458 4253 fecerint.

376 4289 475 4346 Καὶ
505 4290 540 4356 ἡ
585 4287 642 4353 η’
675 4285 910 4351 διάταξις
938 4292 1033 4341 τοῦ
1063 4283 1106 4340 ε’
1138 4285 1241 4345 τίτ,
1275 4289 1369 4339 τοῦ
1399 4281 1454 4337 α’
1501 4279 1728 4358 βιϐλίου,
1765 4282 1854 4338 καὶ
1896 4283 1930 4350 ἦ

2104 4283 2343 4344 Textus.
2408 4281 2598 4342 Etiam
2658 4291 2852 4346 const.
2913 4282 3014 4360 18,
3073 4282 3164 4343 tit.
3224 4281 3284 4356 3,
3351 4280 3462 4343 lib.
3514 4298 3556 4355 ι,
3607 4288 3666 4342 et

291 4389 387 4438 τοῦ
443 4378 521 4435 ια’
584 4378 714 4450 τίτ,,
802 4381 1154 4453 τιμωροῦνται
1239 4373 1360 4434 τοὺς
1439 4371 1772 4447 Σαμαρείτας
1835 4369 1932 4426 καί

2037 4379 2211 4434 :onst.
2268 4370 2364 4444 10,
2427 4372 2518 4434 tit.
2571 4370 2632 4445 2,
2685 4372 2939 4452 puniunt
2967 4370 3379 4434 Samaritanus
3409 4380 3468 4432 et
3493 4387 3665 4450 paga-

291 4454 565 4536 τ’[Ξλληνας
637 4465 1058 4544 βαπτιζομένους
1113 4464 1198 4519 καὶ
1267 4463 1345 4537 μὴ
1416 4460 1785 4539 προσάγοντας
1839 4461 1932 4524 τὰς

2037 4479 2128 4522 108
2186 4459 2530 4541 baptizatos,
2557 4461 2609 4521 si
2640 4479 2860 4523 uxores
2903 4479 3038 4522 suas
3061 4468 3121 4522 et
3150 4459 3376 4523 liberos
3407 4471 3467 4520 et
3503 4477 3658 4539 quos

294 4559 537 4638 γαμετᾶς
573 4561 745 4616 αὐτῶν
807 4557 889 4612 καὶ
952 4550 1150 4616 παῖδας
1207 4554 1294 4608 καὶ
1342 4551 1465 4614 τοὺς
1513 4549 1565 4604 έν
1596 4562 1714 4612 τοῖς
1760 4549 1934 4614 οἴκοις

2037 4548 2191 4612 domi
2225 4529 2465 4624 habent,
2503 4529 2574 4609 ad
2603 4557 3051 4612 sacrosanctum
3087 4549 3381 4630 baptisma
3414 4529 3539 4610 non
3564 4547 3668 4610 ad-

623 3898 852 3958 Συνόδου
879 3898 1220 3978 Καρθὰγένης
1251 3899 1427 3954 κανὼν
1458 3885 1593 3969 λς’..

297 4649 494 4718 αὖτῶν,
528 4647 604 4719 τῷ
635 4645 771 4722 ἁγίῳ
800 4642 1153 4720 βαπτίσματι,

2037 4639 2271 4701 :lucant.

382 4742 634 4795 ΚΕΦΑΛ.
699 4733 809 4796 lA’.
863 4735 985 4811 Περὶ
1048 4733 1155 4787 τῶν
1222 4729 1329 4785 ἀπὸ
1387 4726 1595 4784 λα’ίκῶν
1649 4727 1935 4807 γινομένων

2105 4728 2198 4788 50
2231 4727 2397 4792 CAP.
2428 4727 2525 4792 XI.
2561 4764 2632 4776 —
2670 4731 2761 4792 De
2788 4731 2867 4790 iis
2899 4732 3008 4810 qui
3037 4727 3110 4792 de
3134 4726 3290 4790 iaica
3321 4726 3670 4790 conditione

299 4827 636 4885 ἐπισκόπων.

2037 4819 2182 4886 fiunt
2204 4822 2494 4899 episcopi.

704 4911 931 4973 Συνόδο.)
966 4907 1230 4988 Σαρδικῆς
1259 4907 1433 4964 κανὼν
1467 4906 1526 4969 ι’,

382 5003 442 5065 ι’.
475 5005 747 5066 ’Ἅπαντες
779 5005 826 5058 οἱ
857 5002 1138 5058 ἐπίσκοποι
1172 4997 1521 5072 ἀπεκρίναντο
1566 4995 1809 5072 ἀρέσκειν
1841 4997 1940 5053 αὖ·

295 5108 446 5175 τοῖς,
495 5097 581 5150 καὶ
630 5089 1079 5171 πρεπωδεστάτην
1131 5087 1275 5143 εἶναι
1329 5086 1425 5154 τὴν
1473 5083 1779 5152 συμϐουλὴν
1807 5086 1940 5142 ταύ-

297 5174 436 5252 την,
487 5183 676 5244 "Octo;
735 5181 1026 5245 ἐπίσκοπος
1075 5178 1225 5251 εἶπε,
1291 5177 1388 5234 Καὶ
1444 5177 1600 5233 τοῦτο
1645 5174 1941 5253 ἀναγκαῖον

297 5277 445 5332 εἶναι
505 5275 705 5347 νομίζω
739 5290 754 5306 ⁰
796 5273 839 5326 εί
899 5271 1035 5345 μετὰ
1077 5267 1257 5334 πάσης
1298 5262 1565 5343 ἀκριϐείας
1613 5266 1706 5322 καί
1738 5267 1942 5340 Empe-

299 5365 448 5429 λείας
481 5362 799 5440 ὶξετάζοιτο,
833 5361 970 5418 ὥστε
1005 5359 1093 5414 ἐάν
1130 5377 1208 5422 τις
1241 5357 1495 5416 πλούσιος
1549 5354 1583 5422 ἢ
1635 5354 1940 5434 σχολαστι-

2333 4906 2592 4973 Camilii
2617 4907 2999 4971 Sardicensis
3028 4923 3217 4968 canon
3253 4904 3348 4968 10.

2107 4995 2435 5060 1Ο.Οτιιοοε
2459 4996 2726 5079 episcopi
2750 4996 3030 5058 dixerunt
3053 4995 3140 5057 eis
3165 4996 3424 5074 placere,
3444 5000 3502 5056 et
3534 5010 3669 5056 esse

2026 5085 2656 5148 convenientissimum
2689 5085 2799 5147 hoc
2825 5083 3395 5148 consilium.Hosius
3423 5082 3668 5165 episco-

2027 5175 2318 5254 pusdixit:
2337 5175 2461 5238 Hoc
2477 5193 2716 5255 quoque
2734 5172 3140 5236 necessarium
3157 5173 3389 5236 existim
3401 5181 3668 5240 o.utcum

2026 5264 2190 5325 omni
2225 5283 2365 5327 cura
2397 5273 2454 5326 et
2487 5263 2792 5342 diligentia
2811 5262 3234 5339 examinetur;
3267 5263 3404 5325 utsi
3434 5263 3569 5344 quis
3599 5281 3669 5324 ex

2025 5353 2156 5414 foro
2188 5353 2310 5415 sive
2341 5355 2529 5430 dives,
2565 5354 2690 5416 sive
2739 5353 3158 5428 scholasticus,
3192 5352 3513 5436 episcopus
3539 5351 3671 5414 fieri

382 5625 446 5678 53
476 5621 746 5690 Neocaes.
780 5639 908 5686 can.
949 5621 1044 5684 11.
1089 5619 1154 5670 54
1176 5613 1454 5686 Chalced.
1491 5632 1624 5681 can.
1663 5613 1758 5682 15.
1802 5616 1868 5669 55
1893 5615 2077 5683 Conc.
2112 5615 2388 5700 Carthag.
2424 5633 2510 5692 ιιι,
2540 5635 2674 5701 cap.
2708 5619 2782 5679 18
2819 5639 2834 5700 ;
2871 5617 3193 5682 concilium
3231 5615 3417 5681 Afric.
3453 5633 3584 5697 cap.
3609 5615 3667 5677 3.
