4018 6206
456 288 577 357 499

1646 281 1882 344 PHOTI
1889 282 1914 342 Ι
1959 277 2476 344 PATRIABCH/E
2519 281 2636 343 GP.

3666 279 3768 347 500

454 425 674 505 dignus
701 421 1018 494 habeatur,
1070 435 1190 479 non
1249 414 1415 505 prius
1463 413 1880 505 constituatur,
1917 430 2090 493 quam

2187 417 2299 495 κὸς,
2329 418 2436 475 ἀπὸ
2469 423 2567 484 τῆς
2599 417 2800 496 ἀγορᾶς
2829 416 3039 483 ἀξιοῖτο
3084 417 3366 482 ἐπίσκοπος
3413 419 3651 495 γίνεσθαι,
3704 419 3772 492 μὴ

458 502 707 578 lenioris
737 521 794 574 et
824 508 1058 572 diaconi
1090 515 1149 568 et
1198 503 1532 584 presbyteri
1569 502 1961 564 ministerium
1990 521 2096 582 pe-

457 606 683 686 regerit
721 621 734 665 :
769 610 832 664 ut
861 599 922 661 in
971 613 1326 686 unoquoque
1357 593 1566 686 gradu,
1611 593 1908 686 _si_dignus
1940 591 2099 653 exis-

459 681 708 756 timatus
739 692 940 763 fuerit,
975 686 1047 748 ad
1081 685 1465 767 episc0patus
1495 681 1792 760 fastigium
1828 700 1934 762 per
1967 700 2096 762 pro-

457 782 832 862 gressionem
913 775 1100 858 possit
1182 772 1532 835 ascendere.
1598 770 1853 862 Habebit
1901 781 2098 862 autem

459 860 936 949 uniuscujusque
969 863 1199 926 ordinis
1228 862 1444 943 gradus
1472 880 1588 923 non
1609 860 1843 922 minimi
1872 861 2102 922 scilicet

457 960 749 1041 temporis
781 954 1240 1036 longitudinem,
1279 969 1386 1032 per
1416 951 1574 1031 quod
1600 950 1862 1041 etAfides,
1894 959 1952 1012 et
1978 968 2100 1041 mo-

455 1037 604 1113 rum'
623 1047 918 1130 probitas,
953 1054 1017 1106 et
1063 1041 1420 1116 constantia,
1466 1050 1528 1130 et
1552 1037 1884 1130 moderatio
1915 1039 2102 1130 possit

458 1128 742 1219 cognosci
778 1157 790 1196 :
827 1144 886 1196 et
918 1138 1047 1214 ipse
1077 1131 1282 1194 divino
1315 1128 1657 1192 sacerdotio
1695 1129 1908 1207 dignus
1939 1129 2099 1190 exis-

455 1217 721 1303 timatus,
757 1227 1078 1288 maximum
1132 1222 1422 1282 honorem
1467 1226 1840 1298 assequetur.
1893 1217 2101 1299 Neque

459 1318 618 1381 enim
656 1315 958 1389 convenit,
985 1329 1182 1391 neque
1213 1308 1463 1372 scientia
1493 1316 1552 1369 et
1588 1311 1746 1368 bona
1778 1325 2099 1369 conversa~

456 1407 541 1469 tio
573 1407 687 1468 hoc
712 1403 946 1485 recipit,
979 1410 1043 1464 ut
1068 1410 1294 1462 temere
1325 1406 1383 1460 et
1416 1398 1628 1459 leviter
1657 1396 1728 1458 ad
1757 1395 1813 1457 id
1840 1396 2096 1459 acceda-

453 1505 574 1571 tur,
612 1506 679 1558 ut
727 1501 1070 1576 episcopus,
1121 1490 1212 1552 vel
1265 1488 1596 1570 presbyter,
1659 1487 1751 1547 vel
1813 1487 2098 1548 diaconus

2183 507 2441 582 πρότερον
2484 511 2847 577 καθίστασθαι,
2910 507 3000 571 ἐὰν
3046 509 3124 578 μὴ
3181 509 3274 563 καί
3331 507 3652 585 ἀναγνώστου
3701 509 3777 563 καὶ

2183 592 2428 652 διακόνου
2499 599 2586 653 καὶ
2672 594 3043 674 πρεσϐυτέρου,
3140 597 3428 674 ὑπηρεσίαν
3498 595 3773 653 ἐκτελέσαι·

2181 684 2274 740 ’ίνα
2323 684 2439 743 καθ’
2484 686 2706 742 ἕκαστον
2757 687 2983 762 βαθμὸν,
3033 684 3123 740 ἐάν
3169 707 3269 762 περ
3314 683 3454 750 ἄξιος
3511 687 3777 764 νομισθείη,

2184 776 2256 838 εἷς
2300 777 2400 842 τὴν
2444 775 2604 851 ἁψίδα
2649 780 2743 842 τῆς
2779 775 3078 841 ἐπισκοπῆς
3123 776 3258 832 κατὰ
3299 776 3571 850 προκοπὴν
3610 773 3781 840 διαϐῆ-

2183 885 2268 920 ναι
2323 863 2594 932 δυνηθείη,
2641 864 2788 929 "Eiet
2834 863 2888 920 δὲ
2948 866 3174 921 ἑκάστου
3227 864 3498 943 τάγματος
3542 867 3568 922 δ
3605 863 3784 941 βαθμὸς

2181 953 2278 1010 οὒκ
2304 955 2592 1034 ελαχίστου
2623 952 2870 1021 δηλονότι
2902 955 3105 1032 χρόνου
3135 953 3303 1029 μῆκος
3334 968 3352 985 ⁸
3389 951 3454 1010 δι’
3487 954 3546 1010 οὗ
3572 956 3604 1022 ἧ
3631 953 3783 1016 πίστις

2183 1043 2366 1115 αὖτοῦ,
2431 1045 2517 1100 καὶ
2572 1047 2606 1112 ἠ
2664 1045 2768 1100 τῶν
2825 1043 3157 1122 πραγμάτων
3217 1043 3596 1120 καλοκαγαθία,
3637 1042 3784 1110 καὶὴ

2183 1132 2489 1210 στεῤῥότης,
2525 1136 2611 1190 καὶ
2645 1135 2674 1201 ἡ
2707 1132 2988 1206 ἐπιείκεια,
3021 1140 3286 1210 γνώριμος
3347 1131 3585 1208 γενέσθαι
3640 1129 3785 1200 δυνή-

2183 1244 2354 1297 σεται,
2414 1224 2504 1279 καὶ
2558 1223 2715 1284 αὐτὸς
2761 1220 2901 1286 ἇίξιος
2954 1227 3051 1288 τῆς
3109 1223 3250 1283 θείας
3306 1222 3590 1298 ἱερωσύνης
3649 1241 3787 1294 νομι-

2181 1312 2355 1390 σθείς,
2387 1313 2482 1380 τῆς
2512 1316 2772 1389 μεγίστης
2804 1309 3096 1368 ἀπολαύσει
3146 1312 3330 1385 τιμῆς.
3386 1311 3513 1368 Οῧτε
3545 1311 3636 1386 γὰρ
3671 1331 3788 1385 προ-

2182 1402 2352 1467 σῆκον
2383 1401 2548 1479 ἔστιν,
2594 1400 2713 1458 οὔτε
2761 1402 2795 1467 ἡ
2857 1401 3158 1480 ἑπιστήμη,
3214 1402 3331 1456 οὗτε
3379 1401 3415 1467 ἡ
3473 1399 3637 1476 ἀγαθὴ
3675 1399 3788 1453 ἂνα-

2183 1492 2412 1570 στροφὴ,
2459 1489 2770 1570 ἐπιδέχεται
2815 1489 3099 1564 τολμηρῶς
3131 1491 3218 1546 καὶ
3260 1491 3470 1566 κούφως
3524 1489 3607 1544 ἐπὶ
3659 1487 3792 1543 τοῦτο

455 1594 733 1665 prompte
767 1602 835 1644 ac
867 1581 1044 1644 facile
1075 1581 1503 1643 constituatur.
1537 1577 1636 1638 Sic
1689 1577 1848 1638 enim
1885 1577 2096 1638 merito

2187 1581 2339 1660 ἱέναι,
2374 1581 2512 1638 ὥστε
2570 1581 2606 1648 ἢ
2664 1581 2954 1638 ἐπίσκοπον
3013 1580 3047 1647 ἢ
3104 1576 3456 1657 πρεσϐύτερον
3497 1578 3532 1646 ἢ
3575 1576 3790 1632 διάκονον

457 1675 796 1754 neophytus
821 1671 1218 1742 existimetur,
1252 1667 1734 1749 quandoquidem
1787 1674 1846 1728 et
1877 1666 2095 1728 beatis-

2187 1672 2484 1749 προχείρως
2542 1671 2906 1728 καθίστασθαι,
2955 1667 3103 1726 Οὕτω
3146 1669 3245 1745 γὰρ
3299 1668 3361 1722 ἃν
3421 1667 3634 1729 εἰκότως
3687 1667 3791 1720 νεό-

455 1763 647 1826 simus
675 1761 1023 1842 Apostolus,
1059 1759 1161 1840 qui
1193 1758 1302 1819 fuit
1353 1757 1531 1818 etiam
1565 1756 1777 1818 doctor
1805 1757 2094 1836 gentium,

2187 1781 2340 1840 φυτος
2375 1760 2673 1834 νομισθείη,
2709 1755 2892 1824 ἐπειδὴ
2925 1757 3158 1832 μάλιστα
3207 1759 3295 1812 καὶ
3341 1760 3367 1812 ἱ.
3415 1757 3791 1831 μακαριώτατος

455 1841 837 1934 prohibuisse
869 1850 1044 1932 plane
1096 1848 1355 1921 videtur,
1389 1864 1465 1934 ne
1500 1846 1730 1907 celeres
1762 1847 1904 1907 ﬁant
1934 1846 2096 1934 ordi-

2187 1847 2538 1927 Ἀπόστολος,
2570 1848 2629 1911 ὃς
2661 1848 2750 1903 καὶ
2791 1852 2896 1902 τῶν
2941 1846 3103 1902 ἐθνῶν
3147 1845 3435 1922 γεγένηται
3481 1841 3790 1913 διδάσκαλος,

454 1930 732 2001 nationes
759 1937 844 2000 50.
873 1930 1261 2014 'Longissimi
1310 1933 1470 1995 enim
1509 1934 1796 2013 temporis
1829 1933 2096 2014 probatio

2187 1939 2421 2018 φαίνεται
2467 1936 2714 1999 κωλύσας
2747 1937 2968 2015 ταχείας
3003 1936 3235 2013 γίνεσθαι
3267 1936 3363 1997 τὰς
3411 1930 3744 1994 καταστάσεις
3776 1951 3786 1964 ·

453 2035 514 2090 et
544 2026 1087 2099 conversationem,
1141 2033 1200 2085 et
1235 2023 1715 2104 uniuscujusque
1748 2041 1945 2086 mores
1978 2041 2096 2084 non

2187 2037 2284 2087 T06
2328 2027 2428 2105 γὰρ
2472 2027 2736 2099 μηκίστου
2781 2024 2978 2104 χρόνου
3009 2025 3044 2092 ἦ
3073 2023 3384 2098 δοκιμασία,
3420 2023 3518 2090 τὴν
3550 2023 3787 2099 ἀναστρο-

455 2116 940 2199 imprubabiliter
969 2114 1314 2196 exprimere
1344 2114 1585 2194 poterit.

2187 2118 2286 2197 φὴν
2337 2117 2425 2172 καὶ
2481 2118 2573 2171 τὸν
2632 2115 2857 2172 ἑκάστου
2917 2115 3134 2192 τρόπον,
3169 2115 3265 2170 οὐκ
3309 2113 3612 2174 ἀπεικότως
3656 2111 3790 2168 ἔκτυ-

2175 2206 2313 2264 ποῦν
2346 2203 2660 2275 δυνήσεται.

449 2295 541 2358 ιιι
567 2296 807 2379 Synodt'
856 2291 1570 2379 Constantinopolitanae
1615 2292 1838 2379 prima:
1894 2299 1950 2353 et
1997 2308 2094 2352 se-

2187 2294 2412 2353 Συνόδου
2475 2294 2524 2350 α’
2579 2293 2627 2370 β’
2684 2293 3132 2371 συγκροτηθείσης
3164 2293 3216 2348 ἐν
3247 2299 3323 2366 τῷ
3370 2301 3478 2368 ναῷ
3509 2298 3610 2349 τῶν
3651 2291 3790 2369 ἁγίων

536 2371 755 2442 cuitch
784 2379 851 2438 in
876 2375 1095 2454 templo
1117 2371 1472 2436 sanctorum
1501 2371 1913 2452 apostolorum
1945 2389 2094 2434 con-

2682 2373 2998 2430 ἀποστόλων
3031 2374 3202 2430 κανὼν
3239 2371 3329 2444 ιζ’.

534 2465 833 2537 gregales,
869 2472 1069 2518 canon
1102 2455 1200 2516 17.

538 2548 637 2608 17.
668 2545 734 2606 In
766 2543 1046 2606 omnibus
1081 2543 1224 2604 boni
1285 2540 1678 2603 ecclesiastici
1731 2539 1958 2601 ordinis
1989 2560 2096 2601 cu-

2265 2553 2357 2625 ιζ’,
2406 2553 2494 2611 Ἐν
2541 2558 2671 2609 πᾶσι
2715 2557 2811 2620 τῆς
2856 2549 3314 2618 ἑκκλησιαστικῆς
3377 2549 3606 2617 εὒταξίας
3645 2569 3789 2628 φρον-

457 2652 586 2698 ram
617 2642 921 2714 gerentes,
955 2633 1069 2694 hoc
1117 2649 1357 2712 quoque
1406 2629 1658 2691 definire
1692 2630 2096 2692 necessarium

2187 2647 2442 2719 τίζοντες,
2480 2643 2568 2699 καὶ
2599 2644 2754 2698 τοῦτο
2786 2641 2955 2719 ὁρίσαι
3003 2641 3301 2715 ἀναγκαῖον
3352 2639 3572 2716 ἐθέμεθα
3604 2658 3618 2676 ⁶
3672 2637 3791 2695 ὥστε

460 2723 762 2798 duximus,
809 2729 874 2783 ut
928 2721 1129 2783 nullus
1179 2719 1466 2799 deinceps
1515 2719 1724 2797 laicus,
1761 2718 1855 2780 vel
1887 2738 2096 2780 mona-

2187 2740 2275 2791 τοῦ
2330 2732 2542 2807 λοιποῦ,
2590 2730 2792 2806 μηδένα
2837 2736 2942 2786 τῶν
2984 2728 3188 2787 λα’ἰκῶν
3234 2729 3268 2796 ἧ
3302 2731 3585 2810 μοναχῶν,
3617 2729 3791 2805 ἀθρόως

455 2815 612 2876 chus
641 2820 891 2893 repente
921 2811 992 2872 ad
1028 2809 1432 2890 episcopalem
1465 2808 1838 2869 altitudinem
1873 2808 2098 2870 evehe-

455 2913 645 2979 retur,
713 2900 818 2962 sed
877 2901 938 2960 in
1011 2897 1439 2961 ecclesiasticis
1499 2896 1785 2976 gradibus
1837 2897 2096 2979 primum

457 2991 852 3064 examinatus,
888 2989 974 3051 sic
1010 2989 1368 3068 episcopatis
1419 2987 1724 3066 dignitatis
1769 2987 2098 3049 ordinatio-

459 3099 600 3144 nem
632 3087 992 3162 susciperet.
1025 3079 1154 3142 Etsi
1187 3079 1341 3139 enim
1379 3078 1494 3139 huc
1539 3095 1731 3157 usque
1764 3077 2000 3158 quidam
2029 3096 2096 3138 ex

462 3170 772 3232 monachis
803 3177 861 3231 et
893 3169 1078 3242 laicis,
1114 3168 1390 3246 exigente
1439 3166 1820 3239 necessitate,
1854 3162 2096 3246 episcoé

461 3259 582 3340 pali
611 3260 846 3321 honore
883 3257 1078 3320 statim
1114 3256 1278 3336 digni
1308 3257 1445 3318 facti
1472 3265 1633 3330 sunt,
1663 3257 1758 3336 qui
1792 3265 1849 3316 et
1880 3259 2099 3318 virtute

451 3347 773 3411 excellenti
808 3347 1000 3424 fuere,
1036 3356 1094 3408 et
1124 3365 1290 3409 suam
1327 3347 1648 3408 ecclesiam
1687 3347 1746 3406 in
1779 3344 1963 3406 altum
2001 3364 2096 3406 ex-

453 3438 670 3517 tulere,
730 3437 792 3500 id
823 3445 1021 3500 tamen
1053 3437 1211 3518 quod
1262 3455 1397 3498 raro
1433 3435 1657 3509 evenit,
1694 3435 1970 3497 ecclesiae
2005 3435 2095 3496 le-

455 3545 589 3607 gem
649 3545 1025 3610 nequaquam
1085 3534 1443 3600 statuentes,
1499 3523 1905 3595 decernimus,
1950 3525 2095 3586 utid

455 3616 742 3698 deinceps
805 3618 1054 3678 minime
1113 3617 1212 3678 ﬁat
1244 3617 1356 3678 nisi
1388 3617 1435 3676 is
1466 3616 1566 3696 qui
1614 3614 1728 3676 rite
1761 3613 2092 3694 ordinatur,

454 3723 564 3788 per
593 3706 812 3786 gradus
845 3706 1249 3769 sacerdotales
1298 3706 1685 3788 processerit,
1720 3703 1781 3765 in
1817 3722 2092 3784 unoquo-

454 3813 572 3877 que
603 3796 817 3859 ordine
844 3804 1079 3877 tempus
1111 3797 1504 3877 praastitutum
1531 3793 1890 3874 adimplens.

533 3885 783 3951 Temtus.
815 3884 1220 3960 Const.2,tit.l
1245 3885 1776 3956 Novellarum,non
1805 3882 2095 3963 permittit

2183 2824 2257 2887 εἷς
2316 2824 2378 2879 τὸ
2429 2827 2528 2888 τῆς
2587 2819 2881 2887 ἐπισκοπῆς
2940 2819 3070 2896 ὕψος
3130 2819 3443 2896 ἀνάγεσθαι,
3507 2818 3638 2876 ἀλλὰ
3691 2827 3790 2879 τοῖς

2185 2911 2659 2980 ὲκκλησιαστικοϊς
2746 2912 2978 2986 βαθμοῖς
3079 2907 3460 2983 ἐξεταζόμενον
3541 2909 3786 2986 πρότερον,

2185 3001 2324 3058 οὕτω
2381 3002 2476 3069 τῆς
2539 3003 2838 3065 ἐπισκοπῆς
2887 2999 2986 3065 τὴν
3057 2999 3398 3077 χειροτονίαν
3441 2997 3784 3078 ὑποδέχεσθαι,

2187 3092 2243 3148 Ei
2289 3091 2390 3170 γὰρ
2434 3091 2519 3146 καὶ
2565 3091 2728 3169 μέχρι
2783 3097 2875 3144 τοῦ
2920 3088 3030 3162 νῦν,
3065 3089 3170 3144 ἀπὸ
3199 3095 3304 3144 τῶν
3342 3087 3554 3145 λα’ίκών
3584 3089 3616 3156 ἢ
3644 3107 3782 3163 μονα-

2183 3188 2298 3260 χῶν
2360 3201 2528 3252 τινες,
2607 3179 2938 3245 ἀπαιτούσης
3017 3183 3226 3257 χρείας,
3288 3179 3586 3255 παραυτίκα
3651 3175 3785 3248 τιμῆς

2181 3268 2313 3333 ἄξιοι
2368 3269 2651 3346 γεγόνασιν
2697 3269 3022 3338 ἐπισκοπῆς,
3089 3267 3253 3343 ἀρετῇ
3302 3288 3359 3321 τε
3407 3266 3785 3342 διαπρέψαντες,

2182 3359 2275 3414 καί
2311 3359 2405 3426 τὴν
2439 3357 2556 3414 κατ’
2603 3357 2792 3422 αὐτοὺς
2854 3355 3140 3422 ἐκκλησίαν
3182 3357 3518 3436 ὑψώσαντες,
3570 3354 3694 3411 ἀλλὰ
3738 3353 3787 3407 τί

2180 3468 2240 3523 γε
2276 3445 2495 3504 σπάνιον
2539 3445 2770 3520 οὐδαμοῦ
2801 3445 2963 3515 νόμον
3022 3447 3121 3511 τῆς
3168 3444 3500 3512 Ἐκκλησίας
3532 3444 3787 3517 τιθέμενοι,

2179 3538 2419 3616 ὁρίζομεν
2475 3545 2564 3595 τοῦ
2609 3535 2799 3594 λοιποῦ
2851 3533 3046 3610 μηκέτι
3105 3541 3261 3591 τοῦτο
3321 3536 3554 3611 γίνεσθαι
3590 3553 3602 3566 ⁸
3647 3534 3686 3588 εί
3725 3531 3788 3604 μὴ

2179 3628 2314 3682 κατὰ
2358 3625 2517 3704 λόγον
2566 3628 2593 3682 '0
2639 3625 3136 3705 χειροτονούμενος,
3198 3627 3290 3681 τὸν
3315 3625 3583 3704 ἱερατικὸν
3617 3618 3787 3699 προέλ-

2177 3719 2258 3772 θοι
2314 3717 2539 3792 βαθμὸν,
2602 3717 2656 3770 ἑν
2718 3715 2926 3788 ἑκάστῳ
2983 3714 3218 3791 τάγματι
3281 3715 3376 3769 τὸν
3442 3709 3788 3790 νενομισμένον

2177 3806 2378 3884 χρόνον
2414 3803 2766 3882 ἀποπληρῶν.

2261 3884 2323 3949 Ἠ
2353 3890 2402 3970 β’
2438 3891 2667 3958 διάταξις
2700 3901 2791 3950 τοῦ
2825 3891 2872 3949 α’
2904 3914 3010 3955 τιτ.
3048 3899 3153 3948 τῶν
3210 3897 3437 3971 νεκρῶν,
3499 3893 3557 3948 οὗ
3588 3909 3785 3967 συγχω·

2116 3137 2157 3187 C

449 3992 521 4038 ex
542 3973 830 4038 laicorum
848 3975 1061 4055 [statu]
1079 3974 1398 4036 confestim
1423 3972 1727 4052 [aliquem]
1744 3972 2090 4051 episcopum

2187 3994 2260 4059 ps't'
2291 3983 2395 4038 ἀπὸ
2428 3981 2630 4038 λοίιιῶν
2662 3983 2850 4043 εὐθέως
2889 3982 3176 4038 ἐπίσκοπον
3208 3983 3653 4060 χειροτονεῖσθαι,
3675 3974 3790 4033 ἀλλὰ

449 4065 641 4126 creari
669 4083 683 4128 :
709 4064 815 4126 sed
840 4063 1136 4144 [requirit]
1153 4075 1213 4123 ut
1235 4064 1396 4142 prius
1417 4062 1672 4151 clericus
1686 4061 1954 4151 flauetad
1975 4069 2091 4122 tres

2187 4074 2432 4151 πρότερον
2475 4071 2756 4151 κληρικὸν,
2803 4075 2888 4126 καὶ
2935 4072 3112 4142 μένειν
3157 4072 3248 4127 ἐπὶ
3285 4085 3436 4149 τρεῖς
3483 4076 3671 4146 μῆνας,
3706 4066 3783 4126 τὰς

449 4170 690 4214 menses
712 4153 1054 4232 Scripturas
1080 4161 1139 4211 et
1163 4169 1421 4212 canones
1447 4149 1656 4209 discat.
1676 4147 2086 4209 Const.autem

2187 4163 2387 4242 Γραφὰς
2419 4159 2799 4236 διδασκόμενον
2859 4162 2946 4217 καὶ
2994 4161 3114 4222 τοὺς
3147 4161 3374 4225 κανόνας
3411 4177 3426 4192 ⁶
3461 4178 3493 4228 η
3527 4158 3578 4215 δὲ
3609 4155 3658 4213 α’
3684 4154 3784 4212 διά·-

449 4241 721 4329 ejusdem
773 4240 879 4329 lib.
914 4248 973 4302 et
1003 4243 1092 4300 tit.
1125 4239 1269 4313 vult,
1304 4247 1511 4329 utnon
1550 4237 1878 4329 minussex
1916 4255 2087 4299 mens

2187 4251 2316 4316 ταξις
2375 4253 2467 4308 τοῦ
2525 4250 2684 4309 αὺτοῦ
2741 4273 2845 4310 τιτ,
2907 4249 3154 4326 βούλεται
3217 4251 3376 4308 at":th
3436 4253 3538 4329 οὔχ
3567 4249 3715 4316 ἧττον
3743 4239 3786 4305 ἐξ

447 4329 620 4392 sibus
646 4327 899 4389 clericus
931 4329 1095 4408 prius
1127 4335 1228 4388 aut
1260 4327 1588 4388 monachus
1620 4326 1817 4388 fuerit.

2187 4341 2365 4415 αηνῶν
2400 4339 2846 4418 προκληρωθῆναι
2881 4339 2909 4406 ἥ
2941 4341 3298 4418 προμονάσαι,

527 4418 695 4481 CAP.
728 4415 856 4481 XII.
886 4453 966 4464 —-—
993 4418 1299 4494 Quomodo
1324 4419 1377 4480 is
1435 4419 1543 4498 qui
1601 4435 1675 4478 ea:
1729 4418 2091 4496 paganitute

2257 4415 2507 4489 ΚΕΦΑᾸ.
2544 4415 2649 4488 nx".
2700 4462 2767 4474 --
2805 4435 2924 4489 Πῶς
2969 4415 2994 4486 δ
3041 4429 3264 4502 ἕθνικὸς,
3304 4429 3332 4496 ἤ
3366 4433 3393 4486 δ
3429 4429 3482 4485 εν
3515 4429 3666 4504 νόσῳ,
3699 4421 3723 4488 ἥ
3762 4421 3785 4474 ὁ

448 4507 712 4599 uenerit,
749 4506 845 4599 uel
900 4509 965 4570 in
1025 4505 1233 4569 morho
1283 4506 1374 4569 vel
1422 4514 1688 4569 recenter
1733 4506 2089 4587 baptizatus

2187 4522 2360 4577 νεωστὶ
2443 4522 2771 4599 βαπτισθεὶς,
2859 4522 2946 4576 καὶ
3005 4522 3031 4575 ὁ
3103 4521 3163 4575 ἐκ
3236 4518 3445 4598 φαύλης
3506 4517 3780 4595 διαγωγῆς,

443 4597 655 4677 fuerit,
685 4596 777 4660 vel
793 4615 1054 4678 pravam
1085 4600 1275 4660 vitam
1308 4597 1572 4672 duxerit,
1603 4596 1917 4659 ordinetur
1937 4599 2090 4678 cpis-

441 4705 631 4771 copus
659 4693 768 4751 aut
797 4687 1080 4751 clerici“.

874 4780 1304 4863 Apostolorum
1337 4797 1534 4843 canon
1557 4780 1656 4841 80.

2655 4785 2996 4844 Ἀποστόλων
3023 4787 3200 4842 κανὼν
3243 4785 3324 4849 π’,

526 4879 605 4943 80
637 4879 801 4962 [79].
835 4877 986 4940 Eum
1037 4875 1140 4958 qui
1185 4894 1259 4938 ex
1294 4875 1412 4936 vita
1440 4874 1648 4953 gentili
1681 4874 2000 4936 accesserit
2031 4883 2084 4936 et

2251 4875 2335 4938 π’.
2388 4878 2483 4936 Γὸν
2515 4876 2567 4942 ἐξ
2628 4879 2830 4936 ἑθνικοῦ
2872 4878 2986 4954 βίου
3047 4874 3403 4954 προσελθόντα
3463 4876 3550 4931 καὶ
3605 4874 3779 4948 βαπτι-

444 4958 787 5050 baptizatus
825 4967 1123 5047 fuerit,vel
1156 4984 1227 5028 ex
1255 4965 1528 5046 improba
1563 4963 1797 5024 vivendi
1834 4963 2087 5040 ratione,

2187 4967 2381 5040 ιθέντα,
2448 4968 2482 5033 ⁵η
2542 4968 2602 5022 ἐκ
2661 4964 2865 5046 φαύλης
2929 4965 3222 5042 διαγωγῆς,
3296 4964 3354 5019 οὗ
3432 4962 3630 5020 δικαιόν
3687 4958 3781 5012 ἐστι

446 5045 568 5118 non
629 5066 722 5119 est
777 5045 1020 5139 aequum
1069 5055 1162 5118 52
1222 5045 1496 5138 protinus
1552 5054 1898 5136 episcopum
1935 5054 2084 5115 fieri.

2187 5057 2414 5134 ταραυτὰ
2465 5057 2890 5137 προχειρίζεσθαι
2937 5054 3224 5111 ἐπισκοπον
3263 5069 3276 5081 ·
3328 5051 3507 5109 ἄδικον
3558 5048 3673 5127 γάρ,
3702 5045 3778 5099 τὸν

447 5144 732 5223 Iniquum
767 5137 861 5207 est
887 5147 1071 5222 enim,
1105 5155 1168 5208 ut
1198 5147 1301 5227 qui
1333 5145 1426 5206 sui
1477 5146 1741 5207 nondum
1776 5144 2086 5224 experien-

2187 5143 2396 5213 ιηδέπω
2429 5160 2616 5224 πεῖραν
2675 5143 3090 5222 ἐπιδειξάμενον,
3148 5141 3341 5219 ἐτέρων
3375 5143 3516 5198 εἶναι
3549 5137 3777 5194 διδάσκα-

445 5234 589 5297 tiam
621 5234 977 5311 ostenderit,
1012 5236 1088 5297 sit
1140 5235 1392 5299 aliorum
1450 5236 1756 5316 magister,
1787 5234 1902 5297 nisi
1933 5233 2084 5298 forte

2187 5259 2258 5293 ιον
2295 5253 2309 5266 ⁸
2349 5239 2392 5293 εἰ
2423 5239 2499 5313 μί,
2531 5258 2631 5294 που
2663 5237 2798 5294 κατὰ
2828 5235 2970 5293 θείαν
2993 5235 3154 5314 χάριν
3184 5235 3339 5289 τοῦτο
3371 5231 3612 5311 γένηται.

439 5323 554 5388 hoc
577 5323 780 5388 divina
801 5326 985 5404 gratia
1014 5325 1142 5387 ﬁat.

847 5411 1107 5476 aoncilii
1135 5414 1366 5477 Nicwnt
1393 5433 1589 5479 canon
1613 5417 1677 5480 2.

519 5502 582 5565 2.
616 5501 907 5577 Quoniam
933 5502 1242 5581 multa,vel
1265 5507 1648 5588 necessitate,
1682 5507 1772 5569 vel
1809 5512 2078 5587 urgenti-

2173 4623 2569 4689 χειροτονεῖται
2606 4611 2894 4672 ἐπίσκοπος
2924 4609 2960 4675 ἢ
2991 4607 3268 4686 κληρικός.

2589 5413 2811 5475 Συνόδου
2845 5413 3066 5476 Νικαίας
3097 5412 3273 5468 κανὼν
3304 5408 3378 5488 β’,

2242 5507 2321 5587 β’.
2344 5504 2567 5574 Ἐπειδὴ
2595 5503 2770 5564 πολλὰ
2800 5504 2918 5574 ἤτοι
2948 5505 3052 5560 ὑπὸ
3083 5502 3348 5582 ἀνάγκης,
3385 5499 3414 5569 ῖς
3442 5497 3610 5563 ἄλλως
3641 5495 3774 5550 ἐπει-

483 5656 581 5760 ,ω
606 5655 632 5722 Ι
659 5655 820 5722 Tim.
852 5674 938 5735 In,
979 5661 1008 5721 1
1044 5673 1216 5742 seqq.
1257 5673 1273 5733 ;
1305 5674 1361 5733 ν,
1400 5657 1437 5717 9
1469 5675 1639 5740 seqq.
