4108 6222
271 298 383 370 501
628 370 643 375 ,
1034 303 1455 372 SYNTAGMA
1497 300 1895 369 CANONUM.
1941 330 2022 350 --
2064 299 2219 365 TIT.
2266 302 2315 383 Ι,
2363 301 2528 367 CAP.
2576 298 2870 366 XI-XIII.
3513 296 3630 365 502

264 438 514 519 γομένων
568 444 674 496 τῶν
735 437 1051 518 ἀνθρώπων,
1106 438 1318 520 ἐγένετο
1389 439 1531 517 παρὰ
1582 439 1674 495 τὸν
1710 436 1898 494 κανόνα

2000 433 2100 498 bus
2121 438 2344 521 alioqui
2368 437 2734 515 hominibus,
2754 443 2970 520 praeter
2991 451 3285 499 canonem
3305 433 3628 498 ecclesias-

260 532 357 587 τὸν
432 527 908 604 ἐκκλησιαστικὸν,
981 528 1121 587 ὥστε
1185 529 1491 608 ἀνθρώπους
1536 528 1643 585 ἀπὸ
1699 526 1898 584 ἐθνικοῦ

2000 525 2173 589 ticum
2204 527 2354 590 facta
2375 537 2534 607 sunt,
2572 537 2637 591 ut
2656 528 2958 602 homines,
2992 527 3092 608 qui
3118 526 3285 588 evita
3316 523 3525 605 gentili
3553 524 3651 603 ad,

256 619 380 695 βίου
452 615 567 695 ἄρτι
637 616 1025 695 προσελθόντας
1077 624 1145 695 τῇ
1204 620 1403 693 πίστει,
1473 618 1561 676 καὶ
1617 616 1672 672 ἐν
1744 613 1898 692 ὀλίγῳ

2000 616 2171 678 [idem
2207 636 2400 698 nuper
2428 623 2901 691 accesserunt,et
2930 614 3141 695 exiguo
3176 621 3444 695 tempore
3473 622 3628 677 cate-

261 708 452 788 χρόνῳ
523 706 961 787 κατηχηθίντας,
1051 708 1198 773 εὐθὺς
1279 709 1366 764 καὶ
1421 709 1484 764 τὸ
1546 706 1898 779 πνευματικὸν

2000 704 2366 784 chumeni,id
2401 716 2514 782 est,
2550 706 2768 767 initiati
2798 703 3198 780 fuere,statim
3222 703 3296 766 ad
3320 705 3624 767 lavacrum

253 795 486 873 λουτρόν
518 796 690 875 ἄγειν,
728 799 815 855 καὶ
844 799 957 871 ἅμα
986 805 1062 873 τῷ
1108 799 1467 876 βαπτισθῆναι
1519 796 1773 875 προάγειν
1830 795 1905 857 εἷς

251 888 593 967 ὶπισκοπὴν,
646 887 678 956 ἢ
728 889 802 953 εἷς
836 885 1245 968 πρεσϐυτέριον,
1284 886 1462 953 καλῶς
1506 884 1680 952 ἔδοξεν
1731 884 1903 965 ἔχειν,

250 984 358 1034 τοῦ
416 975 612 1033 λοιποῦ
660 974 832 1052 μηδὲν
888 983 1131 1034 τοιοῦτον
1186 978 1446 1056 γίνεσθαι.
1517 976 1615 1035 Καὶ
1674 975 1775 1053 γὰρ
1818 972 1908 1030 καὶ

250 1072 467 1147 χρόνου
495 1064 580 1122 δεῖ
606 1073 684 1141 τῷ
715 1066 1115 1146 κατηχουμένῳ
1147 1085 1163 1102 ⁸
1197 1068 1284 1124 καὶ
1315 1066 1451 1142 μετὰ
1500 1066 1562 1121 τὸ
1601 1063 1903 1141 βάπτισμα,

250 1156 581 1231 δοκιμασίας
612 1156 883 1221 πλείονος.
912 1156 1089 1237 Σαφὲς
1120 1158 1220 1236 γὰρ
1251 1157 1313 1213 τὸ
1343 1153 1707 1213 ἆποστολικὸν
1737 1153 1906 1232 γροίμ-

251 1268 343 1315 μα
378 1247 441 1302 τὸ
469 1244 628 1323 λέγον
664 1262 679 1278 ⁸
716 1246 804 1313 Μὴ
858 1246 1110 1326 νεόφυτον
1144 1260 1159 1276 ⁸
1207 1244 1301 1302 ’ίνα
1359 1246 1436 1320 μὴ
1491 1244 1773 1324 τυφωθεὶς,
1832 1243 1906 1305 εἰς

248 1347 439 1414 χρῖμα
500 1335 712 1411 ἐμπέσῃ
788 1337 877 1391 καὶ
961 1333 1161 1414 παγίδα
1245 1341 1340 1391 τοῦ
1397 1331 1671 1393 διαϐόλου.
1734 1332 1792 1389 El
1851 1328 1906 1387 δὲ

246 1425 556 1501 προϊόντος
615 1431 709 1481 τοῦ
738 1425 936 1505 χρόνου
980 1425 1217 1504 ψυχικόν
1265 1444 1315 1480 τι
1346 1422 1644 1500 ἁμάρτημα
1674 1420 1905 1498 εὑρεθείη

245 1516 384 1591 περὶ
425 1516 489 1570 τὸ
533 1514 847 1593 πρόσωπον,
893 1517 991 1570 καὶ
1046 1512 1329 1594 ἐλέγχοιτο
1384 1514 1484 1569 ὑπὸ
1539 1508 1627 1568 δύο
1675 1508 1905 1594 ’ἓξ-τριῶν

248 1590 587 1682 μαρτύρων,
619 1590 911 1659 πεπαύσθω
954 1605 981 1659 ὁ
1020 1590 1259 1665 τοιοῦτος
1304 1612 1394 1661 τοὺ
1450 1600 1681 1679 κλήρου,
1732 1590 1790 1658 Ὀ
1849 1596 1903 1655 δὲ

240 1694 402 1772 παρὰ
445 1700 611 1750 ταῦτα
643 1698 837 1771 ποιῶν,
871 1694 945 1757 ὡς
995 1692 1280 1748 ὑπεναντία
1333 1696 1401 1768 τῇ
1444 1689 1657 1770 μεγάλῃ
1702 1686 1905 1762 συνόδῳ

236 1785 672 1860 Θρασυνόμενος,

238 1871 458 1952 κλῆρον
469 1921 483 1935 ,

568 2046 798 2110 Σδνόδου
832 2049 1246 2128 Νεοκαισαρείας
1277 2049 1454 2106 κανὼν
1483 2046 1584 2120 ιβ’.

338 2139 443 2214 ιβ’.
478 2139 610 2198 Ἐὰν
663 2146 836 2196 νοσῶν
904 2161 988 2204 τις
1048 2143 1311 2219 φωτισθῇ,
1370 2140 1444 2200 είς
1525 2132 1904 2215 πρεσϐυτέριον

250 2228 476 2307 ἄγεσθαι
534 2232 595 2286 οὐ
665 2227 904 2292 δύναται.
977 2231 1083 2288 Οὔκ
1159 2228 1220 2285 ἐκ
1276 2226 1638 2306 προαιρέσεως
1710 2225 1810 2304 γὰρ
1865 2226 1901 2293 ἡ

252 2324 433 2385 πίστις
492 2318 677 2389 αὖτοῦ,
714 2317 835 2375 ἀλλ’
880 2318 933 2385 ἐξ
980 2319 1224 2398 ἀνάγκης
1262 2335 1278 2350 ⁶
1332 2319 1375 2374 εἰ
1404 2317 1483 2393 μὴ
1511 2315 1659 2395 τάχα
1689 2312 1775 2371 διὰ
1803 2313 1903 2382 τὴν

258 2409 405 2483 μετὰ
432 2413 595 2464 ταῦτα
650 2409 814 2467 αὐτοῦ
857 2406 1090 2477 σπουδὴν
1146 2408 1233 2465 καὶ
1269 2407 1437 2464 πίστιν
1466 2405 1555 2462 καὶ
1585 2402 1671 2460 διὰ
1710 2403 1903 2461 σπάνιν

258 2496 576 2576 ἀνθρώπων.

637 2585 865 2644 Συνόδου
896 2584 1207 2649 Λαοδικείας
1237 2586 1414 2642 κανὼν
1442 2583 1518 2665 γ’.

336 2674 412 2754 γ’.
454 2682 576 2755 Περι
601 2683 695 2734 τοῦ
725 2676 802 2750 μὴ
832 2674 946 2734 δεῖν
978 2676 1300 2757 προσφάτως
1332 2674 1691 2757 φωτισθέντα,
1726 2694 1898 2754 προσ-

246 2765 476 2844 άγεσθαι
507 2766 561 2822 ἐν
592 2766 825 2844 τάγματι
855 2766 1137 2845 ἶερατικῷ.

336 2861 569 2913 ΚΕΦΑΛ
602 2854 687 2912 ll"
701 2904 715 2919 ,
750 2887 827 2901 -
862 2860 983 2919 [Ιῶς
1037 2854 1324 2934 σχολάζων
1375 2854 1665 2920 ἐπίσκοπος
1696 2852 1897 2933 γίνεται

245 2947 325 3010 εἷς
371 2943 747 3026 σχολάζουσαν
778 2943 1106 3014 ἐπισκοπήν,

588 3033 814 3092 Συνόδου
846 3032 1185 3114 Ἀντιοχείας
1216 3035 1393 3091 κανὼν
1436 3032 1560 3108 ιςη.

1989 795 2252 873 spiritale
2283 794 2601 857 deducant.
2635 794 2707 857 Et
2737 794 2915 856 simul
2946 812 3015 856 ac
3063 792 3343 874 baptizati
3375 792 3624 869 fuerint,

1987 882 2061 944 ad
2078 884 2481 964 episcopatum
2507 886 2593 946 vel
2619 883 3085 966 presbyteratum
3107 882 3627 964 provehant,recte

1989 970 2213 1035 habere
2242 973 2429 1035 visum
2468 981 2655 1049 est,ut
2686 973 2970 1054 deinceps
3000 971 3147 1034 nihil
3171 971 3288 1034 tale
3320 973 3442 1035 ﬁat.
3478 969 3626 1034 Nam

1990 1068 2049 1123 et
2071 1062 2501 1125 catechumeno
2551 1070 2823 1143 tempore
2854 1080 3007 1143 opus
3038 1068 3213 1143 est,et
3247 1068 3378 1142 post
3424 1060 3626 1143 bapti-

1990 1168 2183 1219 smum
2216 1151 2561 1232 probatione
2585 1152 2832 1232 majore.
2857 1152 3144 1233 Apertum
3169 1150 3328 1213 enim
3354 1157 3446 1214 est
3470 1150 3627 1213 scri-

1991 1247 2153 1320 ptum
2176 1241 2594 1323 apostolicum,
2615 1241 2771 1320 quod
2795 1241 2963 1305 dicit:
2989 1241 3124 1306 Non
3146 1241 3520 1321 Neophylum
3539 1242 3625 1318 58,

1991 1328 2048 1391 id
2070 1341 2402 1403 est,recens
2430 1330 2777 1411 plantatum:
2813 1330 2900 1395 Ne
2948 1330 3198 1411 inﬂatus
3230 1330 3297 1393 in
3332 1329 3631 1408 iudicium

1988 1417 2220 1481 incidat
2240 1426 2298 1482 et
2327 1417 2557 1481 diaboli
2577 1418 2887 1500 laqueum.
2918 1418 2981 1482 Si
3029 1426 3227 1481 autem
3262 1422 3629 1500 procedente

1990 1516 2285 1589 tempore,
2317 1508 2579 1573 animale
2610 1510 2849 1591 aliquod
2884 1519 3193 1592 peccatum
3225 1513 3386 1571 circa
3412 1528 3625 1590 perso-

1989 1617 2126 1660 nam
2162 1599 2468 1661 inventum
2502 1600 2704 1681 fuerit,
2742 1608 2799 1661 et
2825 1618 2858 1661 a
2881 1600 3115 1662 duobus
3145 1598 3233 1661 vel
3261 1598 3448 1662 tribus
3479 1618 3622 1681 per-

1987 1691 2151 1750 sonis
2183 1688 2610 1753 convincatur:
2637 1698 2855 1765 cesset,
2881 1696 3021 1770 quia
3052 1688 3182 1750 talis
3223 1695 3336 1765 est,
3369 1706 3403 1751 a
3433 1688 3625 1751 clero.

761 1782 919 1846 αὐτὸς
999 1780 1319 1839 κινδυνεύσει
1402 1782 1522 1853 περὶ
1605 1782 1698 1837 τὸν
1764 1776 1898 1835 ἴδιον

2000 1776 2098 1851 [ἰυί
2131 1786 2327 1841 autem
2365 1787 2582 1861 praeter
2605 1779 2733 1842 haec
2761 1778 2923 1859 facit,
2961 1789 3024 1840 ut
3055 1778 3157 1857 qui
3185 1796 3415 1859 magna
3443 1796 3625 1860 syno-

1987 1868 2063 1930 do
2095 1867 2383 1931 adversus
2416 1888 2550 1932 esse
2581 1870 2818 1945 audeat,
2853 1874 2981 1950 ipse
3017 1868 3093 1930 de
3126 1867 3409 1931 clericatu
3440 1870 3501 1930 in
3527 1886 3628 1950 pe-

1985 1956 2242 2019 riculum
2280 1958 2500 2021 veniet.

2241 2047 2494 2111 Consilii
2523 2047 3029 2112 Neocmsariensis
3058 2063 3260 2110 canon
3297 2050 3368 2107 l2

2070 2139 2167 2202 12.
2204 2136 2265 2201 Si
2290 2138 2421 2219 quis
2449 2146 2738 2219 aegrotans
2767 2138 2830 2190 59
2866 2136 3048 2199 fuerit
3078 2133 3469 2212 illuminatus,
3503 2154 3625 2198 non

1987 2236 2181 2310 potest
2214 2228 2274 2289 in
2309 2229 2721 2310 presbyterum
2753 2225 3135 2292 evehi.Fides
3164 2224 3324 2287 enim
3353 2225 3484 2304 ejus
3505 2243 3625 2287 non

1987 2326 2077 2380 est
2108 2336 2176 2378 ex
2209 2317 2502 2394 instituto,
2538 2317 2644 2380 sed
2676 2336 2744 2379 ex
2778 2316 3136 2380 necessitate
3167 2313 3285 2376 nisi
3308 2314 3460 2376 forte
3490 2331 3626 2396 pro-

1985 2418 2119 2489 pter
2148 2425 2527 2488 consequens
2555 2409 2687 2488 ejus
2716 2406 2977 2470 studium
3012 2412 3071 2467 et
3098 2404 3240 2483 ﬁde,
3273 2403 3624 2467 hominum-

1985 2516 2102 2579 que
2131 2497 2459 2560 raritatem.

2337 2586 2598 2651 Concilii
2626 2586 2964 2649 Laodiceni
2984 2601 3186 2648 canon
3221 2582 3282 2648 3.

2064 2677 2124 2740 3.
2152 2678 2286 2740 Non
2319 2686 2601 2758 oportere
2631 2694 2735 2739 eos
2758 2675 2861 2758 qui
2883 2678 3023 2737 sunt
3038 2691 3253 2737 recens
3282 2672 3623 2749 illuminati,

1982 2765 2051 2828 in
2082 2765 2358 2828 ordinem
2388 2765 2821 2829 sacerdotalem
2855 2763 3217 2846 promoveri.

2061 2855 2154 2916 55
2185 2855 2353 2920 CAP.
2386 2855 2547 2922 Xlll.
2583 2888 2656 2902 -—
2692 2855 3002 2932 Quomodo
3050 2870 3275 2918 vacans
3308 2859 3622 2936 episcopus

1980 2954 2299 3011 vacantem
2329 2948 2738 3028 episcopatum
2764 2951 3030 3025 occupet.

2302 3035 2567 3100 Concilii
2587 3036 2955 3099 Antiocheni
2982 3051 3174 3099 canon
3199 3034 3295 3097 l6.

332 3125 459 3199 ις’.
499 3125 566 3183 Εἴ
595 3147 678 3187 τις
719 3124 1011 3189 ἐπίσκοπος
1066 3122 1377 3204 σχολάζων,
1409 3124 1494 3180 ἐπὶ
1525 3121 1896 3203 σχολάζουσαν

2065 3128 2164 3191 16.
2199 3126 2261 3190 Si
2293 3126 2427 3208 quis
2458 3144 2671 3188 vacans
2706 3126 2824 3203 (17)
2861 3122 3293 3215 episcopusin
3318 3130 3619 3187 vacantem

248 3214 550 3282 ὶκκλησίαν
613 3215 802 3270 ἑαυτὸν
858 3212 1161 3293 ἐπιῤῥίψας,
1218 3214 1513 3292 ὑφαρπάζοι
1572 3213 1664 3268 τὸν
1715 3213 1895 3291 θρόνον

2000 3215 2297 3278 ecclesiam
2312 3215 2886 3297 irrumpens,sedem
2906 3213 3229 3295 arripuerit
3243 3213 3470 3295 absque
3488 3232 3620 3295 per-

248 3304 382 3385 δίχα
441 3301 658 3360 συνόδου
700 3301 931 3382 τελείας,
992 3302 1180 3360 τοῦτον
1225 3299 1536 3367 ἀπόϐλητον
1568 3301 1735 3373 εἶναι,
1798 3300 1896 3357 κᾶν

252 3396 302 3451 εἰ
359 3400 465 3457 πᾶς
525 3395 553 3449 ὁ
612 3390 741 3455 λαός
787 3390 846 3446 δν
877 3392 1184 3471 δςρήρπασεν
1216 3389 1392 3447 ἕλοιτο
1450 3390 1605 3446 αὐτόν
1640 3408 1657 3425 ’
1690 3388 1896 3446 τελείαν

248 3482 309 3539 δὲ
353 3481 564 3548 ἐκείνην
624 3480 770 3537 εἶναι
818 3478 1054 3554 σύνοδον,
1114 3480 1150 3556 ᾗ
1193 3479 1525 3556 συμπάρεστι
1578 3480 1665 3535 καὶ
1709 3479 1737 3534 ὁ
1794 3483 1891 3546 τῆς

249 3570 643 3651 μητροπόλεως
668 3570 956 3635 ἐπίσκοπος
973 3618 985 3631 ,

335 3679 589 3735 ΚΕΦΑΛ.
637 3674 748 3733 lA’.
783 3705 856 3717 —
924 3673 1060 3728 Πότε
1118 3669 1332 3728 δύναται
1386 3670 1628 3750 γενέσθαι
1668 3670 1892 3730 ἐπίσκο-

246 3789 352 3830 πος
410 3768 448 3837 ἥ
510 3763 769 3844 κληρικὸς
858 3763 1139 3842 εὐνοῦχος,
1199 3764 1235 3831 ἢ
1292 3760 1469 3825 ἄλλως
1526 3762 1772 3837 ἐμπαθὴς
1831 3763 1892 3819 τὸ

243 3862 431 3930 σῶμα.

534 3941 882 4000 ’Λποστόλων
921 3944 1100 3999 κανὼν
1126 3941 1215 3999 κα’
1250 3940 1335 4018 κβ’
1368 3940 1446 4014 οζ⁹
1480 3941 1594 4010 οη’.

326 4033 438 4096 ια’.
471 4034 737 4113 Εὖνοῧχος
768 4034 812 4090 εί
848 4033 946 4108 μὲν
999 4030 1051 4098 ἐξ
1103 4032 1358 4111 ἐπηρείας
1416 4033 1706 4112 ἀνθρώπων
1765 4033 1890 4111 ἐγέ-

1971 3847 2182 3928 possit.

1979 3305 2133 3369 {ecta
2155 3305 2462 3386 synodo,is
2479 3305 2556 3367 sit
2582 3306 2832 3386 ejectus,
2858 3302 3095 3366 etiamsi
3119 3304 3315 3366 omnis
3336 3302 3613 3384 populus,

1980 3414 2157 3478 quem
2189 3394 2577 3469 invasit,eum
2611 3392 2978 3474 elegerit.Sit
3005 3402 3204 3456 autem
3224 3393 3326 3455 illa
3356 3393 3621 3475 perfecta

1979 3484 2262 3567 synodus,
2325 3484 2423 3547 cui
2487 3502 2605 3545 una
2680 3501 2918 3565 quoque
2968 3482 3137 3545 adest
3193 3483 3613 3565 metropolita-

1982 3593 2225 3729 nu(slAP.
2252 3662 2410 3729 XIV.
2442 3698 2520 3709 —
2553 3664 2869 3741 Quomodo
2926 3660 3234 3727 eunuchus
3280 3661 3379 3725 vel
3427 3660 3619 3723 aliter

1976 3758 2045 3821 in
2072 3773 2320 3838 corpore
2347 3754 2621 3827 vitiatus,
2673 3753 2810 3833 ﬁeri
2862 3758 3170 3835 episcopus
3217 3758 3328 3815 aut
3353 3752 3617 3815 clericus

2159 3906 2584 4016 Apostolorum
2614 3950 2872 3998 canones
2902 3933 3007 4015 21,
3039 3933 3141 4009 22,
3174 3934 3277 4009 7'7,
3298 3906 3403 3997 78.

2053 4028 2121 4090 21
2164 4026 2318 4106 [‘20].
2353 4023 2680 4087 Eunuchus
2709 4024 2773 4075 90
2802 4024 2853 4087 si
2907 4042 2978 4087 ex
3024 4022 3335 4086 hominum
3366 4020 3611 4103 quidem

240 4145 364 4180 νετο
394 4143 502 4200 τις,
536 4121 573 4189 ἦ
606 4110 676 4177 ἐν*
718 4120 940 4196 διωγμῷ
990 4120 1229 4201 ἀφῃρέθη
1287 4121 1353 4176 τὰ
1404 4110 1522 4176 τῶν.
1571 4110 1816 4201 ἀνδρῶν,
1849 4122 1886 4189 ἣ

2000 4117 2191 4198 njuria
2249 4115 2442 4177 factus
2476 4115 2578 4195 sit,
2629 4114 2720 4176 vel
2771 4113 2833 4176 in
2882 4113 3303 4195 persecutione
3339 4110 3615 4175 virilibus

241 4213 412 4273 οὕτως
446 4211 564 4290 ἔφυ,
598 4212 685 4267 καί
716 4210 862 4267 ἔστιν
892 4209 1036 4275 ἄξιος
1070 4211 1398 4283 ἐπισκοπῆς,
1425 4208 1673 4288 γινέσθω,

319 4300 437 4379 κβ’.
472 4293 531 4358 Ὀ
562 4299 975 4378 ἂκρωτηριάσας
1029 4299 1239 4377 ἑαυτὸν,
1296 4300 1372 4373 μὴ
1416 4298 1641 4376 γινέσθω
1691 4297 1884 4377 κληρι-

1969 4207 2231 4290 privatus
2262 4204 2360 4279 sit,
2393 4203 2486 4267 vel
2517 4204 2606 4267 sic
2647 4213 2824 4266 natus
2860 4211 2970 4285 est,
3007 4213 3065 4266 et
3090 4202 3304 4282 dignus
3334 4208 3448 4278 est,
3482 4202 3607 4263 ﬁat.

2046 4296 2124 4359 22
2159 4297 2309 4376 [9|].
2332 4292 2446 4368 Qui
2469 4294 2734 4374 seipsum
2770 4294 3082 4367 mutilavit,
3105 4310 3180 4355 ne
3207 4291 3285 4354 sit
3311 4291 3607 4355 clericus:

238 4390 377 4453 πός’
436 4391 828 4467 αὖτοφονευτής
870 4388 972 4466 γάρ
1031 4388 1175 4444 ἐστιν
1234 4387 1443 4459 ἑαυτοῦ,
1498 4389 1585 4444 καὶ
1636 4392 1733 4455 τῆς
1790 4394 1884 4446 τοῦ

2000 4394 2068 4450 πει
2096 4388 2186 4449 sui
2218 4382 2542 4458 homicida,
2578 4392 2635 4445 et
2666 4381 2773 4446 Dei
2803 4382 3026 4465 opiﬁcii
3057 4381 3273 4446 hostis.

242 4486 377 4539 Θεοῦ
408 4477 758 4556 δημιουργίας
788 4478 1005 4557 ἐχθρὸς.

323 4569 426 4641 οζ⁹,
458 4567 527 4626 Εἴ
558 4589 638 4631 τις
681 4566 954 4645 ἀνάπηρος
996 4568 1032 4643 ᾗ
1076 4566 1167 4622 τὸν
1196 4563 1494 4645 οφθαλμὸν,
1535 4566 1571 4633 ἢ
1602 4567 1664 4622 τὸ
1696 4564 1884 4630 σκέλος

241 4656 650 4735 πεπληγμένος,
699 4655 840 4722 ἄξιος
883 4654 938 4712 δέ
998 4655 1141 4712 ἐστιν
1194 4653 1519 4728 ἐπισκοπῆς,
1571 4655 1831 4734 γιγνέσθω
1864 4672 1879 4687 ⁸

238 4752 302 4809 οὐ
343 4750 446 4827 γὰρ
490 4743 641 4812 λώϐη
700 4748 953 4822 σώματος
999 4745 1157 4803 αὐτον
1210 4745 1431 4825 μιαίνει,

2046 4567 2126 4628 77
2160 4561 2386 4649 [76].δί
2413 4562 2548 4644 quis
2576 4561 2631 4612 61
2661 4562 2750 4624 vel
2784 4561 2960 4624 oculo
2991 4558 3352 4638 orhatus,vel
3383 4560 3610 4649 femore

1968 4655 2246 4729 ohlaesus,
2270 4647 2631 4735 episcopatu
2680 4659 2876 4715 autem
2934 4650 3149 4731 dignus
3178 4651 3282 4727 sit,
3316 4650 3438 4712 ﬁat.
3474 4647 3605 4710 Non

1492 4742 1628 4804 ἆλλᾶ
1695 4749 1879 4825 ψυχῆς
1965 4745 2127 4808 enim
2158 4744 2430 4823 corporis
2473 4741 2759 4803 damnum
2807 4758 2946 4802 eum
2980 4737 3215 4820 polluit,
3250 4736 3361 4800 sed
3388 4736 3606 4798 animae

232 4836 517 4916 μολυσμὸς
528 4884 542 4899 .

2000 4833 2317 4916 uqutnatio.

313 4925 437 4994 on'.
504 4927 693 5006 κωφὸς
760 4923 814 4981 δὲ
899 4922 971 4981 ὢν
1043 4921 1263 5002 τυφλὸς,
1327 4922 1404 4996 μὴ
1462 4923 1689 5001 γινέσθω
1749 4925 1873 4983 ἐπί-

2034 4914 2115 4987 78
2142 4924 2290 5005 [77].
2320 4920 2434 4996 Qui
2462 4928 2660 4984 autem
2687 4927 2780 4983 est
2804 4917 3022 5006 surdus
3074 4924 3132 4980 et
3158 4933 3488 5006 ozecus,jne
3511 4914 3600 5006 sit

227 5039 433 5083 σκοπος
462 5037 480 5057 ο
516 5004 623 5096 οὐχ
652 5017 723 5081 ὡς
754 5013 1153 5091 μεμιαμμένος,
1186 5010 1308 5068 ἀλλ’
1338 5010 1432 5068 ἵνα
1462 5013 1540 5088 μὴ
1570 5014 1638 5071 τά
1667 5014 1873 5085 ἐκκλη-

2000 5004 2276 5097 ῃίεοορυε
2306 5031 2320 5076 :
2362 5029 2482 5075 non
2512 5020 2575 5074 ut
2606 5010 2894 5092 pollutus,
2926 5005 3032 5070 sed
3080 5024 3155 5068 ne
3187 5004 3598 5069 ecclesiastica

225 5108 480 5165 σιαστικὰ
522 5101 1000 5186 παρεμποδίζοιτο,

2000 5103 2387 5187 npediantur.

301 5286 371 5339 53
395 5287 447 5351 ιι
474 5285 629 5349 Tim.
662 5298 751 5361 In,
782 5282 845 5346 6.
928 5282 993 5334 59
1019 5280 1292 5344 Distinet.
1332 5282 1403 5345 77
1436 5283 1513 5349 Si
1541 5289 1678 5365 quis
1708 5285 1774 5350 in
1807 5285 2202 5367 aegritudine.
2284 5281 2351 5333 ϐο
2380 5280 2655 5345 Distinct.
2690 5279 2747 5342 3.
2832 5275 2886 5327 ϐί
2920 5274 3201 5340 Antioch.
3235 5292 3288 5337 c.
3326 5274 3426 5339 23.

1795 5462 2048 5531 ΝΟΤᾸΕ.

305 5597 356 5683 _(_1
372 5597 432 5683 ρ)
455 5594 565 5683 llic
587 5600 649 5683 e_t
671 5611 938 5683 sequens
956 5614 1149 5683 canon
1172 5598 1564 5683 citanturactf
1590 5601 1666 5683 Δ11
1707 5618 1862 5683 con-
1947 5594 2362 5683 eeclesiastici,
2397 5595 2469 5657 de
2518 5613 2637 5679 quo
2695 5594 2863 5683 plura
2920 5592 3208 5658 lustellus
3237 5591 3338 5682 qui
3374 5589 3585 5668 edidit,

219 5673 345 5747 cilii
365 5673 904 5757 Chalcedonensis,
936 5675 1337 5768 dicunturque
1357 5680 1437 5743 95
1458 5687 1518 5751 et
1536 5680 1616 5748 96
1635 5679 1864 5751 codicis
1945 5680 2191 5765 aliique.
