4108 6222
432 279 564 370 503,
1621 285 1888 349 PHOTII
1926 229 2444 364 P'ATRIABGHE
2484 287 2603 366 cp.
3675 283 3812 352 504.

839 415 1358 492 ConpiliiNicwni
1388 420 1675 480 canant.
2088 424 2131 474 Δ
2553 414 2780 477 Συνόδου
2825 417 3042 483 Νικαίας
3083 417 3260 476 κανὼν
3305 414 3388 480 α’,

516 505 620 579 M
645 507 705 570 l.
738 503 799 570 Si
825 506 1026 588 quisa
1053 505 1305 567 medicis
1327 504 1384 566 in
1413 504 1619 570 morbo
1637 505 1894 579 excisus,
1919 507 2008 568 vel
2041 525 2078 567 a

2237 507 2312 570 α’,
2352 508 2416 565 Εἴ
2469 529 2547 570 τις
2598 508 2651 563 ἐν
2696 507 2835 579 νόσῳ
2885 508 2986 563 ὑπὸ
3041 508 3234 584 ἰατρῶν
3277 507 3697 586 ὶχειρουργήθη,
3761 506 3801 574 ἦ

436 595 714 670 Barbaris
747 603 1017 656 exsectos
1048 603 1160 669 est,
1193 594 1244 654 is
1275 595 1332 658 in
1367 593 1528 656 clero
1567 604 1818 658 maneat.
1848 596 1908 658 Si
1941 596 2058 676 qui:

2176 599 2258 653 υπὸ
2287 595 2562 674 βαρϐάρων
2607 595 2894 671 ἐξετμήθη,
2955 595 3108 658 οὗτος
3141 595 3345 670 μενέτω
3376 596 3430 652 ἐν
3465 603 3539 670 τῷ
3569 596 3756 672 κλήριρ
3783 611 3798 626 ⁸

437 693 632 762 autem
692 703 827 756 cum
887 691 1046 758 esset
1077 702 1280 759 sanus,
1315 683 1582 765 seipsum
1615 686 1900 758 exsecuit,
1939 704 2059 747 eun

2185 683 2287 741 ίδὲ
2337 708 2416 749 τις
2467 687 2715 764 ὑγιαίνων
2761 686 2943 742 ἑαυτὸν
2983 684 3221 760 ἐξέτεμε,
3285 694 3468 742 τοῦτον
3517 687 3605 742 καὶ
3638 685 3694 742 ἒν
3724 692 3805 758 τῷ

437 776 615 836 etiam
647 772 709 833 in
739 771 899 844 clero
951 773 1353 835 examinatum
1417 791 1655 836 cessare
1688 774 1984 851 convenit,
2020 793 2050 835 e

2185 774 2342 852 ιλήρω
2390 773 2787 854 ἐξεταζόμενον,
2847 778 3144 832 πεπαῦσθαι
3207 773 3469 853 προσήκει
3504 793 3519 809 ·
3586 773 3680 831 καὶ
3741 771 3807 830 ἐκ

443 862 732 943 deinceps
761 861 989 938 nullum
1025 863 1199 926 talem
1235 868 1466 942 oportet
1497 862 2065 943 promoveriQuem‘

2177 872 2254 921 :06
2310 863 2483 943 δεῦρο,
2543 861 2747 940 μηδένα
2796 871 2902 920 τῶν
2931 864 3186 922 τοιούτων
3217 865 3416 943 χρῆναι
3446 864 3799 943 προάγεσθαι·

439 951 978 1034 admodumautem
1005 952 1119 1016 hoc
1141 952 1517 1016 manifestum
1543 961 1652 1030 est,
1679 952 1835 1033 quod
1874 954 1948 1015 de
1977 952 2061 1015 iis

2183 955 2372 1034 Ὠσπερ
2414 953 2469 1010 δὲ
2498 961 2654 1012 τοῦτο
2696 951 2987 1033 πρόδηλον⁹
3042 954 3124 1010 ὅτι
3157 955 3275 1030 περὶ
3302 954 3409 1010 τῶν
3437 952 3805 1020 ὶπιτηδευόν-

438 1039 553 1124 qui.
571 1032 647 1103 de
680 1039 978 1102 industria
1006 1041 1118 1106 hoc
1139 1049 1338 1122 agant,
1363 1050 1422 1102 et
1446 1060 1511 1104 se
1534 1032 1945 1122 ipsos’audent
1971 1059 2060 1104 ex-

2185 1066 2268 1100 των
2325 1032 2386 1100 τὸ
2429 1050 2673 1123 ιτρᾶγμα³
2734 1032 2820 1100 καὶ
2877 1041 3201 1118 τολμώντων
3248 1043 3470 1108 ἑαυτοὺς
3524 1042 3807 1115 ἰκτέμνειν

439 1123 668 1206 cidere,
702 1129 927 1210 dictum
961 1138 1052 1194 est
1086 1148 1100 1194 :
1136 1131 1279 1194 item
1327 1131 1376 1192 si
1407 1131 1591 1212 aliqui
1620 1150 1654 1192 a
1685 1131 1961 1200 Barbaris
1991 1149 2057 1192 ve

2186 1133 2378 1210 ἴρηται
2411 1152 2426 1168 ο
2473 1133 2641 1196 οὕτως
2698 1131 2754 1189 εἴ
2797 1153 2936 1198 τινες
2987 1133 3090 1189 ὑπὸ
3138 1129 3416 1210 βαρϐάρων
3469 1129 3808 1199 ἥδεσποτῶν

439 1218 704 1292 dominis
733 1220 970 1300 castrati
1022 1220 1156 1298 sint
1204 1220 1584 1284 inveniantur
1613 1229 1809 1282 autem
1843 1229 1899 1283 et
1929 1221 2061 1283 alio-

2183 1222 2603 1301 :6vouxl06noav,
2663 1222 2985 1302 εὓρίσκοιντο
3061 1219 3116 1278 δὲ
3184 1221 3359 1285 ἄλλως
3433 1220 3592 1302 ἄξιοι,
3677 1220 3805 1284 τοὺς

443 1308 578 1400 qui
571 1308 760 1390 digni,
794 1310 1032 1400 ιβΙοεᾼίιι
1057 1309 1286 1372 clerum
1318 1310 1582 1372 admittit
1612 1329 1826 1372 canon.

1733 1331 1826 1372 on.
2164 1311 2430 1376 τοιούτους
2463 1315 2534 1378 εἷς
2564 1311 2762 1390 κλῆρον
2793 1311 3067 1391 προπίεται
3097 1314 3124 1368 ὁ
3153 1313 3355 1372 κανών.

526 1396 766 1463 Toxlus.
799 1397 1004 1468 Civilis
1025 1400 1120 1464 lex
1144 1418 1246 1462 eos
1272 1399 1374 1481 qui
1399 1400 1628 1482 seipsos
1650 1409 1748 1461 aut
1779 1400 1925 1464 alios
1948 1419 2082 1463 cas-

2249 1393 2307 1458 'o
2352 1399 2630 1466 πολιτικὸς
2678 1403 2836 1477 νόμος
2888 1402 3012 1464 τοὺς
3045 1401 3262 1466 ἑαυτοὺς
3293 1403 3328 1469 ἦ
3359 1401 3570 1481 ἐτέρους
3616 1399 3809 1460 εὔνου-

443 1487 1238 1572 trantdiversimodepuuit:
1263 1489 1409 1553 alias
1441 1491 1658 1570 capite,
1690 1490 1833 1552 alias
1861 1490 2065 1568 [bono-

2187 1489 2420 1569 (ίζοντας
2453 1490 2724 1572 διαφόρως
2755 1503 3104 1570 τιμωρεῖται,
3161 1492 3294 1547 ποτὲ
3345 1490 3441 1564 μὲν
3472 1489 3809 1570 κεφαλικὼς,

443 1578 611 1660 tum]
635 1577 1043 1658 publicatione
1067 1573 1126 1641 et
1147 1579 1533 1655 exsilio,alias
1556 1580 1795 1641 talione.
1828 1579 2065 1644 Omnint

2184 1581 2295 1637 τοτὲ
2333 1579 2388 1637 δὲ
2431 1579 2684 1658 δημεύσει
2743 1581 2840 1638 καὶ
2896 1579 3093 1660 εξορίᾳ,
3151 1581 3284 1637 ποτὶ
3314 1578 3368 1636 δὲ
3399 1581 3757 1652 ταυτοπαθείφ
3793 1598 3806 1612 ⁸

449 1669 610 1728 enim
628 1667 687 1730 in
711 1676 918 1734 nostra
937 1668 1248 1752 republica
1266 1670 1568 1731 neminem
1588 1670 1927 1731 eunuchum
1954 1671 2071 1732 ﬁer:

2191 1669 2394 1727 ιαθόλου
2449 1673 2550 1750 γὰρ
2600 1672 2652 1728 ἒν
2702 1677 2771 1748 τῇ
2820 1669 3062 1744 πολιτείᾳ
3099 1673 3280 1750 ἡμῶν,
3313 1669 3497 1730 οὐδένα
3531 1681 3813 1749 συγχωρεῖ

447 1756 749 1838 permittit
775 1777 788 1817 :
811 1757 917 1836 sed
938 1758 1093 1838 apud
1124 1758 1420 1822 Barbaros
1452 1758 1644 1820 solum
1668 1759 1986 1822 Barbaros.
2024 1760 2062 1823 S

2189 1760 2562 1840 ὦνωχίζεσθαι
2592 1778 2607 1794 ⁸
2670 1761 2809 1818 ἀλλά
2867 1763 3010 1839 παρά
3052 1760 3336 1838 βαρϐάροις
3385 1760 3569 1834 μόνοιτ⁸
3596 1757 3811 1837 βαρϐά-

448 1845 584 1934 quis
616 1852 814 1910 tamen
845 1848 1000 1928 apud
1031 1866 1140 1910 nos
1166 1857 1457 1910 castratus
1482 1848 1741 1922 sit,liber
1773 1850 1858 1924 fit,
1886 1850 1934 1910 si
1953 1869 2070 1913 ser-

2186 1872 2315 1914 >06c.
2357 1854 2414 1908 Εἰ
2452 1851 2506 1907 δέ
2549 1874 2628 1914 τις
2685 1849 2810 1928 παρ’
2859 1854 2995 1927 ἡμῖν
3043 1853 3384 1930 εὖνουχισθῇ,
3419 1849 3808 1927 ἐλευθεροῦται,

445 1955 555 1999 vus
579 1936 779 2012 fuerit,
817 1937 992 1999 etiam
1014 1938 1063 1999 si
1086 1953 1332 2020 propter
1349 1938 1622 2001 morbum
1641 1948 1930 2001 castratus
1957 1941 2035 2000 sit

2185 1941 2325 2019 ιῖπερ
2350 1941 2414 2009 ἧν
2445 1939 2654 2020 δοῦλος,
2685 1941 2784 1998 κᾶν
2837 1941 2922 1998 διὰ
2973 1941 3128 1997 νόσον
3185 1941 3506 2018 εὐνουχισθῇ
3540 1955 3554 1972 ⁸
3589 1941 3663 2002 ὡς
3693 1935 3807 2015 βιϐ.

448 2035 515 2090 ιιι
542 2028 646 2091 lib.
684 2045 740 2092 Iv
770 2030 908 2092 cod.
940 2030 1032 2094 tit.
1062 2031 1168 2105 492,
1199 2040 1390 2093 const.
1426 2033 1483 2108 1,
1516 2033 1593 2108 2;
1636 2040 1692 2092 et
1723 2031 1826 2095 lib.
1878 2049 2070 2108 XLVIII,

2187 2020 2220 2085 Γ
2276 2040 2368 2090 τοῦ
2397 2029 2528 2092 κωδ.
2575 2033 2679 2094 τίτ.
2729 2031 2824 2108 μβ’
2867 2030 3006 2094 διάτ.
3053 2030 3108 2087 α’
3155 2033 3242 2087 καὶ
3296 2022 3374 2107 β’,
3409 2032 3497 2087 καὶ
3527 2027 3641 2107 βιϐ.
3674 2025 3809 2103 μη¹,

444 2116 538 2196 ιιι,
561 2118 620 2192 8,
656 2117 951 2198 digestum
977 2120 1038 2201 4,
1063 2119 1120 2196 5,
1157 2120 1217 2201 6,
1246 2121 1342 2196 11,
1381 2132 1439 2181 ct
1473 2121 1535 2182 in
1568 2122 1798 2182 novella
1822 2123 2066 2184 sanctio-

2190 2143 2278 2181 ξιτ.
2323 2120 2408 2201 η’,
2440 2120 2578 2186 διάτ,
2612 2121 2664 2200 γ’
2695 2120 2739 2178 δ’
2774 2121 2820 2178 ε’
2851 2119 2928 2195 ς’
2962 2141 3016 2177 ια
3045 2138 3058 2152 ⁸
3109 2120 3206 2176 καῖ
3250 2119 3304 2178 ὲν
3335 2127 3404 2198 τῇ
3433 2121 3550 2196 περὶ
3577 2123 3684 2176 τῶν
3715 2117 3812 2173 εὖ·-

447 2223 528 2280 ne
565 2207 691 2283 142,
726 2205 802 2271 de
831 2207 925 2282 bis
955 2209 1056 2292 qui
1089 2210 1400 2273 eunuchos
1432 2210 1682 2272 faciunt.

1333 2229 1400 2272 os
1432 2210 1682 2272 faciunt.
2172 2213 2527 2291 νουχιζόντων
2599 2211 2723 2290 ρμβ’
2767 2217 2948 2290 νεαρᾷ.

529 2297 702 2369 CAP.
735 2299 859 2362 XV.
893 2333 972 2366 -,—
1003 2300 1426 2365 Dwmoniacus
1475 2303 1541 2366 in
1571 2303 1797 2365 clerum
1828 2320 1952 2365 non
1981 2319 2086 2365 re-

2255 2307 2506 2362 ΚΕΦΑΛ.
2553 2301 2661 2365 ΙΕ’.
2693 2335 2773 2348 -
2801 2304 2924 2382 Περὶ
2953 2307 3046 2360 του
3091 2302 3526 2378 δαιμονιζόμενον
3556 2298 3635 2375 μὴ
3665 2296 3813 2364 κλη-

449 2387 742 2469 ciptatur.
771 2389 1196 2469 Apostolorum
1218 2408 1409 2454 canon
1437 2393 1516 2454 '78
1532 2435 1547 2452 .

2172 2395 2407 2470 ροῦσθαι,
3539 2414 3541 2416 ·

535 2476 609 2538 79
642 2475 805 2558 [78].
830 2475 893 2540 Si
924 2479 1058 2559 quis
1089 2479 1421 2542 daemonem
1456 2480 1693 2557 habeat,
1730 2499 1805 2542 ne
1837 2481 1936 2542 ﬁat
1963 2481 2089 2544 cle-

1730 2499 1805 2542 ne
1837 2481 1936 2542 ﬁat
1963 2481 2089 2544 cle-
2646 2480 2994 2539 Ἀποστόλων
3026 2481 3198 2538 κανὼν
3229 2477 3327 2544 σθ’.

449 2568 634 2644 ricus,
669 2569 778 2632 sed
809 2587 1005 2651 neque
1034 2589 1170 2632 cum
1194 2571 1473 2634 fidelibus
1496 2575 2071 2653 preceturJ’urgatu:

2253 2571 2355 2634 σθ’.
2389 2571 2518 2632 Ἐάν
2561 2593 2643 2636 τις
2686 2568 2910 2647 δαίμονα
2967 2569 3096 2650 ἔχη,
3151 2569 3415 2650 κληρικὸς
3449 2569 3526 2644 μὴ
3558 2567 3811 2647 γινέσθω,

453 2665 654 2734 autem
685 2658 1050 2740 recipiatur;
1086 2667 1144 2721 et
1172 2666 1220 2721 si
1253 2662 1330 2721 sit
1353 2661 1591 2741 dignus,
1628 2661 1750 2724 ﬁat.

2187 2661 2312 2718 tua
2356 2661 2434 2736 μὴ
2465 2659 2520 2717 δὲ
2551 2674 2668 2725 τοῖς
2705 2674 2920 2727 πιστοῖς
2954 2660 3291 2740 συνευχέσθω
3317 2675 3331 2690 ⁶
3367 2660 3699 2738 καθαρισθεὶς
3729 2655 3809 2737 δὲ,

2175 2748 2554 2830 προσδεχέσθω
2589 2770 2601 2784 ·
2636 2751 2725 2808 καὶ
2755 2750 2845 2806 ἰὰν
2874 2750 2910 2826 ᾗ
2942 2748 3108 2825 ἄξιος,
3143 2748 3387 2829 γινέσθω,

533 2835 629 2900 55
661 2836 828 2901 CAP.
859 2839 1023 2904 XVI.
1055 2869 1132 2886 ο·-
1166 2839 1254 2901 De
1311 2857 1381 2902 eo
1433 2841 1543 2920 qui
1573 2857 1698 2902 non
1728 2839 2095 2920 obtemperat

2260 2844 2488 2898 ΚΕΦΑΛ
2535 2837 2660 2913 ις’,
2715 2871 2796 2884 —-
2838 2841 2963 2916 Περὶ
3001 2838 3093 2895 τοῦ
3139 2841 3216 2915 μὴ
3259 2841 3680 2917 πειθαρχοῦντος
3734 2841 3815 2909 τῷ

456 2927 735 3008 ερίεεορο
767 2925 996 2990 volenti
1024 2929 1222 3008 ipsum
1251 2927 1330 2990 ad
1377 2931 1664 3003 maiorem
1693 2929 1958 3010 gradum
1989 2947 2078 2992 or-

2199 2928 2289 3002 δίῳ
2369 2929 2668 3005 ὲπισκόπῳ,
2752 2927 3059 3006 βουλομένῳ
3142 2941 3472 3010 χειροτονεῖν
3531 2927 3692 2986 αὐτὸν
3745 2927 3821 2994 είς

454 3016 693 3080 dinare.

2178 3021 2394 3094 μείζονα
2421 3017 2645 3095 βαθμόν,

699 3107 960 3171 ϐοησὶΗί
991 3107 1501 3188 Carthagiuensis
1533 3126 1729 3173 canon
1751 3108 1851 3174 3t.
2114 3135 2156 3186 ο

2114 3135 2156 3186 ο
2511 3105 2738 3165 Συνόδου
2771 3107 3139 3187 Καρθαγέννης
3168 3108 3344 3165 κανὼν
3371 3105 3483 3168 λα’.

537 3194 640 3258 31.
667 3193 729 3260 Si
752 3196 855 3278 qui
884 3195 1090 3261 clerici
1109 3198 1182 3260 ab
1213 3198 1510 3279 episcopis
1536 3198 1660 3260 suis
1684 3199 1932 3280 promoti
1957 3217 2096 3262 con-

2260 3197 2373 3262 λα’.
2439 3196 2565 3256 Ἐάν
2619 3219 2698 3264 τις
2741 3197 2998 3276 κληρικὸς
3050 3197 3110 3255 ἐκ
3170 3201 3276 3255 των
3319 3195 3464 3253 ἰδίων
3507 3195 3817 3252 ἐπισκόπων

458 3286 838 3366 tempserint,
868 3305 979 3350 nec
1008 3287 1131 3351 illic
1163 3288 1632 3369 maneant,unde
1663 3289 1951 3351 recedere
1983 3308 2080 3352 no-

2199 3287 2640 3368 τροϐιϐαζόμενος
2719 3294 3051 3368 καταφρονῇ,
3138 3285 3275 3364 μηδέ
3325 3286 3443 3344 ἐκεῖ
3485 3286 3645 3361 μείνῃ
3701 3284 3821 3344 ὅθεν

458 3373 721 3442 luerunt.
1621 3389 1628 3398 -

1621 3389 1628 3398 “
2181 3379 2536 3459 ἀναχωρῆσαι
2581 3377 2678 3434 οὒκ
2705 3377 2990 3447 ἠθέλησεν,

540 3466 714 3542 Item,
747 3465 968 3548 placuit
994 3466 1080 3545 63,
1117 3475 1179 3530 ut
1209 3468 1550 3550 quicunque
1583 3468 1814 3544 clerici,
1847 3469 1935 3531 vel
1969 3469 2098 3532 dia-

2266 3459 2495 3543 ιΟμοίως
2553 3465 2768 3545 ἤρεσεν,
2811 3467 2905 3524 ἵνα
2951 3465 3256 3536 οἶοιδήποτε
3302 3467 3548 3538 κληρικοὶ
3579 3468 3670 3525 καὶ
3700 3465 3823 3524 διά·

459 3554 596 3618 coni
628 3573 735 3638 pro
767 3555 1229 3622 necessitatibus
1260 3558 1665 3620 Ecclesiarum
1702 3577 1820 3620 non
1862 3557 2081 3620 obtem-

2207 3579 2352 3638 Lov0t,
2402 3557 2492 3613 ἐὰν
2550 3557 2629 3632 μὴ
2675 3560 3007 3636 πειθαρχιῖοσι
3066 3570 3183 3622 τοϊς
3243 3556 3558 3622 ἐπισκόποις
3623 3560 3829 3630 αὐτῶν,

462 3645 803 3725 peraverint
832 3645 1135 3730 episcopis
1167 3649 1314 3726 suis,
1377 3647 1714 3711 volentibus
1745 3667 1848 3710 eos
1879 3647 1952 3709 ad
1986 3649 2084 3710 ho-

2201 3645 2530 3723 Ξουλομένοις
2573 3644 2658 3703 διὰ
2686 3668 2833 3709 τινας
2882 3646 3278 3726 ἀναγκαστικάς
3335 3648 3503 3712 αἰτίας
3535 3646 3642 3703 τῶν
3685 3645 3823 3704 Ἐκ-

459 3752 672 3798 norem
700 3736 1061 3818 ampliorem
1097 3739 1260 3816 [mss.
1294 3736 1634 3819 meliorem]
1666 3738 1727 3799 in
1763 3757 1870 3800 sua
1901 3737 2081 3800 eccle-

2204 3737 2428 3806 ιλησιῶν
2487 3736 2658 3793 αὐτῶν
2725 3737 2938 3800 τούτους
3009 3739 3140 3814 πρὸς
3205 3739 3448 3812 μείζονας
3505 3736 3826 3795 ἀναϐιϐάσαι

461 3824 552 3886 εἰει
575 3842 957 3906 promovere,
986 3846 1097 3890 nec
1125 3829 1247 3890 illic
1284 3828 1622 3890 ministrent
1657 3829 1714 3889 in
1747 3827 1933 3908 gradu
1965 3846 2083 3903 suo

2206 3829 2344 3904 ςιμάς
2389 3827 2444 3884 ὲν
2483 3833 2552 3904 τῇ
2593 3825 2892 3901 Ἐκκλησία
2946 3831 3140 3896 αὐτῶν,
3218 3827 3356 3903 μηδέ
3410 3827 3464 3884 ἓν
3505 3829 3694 3900 εκείνῳ
3749 3832 3828 3902 τῷ

460 3914 621 3978 unde
643 3914 932 3980 recedere
953 3917 1300 3982 noluerunt.

2199 3921 2374 3994 Ξαθμῷ
2427 3916 2835 3997 διαιιονήσωσιν¹
2896 3916 2948 3984 ἐξ
3019 3921 3081 3974 οὗ
3141 3918 3493 3998 ἀναχωρῆσαι
3554 3919 3650 3975 οὒκ
3695 3918 3821 3986 ἠθέ-

2186 4008 2383 4077 λησαν,

999 4096 1224 4160 Basilii
1252 4114 1452 4159 canon
1487 4095 1581 4160 10.

2710 4096 2986 4154 Βασιλείου
3016 4098 3192 4155 κανὼν
3225 4095 3260 4153 ι’
3274 4145 3288 4162 ,

548 4188 648 4252 10.
679 4185 793 4260 Qui
809 4187 1014 4266 jurant
1033 4204 1098 4248 se
1125 4186 1562 4250 ordinationem
1585 4203 1704 4247 non
1726 4191 2097 4266 accepturos,

2265 4188 2325 4250 ι’.
2363 4189 2420 4245 Οί
2454 4187 2738 4263 ὀμνύοντες
2793 4187 2872 4263 μὴ
2901 4185 3295 4267 καταδέχεσθαι
3328 4187 3428 4250 τὴν
3457 4187 3823 4268 χειροτονίαν,

462 4276 794 4356 ejurantes,
816 4294 894 4338 ne
921 4283 1208 4356 cogantur
1240 4274 1664 4355 pejerare.Etsi
1691 4274 1849 4336 enim
1875 4274 2084 4336 videto]

2204 4275 2524 4353 ιξομνύμενοι
2587 4277 2665 4352 μὴ
2719 4276 3194 4355 ἀναγκαζὲσθωσαν
3259 4277 3556 4355 ἐπιορκεῖν.
3624 4279 3680 4335 E’t
3725 4280 3826 4355 γὰρ

463 4365 682 4444 aliquis
704 4382 840 4428 esse
860 4366 1185 4446 canon,qui
1211 4364 1507 4445 ejusmodi
1531 4363 1874 4426 hominibus
1894 4382 2077 4425 conce

2207 4369 2272 4424 ιαὶ
2315 4366 2464 4424 δοκεῖ
2507 4389 2588 4430 τις
2635 4367 2777 4423 εἶναι
2822 4369 2996 4423 κανὼν
3042 4369 3069 4424 ὁ
3131 4374 3428 4448 συγχωρῶν
3487 4382 3603 4431 τοῖς
3645 4367 3829 4424 τοιού-

462 4453 605 4530 dat;
639 4455 1014 4548 experientia
1045 4465 1245 4548 tamen
1276 4461 1660 4548 cognovimus
1671 4474 1782 4548 eos
1805 4454 1904 4548 qui
1930 4455 2084 4548 peje-

2207 4480 2320 4531 ποις⁹
2366 4455 2502 4513 ἀλλά
2553 4457 2706 4532 πείρᾳ
2748 4455 3084 4538 ἐγνώκαμεν,
3133 4457 3213 4513 ὅτι
3275 4457 3373 4514 οὒκ
3432 4457 3735 4515 εὖοδοῦνται
3784 4461 3829 4514 οἱ

461 4552 694 4626 rarum,
723 4543 935 4608 felices
968 4544 1164 4608 exitus
1195 4563 1313 4607 non
1373 4543 1625 4609 habere.
1661 4543 2083 4609 Considerand:

2209 4549 2646 4626 ταρορκήσαντες,
2700 4554 2938 4604 Σκοπεϊν
2995 4545 3052 4602 δὲ
3123 4546 3206 4604 δεῖ
3263 4548 3351 4603 καὶ
3401 4549 3463 4605 τὸ
3522 4547 3671 4612 εἶδος
3732 4549 3831 4606 τοῦ

464 4641 663 4716 autem
695 4643 834 4698 sunt
863 4643 926 4698 et
978 4633 1213 4717 species
1264 4634 1684 4715 jurisjurandi,
1730 4645 1788 4696 et
1816 4634 2018 4710 verba,
2047 4651 2079 4694 e

2207 4636 2369 4716 ίρκου,
2404 4638 2490 4693 καὶ
2533 4637 2598 4693 τὰ
2641 4637 2880 4715 ῥήματα,
2925 4637 3013 4692 καὶ
3044 4635 3144 4705 τὴν
3184 4634 3421 4694 διάθεσιν
3452 4637 3537 4716 ἀφ’
3573 4638 3638 4706 ἧς
3673 4640 3829 4712 ὁμω-

463 4723 700 4788 animns
729 4743 846 4806 quo
867 4725 1248 4806 juraverunt,
1305 4732 1364 4788 et
1412 4725 1716 4805 sigillatim
1751 4743 1879 4805 qum
1912 4723 2085 4785 verbi:

2211 4727 2414 4800 ιὸκασι,
2455 4727 2663 4792 καὶτὰς
2695 4727 2832 4782 κατὰ
2868 4725 3064 4782 λεπτὸν
3123 4727 3177 4782 ὲν
3221 4739 3340 4792 τοῖς
3399 4727 3600 4805 ῥήμασι
3659 4749 3833 4802 προσ-

463 4813 663 4880 addita
688 4814 954 4891 fuerunt,
987 4817 1140 4879 adeo
1169 4822 1237 4876 ut
1266 4814 1317 4875 si
1350 4815 1506 4877 nulla
1545 4833 1788 4895 prorsus
1818 4814 1892 4876 sit
1914 4814 2004 4875 rei
2025 4812 2080 4874 le

2211 4817 2357 4886 Mm;
2387 4831 2402 4846 '
2443 4817 2517 4880 ὼς
2549 4815 2638 4872 ἐὰν
2669 4813 2904 4892 μηδεμία
2939 4816 2974 4891 ᾗ
3004 4813 3312 4890 μηδαμόθεν
3343 4817 3669 4895 παραμυθία,
3715 4818 3833 4898 χρὴ

466 4903 701 4980 ιιίθιιιὶιε
719 4904 902 4983 ratio,
936 4904 1084 4976 tales
1111 4906 1357 4967 omnino
1389 4904 1729 4966 dimittendi
1762 4903 1904 4965 sint.
1934 4902 2088 4976 Quoc

2211 4904 2466 4971 ταντελῶς
2497 4906 2588 4978 ὲᾷν
2618 4907 2736 4968 τοὺς
2769 4906 3064 4969 τοιούτους,
3097 4907 3168 4963 Τὸ
3201 4906 3297 4981 μέν
3326 4928 3406 4962 τοι
3432 4906 3566 4964 κατᾶ
3593 4905 3833 4984 Σεϐἧρον

465 5001 662 5076 autem
695 4985 908 5060 attinet
931 4993 1006 5058 ad
1024 4992 1228 5058 Severi
1254 4993 1868 5074 negotium,videlicct
1886 4993 1959 5054 ad
1981 5011 2083 5074 pre

2210 5002 2437 5075 πρᾶγμα,
2469 4994 2589 5063 ἦτοι
2621 4996 2710 5051 τὸν
2741 4996 2843 5051 ὑπὸ
2873 4995 3058 5050 τούτου
3104 4995 3550 5074 χειροτονηθέντα
3592 4994 3832 5074 πρεσϐύ-

465 5083 769 5164 abyterum
791 5083 864 5145 ab
888 5085 1018 5164 ipso
1043 5083 1654 5160 ordinatum,videtur
1680 5082 1806 5144 nihi
1830 5101 1927 5143 res
1955 5092 2087 5144 tem.

2216 5107 2366 5161 τερον,
2415 5085 2667 5151 τοιαύτην
2712 5085 2828 5140 τινά
2873 5107 2962 5160 μοι
2991 5083 3145 5141 δοκεῖ
3191 5086 3523 5163 παραμυθίαν
3568 5084 3744 5164 ἔχειν,
3793 5088 3838 5142 εί

469 5181 884 5254 peramentum
907 5173 1206 5253 ejusmodi
1245 5173 1496 5256 habere,
1521 5174 1572 5235 si
1595 5173 1753 5235 idem
1784 5182 1840 5234 et
1873 5172 1979 5232 tibi
2014 5172 2091 5233 vi-

2215 5178 2282 5231 ιαὶ
2313 5175 2393 5231 σοὶ
2427 5174 2674 5234 συνδοκεῖ
2710 5193 2725 5209 ·
2773 5176 2864 5231 τὸν
2915 5175 3075 5253 ἀγρὸν
3107 5173 3316 5230 ἐκεῖνον
3362 5177 3452 5230 τὸν
3497 5175 3837 5249 ἐπικείμενον

467 5261 939 5342 deatur-Agrum
961 5262 1128 5325 illum
1141 5262 1391 5330 Mistbim
1413 5261 1878 5344 subjectum,cui
1903 5261 2004 5325 ille
2022 5262 2089 5324 vi:

2215 5271 2262 5342 τῇ
2334 5265 2548 5338 Μισθίᾳ,
2610 5265 2655 5338 ᾧ
2712 5263 3059 5342 ἐπεκηρύχθη
3123 5265 3151 5319 ὁ
3218 5260 3516 5342 ἅνθρωπος,
3584 5263 3837 5322 κέλευσον

467 5349 744 5414 addictus
773 5351 907 5434 iuit,
932 5351 1083 5432 jube
1110 5351 1363 5416 Vasodis
1396 5353 1664 5417 subesse.
1685 5352 1781 5416 Sic
1804 5352 1965 5414 enim
1999 5371 2089 5415 net

2212 5351 2480 5418 ὶῦασόδοις
2537 5352 2844 5416 ὑποτελεῖν.
2891 5351 3044 5410 Οὕτω
3087 5351 3188 5430 γὰρ
3235 5352 3488 5415 κάκεῖνος
3538 5351 3598 5408 οὔ
3627 5373 3834 5430 παρορ-

467 5440 763 5524 pejerablt
791 5441 892 5505 ille
921 5461 956 5504 a
986 5441 1117 5505 loco
1141 5461 1260 5504 non
1286 5443 1604 5520 recedens,
1639 5462 1750 5506 nec
1785 5444 2084 5523 Longinus

2214 5445 2376 5518 ιήσει,
2411 5443 2487 5519 μὴ
2520 5443 2818 5523 ἀναχωρῶν
2849 5451 2943 5501 τοῦ
2973 5441 3139 5498 τόπου
3166 5456 3178 5470 ⁸
3214 5443 3302 5499 καὶ
3334 5444 3361 5498 ὁ
3393 5446 3659 5520 Λογγῖνος
3691 5442 3836 5523 ἔχων

467 5549 677 5594 aecum
698 5530 929 5595 habens
960 5533 1364 5614 Cyriacum,in
1387 5552 1567 5597 causa
1601 5535 1717 5596 erit
1747 5552 1852 5596 cur
1877 5533 2089 5596 desert:

2215 5535 2282 5590 εὸν
2317 5535 2576 5610 Κυριακὸν
2632 5532 2747 5609 μεθ’
2783 5535 2994 5612 ἑαυτοῦ,
3029 5532 3124 5589 οὒκ
3153 5530 3424 5610 ἐρημώσει
3463 5533 3560 5599 τὴν
3594 5530 3837 5600 Ἐκκλη-

543 5676 608 5730 σδ
637 5677 911 5761 Carthag.
939 5693 1024 5759 ιιι,
1051 5695 1183 5762 cap.
1219 5679 1296 5746 49
1326 5687 1388 5742 οι
1422 5678 1518 5756 te,
1553 5686 1769 5760 quaest.
1803 5679 1862 5756 3,
1896 5698 2027 5766 cap.
2067 5683 2089 5748 1
2129 5701 2145 5763 ;

2067 5683 2089 5748 1
2129 5701 2145 5763 ;
2177 5681 2454 5764 Carthag.
2487 5695 2572 5757 ιιι,
2605 5695 2738 5762 cap.
2769 5677 2847 5742 49
2877 5685 2940 5740 et
2970 5673 3070 5756 12,
3107 5683 3326 5760 quaest.
3361 5673 3421 5761 3,
3454 5693 3588 5763 cap.
3627 5681 3688 5744 4.
