4108 6222
359 342 480 411 505
1086 347 1505 414 SYNTAGMA
1548 349 1944 415 CANONUM.
1992 379 2000 391 -

2113 345 2272 409 TIT.
2322 346 2372 420 ι,
2435 349 2599 412 CAP.
2646 351 2782 430 XV,
2830 347 2992 415 XVI.
3601 343 3721 412 506

358 480 498 560 diu,
533 477 654 537 οὐδὲ
679 481 781 548 τὴν
826 481 1015 537 ἑαυτοῦ
1047 482 1234 563 ψυχὴν
1276 481 1360 540 διὰ
1388 489 1488 551 τῆς
1525 484 1710 563 ἂργίας
1769 482 1994 542 καταδι-

2096 479 2170 540 56
2197 481 2271 542 sit
2305 483 2582 562 ecclesia,
2648 501 2844 565 neque
2891 485 3151 546 animam
3187 500 3356 545 suam
3393 499 3508 564 per
3528 486 3716 545 otium

354 571 507 629 κᾶστι
546 585 559 600 ⁸
592 571 682 628 καί
715 573 879 639 ἡμεῖς
908 569 1127 646 δόξομεν
1173 573 1251 646 μὴ
1303 575 1446 651 παρὰ
1475 596 1701 640 κανονας
1734 587 1912 632 ποιεῖν
1944 574 1993 630 τί

2096 569 2406 634 ld'mnabit.
2433 571 2640 654 Neque
2671 593 2779 636 nos
2810 574 3035 656 aliquid
3070 581 3288 654 praeter
3313 590 3580 636 canones
3597 573 3723 635 elli-

357 661 876 740 συμπεριφερὸμενοι
931 668 1006 736 τῷ
1065 666 1332 740 Κυριακῷ,
1386 665 1642 740 ὀμόσαντι
1693 666 1792 741 μὲν
1850 688 1992 740 συμ-

2096 679 2216 724 :ere
2237 661 3162 740 videbimur,accommodatione
3187 671 3425 725 utentes
3445 662 3508 724 in
3523 662 3724 742 Cyria-

356 749 686 828 παραμένειν
741 748 1047 826 Μινδάνοις,
1108 751 1515 828 καταδιξαμένῳ
1561 753 1616 811 δὲ
1685 756 1784 824 την
1819 756 1992 832 μετά-

2096 751 2348 828 :um,qui
2376 771 2512 813 cum
2547 771 2614 815 se
2638 754 2934 816 Mindanis
2959 753 3720 834 permansurumjurasset,

357 843 527 901 θεσιν.
561 838 626 896 Ἦ
657 841 756 920 γὰρ
785 840 1041 907 ἐπάνοδος
1071 842 1281 922 φυλακὴ
1335 844 1480 902 ἔσται
1527 853 1620 902 τοῦ
1663 846 1821 924 ὅρκου
1857 858 1874 878 ‘
1933 846 1994 902 τὸ

2096 859 2278 902 .amen
2315 842 2762 904 translationem
2794 849 3081 923 suscepit.
3135 841 3382 906 Reditus
3414 843 3573 904 enim
3608 845 3725 904 erit

357 927 417 986 δὲ
475 929 617 995 εῙΕαι
661 932 817 990 αὐτὸν
859 937 931 1008 τῇ
985 934 1281 1008 οἰκονομίᾳ,
1317 936 1392 999 εἷς
1439 937 1689 1012 ὶπορκίαν
1740 940 1883 1009 αὒτῷ
1937 935 1995 992 οὗ

357 1018 764 1101 λογισθήσεται,
822 1021 908 1079 διὰ
963 1024 1026 1080 τὸ
1078 1025 1157 1098 μὴ
1189 1029 1503 1102 προκεῖσθαι
1536 1031 1616 1099 τῷ
1643 1023 1806 1104 ὅρκῳ,
1859 1024 1997 1098 μηδὲ

355 1111 494 1188 πρὸς
521 1111 698 1190 βραχὺ
731 1111 1085 1192 ἀναχωρῆσαι
1145 1113 1445 1194 Μινδάνων,
1475 1114 1614 1170 ἀλλὰ
1672 1114 1998 1194 παραμένειν

356 1201 435 1263 εἰς
479 1201 541 1256 τὸ
583 1199 794 1280 ἐφεξῆς.
828 1200 1053 1278 Σεϐήρῳ
1092 1202 1148 1260 δὲ
1196 1204 1642 1285 προφασιζομένῳ
1670 1205 1768 1272 τὴν
1799 1202 1995 1282 λήθην,

356 1290 528 1361 ἡμεῖς
587 1291 1014 1369 συγχωρήσομεν
1067 1293 1330 1372 εἰπόντες,
1387 1293 1468 1349 ὅτι
1512 1296 1541 1350 6
1597 1299 1704 1350 τῶν
1755 1298 2000 1370 κρυπτῶν

355 1377 632 1456 γνώστης,
689 1383 751 1437 οὗ
800 1381 1115 1458 περιόψεται
1164 1384 1262 1452 τὴν
1308 1384 1495 1441 ἑαυτοῦ
1544 1381 1868 1451 Ἐκκλησίαν
1899 1383 2002 1439 ὑπὸ

357 1467 602 1526 τοιούτου
647 1466 1068 1550 λυμαινομένην,
1104 1479 1382 1538 ποιοῦντος
1426 1473 1523 1544 μὲν
1553 1473 1908 1538 ἂκανονίσνως
1937 1473 2000 1528 τὸ

358 1556 416 1622 δε
445 1557 648 1638 ἀρχῆς,
707 1558 849 1634 ὅρκῳ
895 1558 948 1615 δὲ
973 1560 1433 1638 καταδεσμοῦντος
1489 1564 1630 1640 παρᾶ
1659 1564 1724 1620 τὰ
1755 1561 1998 1640 Εὐαγγέ-

359 1647 472 1727 λία,
509 1661 800 1725 παρορκεϊν
843 1647 897 1704 δὲ
941 1647 1278 1718 διδάσκοντος
1335 1650 1404 1709 δι’
1434 1655 1507 1707 ὧν
1547 1652 1828 1728 μετετέθη,
1862 1656 1998 1727 ψευ-

361 1735 590 1813 δομένου
646 1737 702 1794 δὲ
773 1744 860 1795 νῦν
917 1737 986 1794 δι’
1043 1743 1120 1797 ὧν
1177 1743 1274 1810 τὴν
1333 1741 1505 1814 λήθην
1581 1743 1996 1822 σχηματίζεται.

2071 929 2470 1010 jurisjurandi
2502 931 2863 994 observatio.
2918 932 3286 996 (Economiae
3317 940 3513 994 autem
3539 951 3572 994 a
3601 932 3724 994 dis-

2082 1020 2435 1099 pensatione
2464 1021 2514 1082 si
2532 1023 2808 1096 cesserit,
2845 1022 2905 1084 id
2937 1024 2992 1084 ei
3025 1022 3273 1103 perjurii
3303 1023 3434 1084 loco
3465 1039 3583 1084 non
3616 1022 3724 1084 im-

2081 1107 2406 1188 putabitur,
2440 1111 2664 1192 quippe
2693 1115 2829 1192 quia
2852 1111 3235 1193 jurijurando
3265 1111 3567 1192 adjectum
3601 1129 3723 1172 non

2081 1205 2171 1261 est
2193 1216 2266 1261 ne
2287 1201 2593 1278 paululum
2619 1202 2861 1284 quidem
2881 1202 3176 1265 Mindants
3194 1219 3601 1282 recessurum,
3617 1200 3723 1263 sed

2082 1289 2372 1370 deinceps
2390 1292 2996 1370 permansurum.Nos
3014 1301 3211 1355 autem
3237 1295 3458 1355 Severo
3480 1289 3728 1352 oblivio-

2083 1397 2220 1440 nem
2251 1380 2522 1443 causanti
2553 1381 2640 1443 sic
2662 1381 3068 1461 ignoscemus,
3099 1390 3161 1443 ut
3184 1400 3318 1443 eum
3345 1397 3721 1456 moneamus,

2084 1469 2456 1531 occultorum
2475 1469 2847 1550 cognitorem
2876 1491 3041 1534 suam
3060 1471 3251 1553 ipsius
3263 1470 3589 1534 Ecclesium
3605 1489 3727 1532 non

2085 1576 2400 1638 passurum
2432 1559 2506 1622 ab
2567 1563 2863 1642 ejusmodi
2927 1563 3172 1624 homine
3202 1560 3588 1624 labefactari:
3623 1558 3726 1640 qui

2085 1662 2300 1728 prater
2329 1667 2591 1714 canones
2612 1652 2685 1713 ab
2707 1651 2876 1713 initio
2903 1649 3566 1730 fecit,nejurejurando
3589 1667 3729 1710 con-

2086 1746 2174 1799 tra
2229 1739 2547 1820 Evangelia
2595 1743 2889 1820 astringit,
2961 1750 3018 1803 et
3081 1741 3410 1822 periurium
3470 1737 3726 1800 transfe—

365 1823 588 1893 Ἐπειδῆ
647 1823 703 1882 δὶ
761 1826 855 1883 ούκ
911 1827 1071 1901 ἐσμὲν
1123 1829 1352 1908 καρδιῶν
1410 1831 1605 1906 κριταὶ,
1652 1827 1770 1886 ἀλλ’
1827 1828 1877 1895 ἑξ
1925 1831 2000 1885 ὧν

2096 1829 2274 1890 renda
2299 1831 2612 1910 edocet,ac
2641 1831 3116 1911 postremo,dum
3144 1830 3507 1892 oblivionem
3533 1829 3725 1890 simu-

358 1915 628 1990 ἀκούομεν
659 1917 930 1992 κρίνομεν,
961 1916 1136 1994 δῶμεν
1194 1927 1272 1994 τῷ
1317 1921 1486 1997 Κυρίῳ
1549 1920 1648 1987 τὴν
1705 1917 1998 1995 ἐκδίκησιν,

363 2002 522 2064 αὐτοί
571 2003 628 2060 δὲ
681 2003 998 2083 ἆδιακρίτως
1063 2008 1220 2065 αὺτὸν
1302 2009 1590 2086 δεξώμεθα,
1676 2009 2003 2088 συγγνώμην

365 2090 546 2160 δόντες
587 2093 900 2175 ἀνθρωπίνῳ
931 2097 1084 2154 πάθει
1115 2100 1183 2176 τῇ

453 2369 706 2428 ΚΕΦΑΔ.
755 2365 857 2430 ΙΖ’.
891 2400 965 2411 -
1014 2370 1137 2446 Περὶ
1182 2368 1477 2426 ἐπισκόπου
1519 2368 1555 2435 ἧ
1599 2367 1856 2446 κληρικοῦ
1885 2386 2001 2446 χει-

373 2454 740 2526 ροτονηθέντος
818 2458 905 2513 καὶ
998 2459 1074 2532 μὴ
1160 2458 1439 2538 δεχθὲντος
1529 2460 1630 2516 ὁπὸ
1709 2459 1807 2526 τῆς
1889 2479 2003 2513 πα-

373 2544 593 2619 ροικίας,
672 2543 707 2614 ἢ
766 2546 844 2621 μὴ
930 2546 1377 2629 καταδεξαμένου,
1457 2562 1493 2618 η
1553 2551 1632 2624 μὴ
1692 2545 2000 2615 δυνηθέντος

367 2631 641 2696 ἀπελθεῖν,

816 2724 1161 2784 Ἀποστόλων
1186 2728 1361 2785 κανὼν
1395 2727 1492 2803 λς’
1493 2728 1534 2786 ’.

439 2811 576 2888 λς’.
612 2813 681 2872 Εἴ
723 2836 804 2879 τις
859 2820 1264 2896 χειροτονηθεὶς
1310 2817 1626 2888 ἰπίσκοπος,
1662 2817 1739 2888 pii
1771 2814 1998 2874 καταδέ-

354 2926 517 2984 χοιτο
575 2903 677 2971 τὴν
732 2903 1063 2983 λειτουργίαν
1092 2907 1181 2963 καὶ
1211 2907 1310 2974 τὴν
1342 2905 1589 2987 φροντιδα
1620 2914 1710 2964 τοῦ
1742 2905 1870 2963 λαοῦ
1899 2906 1997 2973 τὴν

356 2993 792 3073 ἰγχειρισθεῖσαν
821 2996 988 3069 αὐτῷ,
1048 3018 1234 3054 τουτον
1293 2997 1656 3076 ἄφορισμένον
1688 2997 1996 3077 τυγχάνειν,

360 3082 465 3146 ἕως
495 3083 556 3138 ἃν
590 3082 938 3152 καταδέξηται
978 3103 992 3117 ⁸
1053 3087 1307 3150 ὡσαύτως
1366 3091 1464 3144 καὶ
1517 3085 1868 3167 πρεσϐύτερος
1910 3089 1999 3142 καὶ

2087 1914 2186 1992 lat,
2215 1919 2521 1980 mentitur.
2555 1920 2672 1984 Sed
2707 1923 2985 2001 quoniam
3037 1920 3308 1982 cordium
3339 1918 3576 1998 judices
3610 1936 3729 1978 non

2085 2022 2314 2081 sumus,
2348 2009 2453 2071 sed
2486 2027 2556 2072 ex
2614 2010 2688 2071 iis
2719 2029 2852 2090 quae
2884 2011 3181 2085 audimus,
3215 2009 3583 2089 judicamus,
3617 2007 3728 2068 de-

2085 2113 2218 2157 mus
2240 2095 2492 2159 Domino
2513 2098 2860 2175 vindictam,
2890 2117 3150 2180 eumque
3173 2099 3321 2160 citra
3345 2115 3598 2159 examen
3630 2115 3729 2158 su-

2086 2183 2433 2263 spiciamus,
2469 2187 2732 2250 humano
2759 2187 2926 2264 vitio,
2955 2187 3238 2250 oblivioni
3267 2185 3518 2261 scilicet,
3552 2185 3727 2264 igno-

2086 2282 2346 2336 scentes.

2166 2363 2330 2427 CAP.
2363 2364 2516 2429 XVI.
2553 2401 2630 2412 —
2655 2367 2745 2429 De
2761 2369 3038 2449 episcopo
3059 2373 3170 2430 aut
3201 2365 3420 2429 clerico
3447 2363 3734 2426 ordinato

2086 2454 2356 2532 quidem,
2393 2456 2500 2518 sed
2527 2459 2632 2535 qui
2661 2475 2699 2519 α
2751 2475 2860 2519 suo
2909 2458 3153 2520 diceeesi
3196 2455 3292 2518 vel
3316 2459 3581 2535 parcecia
3606 2471 3728 2515 non

2085 2545 2399 2625 recipitur,
2434 2545 2529 2608 vel
2557 2547 2965 2609 ministerium
3013 2547 3289 2625 recipere
3337 2551 3596 2618 recusat,
3628 2544 3729 2604 vet

2084 2632 2150 2695 in
2173 2638 2496 2697 stationem
2531 2653 2708 2698 suam
2741 2642 2955 2717 nequit
2983 2637 3177 2699 abire.

2500 2728 2934 2806 Apostolorum
2965 2743 3164 2789 canon
3194 2725 3298 2788 36.

2163 2812 2242 2874 36
2275 2812 2506 2895 [37].Si
2539 2814 2672 2896 quis
2705 2816 3023 2877 ordinatus
3045 2814 3366 2896 episcopus
3390 2831 3508 2876 non
3535 2814 3728 2876 susci-

2082 2900 2204 2981 piat
2236 2903 2631 2966 ministerium
2653 2903 2842 2982 (Επεὶ
2865 2923 3066 2967 curam
3092 2904 3206 2966 sibi
3241 2903 3732 2977 commissam,sit

2082 3001 2456 3069 segregatus,
2514 2994 2709 3057 donec
2756 3013 2886 3056 eam
2939 2996 3275 3074 susceperit
3311 3012 3324 3057 :
3359 2992 3640 3056 similiter
3667 2999 3728 3054 et

2083 3078 2412 3161 presbyter,
2440 3089 2500 3144 et
2530 3083 2952 3146 diaconus.Sin
2987 3092 3185 3146 autem
3235 3085 3578 3157 recesserit,
3615 3099 3728 3143 nec

369 3171 639 3239 διάκονος,
675 3175 732 3232 Εἰ
793 3172 848 3230 δὲ
900 3175 1144 3234 ἀπελθὼν
1206 3177 1284 3251 μὴ
1341 3175 1558 3256 δεχθείη
1618 3181 1678 3236 οὒ
1735 3177 1876 3254 παρὰ
1902 3177 1996 3244 τὴν

2096 3171 2630 3262 susceptusAfuerit,
2667 3192 2785 3235 non
2831 3191 2938 3235 sua
2981 3174 3223 3255 quidem
3255 3173 3582 3246 voluntate,
3609 3171 3724 3262 sed

371 3265 562 3323 ἑαυτοῦ
589 3264 836 3344 γνώμην,
874 3263 1012 3322 ἀλλὰ
1042 3267 1184 3344 παρὰ
1217 3267 1316 3334 τὴν
1354 3274 1449 3323 τοῦ
1485 3265 1615 3323 λαοῦ
1673 3267 2000 3345 μοχθηρίαν,

369 3353 528 3418 αύτὸς
586 3354 685 3429 μὲν
736 3354 875 3410 ἔστω
915 3356 1227 3431 ἱπίσκοπος,
1264 3358 1291 3412 6
1323 3355 1377 3412 δὲ
1404 3355 1600 3432 κλῆρος
1642 3356 1741 3424 τῆς
1789 3354 2000 3419 πόλεως

368 3444 718 3524 ἀφοριζὲσθω,
769 3443 850 3501 ὅτι
896 3447 1137 3506 τοιούτου
1195 3446 1329 3504 λασῦ
1386 3445 1750 3504 ἀνυποτάκτου
1779 3443 2000 3503 παιδευ-

369 3535 457 3591 ui
486 3536 581 3592 ούκ
611 3535 878 3614 ἐγένοντο,

760 3624 986 3683 Συνόδου
1018 3626 1282 3706 Ἀγκύρας
1313 3628 1488 3683 κανὼν
1519 3626 1622 3692 ιη’.

453 3715 556 3783 ιη’.
592 3717 661 3776 Οἵ
691 3738 832 3780 τινες
891 3716 1176 3774 ἐπίσκοποι
1220 3715 1636 3780 κατασταθέντες
1671 3714 1765 3771 καῖ
1809 3715 1886 3789 μὴ
1917 3713 2005 3769 δε-

370 3807 590 3888 χθὲντες
648 3808 752 3864 ὑπὸ
808 3807 907 3874 τῆς
961 3808 1240 3884 παροικίας
1298 3807 1508 3874 ἆκεινης
1542 3807 1614 3869 εἷς
1667 3805 1734 3872 ἥν
1787 3804 2006 3877 ὠνομά-

367 3900 593 3970 σθησαν,
655 3898 860 3975 ἑτέραις
919 3895 1195 3973 βούλοιντο
1271 3896 1572 3975 παροικίαις
1630 3895 1855 3970 ἐπιέναι,
1919 3895 2005 3950 καὶ

367 3987 636 4061 βιάζεσθαι
671 3988 794 4050 τοὺς
853 3989 1216 4060 καθεστῶτας,
1250 3987 1340 4042 καὶ
1395 3987 1607 4048 στάσεις
1659 3998 1830 4041 κινεῖν
1885 3983 2003 4039 κατ’

367 4078 564 4149 αύτῶν,
626 4077 840 4140 τούτους
887 4075 1222 4155 ἆφοριζεσθαι
1258 4096 1271 4111 ο
1336 4075 1430 4131 ἰὰν
1487 4076 1585 4150 μέν
1614 4096 1698 4132 τοι
1729 4073 2004 4151 βούλοιντο

367 4167 442 4230 είς
501 4167 562 4221 τὸ
623 4163 995 4242 πρεσϐδτὲριον
1044 4163 1374 4244 καθέζεσθαι,
1425 4163 1544 4220 ἔνθα
1609 4168 1748 4232 ἦσαν
1809 4163 2005 4239 πρότε-

368 4279 458 4332 ρον
513 4255 880 4335 πρεσϐύτεροι,
930 4257 1008 4332 μὴ
1067 4253 1460 4312 ἀποϐάλλεσθαι
1519 4255 1706 4320 αὖτοὺς
1767 4259 1862 4321 τῆς
1917 4277 2007 4309 τι-

370 4347 504 4422 μῆς.
564 4345 696 4404 Ἐὰν
755 4344 810 4402 δὲ
866 4344 1280 4417 διαστασιάζωσι
1341 4347 1472 4423 πρὸς
1521 4349 1640 4410 τοὺς
1670 4348 2006 4406 καθεστῶτας

370 4437 491 4493 ius!
519 4436 871 4514 ἐπισκόπους,
931 4435 1267 4514 ἀφαιρεῖσθαι
1327 4435 1514 4498 αὖτοὺς
1571 4435 1658 4489 καὶ
1687 4435 1788 4500 τὴν
1841 4433 2005 4507 τιμὴν

368 4528 463 4583 τοῦ
489 4523 890 4604 πρεσϐυτεριοο,
925 4527 1018 4580 καί
1055 4525 1285 4602 γίνεσθαι
1318 4524 1508 4588 αὖτοὺς
1540 4523 1919 4600 ἔκκηρύκτους.

673 4612 899 4671 Συνόδου
930 4611 1268 4692 Ἀντιοχείας
1301 4613 1476 4669 κανὼν
1502 4611 1566 4684 ιζ’
1601 4613 1702 4679 ιη’,

454 4704 544 4775 ιζ’.
585 4701 651 4762 Ei
678 4725 757 4768 τις
811 4703 1101 4767 ἐπίσκοπος
1161 4702 1497 4783 χειροθεσίαν
1556 4701 1850 4759 ἐπισκόπου
1904 4701 2007 4758 λα-

371 4793 503 4864 ϐὼν,
556 4797 646 4851 καὶ
703 4794 926 4871 ὃρισθεὶς
972 4800 1293 4870 προεστᾶναι
1341 4790 1497 4865 λαοῦ,
1533 4791 1610 4867 μὴ
1667 4789 2008 4857 καταδέξοιτο

371 4885 474 4952 τὴν
509 4883 861 4963 λειτουργίαν,
895 4880 1032 4956 μηδὲ
1065 4881 1275 4938 ἀπιέναι
1307 4882 1539 4938 πείθοιτο
1585 4882 1658 4944 εἷς
1685 4881 1783 4948 τὴν
1816 4880 2006 4962 ἐγχει-

372 4975 642 5052 ρισθετσαν
699 4976 844 5046 αύτῴ
888 4970 1236 5046 Ἐκκλησίαν,
1269 4979 1456 5029 τοῦτον
1505 4972 1650 5028 εἶναι
1701 4971 2007 5038 ἀκοινώνη-

370 5087 462 5122 τον
497 5080 512 5094 ⁶
547 5064 647 5127 ἕως
676 5063 726 5118 τ’
759 5062 822 5118 ἂν
860 5062 1208 5141 ἀναγκασθεὶς
1264 5059 1626 5136 καταδέξοιτο,
1681 5061 1716 5128 ἥ
1748 5062 1900 5140 ὁρίσῃ
1957 5084 2007 5118 τι

370 5155 491 5233 περὶ
519 5153 680 5211 αὐτοῦ
712 5155 744 5220 ἡ
799 5150 978 5209 τελεία
1035 5150 1250 5216 σύνοδος
1307 5157 1414 5208 τῶν
1443 5153 1582 5208 κατὰ
1611 5152 1712 5219 τὴν
1743 5151 2008 5231 ἐπαρχίαν

371 5244 706 5303 Ξπισκόπων.

453 5332 556 5401 ιη’.
613 5331 679 5391 Εἴ
736 5355 818 5396 τις
875 5330 1166 5394 ἐπίσκοπος
1219 5333 1620 5413 χειροτονηθεὶς
1693 5333 1767 5394 εἷς
1814 5353 2010 5408 παροι-

370 5425 513 5498 κίαν,
569 5423 649 5499 μὴ
696 5420 912 5480 ἁπέλθοι
944 5422 1017 5487 είς
1079 5420 1146 5489 ἥν
1184 5422 1597 5502 ἐχειροτονήθη,
1633 5424 1693 5480 ού
1731 5421 1869 5497 παρὰ
1913 5421 2010 5488 τὴν

373 5516 562 5573 ἑαυτοῦ
617 5512 812 5586 αἰτίαν,
873 5510 996 5568 ἀλλ’
1050 5509 1168 5578 ἦτοι
1201 5509 1286 5566 διὰ
1315 5512 1416 5579 τὴν
1451 5518 1546 5568 τού
1577 5510 1708 5566 λαοῦ
1741 5511 2010 5587 παραίτη-

372 5627 456 5662 σιν
512 5605 549 5670 ἦ
608 5599 676 5657 δι’
727 5601 909 5677 ἑτέραν
970 5601 1139 5656 αίτίαν
1198 5600 1294 5657 οὔκ
1349 5599 1402 5666 ἐξ
1478 5602 1630 5658 αὑτοῦ
1689 5599 2010 5689 γενομένην,

453 5732 538 5789 63‘
567 5732 752 5808 Cone.
783 5729 1174 5822 Ephesiuum.

2088 3270 2336 3338 propter
2386 3258 2476 3320 57
2536 3263 2743 3343 populi
2805 3263 3277 3343 improbitatem,
3324 3262 3456 3342 ipse
3485 3261 3724 3343 quidem

2089 3357 2326 3409 maneat
2355 3349 2697 3432 episcopus,
2730 3353 2992 3417 clericus
3019 3362 3215 3413 autem
3249 3351 3500 3413 civitatis
3530 3366 3728 3429 segre-

2087 3445 2279 3514 getur,
2339 3439 2500 3519 quod
2559 3442 2856 3519 ejusmodi
2919 3441 3166 3522 rebellis
3195 3449 3252 3503 et
3285 3440 3595 3502 insolentis
3627 3458 3730 3520 po-

2089 3526 2209 3606 puli
2241 3525 2612 3591 institutores
2640 3550 2756 3592 non
2789 3532 3036 3594 fuerint.

2411 3618 2678 3682 Concilti
2717 3622 3036 3700 Απομναηί
3067 3637 3259 3682 canon
3296 3620 3389 3680 18.

2171 3706 2269 3768 18.
2305 3704 2367 3768 Si
2399 3709 2501 3788 qui
2550 3711 2854 3772 constituti
2906 3709 3199 3790 episcopi,
3237 3717 3296 3771 et
3324 3707 3396 3769 ab
3429 3707 3530 3769 illa
3557 3724 3731 3787 paro-

2089 3795 2245 3871 chia,
2282 3795 2342 3857 in
2397 3816 2572 3878 quam
2628 3801 2916 3864 nominati
2971 3800 3236 3874 fuerunt,
3295 3816 3413 3860 non
3444 3798 3731 3877 suscepti,

2087 3883 2234 3947 alias
2262 3886 2447 3948 velint
2481 3889 2793 3966 parochias
2825 3888 3130 3962 invadere,
3169 3898 3227 3951 et
3276 3887 3350 3950 iis
3381 3887 3481 3968 qui
3512 3887 3734 3949 consti-

2089 3973 2200 4035 tuti
2230 3985 2391 4051 sunt,
2429 3977 2544 4037 vim
2589 3977 2829 4052 afferre,
2866 3987 2921 4039 et
2952 3978 3280 4039 seditiones
3315 3976 3596 4037 adversus
3653 3975 3735 4037 il-

2090 4062 2180 4124 los
2213 4064 2497 4140 excitare,
2528 4085 2632 4128 eos
2687 4069 3009 4148 segregari.
3066 4065 3172 4129 Sin
3223 4073 3422 4129 autem
3459 4064 3640 4126 velint
3670 4065 3732 4125 in

2092 4153 2464 4234 presbyterio
2495 4155 2788 4228 residere,
2816 4163 2873 4217 in
2897 4174 3016 4237 quo
3043 4157 3212 4237 prius
3232 4164 3402 4218 erant
3426 4154 3730 4234 presbyte-

2089 4241 2164 4314 ri,
2227 4243 2389 4323 ipsos
2439 4246 2665 4307 honore
2702 4264 2818 4307 non
2856 4247 3103 4308 moveri.
3139 4245 3308 4318 Quod
3366 4246 3416 4305 si
3445 4245 3733 4306 adversus

2089 4347 2215 4403 eos,
2252 4333 2355 4411 qui
2389 4334 2516 4396 illic
2547 4335 2852 4398 constituti
2880 4344 3038 4411 sunt,
3063 4335 3381 4416 episcopos
3409 4334 3737 4396 seditiones

2091 4420 2503 4494 excitaverint,
2543 4425 2834 4486 honorem
2868 4442 3107 4507 quoque
3137 4423 3491 4506 presbyterii
3541 4426 3614 4485 ab
3646 4424 3736 4485 eis

2089 4509 2331 4585 auferri,
2366 4523 2423 4573 et
2454 4513 2588 4574 illos
2617 4515 2922 4577 abdicatos
2947 4514 3129 4577 effici.

2315 4601 2572 4665 Concitiz'
2601 4607 2972 4667 Antiocheni
2995 4621 3250 4667 canones
3275 4605 3374 4677 17,
3417 4603 3510 4666 18.

2177 4690 2270 4750 1³7.
2316 4690 2380 4752 Si
2422 4693 2554 4771 quis
2607 4694 2924 4776 episcopus
2978 4701 3219 4771 accepta
3248 4691 3626 4753 ordinatione
3678 4698 3737 4751 et

2094 4796 2376 4841 manuum
2407 4779 2794 4862 impositione
2825 4784 3114 4864 episcopi,
3135 4792 3192 4843 et
3226 4781 3444 4862 populo
3477 4796 3735 4860 prmesse

2081 4869 2310 4949 jussus,
2345 4889 2560 4933 munus
2590 4892 2706 4934 non
2733 4872 3090 4953 susceperit,
3125 4888 3234 4932 nec
3267 4869 3426 4930 utad
3460 4867 3577 4931 sibi
3596 4886 3737 4929 con-

2089 4957 2379 5020 creditam
2415 4962 2733 5023 ecclesiam
2770 4961 3183 5042 proﬁciscatur
3221 4957 3560 5040 permoveri
3595 4974 3734 5037 pos-

2090 5048 2192 5125 sit,
2226 5049 2278 5110 is
2309 5056 2384 5111 sit
2421 5054 2998 5127 excommunicatus,
3048 5052 3244 5112 donec
3274 5057 3516 5112 coactus
3546 5047 3736 5111 susci-

2093 5138 2234 5220 piat,
2271 5140 2360 5202 vel
2421 5141 2684 5222 perfecta
2742 5143 3006 5224 synodus
3038 5141 3464 5222 episcoporum
3499 5138 3737 5220 provin-

2091 5229 2332 5290 cialium
2365 5232 2442 5293 de
2474 5233 2604 5313 ipso
2635 5233 2860 5314 aliquid
2896 5233 3212 5295 decernat.

2179 5319 2271 5381 18.
2309 5318 2372 5381 Si
2405 5322 2536 5402 quis
2568 5321 2880 5384 ordinatus
2912 5341 3031 5384 non
3067 5323 3202 5383 ierit
3249 5320 3312 5381 in
3357 5319 3730 5401 parochiam,

2095 5407 2168 5469 ad
2200 5424 2378 5487 quam
2412 5420 2504 5472 est
2533 5411 2998 5486 ordinatus,non
3021 5429 3127 5473 sua
3149 5409 3387 5492 quidem
3421 5408 3730 5490 culpa,sed

2096 5504 2341 5578 propter
2371 5502 2574 5582 populi
2633 5503 3098 5576 recusationem,
3133 5500 3222 5563 vel
3265 5499 3523 5580 aliquam
3555 5499 3730 5560 aliam

2095 5605 2357 5664 causam,
2392 5609 2525 5680 quae
2555 5611 2586 5656 a
2637 5611 2702 5657 se
2734 5612 2853 5658 non
2903 5594 3092 5662 oritur
3120 5592 3172 5654 is
3201 5591 3279 5654 sit
3309 5599 3366 5652 et
3399 5589 3641 5653 honoris
3675 5595 3733 5654 et
