4018 6206
415 286 528 354 507

1602 290 1868 355 ΡΗΟΤΙΙ
1915 291 2430 359 PATRIARCH/E
2472 297 2584 358 ΟΡ.

3608 295 3702 360 508

411 429 680 492 muneris
714 429 1036 511 particeps,
1066 427 1396 492 dummodo
1430 427 1656 490 nullam
1705 426 1890 490 rebus
1930 431 2027 491 Ec-

2132 438 2317 488 τοῦτον
2373 431 2629 511 μετέχειν
2673 435 2774 498 τῆς
2830 433 2994 505 τιμῆς
3045 430 3137 487 καῖ
3197 428 3503 508 λειτουργίας
3553 431 3707 507 μόνον,

409 521 632 596 clesiae,
685 522 746 580 in
803 538 918 600 qua
975 519 1276 594 convenit,
1345 517 1681 579 molestiam
1732 516 1959 580 afferat.
1993 515 2049 578 Is

408 620 605 672 autem
640 609 698 670 id
741 609 1055 689 suscipiat,
1112 609 1268 690 quod
1303 609 1568 688 perfecta
1599 606 1919 687 provincias
1946 626 2045 688 sy-

409 699 624 771 nodus,
655 716 725 760 eo
755 697 911 780 quod
971 701 1050 761 ad
1096 716 1161 759 se
1208 697 1453 760 allatum
1490 703 1580 759 est
1599 696 1892 777 judicato,
1922 706 2045 759 sta-

408 788 610 850 tuerit.

483 877 578 938 58
610 879 778 942 CAP.
811 875 1024 940 XVIII.
1059 913 1136 924 —
1199 877 1371 952 Quod
1419 877 1720 940 morienti
1771 877 2046 958 episcopo

405 984 528 1030 non
559 966 696 1030 licet
724 966 916 1030 alium
946 984 1056 1047 pro
1086 985 1147 1030 se
1178 967 1504 1030 ordinare.

831 1055 1257 1134 Apostolorum
1289 1073 1487 1118 canon
1521 1056 1624 1117 '76.

486 1147 562 1208 76
597 1146 746 1225 [78].
780 1145 947 1218 Quod
990 1165 1106 1206 non
1166 1154 1399 1225 oportet
1447 1145 1799 1225 episcopum
1853 1145 2045 1221 fratri,

402 1236 495 1298 vel
529 1236 674 1308 filio,
704 1235 795 1298 vel
826 1234 928 1296 alii
987 1243 1235 1314 cognato
1289 1234 1752 1314 gratificantem,
1787 1236 2044 1296 humana

402 1327 718 1389 alfectione
749 1325 819 1386 ad
855 1325 1236 1404 episcOpatus
1276 1324 1650 1403 dignitatem,
1685 1344 1861 1405 quem
1898 1325 2041 1399 vult,

404 1416 654 1495 eligere.
687 1415 1084 1496 EpiscOpatus
1114 1415 1273 1475 enim
1295 1414 1565 1476 haeredes
1593 1413 1790 1476 facere
1807 1416 2038 1495 justum

404 1525 524 1567 non
556 1513 667 1580 est,
703 1523 771 1566 ea
802 1523 934 1584 quas
961 1505 1066 1566 Dei
1091 1513 1231 1566 sunt
1253 1504 1631 1583 largientem.
1667 1507 1727 1568 Si
1764 1505 1899 1586 quis
1928 1523 2040 1566 au-

405 1605 522 1657 tem
583 1596 696 1657 hoc
755 1594 989 1668 fecerit,
1043 1594 1211 1656 irrita
1254 1595 1498 1674 quidem
1532 1594 1747 1657 electio
1780 1603 2038 1675 maneat,

401 1683 534 1765 ipse
555 1692 751 1747 autem
779 1683 1190 1762 segregatione
1227 1683 1533 1747 multetur.

701 1861 967 1925 Concilii
997 1863 1372 1926 Antiochem’
1399 1882 1597 1928 canon
1630 1864 1730 1926 23.

477 1952 577 2014 93.
610 1953 733 2014 Nec
788 1951 966 2014 liceat
1022 1953 1306 2033 episcopo
1339 1953 1520 2016 alium
1551 1973 1659 2035 pro
1687 1974 1754 2016 se
1789 1958 2039 2018 succes-

395 2057 594 2103 sorem
657 2041 1046 2115 constituere,
1111 2043 1346 2104 etiamsi
1407 2043 1486 2105 sit
1545 2045 1604 2104 in
1636 2045 1754 2106 fine
1783 2046 1937 2106 vitea.
1976 2043 2038 2107 Si

397 2129 539 2210 quid
567 2136 766 2192 autem
816 2131 916 2191 ﬁat
965 2131 1285 2209 ejusmodi,
1325 2131 1498 2193 irrita
1547 2133 1625 2194 sit
1657 2133 2034 2196 constitutio.

398 2221 680 2282 Servetur
708 2228 908 2282 autem
940 2220 1090 2282 ritus
1122 2221 1586 2296 ecclesiasticus,
1614 2223 1714 2302 qui
1745 2223 2032 2297 continet,

394 2308 713 2370 nonaliter
743 2309 966 2373 debere
997 2310 1151 2385 ﬁeri,
1188 2330 1362 2392 quam
1421 2331 1554 2373 cum
1589 2314 1816 2393 synodo
1847 2322 1905 2375 et
1929 2314 2035 2393 ju-

395 2395 556 2458 dicio
585 2396 1032 2478 episcoporum,
1067 2398 1168 2480 qui
1229 2409 1361 2479 post
1413 2400 1685 2462 defuncti
1715 2402 2034 2464 dormitio-

396 2503 533 2548 nem
558 2495 914 2567 potestatem
947 2487 1168 2550 habent
1209 2489 1456 2568 dignum
1487 2491 1881 2571 provehendi.

473 2662 638 2728 CAP.
690 2665 861 2728 XIX.
897 2699 969 2713 -—-
1026 2665 1253 2731 Parum
1307 2668 1454 2731 urbi
1483 2667 1579 2731 vel
1601 2687 1756 2749 pago
1780 2687 2034 2750 prorsus

388 2771 514 2818 non
546 2755 726 2818 detur
754 2757 1089 2835 episcopus.

702 2845 966 2908 Concilii
995 2846 1369 2909 Antiocheni
1397 2863 1587 2908 canon
1619 2848 1719 2910 5'1.

467 2935 568 2997 57.
602 2935 770 3008 Quod
815 2954 930 2995 non
968 2943 1202 3015 oportet
1240 2935 1300 2996 in
1333 2936 1477 2996 vicis
1509 2944 1567 2997 et
1597 2938 1760 3018 pagis
1791 2936 2028 3017 episco-

388 3043 496 3106 pos
528 3025 836 3099 constitui,
873 3024 979 3086 sed
1015 3024 1420 3106 periodeutas,
1469 3027 1584 3088 hoc
1617 3035 1730 3099 est,
1765 3027 2028 3088 circum-

2132 519 2302 595 μηδὲν
2330 519 2769 601 παρενοχλοῦντα
2820 535 2938 585 τοῖς
2976 522 3252 599 πράγμασι
3295 521 3387 590 τῆς
3428 519 3712 587 Ἐκκλησίας

2132 609 2252 666 ἔνθα
2285 611 2347 666 ἃν
2382 611 2664 687 συνάγοιτο
2697 627 2712 642 ⁶
2768 609 3077 690 ἐκδέχεσθαι
3123 608 3177 664 δὲ
3207 613 3386 666 τοῦτον
3417 610 3441 664 ὃ
3481 608 3590 678 ἂνὴ
3631 615 3713 678 τῆς

2130 699 2391 782 ἐπαρχίας
2446 700 2624 758 τελεία
2679 699 2892 764 σύνοδος
2967 701 3185 778 κρίνασα
3255 703 3316 756 τὸ
3373 702 3716 780 παριστάμενον

2129 791 2280 870 ὁρίσῃ
2291 837 2303 850 .

2211 887 2461 938 ΚΕΦΑΛ.
2499 879 2612 943 1Η’,
2642 910 2719 924 -
2753 880 2875 956 Περὶ
2907 886 2998 936 τοῦ
3036 880 3114 954 μὴ
3159 878 3404 936 δύνασθαι
3443 882 3527 936 τὸν
3573 878 3722 938 τιλευ·

2128 974 2302 1027 τῶντα
2333 969 2644 1044 ἐπίσκοπον,
2681 968 2863 1046 ἕτερον
2894 968 3006 1025 ἀντ’
3040 973 3198 1028 αὐτοῦ
3232 982 3569 1049 χειροτονεῖν,

2581 1057 2926 1116 Ἀποστόλων
2965 1060 3140 1114 κανὼν
3171 1059 3280 1132 οξ⁹
3293 1104 3306 1118 .

2211 1147 2341 1222 ος.
2381 1148 2502 1207 Ὅτι
2551 1149 2626 1224 μὴ
2671 1158 2782 1227 χρὴ
2813 1151 2904 1205 τὸν
2935 1149 3226 1205 ἐπίσκοπον
3274 1156 3344 1223 τῷ
3383 1147 3577 1228 ἀδελφῷ
3610 1147 3727 1220 ἥτῷ

2129 1241 2224 1311 υἱῷ
2267 1239 2302 1304 ἣ
2355 1239 2519 1316 ἑτέρῳ
2561 1251 2810 1315 συγγενεῖ
2873 1237 3228 1317 χαριζόμενον
3285 1241 3346 1294 τὸ
3405 1237 3595 1312 ἀξίωμα
3644 1242 3728 1302 τῆς

2130 1327 2450 1396 ἐπισκοπῆς,
2511 1341 2849 1407 χειροτονεῖν
2905 1329 2963 1383 ὃν
3036 1327 3310 1403 βούλεται,
3388 1327 3728 1407 κληρονόμους

2129 1418 2228 1494 γὰρ
2287 1423 2383 1484 τῆς
2445 1421 2748 1483 ἔπισκοπῆς
2795 1420 3088 1492 ποιεῖσθαι,
3147 1417 3204 1474 0'3
3262 1415 3480 1489 δίκαιόν,
3539 1417 3598 1476 τὰ
3652 1422 3733 1472 τοῦ

2127 1506 2257 1562 Θεοῦ
2301 1507 2659 1584 χαριζόμενον
2705 1507 2856 1562 πάθει
2903 1505 3208 1584 ἀνθρωπίνῳ
3242 1523 3256 1537 ⁸
3319 1511 3380 1565 οὖ
3407 1507 3501 1584 γάρ
3531 1506 3621 1570 τὴν
3649 1511 3729 1560 τοῦ

2125 1603 2257 1654 Θεοῦ
2317 1595 2640 1662 Ἐκκλησίαν
2698 1595 2797 1651 ὑπὸ
2869 1595 3230 1672 κληρονομίαν
3287 1596 3482 1676 ὀφείλει
3534 1593 3727 1655 τιθέναι.

2127 1687 2185 1741 Εἰ
2215 1684 2270 1741 δέ
2310 1708 2392 1748 τις
2423 1696 2578 1744 τοῦτο
2607 1687 2846 1765 ποιήσει³
2882 1685 3071 1763 ἄκυρος
3118 1686 3216 1760 μὲν
3274 1685 3411 1742 ἔστω
3441 1687 3473 1754 ἡ
3503 1704 3732 1764 χειροτο-

2065 1797 2103 1846 B
2128 1778 2234 1850 νία⁹
2268 1777 2422 1840 αὐτὸς
2455 1773 2509 1830 δὲ
2542 1775 2872 1849 ἐπιτιμάσθω
2901 1774 3203 1854 ἂφορισμῷ.

2474 1862 2701 1920 Συνόδου
2731 1863 3072 1943 Ἀντιοχείας
3104 1865 3280 1921 κανὼν
3308 1863 3420 1940 κγ’,

2203 1955 2316 2031 κγ’,
2377 1951 2703 2010 Ἐπίσκοπον
2757 1955 2835 2028 μὴ
2883 1953 3098 2027 ἐξεῖναι,
3163 1953 3277 2009 ἄντ’
3311 1957 3467 2012 αὑτοῦ
3509 1956 3736 2024 καθιστάν

2122 2041 2300 2120 ἕτερον
2361 2044 2548 2099 ἑαυτοῦ
2609 2040 2862 2122 διάδοχον
2898 2058 2911 2071 ·
2975 2042 3074 2098 κᾶν
3132 2045 3263 2119 πρὸς
3308 2048 3375 2119 τῇ
3419 2042 3630 2119 τελευτῇ
3659 2049 3738 2098 τοῦ

2121 2134 2239 2208 βίον
2264 2134 2508 2210 τυγχάνῃ
2534 2149 2547 2162 ·
2597 2134 2641 2188 εί
2684 2131 2740 2187 δέ
2770 2156 2817 2187 τι
2851 2142 3055 2190 τοιοῦτο
3101 2133 3359 2209 γίγνοιτο,
3398 2131 3580 2211 ἄκυρον
3607 2131 3734 2187 εἶναι

2118 2224 2217 2288 τὴν
2246 2223 2570 2278 κατάστασιν
2607 2238 2620 2251 ⁶
2659 2220 3006 2300 φυλάττεσθαι
3051 2220 3104 2276 δὲ
3161 2223 3251 2277 τὸν
3299 2224 3494 2296 θεσμὸν
3524 2223 3609 2278 τὸν
3650 2222 3735 2276 ἐκ·

2117 2310 2525 2383 κλησιαστικὸν,
2588 2313 2912 2390 περιέχοντα
2972 2311 3048 2384 μή
3080 2308 3193 2366 δεῖν
3224 2309 3403 2374 ἄλλως
3436 2312 3674 2387 γίνεσθαι,
3705 2308 3734 2374 ἥ

2117 2401 2254 2474 μετὰ
2313 2397 2529 2456 συνόδο.)
2587 2403 2673 2456 καὶ
2725 2399 3034 2476 ἐπικρίσεως
3103 2400 3417 2456 ἐπισκόπων
3471 2405 3574 2456 τῶν
3617 2399 3740 2473 μετὰ

2115 2491 2214 2556 τὴν
2260 2491 2510 2556 κοίμησιν
2542 2497 2630 2545 τοῦ
2660 2488 3104 2563 ἀναπαυσαμένου
3148 2491 3245 2556 τὴν
3307 2487 3541 2554 ἐξουσίαν
3584 2488 3736 2567 ἑχόν-

2114 2599 2219 2634 των
2248 2587 2341 2635 τοῦ
2365 2580 2689 2657 προάγεσθαι
2723 2581 2815 2634 τὸν
2847 2577 3015 2645 ἄξιον.

2203 2675 2456 2726 ΚΕΦΑΛ.
2490 2669 2597 2729 ιδ’.
2648 2702 2726 2713 -
2789 2671 2920 2746 Περὶ
2975 2674 3068 2724 τοῦ
3124 2670 3202 2742 μὴ
3241 2667 3427 2734 ἁπλῶς
3486 2671 3540 2724 ἐν
3600 2665 3739 2723 πόλει

2115 2759 2343 2835 βραχείᾳ
2374 2758 2410 2826 ἢ
2438 2759 2598 2833 κώμῃ
2635 2760 2869 2836 γίνεσθαι
2902 2759 3218 2821 ἐπίσκοπον,

2475 2846 2700 2906 Συνόδου
2747 2845 3056 2911 Λαοδικείας
3094 2848 3269 2904 κανὼν
3295 2848 3396 2919 νζ’.

2197 2935 2294 3007 νζ’.
2329 2937 2450 2994 ’Ὁτι
2482 2939 2542 2994 οὗ
2571 2936 2653 2994 δεῖ
2681 2941 2737 2994 ἓν
2768 2951 2890 3003 ταῖς
2935 2938 3141 3012 κώμαις
3185 2940 3274 2994 καὶ
3307 2938 3362 2994 ἓν
3396 2951 3519 3002 ταῖς
3549 2939 3738 3018 χώραις

2115 3026 2456 3083 καθίστασθαι
2505 3025 2829 3092 ἐπισκόπους
2881 3027 3020 3083 ἀλλὰ
3076 3026 3438 3104 περιοδευτὰς,
3491 3030 3612 3093 τοῖις
3655 3027 3740 3099 μέν

385 3125 774 3176 cursatores:
836 3133 938 3175 eos
992 3123 1190 3176 autem
1248 3115 1348 3196 qui
1407 3115 1500 3178 59
1527 3117 1692 3196 prius
1721 3117 2024 3179 constituti

2130 3139 2190 3172 τοι
2248 3116 2352 3183 ἤδη
2442 3118 2996 3196 προκατασταθὲντας,
3080 3115 3248 3192 μηδὲν
3321 3120 3575 3194 πράττειν
3630 3117 3739 3171 ἄνευ

385 3202 650 3274 fuerunt,
686 3203 833 3264 nihil
857 3221 1036 3282 agere
1066 3204 1199 3265 sine
1253 3213 1450 3267 mente
1498 3207 1766 3287 episcopi
1807 3206 1910 3287 qui
1940 3214 2030 3266 est

383 3291 447 3353 in
473 3289 732 3356 civitate.
767 3290 1058 3355 Similiter
1089 3303 1291 3356 autem
1325 3303 1383 3356 et
1439 3295 1821 3376 presbyteros
1878 3295 2025 3357 nihil

385 3399 562 3460 agere
592 3381 724 3444 sine
762 3393 962 3444 meute
993 3384 1284 3465 episcopi.

707 3471 974 3535 Concilii
1003 3473 1393 3537 Sardicensis
1426 3491 1621 3536 canon
1654 3477 1713 3535 6.

462 3559 679 3622 Hosius
723 3561 1044 3644 episcopus
1100 3563 1297 3626 dixit:
1338 3563 1402 3625 Si
1433 3562 1754 3643 contigerit
1800 3563 1860 3624 in
1911 3582 2025 3625 una

383 3650 710 3732 provincia,
744 3661 887 3727 etc.,
918 3663 984 3715 ut
1031 3672 1176 3734 pag.
1208 3655 1352 3718 481.
1406 3654 1665 3718 Additur
1687 3654 1784 3716 hic
1818 3673 1832 3714 :
1872 3652 2024 3715 Res-

381 3740 720 3820 ponderunt
749 3761 958 3805 omnes
993 3765 1006 3802 :
1043 3743 1266 3806 Placet.

464 3831 625 3894 CAP.
657 3831 786 3895 XX.
827 3868 894 3878 -—
923 3834 1127 3915 Neque
1158 3836 1224 3897 in
1267 3851 1391 3896 una
1437 3833 1762 3913 provincia
1796 3839 2021 3895 metro-

376 3920 634 3998 politani
667 3922 1009 4002 duo,ueque
1040 3926 1105 3985 in
1133 3942 1260 3985 una
1282 3923 1428 3984 urbe
1449 3923 1572 3984 duo
1595 3923 1854 4002 episcopi
1875 3923 2020 3996 sint,

378 4027 569 4090 neque
598 4011 835 4074 duabus
865 4011 1119 4075 urbibus
1162 4031 1320 4074 unus
1369 4011 1625 4074 clericus
1669 4011 2019 4090 deputetur.

785 4099 1052 4163 Concilii
1080 4099 1318 4163 Νίσωηί
1342 4118 1533 4162 canon
1559 4101 1618 4162 8.

459 4191 516 4250 8.
545 4189 629 4250 De
661 4189 752 4250 his
779 4189 843 4238 6³
874 4191 974 4270 qui
1009 4206 1072 4250 se
1098 4189 1462 4261 catharos,id
1497 4198 1586 4250 est
1614 4206 1795 4269 puros
1825 4207 2017 4269 quan-

2110 3209 2331 3283 γνώμης
2362 3209 2456 3262 τοῦ
2498 3206 2793 3264 ἐπισκόπου
2826 3216 2917 3265 τοῦ
2948 3207 3001 3263 ἐν
3033 3215 3100 3284 τῇ
3135 3206 3289 3264 πόλει
3325 3224 3339 3238 ’
3402 3209 3653 3272 ὡσαύτως
3691 3204 3740 3260 δὲ

2108 3297 2198 3353 καὶ
2252 3297 2374 3358 τοὺς
2405 3294 2811 3376 πρεσϐυτέρους,
2863 3295 3029 3371 μηδὲν
3062 3296 3313 3375 πράττειν
3370 3295 3498 3357 ἄνευ
3533 3297 3739 3376 γνώμης

2110 3395 2201 3443 του
2231 3386 2548 3448 ἐπισκόπου,

2497 3473 2722 3532 Συνόδου
2757 3474 3020 3553 Σαρδικῆς
3054 3477 3228 3532 κανὼν
3259 3476 3362 3550 ς’.

2185 3566 2380 3632 "Octo;
2415 3567 2702 3628 ἐπίσκοπος
2753 3568 2910 3624 εἶπεν
2938 3584 2952 3598 ⁶
2987 3563 3116 3625 Ἐὰν
3147 3564 3323 3642 συμϐῇ
3361 3566 3417 3622 ἐν
3451 3572 3549 3640 ιιιᾷ
3582 3566 3740 3643 ἔπαρ-

2107 3655 2228 3736 χίᾳ,
2262 3680 2318 3718 κ.
2352 3680 2402 3719 τ,
2439 3656 2492 3716 λ.
2527 3656 2910 3734 Ἀπεκρίναντο
2943 3658 3160 3730 πάντες,
3196 3654 3468 3733 Ἀρέσκει.

2192 3751 2442 3804 ΚΕΦΑΛ.
2481 3744 2563 3803 κ’.
2612 3777 2690 3790 -
2733 3745 2867 3823 Περὶ
2898 3753 2990 3804 τοῦ
3033 3746 3110 3820 μὴ
3151 3748 3292 3801 εἶναι
3343 3745 3401 3801 ἐν
3456 3752 3554 3821 μιᾷ
3583 3745 3741 3820 ἐπαρ-

2106 3835 2204 3914 χίᾳ
2289 3832 2377 3890 δύο
2467 3834 2892 3915 μητροπολίτας,
2987 3835 3016 3902 ἥ
3096 3836 3150 3890 ὲν
3229 3841 3326 3910 μιᾷ
3416 3836 3575 3894 πόλει
3657 3833 3740 3890 δύο

2105 3925 2456 4005 ἒπισκόπους,
2490 3925 2525 3991 ἤ
2558 3927 2609 3981 ἐν
2641 3923 2728 3982 δύο
2760 3923 2987 3982 πόλεσιν
3015 3925 3106 3982 ἕνα
3137 3925 3421 4002 κληρικόν,

2527 4102 2753 4162 Συνόδου
2785 4105 3006 4168 Νικαίας
3040 4105 3211 4160 κανὼν
3245 4104 3325 4171 η’,

2182 4193 2264 4262 η’.
2303 4195 2423 4266 Περὶ
2467 4199 2573 4249 τῶν
2617 4194 2984 4268 ὀνομαζόντων
3027 4195 3123 4268 μὲν
3180 4194 3397 4259 ἑαυτοὺς
3461 4194 3736 4272 καθαροὺς,

378 4277 576 4359 doque
603 4278 990 4338 nominantad
1044 4279 1400 4339 catholicam
1434 4287 1632 4341 autem
1667 4289 1724 4341 et
1771 4287 2016 4359 aposto-

2130 4284 2546 4363 προσερχομένων
2590 4283 2644 4339 δὲ
2676 4291 2743 4360 τῇ
2776 4283 3034 4361 καθολικῇ
3076 4285 3162 4340 καὶ
3222 4284 3568 4361 ἀποστολικῇ
3614 4283 3734 4342 Ἐκ-

375 4366 551 4428 licam
589 4365 922 4428 Ecclesiam
957 4368 1505 4446 accedunt,sanctze
1538 4387 1769 4448 magna;
1791 4369 2015 4450 synodo

2130 4371 2316 4453 .λησίᾳ,
2379 4372 2518 4438 ἔδοξε
2577 4380 2642 4449 τῇ
2714 4373 2838 4448 ἁγία
2899 4376 2984 4429 καὶ
3045 4372 3259 4450 μεγάλῃ
3320 4374 3556 4449 συνόδῳ,
3602 4380 3734 4432 ὥστε

375 4457 564 4517 visum
602 4463 713 4530 est,
750 4465 812 4516 ut
858 4454 1152 4536 impositis
1197 4460 1284 4517 eis
1333 4458 1609 4519 manibus
1640 4458 1726 4520 sic
1760 4464 1818 4518 in
1853 4458 2011 4520 clero

2130 4463 2594 4541 LupoOstoupévou;
2628 4465 2840 4541 αὖτρὺς,
2875 4462 3054 4529 μένειν
3105 4463 3274 4528 οὕτως
3323 4462 3379 4518 ἐν
3422 4467 3503 4539 τῷ
3533 4464 3735 4536 κλήρω,

374 4555 682 4610 maneant.
718 4548 873 4607 Ante
905 4545 1102 4607 omnia
1133 4555 1330 4608 autem
1364 4547 1476 4609 hoc
1509 4549 1571 4610 in
1598 4547 1834 4628 scriptis
1857 4547 2020 4628 ipsos

2130 4555 2203 4630 πρὸ
2264 4551 2476 4608 πάντων
2521 4552 2575 4607 δὲ
2632 4560 2784 4610 τοῦτο
2838 4551 3172 4631 ὁμολογῆσαι
3237 4554 3426 4616 αὐτοὺς
3457 4555 3737 4633 ἐγγράφως

373 4636 642 4717 profiteri
671 4637 972 4711 convenit,
995 4637 1150 4717 quod
1185 4635 1572 4698 adhaerebunt
1607 4644 1665 4697 et
1695 4647 2021 4718 sequentur

2130 4643 2384 4719 προσήκει,
2447 4640 2528 4696 ὅτι
2585 4643 2930 4711 συνθήσονται
3005 4643 3092 4697 καὶ
3141 4641 3567 4712 ἀκολουθήσουσι
3624 4655 3734 4698 τοῖς

371 4724 683 4789 catholicae
713 4727 988 4789 ecclesia“,
1017 4725 1352 4803 decreta,id
1385 4735 1474 4788 est
1505 4745 1636 4808 quae
1658 4734 1717 4789 et
1746 4746 1881 4790 cum
1916 4727 2012 4789 di-

369 4816 564 4895 gamis
588 4815 1152 4891 communicabunt,
1183 4825 1240 4878 et
1262 4837 1397 4878 cum
1422 4816 1494 4878 iis
1517 4816 1620 4898 qui
1642 4816 1701 4878 in
1729 4837 2014 4897 persecu-

371 4906 535 4968 tione
567 4907 713 4988 lapsi
749 4918 907 4981 sunt,
939 4912 995 4969 in
1031 4907 1248 4988 quibus
1280 4916 1338 4968 et
1363 4916 1600 4988 tempus
1623 4908 2010 4969 constitutum

370 5002 547 5067 est,et
569 4998 984 5076 opportunitas
1007 4997 1324 5078 prmﬁnita,
1362 5007 1420 5058 ut
1461 4997 1574 5079 ipsi
1597 5006 1923 5077 sequantur
1953 5003 2012 5058 tu

371 5083 649 5144 omnibus
672 5085 956 5148 Ecclesiae
977 5087 1243 5150 decreta.
1269 5085 1381 5151 Ubi
1403 5106 1544 5167 ergo
1565 5105 1774 5149 omnes
1795 5094 1920 5148 sive
1951 5087 2011 5150 in

369 5171 663 5242 vicis,sive
687 5173 748 5234 in
765 5175 1151 5256 urbibus,ipsi
1170 5178 1282 5239 soli
1307 5175 1698 5238 inveniuntur
1723 5176 2005 5251 ordinati,

369 5259 472 5342 qui
490 5262 950 5325 inveniunturin
977 5264 1163 5341 clero,
1185 5275 1360 5328 erunt
1378 5267 1440 5328 in
1465 5267 1676 5329 eodem
1702 5266 2010 5332 ordine.Si

367 5360 568 5413 autem
592 5351 906 5414 catholica:
928 5353 1200 5416 ecclesiae
1223 5355 1504 5438 episcopo
1535 5356 1626 5418 vel
1660 5356 2006 5438 presbytero

367 5440 693 5503 exsistente
716 5442 1012 5504 accedunt
1035 5443 1470 5524 aliqui,clarum
1495 5455 1606 5518 est,
1635 5446 1792 5528 quod
1819 5447 2008 5510 eccle-

367 5529 471 5593 sise
488 5530 734 5608 quidem
761 5531 1400 5613 episcopidignitatem
1448 5535 1686 5600 habebit
1719 5556 1732 5596 :
1771 5536 1872 5618 qui
1895 5557 2002 5603 au-

449 5667 514 5724 ϐὃ
541 5670 726 5737 Leon.
761 5667 861 5736 14.

2098 4733 2197 4798 τῆς
2229 4731 2515 4798 καθολικῆς
2547 4733 2634 4788 καὶ
2664 4730 3031 4798 ἁποστολικῆς
3063 4729 3396 4798 Ἐκκλησίας
3451 4731 3512 4788 δό
3529 4755 3686 4810 γμασι
3721 4750 3734 4765 ·

2097 4821 2336 4880 τουτέστι
2391 4820 2485 4877 καὶ
2539 4819 2783 4898 διγάμοις
2853 4834 3160 4890 κοινωνεῖν,
3228 4823 3315 4877 καὶ
3381 4836 3507 4887 τοῖς
3553 4824 3610 4879 ἰν
3667 4829 3738 4895 τῷ

2095 4910 2314 4988 διωγμῷ
2347 4911 2858 4988 παραπεπτωκόσιν,
2897 4909 2980 4988 ἐφ’
3035 4913 3109 4966 ὧν
3139 4912 3226 4967 καὶ
3258 4934 3454 4991 χρονος
3487 4913 3737 4970 τέτακται

2096 5002 2281 5078 καιρὸς
2338 5000 2607 5078 ὥρισται·
2667 5000 2802 5056 ὥστε
2859 5001 3049 5063 αὐτοὺς
3109 4998 3422 5057 ἀκολουθεῖν
3488 5001 3547 5056 ἐν
3615 5009 3735 5058 πᾶσι

2096 5103 2214 5154 τοῖς
2275 5089 2504 5166 δόγμασι
2562 5091 2661 5155 τῆς
2714 5088 3002 5157 καθολικῆς
3056 5087 3381 5157 Ἐκκλτισίας
3417 5106 3431 5120 ⁸
3497 5090 3610 5148 ἔνθε
3642 5091 3736 5162 μὶν

2093 5181 2183 5236 οὖν
2242 5182 2458 5256 πάντες,
2495 5177 2607 5235 εἴτε
2639 5179 2691 5235 ἐν
2737 5179 2972 5253 κώμαις,
3009 5179 3123 5236 εἴτε
3168 5179 3222 5234 ἦν
3266 5179 3516 5253 πόλεσιν,
3585 5180 3734 5238 αὐτοί

2091 5269 2242 5343 μόνοι
2281 5270 2602 5346 εὑρίσκοιντο
2635 5269 3125 5347 χειροτονηθέντες,
3173 5271 3220 5324 οἱ
3265 5272 3640 5346 εὖρισκόμεοοι
3683 5269 3736 5324 ιν

2089 5365 2164 5433 τῷ
2204 5359 2408 5435 κλήρῳ,
2445 5359 2652 5414 ἔσονται
2697 5357 2752 5412 ἑν
2797 5359 2871 5430 τῷ
2913 5359 3053 5431 εὖτῷ
3101 5356 3371 5438 σχήματι,
3408 5359 3467 5414 Εἰ
3531 5357 3588 5414 δὲ
3646 5365 3737 5414 τοῦ

2086 5449 2184 5516 τῆς
2232 5448 2519 5516 καθολικῆς
2573 5448 2899 5514 Ἐκκλησίας
2951 5446 3312 5513 ἐπισκόπουῆ
3372 5445 3732 5524 πρεσϐυτέρου

2085 5541 2259 5614 ὄντος,
2304 5539 2693 5624 προσέρχονται
2737 5559 2904 5612 τινες,
2939 5537 3208 5620 πρόδηλον
3259 5540 3389 5608 ὡςὸ
3445 5538 3552 5616 μὲν
3609 5537 3732 5598 ἐπί-
