  <div class='ocr_page' id='page_1' title='image "/cluster/home/n/w/nwhite01/storage/ocr_20150623/104/hvd.32044073502163/274.png"; bbox 0 0 4108 6222; ppageno 0'>
   <div class='ocr_carea' id='block_1_1' title="bbox 320 300 438 368">
    <p class='ocr_par' dir='ltr' id='par_1_1' title="bbox 320 300 438 368">
     <span class='ocr_line' id='line_1_1' title="bbox 320 300 438 368; baseline 0.017 -2"><span class='ocrx_word' id='word_1_1' title='bbox 320 300 438 368; x_wconf 83' lang='grc'><strong>509</strong></span> 
     </span>
    </p>
   </div>
   <div class='ocr_carea' id='block_1_2' title="bbox 1047 299 2950 382">
    <p class='ocr_par' dir='ltr' id='par_1_2' title="bbox 1047 299 2950 382">
     <span class='ocr_line' id='line_1_2' title="bbox 1047 299 2950 382; baseline -0.001 -16"><span class='ocrx_word' id='word_1_2' title='bbox 1047 299 1466 367; x_wconf 85' lang='lat' dir='ltr'><strong>SYNTAGMA</strong></span> <span class='ocrx_word' id='word_1_3' title='bbox 1510 301 1908 370; x_wconf 86' lang='lat' dir='ltr'><strong>CANONUM.</strong></span> <span class='ocrx_word' id='word_1_4' title='bbox 1959 331 2034 345; x_wconf 94' lang='lat'><strong>—</strong></span> <span class='ocrx_word' id='word_1_5' title='bbox 2097 301 2250 364; x_wconf 90' lang='lat' dir='ltr'><strong>TIT.</strong></span> <span class='ocrx_word' id='word_1_6' title='bbox 2303 303 2350 382; x_wconf 83' lang='grc' dir='ltr'>Ι,</span> <span class='ocrx_word' id='word_1_7' title='bbox 2397 303 2562 366; x_wconf 82' lang='lat' dir='ltr'><strong>CAP.</strong></span> <span class='ocrx_word' id='word_1_8' title='bbox 2611 301 2950 366; x_wconf 83' lang='lat' dir='ltr'><strong>XVI-XXI.</strong></span> 
     </span>
    </p>
   </div>
   <div class='ocr_carea' id='block_1_3' title="bbox 3563 303 3683 370">
    <p class='ocr_par' dir='ltr' id='par_1_3' title="bbox 3563 303 3683 370">
     <span class='ocr_line' id='line_1_3' title="bbox 3563 303 3683 370; baseline -0.017 0"><span class='ocrx_word' id='word_1_9' title='bbox 3563 303 3683 370; x_wconf 87' lang='grc'><strong>510</strong></span> 
     </span>
    </p>
   </div>
   <div class='ocr_carea' id='block_1_4' title="bbox 321 435 1946 518">
    <p class='ocr_par' dir='ltr' id='par_1_4' title="bbox 321 435 1946 513">
     <span class='ocr_line' id='line_1_4' title="bbox 321 435 1946 513; baseline 0.001 -17"><span class='ocrx_word' id='word_1_10' title='bbox 321 460 520 501; x_wconf 88' lang='grc' dir='ltr'>σκοπος</span> <span class='ocrx_word' id='word_1_11' title='bbox 563 436 661 506; x_wconf 72' lang='grc' dir='ltr'>τῆς</span> <span class='ocrx_word' id='word_1_12' title='bbox 717 435 1005 505; x_wconf 73' lang='grc' dir='ltr'>ἐκκλησίας</span> <span class='ocrx_word' id='word_1_13' title='bbox 1057 435 1164 503; x_wconf 80' lang='grc' dir='ltr'>ἔξει</span> <span class='ocrx_word' id='word_1_14' title='bbox 1230 441 1290 495; x_wconf 83' lang='grc' dir='ltr'>τὸ</span> <span class='ocrx_word' id='word_1_15' title='bbox 1336 437 1543 513; x_wconf 74' lang='grc' dir='ltr'>ἀξίωμα</span> <span class='ocrx_word' id='word_1_16' title='bbox 1593 448 1688 497; x_wconf 80' lang='grc' dir='ltr'>τοῦ</span> <span class='ocrx_word' id='word_1_17' title='bbox 1731 441 1946 499; x_wconf 81' lang='grc' dir='ltr'>ἐπισκό·</span> 
     </span>
    </p>
   </div>
   <div class='ocr_carea' id='block_1_5' title="bbox 2039 435 3685 518">
    <p class='ocr_par' dir='ltr' id='par_1_5' title="bbox 2043 435 3685 518">
     <span class='ocr_line' id='line_1_5' title="bbox 2043 435 3685 518; baseline 0.001 -20"><span class='ocrx_word' id='word_1_18' title='bbox 2043 443 2162 498; x_wconf 90' lang='lat' dir='ltr'><strong>tem</strong></span> <span class='ocrx_word' id='word_1_19' title='bbox 2203 437 2356 518; x_wconf 88' lang='lat' dir='ltr'><strong>apud</strong></span> <span class='ocrx_word' id='word_1_20' title='bbox 2393 455 2518 511; x_wconf 90' lang='lat' dir='ltr'><strong>eos,</strong></span> <span class='ocrx_word' id='word_1_21' title='bbox 2585 437 2682 517; x_wconf 87' lang='lat' dir='ltr'><strong>qui</strong></span> <span class='ocrx_word' id='word_1_22' title='bbox 2736 435 2962 502; x_wconf 88' lang='lat' dir='ltr'><strong>cathari</strong></span> <span class='ocrx_word' id='word_1_23' title='bbox 2993 435 3301 510; x_wconf 73' lang='lat' dir='ltr'><strong>dicuntur,</strong></span> <span class='ocrx_word' id='word_1_24' title='bbox 3335 435 3685 500; x_wconf 94' lang='lat' dir='ltr'><strong>nominatur</strong></span> 
     </span>
    </p>
   </div>
   <div class='ocr_carea' id='block_1_6' title="bbox 321 527 1957 606">
    <p class='ocr_par' dir='ltr' id='par_1_6' title="bbox 321 527 1957 606">
     <span class='ocr_line' id='line_1_6' title="bbox 321 527 1957 606; baseline 0 -20"><span class='ocrx_word' id='word_1_25' title='bbox 321 552 423 586; x_wconf 75' lang='grc' dir='ltr'>που</span> <span class='ocrx_word' id='word_1_26' title='bbox 452 545 470 562; x_wconf 80' lang='grc'><strong><em>⁸</em></strong></span> <span class='ocrx_word' id='word_1_27' title='bbox 526 528 554 584; x_wconf 78' lang='grc' dir='ltr'><strong>δ</strong></span> <span class='ocrx_word' id='word_1_28' title='bbox 585 527 641 584; x_wconf 79' lang='grc' dir='ltr'>δὲ</span> <span class='ocrx_word' id='word_1_29' title='bbox 671 529 1067 604; x_wconf 70' lang='grc' dir='ltr'><strong>ὀνομαζόμενος</strong></span> <span class='ocrx_word' id='word_1_30' title='bbox 1097 528 1239 604; x_wconf 77' lang='grc' dir='ltr'>παρὰ</span> <span class='ocrx_word' id='word_1_31' title='bbox 1289 532 1408 592; x_wconf 74' lang='grc' dir='ltr'>τοῖς</span> <span class='ocrx_word' id='word_1_32' title='bbox 1442 527 1530 606; x_wconf 51' lang='grc' dir='ltr'>λεξ</span> <span class='ocrx_word' id='word_1_33' title='bbox 1544 529 1756 603; x_wconf 74' lang='grc' dir='ltr'>ομένοις</span> <span class='ocrx_word' id='word_1_34' title='bbox 1788 535 1957 588; x_wconf 84' lang='grc' dir='ltr'>καθα-</span> 
     </span>
    </p>
   </div>
   <div class='ocr_carea' id='block_1_7' title="bbox 316 617 1950 698">
    <p class='ocr_par' dir='ltr' id='par_1_7' title="bbox 316 617 1950 698">
     <span class='ocr_line' id='line_1_7' title="bbox 316 617 1950 698; baseline 0.001 -22"><span class='ocrx_word' id='word_1_35' title='bbox 316 633 438 698; x_wconf 79' lang='grc' dir='ltr'>ροῖς</span> <span class='ocrx_word' id='word_1_36' title='bbox 501 619 820 696; x_wconf 63' lang='grc' dir='ltr'>ἐπίσκοπος,</span> <span class='ocrx_word' id='word_1_37' title='bbox 888 617 986 686; x_wconf 68' lang='grc' dir='ltr'><strong>τήν</strong></span> <span class='ocrx_word' id='word_1_38' title='bbox 1045 624 1138 674; x_wconf 83' lang='grc' dir='ltr'>τοῦ</span> <span class='ocrx_word' id='word_1_39' title='bbox 1195 617 1548 697; x_wconf 59' lang='grc' dir='ltr'>πρεσϐυτέρου</span> <span class='ocrx_word' id='word_1_40' title='bbox 1606 622 1769 694; x_wconf 77' lang='grc' dir='ltr'>τιμὴν</span> <span class='ocrx_word' id='word_1_41' title='bbox 1802 621 1902 688; x_wconf 81' lang='grc' dir='ltr'>ἔξει</span> <span class='ocrx_word' id='word_1_42' title='bbox 1936 639 1950 655; x_wconf 86' lang='grc'>⁶</span> 
     </span>
    </p>
   </div>
   <div class='ocr_carea' id='block_1_8' title="bbox 312 706 1958 787">
    <p class='ocr_par' dir='ltr' id='par_1_8' title="bbox 312 706 1958 787">
     <span class='ocr_line' id='line_1_8' title="bbox 312 706 1958 787; baseline 0.002 -21"><span class='ocrx_word' id='word_1_43' title='bbox 312 709 462 778; x_wconf 76' lang='grc' dir='ltr'>πλὴν</span> <span class='ocrx_word' id='word_1_44' title='bbox 494 709 539 765; x_wconf 75' lang='grc' dir='ltr'><strong>εἰ</strong></span> <span class='ocrx_word' id='word_1_45' title='bbox 590 709 668 785; x_wconf 77' lang='grc' dir='ltr'><strong>μὴ</strong></span> <span class='ocrx_word' id='word_1_46' title='bbox 714 709 814 787; x_wconf 77' lang='grc' dir='ltr'>ἄρα</span> <span class='ocrx_word' id='word_1_47' title='bbox 858 706 1042 775; x_wconf 75' lang='grc' dir='ltr'>δοκοίη</span> <span class='ocrx_word' id='word_1_48' title='bbox 1086 715 1165 783; x_wconf 85' lang='grc' dir='ltr'>τῷ</span> <span class='ocrx_word' id='word_1_49' title='bbox 1216 709 1498 780; x_wconf 72' lang='grc' dir='ltr'>ὶπισιιόπῳ</span> <span class='ocrx_word' id='word_1_50' title='bbox 1541 713 1639 777; x_wconf 76' lang='grc' dir='ltr'><strong>τῆς</strong></span> <span class='ocrx_word' id='word_1_51' title='bbox 1669 717 1831 786; x_wconf 76' lang='grc' dir='ltr'>τιμῆς</span> <span class='ocrx_word' id='word_1_52' title='bbox 1865 720 1958 770; x_wconf 88' lang='lat'><strong>106</strong></span> 
     </span>
    </p>
   </div>
   <div class='ocr_carea' id='block_1_9' title="bbox 314 797 1956 880">
    <p class='ocr_par' dir='ltr' id='par_1_9' title="bbox 314 797 1956 880">
     <span class='ocr_line' id='line_1_9' title="bbox 314 797 1956 880; baseline 0.001 -24"><span class='ocrx_word' id='word_1_53' title='bbox 314 801 581 874; x_wconf 81' lang='grc' dir='ltr'>ὀνόματος</span> <span class='ocrx_word' id='word_1_54' title='bbox 628 799 788 856; x_wconf 69' lang='grc' dir='ltr'>αὐτὸν</span> <span class='ocrx_word' id='word_1_55' title='bbox 835 798 1112 878; x_wconf 78' lang='grc' dir='ltr'><strong>μετέχειν.</strong></span> <span class='ocrx_word' id='word_1_56' title='bbox 1161 801 1219 857; x_wconf 75' lang='lat' dir='ltr'><strong>Ei</strong></span> <span class='ocrx_word' id='word_1_57' title='bbox 1262 797 1317 854; x_wconf 78' lang='grc' dir='ltr'>δὲ</span> <span class='ocrx_word' id='word_1_58' title='bbox 1359 808 1514 859; x_wconf 80' lang='grc' dir='ltr'>τοῦτο</span> <span class='ocrx_word' id='word_1_59' title='bbox 1545 803 1688 874; x_wconf 74' lang='grc' dir='ltr'><strong>αὕτῷ</strong></span> <span class='ocrx_word' id='word_1_60' title='bbox 1717 802 1794 877; x_wconf 75' lang='grc' dir='ltr'>μὴ</span> <span class='ocrx_word' id='word_1_61' title='bbox 1826 801 1956 880; x_wconf 82' lang='grc' dir='ltr'><strong>ἀρὲ-</strong></span> 
     </span>
    </p>
   </div>
   <div class='ocr_carea' id='block_1_10' title="bbox 316 887 1958 968">
    <p class='ocr_par' dir='ltr' id='par_1_10' title="bbox 316 887 1958 968">
     <span class='ocr_line' id='line_1_10' title="bbox 316 887 1958 968; baseline 0 -22"><span class='ocrx_word' id='word_1_62' title='bbox 316 912 470 965; x_wconf 84' lang='grc' dir='ltr'>σκοι,</span> <span class='ocrx_word' id='word_1_63' title='bbox 529 889 812 958; x_wconf 67' lang='grc' dir='ltr'>ἱπινοήσει</span> <span class='ocrx_word' id='word_1_64' title='bbox 855 888 1022 944; x_wconf 76' lang='grc' dir='ltr'>τόπον</span> <span class='ocrx_word' id='word_1_65' title='bbox 1066 887 1100 955; x_wconf 78' lang='grc' dir='ltr'>ἤ</span> <span class='ocrx_word' id='word_1_66' title='bbox 1131 889 1554 968; x_wconf 85' lang='grc' dir='ltr'>χωρεπισκόπου</span> <span class='ocrx_word' id='word_1_67' title='bbox 1595 893 1631 960; x_wconf 73' lang='grc' dir='ltr'>ἤ</span> <span class='ocrx_word' id='word_1_68' title='bbox 1662 889 1958 968; x_wconf 79' lang='grc' dir='ltr'>πρεσϐυτέ-</span> 
     </span>
    </p>
   </div>
   <div class='ocr_carea' id='block_1_11' title="bbox 318 975 1959 1058">
    <p class='ocr_par' dir='ltr' id='par_1_11' title="bbox 318 975 1959 1058">
     <span class='ocr_line' id='line_1_11' title="bbox 318 975 1959 1058; baseline 0.001 -23"><span class='ocrx_word' id='word_1_69' title='bbox 318 1001 436 1058; x_wconf 84' lang='grc' dir='ltr'>ρου,</span> <span class='ocrx_word' id='word_1_70' title='bbox 468 979 598 1056; x_wconf 75' lang='grc' dir='ltr'>ὑπὲρ</span> <span class='ocrx_word' id='word_1_71' title='bbox 630 985 725 1036; x_wconf 83' lang='grc' dir='ltr'><strong>τοῦ</strong></span> <span class='ocrx_word' id='word_1_72' title='bbox 755 981 810 1034; x_wconf 83' lang='grc' dir='ltr'><strong>ἐν</strong></span> <span class='ocrx_word' id='word_1_73' title='bbox 839 985 918 1053; x_wconf 83' lang='grc' dir='ltr'><strong>τῷ</strong></span> <span class='ocrx_word' id='word_1_74' title='bbox 946 975 1132 1056; x_wconf 80' lang='grc' dir='ltr'>κλήρῳ</span> <span class='ocrx_word' id='word_1_75' title='bbox 1176 978 1316 1042; x_wconf 76' lang='grc' dir='ltr'>ὅλως</span> <span class='ocrx_word' id='word_1_76' title='bbox 1347 977 1527 1036; x_wconf 73' lang='grc' dir='ltr'>δοκεῖν</span> <span class='ocrx_word' id='word_1_77' title='bbox 1559 983 1725 1054; x_wconf 82' lang='grc' dir='ltr'>εἶναι,</span> <span class='ocrx_word' id='word_1_78' title='bbox 1758 980 1851 1036; x_wconf 73' lang='grc' dir='ltr'>’ίνα</span> <span class='ocrx_word' id='word_1_79' title='bbox 1882 981 1959 1057; x_wconf 77' lang='grc' dir='ltr'>μὴ</span> 
     </span>
    </p>
   </div>
   <div class='ocr_carea' id='block_1_12' title="bbox 316 1067 1292 1146">
    <p class='ocr_par' dir='ltr' id='par_1_12' title="bbox 316 1067 1292 1146">
     <span class='ocr_line' id='line_1_12' title="bbox 316 1067 1292 1146; baseline -0.004 -21"><span class='ocrx_word' id='word_1_80' title='bbox 316 1069 375 1126; x_wconf 70' lang='grc' dir='ltr'>ιν</span> <span class='ocrx_word' id='word_1_81' title='bbox 404 1075 473 1146; x_wconf 76' lang='grc' dir='ltr'><strong>τῇ</strong></span> <span class='ocrx_word' id='word_1_82' title='bbox 496 1067 650 1125; x_wconf 89' lang='grc' dir='ltr'>πόλει</span> <span class='ocrx_word' id='word_1_83' title='bbox 681 1067 771 1124; x_wconf 77' lang='grc' dir='ltr'>δύο</span> <span class='ocrx_word' id='word_1_84' title='bbox 805 1067 1091 1124; x_wconf 80' lang='grc' dir='ltr'>ἐπίσκοποι</span> <span class='ocrx_word' id='word_1_85' title='bbox 1135 1071 1292 1131; x_wconf 79' lang='grc' dir='ltr'>ὦσιν,</span> 
     </span>
    </p>
   </div>
   <div class='ocr_carea' id='block_1_13' title="bbox 671 1155 1606 1234">
    <p class='ocr_par' dir='ltr' id='par_1_13' title="bbox 671 1155 1606 1234">
     <span class='ocr_line' id='line_1_13' title="bbox 671 1155 1606 1234; baseline 0.003 -20"><span class='ocrx_word' id='word_1_86' title='bbox 671 1155 897 1214; x_wconf 82' lang='grc' dir='ltr'>Συνόδου</span> <span class='ocrx_word' id='word_1_87' title='bbox 927 1155 1271 1224; x_wconf 79' lang='grc' dir='ltr'>Χαλκηδόνος</span> <span class='ocrx_word' id='word_1_88' title='bbox 1302 1159 1480 1216; x_wconf 85' lang='grc' dir='ltr'>κανὼν</span> <span class='ocrx_word' id='word_1_89' title='bbox 1512 1158 1606 1234; x_wconf 79' lang='grc' dir='ltr'><strong>ιβ’.</strong></span> 
     </span>
    </p>
   </div>
   <div class='ocr_carea' id='block_1_14' title="bbox 401 1235 1958 1326">
    <p class='ocr_par' dir='ltr' id='par_1_14' title="bbox 401 1235 1958 1326">
     <span class='ocr_line' id='line_1_14' title="bbox 401 1235 1958 1326; baseline 0.002 -22"><span class='ocrx_word' id='word_1_90' title='bbox 401 1248 498 1326; x_wconf 86' lang='grc' dir='ltr'>ιβ’,</span> <span class='ocrx_word' id='word_1_91' title='bbox 542 1235 734 1306; x_wconf 73' lang='grc' dir='ltr'>Ἠλθεν</span> <span class='ocrx_word' id='word_1_92' title='bbox 779 1249 854 1308; x_wconf 79' lang='grc' dir='ltr'><strong>εἰς</strong></span> <span class='ocrx_word' id='word_1_93' title='bbox 907 1249 1079 1322; x_wconf 78' lang='grc' dir='ltr'>ἡμᾶς,</span> <span class='ocrx_word' id='word_1_94' title='bbox 1126 1247 1199 1312; x_wconf 84' lang='grc' dir='ltr'>ὣς</span> <span class='ocrx_word' id='word_1_95' title='bbox 1260 1269 1399 1310; x_wconf 88' lang='grc' dir='ltr'>τινες</span> <span class='ocrx_word' id='word_1_96' title='bbox 1433 1250 1575 1326; x_wconf 78' lang='grc' dir='ltr'>παρὰ</span> <span class='ocrx_word' id='word_1_97' title='bbox 1611 1249 1706 1313; x_wconf 77' lang='grc' dir='ltr'><strong>τὰς</strong></span> <span class='ocrx_word' id='word_1_98' title='bbox 1751 1248 1958 1317; x_wconf 81' lang='grc' dir='ltr'>ἐκκλη-</span> 
     </span>
    </p>
   </div>
   <div class='ocr_carea' id='block_1_15' title="bbox 316 1334 1958 1416">
    <p class='ocr_par' dir='ltr' id='par_1_15' title="bbox 316 1334 1958 1416">
     <span class='ocr_line' id='line_1_15' title="bbox 316 1334 1958 1416; baseline -0.001 -22"><span class='ocrx_word' id='word_1_99' title='bbox 316 1337 603 1401; x_wconf 67' lang='grc' dir='ltr'>σιααικᾶς</span> <span class='ocrx_word' id='word_1_100' title='bbox 662 1337 889 1413; x_wconf 74' lang='grc' dir='ltr'>θίσμοὺς</span> <span class='ocrx_word' id='word_1_101' title='bbox 949 1334 1376 1414; x_wconf 66' lang='grc' dir='ltr'><strong>προσδραμόντες</strong></span> <span class='ocrx_word' id='word_1_102' title='bbox 1449 1335 1800 1416; x_wconf 87' lang='grc' dir='ltr'>δυναστείαις,</span> <span class='ocrx_word' id='word_1_103' title='bbox 1873 1335 1958 1393; x_wconf 77' lang='grc' dir='ltr'><strong>διὰ</strong></span> 
     </span>
    </p>
   </div>
   <div class='ocr_carea' id='block_1_16' title="bbox 315 1427 1957 1508">
    <p class='ocr_par' dir='ltr' id='par_1_16' title="bbox 315 1427 1957 1508">
     <span class='ocr_line' id='line_1_16' title="bbox 315 1427 1957 1508; baseline -0.001 -22"><span class='ocrx_word' id='word_1_104' title='bbox 315 1432 712 1508; x_wconf 79' lang='grc' dir='ltr'>πραγματικῶν</span> <span class='ocrx_word' id='word_1_105' title='bbox 772 1429 870 1495; x_wconf 80' lang='grc' dir='ltr'><strong>την</strong></span> <span class='ocrx_word' id='word_1_106' title='bbox 927 1429 1052 1502; x_wconf 89' lang='grc' dir='ltr'>μίαν</span> <span class='ocrx_word' id='word_1_107' title='bbox 1097 1428 1362 1508; x_wconf 75' lang='grc' dir='ltr'>ὶπαρχίαν</span> <span class='ocrx_word' id='word_1_108' title='bbox 1407 1429 1480 1488; x_wconf 75' lang='grc' dir='ltr'><strong>εἰς</strong></span> <span class='ocrx_word' id='word_1_109' title='bbox 1525 1427 1616 1484; x_wconf 83' lang='grc' dir='ltr'><strong>δύο</strong></span> <span class='ocrx_word' id='word_1_110' title='bbox 1661 1430 1957 1504; x_wconf 78' lang='grc' dir='ltr'>κατέτεμον</span> 
     </span>
    </p>
   </div>
   <div class='ocr_carea' id='block_1_17' title="bbox 316 1515 1954 1596">
    <p class='ocr_par' dir='ltr' id='par_1_17' title="bbox 316 1515 1954 1596">
     <span class='ocr_line' id='line_1_17' title="bbox 316 1515 1954 1596; baseline -0.001 -21"><span class='ocrx_word' id='word_1_111' title='bbox 316 1524 392 1586; x_wconf 81' lang='grc' dir='ltr'><strong>ὡς</strong></span> <span class='ocrx_word' id='word_1_112' title='bbox 455 1521 515 1576; x_wconf 66' lang='grc' dir='ltr'><strong>ἐκ</strong></span> <span class='ocrx_word' id='word_1_113' title='bbox 571 1519 760 1576; x_wconf 61' lang='grc' dir='ltr'>τούτου</span> <span class='ocrx_word' id='word_1_114' title='bbox 803 1515 894 1575; x_wconf 75' lang='grc' dir='ltr'>δύο</span> <span class='ocrx_word' id='word_1_115' title='bbox 951 1517 1352 1596; x_wconf 78' lang='grc' dir='ltr'>μητροπολίτας</span> <span class='ocrx_word' id='word_1_116' title='bbox 1404 1518 1547 1574; x_wconf 79' lang='grc' dir='ltr'>εἶναι</span> <span class='ocrx_word' id='word_1_117' title='bbox 1591 1521 1647 1574; x_wconf 68' lang='grc' dir='ltr'><strong>ἐν</strong></span> <span class='ocrx_word' id='word_1_118' title='bbox 1698 1525 1764 1594; x_wconf 76' lang='grc' dir='ltr'><strong>τῇ</strong></span> <span class='ocrx_word' id='word_1_119' title='bbox 1822 1522 1954 1595; x_wconf 77' lang='grc' dir='ltr'>αὒτῇ</span> 
     </span>
    </p>
   </div>
   <div class='ocr_carea' id='block_1_18' title="bbox 316 1607 1949 1689">
    <p class='ocr_par' dir='ltr' id='par_1_18' title="bbox 316 1607 1949 1689">
     <span class='ocr_line' id='line_1_18' title="bbox 316 1607 1949 1689; baseline -0.001 -21"><span class='ocrx_word' id='word_1_120' title='bbox 316 1611 552 1689; x_wconf 75' lang='grc' dir='ltr'>ἐπαρχίᾳ</span> <span class='ocrx_word' id='word_1_121' title='bbox 587 1626 604 1644; x_wconf 73' lang='grc'>⁸</span> <span class='ocrx_word' id='word_1_122' title='bbox 651 1609 810 1685; x_wconf 80' lang='grc' dir='ltr'>ὥρισε</span> <span class='ocrx_word' id='word_1_123' title='bbox 855 1609 1029 1664; x_wconf 78' lang='grc' dir='ltr'>τοίνυν</span> <span class='ocrx_word' id='word_1_124' title='bbox 1071 1610 1106 1675; x_wconf 79' lang='grc' dir='ltr'>ἡ</span> <span class='ocrx_word' id='word_1_125' title='bbox 1152 1608 1274 1685; x_wconf 78' lang='grc' dir='ltr'>ἁγία</span> <span class='ocrx_word' id='word_1_126' title='bbox 1327 1607 1543 1671; x_wconf 75' lang='grc' dir='ltr'>σύνοδος</span> <span class='ocrx_word' id='word_1_127' title='bbox 1589 1615 1682 1664; x_wconf 83' lang='grc' dir='ltr'>τοῦ</span> <span class='ocrx_word' id='word_1_128' title='bbox 1739 1607 1949 1684; x_wconf 82' lang='grc' dir='ltr'>λοιποῦ,</span> 
     </span>
    </p>
   </div>
   <div class='ocr_carea' id='block_1_19' title="bbox 311 1696 1950 1775">
    <p class='ocr_par' dir='ltr' id='par_1_19' title="bbox 311 1696 1950 1775">
     <span class='ocr_line' id='line_1_19' title="bbox 311 1696 1950 1775; baseline -0.002 -19"><span class='ocrx_word' id='word_1_129' title='bbox 311 1699 482 1775; x_wconf 74' lang='grc' dir='ltr'>μηδὲν</span> <span class='ocrx_word' id='word_1_130' title='bbox 524 1706 734 1756; x_wconf 80' lang='grc' dir='ltr'>τοιοῦτο</span> <span class='ocrx_word' id='word_1_131' title='bbox 769 1696 1063 1771; x_wconf 74' lang='grc' dir='ltr'>τολμᾶσθαι</span> <span class='ocrx_word' id='word_1_132' title='bbox 1096 1697 1238 1774; x_wconf 86' lang='grc' dir='ltr'>παρὰ</span> <span class='ocrx_word' id='word_1_133' title='bbox 1297 1704 1389 1752; x_wconf 80' lang='grc' dir='ltr'>τοῦ</span> <span class='ocrx_word' id='word_1_134' title='bbox 1434 1698 1730 1758; x_wconf 75' lang='grc' dir='ltr'>ἐπισκόπου</span> <span class='ocrx_word' id='word_1_135' title='bbox 1767 1717 1779 1731; x_wconf 87' lang='grc'><strong><em>⁸</em></strong></span> <span class='ocrx_word' id='word_1_136' title='bbox 1829 1699 1950 1756; x_wconf 66' lang='grc' dir='ltr'>ἐπεὶ</span> 
     </span>
    </p>
   </div>
   <div class='ocr_carea' id='block_1_20' title="bbox 2040 525 3684 608">
    <p class='ocr_par' dir='ltr' id='par_1_20' title="bbox 2040 525 3684 608">
     <span class='ocr_line' id='line_1_20' title="bbox 2040 525 3684 608; baseline 0.002 -21"><span class='ocrx_word' id='word_1_137' title='bbox 2040 526 2361 608; x_wconf 83' lang='lat' dir='ltr'><strong>episc0pus</strong></span> <span class='ocrx_word' id='word_1_138' title='bbox 2391 528 2507 601; x_wconf 85' lang='lat'><strong>60,</strong></span> <span class='ocrx_word' id='word_1_139' title='bbox 2541 525 2886 607; x_wconf 69' lang='lat' dir='ltr'><strong>presbyteri</strong></span> <span class='ocrx_word' id='word_1_140' title='bbox 2921 528 3212 587; x_wconf 85' lang='lat' dir='ltr'><strong>honorem</strong></span> <span class='ocrx_word' id='word_1_141' title='bbox 3243 525 3489 587; x_wconf 76' lang='lat' dir='ltr'><strong>habebit</strong></span> <span class='ocrx_word' id='word_1_142' title='bbox 3518 547 3532 590; x_wconf 87' lang='lat'><strong>:</strong></span> <span class='ocrx_word' id='word_1_143' title='bbox 3569 527 3684 591; x_wconf 85' lang='lat' dir='ltr'><strong>nisi</strong></span> 
     </span>
    </p>
   </div>
   <div class='ocr_carea' id='block_1_21' title="bbox 2038 616 3682 698">
    <p class='ocr_par' dir='ltr' id='par_1_21' title="bbox 2038 616 3682 698">
     <span class='ocr_line' id='line_1_21' title="bbox 2038 616 3682 698; baseline 0.002 -20"><span class='ocrx_word' id='word_1_144' title='bbox 2038 623 2250 698; x_wconf 78' lang='lat' dir='ltr'><strong>utique</strong></span> <span class='ocrx_word' id='word_1_145' title='bbox 2281 619 2571 698; x_wconf 90' lang='lat' dir='ltr'><strong>episcopo</strong></span> <span class='ocrx_word' id='word_1_146' title='bbox 2604 617 2831 697; x_wconf 86' lang='lat' dir='ltr'><strong>placeat</strong></span> <span class='ocrx_word' id='word_1_147' title='bbox 2862 617 3056 696; x_wconf 88' lang='lat' dir='ltr'><strong>ipsum</strong></span> <span class='ocrx_word' id='word_1_148' title='bbox 3090 616 3354 678; x_wconf 81' lang='lat' dir='ltr'><strong>nominis</strong></span> <span class='ocrx_word' id='word_1_149' title='bbox 3387 617 3682 681; x_wconf 87' lang='lat' dir='ltr'><strong>honorem</strong></span> 
     </span>
    </p>
   </div>
   <div class='ocr_carea' id='block_1_22' title="bbox 2039 700 3683 787">
    <p class='ocr_par' dir='ltr' id='par_1_22' title="bbox 2039 700 3683 787">
     <span class='ocr_line' id='line_1_22' title="bbox 2039 700 3683 787; baseline 0.002 -20"><span class='ocrx_word' id='word_1_150' title='bbox 2039 700 2376 787; x_wconf 80' lang='lat' dir='ltr'><strong>impertire.</strong></span> <span class='ocrx_word' id='word_1_151' title='bbox 2413 707 2478 770; x_wconf 91' lang='lat' dir='ltr'><strong>Si</strong></span> <span class='ocrx_word' id='word_1_152' title='bbox 2510 716 2710 769; x_wconf 88' lang='lat' dir='ltr'><strong>autem</strong></span> <span class='ocrx_word' id='word_1_153' title='bbox 2739 705 2805 756; x_wconf 74' lang='grc'><strong>6⁸</strong></span> <span class='ocrx_word' id='word_1_154' title='bbox 2832 706 2949 768; x_wconf 93' lang='lat' dir='ltr'><strong>hoc</strong></span> <span class='ocrx_word' id='word_1_155' title='bbox 2980 705 3067 766; x_wconf 88' lang='lat' dir='ltr'><strong>illi</strong></span> <span class='ocrx_word' id='word_1_156' title='bbox 3115 723 3234 766; x_wconf 89' lang='lat' dir='ltr'><strong>non</strong></span> <span class='ocrx_word' id='word_1_157' title='bbox 3279 705 3532 786; x_wconf 85' lang='lat' dir='ltr'><strong>placeat,</strong></span> <span class='ocrx_word' id='word_1_158' title='bbox 3589 707 3683 770; x_wconf 92' lang='lat' dir='ltr'><strong>vel</strong></span> 
     </span>
    </p>
   </div>
   <div class='ocr_carea' id='block_1_23' title="bbox 2044 795 3679 878">
    <p class='ocr_par' dir='ltr' id='par_1_23' title="bbox 2044 795 3679 878">
     <span class='ocr_line' id='line_1_23' title="bbox 2044 795 3679 878; baseline 0.001 -20"><span class='ocrx_word' id='word_1_159' title='bbox 2044 797 2493 878; x_wconf 87' lang='lat' dir='ltr'><strong>chorepiscopi,</strong></span> <span class='ocrx_word' id='word_1_160' title='bbox 2543 796 2640 859; x_wconf 90' lang='lat' dir='ltr'><strong>vel</strong></span> <span class='ocrx_word' id='word_1_161' title='bbox 2697 795 3028 878; x_wconf 74' lang='lat' dir='ltr'><strong>presbyteri</strong></span> <span class='ocrx_word' id='word_1_162' title='bbox 3061 796 3260 858; x_wconf 82' lang='lat' dir='ltr'><strong>locum</strong></span> <span class='ocrx_word' id='word_1_163' title='bbox 3293 798 3679 878; x_wconf 81' lang='lat' dir='ltr'><strong>excogitabit,</strong></span> 
     </span>
    </p>
   </div>
   <div class='ocr_carea' id='block_1_24' title="bbox 2044 885 3683 962">
    <p class='ocr_par' dir='ltr' id='par_1_24' title="bbox 2044 885 3683 962">
     <span class='ocr_line' id='line_1_24' title="bbox 2044 885 3683 962; baseline 0.002 -14"><span class='ocrx_word' id='word_1_164' title='bbox 2044 893 2108 948; x_wconf 92' lang='lat' dir='ltr'><strong>ut</strong></span> <span class='ocrx_word' id='word_1_165' title='bbox 2140 905 2276 949; x_wconf 90' lang='lat' dir='ltr'><strong>esse</strong></span> <span class='ocrx_word' id='word_1_166' title='bbox 2304 887 2553 949; x_wconf 92' lang='lat' dir='ltr'><strong>omnino</strong></span> <span class='ocrx_word' id='word_1_167' title='bbox 2584 887 2645 948; x_wconf 92' lang='lat' dir='ltr'><strong>iu</strong></span> <span class='ocrx_word' id='word_1_168' title='bbox 2703 887 2866 950; x_wconf 90' lang='lat' dir='ltr'><strong>clero</strong></span> <span class='ocrx_word' id='word_1_169' title='bbox 2911 885 3211 962; x_wconf 79' lang='lat' dir='ltr'><strong>videatur,</strong></span> <span class='ocrx_word' id='word_1_170' title='bbox 3245 904 3322 948; x_wconf 91' lang='lat' dir='ltr'><strong>ne</strong></span> <span class='ocrx_word' id='word_1_171' title='bbox 3353 886 3414 948; x_wconf 89' lang='lat' dir='ltr'><strong>in</strong></span> <span class='ocrx_word' id='word_1_172' title='bbox 3443 888 3683 952; x_wconf 81' lang='lat' dir='ltr'><strong>civitate</strong></span> 
     </span>
    </p>
   </div>
   <div class='ocr_carea' id='block_1_25' title="bbox 2041 975 2632 1059">
    <p class='ocr_par' dir='ltr' id='par_1_25' title="bbox 2041 975 2632 1059">
     <span class='ocr_line' id='line_1_25' title="bbox 2041 975 2632 1059; baseline 0 -21"><span class='ocrx_word' id='word_1_173' title='bbox 2041 975 2162 1039; x_wconf 89' lang='lat' dir='ltr'><strong>duo</strong></span> <span class='ocrx_word' id='word_1_174' title='bbox 2190 977 2312 1040; x_wconf 90' lang='lat' dir='ltr'><strong>sint</strong></span> <span class='ocrx_word' id='word_1_175' title='bbox 2341 976 2632 1059; x_wconf 89' lang='lat' dir='ltr'><strong>episcopi.</strong></span> 
     </span>
    </p>
   </div>
   <div class='ocr_carea' id='block_1_26' title="bbox 2287 1154 3439 1219">
    <p class='ocr_par' dir='ltr' id='par_1_26' title="bbox 2287 1154 3439 1219">
     <span class='ocr_line' id='line_1_26' title="bbox 2287 1154 3439 1219; baseline -0.002 -1"><span class='ocrx_word' id='word_1_176' title='bbox 2287 1155 2550 1218; x_wconf 64' lang='lat' dir='ltr'><strong>aoncilii</strong></span> <span class='ocrx_word' id='word_1_177' title='bbox 2579 1154 3088 1218; x_wconf 67' lang='lat' dir='ltr'><strong>Chalcedonensis</strong></span> <span class='ocrx_word' id='word_1_178' title='bbox 3118 1173 3315 1219; x_wconf 87' lang='lat' dir='ltr'><strong>canon</strong></span> <span class='ocrx_word' id='word_1_179' title='bbox 3341 1156 3439 1218; x_wconf 79' lang='lat' dir='ltr'><strong>I2.</strong></span> 
     </span>
    </p>
   </div>
   <div class='ocr_carea' id='block_1_27' title="bbox 2127 1242 3679 1326">
    <p class='ocr_par' dir='ltr' id='par_1_27' title="bbox 2127 1242 3679 1326">
     <span class='ocr_line' id='line_1_27' title="bbox 2127 1242 3679 1326; baseline 0.002 -22"><span class='ocrx_word' id='word_1_180' title='bbox 2127 1245 2220 1304; x_wconf 74' lang='grc'><strong>12.</strong></span> <span class='ocrx_word' id='word_1_181' title='bbox 2255 1243 2536 1306; x_wconf 85' lang='lat' dir='ltr'><strong>Pervenit</strong></span> <span class='ocrx_word' id='word_1_182' title='bbox 2593 1244 2667 1306; x_wconf 92' lang='lat' dir='ltr'><strong>ad</strong></span> <span class='ocrx_word' id='word_1_183' title='bbox 2719 1263 2830 1306; x_wconf 90' lang='lat' dir='ltr'><strong>nos</strong></span> <span class='ocrx_word' id='word_1_184' title='bbox 2884 1242 2969 1319; x_wconf 76' lang='grc'><strong>65,</strong></span> <span class='ocrx_word' id='word_1_185' title='bbox 3018 1245 3178 1326; x_wconf 91' lang='lat' dir='ltr'><strong>quod</strong></span> <span class='ocrx_word' id='word_1_186' title='bbox 3235 1245 3504 1326; x_wconf 91' lang='lat' dir='ltr'><strong>quidam,</strong></span> <span class='ocrx_word' id='word_1_187' title='bbox 3539 1263 3679 1307; x_wconf 86' lang='lat' dir='ltr'><strong>cum</strong></span> 
     </span>
    </p>
   </div>
   <div class='ocr_carea' id='block_1_28' title="bbox 2039 1331 3679 1414">
    <p class='ocr_par' dir='ltr' id='par_1_28' title="bbox 2039 1331 3679 1414">
     <span class='ocr_line' id='line_1_28' title="bbox 2039 1331 3679 1414; baseline 0.002 -22"><span class='ocrx_word' id='word_1_188' title='bbox 2039 1331 2414 1412; x_wconf 63' lang='lat' dir='ltr'><strong>praeterritus</strong></span> <span class='ocrx_word' id='word_1_189' title='bbox 2471 1332 2917 1396; x_wconf 88' lang='lat' dir='ltr'><strong>ecclesiasticos</strong></span> <span class='ocrx_word' id='word_1_190' title='bbox 2965 1333 3042 1395; x_wconf 88' lang='lat' dir='ltr'><strong>ad</strong></span> <span class='ocrx_word' id='word_1_191' title='bbox 3091 1339 3435 1414; x_wconf 88' lang='lat' dir='ltr'><strong>potentatus</strong></span> <span class='ocrx_word' id='word_1_192' title='bbox 3467 1351 3679 1395; x_wconf 83' lang='lat' dir='ltr'><strong>acces—</strong></span> 
     </span>
    </p>
   </div>
   <div class='ocr_carea' id='block_1_29' title="bbox 2039 1422 3680 1503">
    <p class='ocr_par' dir='ltr' id='par_1_29' title="bbox 2039 1422 3680 1503">
     <span class='ocr_line' id='line_1_29' title="bbox 2039 1422 3680 1503; baseline 0.001 -20"><span class='ocrx_word' id='word_1_193' title='bbox 2039 1422 2400 1503; x_wconf 87' lang='lat' dir='ltr'><strong>sissent,per</strong></span> <span class='ocrx_word' id='word_1_194' title='bbox 2425 1423 2824 1502; x_wconf 75' lang='lat' dir='ltr'><strong>pragmaticus</strong></span> <span class='ocrx_word' id='word_1_195' title='bbox 2849 1441 3027 1484; x_wconf 91' lang='lat' dir='ltr'><strong>unam</strong></span> <span class='ocrx_word' id='word_1_196' title='bbox 3057 1422 3422 1498; x_wconf 76' lang='lat' dir='ltr'><strong>provinciam</strong></span> <span class='ocrx_word' id='word_1_197' title='bbox 3452 1425 3508 1483; x_wconf 91' lang='lat' dir='ltr'><strong>in</strong></span> <span class='ocrx_word' id='word_1_198' title='bbox 3527 1423 3680 1485; x_wconf 77' lang='lat' dir='ltr'><strong>duas</strong></span> 
     </span>
    </p>
   </div>
   <div class='ocr_carea' id='block_1_30' title="bbox 2038 1509 3679 1594">
    <p class='ocr_par' dir='ltr' id='par_1_30' title="bbox 2038 1509 3679 1594">
     <span class='ocr_line' id='line_1_30' title="bbox 2038 1509 3679 1594; baseline 0.002 -23"><span class='ocrx_word' id='word_1_199' title='bbox 2038 1509 2376 1573; x_wconf 88' lang='lat' dir='ltr'><strong>diviserunt</strong></span> <span class='ocrx_word' id='word_1_200' title='bbox 2410 1531 2424 1571; x_wconf 90' lang='lat'><strong>:</strong></span> <span class='ocrx_word' id='word_1_201' title='bbox 2461 1520 2524 1572; x_wconf 92' lang='lat' dir='ltr'><strong>ut</strong></span> <span class='ocrx_word' id='word_1_202' title='bbox 2557 1530 2629 1574; x_wconf 83' lang='lat' dir='ltr'><strong>ex</strong></span> <span class='ocrx_word' id='word_1_203' title='bbox 2661 1530 2730 1574; x_wconf 89' lang='lat' dir='ltr'><strong>eo</strong></span> <span class='ocrx_word' id='word_1_204' title='bbox 2756 1513 2876 1574; x_wconf 91' lang='lat' dir='ltr'><strong>duo</strong></span> <span class='ocrx_word' id='word_1_205' title='bbox 2908 1520 3114 1574; x_wconf 87' lang='lat' dir='ltr'><strong>essent</strong></span> <span class='ocrx_word' id='word_1_206' title='bbox 3139 1513 3585 1594; x_wconf 78' lang='lat' dir='ltr'><strong>metropolitani</strong></span> <span class='ocrx_word' id='word_1_207' title='bbox 3616 1513 3679 1574; x_wconf 91' lang='lat' dir='ltr'><strong>in</strong></span> 
     </span>
    </p>
   </div>
   <div class='ocr_carea' id='block_1_31' title="bbox 2038 1600 3679 1683">
    <p class='ocr_par' dir='ltr' id='par_1_31' title="bbox 2038 1600 3679 1683">
     <span class='ocr_line' id='line_1_31' title="bbox 2038 1600 3679 1683; baseline 0.001 -21"><span class='ocrx_word' id='word_1_208' title='bbox 2038 1600 2248 1663; x_wconf 90' lang='lat' dir='ltr'><strong>eadem</strong></span> <span class='ocrx_word' id='word_1_209' title='bbox 2285 1601 2614 1680; x_wconf 86' lang='lat' dir='ltr'><strong>provincia.</strong></span> <span class='ocrx_word' id='word_1_210' title='bbox 2641 1603 2859 1665; x_wconf 90' lang='lat' dir='ltr'><strong>Statuit</strong></span> <span class='ocrx_word' id='word_1_211' title='bbox 2889 1620 3030 1682; x_wconf 77' lang='lat' dir='ltr'><strong>ergo</strong></span> <span class='ocrx_word' id='word_1_212' title='bbox 3082 1620 3251 1664; x_wconf 88' lang='lat' dir='ltr'><strong>sacra</strong></span> <span class='ocrx_word' id='word_1_213' title='bbox 3279 1603 3563 1683; x_wconf 80' lang='lat' dir='ltr'><strong>synodus,</strong></span> <span class='ocrx_word' id='word_1_214' title='bbox 3601 1621 3679 1664; x_wconf 91' lang='lat' dir='ltr'><strong>ne</strong></span> 
     </span>
    </p>
   </div>
   <div class='ocr_carea' id='block_1_32' title="bbox 2036 1690 3678 1773">
    <p class='ocr_par' dir='ltr' id='par_1_32' title="bbox 2036 1690 3678 1773">
     <span class='ocr_line' id='line_1_32' title="bbox 2036 1690 3678 1773; baseline 0.001 -21"><span class='ocrx_word' id='word_1_215' title='bbox 2036 1691 2357 1771; x_wconf 86' lang='lat' dir='ltr'><strong>episcopus</strong></span> <span class='ocrx_word' id='word_1_216' title='bbox 2387 1690 2678 1772; x_wconf 90' lang='lat' dir='ltr'><strong>deinceps</strong></span> <span class='ocrx_word' id='word_1_217' title='bbox 2710 1692 2825 1753; x_wconf 89' lang='lat' dir='ltr'><strong>tale</strong></span> <span class='ocrx_word' id='word_1_218' title='bbox 2856 1691 2999 1773; x_wconf 90' lang='lat' dir='ltr'><strong>quid</strong></span> <span class='ocrx_word' id='word_1_219' title='bbox 3023 1691 3241 1754; x_wconf 86' lang='lat' dir='ltr'><strong>audeat</strong></span> <span class='ocrx_word' id='word_1_220' title='bbox 3272 1710 3287 1754; x_wconf 90' lang='lat'><strong>:</strong></span> <span class='ocrx_word' id='word_1_221' title='bbox 3321 1693 3604 1773; x_wconf 87' lang='lat' dir='ltr'><strong>quoniam</strong></span> <span class='ocrx_word' id='word_1_222' title='bbox 3629 1693 3678 1754; x_wconf 88' lang='lat' dir='ltr'><strong>is</strong></span> 
     </span>
    </p>
   </div>
   <div class='ocr_carea' id='block_1_33' title="bbox 309 1780 1946 1866">
    <p class='ocr_par' dir='ltr' id='par_1_33' title="bbox 309 1786 1946 1866">
     <span class='ocr_line' id='line_1_33' title="bbox 309 1786 1946 1866; baseline 0 -21"><span class='ocrx_word' id='word_1_223' title='bbox 309 1791 406 1846; x_wconf 79' lang='grc' dir='ltr'>τὸν</span> <span class='ocrx_word' id='word_1_224' title='bbox 455 1795 611 1844; x_wconf 80' lang='grc' dir='ltr'>τοῦτο</span> <span class='ocrx_word' id='word_1_225' title='bbox 657 1788 1058 1866; x_wconf 77' lang='grc' dir='ltr'>ἐπιχειροῦντα,</span> <span class='ocrx_word' id='word_1_226' title='bbox 1109 1786 1382 1842; x_wconf 81' lang='grc' dir='ltr'>ἐκπίπτειν</span> <span class='ocrx_word' id='word_1_227' title='bbox 1412 1793 1505 1844; x_wconf 92' lang='lat'><strong>106</strong></span> <span class='ocrx_word' id='word_1_228' title='bbox 1534 1786 1666 1843; x_wconf 77' lang='grc' dir='ltr'>ἰδίαυ</span> <span class='ocrx_word' id='word_1_229' title='bbox 1695 1789 1898 1864; x_wconf 76' lang='grc' dir='ltr'>βαθμοῦ</span> <span class='ocrx_word' id='word_1_230' title='bbox 1933 1809 1946 1824; x_wconf 94' lang='grc'><strong>·</strong></span> 
     </span>
    </p>
   </div>
   <div class='ocr_carea' id='block_1_34' title="bbox 2039 1780 3672 1866">
    <p class='ocr_par' dir='ltr' id='par_1_34' title="bbox 2039 1780 3672 1861">
     <span class='ocr_line' id='line_1_34' title="bbox 2039 1780 3672 1861; baseline 0.001 -20"><span class='ocrx_word' id='word_1_231' title='bbox 2039 1780 2137 1861; x_wconf 86' lang='lat' dir='ltr'><strong>qui</strong></span> <span class='ocrx_word' id='word_1_232' title='bbox 2170 1781 2285 1842; x_wconf 92' lang='lat' dir='ltr'><strong>hoc</strong></span> <span class='ocrx_word' id='word_1_233' title='bbox 2315 1781 2681 1860; x_wconf 78' lang='lat' dir='ltr'><strong>aggreditur,</strong></span> <span class='ocrx_word' id='word_1_234' title='bbox 2738 1799 2772 1842; x_wconf 93' lang='lat' dir='ltr'><strong>a</strong></span> <span class='ocrx_word' id='word_1_235' title='bbox 2829 1800 2938 1843; x_wconf 91' lang='lat' dir='ltr'><strong>suo</strong></span> <span class='ocrx_word' id='word_1_236' title='bbox 2995 1783 3184 1861; x_wconf 80' lang='lat' dir='ltr'><strong>gradu</strong></span> <span class='ocrx_word' id='word_1_237' title='bbox 3213 1781 3459 1844; x_wconf 81' lang='lat' dir='ltr'><strong>excidit.</strong></span> <span class='ocrx_word' id='word_1_238' title='bbox 3492 1781 3672 1853; x_wconf 70' lang='lat' dir='ltr'><strong>Quae-</strong></span> 
     </span>
    </p>
   </div>
   <div class='ocr_carea' id='block_1_35' title="bbox 308 1873 1950 1954">
    <p class='ocr_par' dir='ltr' id='par_1_35' title="bbox 308 1873 1950 1954">
     <span class='ocr_line' id='line_1_35' title="bbox 308 1873 1950 1954; baseline -0.001 -19"><span class='ocrx_word' id='word_1_239' title='bbox 308 1878 431 1935; x_wconf 77' lang='grc' dir='ltr'>ὅσαι</span> <span class='ocrx_word' id='word_1_240' title='bbox 481 1876 535 1933; x_wconf 71' lang='grc' dir='ltr'><strong>δέ</strong></span> <span class='ocrx_word' id='word_1_241' title='bbox 574 1875 679 1944; x_wconf 75' lang='grc' dir='ltr'>ἤδη</span> <span class='ocrx_word' id='word_1_242' title='bbox 741 1875 926 1938; x_wconf 90' lang='grc' dir='ltr'>πόλεις</span> <span class='ocrx_word' id='word_1_243' title='bbox 972 1873 1058 1931; x_wconf 78' lang='grc' dir='ltr'>διὰ</span> <span class='ocrx_word' id='word_1_244' title='bbox 1111 1876 1444 1954; x_wconf 67' lang='grc' dir='ltr'>γραμμάτων</span> <span class='ocrx_word' id='word_1_245' title='bbox 1500 1876 1792 1952; x_wconf 82' lang='grc' dir='ltr'>βασιλικῶν</span> <span class='ocrx_word' id='word_1_246' title='bbox 1872 1885 1950 1952; x_wconf 85' lang='grc' dir='ltr'>τῷ</span> 
     </span>
    </p>
   </div>
   <div class='ocr_carea' id='block_1_36' title="bbox 307 1963 1946 2044">
    <p class='ocr_par' dir='ltr' id='par_1_36' title="bbox 307 1963 1946 2044">
     <span class='ocr_line' id='line_1_36' title="bbox 307 1963 1946 2044; baseline -0.005 -21"><span class='ocrx_word' id='word_1_247' title='bbox 307 1967 406 2035; x_wconf 75' lang='grc' dir='ltr'><strong>τῆς</strong></span> <span class='ocrx_word' id='word_1_248' title='bbox 467 1963 858 2044; x_wconf 80' lang='grc' dir='ltr'>μητροπόλεως</span> <span class='ocrx_word' id='word_1_249' title='bbox 920 1964 1262 2040; x_wconf 75' lang='grc' dir='ltr'>ἐτιμήθησαν</span> <span class='ocrx_word' id='word_1_250' title='bbox 1313 1965 1559 2044; x_wconf 86' lang='grc' dir='ltr'>ὀνόματι,</span> <span class='ocrx_word' id='word_1_251' title='bbox 1595 1967 1764 2040; x_wconf 77' lang='grc' dir='ltr'>μόνης</span> <span class='ocrx_word' id='word_1_252' title='bbox 1812 1969 1946 2024; x_wconf 80' lang='grc' dir='ltr'>ἀπο.</span> 
     </span>
    </p>
   </div>
   <div class='ocr_carea' id='block_1_37' title="bbox 305 2054 1947 2129">
    <p class='ocr_par' dir='ltr' id='par_1_37' title="bbox 305 2054 1947 2129">
     <span class='ocr_line' id='line_1_37' title="bbox 305 2054 1947 2129; baseline 0 -15"><span class='ocrx_word' id='word_1_253' title='bbox 305 2057 619 2114; x_wconf 79' lang='grc' dir='ltr'>λαυέτωσαν</span> <span class='ocrx_word' id='word_1_254' title='bbox 675 2060 773 2122; x_wconf 78' lang='grc' dir='ltr'>τῆς</span> <span class='ocrx_word' id='word_1_255' title='bbox 819 2060 1012 2129; x_wconf 82' lang='grc' dir='ltr'>τιμῆς,</span> <span class='ocrx_word' id='word_1_256' title='bbox 1046 2057 1134 2110; x_wconf 85' lang='grc' dir='ltr'>καὶ</span> <span class='ocrx_word' id='word_1_257' title='bbox 1181 2057 1207 2110; x_wconf 81' lang='grc' dir='ltr'>ὁ</span> <span class='ocrx_word' id='word_1_258' title='bbox 1263 2055 1358 2122; x_wconf 70' lang='grc' dir='ltr'>τὴν</span> <span class='ocrx_word' id='word_1_259' title='bbox 1413 2054 1738 2124; x_wconf 77' lang='grc' dir='ltr'>Ἐκκλησίαν</span> <span class='ocrx_word' id='word_1_260' title='bbox 1781 2062 1947 2125; x_wconf 72' lang='grc' dir='ltr'>αὐτῆς</span> 
     </span>
    </p>
   </div>
   <div class='ocr_carea' id='block_1_38' title="bbox 307 2143 1948 2224">
    <p class='ocr_par' dir='ltr' id='par_1_38' title="bbox 307 2143 1948 2224">
     <span class='ocr_line' id='line_1_38' title="bbox 307 2143 1948 2224; baseline 0.002 -22"><span class='ocrx_word' id='word_1_261' title='bbox 307 2145 523 2205; x_wconf 82' lang='grc' dir='ltr'>διοικῶν</span> <span class='ocrx_word' id='word_1_262' title='bbox 579 2146 868 2206; x_wconf 79' lang='grc' dir='ltr'>ἐπίσκοπος</span> <span class='ocrx_word' id='word_1_263' title='bbox 903 2161 918 2177; x_wconf 91' lang='grc'><strong>·</strong></span> <span class='ocrx_word' id='word_1_264' title='bbox 979 2143 1227 2211; x_wconf 77' lang='grc' dir='ltr'>δηλονότι</span> <span class='ocrx_word' id='word_1_265' title='bbox 1283 2145 1600 2221; x_wconf 69' lang='grc' dir='ltr'>σωζομένων</span> <span class='ocrx_word' id='word_1_266' title='bbox 1672 2153 1742 2224; x_wconf 75' lang='grc' dir='ltr'><strong>τῇ</strong></span> <span class='ocrx_word' id='word_1_267' title='bbox 1813 2150 1948 2206; x_wconf 78' lang='grc' dir='ltr'>κατὰ</span> 
     </span>
    </p>
   </div>
   <div class='ocr_carea' id='block_1_39' title="bbox 310 2233 1578 2310">
    <p class='ocr_par' dir='ltr' id='par_1_39' title="bbox 310 2233 1578 2310">
     <span class='ocr_line' id='line_1_39' title="bbox 310 2233 1578 2310; baseline -0.002 -17"><span class='ocrx_word' id='word_1_268' title='bbox 310 2235 563 2307; x_wconf 71' lang='grc' dir='ltr'>ἀλήθειαν</span> <span class='ocrx_word' id='word_1_269' title='bbox 591 2233 923 2310; x_wconf 83' lang='grc' dir='ltr'>μητροπόλει</span> <span class='ocrx_word' id='word_1_270' title='bbox 958 2239 1062 2290; x_wconf 83' lang='grc' dir='ltr'><strong>τῶν</strong></span> <span class='ocrx_word' id='word_1_271' title='bbox 1094 2234 1304 2290; x_wconf 81' lang='grc' dir='ltr'>οἰκείων</span> <span class='ocrx_word' id='word_1_272' title='bbox 1335 2233 1578 2298; x_wconf 86' lang='grc' dir='ltr'>δικαιων,</span> 
     </span>
    </p>
   </div>
   <div class='ocr_carea' id='block_1_40' title="bbox 394 2320 1725 2402">
    <p class='ocr_par' dir='ltr' id='par_1_40' title="bbox 394 2320 1725 2402">
     <span class='ocr_line' id='line_1_40' title="bbox 394 2320 1725 2402; baseline 0.001 -22"><span class='ocrx_word' id='word_1_273' title='bbox 394 2388 415 2402; x_wconf 78' lang='lat'>_</span> <span class='ocrx_word' id='word_1_274' title='bbox 532 2320 758 2380; x_wconf 71' lang='lat' dir='ltr'><strong>26v0’8oo</strong></span> <span class='ocrx_word' id='word_1_275' title='bbox 791 2324 1011 2388; x_wconf 80' lang='grc' dir='ltr'>Νικαίας</span> <span class='ocrx_word' id='word_1_276' title='bbox 1041 2325 1103 2380; x_wconf 81' lang='grc' dir='ltr'>τὸ</span> <span class='ocrx_word' id='word_1_277' title='bbox 1135 2323 1396 2400; x_wconf 81' lang='grc' dir='ltr'>δεύτερον,</span> <span class='ocrx_word' id='word_1_278' title='bbox 1429 2326 1607 2382; x_wconf 84' lang='grc' dir='ltr'>κανὼν</span> <span class='ocrx_word' id='word_1_279' title='bbox 1638 2328 1725 2386; x_wconf 85' lang='grc' dir='ltr'>ιε’.</span> 
     </span>
    </p>
   </div>
   <div class='ocr_carea' id='block_1_41' title="bbox 419 2401 1864 2482">
    <p class='ocr_par' dir='ltr' id='par_1_41' title="bbox 419 2401 1864 2482">
     <span class='ocr_line' id='line_1_41' title="bbox 419 2401 1864 2482; baseline 0 -20"><span class='ocrx_word' id='word_1_280' title='bbox 419 2414 510 2462; x_wconf 90' lang='grc' dir='ltr'>Οτι</span> <span class='ocrx_word' id='word_1_281' title='bbox 541 2407 602 2463; x_wconf 74' lang='grc' dir='ltr'>οὗ</span> <span class='ocrx_word' id='word_1_282' title='bbox 634 2401 719 2460; x_wconf 76' lang='grc' dir='ltr'>δεῖ</span> <span class='ocrx_word' id='word_1_283' title='bbox 749 2405 1002 2482; x_wconf 80' lang='grc' dir='ltr'>κληρικὸν</span> <span class='ocrx_word' id='word_1_284' title='bbox 1039 2405 1093 2460; x_wconf 86' lang='grc' dir='ltr'><strong>ἐν</strong></span> <span class='ocrx_word' id='word_1_285' title='bbox 1151 2402 1291 2462; x_wconf 78' lang='grc' dir='ltr'>δυσὶν</span> <span class='ocrx_word' id='word_1_286' title='bbox 1337 2403 1646 2472; x_wconf 76' lang='grc' dir='ltr'>ἐκκλησίαις</span> <span class='ocrx_word' id='word_1_287' title='bbox 1690 2427 1864 2464; x_wconf 82' lang='grc' dir='ltr'>κατα-</span> 
     </span>
    </p>
   </div>
   <div class='ocr_carea' id='block_1_42' title="bbox 974 2484 1278 2544">
    <p class='ocr_par' dir='ltr' id='par_1_42' title="bbox 974 2484 1278 2544">
     <span class='ocr_line' id='line_1_42' title="bbox 974 2484 1278 2544; baseline 0.013 -4"><span class='ocrx_word' id='word_1_288' title='bbox 974 2484 1278 2544; x_wconf 85' lang='grc' dir='ltr'>τάττεσθαι.</span> 
     </span>
    </p>
   </div>
   <div class='ocr_carea' id='block_1_43' title="bbox 407 2572 1950 2652">
    <p class='ocr_par' dir='ltr' id='par_1_43' title="bbox 407 2572 1950 2652">
     <span class='ocr_line' id='line_1_43' title="bbox 407 2572 1950 2652; baseline 0.003 -22"><span class='ocrx_word' id='word_1_289' title='bbox 407 2572 498 2632; x_wconf 86' lang='grc' dir='ltr'><strong>ιεέ</strong></span> <span class='ocrx_word' id='word_1_290' title='bbox 543 2573 804 2651; x_wconf 72' lang='grc' dir='ltr'>Κληρικὲς</span> <span class='ocrx_word' id='word_1_291' title='bbox 837 2574 944 2630; x_wconf 75' lang='grc' dir='ltr'>ἀπὸ</span> <span class='ocrx_word' id='word_1_292' title='bbox 972 2581 1067 2632; x_wconf 84' lang='lat'><strong>106</strong></span> <span class='ocrx_word' id='word_1_293' title='bbox 1094 2577 1380 2652; x_wconf 71' lang='grc' dir='ltr'>παρόντος,</span> <span class='ocrx_word' id='word_1_294' title='bbox 1419 2576 1497 2651; x_wconf 81' lang='grc' dir='ltr'>μὴ</span> <span class='ocrx_word' id='word_1_295' title='bbox 1539 2577 1950 2635; x_wconf 84' lang='grc' dir='ltr'>καταταττὲσθω</span> 
     </span>
    </p>
   </div>
   <div class='ocr_carea' id='block_1_44' title="bbox 316 2663 1947 2746">
    <p class='ocr_par' dir='ltr' id='par_1_44' title="bbox 316 2663 1947 2746">
     <span class='ocr_line' id='line_1_44' title="bbox 316 2663 1947 2746; baseline 0 -24"><span class='ocrx_word' id='word_1_296' title='bbox 316 2666 373 2722; x_wconf 68' lang='grc' dir='ltr'>ἂν</span> <span class='ocrx_word' id='word_1_297' title='bbox 417 2663 552 2724; x_wconf 79' lang='grc' dir='ltr'>δυσὶν</span> <span class='ocrx_word' id='word_1_298' title='bbox 611 2663 920 2729; x_wconf 73' lang='grc' dir='ltr'>ἐκκλησίαις</span> <span class='ocrx_word' id='word_1_299' title='bbox 957 2680 971 2695; x_wconf 87' lang='grc'><strong><em>⁸</em></strong></span> <span class='ocrx_word' id='word_1_300' title='bbox 1029 2663 1286 2742; x_wconf 75' lang='grc' dir='ltr'>ὶμπορίας</span> <span class='ocrx_word' id='word_1_301' title='bbox 1330 2666 1428 2742; x_wconf 77' lang='grc' dir='ltr'><strong>γὰρ</strong></span> <span class='ocrx_word' id='word_1_302' title='bbox 1473 2668 1562 2722; x_wconf 85' lang='grc' dir='ltr'><strong>καὶ</strong></span> <span class='ocrx_word' id='word_1_303' title='bbox 1618 2669 1947 2746; x_wconf 75' lang='grc' dir='ltr'>αἰσχροκερ-</span> 
     </span>
    </p>
   </div>
   <div class='ocr_carea' id='block_1_45' title="bbox 311 2751 1947 2831">
    <p class='ocr_par' dir='ltr' id='par_1_45' title="bbox 311 2751 1947 2831">
     <span class='ocr_line' id='line_1_45' title="bbox 311 2751 1947 2831; baseline 0.001 -21"><span class='ocrx_word' id='word_1_304' title='bbox 311 2753 455 2818; x_wconf 85' lang='grc' dir='ltr'>δείας</span> <span class='ocrx_word' id='word_1_305' title='bbox 514 2751 652 2809; x_wconf 79' lang='grc' dir='ltr'>ἴδιον</span> <span class='ocrx_word' id='word_1_306' title='bbox 693 2752 872 2831; x_wconf 76' lang='grc' dir='ltr'>τοῦτο,</span> <span class='ocrx_word' id='word_1_307' title='bbox 905 2753 993 2809; x_wconf 83' lang='grc' dir='ltr'><strong>καὶ</strong></span> <span class='ocrx_word' id='word_1_308' title='bbox 1026 2751 1306 2828; x_wconf 76' lang='grc' dir='ltr'>ἀλλότριον</span> <span class='ocrx_word' id='word_1_309' title='bbox 1333 2754 1786 2824; x_wconf 83' lang='grc' dir='ltr'>ἐκκλησιαστικῆς</span> <span class='ocrx_word' id='word_1_310' title='bbox 1818 2779 1947 2814; x_wconf 81' lang='grc' dir='ltr'>συν-</span> 
     </span>
    </p>
   </div>
   <div class='ocr_carea' id='block_1_46' title="bbox 312 2833 1948 2921">
    <p class='ocr_par' dir='ltr' id='par_1_46' title="bbox 312 2833 1948 2921">
     <span class='ocr_line' id='line_1_46' title="bbox 312 2833 1948 2921; baseline -0.001 -21"><span class='ocrx_word' id='word_1_311' title='bbox 312 2844 517 2911; x_wconf 82' lang='grc' dir='ltr'>ηθείας,</span> <span class='ocrx_word' id='word_1_312' title='bbox 583 2833 918 2916; x_wconf 75' lang='grc' dir='ltr'>Ἠκούσαμεν</span> <span class='ocrx_word' id='word_1_313' title='bbox 998 2843 1097 2921; x_wconf 81' lang='grc' dir='ltr'>γὰρ</span> <span class='ocrx_word' id='word_1_314' title='bbox 1171 2841 1222 2908; x_wconf 75' lang='grc' dir='ltr'>ἐξ</span> <span class='ocrx_word' id='word_1_315' title='bbox 1302 2847 1465 2911; x_wconf 66' lang='grc' dir='ltr'>αὐτῆς</span> <span class='ocrx_word' id='word_1_316' title='bbox 1521 2851 1620 2912; x_wconf 81' lang='grc' dir='ltr'>τῆς</span> <span class='ocrx_word' id='word_1_317' title='bbox 1684 2848 1948 2919; x_wconf 68' lang='grc' dir='ltr'>Κοριακῆς</span> 
     </span>
    </p>
   </div>
   <div class='ocr_carea' id='block_1_47' title="bbox 311 2930 1946 3013">
    <p class='ocr_par' dir='ltr' id='par_1_47' title="bbox 311 2930 1946 3013">
     <span class='ocr_line' id='line_1_47' title="bbox 311 2930 1946 3013; baseline -0.021 -21"><span class='ocrx_word' id='word_1_318' title='bbox 311 2939 524 3013; x_wconf 77' lang='grc' dir='ltr'>φωνῆς,</span> <span class='ocrx_word' id='word_1_319' title='bbox 555 2932 636 2988; x_wconf 74' lang='grc' dir='ltr'><strong>δτι</strong></span> <span class='ocrx_word' id='word_1_320' title='bbox 667 2935 727 2990; x_wconf 71' lang='grc' dir='ltr'>οὔ</span> <span class='ocrx_word' id='word_1_321' title='bbox 759 2930 973 2988; x_wconf 80' lang='grc' dir='ltr'>δύναται</span> <span class='ocrx_word' id='word_1_322' title='bbox 1005 2952 1087 2996; x_wconf 85' lang='grc' dir='ltr'><strong>τις</strong></span> <span class='ocrx_word' id='word_1_323' title='bbox 1119 2930 1230 2989; x_wconf 76' lang='grc' dir='ltr'>δυσὶ</span> <span class='ocrx_word' id='word_1_324' title='bbox 1261 2935 1456 3010; x_wconf 67' lang='grc' dir='ltr'>κυρίοις</span> <span class='ocrx_word' id='word_1_325' title='bbox 1515 2934 1776 2994; x_wconf 57' lang='grc' dir='ltr'><strong>δουλεύειν</strong></span> <span class='ocrx_word' id='word_1_326' title='bbox 1810 2979 1826 2997; x_wconf 50' lang='grc'><strong>⁹</strong></span> <span class='ocrx_word' id='word_1_327' title='bbox 1872 2937 1946 2993; x_wconf 74' lang='grc' dir='ltr'><strong>τνΗ</strong></span> 
     </span>
    </p>
   </div>
   <div class='ocr_carea' id='block_1_48' title="bbox 307 3021 1948 3102">
    <p class='ocr_par' dir='ltr' id='par_1_48' title="bbox 307 3021 1948 3102">
     <span class='ocr_line' id='line_1_48' title="bbox 307 3021 1948 3102; baseline 0.002 -23"><span class='ocrx_word' id='word_1_328' title='bbox 307 3025 410 3101; x_wconf 80' lang='grc' dir='ltr'>γὰρ</span> <span class='ocrx_word' id='word_1_329' title='bbox 464 3026 556 3079; x_wconf 81' lang='grc' dir='ltr'>τὸν</span> <span class='ocrx_word' id='word_1_330' title='bbox 591 3021 682 3078; x_wconf 70' lang='grc' dir='ltr'>ἕνα</span> <span class='ocrx_word' id='word_1_331' title='bbox 730 3023 949 3096; x_wconf 79' lang='grc' dir='ltr'>μισήσει</span> <span class='ocrx_word' id='word_1_332' title='bbox 1006 3023 1095 3078; x_wconf 88' lang='grc' dir='ltr'><strong>καὶ</strong></span> <span class='ocrx_word' id='word_1_333' title='bbox 1137 3023 1226 3078; x_wconf 82' lang='grc' dir='ltr'><strong>τὸν</strong></span> <span class='ocrx_word' id='word_1_334' title='bbox 1283 3022 1460 3101; x_wconf 77' lang='grc' dir='ltr'>ἕτερον</span> <span class='ocrx_word' id='word_1_335' title='bbox 1515 3025 1810 3102; x_wconf 81' lang='grc' dir='ltr'>ἀγαπήσει,</span> <span class='ocrx_word' id='word_1_336' title='bbox 1856 3034 1948 3084; x_wconf 82' lang='grc' dir='ltr'>τοῦ</span> 
     </span>
    </p>
   </div>
   <div class='ocr_carea' id='block_1_49' title="bbox 304 3111 1939 3192">
    <p class='ocr_par' dir='ltr' id='par_1_49' title="bbox 304 3111 1939 3192">
     <span class='ocr_line' id='line_1_49' title="bbox 304 3111 1939 3192; baseline 0.002 -23"><span class='ocrx_word' id='word_1_337' title='bbox 304 3114 425 3177; x_wconf 81' lang='grc' dir='ltr'>ἐνὸς</span> <span class='ocrx_word' id='word_1_338' title='bbox 473 3112 766 3190; x_wconf 77' lang='grc' dir='ltr'>ἀνθέξεται,</span> <span class='ocrx_word' id='word_1_339' title='bbox 797 3111 884 3167; x_wconf 89' lang='grc' dir='ltr'><strong>καὶ</strong></span> <span class='ocrx_word' id='word_1_340' title='bbox 939 3120 1030 3169; x_wconf 82' lang='grc' dir='ltr'>τοῦ</span> <span class='ocrx_word' id='word_1_341' title='bbox 1074 3112 1251 3188; x_wconf 77' lang='grc' dir='ltr'>ἐτέρου</span> <span class='ocrx_word' id='word_1_342' title='bbox 1309 3117 1702 3192; x_wconf 74' lang='grc' dir='ltr'>καταφρονήσει</span> <span class='ocrx_word' id='word_1_343' title='bbox 1735 3133 1749 3146; x_wconf 91' lang='grc'><strong>·</strong></span> <span class='ocrx_word' id='word_1_344' title='bbox 1811 3116 1939 3172; x_wconf 74' lang='grc' dir='ltr'>ἕκα·</span> 
     </span>
    </p>
   </div>
   <div class='ocr_carea' id='block_1_50' title="bbox 301 3200 1938 3280">
    <p class='ocr_par' dir='ltr' id='par_1_50' title="bbox 301 3200 1938 3280">
     <span class='ocr_line' id='line_1_50' title="bbox 301 3200 1938 3280; baseline 0.001 -21"><span class='ocrx_word' id='word_1_345' title='bbox 301 3225 428 3268; x_wconf 80' lang='grc' dir='ltr'>στος</span> <span class='ocrx_word' id='word_1_346' title='bbox 471 3203 582 3277; x_wconf 72' lang='grc' dir='ltr'>οὖν,</span> <span class='ocrx_word' id='word_1_347' title='bbox 617 3203 753 3260; x_wconf 79' lang='grc' dir='ltr'>κατὰ</span> <span class='ocrx_word' id='word_1_348' title='bbox 797 3207 895 3268; x_wconf 78' lang='grc' dir='ltr'>τήν</span> <span class='ocrx_word' id='word_1_349' title='bbox 926 3200 1289 3270; x_wconf 74' lang='grc' dir='ltr'>ἀποστολικὴν</span> <span class='ocrx_word' id='word_1_350' title='bbox 1321 3205 1526 3280; x_wconf 74' lang='grc' dir='ltr'>φωνὴν,</span> <span class='ocrx_word' id='word_1_351' title='bbox 1562 3204 1616 3259; x_wconf 82' lang='grc' dir='ltr'><strong>ἐν</strong></span> <span class='ocrx_word' id='word_1_352' title='bbox 1647 3208 1691 3279; x_wconf 83' lang='grc' dir='ltr'>ᾧ</span> <span class='ocrx_word' id='word_1_353' title='bbox 1713 3205 1938 3279; x_wconf 77' lang='grc' dir='ltr'>ἐκλήθη,</span> 
     </span>
    </p>
   </div>
   <div class='ocr_carea' id='block_1_51' title="bbox 302 3291 1944 3372">
    <p class='ocr_par' dir='ltr' id='par_1_51' title="bbox 302 3291 1944 3372">
     <span class='ocr_line' id='line_1_51' title="bbox 302 3291 1944 3372; baseline 0.002 -24"><span class='ocrx_word' id='word_1_354' title='bbox 302 3293 359 3349; x_wconf 84' lang='grc' dir='ltr'><strong>ἐν</strong></span> <span class='ocrx_word' id='word_1_355' title='bbox 430 3293 602 3366; x_wconf 70' lang='grc' dir='ltr'>τούτῳ</span> <span class='ocrx_word' id='word_1_356' title='bbox 659 3291 857 3371; x_wconf 56' lang='grc' dir='ltr'>ὀρείλει</span> <span class='ocrx_word' id='word_1_357' title='bbox 903 3291 1083 3366; x_wconf 81' lang='grc' dir='ltr'>μένειν</span> <span class='ocrx_word' id='word_1_358' title='bbox 1140 3293 1229 3348; x_wconf 83' lang='grc' dir='ltr'><strong>καὶ</strong></span> <span class='ocrx_word' id='word_1_359' title='bbox 1301 3291 1673 3372; x_wconf 71' lang='grc' dir='ltr'>προσεδρεύειν</span> <span class='ocrx_word' id='word_1_360' title='bbox 1733 3296 1786 3351; x_wconf 79' lang='grc' dir='ltr'><strong>ἐν</strong></span> <span class='ocrx_word' id='word_1_361' title='bbox 1847 3302 1944 3370; x_wconf 77' lang='grc' dir='ltr'><strong>μιᾷ</strong></span> 
     </span>
    </p>
   </div>
   <div class='ocr_carea' id='block_1_52' title="bbox 301 3377 1937 3460">
    <p class='ocr_par' dir='ltr' id='par_1_52' title="bbox 301 3377 1937 3460">
     <span class='ocr_line' id='line_1_52' title="bbox 301 3377 1937 3460; baseline 0.001 -22"><span class='ocrx_word' id='word_1_362' title='bbox 301 3381 587 3455; x_wconf 72' lang='grc' dir='ltr'>ἐκκλησίᾳ.</span> <span class='ocrx_word' id='word_1_363' title='bbox 651 3383 726 3439; x_wconf 80' lang='grc' dir='ltr'><strong>Τὰ</strong></span> <span class='ocrx_word' id='word_1_364' title='bbox 772 3382 870 3459; x_wconf 66' lang='grc' dir='ltr'>γὰρ</span> <span class='ocrx_word' id='word_1_365' title='bbox 901 3377 968 3436; x_wconf 80' lang='grc' dir='ltr'><strong>δι’</strong></span> <span class='ocrx_word' id='word_1_366' title='bbox 1013 3379 1454 3459; x_wconf 69' lang='grc' dir='ltr'>αἰσχροκέρδειαν</span> <span class='ocrx_word' id='word_1_367' title='bbox 1517 3385 1772 3460; x_wconf 78' lang='grc' dir='ltr'>γινόμενα</span> <span class='ocrx_word' id='word_1_368' title='bbox 1846 3385 1937 3441; x_wconf 61' lang='grc' dir='ltr'>ἐπὶ</span> 
     </span>
    </p>
   </div>
   <div class='ocr_carea' id='block_1_53' title="bbox 299 3469 1944 3547">
    <p class='ocr_par' dir='ltr' id='par_1_53' title="bbox 299 3469 1944 3547">
     <span class='ocr_line' id='line_1_53' title="bbox 299 3469 1944 3547; baseline 0.002 -19"><span class='ocrx_word' id='word_1_369' title='bbox 299 3479 411 3530; x_wconf 69' lang='grc' dir='ltr'><strong>τῶν</strong></span> <span class='ocrx_word' id='word_1_370' title='bbox 456 3469 916 3537; x_wconf 80' lang='grc' dir='ltr'>ἐκκλησιαστικῶν</span> <span class='ocrx_word' id='word_1_371' title='bbox 958 3470 1314 3547; x_wconf 79' lang='grc' dir='ltr'>πραγμάτων,</span> <span class='ocrx_word' id='word_1_372' title='bbox 1361 3469 1617 3544; x_wconf 83' lang='grc' dir='ltr'>ἀλλότρια</span> <span class='ocrx_word' id='word_1_373' title='bbox 1673 3480 1766 3530; x_wconf 80' lang='grc' dir='ltr'>τοῦ</span> <span class='ocrx_word' id='word_1_374' title='bbox 1814 3481 1944 3532; x_wconf 80' lang='grc' dir='ltr'>Θεοῦ</span> 
     </span>
    </p>
   </div>
   <div class='ocr_carea' id='block_1_54' title="bbox 301 3557 1940 3642">
    <p class='ocr_par' dir='ltr' id='par_1_54' title="bbox 301 3557 1940 3642">
     <span class='ocr_line' id='line_1_54' title="bbox 301 3557 1940 3642; baseline 0.001 -27"><span class='ocrx_word' id='word_1_375' title='bbox 301 3560 666 3628; x_wconf 73' lang='grc' dir='ltr'>καθεστήκασι</span> <span class='ocrx_word' id='word_1_376' title='bbox 704 3575 719 3592; x_wconf 91' lang='grc'><strong>·</strong></span> <span class='ocrx_word' id='word_1_377' title='bbox 779 3559 909 3633; x_wconf 81' lang='grc' dir='ltr'>πρὸς</span> <span class='ocrx_word' id='word_1_378' title='bbox 966 3557 1020 3613; x_wconf 79' lang='grc' dir='ltr'>δὲ</span> <span class='ocrx_word' id='word_1_379' title='bbox 1061 3559 1157 3626; x_wconf 80' lang='grc' dir='ltr'><strong>τὴν</strong></span> <span class='ocrx_word' id='word_1_380' title='bbox 1217 3567 1310 3617; x_wconf 89' lang='lat'><strong>106</strong></span> <span class='ocrx_word' id='word_1_381' title='bbox 1351 3560 1467 3634; x_wconf 77' lang='grc' dir='ltr'>βίου</span> <span class='ocrx_word' id='word_1_382' title='bbox 1509 3562 1696 3617; x_wconf 80' lang='grc' dir='ltr'>τούτου</span> <span class='ocrx_word' id='word_1_383' title='bbox 1727 3563 1940 3642; x_wconf 69' lang='grc' dir='ltr'>χρείαν,</span> 
     </span>
    </p>
   </div>
   <div class='ocr_carea' id='block_1_55' title="bbox 306 3647 1943 3728">
    <p class='ocr_par' dir='ltr' id='par_1_55' title="bbox 306 3647 1943 3728">
     <span class='ocr_line' id='line_1_55' title="bbox 306 3647 1943 3728; baseline 0.002 -23"><span class='ocrx_word' id='word_1_384' title='bbox 306 3647 705 3722; x_wconf 76' lang='grc' dir='ltr'>ἰπιτηδεύματα</span> <span class='ocrx_word' id='word_1_385' title='bbox 761 3649 858 3704; x_wconf 81' lang='grc' dir='ltr'><strong>είσί</strong></span> <span class='ocrx_word' id='word_1_386' title='bbox 920 3647 1135 3728; x_wconf 76' lang='grc' dir='ltr'>διάφορα</span> <span class='ocrx_word' id='word_1_387' title='bbox 1171 3668 1185 3683; x_wconf 79' lang='grc'><strong><em>⁸</em></strong></span> <span class='ocrx_word' id='word_1_388' title='bbox 1231 3647 1284 3714; x_wconf 77' lang='grc' dir='ltr'>ἐξ</span> <span class='ocrx_word' id='word_1_389' title='bbox 1331 3648 1501 3704; x_wconf 75' lang='grc' dir='ltr'>αὒτῶν</span> <span class='ocrx_word' id='word_1_390' title='bbox 1563 3651 1616 3706; x_wconf 81' lang='grc' dir='ltr'><strong>εἴ</strong></span> <span class='ocrx_word' id='word_1_391' title='bbox 1674 3674 1752 3718; x_wconf 83' lang='grc' dir='ltr'><strong>τις</strong></span> <span class='ocrx_word' id='word_1_392' title='bbox 1811 3654 1943 3728; x_wconf 77' lang='grc' dir='ltr'>βού-</span> 
     </span>
    </p>
   </div>
   <div class='ocr_carea' id='block_1_56' title="bbox 309 3738 1942 3822">
    <p class='ocr_par' dir='ltr' id='par_1_56' title="bbox 309 3738 1942 3822">
     <span class='ocr_line' id='line_1_56' title="bbox 309 3738 1942 3822; baseline 0.003 -27"><span class='ocrx_word' id='word_1_393' title='bbox 309 3743 481 3817; x_wconf 82' lang='grc' dir='ltr'>λοιτο,</span> <span class='ocrx_word' id='word_1_394' title='bbox 547 3741 613 3794; x_wconf 78' lang='grc' dir='ltr'>τὰ</span> <span class='ocrx_word' id='word_1_395' title='bbox 669 3738 909 3818; x_wconf 76' lang='grc' dir='ltr'>χρειώδη</span> <span class='ocrx_word' id='word_1_396' title='bbox 970 3745 1062 3795; x_wconf 82' lang='grc' dir='ltr'><strong>τοῦ</strong></span> <span class='ocrx_word' id='word_1_397' title='bbox 1119 3738 1368 3813; x_wconf 85' lang='grc' dir='ltr'>σώματος</span> <span class='ocrx_word' id='word_1_398' title='bbox 1428 3740 1740 3819; x_wconf 77' lang='grc' dir='ltr'>ποριζὲσθω.</span> <span class='ocrx_word' id='word_1_399' title='bbox 1796 3743 1942 3822; x_wconf 77' lang='grc' dir='ltr'>’Ἔφη</span> 
     </span>
    </p>
   </div>
   <div class='ocr_carea' id='block_1_57' title="bbox 306 3825 1942 3908">
    <p class='ocr_par' dir='ltr' id='par_1_57' title="bbox 306 3825 1942 3908">
     <span class='ocr_line' id='line_1_57' title="bbox 306 3825 1942 3908; baseline 0.001 -22"><span class='ocrx_word' id='word_1_400' title='bbox 306 3831 407 3908; x_wconf 75' lang='grc' dir='ltr'><strong>γὰρ</strong></span> <span class='ocrx_word' id='word_1_401' title='bbox 449 3831 476 3884; x_wconf 83' lang='grc' dir='ltr'>ὁ</span> <span class='ocrx_word' id='word_1_402' title='bbox 523 3825 876 3903; x_wconf 80' lang='grc' dir='ltr'>Ἀπόστολος,</span> <span class='ocrx_word' id='word_1_403' title='bbox 915 3828 1050 3891; x_wconf 78' lang='grc' dir='ltr'>Ταῖς</span> <span class='ocrx_word' id='word_1_404' title='bbox 1095 3829 1303 3907; x_wconf 80' lang='grc' dir='ltr'>χρείαις</span> <span class='ocrx_word' id='word_1_405' title='bbox 1348 3852 1452 3902; x_wconf 83' lang='grc' dir='ltr'>μου</span> <span class='ocrx_word' id='word_1_406' title='bbox 1508 3832 1593 3888; x_wconf 83' lang='grc' dir='ltr'><strong>καὶ</strong></span> <span class='ocrx_word' id='word_1_407' title='bbox 1651 3845 1770 3895; x_wconf 77' lang='grc' dir='ltr'>τοῖς</span> <span class='ocrx_word' id='word_1_408' title='bbox 1828 3833 1942 3888; x_wconf 74' lang='grc' dir='ltr'>οὖσι</span> 
     </span>
    </p>
   </div>
   <div class='ocr_carea' id='block_1_58' title="bbox 305 3919 1947 3998">
    <p class='ocr_par' dir='ltr' id='par_1_58' title="bbox 305 3919 1947 3998">
     <span class='ocr_line' id='line_1_58' title="bbox 305 3919 1947 3998; baseline 0.002 -23"><span class='ocrx_word' id='word_1_409' title='bbox 305 3919 427 3988; x_wconf 81' lang='grc' dir='ltr'>μετ’</span> <span class='ocrx_word' id='word_1_410' title='bbox 476 3923 628 3994; x_wconf 69' lang='grc' dir='ltr'><strong>ἒμοῦ,</strong></span> <span class='ocrx_word' id='word_1_411' title='bbox 663 3919 1008 3996; x_wconf 83' lang='grc' dir='ltr'>ὑπηρέτησαν</span> <span class='ocrx_word' id='word_1_412' title='bbox 1041 3921 1091 3974; x_wconf 75' lang='grc' dir='ltr'>αἱ</span> <span class='ocrx_word' id='word_1_413' title='bbox 1123 3933 1310 3998; x_wconf 78' lang='grc' dir='ltr'>χεῖρες</span> <span class='ocrx_word' id='word_1_414' title='bbox 1372 3921 1524 3978; x_wconf 75' lang='grc' dir='ltr'>αὗται</span> <span class='ocrx_word' id='word_1_415' title='bbox 1561 3936 1576 3953; x_wconf 87' lang='grc'>⁶</span> <span class='ocrx_word' id='word_1_416' title='bbox 1636 3924 1724 3979; x_wconf 78' lang='grc' dir='ltr'><strong>καὶ</strong></span> <span class='ocrx_word' id='word_1_417' title='bbox 1783 3931 1947 3981; x_wconf 82' lang='grc' dir='ltr'>ταῦτα</span> 
     </span>
    </p>
   </div>
   <div class='ocr_carea' id='block_1_59' title="bbox 305 4006 1946 4086">
    <p class='ocr_par' dir='ltr' id='par_1_59' title="bbox 305 4006 1946 4086">
     <span class='ocr_line' id='line_1_59' title="bbox 305 4006 1946 4086; baseline 0.002 -22"><span class='ocrx_word' id='word_1_418' title='bbox 305 4009 405 4084; x_wconf 78' lang='grc' dir='ltr'>μὲν</span> <span class='ocrx_word' id='word_1_419' title='bbox 437 4009 492 4064; x_wconf 70' lang='grc' dir='ltr'><strong>ἐν</strong></span> <span class='ocrx_word' id='word_1_420' title='bbox 521 4009 689 4084; x_wconf 74' lang='grc' dir='ltr'>ταύτῃ</span> <span class='ocrx_word' id='word_1_421' title='bbox 731 4009 800 4084; x_wconf 78' lang='grc' dir='ltr'><strong>τῇ</strong></span> <span class='ocrx_word' id='word_1_422' title='bbox 843 4006 1187 4086; x_wconf 73' lang='grc' dir='ltr'>θεοφυλάκτῷ</span> <span class='ocrx_word' id='word_1_423' title='bbox 1219 4008 1371 4066; x_wconf 84' lang='grc' dir='ltr'>πόλει</span> <span class='ocrx_word' id='word_1_424' title='bbox 1408 4025 1421 4039; x_wconf 87' lang='grc'><strong>⁹</strong></span> <span class='ocrx_word' id='word_1_425' title='bbox 1473 4011 1528 4065; x_wconf 81' lang='grc' dir='ltr'><strong>ἐν</strong></span> <span class='ocrx_word' id='word_1_426' title='bbox 1577 4009 1630 4066; x_wconf 82' lang='grc' dir='ltr'>δὲ</span> <span class='ocrx_word' id='word_1_427' title='bbox 1676 4025 1793 4076; x_wconf 74' lang='grc' dir='ltr'>τοῖς</span> <span class='ocrx_word' id='word_1_428' title='bbox 1847 4011 1946 4077; x_wconf 77' lang='grc' dir='ltr'><strong>ἔξω</strong></span> 
     </span>
    </p>
   </div>
   <div class='ocr_carea' id='block_1_60' title="bbox 302 4095 1943 4181">
    <p class='ocr_par' dir='ltr' id='par_1_60' title="bbox 302 4095 1943 4181">
     <span class='ocr_line' id='line_1_60' title="bbox 302 4095 1943 4181; baseline 0.002 -28"><span class='ocrx_word' id='word_1_429' title='bbox 302 4098 528 4178; x_wconf 84' lang='grc' dir='ltr'>χωρίοις</span> <span class='ocrx_word' id='word_1_430' title='bbox 579 4095 665 4153; x_wconf 80' lang='grc' dir='ltr'><strong>διὰ</strong></span> <span class='ocrx_word' id='word_1_431' title='bbox 718 4097 818 4164; x_wconf 82' lang='grc' dir='ltr'><strong>τὴν</strong></span> <span class='ocrx_word' id='word_1_432' title='bbox 868 4095 1112 4173; x_wconf 76' lang='grc' dir='ltr'>ἔλλειψιν</span> <span class='ocrx_word' id='word_1_433' title='bbox 1161 4104 1265 4155; x_wconf 86' lang='grc' dir='ltr'><strong>τῶν</strong></span> <span class='ocrx_word' id='word_1_434' title='bbox 1313 4099 1628 4181; x_wconf 80' lang='grc' dir='ltr'><strong>ἀνθρώπων³</strong></span> <span class='ocrx_word' id='word_1_435' title='bbox 1675 4123 1943 4181; x_wconf 87' lang='grc' dir='ltr'>παραχω-</span> 
     </span>
    </p>
   </div>
   <div class='ocr_carea' id='block_1_61' title="bbox 304 4190 516 4268">
    <p class='ocr_par' dir='ltr' id='par_1_61' title="bbox 304 4190 516 4268">
     <span class='ocr_line' id='line_1_61' title="bbox 304 4190 516 4268; baseline 0.005 -24"><span class='ocrx_word' id='word_1_436' title='bbox 304 4190 516 4268; x_wconf 85' lang='grc' dir='ltr'>ρείσθω,</span> 
     </span>
    </p>
   </div>
   <div class='ocr_carea' id='block_1_62' title="bbox 386 4269 1943 4359">
    <p class='ocr_par' dir='ltr' id='par_1_62' title="bbox 386 4269 1943 4359">
     <span class='ocr_line' id='line_1_62' title="bbox 386 4269 1943 4359; baseline 0.003 -25"><span class='ocrx_word' id='word_1_437' title='bbox 386 4269 448 4334; x_wconf 70' lang='grc' dir='ltr'><strong><em>Ἠ</em></strong></span> <span class='ocrx_word' id='word_1_438' title='bbox 506 4277 893 4341; x_wconf 68' lang='grc' dir='ltr'>Ἐλενόποντος</span> <span class='ocrx_word' id='word_1_439' title='bbox 950 4275 1040 4334; x_wconf 66' lang='grc' dir='ltr'>δύο</span> <span class='ocrx_word' id='word_1_440' title='bbox 1083 4277 1477 4354; x_wconf 89' lang='grc' dir='ltr'>μετροπολίτας</span> <span class='ocrx_word' id='word_1_441' title='bbox 1531 4279 1648 4359; x_wconf 81' lang='grc' dir='ltr'>ἔχει</span> <span class='ocrx_word' id='word_1_442' title='bbox 1681 4283 1754 4346; x_wconf 84' lang='grc' dir='ltr'>ὡς</span> <span class='ocrx_word' id='word_1_443' title='bbox 1784 4281 1817 4348; x_wconf 80' lang='grc' dir='ltr'><strong>ἡ</strong></span> <span class='ocrx_word' id='word_1_444' title='bbox 1851 4280 1943 4350; x_wconf 85' lang='grc' dir='ltr'>κη’</span> 
     </span>
    </p>
   </div>
   <div class='ocr_carea' id='block_1_63' title="bbox 300 4365 1940 4449">
    <p class='ocr_par' dir='ltr' id='par_1_63' title="bbox 300 4365 1940 4449">
     <span class='ocr_line' id='line_1_63' title="bbox 300 4365 1940 4449; baseline 0.001 -25"><span class='ocrx_word' id='word_1_445' title='bbox 300 4369 464 4446; x_wconf 82' lang='grc' dir='ltr'>νεαρά</span> <span class='ocrx_word' id='word_1_446' title='bbox 497 4385 511 4399; x_wconf 90' lang='grc'><strong>·</strong></span> <span class='ocrx_word' id='word_1_447' title='bbox 567 4371 602 4436; x_wconf 74' lang='grc' dir='ltr'><strong>ἡ</strong></span> <span class='ocrx_word' id='word_1_448' title='bbox 648 4367 994 4448; x_wconf 76' lang='grc' dir='ltr'>Παφλαγονία</span> <span class='ocrx_word' id='word_1_449' title='bbox 1051 4365 1354 4446; x_wconf 66' lang='grc' dir='ltr'>διαφόρους,</span> <span class='ocrx_word' id='word_1_450' title='bbox 1391 4371 1464 4432; x_wconf 84' lang='grc' dir='ltr'><strong>ὡς</strong></span> <span class='ocrx_word' id='word_1_451' title='bbox 1495 4371 1529 4436; x_wconf 82' lang='grc' dir='ltr'><strong>ἡ</strong></span> <span class='ocrx_word' id='word_1_452' title='bbox 1593 4369 1672 4426; x_wconf 85' lang='grc' dir='ltr'>κθ⁹</span> <span class='ocrx_word' id='word_1_453' title='bbox 1733 4372 1893 4449; x_wconf 84' lang='grc' dir='ltr'>νεαρά</span> <span class='ocrx_word' id='word_1_454' title='bbox 1925 4391 1940 4408; x_wconf 79' lang='grc' dir='ltr'><strong>ο</strong></span> 
     </span>
    </p>
   </div>
   <div class='ocr_carea' id='block_1_64' title="bbox 299 4457 1941 4536">
    <p class='ocr_par' dir='ltr' id='par_1_64' title="bbox 299 4457 1941 4536">
     <span class='ocr_line' id='line_1_64' title="bbox 299 4457 1941 4536; baseline 0.001 -21"><span class='ocrx_word' id='word_1_455' title='bbox 299 4460 452 4527; x_wconf 81' lang='grc' dir='ltr'>καὶὴ</span> <span class='ocrx_word' id='word_1_456' title='bbox 486 4459 688 4536; x_wconf 77' lang='grc' dir='ltr'>Φρυγία</span> <span class='ocrx_word' id='word_1_457' title='bbox 743 4457 1085 4536; x_wconf 76' lang='grc' dir='ltr'>Καπατιανὴ,</span> <span class='ocrx_word' id='word_1_458' title='bbox 1137 4459 1226 4516; x_wconf 85' lang='grc' dir='ltr'><strong>καὶ</strong></span> <span class='ocrx_word' id='word_1_459' title='bbox 1278 4459 1311 4525; x_wconf 74' lang='grc' dir='ltr'>ἡ</span> <span class='ocrx_word' id='word_1_460' title='bbox 1372 4457 1584 4536; x_wconf 74' lang='grc' dir='ltr'>δευτέρα</span> <span class='ocrx_word' id='word_1_461' title='bbox 1651 4461 1941 4518; x_wconf 83' lang='grc' dir='ltr'>Καππαδο-</span> 
     </span>
    </p>
   </div>
   <div class='ocr_carea' id='block_1_65' title="bbox 2033 1870 3677 1953">
    <p class='ocr_par' dir='ltr' id='par_1_65' title="bbox 2033 1870 3677 1953">
     <span class='ocr_line' id='line_1_65' title="bbox 2033 1870 3677 1953; baseline 0.002 -23"><span class='ocrx_word' id='word_1_462' title='bbox 2033 1889 2272 1950; x_wconf 89' lang='lat' dir='ltr'><strong>cunque</strong></span> <span class='ocrx_word' id='word_1_463' title='bbox 2303 1881 2502 1933; x_wconf 87' lang='lat' dir='ltr'><strong>autem</strong></span> <span class='ocrx_word' id='word_1_464' title='bbox 2539 1870 2810 1933; x_wconf 74' lang='lat' dir='ltr'><strong>civitates</strong></span> <span class='ocrx_word' id='word_1_465' title='bbox 2845 1889 2953 1952; x_wconf 87' lang='lat' dir='ltr'><strong>per</strong></span> <span class='ocrx_word' id='word_1_466' title='bbox 2999 1873 3228 1934; x_wconf 90' lang='lat' dir='ltr'><strong>litteras</strong></span> <span class='ocrx_word' id='word_1_467' title='bbox 3257 1871 3677 1953; x_wconf 77' lang='lat' dir='ltr'><strong>imperatorias</strong></span> 
     </span>
    </p>
   </div>
   <div class='ocr_carea' id='block_1_66' title="bbox 2035 1960 3678 2041">
    <p class='ocr_par' dir='ltr' id='par_1_66' title="bbox 2035 1960 3678 2041">
     <span class='ocr_line' id='line_1_66' title="bbox 2035 1960 3678 2041; baseline -0.001 -20"><span class='ocrx_word' id='word_1_468' title='bbox 2035 1961 2388 2040; x_wconf 88' lang='lat' dir='ltr'><strong>metropolis</strong></span> <span class='ocrx_word' id='word_1_469' title='bbox 2446 1960 2692 2023; x_wconf 89' lang='lat' dir='ltr'><strong>nomine</strong></span> <span class='ocrx_word' id='word_1_470' title='bbox 2749 1961 3057 2023; x_wconf 65' lang='lat' dir='ltr'><strong>honoratae</strong></span> <span class='ocrx_word' id='word_1_471' title='bbox 3085 1969 3247 2041; x_wconf 88' lang='lat' dir='ltr'><strong>sunt,</strong></span> <span class='ocrx_word' id='word_1_472' title='bbox 3282 1961 3412 2022; x_wconf 87' lang='lat' dir='ltr'><strong>solo</strong></span> <span class='ocrx_word' id='word_1_473' title='bbox 3444 1960 3678 2020; x_wconf 87' lang='lat' dir='ltr'><strong>honore</strong></span> 
     </span>
    </p>
   </div>
   <div class='ocr_carea' id='block_1_67' title="bbox 2034 2049 3679 2131">
    <p class='ocr_par' dir='ltr' id='par_1_67' title="bbox 2034 2049 3679 2131">
     <span class='ocr_line' id='line_1_67' title="bbox 2034 2049 3679 2131; baseline -0.001 -21"><span class='ocrx_word' id='word_1_474' title='bbox 2034 2050 2332 2123; x_wconf 80' lang='lat' dir='ltr'><strong>fruantur,</strong></span> <span class='ocrx_word' id='word_1_475' title='bbox 2395 2060 2455 2112; x_wconf 94' lang='lat' dir='ltr'><strong>et</strong></span> <span class='ocrx_word' id='word_1_476' title='bbox 2533 2052 2637 2131; x_wconf 82' lang='lat' dir='ltr'><strong>qui</strong></span> <span class='ocrx_word' id='word_1_477' title='bbox 2697 2052 2830 2130; x_wconf 87' lang='lat' dir='ltr'><strong>ejus</strong></span> <span class='ocrx_word' id='word_1_478' title='bbox 2905 2049 3237 2113; x_wconf 75' lang='lat' dir='ltr'><strong>Ecclesium</strong></span> <span class='ocrx_word' id='word_1_479' title='bbox 3295 2049 3679 2110; x_wconf 89' lang='lat' dir='ltr'><strong>administrat</strong></span> 
     </span>
    </p>
   </div>
   <div class='ocr_carea' id='block_1_68' title="bbox 2031 2137 3680 2221">
    <p class='ocr_par' dir='ltr' id='par_1_68' title="bbox 2031 2137 3680 2221">
     <span class='ocr_line' id='line_1_68' title="bbox 2031 2137 3680 2221; baseline -0.002 -20"><span class='ocrx_word' id='word_1_480' title='bbox 2031 2141 2375 2221; x_wconf 86' lang='lat' dir='ltr'><strong>episcopus,</strong></span> <span class='ocrx_word' id='word_1_481' title='bbox 2433 2150 2675 2202; x_wconf 86' lang='lat' dir='ltr'><strong>servato</strong></span> <span class='ocrx_word' id='word_1_482' title='bbox 2727 2140 2965 2204; x_wconf 84' lang='lat' dir='ltr'><strong>scilicet</strong></span> <span class='ocrx_word' id='word_1_483' title='bbox 2998 2157 3160 2202; x_wconf 67' lang='lat' dir='ltr'><strong>verte</strong></span> <span class='ocrx_word' id='word_1_484' title='bbox 3188 2137 3541 2218; x_wconf 88' lang='lat' dir='ltr'><strong>metropolis</strong></span> <span class='ocrx_word' id='word_1_485' title='bbox 3570 2155 3680 2200; x_wconf 86' lang='lat' dir='ltr'><strong>suo</strong></span> 
     </span>
    </p>
   </div>
   <div class='ocr_carea' id='block_1_69' title="bbox 2025 2248 2184 2309">
    <p class='ocr_par' dir='ltr' id='par_1_69' title="bbox 2025 2248 2184 2309">
     <span class='ocr_line' id='line_1_69' title="bbox 2025 2248 2184 2309; baseline 0.019 -18"><span class='ocrx_word' id='word_1_486' title='bbox 2025 2248 2184 2309; x_wconf 78' lang='lat' dir='ltr'><strong>jure.</strong></span> 
     </span>
    </p>
   </div>
   <div class='ocr_carea' id='block_1_70' title="bbox 2261 2317 3446 2382">
    <p class='ocr_par' dir='ltr' id='par_1_70' title="bbox 2261 2317 3446 2382">
     <span class='ocr_line' id='line_1_70' title="bbox 2261 2317 3446 2382; baseline -0.003 -1"><span class='ocrx_word' id='word_1_487' title='bbox 2261 2317 2528 2381; x_wconf 76' lang='lat' dir='ltr'><strong>Concilit&#39;</strong></span> <span class='ocrx_word' id='word_1_488' title='bbox 2556 2317 2793 2382; x_wconf 72' lang='lat' dir='ltr'><strong>Niccnt</strong></span> <span class='ocrx_word' id='word_1_489' title='bbox 2822 2318 3074 2381; x_wconf 78' lang='lat' dir='ltr'><strong>secundi</strong></span> <span class='ocrx_word' id='word_1_490' title='bbox 3105 2336 3307 2380; x_wconf 88' lang='lat' dir='ltr'><strong>canon</strong></span> <span class='ocrx_word' id='word_1_491' title='bbox 3340 2318 3446 2380; x_wconf 79' lang='lat' dir='ltr'><strong>l5.</strong></span> 
     </span>
    </p>
   </div>
   <div class='ocr_carea' id='block_1_71' title="bbox 2034 2397 3676 2463">
    <p class='ocr_par' dir='ltr' id='par_1_71' title="bbox 2034 2397 3676 2463">
     <span class='ocr_line' id='line_1_71' title="bbox 2034 2397 3676 2463; baseline -0.002 0"><span class='ocrx_word' id='word_1_492' title='bbox 2034 2398 2304 2463; x_wconf 72' lang='lat' dir='ltr'><strong>Clericus</strong></span> <span class='ocrx_word' id='word_1_493' title='bbox 2345 2403 2415 2461; x_wconf 74' lang='lat' dir='ltr'><strong>in</strong></span> <span class='ocrx_word' id='word_1_494' title='bbox 2443 2401 2679 2463; x_wconf 87' lang='lat' dir='ltr'><strong>duabus</strong></span> <span class='ocrx_word' id='word_1_495' title='bbox 2707 2398 2976 2462; x_wconf 73' lang='lat' dir='ltr'><strong>ecclesiis</strong></span> <span class='ocrx_word' id='word_1_496' title='bbox 3007 2416 3130 2462; x_wconf 87' lang='lat' dir='ltr'><strong>non</strong></span> <span class='ocrx_word' id='word_1_497' title='bbox 3159 2398 3452 2462; x_wconf 77' lang='lat' dir='ltr'><strong>collocari</strong></span> <span class='ocrx_word' id='word_1_498' title='bbox 3481 2397 3676 2462; x_wconf 82' lang='lat' dir='ltr'><strong>debet.</strong></span> 
     </span>
    </p>
   </div>
   <div class='ocr_carea' id='block_1_72' title="bbox 2118 2576 3677 2658">
    <p class='ocr_par' dir='ltr' id='par_1_72' title="bbox 2118 2576 3677 2658">
     <span class='ocr_line' id='line_1_72' title="bbox 2118 2576 3677 2658; baseline 0 -20"><span class='ocrx_word' id='word_1_499' title='bbox 2118 2578 2216 2638; x_wconf 82' lang='grc'><strong>15.</strong></span> <span class='ocrx_word' id='word_1_500' title='bbox 2250 2577 2523 2640; x_wconf 86' lang='lat' dir='ltr'><strong>Clericus</strong></span> <span class='ocrx_word' id='word_1_501' title='bbox 2553 2576 2627 2639; x_wconf 86' lang='lat' dir='ltr'><strong>ab</strong></span> <span class='ocrx_word' id='word_1_502' title='bbox 2660 2578 2774 2639; x_wconf 86' lang='lat' dir='ltr'><strong>hoc</strong></span> <span class='ocrx_word' id='word_1_503' title='bbox 2804 2576 3096 2657; x_wconf 89' lang='lat' dir='ltr'><strong>deinceps</strong></span> <span class='ocrx_word' id='word_1_504' title='bbox 3123 2585 3398 2658; x_wconf 90' lang='lat' dir='ltr'><strong>tempore</strong></span> <span class='ocrx_word' id='word_1_505' title='bbox 3429 2580 3488 2640; x_wconf 90' lang='lat' dir='ltr'><strong>in</strong></span> <span class='ocrx_word' id='word_1_506' title='bbox 3523 2577 3677 2639; x_wconf 87' lang='lat' dir='ltr'><strong>dua-</strong></span> 
     </span>
    </p>
   </div>
   <div class='ocr_carea' id='block_1_73' title="bbox 2033 2665 3678 2745">
    <p class='ocr_par' dir='ltr' id='par_1_73' title="bbox 2033 2665 3678 2745">
     <span class='ocr_line' id='line_1_73' title="bbox 2033 2665 3678 2745; baseline -0.002 -17"><span class='ocrx_word' id='word_1_507' title='bbox 2033 2665 2146 2728; x_wconf 89' lang='lat' dir='ltr'><strong>bus</strong></span> <span class='ocrx_word' id='word_1_508' title='bbox 2178 2667 2458 2729; x_wconf 87' lang='lat' dir='ltr'><strong>ecclesiis</strong></span> <span class='ocrx_word' id='word_1_509' title='bbox 2508 2685 2630 2728; x_wconf 89' lang='lat' dir='ltr'><strong>non</strong></span> <span class='ocrx_word' id='word_1_510' title='bbox 2663 2667 3018 2730; x_wconf 90' lang='lat' dir='ltr'><strong>collocetur.</strong></span> <span class='ocrx_word' id='word_1_511' title='bbox 3049 2665 3178 2729; x_wconf 82' lang='lat' dir='ltr'><strong>Hoc</strong></span> <span class='ocrx_word' id='word_1_512' title='bbox 3215 2667 3374 2730; x_wconf 90' lang='lat' dir='ltr'><strong>enim</strong></span> <span class='ocrx_word' id='word_1_513' title='bbox 3400 2675 3462 2730; x_wconf 90' lang='lat' dir='ltr'><strong>et</strong></span> <span class='ocrx_word' id='word_1_514' title='bbox 3486 2685 3678 2745; x_wconf 78' lang='lat' dir='ltr'><strong>nego-</strong></span> 
     </span>
    </p>
   </div>
   <div class='ocr_carea' id='block_1_74' title="bbox 2032 2757 3678 2838">
    <p class='ocr_par' dir='ltr' id='par_1_74' title="bbox 2032 2757 3678 2838">
     <span class='ocr_line' id='line_1_74' title="bbox 2032 2757 3678 2838; baseline 0 -20"><span class='ocrx_word' id='word_1_515' title='bbox 2032 2757 2296 2818; x_wconf 88' lang='lat' dir='ltr'><strong>tiationis</strong></span> <span class='ocrx_word' id='word_1_516' title='bbox 2325 2767 2386 2818; x_wconf 90' lang='lat' dir='ltr'><strong>et</strong></span> <span class='ocrx_word' id='word_1_517' title='bbox 2416 2757 2606 2836; x_wconf 88' lang='lat' dir='ltr'><strong>turpis</strong></span> <span class='ocrx_word' id='word_1_518' title='bbox 2636 2757 2788 2819; x_wconf 90' lang='lat' dir='ltr'><strong>lucri</strong></span> <span class='ocrx_word' id='word_1_519' title='bbox 2821 2758 3225 2838; x_wconf 79' lang='lat' dir='ltr'><strong>proprium,et</strong></span> <span class='ocrx_word' id='word_1_520' title='bbox 3253 2757 3328 2819; x_wconf 86' lang='lat' dir='ltr'><strong>ab</strong></span> <span class='ocrx_word' id='word_1_521' title='bbox 3351 2757 3678 2820; x_wconf 83' lang='lat' dir='ltr'><strong>ecclesias-</strong></span> 
     </span>
    </p>
   </div>
   <div class='ocr_carea' id='block_1_75' title="bbox 2035 2844 3676 2928">
    <p class='ocr_par' dir='ltr' id='par_1_75' title="bbox 2035 2844 3676 2928">
     <span class='ocr_line' id='line_1_75' title="bbox 2035 2844 3676 2928; baseline 0.001 -22"><span class='ocrx_word' id='word_1_522' title='bbox 2035 2846 2151 2908; x_wconf 90' lang='lat' dir='ltr'><strong>tica</strong></span> <span class='ocrx_word' id='word_1_523' title='bbox 2182 2844 2618 2907; x_wconf 88' lang='lat' dir='ltr'><strong>consuetudine</strong></span> <span class='ocrx_word' id='word_1_524' title='bbox 2639 2847 2933 2910; x_wconf 90' lang='lat' dir='ltr'><strong>alienum.</strong></span> <span class='ocrx_word' id='word_1_525' title='bbox 2966 2846 3060 2910; x_wconf 84' lang='lat' dir='ltr'><strong>Ab</strong></span> <span class='ocrx_word' id='word_1_526' title='bbox 3082 2847 3212 2928; x_wconf 86' lang='lat' dir='ltr'><strong>ipsa</strong></span> <span class='ocrx_word' id='word_1_527' title='bbox 3242 2845 3402 2909; x_wconf 92' lang='lat' dir='ltr'><strong>enim</strong></span> <span class='ocrx_word' id='word_1_528' title='bbox 3437 2846 3676 2908; x_wconf 86' lang='lat' dir='ltr'><strong>Domini</strong></span> 
     </span>
    </p>
   </div>
   <div class='ocr_carea' id='block_1_76' title="bbox 2031 2934 3676 3018">
    <p class='ocr_par' dir='ltr' id='par_1_76' title="bbox 2031 2934 3676 3018">
     <span class='ocr_line' id='line_1_76' title="bbox 2031 2934 3676 3018; baseline 0.002 -23"><span class='ocrx_word' id='word_1_529' title='bbox 2031 2953 2176 2997; x_wconf 90' lang='lat' dir='ltr'><strong>voce</strong></span> <span class='ocrx_word' id='word_1_530' title='bbox 2207 2934 2546 2997; x_wconf 86' lang='lat' dir='ltr'><strong>audivimus</strong></span> <span class='ocrx_word' id='word_1_531' title='bbox 2570 2956 2688 2998; x_wconf 91' lang='lat' dir='ltr'><strong>non</strong></span> <span class='ocrx_word' id='word_1_532' title='bbox 2715 2955 2895 3016; x_wconf 90' lang='lat' dir='ltr'><strong>posse</strong></span> <span class='ocrx_word' id='word_1_533' title='bbox 2927 2937 3268 3018; x_wconf 89' lang='lat' dir='ltr'><strong>quempiam</strong></span> <span class='ocrx_word' id='word_1_534' title='bbox 3298 2935 3534 3000; x_wconf 88' lang='lat' dir='ltr'><strong>duobus</strong></span> <span class='ocrx_word' id='word_1_535' title='bbox 3561 2936 3676 2998; x_wconf 91' lang='lat' dir='ltr'><strong>do-</strong></span> 
     </span>
    </p>
   </div>
   <div class='ocr_carea' id='block_1_77' title="bbox 2032 3025 3677 3100">
    <p class='ocr_par' dir='ltr' id='par_1_77' title="bbox 2032 3025 3677 3100">
     <span class='ocr_line' id='line_1_77' title="bbox 2032 3025 3677 3100; baseline 0.002 -16"><span class='ocrx_word' id='word_1_536' title='bbox 2032 3025 2213 3087; x_wconf 90' lang='lat' dir='ltr'><strong>minis</strong></span> <span class='ocrx_word' id='word_1_537' title='bbox 2243 3026 2472 3086; x_wconf 84' lang='lat' dir='ltr'><strong>servire</strong></span> <span class='ocrx_word' id='word_1_538' title='bbox 2510 3043 2523 3088; x_wconf 93' lang='lat'>:</span> <span class='ocrx_word' id='word_1_539' title='bbox 2567 3025 2668 3088; x_wconf 83' lang='lat' dir='ltr'><strong>Vel</strong></span> <span class='ocrx_word' id='word_1_540' title='bbox 2719 3029 2876 3089; x_wconf 75' lang='lat' dir='ltr'><strong>enim</strong></span> <span class='ocrx_word' id='word_1_541' title='bbox 2924 3043 3111 3087; x_wconf 85' lang='lat' dir='ltr'><strong>unum</strong></span> <span class='ocrx_word' id='word_1_542' title='bbox 3143 3026 3284 3088; x_wconf 74' lang='lat' dir='ltr'><strong>odio</strong></span> <span class='ocrx_word' id='word_1_543' title='bbox 3319 3026 3576 3100; x_wconf 78' lang='lat' dir='ltr'><strong>habebit,</strong></span> <span class='ocrx_word' id='word_1_544' title='bbox 3620 3033 3677 3087; x_wconf 81' lang='lat' dir='ltr'><strong>et</strong></span> 
     </span>
    </p>
   </div>
   <div class='ocr_carea' id='block_1_78' title="bbox 2031 3113 3675 3194">
    <p class='ocr_par' dir='ltr' id='par_1_78' title="bbox 2031 3113 3675 3194">
     <span class='ocr_line' id='line_1_78' title="bbox 2031 3113 3675 3194; baseline 0.001 -19"><span class='ocrx_word' id='word_1_545' title='bbox 2031 3115 2295 3176; x_wconf 79' lang='lat' dir='ltr'><strong>alterum</strong></span> <span class='ocrx_word' id='word_1_546' title='bbox 2327 3113 2544 3194; x_wconf 77' lang='lat' dir='ltr'><strong>diliget</strong></span> <span class='ocrx_word' id='word_1_547' title='bbox 2580 3135 2593 3174; x_wconf 90' lang='lat'><strong>:</strong></span> <span class='ocrx_word' id='word_1_548' title='bbox 2629 3122 2735 3178; x_wconf 84' lang='lat' dir='ltr'><strong>aut</strong></span> <span class='ocrx_word' id='word_1_549' title='bbox 2764 3133 2955 3178; x_wconf 78' lang='lat' dir='ltr'><strong>unum</strong></span> <span class='ocrx_word' id='word_1_550' title='bbox 2977 3115 3381 3190; x_wconf 77' lang='lat' dir='ltr'><strong>sustinebit,et</strong></span> <span class='ocrx_word' id='word_1_551' title='bbox 3411 3115 3675 3176; x_wconf 86' lang='lat' dir='ltr'><strong>alterum</strong></span> 
     </span>
    </p>
   </div>
   <div class='ocr_carea' id='block_1_79' title="bbox 2027 3204 3674 3286">
    <p class='ocr_par' dir='ltr' id='par_1_79' title="bbox 2027 3204 3674 3286">
     <span class='ocr_line' id='line_1_79' title="bbox 2027 3204 3674 3286; baseline 0.001 -22"><span class='ocrx_word' id='word_1_552' title='bbox 2027 3212 2358 3266; x_wconf 79' lang='lat' dir='ltr'><strong>contemnet</strong></span> <span class='ocrx_word' id='word_1_553' title='bbox 2376 3204 2462 3267; x_wconf 80' lang='grc'><strong>66.</strong></span> <span class='ocrx_word' id='word_1_554' title='bbox 2499 3204 2927 3286; x_wconf 78' lang='lat' dir='ltr'><strong>Unusquisque</strong></span> <span class='ocrx_word' id='word_1_555' title='bbox 2954 3221 3118 3284; x_wconf 82' lang='lat' dir='ltr'><strong>ergo,</strong></span> <span class='ocrx_word' id='word_1_556' title='bbox 3148 3213 3212 3265; x_wconf 91' lang='lat' dir='ltr'><strong>ut</strong></span> <span class='ocrx_word' id='word_1_557' title='bbox 3236 3222 3348 3265; x_wconf 83' lang='lat' dir='ltr'><strong>vox</strong></span> <span class='ocrx_word' id='word_1_558' title='bbox 3374 3213 3464 3266; x_wconf 90' lang='lat' dir='ltr'><strong>est</strong></span> <span class='ocrx_word' id='word_1_559' title='bbox 3491 3222 3674 3285; x_wconf 87' lang='lat' dir='ltr'><strong>apos-</strong></span> 
     </span>
    </p>
   </div>
   <div class='ocr_carea' id='block_1_80' title="bbox 2029 3292 3673 3374">
    <p class='ocr_par' dir='ltr' id='par_1_80' title="bbox 2029 3292 3673 3374">
     <span class='ocr_line' id='line_1_80' title="bbox 2029 3292 3673 3374; baseline 0.001 -21"><span class='ocrx_word' id='word_1_560' title='bbox 2029 3292 2228 3366; x_wconf 90' lang='lat' dir='ltr'><strong>tolica,</strong></span> <span class='ocrx_word' id='word_1_561' title='bbox 2263 3296 2328 3355; x_wconf 77' lang='lat' dir='ltr'><strong>in</strong></span> <span class='ocrx_word' id='word_1_562' title='bbox 2359 3312 2452 3368; x_wconf 91' lang='lat' dir='ltr'><strong>eo,</strong></span> <span class='ocrx_word' id='word_1_563' title='bbox 2488 3296 2554 3355; x_wconf 75' lang='lat' dir='ltr'><strong>in</strong></span> <span class='ocrx_word' id='word_1_564' title='bbox 2591 3312 2707 3374; x_wconf 86' lang='lat' dir='ltr'><strong>quo</strong></span> <span class='ocrx_word' id='word_1_565' title='bbox 2737 3303 2986 3358; x_wconf 86' lang='lat' dir='ltr'><strong>vocatus</strong></span> <span class='ocrx_word' id='word_1_566' title='bbox 3015 3302 3125 3368; x_wconf 80' lang='lat' dir='ltr'><strong>est,</strong></span> <span class='ocrx_word' id='word_1_567' title='bbox 3177 3294 3352 3356; x_wconf 84' lang='lat' dir='ltr'><strong>debet</strong></span> <span class='ocrx_word' id='word_1_568' title='bbox 3406 3311 3673 3368; x_wconf 83' lang='lat' dir='ltr'><strong>manere,</strong></span> 
     </span>
    </p>
   </div>
   <div class='ocr_carea' id='block_1_81' title="bbox 2027 3381 3678 3464">
    <p class='ocr_par' dir='ltr' id='par_1_81' title="bbox 2027 3381 3678 3464">
     <span class='ocr_line' id='line_1_81' title="bbox 2027 3381 3678 3464; baseline 0.001 -22"><span class='ocrx_word' id='word_1_569' title='bbox 2027 3387 2085 3443; x_wconf 85' lang='lat' dir='ltr'><strong>et</strong></span> <span class='ocrx_word' id='word_1_570' title='bbox 2113 3383 2178 3443; x_wconf 79' lang='lat' dir='ltr'><strong>in</strong></span> <span class='ocrx_word' id='word_1_571' title='bbox 2202 3400 2326 3444; x_wconf 81' lang='lat' dir='ltr'><strong>una</strong></span> <span class='ocrx_word' id='word_1_572' title='bbox 2344 3383 2601 3445; x_wconf 73' lang='lat' dir='ltr'><strong>ecclesia</strong></span> <span class='ocrx_word' id='word_1_573' title='bbox 2631 3383 2903 3445; x_wconf 75' lang='lat' dir='ltr'><strong>assidere</strong></span> <span class='ocrx_word' id='word_1_574' title='bbox 2929 3382 3014 3442; x_wconf 82' lang='grc'><strong>6⁷.</strong></span> <span class='ocrx_word' id='word_1_575' title='bbox 3049 3381 3192 3455; x_wconf 56' lang='lat' dir='ltr'><strong>Quae</strong></span> <span class='ocrx_word' id='word_1_576' title='bbox 3222 3382 3384 3445; x_wconf 92' lang='lat' dir='ltr'><strong>enim</strong></span> <span class='ocrx_word' id='word_1_577' title='bbox 3435 3390 3678 3464; x_wconf 89' lang='lat' dir='ltr'><strong>propter</strong></span> 
     </span>
    </p>
   </div>
   <div class='ocr_carea' id='block_1_82' title="bbox 2029 3470 3676 3551">
    <p class='ocr_par' dir='ltr' id='par_1_82' title="bbox 2029 3470 3676 3551">
     <span class='ocr_line' id='line_1_82' title="bbox 2029 3470 3676 3551; baseline 0.002 -20"><span class='ocrx_word' id='word_1_578' title='bbox 2029 3478 2203 3551; x_wconf 88' lang='lat' dir='ltr'><strong>turpe</strong></span> <span class='ocrx_word' id='word_1_579' title='bbox 2232 3470 2466 3533; x_wconf 91' lang='lat' dir='ltr'><strong>lucrum</strong></span> <span class='ocrx_word' id='word_1_580' title='bbox 2495 3481 2636 3533; x_wconf 83' lang='lat' dir='ltr'><strong>sunt</strong></span> <span class='ocrx_word' id='word_1_581' title='bbox 2667 3474 2726 3533; x_wconf 90' lang='lat' dir='ltr'><strong>in</strong></span> <span class='ocrx_word' id='word_1_582' title='bbox 2766 3472 3197 3534; x_wconf 87' lang='lat' dir='ltr'><strong>ecclesiasticis</strong></span> <span class='ocrx_word' id='word_1_583' title='bbox 3230 3470 3510 3549; x_wconf 83' lang='lat' dir='ltr'><strong>negotiis,</strong></span> <span class='ocrx_word' id='word_1_584' title='bbox 3543 3490 3614 3533; x_wconf 85' lang='lat' dir='ltr'><strong>ea</strong></span> <span class='ocrx_word' id='word_1_585' title='bbox 3641 3490 3676 3533; x_wconf 89' lang='lat' dir='ltr'><strong>a</strong></span> 
     </span>
    </p>
   </div>
   <div class='ocr_carea' id='block_1_83' title="bbox 2027 3559 3670 3640">
    <p class='ocr_par' dir='ltr' id='par_1_83' title="bbox 2027 3559 3670 3640">
     <span class='ocr_line' id='line_1_83' title="bbox 2027 3559 3670 3640; baseline 0 -20"><span class='ocrx_word' id='word_1_586' title='bbox 2027 3559 2148 3622; x_wconf 89' lang='lat' dir='ltr'><strong>Deo</strong></span> <span class='ocrx_word' id='word_1_587' title='bbox 2179 3568 2318 3621; x_wconf 90' lang='lat' dir='ltr'><strong>sunt</strong></span> <span class='ocrx_word' id='word_1_588' title='bbox 2365 3561 2586 3624; x_wconf 81' lang='lat' dir='ltr'><strong>aliena.</strong></span> <span class='ocrx_word' id='word_1_589' title='bbox 2639 3560 2732 3623; x_wconf 84' lang='lat' dir='ltr'><strong>Ad</strong></span> <span class='ocrx_word' id='word_1_590' title='bbox 2769 3561 2948 3640; x_wconf 88' lang='lat' dir='ltr'><strong>hujus</strong></span> <span class='ocrx_word' id='word_1_591' title='bbox 2979 3569 3178 3623; x_wconf 83' lang='lat' dir='ltr'><strong>autem</strong></span> <span class='ocrx_word' id='word_1_592' title='bbox 3213 3559 3344 3621; x_wconf 65' lang='lat' dir='ltr'><strong>vita;</strong></span> <span class='ocrx_word' id='word_1_593' title='bbox 3373 3559 3458 3620; x_wconf 83' lang='grc' dir='ltr'><strong>ϐι</strong></span> <span class='ocrx_word' id='word_1_594' title='bbox 3496 3578 3670 3622; x_wconf 88' lang='lat' dir='ltr'><strong>usum</strong></span> 
     </span>
    </p>
   </div>
   <div class='ocr_carea' id='block_1_84' title="bbox 2026 3647 3675 3729">
    <p class='ocr_par' dir='ltr' id='par_1_84' title="bbox 2026 3647 3675 3729">
     <span class='ocr_line' id='line_1_84' title="bbox 2026 3647 3675 3729; baseline 0 -19"><span class='ocrx_word' id='word_1_595' title='bbox 2026 3657 2166 3711; x_wconf 91' lang='lat' dir='ltr'><strong>sunt</strong></span> <span class='ocrx_word' id='word_1_596' title='bbox 2191 3649 2434 3712; x_wconf 89' lang='lat' dir='ltr'><strong>diversa</strong></span> <span class='ocrx_word' id='word_1_597' title='bbox 2467 3649 2668 3713; x_wconf 88' lang='lat' dir='ltr'><strong>studia</strong></span> <span class='ocrx_word' id='word_1_598' title='bbox 2705 3672 2718 3710; x_wconf 92' lang='lat'>:</span> <span class='ocrx_word' id='word_1_599' title='bbox 2756 3669 2826 3711; x_wconf 83' lang='lat' dir='ltr'><strong>ex</strong></span> <span class='ocrx_word' id='word_1_600' title='bbox 2859 3650 2934 3712; x_wconf 90' lang='lat' dir='ltr'><strong>iis</strong></span> <span class='ocrx_word' id='word_1_601' title='bbox 2964 3668 3132 3728; x_wconf 85' lang='lat' dir='ltr'><strong>ergo,</strong></span> <span class='ocrx_word' id='word_1_602' title='bbox 3167 3649 3218 3710; x_wconf 92' lang='lat' dir='ltr'><strong>si</strong></span> <span class='ocrx_word' id='word_1_603' title='bbox 3249 3647 3384 3729; x_wconf 89' lang='lat' dir='ltr'><strong>quis</strong></span> <span class='ocrx_word' id='word_1_604' title='bbox 3411 3648 3570 3727; x_wconf 90' lang='lat' dir='ltr'><strong>velit,</strong></span> <span class='ocrx_word' id='word_1_605' title='bbox 3605 3665 3675 3710; x_wconf 82' lang='lat' dir='ltr'><strong>ea</strong></span> 
     </span>
    </p>
   </div>
   <div class='ocr_carea' id='block_1_85' title="bbox 2026 3737 3669 3820">
    <p class='ocr_par' dir='ltr' id='par_1_85' title="bbox 2026 3737 3669 3820">
     <span class='ocr_line' id='line_1_85' title="bbox 2026 3737 3669 3820; baseline -0.002 -20"><span class='ocrx_word' id='word_1_606' title='bbox 2026 3758 2160 3819; x_wconf 66' lang='lat' dir='ltr'><strong>quae</strong></span> <span class='ocrx_word' id='word_1_607' title='bbox 2187 3748 2325 3801; x_wconf 92' lang='lat' dir='ltr'><strong>sunt</strong></span> <span class='ocrx_word' id='word_1_608' title='bbox 2357 3741 2629 3820; x_wconf 89' lang='lat' dir='ltr'><strong>corporis</strong></span> <span class='ocrx_word' id='word_1_609' title='bbox 2649 3740 2725 3801; x_wconf 90' lang='lat' dir='ltr'><strong>ad</strong></span> <span class='ocrx_word' id='word_1_610' title='bbox 2752 3757 2925 3802; x_wconf 85' lang='lat' dir='ltr'><strong>usum</strong></span> <span class='ocrx_word' id='word_1_611' title='bbox 2961 3737 3306 3801; x_wconf 84' lang='lat' dir='ltr'><strong>necessaria</strong></span> <span class='ocrx_word' id='word_1_612' title='bbox 3337 3746 3669 3816; x_wconf 88' lang='lat' dir='ltr'><strong>comparet.</strong></span> 
     </span>
    </p>
   </div>
   <div class='ocr_carea' id='block_1_86' title="bbox 2031 3828 3673 3910">
    <p class='ocr_par' dir='ltr' id='par_1_86' title="bbox 2031 3828 3673 3910">
     <span class='ocr_line' id='line_1_86' title="bbox 2031 3828 3673 3910; baseline -0.001 -20"><span class='ocrx_word' id='word_1_613' title='bbox 2031 3828 2188 3890; x_wconf 81' lang='lat' dir='ltr'><strong>Dixit</strong></span> <span class='ocrx_word' id='word_1_614' title='bbox 2219 3828 2380 3890; x_wconf 90' lang='lat' dir='ltr'><strong>enim</strong></span> <span class='ocrx_word' id='word_1_615' title='bbox 2413 3829 2762 3910; x_wconf 79' lang='lat' dir='ltr'><strong>Apostolus:</strong></span> <span class='ocrx_word' id='word_1_616' title='bbox 2802 3829 2950 3892; x_wconf 76' lang='grc' dir='ltr'>Πειιὶ</span> <span class='ocrx_word' id='word_1_617' title='bbox 2971 3847 3102 3891; x_wconf 85' lang='lat' dir='ltr'><strong>meo</strong></span> <span class='ocrx_word' id='word_1_618' title='bbox 3127 3836 3188 3890; x_wconf 82' lang='lat' dir='ltr'><strong>et</strong></span> <span class='ocrx_word' id='word_1_619' title='bbox 3209 3829 3289 3891; x_wconf 76' lang='lat' dir='ltr'><strong>tis</strong></span> <span class='ocrx_word' id='word_1_620' title='bbox 3316 3833 3424 3907; x_wconf 78' lang='lat' dir='ltr'><strong>qui</strong></span> <span class='ocrx_word' id='word_1_621' title='bbox 3444 3845 3673 3890; x_wconf 68' lang='lat' dir='ltr'><strong>mecum</strong></span> 
     </span>
    </p>
   </div>
   <div class='ocr_carea' id='block_1_87' title="bbox 2027 3916 3671 3982">
    <p class='ocr_par' dir='ltr' id='par_1_87' title="bbox 2027 3916 3671 3982">
     <span class='ocr_line' id='line_1_87' title="bbox 2027 3916 3671 3982; baseline -0.002 -1"><span class='ocrx_word' id='word_1_622' title='bbox 2027 3927 2168 3982; x_wconf 86' lang='lat' dir='ltr'><strong>sunt</strong></span> <span class='ocrx_word' id='word_1_623' title='bbox 2196 3917 2817 3982; x_wconf 76' lang='lat' dir='ltr'><strong>subministraverant</strong></span> <span class='ocrx_word' id='word_1_624' title='bbox 2873 3935 3096 3981; x_wconf 77' lang='lat' dir='ltr'><strong>manus</strong></span> <span class='ocrx_word' id='word_1_625' title='bbox 3126 3934 3272 3980; x_wconf 75' lang='lat' dir='ltr'><strong>meae</strong></span> <span class='ocrx_word' id='word_1_626' title='bbox 3295 3917 3381 3978; x_wconf 81' lang='grc'><strong>68.</strong></span> <span class='ocrx_word' id='word_1_627' title='bbox 3434 3916 3506 3978; x_wconf 87' lang='grc' dir='ltr'>Ει</span> <span class='ocrx_word' id='word_1_628' title='bbox 3558 3916 3671 3977; x_wconf 91' lang='lat' dir='ltr'><strong>hoc</strong></span> 
     </span>
    </p>
   </div>
   <div class='ocr_carea' id='block_1_88' title="bbox 2029 4005 3672 4090">
    <p class='ocr_par' dir='ltr' id='par_1_88' title="bbox 2029 4005 3672 4090">
     <span class='ocr_line' id='line_1_88' title="bbox 2029 4005 3672 4090; baseline -0.004 -19"><span class='ocrx_word' id='word_1_629' title='bbox 2029 4009 2269 4090; x_wconf 89' lang='lat' dir='ltr'><strong>quidem</strong></span> <span class='ocrx_word' id='word_1_630' title='bbox 2304 4007 2365 4068; x_wconf 92' lang='lat' dir='ltr'><strong>in</strong></span> <span class='ocrx_word' id='word_1_631' title='bbox 2399 4009 2508 4071; x_wconf 87' lang='lat' dir='ltr'><strong>hac</strong></span> <span class='ocrx_word' id='word_1_632' title='bbox 2540 4027 2574 4070; x_wconf 90' lang='lat' dir='ltr'><strong>a</strong></span> <span class='ocrx_word' id='word_1_633' title='bbox 2605 4011 2732 4072; x_wconf 87' lang='lat' dir='ltr'><strong>Deo</strong></span> <span class='ocrx_word' id='word_1_634' title='bbox 2764 4007 3064 4071; x_wconf 86' lang='lat' dir='ltr'><strong>custodita</strong></span> <span class='ocrx_word' id='word_1_635' title='bbox 3094 4008 3432 4071; x_wconf 77' lang='lat' dir='ltr'><strong>civitateJn</strong></span> <span class='ocrx_word' id='word_1_636' title='bbox 3466 4005 3538 4067; x_wconf 90' lang='lat' dir='ltr'><strong>iis</strong></span> <span class='ocrx_word' id='word_1_637' title='bbox 3569 4024 3672 4066; x_wconf 89' lang='lat' dir='ltr'><strong>au-</strong></span> 
     </span>
    </p>
   </div>
   <div class='ocr_carea' id='block_1_89' title="bbox 2028 4095 3671 4180">
    <p class='ocr_par' dir='ltr' id='par_1_89' title="bbox 2028 4095 3671 4180">
     <span class='ocr_line' id='line_1_89' title="bbox 2028 4095 3671 4180; baseline -0.002 -20"><span class='ocrx_word' id='word_1_638' title='bbox 2028 4107 2147 4161; x_wconf 90' lang='lat' dir='ltr'><strong>tem</strong></span> <span class='ocrx_word' id='word_1_639' title='bbox 2180 4118 2311 4180; x_wconf 68' lang='lat' dir='ltr'><strong>quae</strong></span> <span class='ocrx_word' id='word_1_640' title='bbox 2342 4107 2508 4160; x_wconf 86' lang='lat' dir='ltr'><strong>extra</strong></span> <span class='ocrx_word' id='word_1_641' title='bbox 2537 4107 2675 4160; x_wconf 88' lang='lat' dir='ltr'><strong>sunt</strong></span> <span class='ocrx_word' id='word_1_642' title='bbox 2706 4099 2874 4174; x_wconf 89' lang='lat' dir='ltr'><strong>locis,</strong></span> <span class='ocrx_word' id='word_1_643' title='bbox 2911 4106 3160 4179; x_wconf 89' lang='lat' dir='ltr'><strong>propter</strong></span> <span class='ocrx_word' id='word_1_644' title='bbox 3189 4097 3497 4158; x_wconf 89' lang='lat' dir='ltr'><strong>hominum</strong></span> <span class='ocrx_word' id='word_1_645' title='bbox 3531 4095 3671 4157; x_wconf 91' lang='lat' dir='ltr'><strong>ino-</strong></span> 
     </span>
    </p>
   </div>
   <div class='ocr_carea' id='block_1_90' title="bbox 2027 4187 2644 4269">
    <p class='ocr_par' dir='ltr' id='par_1_90' title="bbox 2027 4187 2644 4269">
     <span class='ocr_line' id='line_1_90' title="bbox 2027 4187 2644 4269; baseline 0 -21"><span class='ocrx_word' id='word_1_646' title='bbox 2027 4188 2212 4269; x_wconf 89' lang='lat' dir='ltr'><strong>piam,</strong></span> <span class='ocrx_word' id='word_1_647' title='bbox 2247 4187 2644 4268; x_wconf 87' lang='lat' dir='ltr'><strong>permittatur.</strong></span> 
     </span>
    </p>
   </div>
   <div class='ocr_carea' id='block_1_91' title="bbox 2071 4272 3666 4358">
    <p class='ocr_par' dir='ltr' id='par_1_91' title="bbox 2071 4272 3666 4358">
     <span class='ocr_line' id='line_1_91' title="bbox 2071 4272 3666 4358; baseline -0.003 -18"><span class='ocrx_word' id='word_1_648' title='bbox 2071 4277 2764 4358; x_wconf 70' lang='lat' dir='ltr'><strong>TextusHelenopontus</strong></span> <span class='ocrx_word' id='word_1_649' title='bbox 2778 4277 2926 4338; x_wconf 82' lang='lat' dir='ltr'><strong>duos</strong></span> <span class='ocrx_word' id='word_1_650' title='bbox 2949 4276 3444 4355; x_wconf 87' lang='lat' dir='ltr'><strong>metropolitanos</strong></span> <span class='ocrx_word' id='word_1_651' title='bbox 3460 4272 3666 4347; x_wconf 89' lang='lat' dir='ltr'><strong>habet,</strong></span> 
     </span>
    </p>
   </div>
   <div class='ocr_carea' id='block_1_92' title="bbox 2028 4364 3671 4446">
    <p class='ocr_par' dir='ltr' id='par_1_92' title="bbox 2028 4364 3671 4446">
     <span class='ocr_line' id='line_1_92' title="bbox 2028 4364 3671 4446; baseline -0.001 -18"><span class='ocrx_word' id='word_1_652' title='bbox 2028 4375 2091 4429; x_wconf 90' lang='lat' dir='ltr'><strong>ut</strong></span> <span class='ocrx_word' id='word_1_653' title='bbox 2111 4367 2188 4430; x_wconf 63' lang='lat'><strong>28</strong></span> <span class='ocrx_word' id='word_1_654' title='bbox 2205 4367 2452 4430; x_wconf 88' lang='lat' dir='ltr'><strong>Novella</strong></span> <span class='ocrx_word' id='word_1_655' title='bbox 2482 4367 2704 4445; x_wconf 84' lang='lat' dir='ltr'><strong>[tradit]</strong></span> <span class='ocrx_word' id='word_1_656' title='bbox 2733 4385 2745 4426; x_wconf 91' lang='lat'><strong>:</strong></span> <span class='ocrx_word' id='word_1_657' title='bbox 2773 4366 3176 4446; x_wconf 78' lang='lat' dir='ltr'><strong>Paphlagonia</strong></span> <span class='ocrx_word' id='word_1_658' title='bbox 3221 4365 3461 4438; x_wconf 87' lang='lat' dir='ltr'><strong>multos,</strong></span> <span class='ocrx_word' id='word_1_659' title='bbox 3501 4373 3564 4426; x_wconf 93' lang='lat' dir='ltr'><strong>ut</strong></span> <span class='ocrx_word' id='word_1_660' title='bbox 3593 4364 3671 4426; x_wconf 73' lang='grc'>29</span> 
     </span>
    </p>
   </div>
   <div class='ocr_carea' id='block_1_93' title="bbox 2027 4456 3673 4538">
    <p class='ocr_par' dir='ltr' id='par_1_93' title="bbox 2027 4456 3673 4538">
     <span class='ocr_line' id='line_1_93' title="bbox 2027 4456 3673 4538; baseline -0.002 -19"><span class='ocrx_word' id='word_1_661' title='bbox 2027 4456 2274 4520; x_wconf 88' lang='lat' dir='ltr'><strong>Novella</strong></span> <span class='ocrx_word' id='word_1_662' title='bbox 2305 4478 2318 4518; x_wconf 93' lang='lat'><strong>:</strong></span> <span class='ocrx_word' id='word_1_663' title='bbox 2357 4457 2502 4538; x_wconf 90' lang='lat' dir='ltr'><strong>[sic]</strong></span> <span class='ocrx_word' id='word_1_664' title='bbox 2521 4459 2695 4520; x_wconf 88' lang='lat' dir='ltr'><strong>etiam</strong></span> <span class='ocrx_word' id='word_1_665' title='bbox 2721 4456 2974 4536; x_wconf 76' lang='lat' dir='ltr'><strong>Phrygia</strong></span> <span class='ocrx_word' id='word_1_666' title='bbox 2996 4456 3408 4536; x_wconf 88' lang='lat' dir='ltr'><strong>Capatiana,et</strong></span> <span class='ocrx_word' id='word_1_667' title='bbox 3435 4456 3673 4534; x_wconf 82' lang='lat' dir='ltr'><strong>Cappa-</strong></span> 
     </span>
    </p>
   </div>
   <div class='ocr_carea' id='block_1_94' title="bbox 300 4532 1946 4627">
    <p class='ocr_par' dir='ltr' id='par_1_94' title="bbox 300 4546 1942 4610">
     <span class='ocr_line' id='line_1_94' title="bbox 300 4546 1942 4610; baseline 0.001 -6"><span class='ocrx_word' id='word_1_668' title='bbox 300 4549 390 4605; x_wconf 79' lang='grc' dir='ltr'><strong>κία</strong></span> <span class='ocrx_word' id='word_1_669' title='bbox 422 4564 437 4580; x_wconf 87' lang='grc'>⁶</span> <span class='ocrx_word' id='word_1_670' title='bbox 497 4548 616 4604; x_wconf 65' lang='grc' dir='ltr'>οὔτε</span> <span class='ocrx_word' id='word_1_671' title='bbox 679 4547 735 4604; x_wconf 72' lang='grc' dir='ltr'>δὲ</span> <span class='ocrx_word' id='word_1_672' title='bbox 777 4546 864 4604; x_wconf 80' lang='grc' dir='ltr'><strong>δύο</strong></span> <span class='ocrx_word' id='word_1_673' title='bbox 894 4546 1106 4603; x_wconf 86' lang='grc' dir='ltr'>πολεών</span> <span class='ocrx_word' id='word_1_674' title='bbox 1163 4569 1244 4610; x_wconf 88' lang='grc' dir='ltr'><strong>τις</strong></span> <span class='ocrx_word' id='word_1_675' title='bbox 1304 4551 1444 4604; x_wconf 78' lang='grc' dir='ltr'>εἶναι</span> <span class='ocrx_word' id='word_1_676' title='bbox 1476 4547 1689 4605; x_wconf 81' lang='grc' dir='ltr'>δύναται</span> <span class='ocrx_word' id='word_1_677' title='bbox 1721 4549 1942 4605; x_wconf 76' lang='grc' dir='ltr'>ἐπίσκο-</span> 
     </span>
    </p>
   </div>
   <div class='ocr_carea' id='block_1_95' title="bbox 2039 4532 3673 4627">
    <p class='ocr_par' dir='ltr' id='par_1_95' title="bbox 2039 4532 3673 4627">
     <span class='ocr_line' id='line_1_95' title="bbox 2039 4532 3673 4627; baseline -0.002 -17"><span class='ocrx_word' id='word_1_678' title='bbox 2039 4548 2201 4610; x_wconf 72' lang='lat' dir='ltr'><strong>docia</strong></span> <span class='ocrx_word' id='word_1_679' title='bbox 2223 4532 2512 4610; x_wconf 55' lang='lat' dir='ltr'><strong>seco—uda.</strong></span> <span class='ocrx_word' id='word_1_680' title='bbox 2547 4549 2758 4627; x_wconf 83' lang='lat' dir='ltr'><strong>Neque</strong></span> <span class='ocrx_word' id='word_1_681' title='bbox 2777 4532 3448 4607; x_wconf 40' lang='lat' dir='ltr'><strong>in-d&#39;uabus&#39;civitatibus</strong></span> <span class='ocrx_word' id='word_1_682' title='bbox 3476 4532 3673 4623; x_wconf 82' lang='lat' dir='ltr'><strong>potest</strong></span> 
     </span>
    </p>
   </div>
   <div class='ocr_carea' id='block_1_96' title="bbox 300 4636 1943 4715">
    <p class='ocr_par' dir='ltr' id='par_1_96' title="bbox 300 4636 1943 4715">
     <span class='ocr_line' id='line_1_96' title="bbox 300 4636 1943 4715; baseline -0.001 -20"><span class='ocrx_word' id='word_1_683' title='bbox 300 4660 402 4703; x_wconf 89' lang='grc' dir='ltr'><strong>πος</strong></span> <span class='ocrx_word' id='word_1_684' title='bbox 437 4655 450 4669; x_wconf 85' lang='grc'><strong><em>⁸</em></strong></span> <span class='ocrx_word' id='word_1_685' title='bbox 492 4636 747 4715; x_wconf 78' lang='grc' dir='ltr'>ἐξῄρηται</span> <span class='ocrx_word' id='word_1_686' title='bbox 780 4640 807 4693; x_wconf 72' lang='grc' dir='ltr'><strong>δ</strong></span> <span class='ocrx_word' id='word_1_687' title='bbox 853 4638 1096 4712; x_wconf 73' lang='grc' dir='ltr'>Τομέως,</span> <span class='ocrx_word' id='word_1_688' title='bbox 1140 4637 1300 4699; x_wconf 72' lang='grc' dir='ltr'>αὐτὸς</span> <span class='ocrx_word' id='word_1_689' title='bbox 1343 4638 1442 4715; x_wconf 73' lang='grc' dir='ltr'>γὰρ</span> <span class='ocrx_word' id='word_1_690' title='bbox 1487 4639 1708 4694; x_wconf 85' lang='grc' dir='ltr'>καὶτῶν</span> <span class='ocrx_word' id='word_1_691' title='bbox 1737 4636 1943 4696; x_wconf 83' lang='grc' dir='ltr'>λοιπῶν</span> 
     </span>
    </p>
   </div>
   <div class='ocr_carea' id='block_1_97' title="bbox 302 4725 1941 4805">
    <p class='ocr_par' dir='ltr' id='par_1_97' title="bbox 302 4725 1941 4805">
     <span class='ocr_line' id='line_1_97' title="bbox 302 4725 1941 4805; baseline 0.002 -22"><span class='ocrx_word' id='word_1_692' title='bbox 302 4727 608 4795; x_wconf 76' lang='grc' dir='ltr'>ἐκκλησιῶν</span> <span class='ocrx_word' id='word_1_693' title='bbox 634 4731 860 4790; x_wconf 84' lang='grc' dir='ltr'>Σκυθιας</span> <span class='ocrx_word' id='word_1_694' title='bbox 893 4739 1120 4805; x_wconf 79' lang='grc' dir='ltr'>προνοεῖ</span> <span class='ocrx_word' id='word_1_695' title='bbox 1147 4742 1160 4756; x_wconf 89' lang='grc'>⁶</span> <span class='ocrx_word' id='word_1_696' title='bbox 1196 4729 1283 4782; x_wconf 85' lang='grc' dir='ltr'><strong>καὶ</strong></span> <span class='ocrx_word' id='word_1_697' title='bbox 1312 4727 1346 4795; x_wconf 82' lang='grc' dir='ltr'><strong>ἡ</strong></span> <span class='ocrx_word' id='word_1_698' title='bbox 1376 4726 1730 4792; x_wconf 85' lang='grc' dir='ltr'>Λεοντόπολις</span> <span class='ocrx_word' id='word_1_699' title='bbox 1762 4725 1941 4788; x_wconf 82' lang='grc' dir='ltr'>Ἰσαυ-</span> 
     </span>
    </p>
   </div>
   <div class='ocr_carea' id='block_1_98' title="bbox 299 4817 1940 4895">
    <p class='ocr_par' dir='ltr' id='par_1_98' title="bbox 299 4817 1940 4895">
     <span class='ocr_line' id='line_1_98' title="bbox 299 4817 1940 4895; baseline 0 -22"><span class='ocrx_word' id='word_1_700' title='bbox 299 4819 417 4895; x_wconf 90' lang='grc' dir='ltr'>ρίας</span> <span class='ocrx_word' id='word_1_701' title='bbox 495 4819 597 4874; x_wconf 76' lang='grc' dir='ltr'><strong>ὑπὸ</strong></span> <span class='ocrx_word' id='word_1_702' title='bbox 645 4819 738 4874; x_wconf 75' lang='grc' dir='ltr'>τᾶν</span> <span class='ocrx_word' id='word_1_703' title='bbox 795 4817 1086 4874; x_wconf 78' lang='grc' dir='ltr'>ἐπίσκοπόν</span> <span class='ocrx_word' id='word_1_704' title='bbox 1159 4817 1302 4872; x_wconf 78' lang='grc' dir='ltr'>ἐστιν</span> <span class='ocrx_word' id='word_1_705' title='bbox 1365 4817 1808 4894; x_wconf 80' lang='grc' dir='ltr'>’[σαυροπὸλεως,</span> <span class='ocrx_word' id='word_1_706' title='bbox 1868 4820 1940 4882; x_wconf 85' lang='grc' dir='ltr'>ὡς</span> 
     </span>
    </p>
   </div>
   <div class='ocr_carea' id='block_1_99' title="bbox 299 4904 1940 4984">
    <p class='ocr_par' dir='ltr' id='par_1_99' title="bbox 299 4904 1940 4984">
     <span class='ocr_line' id='line_1_99' title="bbox 299 4904 1940 4984; baseline 0.001 -22"><span class='ocrx_word' id='word_1_707' title='bbox 299 4904 440 4982; x_wconf 78' lang='grc' dir='ltr'>βιϐλ.</span> <span class='ocrx_word' id='word_1_708' title='bbox 477 4907 532 4962; x_wconf 87' lang='grc' dir='ltr'>α’</span> <span class='ocrx_word' id='word_1_709' title='bbox 566 4909 659 4963; x_wconf 74' lang='grc' dir='ltr'>τοῦ</span> <span class='ocrx_word' id='word_1_710' title='bbox 681 4906 838 4977; x_wconf 79' lang='grc' dir='ltr'>κώδ,,</span> <span class='ocrx_word' id='word_1_711' title='bbox 873 4929 979 4968; x_wconf 66' lang='grc' dir='ltr'>τις,</span> <span class='ocrx_word' id='word_1_712' title='bbox 1016 4906 1069 4961; x_wconf 90' lang='grc' dir='ltr'>α’</span> <span class='ocrx_word' id='word_1_713' title='bbox 1099 4905 1238 4969; x_wconf 81' lang='grc' dir='ltr'>διάτ,</span> <span class='ocrx_word' id='word_1_714' title='bbox 1273 4905 1374 4961; x_wconf 80' lang='grc' dir='ltr'>λε’·</span> <span class='ocrx_word' id='word_1_715' title='bbox 1411 4905 1529 4962; x_wconf 65' lang='grc' dir='ltr'>οὕτε</span> <span class='ocrx_word' id='word_1_716' title='bbox 1559 4905 1612 4962; x_wconf 81' lang='grc' dir='ltr'>δὲ</span> <span class='ocrx_word' id='word_1_717' title='bbox 1643 4909 1940 4984; x_wconf 67' lang='grc' dir='ltr'>ἡγούμενος</span> 
     </span>
    </p>
   </div>
   <div class='ocr_carea' id='block_1_100' title="bbox 297 4995 1941 5074">
    <p class='ocr_par' dir='ltr' id='par_1_100' title="bbox 297 4995 1941 5074">
     <span class='ocr_line' id='line_1_100' title="bbox 297 4995 1941 5074; baseline 0.001 -22"><span class='ocrx_word' id='word_1_718' title='bbox 297 4998 502 5074; x_wconf 84' lang='grc' dir='ltr'>γίνεται</span> <span class='ocrx_word' id='word_1_719' title='bbox 551 4995 639 5055; x_wconf 83' lang='grc' dir='ltr'>δύο</span> <span class='ocrx_word' id='word_1_720' title='bbox 697 4996 1094 5074; x_wconf 77' lang='grc' dir='ltr'>μοναστηρίων,</span> <span class='ocrx_word' id='word_1_721' title='bbox 1157 4997 1230 5060; x_wconf 85' lang='grc' dir='ltr'><strong>ὡς</strong></span> <span class='ocrx_word' id='word_1_722' title='bbox 1289 4995 1430 5056; x_wconf 83' lang='grc' dir='ltr'>διάτ.</span> <span class='ocrx_word' id='word_1_723' title='bbox 1496 4995 1574 5053; x_wconf 87' lang='grc' dir='ltr'><strong>λθ’</strong></span> <span class='ocrx_word' id='word_1_724' title='bbox 1636 5006 1728 5055; x_wconf 81' lang='grc' dir='ltr'>τοῦ</span> <span class='ocrx_word' id='word_1_725' title='bbox 1783 5001 1941 5057; x_wconf 76' lang='grc' dir='ltr'><strong>αὖτοῦ</strong></span> 
     </span>
    </p>
   </div>
   <div class='ocr_carea' id='block_1_101' title="bbox 294 5086 501 5150">
    <p class='ocr_par' dir='ltr' id='par_1_101' title="bbox 294 5086 501 5150">
     <span class='ocr_line' id='line_1_101' title="bbox 294 5086 501 5150; baseline 0 -6"><span class='ocrx_word' id='word_1_726' title='bbox 294 5086 476 5144; x_wconf 86' lang='grc' dir='ltr'>τίτλου</span> <span class='ocrx_word' id='word_1_727' title='bbox 487 5136 501 5150; x_wconf 92' lang='grc'><strong>,</strong></span> 
     </span>
    </p>
   </div>
   <div class='ocr_carea' id='block_1_102' title="bbox 379 5175 1936 5256">
    <p class='ocr_par' dir='ltr' id='par_1_102' title="bbox 379 5175 1936 5256">
     <span class='ocr_line' id='line_1_102' title="bbox 379 5175 1936 5256; baseline 0 -21"><span class='ocrx_word' id='word_1_728' title='bbox 379 5183 630 5236; x_wconf 78' lang='grc' dir='ltr'><strong>ΚΕΦΑΛ.</strong></span> <span class='ocrx_word' id='word_1_729' title='bbox 697 5175 830 5237; x_wconf 73' lang='lat' dir='ltr'><strong>KA&#39;.</strong></span> <span class='ocrx_word' id='word_1_730' title='bbox 876 5210 954 5223; x_wconf 93' lang='lat'><strong>—</strong></span> <span class='ocrx_word' id='word_1_731' title='bbox 1018 5177 1141 5255; x_wconf 79' lang='grc' dir='ltr'>Περὶ</span> <span class='ocrx_word' id='word_1_732' title='bbox 1198 5176 1306 5231; x_wconf 86' lang='grc' dir='ltr'><strong>τῶν</strong></span> <span class='ocrx_word' id='word_1_733' title='bbox 1365 5177 1814 5256; x_wconf 79' lang='grc' dir='ltr'>χειροτονούντων</span> <span class='ocrx_word' id='word_1_734' title='bbox 1882 5179 1936 5235; x_wconf 84' lang='grc' dir='ltr'><strong>ἐν</strong></span> 
     </span>
    </p>
   </div>
   <div class='ocr_carea' id='block_1_103' title="bbox 292 5265 1740 5347">
    <p class='ocr_par' dir='ltr' id='par_1_103' title="bbox 292 5265 1740 5347">
     <span class='ocr_line' id='line_1_103' title="bbox 292 5265 1740 5347; baseline -0.001 -23"><span class='ocrx_word' id='word_1_735' title='bbox 292 5279 418 5330; x_wconf 73' lang='grc' dir='ltr'>ταῖς</span> <span class='ocrx_word' id='word_1_736' title='bbox 445 5269 524 5344; x_wconf 79' lang='grc' dir='ltr'><strong>μη</strong></span> <span class='ocrx_word' id='word_1_737' title='bbox 555 5265 733 5333; x_wconf 70' lang='grc' dir='ltr'>οὔσαις</span> <span class='ocrx_word' id='word_1_738' title='bbox 763 5266 855 5324; x_wconf 78' lang='grc' dir='ltr'><strong>ὑπ’</strong></span> <span class='ocrx_word' id='word_1_739' title='bbox 882 5267 1067 5329; x_wconf 68' lang='grc' dir='ltr'>αὐτοὺς</span> <span class='ocrx_word' id='word_1_740' title='bbox 1112 5265 1336 5323; x_wconf 88' lang='grc' dir='ltr'>πόλεσιν</span> <span class='ocrx_word' id='word_1_741' title='bbox 1363 5266 1399 5333; x_wconf 82' lang='grc' dir='ltr'><strong>ἡ</strong></span> <span class='ocrx_word' id='word_1_742' title='bbox 1430 5266 1740 5347; x_wconf 80' lang='grc' dir='ltr'>ἐπαρχίαις.</span> 
     </span>
    </p>
   </div>
   <div class='ocr_carea' id='block_1_104' title="bbox 777 5353 1449 5415">
    <p class='ocr_par' dir='ltr' id='par_1_104' title="bbox 777 5353 1449 5415">
     <span class='ocr_line' id='line_1_104' title="bbox 777 5353 1449 5415; baseline 0.004 -3"><span class='ocrx_word' id='word_1_743' title='bbox 777 5353 1124 5413; x_wconf 80' lang='grc' dir='ltr'>Ἀποστόλων</span> <span class='ocrx_word' id='word_1_744' title='bbox 1145 5357 1323 5412; x_wconf 84' lang='grc' dir='ltr'>κανὼν</span> <span class='ocrx_word' id='word_1_745' title='bbox 1346 5353 1449 5415; x_wconf 67' lang='grc' dir='ltr'>λό’.</span> 
     </span>
    </p>
   </div>
   <div class='ocr_carea' id='block_1_105' title="bbox 377 5442 1928 5525">
    <p class='ocr_par' dir='ltr' id='par_1_105' title="bbox 377 5442 1928 5525">
     <span class='ocr_line' id='line_1_105' title="bbox 377 5442 1928 5525; baseline -0.001 -22"><span class='ocrx_word' id='word_1_746' title='bbox 377 5446 482 5510; x_wconf 83' lang='grc' dir='ltr'>λε’,</span> <span class='ocrx_word' id='word_1_747' title='bbox 519 5443 846 5504; x_wconf 83' lang='grc' dir='ltr'>Ἐπισκοπον</span> <span class='ocrx_word' id='word_1_748' title='bbox 905 5447 982 5521; x_wconf 80' lang='grc' dir='ltr'>μὴ</span> <span class='ocrx_word' id='word_1_749' title='bbox 1041 5443 1243 5518; x_wconf 75' lang='grc' dir='ltr'>τολμᾷν</span> <span class='ocrx_word' id='word_1_750' title='bbox 1288 5442 1388 5510; x_wconf 72' lang='grc' dir='ltr'><strong>ἔξω</strong></span> <span class='ocrx_word' id='word_1_751' title='bbox 1417 5451 1523 5503; x_wconf 85' lang='grc' dir='ltr'><strong>τῶν</strong></span> <span class='ocrx_word' id='word_1_752' title='bbox 1554 5445 1740 5505; x_wconf 75' lang='grc' dir='ltr'>ἑαυτοῦ</span> <span class='ocrx_word' id='word_1_753' title='bbox 1769 5444 1928 5525; x_wconf 83' lang='grc' dir='ltr'>ὅρων,</span> 
     </span>
    </p>
   </div>
   <div class='ocr_carea' id='block_1_106' title="bbox 291 5535 526 5604">
    <p class='ocr_par' dir='ltr' id='par_1_106' title="bbox 291 5535 526 5604">
     <span class='ocr_line' id='line_1_106' title="bbox 291 5535 526 5604; baseline -0.017 -7"><span class='ocrx_word' id='word_1_754' title='bbox 291 5561 350 5604; x_wconf 90' lang='grc' dir='ltr'><strong>κ,</strong></span> <span class='ocrx_word' id='word_1_755' title='bbox 388 5559 438 5600; x_wconf 90' lang='grc' dir='ltr'><strong>τ,</strong></span> <span class='ocrx_word' id='word_1_756' title='bbox 471 5535 526 5601; x_wconf 86' lang='grc' dir='ltr'><strong>λ,</strong></span> 
     </span>
    </p>
   </div>
   <div class='ocr_carea' id='block_1_107' title="bbox 2027 4631 3671 4718">
    <p class='ocr_par' dir='ltr' id='par_1_107' title="bbox 2027 4631 3671 4718">
     <span class='ocr_line' id='line_1_107' title="bbox 2027 4631 3671 4718; baseline -0.003 -20"><span class='ocrx_word' id='word_1_757' title='bbox 2027 4643 2159 4716; x_wconf 89' lang='lat' dir='ltr'><strong>quis</strong></span> <span class='ocrx_word' id='word_1_758' title='bbox 2173 4654 2308 4698; x_wconf 84' lang='lat' dir='ltr'><strong>esse</strong></span> <span class='ocrx_word' id='word_1_759' title='bbox 2325 4635 3316 4718; x_wconf 79' lang='lat' dir='ltr'><strong>episcopus.ExcipiturepiscOpus</strong></span> <span class='ocrx_word' id='word_1_760' title='bbox 3330 4631 3671 4694; x_wconf 81' lang='lat' dir='ltr'><strong>Tomensis.</strong></span> 
     </span>
    </p>
   </div>
   <div class='ocr_carea' id='block_1_108' title="bbox 2025 4721 3662 4806">
    <p class='ocr_par' dir='ltr' id='par_1_108' title="bbox 2025 4721 3662 4806">
     <span class='ocr_line' id='line_1_108' title="bbox 2025 4721 3662 4806; baseline -0.004 -20"><span class='ocrx_word' id='word_1_761' title='bbox 2025 4725 2135 4787; x_wconf 90' lang='lat' dir='ltr'><strong>Ille</strong></span> <span class='ocrx_word' id='word_1_762' title='bbox 2162 4732 2318 4786; x_wconf 86' lang='lat' dir='ltr'><strong>enim</strong></span> <span class='ocrx_word' id='word_1_763' title='bbox 2352 4726 2719 4806; x_wconf 59' lang='lat' dir='ltr'><strong>reliquarum</strong></span> <span class='ocrx_word' id='word_1_764' title='bbox 2752 4724 3139 4788; x_wconf 87' lang='lat' dir='ltr'><strong>ecclesiarum</strong></span> <span class='ocrx_word' id='word_1_765' title='bbox 3171 4721 3428 4801; x_wconf 61' lang='lat' dir='ltr'><strong>Scythiae</strong></span> <span class='ocrx_word' id='word_1_766' title='bbox 3455 4739 3662 4781; x_wconf 91' lang='lat' dir='ltr'><strong>curam</strong></span> 
     </span>
    </p>
   </div>
   <div class='ocr_carea' id='block_1_109' title="bbox 2028 4809 3667 4896">
    <p class='ocr_par' dir='ltr' id='par_1_109' title="bbox 2028 4809 3667 4896">
     <span class='ocr_line' id='line_1_109' title="bbox 2028 4809 3667 4896; baseline -0.004 -20"><span class='ocrx_word' id='word_1_767' title='bbox 2028 4815 2202 4894; x_wconf 76' lang='lat' dir='ltr'><strong>gerit.</strong></span> <span class='ocrx_word' id='word_1_768' title='bbox 2235 4815 2426 4896; x_wconf 91' lang='lat' dir='ltr'><strong>[Tum]</strong></span> <span class='ocrx_word' id='word_1_769' title='bbox 2463 4824 2520 4877; x_wconf 92' lang='lat' dir='ltr'><strong>et</strong></span> <span class='ocrx_word' id='word_1_770' title='bbox 2545 4814 2928 4895; x_wconf 89' lang='lat' dir='ltr'><strong>Leontopolis</strong></span> <span class='ocrx_word' id='word_1_771' title='bbox 2967 4811 3210 4874; x_wconf 62' lang='lat' dir='ltr'><strong>Isauriae</strong></span> <span class='ocrx_word' id='word_1_772' title='bbox 3240 4809 3352 4870; x_wconf 90' lang='lat' dir='ltr'><strong>sub</strong></span> <span class='ocrx_word' id='word_1_773' title='bbox 3383 4810 3667 4889; x_wconf 87' lang='lat' dir='ltr'><strong>episcopo</strong></span> 
     </span>
    </p>
   </div>
   <div class='ocr_carea' id='block_1_110' title="bbox 2026 4897 3668 4983">
    <p class='ocr_par' dir='ltr' id='par_1_110' title="bbox 2026 4897 3668 4983">
     <span class='ocr_line' id='line_1_110' title="bbox 2026 4897 3668 4983; baseline -0.004 -18"><span class='ocrx_word' id='word_1_774' title='bbox 2026 4905 2389 4983; x_wconf 87' lang='lat' dir='ltr'><strong>lsauropolis</strong></span> <span class='ocrx_word' id='word_1_775' title='bbox 2417 4913 2528 4977; x_wconf 87' lang='lat' dir='ltr'><strong>est,</strong></span> <span class='ocrx_word' id='word_1_776' title='bbox 2566 4905 2755 4966; x_wconf 82' lang='lat' dir='ltr'><strong>utlib.</strong></span> <span class='ocrx_word' id='word_1_777' title='bbox 2791 4903 2967 4965; x_wconf 83' lang='lat' dir='ltr'><strong>Icod.</strong></span> <span class='ocrx_word' id='word_1_778' title='bbox 2995 4903 3084 4962; x_wconf 93' lang='lat' dir='ltr'><strong>tit.</strong></span> <span class='ocrx_word' id='word_1_779' title='bbox 3110 4904 3171 4963; x_wconf 88' lang='lat'><strong>3.</strong></span> <span class='ocrx_word' id='word_1_780' title='bbox 3198 4899 3490 4962; x_wconf 75' lang='lat' dir='ltr'><strong>const.35</strong></span> <span class='ocrx_word' id='word_1_781' title='bbox 3525 4897 3668 4977; x_wconf 87' lang='lat' dir='ltr'><strong>[ha-</strong></span> 
     </span>
    </p>
   </div>
   <div class='ocr_carea' id='block_1_111' title="bbox 2024 4991 3666 5076">
    <p class='ocr_par' dir='ltr' id='par_1_111' title="bbox 2024 4991 3666 5076">
     <span class='ocr_line' id='line_1_111' title="bbox 2024 4991 3666 5076; baseline -0.004 -20"><span class='ocrx_word' id='word_1_782' title='bbox 2024 4995 2170 5074; x_wconf 87' lang='lat' dir='ltr'><strong>bet].</strong></span> <span class='ocrx_word' id='word_1_783' title='bbox 2200 4993 2405 5076; x_wconf 85' lang='lat' dir='ltr'><strong>Neque</strong></span> <span class='ocrx_word' id='word_1_784' title='bbox 2437 4996 2650 5075; x_wconf 74' lang='lat' dir='ltr'><strong>przesul</strong></span> <span class='ocrx_word' id='word_1_785' title='bbox 2685 4991 3042 5074; x_wconf 86' lang='lat' dir='ltr'><strong>[quisquam]</strong></span> <span class='ocrx_word' id='word_1_786' title='bbox 3075 4991 3328 5052; x_wconf 89' lang='lat' dir='ltr'><strong>duorum</strong></span> <span class='ocrx_word' id='word_1_787' title='bbox 3364 4996 3666 5050; x_wconf 87' lang='lat' dir='ltr'><strong>monaste-</strong></span> 
     </span>
    </p>
   </div>
   <div class='ocr_carea' id='block_1_112' title="bbox 2021 5079 3228 5162">
    <p class='ocr_par' dir='ltr' id='par_1_112' title="bbox 2021 5079 3228 5162">
     <span class='ocr_line' id='line_1_112' title="bbox 2021 5079 3228 5162; baseline -0.007 -15"><span class='ocrx_word' id='word_1_788' title='bbox 2021 5085 2244 5147; x_wconf 90' lang='lat' dir='ltr'><strong>riorum</strong></span> <span class='ocrx_word' id='word_1_789' title='bbox 2279 5085 2366 5157; x_wconf 80' lang='lat' dir='ltr'><strong>ﬁt,</strong></span> <span class='ocrx_word' id='word_1_790' title='bbox 2403 5093 2466 5146; x_wconf 90' lang='lat' dir='ltr'><strong>ut</strong></span> <span class='ocrx_word' id='word_1_791' title='bbox 2497 5091 2691 5148; x_wconf 90' lang='lat' dir='ltr'><strong>const.</strong></span> <span class='ocrx_word' id='word_1_792' title='bbox 2719 5083 2794 5147; x_wconf 89' lang='lat'><strong>39</strong></span> <span class='ocrx_word' id='word_1_793' title='bbox 2827 5081 3099 5162; x_wconf 86' lang='lat' dir='ltr'><strong>ejusdem</strong></span> <span class='ocrx_word' id='word_1_794' title='bbox 3134 5079 3228 5139; x_wconf 86' lang='lat' dir='ltr'><strong>tit.</strong></span> 
     </span>
    </p>
   </div>
   <div class='ocr_carea' id='block_1_113' title="bbox 2101 5167 3669 5251">
    <p class='ocr_par' dir='ltr' id='par_1_113' title="bbox 2101 5167 3669 5251">
     <span class='ocr_line' id='line_1_113' title="bbox 2101 5167 3669 5251; baseline -0.005 -13"><span class='ocrx_word' id='word_1_795' title='bbox 2101 5173 2270 5238; x_wconf 83' lang='lat' dir='ltr'><strong>CAP.</strong></span> <span class='ocrx_word' id='word_1_796' title='bbox 2302 5172 2463 5236; x_wconf 80' lang='lat' dir='ltr'><strong>XXI.</strong></span> <span class='ocrx_word' id='word_1_797' title='bbox 2494 5208 2567 5218; x_wconf 99' lang='lat'><strong>—</strong></span> <span class='ocrx_word' id='word_1_798' title='bbox 2593 5173 2679 5235; x_wconf 87' lang='lat' dir='ltr'><strong>De</strong></span> <span class='ocrx_word' id='word_1_799' title='bbox 2718 5174 2793 5234; x_wconf 75' lang='lat' dir='ltr'><strong>iis</strong></span> <span class='ocrx_word' id='word_1_800' title='bbox 2839 5173 2947 5251; x_wconf 75' lang='lat' dir='ltr'><strong>qui</strong></span> <span class='ocrx_word' id='word_1_801' title='bbox 2975 5170 3394 5232; x_wconf 70' lang='lat' dir='ltr'><strong>ordinatione:</strong></span> <span class='ocrx_word' id='word_1_802' title='bbox 3421 5167 3669 5247; x_wconf 81' lang='lat' dir='ltr'><strong>faciunt</strong></span> 
     </span>
    </p>
   </div>
   <div class='ocr_carea' id='block_1_114' title="bbox 2018 5260 3136 5344">
    <p class='ocr_par' dir='ltr' id='par_1_114' title="bbox 2018 5260 3136 5344">
     <span class='ocr_line' id='line_1_114' title="bbox 2018 5260 3136 5344; baseline -0.009 -16"><span class='ocrx_word' id='word_1_803' title='bbox 2018 5268 2092 5328; x_wconf 73' lang='lat' dir='ltr'><strong>in</strong></span> <span class='ocrx_word' id='word_1_804' title='bbox 2127 5263 2370 5327; x_wconf 79' lang='lat' dir='ltr'><strong>urbibus</strong></span> <span class='ocrx_word' id='word_1_805' title='bbox 2392 5263 2803 5344; x_wconf 77' lang='lat' dir='ltr'><strong>provinciisue</strong></span> <span class='ocrx_word' id='word_1_806' title='bbox 2831 5277 2954 5323; x_wconf 87' lang='lat' dir='ltr'><strong>non</strong></span> <span class='ocrx_word' id='word_1_807' title='bbox 2983 5260 3136 5322; x_wconf 79' lang='lat' dir='ltr'><strong>suis.</strong></span> 
     </span>
    </p>
   </div>
   <div class='ocr_carea' id='block_1_115' title="bbox 2448 5347 3221 5430">
    <p class='ocr_par' dir='ltr' id='par_1_115' title="bbox 2448 5347 3221 5430">
     <span class='ocr_line' id='line_1_115' title="bbox 2448 5347 3221 5430; baseline -0.001 -18"><span class='ocrx_word' id='word_1_808' title='bbox 2448 5352 2866 5430; x_wconf 83' lang='lat' dir='ltr'><strong>Apostolorum</strong></span> <span class='ocrx_word' id='word_1_809' title='bbox 2898 5367 3087 5412; x_wconf 88' lang='lat' dir='ltr'><strong>canon</strong></span> <span class='ocrx_word' id='word_1_810' title='bbox 3119 5347 3221 5411; x_wconf 82' lang='lat'><strong>35.</strong></span> 
     </span>
    </p>
   </div>
   <div class='ocr_carea' id='block_1_116' title="bbox 2095 5437 3658 5525">
    <p class='ocr_par' dir='ltr' id='par_1_116' title="bbox 2095 5437 3658 5525">
     <span class='ocr_line' id='line_1_116' title="bbox 2095 5437 3658 5525; baseline -0.006 -19"><span class='ocrx_word' id='word_1_811' title='bbox 2095 5443 2200 5506; x_wconf 79' lang='lat'><strong>35.</strong></span> <span class='ocrx_word' id='word_1_812' title='bbox 2228 5442 2561 5525; x_wconf 83' lang='lat' dir='ltr'><strong>Episcopus</strong></span> <span class='ocrx_word' id='word_1_813' title='bbox 2592 5459 2670 5505; x_wconf 86' lang='lat' dir='ltr'><strong>ne</strong></span> <span class='ocrx_word' id='word_1_814' title='bbox 2696 5441 2915 5504; x_wconf 84' lang='lat' dir='ltr'><strong>audeat</strong></span> <span class='ocrx_word' id='word_1_815' title='bbox 2945 5447 3113 5502; x_wconf 80' lang='lat' dir='ltr'><strong>extra</strong></span> <span class='ocrx_word' id='word_1_816' title='bbox 3135 5455 3276 5500; x_wconf 86' lang='lat' dir='ltr'><strong>suos</strong></span> <span class='ocrx_word' id='word_1_817' title='bbox 3303 5437 3478 5512; x_wconf 73' lang='lat' dir='ltr'><strong>tinea,</strong></span> <span class='ocrx_word' id='word_1_818' title='bbox 3514 5443 3658 5513; x_wconf 90' lang='lat' dir='ltr'><strong>etc.,</strong></span> 
     </span>
    </p>
   </div>
   <div class='ocr_carea' id='block_1_117' title="bbox 2013 5531 2434 5617">
    <p class='ocr_par' dir='ltr' id='par_1_117' title="bbox 2013 5531 2434 5617">
     <span class='ocr_line' id='line_1_117' title="bbox 2013 5531 2434 5617; baseline -0.017 -18"><span class='ocrx_word' id='word_1_819' title='bbox 2013 5543 2086 5599; x_wconf 83' lang='lat' dir='ltr'><strong>ut</strong></span> <span class='ocrx_word' id='word_1_820' title='bbox 2109 5552 2258 5617; x_wconf 84' lang='lat' dir='ltr'><strong>pag.</strong></span> <span class='ocrx_word' id='word_1_821' title='bbox 2295 5531 2434 5595; x_wconf 77' lang='grc'><strong>475.</strong></span> 
     </span>
    </p>
   </div>
   <div class='ocr_carea' id='block_1_118' title="bbox 369 5660 3660 5764">
    <p class='ocr_par' dir='ltr' id='par_1_118' title="bbox 369 5660 3660 5764">
     <span class='ocr_line' id='line_1_118' title="bbox 369 5660 3660 5764; baseline -0.005 -24"><span class='ocrx_word' id='word_1_822' title='bbox 369 5671 437 5728; x_wconf 69' lang='grc' dir='ltr'><strong>α</strong></span> <span class='ocrx_word' id='word_1_823' title='bbox 453 5673 677 5764; x_wconf 74' lang='lat' dir='ltr'><strong>Ancyr.</strong></span> <span class='ocrx_word' id='word_1_824' title='bbox 700 5671 798 5750; x_wconf 77' lang='lat' dir='ltr'><strong>t2,</strong></span> <span class='ocrx_word' id='word_1_825' title='bbox 831 5670 1094 5739; x_wconf 67' lang='lat' dir='ltr'><strong>Neocau.</strong></span> <span class='ocrx_word' id='word_1_826' title='bbox 1126 5670 1415 5746; x_wconf 79' lang='lat' dir='ltr'><strong>Antioch,</strong></span> <span class='ocrx_word' id='word_1_827' title='bbox 1441 5671 1538 5736; x_wconf 80' lang='lat' dir='ltr'><strong>tO.</strong></span> <span class='ocrx_word' id='word_1_828' title='bbox 1562 5669 1627 5725; x_wconf 82' lang='lat'><strong>65</strong></span> <span class='ocrx_word' id='word_1_829' title='bbox 1645 5668 1923 5744; x_wconf 78' lang='lat' dir='ltr'><strong>Distinet.</strong></span> <span class='ocrx_word' id='word_1_830' title='bbox 1955 5673 2057 5744; x_wconf 72' lang='grc' dir='ltr'><strong>ιι.</strong></span> <span class='ocrx_word' id='word_1_831' title='bbox 2080 5669 2146 5724; x_wconf 75' lang='grc' dir='ltr'><strong>ϐο</strong></span> <span class='ocrx_word' id='word_1_832' title='bbox 2171 5671 2386 5739; x_wconf 87' lang='lat' dir='ltr'><strong>Matth.</strong></span> <span class='ocrx_word' id='word_1_833' title='bbox 2418 5686 2497 5748; x_wconf 75' lang='lat' dir='ltr'><strong>v1,</strong></span> <span class='ocrx_word' id='word_1_834' title='bbox 2523 5667 2625 5736; x_wconf 74' lang='lat'><strong>24.</strong></span> <span class='ocrx_word' id='word_1_835' title='bbox 2649 5665 2920 5736; x_wconf 52' lang='lat'><strong>0710013</strong></span> <span class='ocrx_word' id='word_1_836' title='bbox 2947 5685 3046 5746; x_wconf 83' lang='lat' dir='ltr'><strong>vn,</strong></span> <span class='ocrx_word' id='word_1_837' title='bbox 3070 5664 3170 5734; x_wconf 70' lang='lat'><strong>20.</strong></span> <span class='ocrx_word' id='word_1_838' title='bbox 3196 5662 3262 5716; x_wconf 76' lang='grc'><strong>68</strong></span> <span class='ocrx_word' id='word_1_839' title='bbox 3278 5663 3413 5731; x_wconf 79' lang='lat' dir='ltr'><strong>Act.</strong></span> <span class='ocrx_word' id='word_1_840' title='bbox 3434 5676 3536 5740; x_wconf 81' lang='lat' dir='ltr'><strong>xx,</strong></span> <span class='ocrx_word' id='word_1_841' title='bbox 3559 5660 3660 5730; x_wconf 77' lang='lat'><strong>34&#39;</strong></span> 
     </span>
    </p>
   </div>
  </div>
