4018 6206
431 317 540 385 511

629 457 898 523 Condilii
925 456 1300 522 Antiochem'
1332 475 1597 522 canones
1623 460 1723 537 13,
1745 459 1846 521 22.

514 547 609 611 13.
632 548 843 612 Nullus
871 549 1189 629 episcopus
1212 547 1427 611 audeat
1473 548 1548 611 ab
1579 567 1699 612 una
1730 550 2060 632 provincia,

431 643 571 712 etc.,
601 645 669 700 ut
698 658 848 718 pag.
882 639 1024 700 475.

504 727 838 809 Episcopus
869 730 929 790 in
957 729 1133 790 aliam
1163 727 1488 806 civitatem,
1525 736 1741 806 etc.,ut
1763 731 2057 812 pag.475.

779 818 1050 882 Concilii
1078 819 1370 899 Ephesini
1401 838 1602 882 canon
1633 821 1693 882 8.

504 905 601 967 29.
623 905 734 979 Qui
765 927 902 972 vero
933 909 1060 972 ausi
1093 909 1319 972 fuerint
1347 918 1451 973 aut
1478 929 1847 991 componere
1879 911 2058 974 ﬁdem

421 992 694 1071 alteram,
731 1006 874 1070 etc.,
908 1007 972 1061 ut
999 1017 1140 1079 pag.
1177 1003 1319 1063 478.

499 1086 589 1144 62
620 1086 788 1150 CAP.
823 1088 1008 1153 XXII.
1043 1124 1115 1134 --
1155 1088 1241 1152 De
1290 1091 1370 1152 iis
1416 1089 1525 1170 qui
1576 1091 2058 1172 magistratuum

418 1177 761 1252 patrocinio
791 1180 1075 1242 ecclesias
1107 1181 1406 1243 obtinent.

845 1271 1279 1350 Apostolorum
1308 1287 1499 1331 canon
1529 1268 1627 1332 30.

496 1354 577 1417 30
610 1356 829 1438 [29].Si
854 1359 988 1439 quis
1009 1359 1332 1439 episc0pus
1353 1358 1744 1422 saecularibus
1767 1359 2055 1442 principi-

1529 328 1794 390 PHOTII
1839 321 2357 390 PATRIARCHlE
2400 328 2515 390 ΟΡ.

3399 49 3412 62 θ
3441 47 3500 76 ιιι.
3565 33 3830 86 '..J”.

3608 331 3698 396 512

2080 468 2122 517 Α
2404 463 2632 524 Συνόδοο
2673 463 3012 546 ’Δντιοχείας
3061 466 3236 523 κανὼν
3279 463 3367 545 ιγ’,
3394 463 3488 525 κε’.

2229 551 2326 631 ιγ’.
2360 552 2574 621 Μηδένα
2605 554 2891 614 ἐπίσκοπον
2917 553 3119 632 τολμᾷν
3151 553 3242 636 ἀφ’
3271 555 3441 636 ἀτέρας
3469 555 3709 637 ἐπαρχίας,

2147 664 2200 705 κ.
2233 666 2285 704 τ.
2321 642 2377 704 λ.

2227 730 2674 792 κὸ’.¹Σπίσκοπον
2696 737 2774 812 μη
2803 717 3090 794 ἐπιϐαίνειν
3117 735 3362 812 ἀλλοτρίᾳ
3379 734 3591 810 πόλει,κ.
3612 743 3718 798 τ.λ.

2570 824 2795 883 Συνόδου
2830 825 3051 906 Ἐφέσου
3073 828 3247 883 κανὼν
3277 823 3354 894 η’.

2228 912 2355 975 Τοὺς
2413 912 2467 970 δὲ
2537 916 2851 991 τολμῶντας
2909 915 2945 984 ἢ
3003 915 3292 973 συντιθέναι
3345 919 3504 972 πίστιν
3545 913 3719 994 ἑτέραν,

2142 1022 2196 1064 κ,
2231 1024 2282 1063 τ.
2317 1001 2372 1065 λ,

2223 1097 2475 1155 ΚΕΦΑΛ.
2526 1091 2661 1155 ΚΚ’.
2707 1129 2785 1140 -
2821 1095 2939 1173 Περῖ
2982 1101 3089 1155 τῶν
3147 1093 3232 1151 διὰ
3291 1095 3586 1172 προστασίας
3637 1095 3722 1174 ἀρ·

2142 1180 2376 1258 χόντων,
2410 1181 2708 1260 γινομένων
2737 1182 3008 1261 ἐγκρατεῖ».
3043 1182 3369 1251 ἐκκλησιῶν.

2629 1272 2796 1330 ’Λποσ
2807 1273 2974 1330 τόλων
3004 1275 3182 1330 κανὼν
3215 1273 3291 1336 λ’,

2218 1360 2292 1422 λ’.
2331 1362 2395 1420 Ei’
2440 1384 2518 1426 τις
2564 1361 2852 1426 ἐπίσκοπος
2898 1375 3187 1438 κοσμικαῖς
3222 1362 3443 1444 ἄρχουσι
3473 1361 3727 1442 χρησάμε-

417 1440 532 1505 bus
561 1465 706 1508 usus
739 1466 845 1526 per
871 1467 974 1510 eos
995 1449 1310 1510 ecclesiam
1335 1448 1588 1529 adeptus
1609 1440 2029 1530 sit,deponatﬁu:

2135 1475 2252 1531 νος,
2285 1451 2353 1507 δι’
2386 1451 2556 1508 αὒτῶδ
2589 1451 2853 1531 ἐγκρατὴς
2887 1452 3212 1519 Ἐκκλησίας
3241 1440 3483 1531 γένηται,
3499 1440 3726 1528 καθαιρεί-

417 1541 475 1594 et
505 1546 874 1614 segregetur,
913 1546 971 1600 et
1001 1556 1213 1600 omnes
1241 1538 1342 1618 qui
1372 1538 1457 1599 illi
1480 1539 1948 1602 communicant.

672 1627 941 1691 Concilii
969 1627 1207 1690 Nicaeni
1234 1629 1482 1690 secundi
1511 1646 1701 1691 canon
1733 1629 1793 1694 3.

493 1714 553 1775 3.
588 1713 839 1779 Omnem
864 1717 1221 1780 electionem
1254 1737 1386 1798 quae
1423 1720 1548 1781 ﬁta
1579 1719 2045 1798 magistratibus,

415 1809 560 1877 etc.,
594 1813 660 1867 ut
689 1824 830 1887 pag.
859 1808 1001 1871 494.

491 1894 654 1958 CAP.
686 1896 892 1960 XXIII.
931 1929 1006 1940 ο-
1037 1898 1120 1960 De
1168 1899 1247 1961 iis
1305 1901 1417 1979 qui
1457 1899 1530 1962 ob
1579 1902 2045 1963 matrimonium

408 1981 506 2045 vel
535 1987 999 2051 concubinatum
1046 2006 1171 2051 non
1201 1989 1362 2070 ﬁunt
1392 1991 1657 2070 episcopi
1683 1998 1789 2053 aut
1813 1990 2044 2054 clerici.

491 2163 904 2243 Apostolorum
925 2183 1186 2230 canones
1223 2168 1318 2247 I7,
1351 2167 1446 2242 l8,
1480 2167 1579 2232 19.

488 2253 565 2314 17
596 2253 640 2334 [Ι
657 2254 717 2333 6]
736 2254 866 2328 .Qui
892 2267 1021 2337 post
1043 2265 1311 2320 sanctum
1333 2257 1398 2307 69
1418 2257 1780 2339 baptismum
1813 2258 2046 2322 duobus

407 2343 703 2423 conjugiis
733 2346 908 2408 fuerit
938 2347 1291 2428 implicitus,
1321 2348 1417 2413 vel
1441 2348 1721 2410 habuerit
1750 2349 2043 2411 concubi-

405 2448 568 2508 nam,
603 2452 721 2495 non
754 2443 947 2515 potest
980 2455 1112 2499 esse
1141 2438 1462 2518 episcopus
1486 2439 1670 2516 τομαὶ
1704 2438 2038 2519 presbyter,

400 2520 492 2580 vel
521 2520 832 2596 diaconus,
870 2525 964 2586 vel
993 2527 1237 2587 omnino
1269 2545 1338 2587 ex
1372 2546 1624 2589 numero
1657 2529 2035 2590 sacerdotali.

482 2609 729 2690 18[17].
769 2613 878 2686 Qui
911 2613 1143 2675 viduam
1180 2605 1413 2695 accepit
1439 2617 1626 2691 τίμιοι
1661 2617 2036 2696 ejectam,vel

403 2701 784 2764 meretricem
810 2704 886 2777 79,
921 2703 1014 2765 vel
1036 2722 1293 2784 servam,
1332 2705 1422 2766 vel
1447 2705 1686 2768 mimam
1715 2725 1819 2767 seu
1853 2725 2036 2768 scen-

399 2787 705 2870 ciam,non
740 2801 934 2874 potest
965 2811 1100 2855 esse
1131 2794 1566 2875 presbyter,vel
1593 2796 2036 2875 episcopus,vel

403 2877 713 2962 diaconus,
753 2883 842 2944 vel
875 2883 1121 2945 omnino
1152 2903 1222 2946 es
1255 2902 1508 2946 numero
1541 2884 1917 2946 sacerdotali.

486 2971 557 3032 19
590 2970 748 3053 [18].
785 2975 896 3047 Qui
927 2974 1076 3035 duas
1106 2991 1345 3035 sorores
1375 2973 1562 3050 duxit,
1599 2974 1690 3037 vel
1721 2975 2036 3038 consobri-

403 3075 562 3135 nam,
599 3080 715 3123 non
751 3073 947 3143 potest
978 3081 1113 3126 esse
1145 3063 1420 3126 clericus.

552 3150 809 3214 Concilii
830 3156 1182 3217 wcumenici
1203 3156 1372 3217 sea'ti
1404 3171 1662 3217 canones
1691 3155 1752 3229 3,
1789 3155 1885 3218 12.

787 3243 875 3304 De
899 3244 1264 3325 presbyteris
1294 3251 1354 3308 et
1381 3245 1644 3306 clericis.

480 3330 837 3403 3.Quoniam
871 3351 1009 3395 vero
1041 3334 1176 3414 pius
1201 3332 1540 3414 Christique
1568 3341 1802 3396 amator
1846 3334 2038 3414 impe-

401 3430 563 3482 rator
576 3424 951 3488 noster.hanc
969 3431 1231 3484 sanctam
1249 3433 1309 3485 et
1330 3423 1726 3486 universalem
1742 3424 2032 3504 synodum

395 3511 690 3574 allocutus
717 3521 901 3583 est,ut
931 3531 1035 3575 eos
1061 3513 1154 3574 65
1185 3513 1286 3594 qui
1311 3514 1369 3574 in
1403 3513 1631 3575 clerum
1666 3515 1837 3575 relati
1871 3523 2030 3591 sunt,

394 3600 526 3663 aliis
553 3601 752 3664 divina
779 3602 1208 3684 transmittunt,
1243 3621 1425 3684 puros
1466 3611 1524 3664 et
1569 3621 1603 3663 a
1633 3603 1810 3684 culpa
1837 3620 1906 3665 ac
1937 3621 2035 3666 re-

395 3691 796 3771 prehensione
827 3692 1054 3756 alienos
1107 3693 1414 3754 ministros
1445 3691 1749 3772 elﬁciant;
1783 3701 1840 3754 et
1871 3692 2032 3772 quod

392 3779 791 3860 intelligentia
816 3781 1369 3864 percipitur,magni
1391 3781 1631 3861 Dei,qui
1662 3790 1750 3842 est
1773 3790 1832 3843 et
1852 3783 2032 3843 sacri-

394 3872 596 3934 ﬁcium
631 3884 689 3934 et
721 3873 1011 3954 pontifex,
1046 3873 1344 3934 sacriﬁcio
1397 3872 1652 3950 dignos;
1687 3883 1744 3932 et
1797 3891 1927 3952 quae
1958 3889 2032 3933 ex

391 3963 634 4026 nefariis
655 3964 880 4045 nuptiis
905 3964 977 4025 iis
999 3964 1194 4024 inusta
1216 3971 1353 4024 sunt
1376 3961 1594 4042 probra
1615 3979 1683 4023 ac
1708 3961 2029 4037 dedecora,

391 4061 718 4135 repurgent
751 4072 765 4116 :
800 4061 858 4113 et
890 4062 1180 4132 praeterea
1203 4052 1304 4132 qui
1336 4059 1475 4113 sunt
1499 4051 1890 4113 sanctissimae
1919 4051 2034 4113 Ro-

391 4161 708 4205 manorum
742 4143 1015 4206 ecclesiae
1043 4152 1262 4203 exactae
1323 4140 1708 4220 perfectionis
1737 4159 2028 4202 canonem

390 4233 746 4292 servandum
776 4240 1134 4311 proponant;
1151 4232 1256 4306 qui
1279 4249 1417 4292 vero
1441 4230 1550 4291 sub
1575 4232 1686 4292 hoc
1706 4229 1874 4292 aDeo
1890 4248 2029 4292 con-

391 4321 697 4383 servandae
718 4321 1070 4398 imperantis
1092 4319 1257 4380 urbis
1282 4320 1485 4392 thono,
1508 4323 1664 4395 quod
1695 4329 1784 4382 est
1811 4321 2027 4381 huma-

389 4410 590 4471 nitatis
608 4417 665 4470 et
691 4409 1143 4482 misericordiae;
1168 4410 1476 4488 utriusque
1501 4418 1746 4488 paterne
1771 4419 1829 4470 et
1849 4409 2024 4471 simul

386 4499 668 4580 religiose
689 4499 974 4575 mistis,ut
998 4517 1191 4580 neque
1215 4501 1370 4580 quod
1392 4509 1481 4560 est
1504 4498 1645 4560 mite
1665 4517 1732 4561 ac
1749 4517 2026 4560 mansue-

389 4589 900 4665 tum,dissolutum
927 4609 939 4651 :
973 4607 1169 4668 neque
1192 4588 1352 4665 quod
1385 4597 1474 4649 est
1497 4598 1823 4661 austerum,
1844 4591 2020 4650 astri-

385 4679 600 4743 ctivum
629 4678 1058 4761 relinquamus;
1082 4687 1138 4739 et
1162 4679 1421 4740 maxime
1439 4697 1572 4740 cum
1597 4697 1664 4740 ex
1689 4679 2022 4757 ignorantia

381 4770 584 4852 lapsus
605 4771 665 4831 in
685 4789 800 4832 non
818 4773 1087 4849 exiguam
1105 4769 1411 4830 hominum
1431 4767 1876 4830 multitudinem
1896 4787 2023 4849 per-

381 4863 573 4935 vadat,
604 4860 1009 4935 decernimus,
1045 4867 1106 4922 ut
1136 4859 1239 4940 qui
1269 4857 1502 4920 duobus
1536 4857 1780 4939 quidem
1808 4860 2019 4921 matri-

381 4951 598 5014 moniis
621 4950 910 5033 implicati
935 4951 1186 5023 fuere,et
1211 4967 1404 5030 usque
1424 4948 1498 5010 ad
1528 4948 1826 5010 decimum
1852 4949 2021 5022 quin-

382 5050 502 5103 tum
537 5043 821 5121 praeteriti
879 5041 1104 5104 mensis
1152 5038 1423 5103 Januarii
1457 5041 1773 5120 praeteritae
1801 5047 2021 5118 quartae

457 5170 521 5221 69
555 5170 701 5234 Dist.
751 5171 828 5232 33
857 5170 934 5233 Si
963 5172 1102 5252 quis
1131 5176 1287 5252 post.

377 5251 490 5331 leg.
526 5253 587 5329 3,
623 5252 698 5315 de
729 5251 1166 5314 summa’Trin.

1375 5171 1436 5222 70
1465 5171 1530 5235 S.
1564 5167 1744 5232 Basil.
1779 5186 1912 5230 can.
1947 5169 2046 5247 12,
2079 5169 2151 5232 ad
2187 5165 2410 5248 Amph.

2135 1545 2242 1598 σθω
2271 1543 2358 1599 καὶ
2389 1541 2737 1623 ἀφοριζέσθω,
2773 1544 2860 1598 καὶ
2889 1545 2934 1598 οἱ
2965 1550 3340 1606 κοινωνοῦντες
3374 1542 3506 1614 αὒτῷ
3537 1541 3732 1604 πάντες,

2373 1631 2601 1688 Συνόδου
2635 1633 2852 1694 Νικαίας
2883 1634 2944 1689 τὸ
2975 1631 3212 1711 δεύτερον
3245 1634 3415 1689 κανὼν
3445 1628 3518 1709 γ’.

2213 1720 2290 1799 γ’,
2317 1727 2498 1778 Ilian
2529 1723 2708 1801 ψῆφον
2744 1721 3032 1801 γινομένην
3057 1725 3198 1800 παρά
3218 1723 3514 1803 ἀρχόντων,
3545 1743 3594 1782 κ,
3618 1743 3662 1777 τ.
3684 1718 3732 1778 λ.

2211 1905 2462 1962 ΣΕΦΑΛ.
2502 1898 2627 1962 Kl".
2664 1933 2742 1945 —
2775 1902 2896 1976 Περὶ
2927 1907 3030 1956 τῶν
3075 1898 3159 1955 διά
3204 1900 3375 1977 γάμον
3416 1897 3451 1966 ἢ
3486 1895 3732 1954 παλλακι-

2132 1991 2289 2067 σμὸν,
2387 1993 2464 2063 μὴ
2553 1989 3045 2069 χειροτονουμένων
3116 1989 3426 2046 ἐπισκόπων
3505 1987 3540 2054 ἢ
3608 1984 3735 2051 κλη-

2129 2101 2288 2158 ρικων
2299 2123 2313 2137 ο

2210 2167 2555 2226 Ἀποστόλων
2588 2169 2764 2226 κανὼν
2801 2165 2867 2240 ιζ’
2900 2168 2976 2235 ιη’
3011 2167 3101 2229 ιϐ’.

2210 2257 2298 2330 ιζ’,
2337 2249 2393 2316 Ὀ
2439 2257 2548 2314 δυσὶ
2594 2258 2789 2336 γάμοις
2850 2257 3180 2333 συμπλακεὶς
3225 2257 3364 2332 μετά
3399 2258 3454 2314 τὸ
3484 2255 3741 2331 βάπτισμα

2124 2347 2158 2417 ἢ
2191 2346 2472 2414 παλλακὴν
2503 2347 2868 2422 κτησάμενος,
2901 2349 2962 2404 ού
2987 2347 3195 2403 δύναται
3231 2348 3381 2404 εἶναι
3415 2342 3741 2410 ἐπίσκοποςῆ

2124 2435 2469 2514 πρεσϐύτερος
2528 2437 2563 2504 ἢ
2621 2435 2863 2501 διάκονος
2937 2436 3078 2501 ὅλως
3138 2443 3230 2494 τοῦ
3296 2435 3593 2512 καταλόγου
3661 2441 3742 2490 τοῦ

2121 2529 2407 2605 ἱερατικοῦ.

2203 2617 2302 2684 ιη’.
2341 2606 2399 2674 Ὀ
2431 2617 2606 2695 χήραν
2639 2615 2838 2695 λαϐὼν,
2888 2616 2923 2684 ἢ
2957 2613 3390 2689 ἐκϐεϐλημένην,
3425 2615 3460 2683 ἢ
3493 2611 3744 2690 ἑταίρανῆ

2120 2709 2337 2785 οἰκέτιν,
2386 2706 2421 2774 ἢ
2468 2709 2571 2762 τῶν
2619 2705 2706 2761 ἐπὶ
2758 2710 2985 2780 σκηνῆς,
3061 2709 3118 2764 οὔ
3171 2703 3389 2763 δύναται
3445 2706 3588 2761 εἶναι
3637 2703 3748 2759 ἐπί-

2121 2818 2319 2860 σκοπος
2350 2796 2386 2862 ἢ
2417 2792 2770 2874 πρεσϐύτερος
2805 2798 2839 2862 ἢ
2873 2793 3139 2867 διάκονοξ,
3176 2795 3208 2863 ἢ
3234 2793 3374 2861 ὅλως
3404 2802 3494 2852 τοῦ
3525 2790 3745 2850 καταλό-

2119 2909 2215 2964 γου
2246 2891 2336 2942 τοῦ
2363 2887 2650 2961 ἱερατικοῦ.

2201 2975 2294 3036 ιθ’.
2317 2967 2372 3032 Ὀ
2404 2972 2492 3030 δύο
2522 2973 2749 3054 ἀδελφὰς
2781 2973 3045 3051 ἀγόμενος
3076 2974 3110 3042 ἢ
3143 2973 3528 3054 ἀδελφιδῆν,σό
3549 2971 3746 3030 δύναται

2121 3069 2260 3121 εἶναι
2293 3062 2573 3137 κληρικὸς,

2301 3151 2528 3210 Συνόδου
2561 3154 2934 3228 οἷκουμενικῆς
2965 3153 3126 3220 ἕκτης
3160 3155 3335 3210 κανὼν
3369 3154 3448 3233 γ’,
3485 3152 3581 3230 ιβ’.

2549 3245 2676 3319 Περὶ
2703 3244 2884 3320 ἱερέων
2909 3245 2996 3299 καὶ
3028 3248 3323 3319 κληρικῶν.

2200 3335 2275 3411 γ’.
2307 3332 2528 3402 Ἐπειδὴ
2558 3331 2611 3389 δὲ
2640 3336 2667 3390 ὁ
2698 3333 2921 3400 εὐσεϐὴς
2965 3335 3052 3390 καὶ
3083 3332 3440 3413 φιλόχριστος
3475 3336 3630 3409 ἡμῶν
3657 3331 3754 3407 βα-

2120 3425 2294 3490 σιλεὺς
2337 3430 2403 3501 τῇ
2433 3424 2556 3500 ἁγίᾳ
2613 3425 2779 3498 ταύτῃ
2827 3425 2914 3480 καὶ
2965 3425 3306 3500 οὶκουμενικῇ
3369 3423 3751 3504 προσεφώνησέ

2119 3513 2338 3593 συνόδῳ,
2385 3514 2522 3570 ὥστε
2585 3515 2706 3575 τοὺς
2765 3513 2819 3568 ἐν
2869 3512 3052 3590 κλήρῳ
3120 3512 3624 3592 καταλεγομένους,
3667 3508 3754 3565 καὶ

2117 3603 2299 3666 ἄλλοις
2370 3603 2437 3658 τά
2513 3605 2636 3657 θεῖα
2716 3600 3223 3679 διαπορθμεύοντας,
3281 3605 3555 3680 καθαροὺς
3617 3600 3750 3655 ἀπο·-

2117 3699 2278 3773 αῆναι
2336 3694 2423 3749 καί
2467 3690 2801 3768 λειτουργοὺς
2862 3690 3142 3765 ἀμώμους,
3181 3694 3267 3747 καί
3299 3696 3407 3759 τῆς
3442 3697 3630 3769 νοερᾶς
3673 3685 3757 3744 τοῦ

2115 3784 2350 3860 μεγάλου
2413 3789 2544 3840 Θεοῦ
2614 3781 2710 3837 διιαί
2785 3781 3016 3854 θύματος
3073 3782 3160 3836 καὶ
3216 3781 3529 3862 ἀρχιερέως
3587 3779 3755 3839 θυσίας

2113 3872 2309 3943 ἀξίους,
2343 3872 2665 3948 ἀνακαθᾶραι
2697 3891 2755 3926 τε
2799 3871 2864 3926 τά
2893 3869 2946 3934 ἐξ
3005 3870 3248 3944 ἀθέσμων
3307 3872 3512 3948 γάμων
3556 3871 3757 3929 τούτοις

2111 3959 2444 4039 ὶπιτριϐέντα
2475 3961 2616 4032 μύση
2653 3975 2668 3993 ⁸
2703 3962 2834 4037 μρὸς
2879 3960 3050 4033 τούτῳ
3082 3981 3139 4016 τε
3169 3965 3276 4016 τῶν
3322 3961 3428 4036 μὲν
3477 3966 3580 4027 τῆς
3623 3961 3755 4015 Ῥω-

2113 4052 2284 4128 μαίων
2364 4048 2670 4128 ἀγιωτάτης
2753 4047 3102 4123 Ἐκκλησίας,
3172 4053 3264 4106 τὸν
3324 4055 3430 4119 τῆς
3494 4044 3759 4125 ἀκριϐείας

2111 4142 2408 4218 τηρηθῆναι
2481 4139 2676 4195 κανόνα
2735 4139 3150 4217 προτιθεμένων,
3225 4142 3331 4194 τὼν
3393 4139 3451 4195 δὲ
3508 4140 3614 4196 ὑπὸ
3669 4137 3758 4190 τὸν

2111 4237 2208 4298 τῆς
2241 4229 2593 4308 θεοφυλάκτο)
2645 4229 2840 4293 ταύτης
2894 4231 2981 4284 καὶ
3024 4227 3292 4305 βασιλίδος
3353 4228 3578 4294 πόλεως
3632 4223 3759 4303 θρό-

2576 4317 2968 4397 φιλανθρωπίας
3020 4320 3107 4374 καὶ
3165 4322 3533 4393 συμπαθείας,
3599 4319 3673 4382 εἰς
3709 4314 3760 4369 ἓν

2111 4345 2222 4399 νον,
2284 4323 2374 4376 τὸν
2422 4323 2517 4386 τῆς

2110 4409 2382 4488 ἀμφότερα
2443 4407 2684 4482 μίξαντες
2766 4415 3038 4486 πατριγῶς
3119 4408 3250 4482 ὁμοῦ
3310 4412 3403 4466 καὶ
3463 4406 3761 4490 θεοφιλῶς,

2109 4501 2179 4565 ὡς
2211 4501 2349 4575 μήτε
2405 4500 2466 4553 τὸ
2525 4504 2691 4574 πρᾶον
2735 4495 2980 4576 ἔκλυτον,
3027 4499 3163 4571 μήτε
3214 4506 3414 4578 στῦφον
3449 4501 3516 4556 ἐδ
3548 4498 3762 4561 αὐστη-

2109 4593 2198 4665 ρὸν
2253 4586 2692 4665 καταλείψοιμεν,
2729 4588 2815 4643 καὶ
2856 4587 3090 4660 μάλιστα
3137 4595 3229 4645 τοῦ
3259 4587 3312 4653 ἐξ
3343 4588 3580 4666 ἀγνοίας
3613 4583 3762 4642 πτώ-

2106 4701 2273 4741 πατος
2306 4680 2377 4738 εἰς
2410 4681 2504 4734 οὐκ
2555 4676 2751 4752 ὀλίγων
2796 4674 2996 4753 ἀνδρῶν
3049 4676 3248 4745 πλῆθος
3279 4675 3577 4747 διήκοντος
3640 4697 3764 4733 συν-

2103 4776 2334 4846 ορῶμεν,
2384 4766 2521 4822 ὥστε
2575 4766 2697 4826 τοὺς
2744 4763 2840 4839 μὲν
2901 4763 3010 4820 δυσὶ
3070 4766 3269 4842 γάμοις
3320 4763 3758 4843 περιπαρέντας,

2104 4861 2200 4917 καὶ
2258 4857 2421 4936 μέχρι
2482 4860 2582 4921 τῆς
2629 4852 3103 4914 πεντεκαιδεκάτου
3151 4863 3243 4910 τοῦ
3273 4855 3590 4919 διελθόντος
3624 4853 3762 4910 Ἰαν-

2104 4947 2345 5024 νουαρίου
2408 4945 2604 5018 μηνὸς,
2667 4948 2765 5008 τῆς
2843 4943 3208 5020 παρελθούσης
3272 4943 3319 5000 δ’
3389 4944 3762 5008 ἰνδικτιῶνος,

2104 5038 2254 5100 ἔτους
2301 5033 2476 5114 ςργθ’
2517 5033 2668 5113 (19),
2718 5031 3072 5094 δουλωθέντας
3127 5040 3192 5110 τῇ
3225 5034 3497 5114 ἁμαρτίᾳ,
3552 5035 3645 5090 καὶ
3691 5031 3768 5104 μὴ

2496 5164 2551 5214 7|
2590 5163 2737 5225 Dist.
2784 5163 2823 5224 4
2855 5163 2923 5228 Si
2953 5166 3091 5245 quis
3133 5165 3418 5229 viduam.
3518 5163 3586 5214 ἠ
3617 5160 3768 5226 Vide

1942 5359 2184 5425 NOT/E.

460 5465 587 5544 (18)
619 5464 774 5528 Anni
800 5464 1016 5528 Christi
1054 5465 1270 5529 706.Et
1297 5467 1387 5529 sic
1418 5467 1644 5529 conditi
1669 5468 2012 5530 hicanones

377 5564 582 5626 mense
615 5544 954 5622 Septembri
985 5546 1074 5606 vel
1102 5544 1352 5609 Oelobri
1385 5549 1656 5626 ejusdem
1691 5549 2016 5612 anni.Vide

373 5625 804 5710 Theophanem
845 5645 1014 5710 anno
1065 5630 1164 5710 2].
1201 5625 1578 5710 Constantini
1611 5628 1922 5710 Pogonati,
1958 5639 2015 5693 et

369 5706 644 5779 Alexium
675 5706 1032 5779 Arislinum.
1069 5706 1454 5778 Harduinus.

2138 5469 2586 5543 (l9iPerperam
2609 5461 2763 5538 apud
2779 5462 3170 5542 Beveregium
3185 5462 3632 5543 g'pO'.S_cilicet
3655 5471 3776 5523 tam

2099 5547 2254 5627 apud
2279 5539 2587 5627 Beveregii
2612 5543 2961 5627 Pandectas,
2981 5539 3164 5627 quam
3183 5543 3338 5624 apud
3365 5539 3775 5627 Nomocano-

2101 5620 2237 5690 nem
2267 5644 2400 5689 cum
2427 5620 2797 5688 Balsamonis
2825 5620 3504 5698 scholiis,numerorum
3548 5620 3782 5686 menda

2103 5727 2222 5779 non
2251 5708 2493 5774 desunt.
2529 5704 2762 5792 Reapse
2790 5715 2991 5771 autem
3014 5705 3301 5774 Trullana
3327 5705 3617 5789 synodus
3647 5720 3778 5769 non
