4108 6222
380 341 500 412 513
1061 345 1479 412 SYNTAGMA
1523 331 1919 408 GANONUM.
1967 367 2046 382 --
2075 332 2234 400 TIT.
2281 334 2331 415 Ῐ,
2379 334 2540 399 CAP.
2591 333 2786 415 XXII,
2835 329 3058 398 XXIII.
3623 331 3739 398 514

381 482 615 558 ἐκνῆψαι
661 482 857 548 ταύτης
929 481 1342 560 προελομένους,
1415 475 1715 556 καθαιρέσει
1760 476 2009 547 κανονικῇ

2099 468 2452 532 indictionis
2488 469 2639 560 (18),
2665 469 2805 532 anni
2844 468 2957 548 [οι.
2988 468 3166 546 6197]
3197 467 3395 530 sexies
3431 467 3740 560 millesimi

379 557 699 628 ὑπολαϐεῖν
739 573 861 635 τοὺς
906 557 1066 645 δὲ-τῷ
1095 572 1320 643 τοιούτῳ
1353 570 1451 644 μὲν
1494 573 1590 632 τῆς
1633 564 1880 644 διγαμίας
1912 564 2009 619 πά-

2106 560 2419 622 centesimi
2447 559 2610 634 noni,
2650 569 2894 640 peccato
2936 560 3292 634 servierunt,
3326 565 3386 620 et
3415 576 3536 619 non
3563 557 3638 620 ab
3668 577 3739 621 eo

377 665 458 718 θει
490 662 897 741 περιπεσόντας,
945 664 1046 740 πρὸ
1079 660 1131 716 δὲ
1195 660 1291 728 τῆς
1351 661 1504 733 ἡμῶν
1565 655 1903 732 ἐπιγνώσεως
1958 653 2009 708 τὶ

2104 650 2460 730 resipiscere
2497 647 3212 729 voluerunt,depositioni
3233 648 3537 710 canonica;
3559 648 3742 728 subji-

379 752 650 827 συμφέρον
679 752 1077 829 έπεγνωκότας,
1109 753 1196 807 καὶ
1227 752 1288 806 τὸ
1325 751 1490 806 κακὸν
1547 747 1599 812 ἐξ
1655 748 1855 805 ἑαυτῶν
1914 766 2009 800 πε-

2103 759 2268 814 cere;
2291 758 2391 802 eos
2413 748 2638 814 autem,
2674 739 2776 820 qui
2808 738 2942 799 talis
2972 737 3209 819 quidem
3235 735 3506 816 bigamiae
3521 737 3739 818 probro

379 842 731 918 ρικόψαντας,
777 843 861 898 καὶ
902 839 1083 918 πόῤῥω
1126 841 1224 907 τὴν
1286 839 1440 906 ξένην
1494 838 1686 903 τούτην
1737 836 1827 892 καὶ
1870 834 2009 889 νόθοι

2102 851 2169 893 ac
2199 831 2484 893 dedecori
2514 829 2800 911 implicati
2832 829 3025 902 fuere,
3072 837 3209 890 ante
3239 836 3510 890 nostrum
3541 837 3738 892 autem

381 931 695 1005 συμπλοκὴν
746 929 1100 996 ἐκδιώξαντας
1135 945 1150 961 ⁶
1198 929 1234 998 ii
1283 931 1370 986 καὶ
1411 931 1488 984 ὧν
1518 931 1568 983 αἱ
1599 926 1734 983 κατὰ
1777 923 2018 1001 δεύτερον

377 1022 553 1098 γάμον
585 1035 838 1100 γυναῖκες
879 1018 982 1087 ἤδη
1014 1019 1476 1091 τετελευτήκασιν,
1514 1018 1546 1086 ii
1575 1019 1664 1073 καὶ
1695 1015 1840 1072 αὐτοὶ
1891 1013 2016 1070 ἐπι-

378 1110 612 1189 στροφήν
645 1109 812 1191 εἶδον,
871 1111 1272 1186 μεταμαθόντες
1329 1108 1430 1175 τὴν
1494 1106 1867 1185 σωφροσύνην,
1930 1104 2018 1158 καὶ

373 1203 484 1256 τῶν
529 1200 716 1280 πρώην
760 1204 945 1263 αὐτοῖς
1005 1197 1490 1279 παρανομηθέντων
1521 1197 1736 1276 ταχέως
1763 1194 2016 1252 ἐπιλαθό-

377 1311 554 1364 μενοι,
616 1288 729 1346 εἴτε
788 1287 1129 1368 πρεσϐύτεροι
1174 1289 1288 1345 εἴτε
1332 1287 1564 1344 διάκονοι
1626 1283 1772 1350 ὄντες
1808 1284 2016 1362 τυγχά-

380 1401 548 1460 νοιεν,
580 1381 795 1443 τούτους
853 1378 992 1445 ἔδοξε
1035 1383 1332 1438 πεπαῦσθαι
1377 1381 1476 1451 μὲν
1519 1377 1699 1443 πάσης
1743 1377 2015 1454 ἱερατικῆς

377 1467 736 1548 λειτουργίας,
781 1469 898 1537 ἤτοι
932 1469 1221 1546 ἐνεργείας,
1255 1466 1358 1534 ἤδη
1388 1467 1472 1523 ἐπὶ
1503 1467 1662 1544 ῥητὸν
1721 1485 1840 1520 τινα
1875 1463 2016 1542 χρό-

377 1580 466 1613 νον
500 1559 912 1634 ἐπιτιμηθέντας
948 1579 960 1592 ’
1015 1564 1117 1624 τῆς
1161 1557 1216 1614 δὲ
1260 1561 1422 1632 τιμῆς
1467 1557 1567 1620 τῆς
1613 1555 1751 1610 κατὰ
1783 1555 1880 1620 τὴν
1910 1574 2015 1608 κα-

372 1645 554 1725 θέδραν
617 1649 703 1704 καὶ
753 1648 938 1704 στάσιν
995 1647 1276 1726 μετέχειν,
1334 1645 1688 1719 ἀρκουμένους
1752 1648 1821 1718 τῇ
1875 1665 2013 1720 προ-

374 1735 516 1812 εδρία
571 1737 667 1792 καῖ
729 1736 1152 1815 προσκλαίοντας
1211 1744 1288 1810 τῷ
1354 1736 1523 1813 Κυρίῳ
1593 1733 2012 1812 συγχωρηθῆναι

374 1828 562 1890 αὐτοῖς
607 1828 667 1882 τὸ
717 1829 779 1882 ἐκ
835 1831 934 1893 τῆς
1002 1826 1220 1903 ἀγνοίας
1278 1825 1558 1900 ἆνόμημα.
1616 1822 1876 1900 Εύλογεῖν
1913 1822 2012 1898 γὰρ

372 1914 574 1994 ἕτερον,
625 1917 716 1971 τὸν
761 1917 825 1972 τὰ
870 1918 1046 1972 οἰκεῖα
1091 1914 1354 1989 τημελεῖν
1384 1912 1664 1993 ὀφείλοντα
1709 1911 2008 1991 τραύματα,

373 2003 732 2062 ἆνακολουθον
766 2022 780 2037 ⁸
815 2006 937 2068 τοὺς
969 2005 1065 2082 μέν
1097 2027 1175 2062 τοι
1211 2009 1420 2081 γαμετῇ
1466 2003 1562 2078 μὲν
1595 2002 1690 2078 μιᾷ
1722 2000 2010 2079 συναφθέν-

371 2115 493 2166 uc,
527 2096 675 2173 χήρα
705 2091 758 2150 δὲ
792 2096 827 2162 ἡ
857 2093 1263 2174 προσληφθεῖσα
1294 2093 1588 2172 ἐτύγχανεν
1615 2091 1650 2159 ii
1681 2088 2014 2164 ἐκϐεϐλημέ-

370 2207 465 2258 νη,
499 2186 756 2248 ὡσαύτως
801 2182 856 2240 δὲ
901 2183 992 2240 καί
1027 2185 1146 2249 τούς
1179 2184 1314 2259 μετὰ
1341 2183 1442 2250 τὴν
1472 2179 1806 2260 χειροτονίαν
1851 2179 2010 2257 γάμῳ

370 2274 453 2329 ένί
490 2275 783 2352 παρανόμῳ
837 2272 1368 2352 προσομιλήσαντας,
1427 2274 1665 2328 τουτέστι
1717 2266 2009 2348 πρεσϐυτέ-

373 2384 518 2440 ρους,
555 2365 640 2418 καὶ
673 2361 967 2436 διακόνους,
1000 2367 1098 2418 καὶ
1124 2360 1526 2432 ὑποδιακόνους,
1562 2357 1665 2426 ἤδη
1697 2357 1782 2415 ἐπὶ
1806 2359 2010 2437 βραχύν

372 2473 490 2507 τινα
548 2451 745 2531 χρόνον
789 2452 1096 2532 εἱρχθέντας
1138 2457 1239 2518 τῆς
1301 2453 1445 2529 ἱερᾶς
1506 2449 1861 2525 λειτουργίας,
1921 2449 2010 2504 καὶ

379 2540 808 2615 ἐπιτιμηθέντας,
855 2544 997 2606 αὖθις
1028 2542 1214 2602 αὐτοὺς
1247 2540 1300 2596 ἐν
1331 2552 1448 2602 τοῖς
1481 2540 1697 2602 οἰκείοις
1726 2537 2007 2594 ἀποκατα-

377 2629 562 2697 στῆναι
604 2631 856 2705 βαθμοῖς,
905 2629 1171 2705 μηδαμῶς
1224 2630 1281 2685 ἐν
1343 2627 1508 2706 ἑτέρῳ
1550 2629 1746 2702 μείζονι
1802 2647 2008 2702 προκο-

371 2741 602 2785 πτοντας
657 2721 845 2796 βαθμῷ
880 2740 892 2754 ο
957 2719 1240 2798 προδήλως
1291 2715 1623 2781 διαλυθέντος
1669 2719 1853 2777 αὐτοῖς
1917 2722 2011 2772 τοῦ

370 2809 606 2884 ἀθέσμου
661 2811 1011 2872 σύνοικεσίου,
1083 2809 1257 2866 Ταῦτα
1317 2806 1373 2863 δέ
1440 2820 1558 2871 τοῖς
1618 2805 2008 2884 καταληφθεῖσι

372 2898 542 2977 μέχρι
589 2903 686 2966 τῆς
742 2897 1225 2957 πεντεκαιδεκάτου
1280 2900 1355 2962 ὡς
1399 2897 1612 2975 εἴρηται
1657 2895 1750 2952 τοῦ
1780 2893 2011 2952 Ἰανουα-

369 2992 484 3068 ρίου
537 2991 727 3063 μηνὸς,
788 2987 836 3046 δ’
897 2988 1242 3062 ίνδικτιῶνος,
1303 2987 1358 3044 ἐν
1422 3000 1542 3051 τοῖς
1615 2985 2009 3064 προδηλώεῖσι

369 3081 667 3155 πταίσμασι
743 3079 830 3135 καὶ
887 3080 1072 3151 μόνον,
1151 3078 1428 3155 ἱερατικῶς
1479 3075 1574 3155 (1)
1637 3075 2004 3150 ἕτοπώσαμεν,

2103 921 2410 983 decretum
2440 918 2498 980 id
2517 920 2672 1000 quod
2697 919 2842 980 utile
2866 927 2957 980 est
2978 925 3435 996 agnoverunt,et
3456 918 3675 980 malum
3705 938 3740 982 a

2102 1028 2166 1070 se
2196 1009 2604 1083 absciderunt,
2663 1016 2722 1070 et
2779 1010 2933 1070 hanc
2960 1007 3358 1070 adulterinam
3392 1014 3456 1069 et
3484 1008 3736 1070 alienam

2101 1099 2586 1178 congressionem
2623 1099 2828 1180 procul
2873 1097 3203 1177 abegerunt
3227 1113 3244 1172 ;
3269 1096 3360 1158 vel
3395 1114 3502 1159 eos
3533 1097 3733 1170 etiam,

2100 1207 2352 1270 quorum
2398 1206 2616 1251 uxores
2646 1189 2706 1250 in
2736 1188 3016 1250 secundis
3073 1187 3297 1267 nuptiis
3321 1187 3446 1267 jam
3489 1195 3739 1250 mortuae

2100 1287 2261 1356 sunt;
2290 1278 2379 1340 vel
2401 1279 2516 1360 ipsi
2540 1279 2715 1341 etiam
2743 1278 2815 1340 ad
2838 1277 3294 1340 conversionem
3321 1287 3736 1359 respexerunt,

2100 1377 2160 1432 et
2189 1368 2618 1431 continentiam
2679 1367 3045 1441 didicerunt,
3083 1375 3142 1428 et
3191 1366 3458 1446 priorum
3494 1384 3736 1430 suarum

2099 1458 2474 1540 iniquitatum
2508 1457 2678 1520 obliti
2707 1466 2873 1534 sunt,
2905 1457 3031 1518 sive
3072 1459 3194 1517 sint
3227 1454 3578 1536 presbyteri,
3614 1456 3741 1519 sive

2100 1548 2475 1624 diaconi,eos
2493 1547 2566 1608 ab
2581 1546 2742 1609 omni
2756 1546 3001 1627 quidem
3024 1546 3378 1608 sacerdotali
3405 1547 3736 1609 ministerio

2097 1638 2190 1697 64
2222 1637 2345 1700 sive
2378 1637 2660 1700 exercitio
2715 1639 2836 1714 jam
2895 1653 3154 1710 cessare,
3213 1634 3505 1716 preatinito
3537 1637 3736 1717 aliquo

2099 1737 2369 1807 tempore
2401 1728 2661 1806 punitos,
2694 1728 2993 1788 honorum
3043 1736 3243 1788 autem
3276 1726 3336 1786 in
3365 1726 3650 1788 cathedra
3680 1734 3740 1789 et

2037 1807 2074 1856 ⁸
2097 1819 2354 1879 statione
2379 1818 2758 1898 participare,
2778 1818 2968 1897 prima
2991 1817 3135 1879 sede
3157 1824 3496 1893 contentos;
3519 1826 3576 1878 et
3600 1835 3735 1879 cum

2097 1910 2236 1970 ﬂetu
2269 1928 2302 1970 a
2334 1909 2577 1970 domino
2613 1908 3075 1988 postulantes,ut
3096 1907 3184 1968 eis
3205 1906 3581 1969 condonetur
3600 1926 3739 1988 pec-

2097 2007 2295 2060 catum
2322 1997 2907 2079 ignorantiae.Neque
2930 1997 3090 2058 enim
3110 1997 3482 2071 convenit,ut
3498 1996 3548 2057 is
3566 1997 3738 2058 alteri

2095 2087 2434 2159 benedicat,
2468 2086 2570 2168 qui
2601 2087 2781 2150 debet
2812 2087 3051 2166 propria
3077 2103 3285 2147 curare
3315 2084 3581 2148 vulnera.
3620 2085 3736 2147 Eos

2093 2195 2256 2254 vero,
2279 2177 2380 2256 qui
2412 2177 2516 2239 uni
2543 2177 2788 2256 quidem
2812 2176 2984 2237 uxori
3002 2174 3261 2255 copulati
3293 2183 3450 2250 sunt,
3476 2173 3529 2236 si
3555 2173 3730 2238 vidua

2095 2275 2246 2346 erat,
2280 2286 2413 2348 qua:
2439 2275 2686 2346 accepta
2717 2273 2808 2327 est
2841 2283 2856 2328 :
2910 2265 3190 2327 similiter
3218 2273 3276 2326 et
3306 2282 3432 2340 eos,
3465 2265 3567 2345 qui
3599 2273 3732 2345 post

2095 2357 2536 2418 ordinationem
2572 2356 2672 2417 uni
2705 2354 3083 2416 matrimonio
3115 2372 3181 2415 se
3209 2354 3732 2434 applicarunt,hoc

2095 2455 2204 2518 est,
2235 2445 2957 2526 presbyteros,diaconos,
2988 2452 3048 2506 et
3075 2445 3540 2524 hypodiaconos,
3567 2442 3731 2505 brevi

2092 2535 2289 2616 aliquo
2323 2545 2592 2617 tempore
2621 2554 2656 2597 a
2685 2553 2855 2597 sacro
2911 2533 3243 2595 ministerio
3277 2533 3636 2612 prohibitos,
3665 2542 3730 2597 et

2093 2626 2570 2707 punitos,rursus
2594 2625 2852 2706 propriis
2873 2622 3156 2703 gradibus
3174 2621 3432 2697 restitui,
3451 2623 3522 2684 ad
3547 2623 3728 2685 alium

2091 2715 2336 2794 gradum
2358 2733 2729 2796 nequaquam
2747 2711 3303 2794 promovendos,eis
3322 2711 3548 2774 nefario
3570 2713 3730 2775 vide-

2091 2803 2238 2866 licet
2270 2804 2560 2866 dissoluto
2593 2801 3041 2883 conjugiollaac
3071 2809 3267 2864 autem
3299 2799 3360 2862 in
3382 2802 3475 2863 his
3496 2803 3593 2883 qui
3615 2802 3726 2865 de-

2095 2894 2372 2973 prehensi
2399 2903 2536 2956 sunt
2561 2911 2748 2975 usque
2771 2893 2841 2954 ad
2866 2892 3166 2954 decimum
3193 2891 3563 2972 quintum,ut
3592 2893 3724 2953 dic-

2093 2991 2214 3042 tum
2245 2992 2358 3058 est,
2427 2983 2650 3046 mensis
2702 2982 2970 3046 Januarii
3002 2989 3229 3062 quartas
3258 2980 3628 3054 indictionis,
3662 2982 3725 3044 in

2093 3072 2258 3152 prius
2288 3071 2604 3136 declaratis
2637 3071 2896 3152 delictis,
2918 3071 3110 3132 solum
3143 3069 3337 3132 valere
3370 3070 3725 3147 statuimus;

368 3170 630 3246 ὁρίζοντες
684 3168 791 3225 ἀπὸ
848 3177 942 3227 τοῦ
1012 3167 1271 3246 παρόντος
1334 3168 1421 3224 καὶ
1485 3167 1860 3241 ἀνανεούμενοι
1917 3167 2008 3221 τὸν

2094 3160 2310 3224 abhinc
2339 3161 2698 3224 deﬁnientes
2729 3169 2786 3223 et
2815 3167 3171 3223 renovantes
3194 3177 3486 3222 canonem
3513 3161 3596 3232 73.
3625 3161 3730 3240 qui

368 3259 567 3314 κανόνα
623 3259 715 3314 τὸν
771 3256 1173 3336 διαγορεύοντα,
1218 3256 1310 3312 τόν
1358 3254 1469 3312 δυσὶ
1513 3255 1706 3335 γαμοιν
1751 3255 2006 3330 συμπλα-

367 3348 531 3404 κέντα
561 3349 698 3423 μετᾶ
728 3349 790 3403 τὸ
819 3349 1118 3422 βαπτισμα,
1152 3347 1187 3413 ἢ
1220 3344 1504 3413 παλλακὴν
1533 3345 1893 3424 κτησάμενον,
1929 3367 2007 3420 μη

368 3437 616 3494 δύνασθαι
663 3437 806 3494 εῖναι
843 3436 1135 3493 ἐπίσκοπον
1165 3436 1201 3502 ii
1241 3433 1588 3512 πρεσϐύτερον
1617 3434 1653 3502 ἢ
1679 3433 1934 3508 διάκονον,
1970 3435 2005 3502 ii

369 3526 510 3592 ὅλως
551 3536 644 3585 τοῦ
683 3525 988 3604 καταλόγου
1030 3527 1124 3581 τοῦ
1163 3527 1448 3600 ἱερατικοῦ.
1516 3515 1784 3589 Ὠσαύτως
1826 3522 1882 3579 δὲ
1914 3525 2009 3580 καί

367 3619 461 3674 τὸν
493 3618 671 3696 χήραν
702 3614 957 3690 λαϐόντα,
990 3616 1026 3683 ii
1054 3611 1480 3689 ἐκϐεϐλημένην,
1513 3614 1547 3682 ii
1579 3615 1809 3685 έταῗραν,
1865 3614 1900 3681 ii
1925 3616 2006 3669 0’-

371 3707 538 3784 ιιέτιν,
571 3709 607 3773 ἢ
636 3709 744 3761 τῶν
777 3704 870 3761 ἐπὶ
923 3705 1156 3775 σκηνῆς,
1209 3703 1288 3778 μὴ
1320 3701 1564 3760 δύνασθαι
1597 3703 1740 3759 εἶναι
1785 3701 1971 3759 ἐπίσκο
1991 3736 2008 3747 -

370 3816 472 3852 πον
506 3796 540 3862 ii
569 3792 924 3874 πρεσϐύτερον
956 3795 991 3863 ii
1031 3792 1297 3868 διάκονον,
1346 3791 1381 3861 ii
1414 3791 1552 3857 ὅλως
1583 3799 1675 3849 τοῦ
1707 3790 2008 3871 καταλόγου

370 3891 465 3942 τοῦ
494 3885 781 3963 ἱερατικοῦ.

455 3971 548 4036 ιϐ’,
586 3975 682 4032 Καὶ
733 3979 888 4030 τοῦτο
945 3971 1001 4029 δὲ
1052 3975 1128 4039 είς
1184 3979 1384 4053 γνῶσιν
1416 3970 1681 4050 ἡμετέραν
1720 3969 1902 4047 ἦλθεν,
1936 3973 2008 4037 ὡς

369 4062 428 4120 ἐν
453 4069 524 4140 τῇ
563 4060 791 4143 Ἀφρικῇ
840 4064 926 4119 καὶ
971 4061 1138 4139 Λιϐύῃ
1186 4063 1274 4119 καὶ
1307 4061 1505 4141 ἐὸέροις
1555 4062 1766 4140 τόποις,
1815 4063 1862 4118 οἱ
1905 4061 2011 4117 τῶν

370 4153 550 4210 ἐκεῖσε
602 4150 1007 4230 θεοφιλέστατοι
1062 4150 1332 4232 πρόεδροι,
1389 4163 1658 4207 συνοικεῖν
1706 4163 1829 4216 ταῖς
1859 4147 2010 4216 ἰδίαις

369 4255 638 4320 γαμεταῖς
683 4243 773 4298 καὶ
811 4242 946 4316 μετὰ
1002 4241 1100 4308 τὴν
1155 4241 1241 4298 ἐπ’
1273 4244 1457 4305 αὐτοῖς
1487 4238 1848 4316 προελθοῦσαν
1879 4262 2007 4319 χει-

370 4332 611 4410 ροτονίαν
661 4333 722 4388 ού
780 4337 1178 4406 παραιτοῦνται,
1245 4330 1570 4407 πρόσκομμα
1646 4342 1764 4395 τοῖς
1823 4329 2007 4394 ἄλλοις

2089 3251 2235 3314 dicit
2258 3269 2394 3314 eum
2420 3253 2527 3328 qui
2548 3250 2782 3313 duobus
2799 3250 3192 3313 matrimoniis
3215 3259 3349 3330 post
3367 3249 3729 3330 baptismum

2089 3341 2436 3421 implicatus
2468 3341 2670 3420 fuerit,
2704 3341 2794 3402 vel
2825 3339 3218 3403 concubinam
3253 3339 3552 3416 habuerit,
3609 3358 3730 3402 non

2092 3451 2266 3514 posse
2296 3451 2432 3494 esse
2462 3435 2832 3513 episcopum,
2865 3431 2958 3493 vel
3003 3433 3434 3512 presbyterum,
3468 3433 3560 3493 vel
3595 3432 3726 3494 dia-

2091 3540 2331 3596 conum,
2365 3521 2454 3583 vel
2489 3522 2728 3582 omnino
2761 3539 2830 3582 ex
2859 3520 3214 3582 sacerdotali
3246 3519 3728 3600 catalogo.Simi-

2090 3610 2232 3671 liter
2261 3618 2322 3674 et
2353 3612 2451 3692 qui
2483 3611 2716 3672 viduam
2747 3609 3099 3690 accepit,vel
3131 3609 3561 3683 dimissam,vel
3595 3627 3727 3671 me-

2091 3700 2394 3775 retricem,
2456 3699 2548 3762 vel
2600 3717 2858 3774 servam,
2905 3698 2996 3760 vel
3047 3697 3372 3780 scenicam,
3405 3717 3522 3760 non
3553 3717 3729 3780 posse

2093 3806 2227 3850 esse
2258 3789 2627 3870 episcopum,
2663 3789 2755 3851 vel
2789 3788 3230 3869 presbyterum,
3261 3789 3352 3850 vel
3383 3787 3725 3866 diaconum,

2091 3879 2180 3941 vel
2209 3881 2451 3942 omnino
2483 3897 2556 3942 ex
2588 3878 2948 3941 sacerdotali
2977 3878 3265 3957 catalogo.

2175 3969 2465 4032 12.Porro
2489 3969 2600 4030 hoc
2612 3969 2921 4050 “quoque
2942 3968 3015 4030 ad
3040 3976 3300 4030 nostram
3323 3965 3728 4046 cognitionem

2095 4057 2389 4141 pervenit,
2417 4056 2571 4137 quod
2597 4058 2658 4119 in
2682 4057 2877 4120 Africa
2899 4065 2958 4119 et
2977 4057 3153 4137 Libya
3177 4063 3233 4118 et
3255 4054 3392 4118 aliis
3414 4056 3560 4119 locis
3588 4057 3728 4136 qni-

2092 4151 2226 4212 dam
2261 4167 2333 4211 ex
2362 4147 2458 4220 iis,
2491 4146 2593 4228 qui
2626 4146 2748 4209 illic
2778 4155 2938 4228 sunt,
2969 4146 3401 4226 religiosissimi
3440 4144 3728 4226 praesules

2092 4259 2227 4302 cum
2262 4236 2524 4320 propriis
2544 4236 3044 4309 uxoribus,etiam
3067 4244 3378 4316 postquam
3406 4233 3499 4296 65
3530 4234 3601 4297 ad
3626 4253 3730 4297 eos

2091 4327 2385 4412 processit
2411 4326 2857 4400 ordinatio,uua
2883 4325 3150 4388 habitare
3171 4343 3290 4386 non
3320 4334 3621 4407 recusant,
3658 4343 3729 4388 ex

371 4421 610 4485 τιθέντες
655 4420 874 4478 ἐνταῦθα
915 4421 1005 4476 καὶ
1071 4418 1390 4476 σκάνδαλον.
1459 4417 1670 4485 Πολλῆς
1737 4421 1823 4476 οὖν
1871 4422 2005 4495 ἡμῖν

2094 4438 2163 4481 eo
2197 4417 2430 4498 papulis
2453 4415 2878 4478 oﬂ‘endiculum
2907 4425 2966 4476 et
3007 4415 3353 4476 scandalum
3385 4415 3725 4478 afferentes.

369 4501 603 4578 στῗουδῆς
649 4510 834 4584 οὔσης,
879 4515 974 4564 τοῦ
1020 4508 1196 4565 πάντα
1229 4508 1360 4586 πρὸς
1419 4507 1684 4588 ὠφέλειαν
1741 4514 1848 4564 τῶν
1905 4510 2008 4565 ὑπὸ

369 4612 540 4680 χεῖρα
583 4599 846 4674 ποιμνίων
900 4597 1331 4677 διαπράττεσθαι,
1369 4594 1539 4662 ἔδοξεν
1570 4596 1706 4653 ὥστε
1739 4595 2006 4672 μηδαμῶς

366 4711 420 4746 τι
449 4689 690 4747 τοιοῦτον
720 4689 827 4746 ἀπὸ
856 4695 950 4746 τοῦ
994 4694 1082 4744 νῦν
1137 4688 1430 4766 γίγνεσθαι.
1485 4693 1650 4744 Τοῦτο
1707 4686 1762 4743 δέ
1808 4710 2003 4768 φαμεν,

369 4780 467 4837 οὒκ
498 4779 583 4836 ἐπ’
613 4779 860 4850 ἀθετήσει
889 4778 925 4847 ii
955 4777 1236 4857 ἀνατροφῷ
1285 4781 1394 4833 τῶν
1439 4775 1808 4840 ἂποστο).ικῶς
1853 4798 2005 4833 νενο-

370 4871 777 4944 μοθετημένων,
836 4867 974 4924 ἀλλὰ
1017 4868 1115 4936 τῆς
1174 4866 1440 4945 σωτηρίας
1499 4867 1587 4923 καὶ
1642 4871 1739 4934 τῆς
1797 4866 1882 4923 ἐπὶ
1947 4869 2008 4925 τὸ

369 4972 616 5033 κρεῖττον
673 4961 956 5035 προκοπῆς
1012 4960 1120 5013 τῶν
1185 4956 1330 5012 λαῶν
1397 4956 1852 5034 προμηθούμενοι,
1915 4958 2012 5015 καῖ

367 5053 463 5104 τοῦ
523 5047 600 5123 μη
643 5043 819 5102 δοῦναι
860 5051 1052 5122 μῶμον
1084 5046 1204 5103 τινὰ
1248 5044 1382 5102 κατᾶ
1425 5050 1524 5112 τῆς
1583 5047 1854 5123 ἱερατικῆς
1898 5069 2004 5104 κα-

369 5139 702 5200 ταστάσεως.
749 5135 896 5202 Φησί
941 5137 1043 5215 γὰρ
1096 5138 1123 5192 ὁ
1175 5138 1322 5198 θεῖος
1393 5131 1719 5200 Ἀπόστολος
1753 5153 1766 5169 ’
1831 5137 2007 5195 Πάντα

370 5226 446 5290 είς
504 5223 658 5292 δόξαν
714 5231 846 5282 Θεοῦ
923 5238 1156 5299 ποιεῖτε,
1237 5223 1569 5302 ἀπρόσκοποι
1651 5225 1854 5302 γίνεσθε
1911 5228 2006 5284 καί

372 5314 644 5379 Ἰουδαίοις
677 5317 764 5373 καὶ
806 5313 1038 5384 Ἕλλησι
1096 5314 1184 5371 καὶ
1239 5319 1309 5390 τῇ
1369 5311 1684 5388 ’Ἐκκλησία
1727 5320 1818 5372 τοῦ
1876 5324 2009 5380 Θεοῦ

2092 4506 2235 4570 Cum
2260 4507 2458 4587 itaque
2476 4505 2739 4567 studium
2762 4513 3034 4567 nostrum
3060 4504 3120 4565 in
3147 4522 3219 4566 eo
3252 4521 3614 4582 magnOpere
3635 4503 3726 4565 la-
3755 4503 3760 4508 ’

2091 4596 2284 4671 boret,
2308 4605 2371 4656 ut
2401 4596 2602 4656 omnia
2631 4595 2703 4656 ad
2740 4594 2938 4675 gregis
2960 4597 3021 4654 in
3046 4611 3256 4655 manus
3274 4601 3508 4656 nostras
3531 4592 3730 4654 traditi

2093 4685 2386 4764 nobisque
2417 4685 2722 4747 commissi
2774 4684 3089 4746 utilitatem
3139 4684 3300 4757 (iant,
3336 4682 3508 4744 nobis
3537 4681 3727 4744 visum

2091 4782 2274 4856 est,ut
2304 4774 2451 4835 nihil
2475 4773 2773 4853 ejusmodi
2795 4773 3084 4853 deinceps
3107 4772 3225 4834 ullo
3252 4771 3426 4833 modo
3449 4771 3570 4836 ﬁat.
3601 4771 3726 4833 Hoc

2091 4875 2286 4928 autem
2311 4863 2592 4940 dicimus,
2633 4882 2751 4925 non
2782 4865 2853 4926 ad
2889 4882 2958 4925 ea
2986 4861 3281 4924 abolenda
3311 4869 3370 4922 et
3410 4860 3728 4922 evertenda

2093 4974 2224 5037 quae
2252 4953 2579 5036 apostolice
2601 4961 2775 5016 antea
2796 4954 3120 5016 constituta
3150 4959 3289 5013 sunt
3310 4950 3507 5032 75,5ed
3541 4969 3729 5033 popu-

2093 5045 2285 5106 lorum
2318 5043 2526 5105 salutis
2557 5050 2617 5104 et
2669 5043 2743 5104 ad
2777 5041 3026 5104 meliora
3059 5039 3495 5122 progressionis
3524 5057 3727 5104 curam

2089 5140 2458 5216 gerentes,et
2478 5149 2555 5193 ne
2576 5140 2762 5194 status
2781 5130 3226 5192 ecclesiasticus
3246 5129 3349 5192 illo
3374 5129 3590 5211 probro
3605 5131 3729 5193 afﬁ-

2091 5221 2465 5289 ciatur.Dicit
2494 5222 2653 5282 enim
2679 5220 2910 5282 divinus
2927 5221 3270 5300 Apostolus:
3299 5219 3513 5282 Omnia
3526 5221 3608 5283 ad
3621 5221 3732 5283 Dei

2089 5317 2350 5402 gloriam
2363 5311 2546 5390 facite
2569 5329 2583 5374 :
2610 5311 2744 5374 sine
2765 5310 3128 5389 offendicula
3149 5318 3358 5387 estote,
3383 5318 3443 5374 et
3471 5310 3726 5395 Iudaeis,

451 5473 514 5528 75
543 5473 691 5539 Can.
720 5482 912 5558 apoet.
948 5476 1020 5540 17
1061 5474 1161 5542 18.
1247 5473 1312 5525 τι
1338 5473 1577 5540 Confer.
1613 5490 1749 5540 can.
1781 5487 1974 5561 apost.
2008 5482 2069 5548 9.
2155 5481 2219 5532 73
2248 5477 2394 5541 οδω.
2426 5478 2616 5554 apost.
2647 5471 2708 5537 5.

374 5707 531 5754 anno
562 5689 703 5772 ςριγ
736 5689 893 5754 6109
922 5707 1058 5756 eam
1085 5689 1565 5776 Constantinop.,
1598 5692 1706 5758 sed
1734 5695 1858 5780 ςρ4
1872 5588 2228 5780 θ’
2257 5701 2346 5760 est
2375 5690 2596 5760 Christi
2625 5690 2768 5774 691,
2803 5689 3104 5755 celebrata
3130 5689 3260 5755 fuit.
3293 5688 3432 5756 Mai.
