4108 6222
377 310 494 379 515

1567 304 1830 373 PHOTII
1873 305 2394 378 PATRIARCHE
2435 307 2548 374 GP.

3619 302 3736 374 516

373 454 428 512 et
450 447 706 529 Graecis,
731 453 787 510 et
807 442 918 509 Dei
942 437 1247 522 Ecclesiae,
1281 442 1790 525 quemadmodum
1820 448 1875 506 et
1899 456 2007 520 ego

2116 443 2266 507 ιαθὼς
2324 445 2474 524 κάγω
2535 445 2710 502 πάντα
2752 451 2912 503 πᾶσιν
2975 441 3060 526 (1)
3121 444 3352 524 ἀρέσκω,
3419 445 3500 521 μῆ
3558 449 3737 516 ζητῶν

373 538 653 602 omnibus
675 539 742 599 in
772 537 1054 599 omnibus
1081 533 1308 612 placeo,
1357 552 1480 596 non
1508 550 1790 615 quaerens
1819 549 2015 594 meam

373 626 836 702 utilitatem,sed
863 623 1295 703 multorum,ut
1315 622 2016 686 serventueritatores

375 720 495 780 mei
522 719 890 788 estote,sicut
921 721 974 776 et
1005 733 1112 795 ego
1161 712 1398 776 Christi
1441 713 1523 777 76.
1561 712 1623 776 Si
1655 713 1790 790 quis
1819 719 2015 773 autem

375 809 492 870 tale
519 805 662 889 quid
693 823 872 885 agere
901 804 1314 885 deprehensus
1344 803 1544 884 fuerit,
1581 804 1934 884 deponatur.

899 893 1120 956 Basilii
1163 911 1362 956 canon
1393 892 1488 956 ιε.

459 983 560 1048 12.
593 985 798 1046 Canon
850 984 1094 1046 omnino
1151 981 1424 1062 digamos
1477 1000 1512 1043 a
1544 979 1879 1044 ministerio
1909 997 2016 1042 ex-

375 1074 573 1138 clusit.

468 1163 708 1227 Toxlus.
743 1164 898 1241 Lege
919 1163 1010 1227 til.
1045 1163 1070 1222 t
1106 1161 1718 1237 Novellarum,const,
1746 1159 1802 1233 1,
1826 1157 2012 1233 2,17,

377 1261 439 1317 in
469 1252 688 1332 quibus
717 1252 959 1327 dicitur,
993 1271 1130 1314 enm
1164 1252 1267 1333 qui
1310 1252 1648 1332 episcOpus,
1677 1246 2009 1330 presbyter,

376 1345 688 1416 diaconus,
723 1352 823 1404 aut
846 1342 1292 1422 bypodiaconus
1321 1340 1616 1404 creandus
1648 1348 1760 1414 est,
1793 1337 2016 1401 debere

377 1453 510 1497 esse
531 1431 848 1512 virginem,
876 1441 976 1493 aut
1013 1449 1085 1494 ex
1107 1431 1440 1511 virginitate
1470 1447 1648 1492 unam
1685 1427 2009 1510 [duntaxat]

373 1543 620 1587 uxorem
653 1523 942 1599 virginem
975 1519 1241 1584 duxisse.

456 1614 624 1678 CAP.
661 1611 866 1675 XXIV.
900 1646 977 1657 —
1008 1610 1098 1674 De
1130 1614 1213 1674 iis
1243 1613 1353 1692 qui
1369 1611 1634 1692 pecunia
1669 1607 2013 1672 ordinatio-

373 1723 514 1769 nem
541 1703 633 1768 vel
661 1703 918 1783 ofﬁcium
949 1707 1304 1782 impetrant.

797 1792 1234 1874 Apostolorum
1264 1807 1456 1854 canon
1485 1790 1584 1852 29.

456 1882 533 1947 29
563 1881 704 1963 [‘28].
729 1880 790 1944 Si
823 1882 958 1962 quis
987 1881 1303 1960 episcopus
1334 1899 1444 1960 per
1466 1879 1748 1960 pecunias
1769 1878 1922 1941 hanc
1941 1875 2018 1938 sit

377 1973 729 2053 dignitatem
760 1971 1192 2046 assecutus,vel
1227 1968 1560 2049 presbyter,
1580 1969 1670 2030 vel
1703 1968 2012 2038 diaconus,

373 2063 708 2143 deponatur
734 2061 828 2122 66
853 2068 912 2122 et
939 2060 1164 2138 ipse,et
1207 2059 1311 2139 qui
1369 2078 1505 2120 eum
1539 2058 1857 2134 ordinavit,
1892 2066 1954 2119 et
1981 2075 2017 2118 a

377 2151 801 2214 communione
831 2149 1074 2212 omnino
1107 2148 1514 2225 exscindatur,
1550 2157 1612 2210 ut
1652 2147 1859 2210 Simon
1889 2144 2014 2207 Ma-

373 2261 481 2322 gns
510 2259 544 2305 ε
575 2259 672 2302 me
700 2242 877 2303 Petro
899 2240 984 2303 77.

638 2331 902 2394 Cone-itii
934 2327 1443 2392 Chalcedonensis
1461 2345 1656 2390 canon
1680 2327 1740 2390 2.

455 2427 514 2485 2.
548 2419 608 2484 Si
639 2420 774 2499 quis
803 2420 1149 2500 episcopus,
1177 2426 1423 2496 propter
1455 2417 1740 2498 pecunias
1769 2415 2015 2478 ordina-

375 2509 598 2573 tionem
631 2509 862 2584 fecerit,
895 2518 956 2572 et
987 2527 1106 2569 non
1140 2506 1412 2570 venalem
1442 2507 1689 2586 gratiam
1723 2506 1781 2567 in
1807 2504 2017 2567 vendi-

373 2599 597 2661 tionem
629 2597 1036 2668 deduxerit,et
1062 2605 1306 2674 propter
1333 2597 1622 2674 pecunias
1651 2594 2016 2656 ordinaverit

373 2689 748 2766 episcopum,
781 2687 877 2748 vel
909 2686 1432 2766 chorepiscopum,
1476 2686 1568 2748 vel
1601 2685 2014 2765 presbyterum

371 2777 832 2852 veldiaconum,
887 2777 976 2838 vel
1029 2775 1288 2856 aliquem
1347 2793 1557 2837 eorum
1605 2774 1708 2854 qui
1759 2775 1818 2835 in
1849 2774 2012 2836 clero

372 2875 873 2942 annumerantur,
909 2865 998 2928 vel
1051 2875 1295 2946 propter
1351 2865 1634 2944 pecunias
1667 2864 2014 2945 promoveri

374 2975 776 3038 mconomum,
811 2956 902 3018 vel
961 2955 1369 3027 defensorem,
1401 2955 1492 3016 vel
1525 2954 2010 3034 paramonarium

375 3048 464 3112 vel
497 3048 741 3110 omnino
799 3043 1062 3124 aliquem
1121 3063 1192 3107 ex
1237 3061 1488 3118 canone,
1523 3045 1712 3123 turpis
1741 3055 2012 3124 quaestus

371 3137 555 3217 gratia
589 3157 604 3200 :
639 3139 739 3216 qui
773 3137 884 3198 hoc
907 3143 1164 3197 tentasse
1190 3133 1500 3196 convictus
1527 3133 1726 3206 fuerit,
1759 3132 1834 3194 de
1864 3151 2010 3213 pro-

373 3226 502 3307 prio
531 3225 718 3305 gradu
747 3225 809 3286 in
845 3223 1172 3305 periculum
1224 3223 1426 3285 veniat
1461 3243 1475 3282 :
1512 3231 1570 3284 et
1596 3222 1700 3303 qui
1731 3229 1822 3284 est
1842 3221 2011 3282 ordi-

2097 534 2159 588 t6
2207 532 2436 608 ἐμαυτοῦ
2493 535 2779 616 συμφέρον,
2862 534 3000 592 ἀλλὰ
3069 538 3128 592 τὸ
3187 540 3292 591 τῶν
3348 533 3592 610 πολλῶν,
3643 534 3740 590 ’ίνα

2099 625 2361 684 σωθῶσιτ
2427 647 2659 700 μιμηται
2720 647 2822 701 μου
2876 627 3102 704 γίνεσθε,
3174 626 3346 691 καθὼς
3399 625 3552 703 κάγὼ
3599 632 3740 702 Χρι-

2102 713 2246 770 στού.
2313 715 2368 771 El
2427 712 2481 771 δέ
2551 738 2631 781 τις
2691 716 2958 796 φωραθείη
3034 716 3092 772 τὸ
3171 721 3407 774 τοιοῦτον
3469 715 3738 795 πράττων,

2102 807 2471 884 καθαιρείσθω.

2611 897 2886 956 Βασιλεία.»
2913 897 3090 955 κανὼν
3121 896 3214 958 ιϐ’.

2183 981 2252 1040 ιϐ’
2311 987 2413 1044 Τυὺ
2492 985 2515 1006 ’⁵
2592 988 2604 1008 ’
2685 986 2744 1044 i5-
2965 987 3038 1046 λ’
3278 989 3326 1029 ⁸·
3434 992 3462 1004 ”
3533 988 3546 1008 ⁸

2263 1034 2276 1048 .
2418 1009 2442 1050 ς
2486 1005 2684 1066 οιγαμο
2720 1027 2742 1052 ς
2795 1009 2960 1046 παντε
3000 1012 3074 1052 ως
3107 991 3135 1045 6
3165 1011 3364 1063 κανων,
3399 1009 3500 1056 της
3529 1009 3740 1066 υπηρε-

2102 1073 2218 1136 σίας
2247 1073 2586 1138 ἀπέκλεισεν.

2182 1171 2298 1226 Τιτ.
2334 1165 2385 1222 α’
2415 1166 2520 1223 τῶν
2569 1175 2792 1248 νεαρῶν,
2839 1166 2977 1230 seu.
3031 1168 3085 1224 α’
3116 1166 3169 1245 β’
3202 1166 3291 1244 ιζ’,
3337 1168 3391 1225 ἒν
3423 1171 3514 1233 αἶς
3572 1168 3738 1246 εἴρη-

2099 1275 2184 1331 ται
2253 1254 2340 1312 ὅτι
2397 1259 2425 1313 6
2503 1259 2970 1338 χειροτονούμενος
3044 1257 3334 1332 ἐπίσκοπος
3406 1259 3442 1326 ἢ
3497 1255 3737 1337 πρεσϐύ-

2097 1362 2248 1420 τερος
2279 1345 2314 1412 ἢ
2340 1343 2580 1411 διάκονος
2615 1347 2648 1415 ἢ
2693 1347 3066 1423 ὑποδιάκονος,
3125 1347 3333 1427 ὀφείλει
3367 1349 3512 1405 εῖναι
3545 1345 3736 1426 παρθέ-

2099 1452 2186 1494 νος
2216 1433 2251 1501 ἢ
2283 1432 2339 1489 ἔκ
2369 1435 2625 1510 παρθένου
2656 1438 3042 1516 μονογαμήσας
3071 1436 3352 1516 παρθένον,

2182 1618 2433 1677 ΚΕΦΑΛ.
2471 1614 2605 1678 ΚΔ’,
2657 1647 2735 1660 ·-
2795 1615 2921 1693 Περὶ
2974 1620 3082 1673 τῶν
3126 1615 3211 1672 ἰπὶ
3265 1616 3511 1695 χρήμασι
3546 1637 3736 1696 χειρο-

2099 1701 2432 1778 τονουμένων
2463 1703 2498 1771 ἢ
2529 1702 2909 1780 λαμϐανόντων
2941 1705 3208 1785 ὀφφίκιον,

2577 1791 2919 1850 Ἀπόστολων
2949 1796 3123 1851 κανὼν
3161 1793 3266 1857 κθ’,

2179 1878 2285 1942 κθ’.
2320 1881 2385 1938 Εῗ
2415 1904 2494 1945 τις
2523 1881 2813 1946 ἐπίσκοπος
2847 1881 2932 1945 διὰ
2962 1881 3287 1963 χρημάτων,
3317 1889 3416 1950 τῆς
3441 1883 3585 1948 ἀξίας
3613 1885 3740 1940 ταύ-

2099 1991 2200 2038 της
2245 1969 2508 2048 ίγκρατὴς
2555 1972 2800 2050 γένηται,
2857 1971 2893 2039 ἢ
2952 1970 3327 2051 πρεσϐύτερος,
3378 1973 3414 2041 ἢ
3464 1971 3732 2054 διάκονος,

2099 2060 2444 2125 καθαιρείσθω
2472 2062 2561 2118 καὶ
2615 2063 2770 2124 αὐτὸς
2825 2063 2912 2118 καί
2962 2064 2990 2118 6
3037 2064 3451 2140 χειροτονήσας,
3497 2064 3585 2118 καὶ
3638 2063 3736 2120 έκ-

2097 2149 2374 2206 κοπτέσθω
2432 2151 2738 2207 παντάπασι
2791 2152 2888 2217 τῆς
2968 2155 3270 2232 κοινωνίας,
3334 2152 3408 2216 ὡς
3467 2152 3649 2227 Σίμων
3706 2155 3736 2209 ὁ

2098 2237 2279 2315 Μάγος
2310 2236 2400 2294 ὑπ’
2430 2237 2561 2312 ἔμοῧ
2586 2239 2803 2311 Πέτρου.

2451 2325 2679 2385 Συνόδου
2710 2327 3053 2396 Χαλκηδόνος
3087 2331 3261 2386 κανὼν
3291 2328 3365 2406 β’.

2178 2414 2332 2489 β’.Εἵ
2370 2436 2446 2482 τις
2474 2416 2767 2474 ἑπίσκοπσσ
2798 2418 2890 2474 ἑπί
2924 2420 3172 2498 χρήμασι
3204 2421 3536 2498 χειροτονίαν
3570 2422 3734 2492 ποιή-

2097 2529 2271 2587 σαιτο,
2338 2509 2426 2565 καὶ
2477 2510 2551 2573 είς
2606 2511 2796 2587 πράσιν
2842 2511 3141 2588 καταγάγοι
3204 2512 3303 2577 τὴν
3346 2511 3582 2590 ἄπρατον
3615 2513 3734 2592 χά-

2099 2619 2206 2676 ριν,
2266 2598 2352 2652 καί
2411 2600 2784 2676 χειροτονήσοι
2845 2599 2928 2656 ἐπὶ
2991 2599 3267 2678 χρήμασιν
3315 2603 3637 2674 ὶπισκοπον,
3695 2603 3734 2670 ἢ

2098 2687 2533 2767 χωρεπίσκοπον,
2585 2688 2620 2755 ἢ
2651 2685 3059 2766 πρεσϐυτέρους,
3091 2689 3126 2756 ἢ
3152 2686 3450 2767 διακόνους,
3484 2688 3521 2758 ἢ
3553 2689 3735 2768 ἕτερον

2096 2799 2214 2834 τινα
2258 2782 2364 2832 τῶν
2407 2777 2459 2834 έν
2504 2785 2580 2852 τῷ
2636 2777 2821 2854 κλήρῳ
2877 2779 3398 2858 καταριθμουμένων,
3433 2781 3467 2847 ἢ
3524 2777 3738 2857 προϐά-

2097 2865 2245 2923 λοιτο
2295 2868 2381 2922 ἰπὶ
2437 2869 2714 2946 χρήμασιν
2775 2869 3080 2946 οίκονομον,
3125 2868 3160 2936 ἢ
3211 2866 3442 2944 ἔκδικον,
3477 2869 3511 2938 ἢ
3556 2892 3734 2948 πορα-

2098 2956 2374 3038 μονάριον,
2407 2956 2442 3024 ἢ
2474 2956 2612 3020 ὅλως
2643 2958 2761 3013 τινα
2792 2965 2885 3014 τοῦ
2915 2979 3138 3020 κανονος
3189 2956 3258 3014 δι’
3302 2957 3736 3038 οἱσχροκέρδειαν

2097 3047 2318 3107 οἰκείαν.
2356 3037 2408 3102 Ὀ
2449 3053 2592 3102 τοῦτο
2649 3046 3007 3126 ἐπιχειρήσας
3052 3045 3352 3126 ἐλεγχθεὶς,
3387 3037 3735 3104 κινδυνευέτω

2095 3137 2212 3213 περὶ
2268 3138 2361 3193 τὸν
2417 3137 2616 3192 οἰκεῖον
2669 3136 2895 3211 βαθμὸν,
2927 3135 3015 3192 καί
3058 3137 3085 3192 6
3117 3137 3592 3214 χειροτονούμενος
3621 3161 3732 3212 μη-

2095 3223 2181 3280 δὲν
2238 3224 2300 3280 ἐκ
2355 3223 2451 3292 τῆς
2507 3224 2627 3280 κατ’
2678 3223 2935 3303 ἐμπορίαν
2991 3223 3292 3306 ὠφελείσθω
3323 3228 3656 3306 χειροτονίας
3689 3225 3727 3295 ἢ

372 3322 568 3388 natus,
603 3332 672 3376 ex
706 3313 1084 3376 ordinatione
1129 3312 1220 3374 vel
1255 3315 1631 3394 promotione
1661 3331 1792 3393 qua:
1823 3311 2010 3374 instar

2116 3311 2388 3393 ιροϐολῆςο
2423 3313 2543 3370 ἀλλ’
2577 3315 2714 3370 ἔστω
2743 3313 3023 3392 ἀλλότριος
3069 3321 3167 3382 τῆς
3199 3314 3343 3381 ἀξίας
3375 3317 3411 3384 ἢ
3441 3324 3534 3374 τοῦ
3563 3338 3732 3395 φρον-

373 3414 776 3468 mercatorum
802 3403 1201 3476 venundatur,
1237 3402 1385 3464 nihil
1414 3402 1696 3483 juvetur:
1732 3401 1836 3463 sed
1868 3401 1944 3463 sit
1975 3420 2010 3463 a

2116 3406 2376 3484 ςίσματος,
2435 3405 2595 3481 οὗπερ
2653 3405 2739 3461 ἐπὶ
2796 3406 3073 3485 χρήμασιν
3102 3405 3319 3486 ἔτυχεν.
3361 3405 3498 3462 Εἰδέ
3529 3429 3610 3470 τις
3642 3408 3734 3464 καὶ

374 3493 662 3571 dignitate
684 3495 775 3555 vel
791 3493 1103 3556 curatione
1119 3491 1356 3554 alienus
1376 3511 1555 3572 quam
1583 3493 1852 3572 pecuniis
1871 3492 2013 3554 ade-

371 3592 505 3666 ptus
531 3592 640 3648 est.
675 3583 733 3646 Si
767 3585 898 3664 quis
951 3591 1150 3644 autem
1182 3590 1498 3662 sequester
1552 3590 1614 3644 et
1648 3583 2012 3644 intercessor

370 3672 520 3735 adeo
541 3673 815 3755 turpibus
835 3685 895 3734 et
915 3672 1160 3734 nefariis
1197 3671 1383 3733 lucris
1403 3671 1701 3752 apparuit,
1729 3671 1826 3732 hic
1857 3690 2009 3752 quo-

369 3781 488 3844 que
509 3763 557 3824 si
578 3765 658 3825 sit
680 3763 922 3844 quidem
951 3761 1206 3824 clericus
1231 3761 1472 3841 proprio
1497 3761 1684 3838 gradu
1702 3759 2014 3823 excidat:si

370 3853 445 3913 sit
466 3861 666 3915 autem
701 3851 912 3926 laicus,
945 3851 1036 3912 vel
1068 3851 1420 3924 monachus,
1452 3849 2013 3912 anathematizetur.

536 3941 804 4004 Consilii
833 3941 1190 4003 aecumcnici
1219 3954 1280 4000 v1
1312 3956 1575 4002 canones
1615 3938 1712 4011 22,
1749 3937 1848 4001 23.

2094 3495 2387 3568 μεσιτεύων
2443 3495 2634 3573 φανείη
2664 3506 2782 3556 τοῖς
2839 3493 3006 3557 οὕτως
3052 3495 3304 3574 αίσχροίς
3339 3496 3428 3551 καὶ
3458 3495 3729 3564 ἀθεμίτοις

2093 3581 2366 3658 λήμμασι,
2413 3582 2508 3639 καί
2552 3585 2704 3646 οὗτος
2739 3585 2783 3639 εί
2812 3584 2911 3658 μὲν
2951 3583 3210 3660 κληρικὸς
3255 3583 3372 3654 εἴη,
3410 3591 3501 3642 τοῦ
3534 3587 3733 3643 οίκείου

2095 3673 2400 3730 ἰκπιπτέτω
2454 3673 2659 3749 βαθμοῦ
2694 3687 2707 3701 ·
2761 3675 2804 3730 εί
2837 3671 2892 3730 δὲ
2945 3671 3136 3738 λα’ίκὸς
3167 3673 3202 3742 ἢ
3236 3673 3506 3751 μονάζων,
3531 3673 3731 3732 ἀναθε-

2097 3762 2418 3839 ματιζέσθω.

2257 3939 2484 3999 Συνδδου
2511 3942 2885 4017 οίκουμενικῆς
2914 3942 3077 4008 ἕκτης
3107 3945 3284 4002 κανὼν
3312 3943 3422 4020 κε’,
3451 3941 3566 4022 κγ’.

453 4031 679 4094 29.Eos
710 4032 813 4110 qui
843 4028 1120 4110 pecuniis
1141 4027 1649 4101 ordinantur,sive
1672 4026 2009 4108 episcopos,

2179 4028 2290 4093 κε’,
2329 4031 2456 4095 Τοὺς
2489 4029 2574 4087 ἐπὶ
2604 4033 2851 4110 χρήμασι
2885 4034 3410 4114 χειροτονουμένους,
3443 4033 3559 4089 εἴτε
3606 4031 3737 4090 ἀπι-

374 4125 498 4184 sive
532 4119 982 4202 qualescunque
1012 4117 1294 4193 clericos,
1330 4125 1390 4177 et
1419 4135 1538 4176 non
1565 4135 1671 4196 per
1702 4116 2010 4179 examina-

2116 4121 2352 4194 ικόπους,
2385 4119 2421 4188 ἢ
2451 4119 2800 4190 οίουσδήποτε
2831 4124 3146 4202 κληρικοὺς,
3179 4123 3275 4180 καί
3305 4127 3366 4183 οὗ
3408 4124 3544 4180 κατὰ
3577 4120 3736 4180 δοκι-

377 4211 600 4273 tionem
633 4228 702 4270 ac
733 4207 865 4269 vitae.
897 4206 1279 4281 electionem,
1326 4205 1548 4284 deponi
1572 4205 1886 4286 jubemus,
1910 4206 2010 4268 sed

2116 4211 2295 4266 ιασίαν
2323 4211 2532 4266 καὶτοῦ
2585 4210 2698 4286 βίου
2752 4209 2982 4289 αἵρεσιν,
3042 4216 3410 4289 καθαιρεῖσθαι
3455 4213 3739 4292 προστάσ-

377 4308 434 4363 et
465 4302 639 4360 etiam
673 4303 773 4378 qui
807 4295 1232 4358 ordinaverunt
1257 4296 1343 4355 78.

2116 4319 2290 4375 νομεν,
2324 4296 2460 4354 ἀλλὰ
2487 4300 2572 4356 καὶ
2601 4301 2722 4361 τοὺς
2753 4303 3268 4380 χειροτονήσαντας,

458 4387 556 4448 23.
591 4384 666 4448 Ut
696 4383 895 4446 nullus
919 4385 1395 4464 episcopus,sive
1421 4385 1727 4466 presbyter
1748 4384 1878 4448 sive
1895 4386 2010 4449 dia-

2179 4389 2289 4467 κγ’,
2316 4391 2446 4468 Περί
2475 4397 2568 4446 τοῦ
2613 4388 2816 4466 μηδένα
2863 4392 2968 4448 τῶν
3002 4391 3118 4448 εἴτε
3162 4391 3495 4471 ἐπισκόπων,
3523 4390 3559 4460 ἢ
3597 4412 3738 4468 πρεσ-

376 4494 589 4547 conus,
623 4472 1058 4538 immaculatam
1092 4473 1366 4554 praebens
1394 4475 1906 4552 communionem,
1940 4477 2010 4540 ab

2116 4477 2385 4556 ιϐυτέρων,
2418 4479 2453 4546 ἢ
2483 4477 2766 4560 διακόνων,
2797 4485 2895 4548 τῆς
2927 4481 3198 4561 ἀχράντου
3228 4479 3578 4557 μεταδιδόντα
3608 4483 3734 4538 κοτ-

379 4585 449 4630 eo
473 4564 576 4644 qui
600 4563 1164 4644 communicat,ejus
1179 4563 1652 4647 participationis
1668 4565 1858 4643 gratia
1875 4565 2010 4628 obo-

2116 4569 2310 4643 νωνίας,
2345 4569 2487 4650 παρὰ
2537 4575 2628 4626 τοῦ
2686 4569 3012 4650 μετέχοντος
3065 4571 3421 4650 εἰσπράττειν,
3466 4570 3564 4637 τῆς
3623 4591 3736 4627 τοι-

376 4634 621 4734 Ιοεξνθι
652 4654 922 4736 quamvis
975 4634 1152 4715 aliam
1179 4634 1465 4736 'specie'm
1517 4634 1732 4733 exiga't.
1765 4653 1894 4716 Non
1925 4665 2010 4718 est

2116 4650 2268 4716 ιύτης
2295 4634 2663 4724 ’μεταλήψεως
2687 4634 2879 4730 ’χάρίλ
2923 4649 3141 4715 ὀϐολοὺς
3237 4650 3383 4715 εῐδος
3409 4634 3473 4708 τὸ
3501 4634 3730 4710 οἷονοῦν.

379 4745 540 4810 enim
563 4744 790 4807 venalis
810 4745 1141 4824 gratia,nec
1165 4762 1271 4826 pro
1303 4743 1573 4825 pecuniis
1595 4742 1853 4825 Spiritus
1875 4763 2010 4808 san-

2116 4737 2231 4798 )ὒδὲ
2291 4737 2391 4816 γὰρ
2447 4739 2762 4816 πεπραμένη
2821 4742 2856 4808 ἡ
2911 4741 3092 4820 χάρις,
3160 4738 3273 4798 οὖδὶ
3332 4738 3578 4821 χρήμασι
3639 4742 3733 4796 τὸν

382 4835 800 4900 ctiﬂcationem
819 4833 1216 4915 impartimur:
1245 4833 1349 4896 sed
1372 4852 1443 4897 ea
1460 4835 1536 4896 iis
1558 4833 1834 4915 quidigni
1855 4844 2010 4912 sunt,

2116 4828 2364 4906 ὶγιασμὸν
2422 4829 2514 4915 τοῦ
2579 4829 2879 4904 Πνεύματος
2940 4827 3348 4910 μεταδιδόαμεν,
3422 4828 3558 4886 ἀλλὰ
3616 4842 3737 4895 τοῖς

383 4925 608 5006 absque
633 4924 753 4986 ulla
781 4933 872 4986 est
899 4914 1224 4987 calliditate
1245 4914 1766 4986 communicanda.
1796 4922 1858 4986 Si
1882 4924 2010 5005 quis

2116 4916 2260 4982 ὶξίοις
2316 4923 2406 4972 τοῦ
2461 4914 2627 4996 δώρου
2686 4919 3123 4998 ἀπανουργεύτως
3165 4917 3504 4995 μεταδοτέον.
3562 4920 3616 4976 El
3679 4917 3736 4974 δὲ

383 5027 582 5078 autem
615 5013 958 5095 eorum,qui
983 5023 1124 5076 sunt
1147 5013 1206 5076 in
1236 5014 1380 5077 cleri
1411 5014 1811 5092 catalogo,67
1845 5014 1919 5075 ab
1943 5033 2010 5076 eo

2116 5007 2284 5086 ρανείη
2328 5028 2408 5069 τις
2465 5009 2570 5095 τῶν
2625 5007 2678 5064 έν
2727 5007 2911 5086 κλήρῳ
2961 5008 3434 5088 καταλεγομένων,
3493 5009 3739 5066 ἀπαιτῶν

384 5107 479 5168 cui
510 5094 948 5167 immaculatam
981 5105 1240 5184 impertit
1289 5103 1802 5178 communionem,
1831 5103 2010 5165 ullam

2116 5099 2187 5154 τὸν
2247 5097 2292 5170 ᾧ
2340 5094 2656 5184 μεταδίδῶσι
2694 5098 2792 5165 τῆς
2845 5099 3114 5179 ἀχράντου
3163 5100 3440 5164 κοινωνίας
3511 5100 3572 5155 τὸ
3623 5100 3740 5156 olo-

383 5192 648 5275 speciem
683 5191 920 5271 exigere
950 5183 1112 5256 visus
1138 5193 1704 5274 fuerit,deponatur,
1737 5202 1796 5256 ut
1827 5193 2010 5256 simo-

2116 5193 2219 5242 ιοῦν
2274 5183 2445 5266 εἶδος,
2497 5187 2867 5266 καθαιρείσθω,
2917 5191 2991 5251 ὡς
3051 5193 3149 5256 τῆς
3193 5189 3438 5265 Σίμωνος
3482 5187 3740 5259 ζηλωτὴς

384 5282 540 5344 niaci
570 5299 806 5343 errores
836 5290 893 5344 et
925 5282 1203 5345 maleﬁcii
1234 5282 1541 5344 aemulator
1571 5283 1652 5344 79.

2116 5275 2307 5343 πλάνης
2342 5278 2428 5332 καὶ
2457 5277 2797 5356 κακουργίας.

391 5370 658 5465 Concilii
682 5371 923 5465 Nicaeni
952 5371 1198 5465 secundi
1225 5389 1486 5465 canones
1515 5377 1576 5448 4,
1707 5374 1814 5465 _19.
1852 5371 2010 5465 Quod

2116 5381 2330 5465 Σονόδου
2401 5383 2649 5465 Νικαίας,
2677 5385 2738 5438 τὸ
2819 5382 3058 5465 δεύτερον
3131 5385 3328 5465 κανὼν
3376 5383 3448 5465 δ’,
3517 5385 3553 5439 ι’

3696 5383 3712 5408 1

493 5389 657 5465 tollit
682 5389 917 5464 ινιεωηι
952 5389 1197 5466 secundi
1225 5389 1486 5466 canones
1515 5389 1576 5448 4,
1619 5389 1679 5443 ξ),
1721 5389 1814 5434 ιυ.
1852 5389 2020 5446 υιιοα
2105 5389 2330 5439 Σονόδου
2401 5389 2619 5449 Νικαίας
2677 5389 2738 5438 τὸ
2819 5389 3058 5460 δεύτερον
3131 5389 3306 5440 κανὼν
3376 5389 3448 5465 δ’,
3517 5389 3581 5462 ι’,
3644 5389 3740 5446 ιϐ’.

493 5469 752 5533 εριειορι
782 5453 858 5515 ab
883 5470 1343 5515 ommstmoma
1377 5469 1596 5516 cavere
1625 5452 1902 5516 debeant.
2185 5464 2308 5533 Περί
2384 5470 2476 5520 τοῦ
2551 5463 2846 5533 ἀπέχεσθαι
2923 5464 3045 5529 τοὺς
3134 5464 3461 5530 ἱπισκόπους
3562 5465 3740 5533 πάσης

2185 5464 2338 5544 ζΙερίΔ
2384 5470 2476 5544 τοῦ
2551 5463 2846 5544 ἀπέχεσθαι
2923 5464 3045 5529 τοὺς
3134 5463 3461 5530 επισκόπους
3562 5465 3744 5533 πάσης

2186 5541 2549 5623 δωροληψίας.

447 5633 478 5694 4
491 5628 712 5696 .Praaco
734 5630 1002 5695 veritatis
1015 5631 1235 5696 Paulus
1245 5629 1482 5694 divinus
1497 5631 1804 5712 apostolus
1815 5649 2010 5714 quem-

2187 5622 2272 5698 6’,
2310 5622 2368 5690 ’0
2425 5632 2583 5713 κῆρυξ
2629 5638 2728 5702 τῆς
2773 5633 3023 5703 ἀληθείας
3081 5633 3289 5700 Παῦλος
3346 5637 3376 5691 6
3417 5639 3562 5701 θεῖος
3602 5633 3747 5693 ἀπό-

465 5759 581 5827 761
609 5758 745 5826 Cor.
778 5777 839 5842 ι,
873 5759 976 5841 3i),
999 5760 1101 5829 33.
1185 5760 1247 5811 ’Π
1277 5758 1411 5824 Act.
1459 5772 1586 5838 vui,
1617 5761 1693 5824 18
1723 5774 1897 5842 seqq.
1979 5749 2044 5813 78
2072 5757 2356 5826 Cbalcod.
2407 5777 2540 5826 can.
2572 5759 2634 5828 2.
2721 5761 2784 5814 79
2812 5761 2998 5828 Conc.
3030 5760 3424 5829 Laodicensis
3463 5778 3600 5829 can.
3631 5763 3740 5828 54.
