2054 3111
180 150 240 184 517

578 149 788 184 SYNTAGMA
809 145 1007 183 CANONUM.
1032 166 1070 173 —
1092 146 1170 182 TIT.
1194 149 1220 190 Ι,
1242 144 1328 180 CAP.
1352 144 1463 181 XXIV.

1805 144 1863 183 518

184 219 292 257 στολοε,
324 219 403 247 οἱονεὶ
432 218 530 247 κανόνα
560 218 642 251 τιθεῖς
674 225 733 251 τοῖς
767 217 895 259 Ἐφεσίων
916 228 993 257 πρισ-

1042 215 1111 247 dam
1126 215 1215 247 veluti
1228 223 1373 246 canonem
1388 214 1591 256 Ephesiorum
1608 214 1790 257 presbyteris
1804 216 1862 247 im-

179 263 310 304 ϐυτέροις,
343 263 446 300 μᾶλλον
482 262 510 291 δὲ
544 264 587 292 καὶ
622 264 702 292 παντί
732 265 857 303 ιερατικῶ
885 262 999 302 πληρώ-

180 319 256 345 ματι,
302 308 385 339 οὓτως
429 307 628 347 ιπαρῤησιάσθη
669 308 752 336 εἰπών
768 317 775 324 ·
814 306 951 347 Ἀργυρίου
981 307 999 340 ἦ

179 355 291 394 χρυσίου
326 354 344 388 ἢ
378 354 523 391 ἰματισμοῦ
559 352 664 386 οὐδενὸς
693 353 849 391 ἐπεθύμησα
866 363 875 372 ο
911 353 998 381 τιθέντα

177 398 299 431 ὒπέδιιξα
326 399 404 436 ὑμῖν,
433 397 473 427 ὅτι
508 397 591 430 οὕτως
633 401 792 434 κοπιῶντας,
829 396 996 435 ἀντιλαμϐά-

176 446 266 472 νεσθαι
303 442 345 471 δετ
381 446 434 471 τῶν
475 443 668 479 ἀσθενούντων,
706 443 837 482 μακάριον
876 443 995 482 ἡγούμε-

175 499 217 516 νοι
246 488 277 516 τὸ
298 487 410 518 διδόναι.
435 488 485 515 Διδ
521 488 565 516 καὶ
596 488 679 525 ἡμεῖς
702 489 909 524 μαθητιδθὲντες
933 486 996 525 παρ’

176 534 268 570 αὐτοῦ,
314 533 434 572 ὁρίζομεν
470 531 596 569 μηδόλως
639 530 838 572 αἰσχροκερδῶς
874 532 996 560 επινοετ-

175 579 237 605 σθαι
286 576 443 614 ἰπίσκοπον,
491 576 721 616 προφασιζόμενον
779 576 925 616 προνράσεις
970 576 996 604 ἐν

178 623 331 662 ἁμαρτίαις,
372 621 503 650 ἀπαιτεῖν
541 622 641 660 χρῦσὶν
675 621 693 653 ἣ
724 621 835 660 ἅργυρολ
861 621 879 654 ἦ
908 619 997 659 ἕτερον

177 666 265 704 εἶδος,
294 667 356 697 τοὺς
382 666 427 694 ὑπ’
464 666 544 693 αὑτὸν
594 665 736 697 τελοῦντας
775 665 949 701 ἐπισκόπους,
979 665 998 698 ἢ

179 712 336 750 κληρικοὺς,
366 711 383 743 ἦ
409 711 559 749 μοναχούς.
590 711 660 743 Φησὶ
683 711 732 748 γὰρ
765 711 778 737 ὁ
808 709 993 741 Ἀπόστολος’

177 756 284 784 ιἈδικοι
313 754 450 793 βασιλείαν
481 759 546 783 Θεοῦ
581 756 611 783 οὖ
651 754 911 792 κληρονομήσουσι·

177 801 227 828 οῦκ
256 801 356 837 ὀφείλει
394 800 426 827 τὰ
467 800 547 827 τέκνα
588 805 648 830 τοῖς
684 803 789 836 γονεῦσι
819 799 997 837 θησαυρίζεινι

177 844 239 873 ἀλλ’
268 832 292 872 ἐι
322 851 412 883 γονεῖς
441 851 499 875 τοῖς
532 843 645 874 τέκνοις,
678 843 710 871 Εἴ
739 854 779 875 τις
800 844 843 871 οὖν
865 842 997 870 δι’ὰπαί-

948 756 996 781 καὶ

1042 269 1168 301 ponens,
1182 260 1228 291 vel
1244 260 1389 291 universae
1416 259 1514 299 potius
1528 259 1706 292 sacerdotali
1722 260 1861 292 multitu-

1041 305 1104 336 dini
1122 305 1166 337 sic
1182 305 1278 336 libere
1296 305 1369 336 dixit
1388 312 1395 334 :
1417 305 1592 344 Argentum
1614 305 1663 337 vel
1686 313 1800 337 aurum
1814 307 1863 338 uel

1038 354 1150 382 vestem
1164 350 1284 382 nullius
1309 350 1480 390 concupiui,
1504 350 1611 381 omnia
1633 350 1719 381 vobis
1732 351 1862 389 ostendi,

1037 396 1119 435 quod
1134 399 1254 436 oportet
1267 396 1313 426 sic
1327 394 1506 426 laborantes
1530 395 1672 435 inﬁrmos
1696 396 1860 436 suscipere,

1038 441 1113 472 dare
1143 440 1263 471 beatum
1297 441 1479 471 existimans
1507 440 1560 470 δυ’.
1593 440 1739 477 Quocirca
1759 442 1796 472 ab
1825 450 1862 472 eo

1038 485 1136 516 edocti
1152 485 1319 522 statuimus,
1344 494 1382 516 ne
1406 485 1504 526 turpis
1518 485 1592 516 lucri
1607 486 1703 525 gratia
1719 486 1861 526 episcopo

1036 530 1068 561 in
1080 534 1211 562 mentem
1226 530 1336 568 veniat,
1353 530 1500 571 quaerenti
1517 534 1725 562 excusationes
1741 531 1773 562 in
1789 540 1861 572 pec-

1039 575 1123 615 catis,
1141 584 1245 606 aurum
1262 575 1307 606 vel
1329 579 1502 615 argentum,
1519 575 1564 606 vel
1581 575 1672 606 ullam
1687 575 1774 606 aliam
1790 584 1861 616 spe—

1039 620 1115 651 ciem
1131 620 1218 650 abiis
1241 620 1293 660 qui
1309 619 1367 651 sibi
1382 619 1510 651 subsunt
1524 620 1686 660 episcopis,
1705 620 1751 651 vel
1767 620 1861 651 cleri-

1039 664 1093 704 cis,
1107 664 1150 695 vel
1167 664 1324 695 monachis
1338 665 1468 704 exigere.
1483 664 1561 696 Dicit
1577 665 1658 696 enim
1669 665 1836 705 Apostolus
1852 676 1859 697 :

1039 709 1150 748 Injusti
1165 718 1288 748 regnum
1304 709 1359 740 Dei
1380 718 1439 740 non
1451 710 1651 749 possidebunt
1665 710 1692 735 ⁸¹
1714 719 1720 742 :
1736 719 1792 741 nec
1804 710 1861 741 de-

1040 753 1111 783 bent
1123 753 1210 784 liberi
1227 754 1401 793 parentibus
1419 754 1591 784 thesaurum
1609 763 1728 795 parare,
1741 755 1794 785 sed
1812 764 1862 795 pa-

1039 802 1141 829 rentes
1156 798 1271 829 liberis.
1290 798 1321 829 Si
1338 799 1405 839 quis
1431 808 1501 838 ergo
1523 809 1575 839 per
1590 799 1654 830 auri
1673 800 1859 831 exactionem

1039 843 1082 873 vel
1100 843 1228 883 alicujus
1249 844 1374 874 alterius
1394 844 1518 883 speciei,
1532 845 1577 875 vel
1596 848 1720 884 propter
1730 845 1859 885 aliquam

175 901 254 923 τησιν
283 893 383 929 χρυσοῦ
405 889 422 921 ἢ
451 889 540 927 ἑτέρου
562 890 634 920 τινος
665 887 765 921 εἴδους,
790 887 846 915 εἱ¹τε
873 887 915 915 διαί
937 899 993 915 τινα

1039 888 1189 928 propriam
1206 888 1393 918 affectionem
1411 897 1427 918 a
1442 888 1610 920 ministerio
1634 898 1740 920 arcere
1753 889 1860 920 inven-

174 934 350 971 ὶδιοπάθειαν,
378 934 493 972 εὑρεθείη
523 933 656 971 ἆπείργων
677 935 726 966 τῆς
752 933 928 971 λειτουργίας,
952 934 995 960 καὶ

173 979 305 1018 ἀφορίζων
335 979 393 1006 τινὰ
415 981 468 1005 τῶν
490 977 535 1005 ὑπ’
564 979 642 1006 αὒτὸν
672 978 820 1015 κληρικὼν,
851 978 868 1010 ἢ
898 978 995 1005 σεπτὸν

172 1025 236 1051 ναὸν
267 1023 375 1059 κλείων⁷
399 1024 434 1055 ὡς
451 1024 489 1059 μὴ
510 1023 626 1060 γίνεσθαι
644 1022 670 1049 ἐν
698 1023 768 1058 αὐτῷ
797 1023 844 1052 τὰς
866 1026 913 1050 τοῦ
931 1026 995 1050 Θεοῦ

172 1069 351 1108 λειτουργίας,
382 1069 418 1098 είς
448 1068 592 1100 ἂναίσθητα
623 1067 671 1100 τὴν
694 1068 787 1095 ἑαυτοῦ
808 1069 903 1103 μανίαν
934 1067 995 1095 ἐπι-

172 1115 300 1151 πέμπων,
334 1114 504 1146 ἂναίσθητως
527 1114 608 1143 ὄντως
626 1113 691 1149 ἐστὶ,
723 1114 765 1140 καὶ
796 1115 829 1150 τῇ
859 1123 994 1140 ταυτοπα-

171 1161 228 1195 θείᾳ
257 1159 437 1194 ὑποκείσεται,

174 1205 219 1232 ἰπὶ
246 1205 296 1236 τὴν
326 1203 444 1243 κεφαλήν
468 1203 557 1238 αὺτοῦ,
581 1203 617 1233 ὠς
642 1202 795 1241 παραϐατου
810 1204 858 1234 τῆς
886 1202 995 1235 ὶντολῆς

178 1250 246 1277 Θεοῦ
273 1248 319 1276 καὶ
348 1251 401 1275 τῶν
430 1247 616 1275 ἆποστολικὼν
640 1246 796 1278 διατάξεων.
816 1246 996 1284 ΠαραγγὲΛλει

179 1294 228 1331 γὰρ
243 1294 284 1321 καὶ
301 1293 397 1331 Πέτρος
414 1293 430 1326 ἡ
448 1293 574 1331 κορυφαία
605 1295 656 1319 τῶν
686 1291 843 1319 ἀποστόλων
867 1292 993 1329 ἀκρότης,

179 1338 335 1375 Ποιμαίνετε
369 1338 400 1365 τὸ
440 1336 467 1364 ἐν
496 1337 560 1373 ὑμῖν
592 1337 714 1373 ποίμνιον
745 1340 790 1363 τοῦ
820 1340 895 1371 Θεοῦ,
932 1337 994 1363 ἑπι-

480 1158 523 1185 καὶ
558 1158 712 1195 ἐπιστρέψει
749 1159 762 1185 ὁ
800 1158 879 1188 πόνος
918 1158 996 1185 αὒτοῦ

377 1382 415 1419 μὴ
454 1381 639 1419 ἀναγκαστῶς,
677 1380 736 1408 αλλ’
774 1381 899 1412 ἑκουσίως
928 1381 994 1408 κατὰ

173 1427 240 1455 Θεὸν
259 1435 266 1442 ⁸
309 1427 348 1464 μὴ
390 1425 598 1465 αἰσχροκερδῶς,
646 1425 713 1453 ἀλλὰ
752 1426 915 1463 προθύμως·
954 1426 992 1462 μὴ

170 1473 207 1503 ὡς
238 1471 474 1510 κατακυριεύοντες
502 1472 555 1498 τῶν
590 1470 708 1509 κλήρων,
751 1469 810 1497 ὰ)λ’
847 1471 881 1500 ὡς
916 1470 991 1498 τύποι

628 1516 675 1543 καί
715 1515 909 1554 φανερωθέντος
946 1519 991 1543 τοῦ

175 1383 336 1412 σκοποῦντες

168 1518 305 1556 γινόμενοι
351 1517 398 1543 τοῦ
441 1515 565 1552 ποιμνίου
583 1523 590 1530 ”

168 1561 372 1602 ἀρχιποίμενος,
400 1562 540 1598 κομιεῖσθε
563 1561 608 1587 τὸν
638 1560 815 1598 ἀμαράντινον
837 1560 884 1593 τῆς
912 1559 989 1592 δόξης

168 1606 310 1645 στέφανον.

167 1650 231 1679 Ὀτι
275 1651 298 1678 οἱ
341 1649 510 1685 ὀνειδίζοντες
559 1650 620 1680 τοὺς
664 1649 819 1686 κληρικοὺς,
865 1648 907 1677 διὰ
959 1651 989 1677 τὸ

209 1690 339 1729 τετάχθαι
368 1690 396 1718 ἐν
426 1689 573 1725 Ἐκκλησία
608 1690 691 1728 χωρὶς
725 1689 834 1726 δύσεων,
865 1689 989 1727 ἐπιτιμίῳ

208 1730 378 1760 ὑπόκεινται.

212 1771 247 1805 ε’.
272 1773 404 1814 ’Δμαρτια
418 1775 484 1813 πρὸς
509 1774 619 1803 θάνατον
642 1774 723 1813 ἐστὶν⁷
741 1774 803 1801 ὅταν
819 1774 887 1806 τινὲς
902 1774 990 1812 ἆμαρ-

171 1820 309 1857 τάνοντες,
326 1819 480 1858 ἁδιόρθωτοι
506 1820 628 1856 μείνωσι,
656 1820 691 1847 Τὸ
717 1818 744 1846 δὲ
767 1820 860 1847 τούτου
883 1826 991 1858 χεῖρον,

171 1865 218 1900 ιᾷν
233 1865 276 1892 καὶ
297 1864 499 1904 τραχηλιῶντες
525 1863 759 1896 κατεξανιστανται
779 1865 828 1896 τῆς
858 1862 990 1895 εὗσεϐείας

172 1910 218 1937 καὶ
246 1909 294 1942 τῆς
316 1908 454 1946 ἀληθείας,
485 1909 684 1947 προτιμώμενοι
714 1909 758 1936 τὸν
789 1911 918 1946 μαμωνᾶν
943 1911 991 1941 τῆς

173 1957 221 1982 τοῦ
249 1958 317 1982 Θεοῦ
340 1955 473 1993 ὑπακοῆς,
507 1955 549 1981 γαὶ
576 1956 630 1981 τῶν
658 1956 804 1981 κανονικῶν
831 1954 910 1981 αὺτοῦ
932 1952 992 1980 δια-

173 1998 274 2032 τάξεων
303 1999 342 2036 μὴ
373 1999 563 2038 ἀντεχόμενοι.
588 1997 632 2026 Ἐν
655 1999 759 2029 τούτοις
780 1998 827 2025 οῦκ
853 1998 907 2025 ἔστι
938 1998 992 2026 Κύ-

173 2054 230 2080 ριος
259 2043 274 2070 ὁ
313 2043 391 2080 ΘεὸςΙ
425 2043 446 2070 εἰ
482 2043 565 2079 μήπω
607 2041 824 2075 ταπεινωθέντες,
855 2041 901 2068 τοῦ
929 2040 993 2068 ἰδίου

171 2086 329 2127 σφάλματος
363 2087 540 2124 ἀνανήψουσι.
579 2090 635 2125 Χρὴ
678 2087 728 2125 γὰρ
767 2085 869 2123 μᾶλλον
899 2086 992 2117 αὐτοὺς

172 2133 368 2172 προσέρχεσθκι
393 2135 432 2169 τῷ
473 2135 542 2168 Θεῷ,
586 2132 630 2159 καὶ
670 2132 737 2167 μετὰ
767 2129 992 2168 συντετριμμένης

172 2176 294 2216 καρδίας,
309 2178 358 2210 τὴν
373 2176 465 2215 ἄφεσιν
479 2177 572 2204 τούτου
588 2181 634 2205 τοῦ
658 2176 850 2212 ἁμαρτήματος
873 2176 916 2203 καὶ
945 2175 994 2208 τὴν

171 2222 349 2261 συγχώρησιν
364 2222 507 2260 αἰτεῖσθαι,
537 2222 598 2260 οὖχὶ
629 2219 815 2258 ἆναϐρύνεσθαι
838 2223 872 2258 τῇ
887 2220 994 2257 ἁθὲσμῳ

171 2265 257 2296 δόσει.
281 2266 378 2306 Ἐγγὸς
400 2267 450 2305 γὰρ
476 2267 569 2305 Κύριος
596 2272 654 2297 τοῖς
679 2265 913 2303 συντετριμμένοις
945 2265 993 2297 τὴν

170 2310 292 2351 καρδίαν,
319 2311 385 2342 Τοὺς
414 2312 458 2339 οὖν
486 2310 709 2349 ὶγκσυχωμένους
732 2309 775 2337 διὰ
799 2308 897 2341 δόσεως
924 2320 994 2347 χρυ-

171 2356 229 2385 σίου
257 2355 386 2396 τετάχθαι
429 2355 455 2383 ἂν
499 2354 655 2391 Ἐκκλησία,
697 2355 739 2381 καὶ
767 2354 850 2390 ταύτῃ
878 2353 912 2390 τῇ
939 2364 993 2381 πο-

170 2403 241 2439 νηρᾷ
269 2401 394 2436 συνηθείᾳ
437 2400 626 2435 ἱπελπίζοντας
668 2402 702 2437 τῇ
732 2398 910 2436 ὰλλοτριούσῃ
940 2398 992 2426 ἀπὸ

170 2449 238 2473 Θεοῦ
259 2446 304 2473 καὶ
331 2445 420 2479 πάσης
451 2445 609 2484 ἱερωσύνης,
632 2444 676 2472 καὶ
698 2444 728 2471 ἐκ
762 2443 855 2471 τούτου
885 2442 991 2471 ἀναιδεῖ

169 2492 308 2528 προσώπῳ
336 2489 384 2518 καὶ
415 2488 622 2528 ἀπερικαλύπτῳ
648 2489 772 2525 στόματι,
804 2487 990 2519 ὀνειδιστικοῖς

167 2534 262 2573 λόγοις
287 2534 345 2566 τοὺς
359 2533 391 2562 δι’
409 2534 505 2574 ἀρετῆς
528 2534 584 2571 βίου
601 2534 650 2561 uno
667 2537 713 2561 τοῦ
741 2532 817 2571 ἁγίου
840 2533 990 2570 Πνεύματος

166 2578 339 2619 ἃκλεγέντας,
369 2580 414 2608 καὶ
441 2578 640 2617 καταταγὲντας
679 2577 755 2609 tua;
793 2576 891 2609 δόσεως
920 2588 989 2617 χρυ-

165 2624 224 2653 σίου
246 2623 438 2662 ἀτιμάζοντας,
469 2626 563 2663 πρῶτα
592 2623 640 2661 μὲν
671 2626 748 2651 τοῦτο
777 2626 927 2658 ποιοῦντας⁷
944 2623 989 2650 τὸν

164 2668 284 2710 ῑοχατον
314 2669 416 2707 βαθμὸν
445 2667 591 2706 λαμϐάνειν
628 2672 673 2697 τοῦ
701 2667 798 2695 οἰκείου
827 2666 961 2704 τάγματος
979 2674 986 2682 ⁸

163 2714 188 2742 εἰ
217 2712 246 2742 δὶ
274 2712 439 2752 impium",
470 2712 503 2741 δι’
534 2712 670 2750 ὶπιτιμιου
698 2711 873 2748 διορθοῦσθαι.
903 2711 932 2738 Εἰ
961 2710 988 2738 δέ

162 2768 206 2791 τις
235 2758 280 2787 ἐπὶ
305 2768 460 2799 χιιροτονιᾳ
489 2761 560 2797 φανῇ
582 2757 658 2786 τοῦτό
681 2766 744 2785 ποτε
760 2755 929 2791 πεποιηκὼς,
946 2767 987 2793 γι-

205 2818 250 2846 π*
266 2818 333 2852 Act.
348 2825 401 2858 xx,
418 2817 458 2850 33
472 2827 559 2860 seqq.
602 2817 633 2843 τι
648 2817 659 2848 ι
676 2816 744 2849 Cor.
756 2824 798 2853 Vi,
815 2815 843 2848 9.

888 2813 920 2840 75
934 2814 944 2845 l
961 2814 1040 2847 Petr.
1056 2825 1084 2854 v,
1101 2816 1163 2848 2-4.

1038 936 1084 962 tus
1099 932 1200 968 fuerit,
1219 933 1262 962 vel
1289 941 1447 972 segregare
1464 942 1586 964 suorum
1603 934 1787 964 clericorum
1802 934 1861 965 ali-

1037 986 1138 1017 quem,
1155 978 1200 1008 vel
1216 977 1423 1008 venerandum
1443 978 1586 1018 templum
1604 978 1757 1016 claudere,
1777 987 1814 1009 ne
1830 979 1860 1009 in

1038 1031 1072 1052 eo
1083 1022 1183 1052 divina
1196 1023 1265 1053 fiant
1278 1023 1496 1059 ministeria,ad
1509 1023 1537 1052 id
1551 1023 1629 1063 quod
1642 1032 1701 1053 non
1712 1027 1756 1053 est
1769 1032 1859 1054 sensu

1040 1066 1196 1106 praeditum
1209 1076 1290 1096 suam
1305 1067 1451 1097 insaniam
1465 1067 1806 1105 immittens,estrevera
1822 1068 1861 1098 si-

1038 1120 1075 1141 ne
1087 1115 1223 1146 sensu.et
1235 1111 1355 1141 talionis
1367 1112 1422 1142 erit
1433 1111 1489 1150 legi
1500 1112 1658 1150 obnoxius,
1671 1117 1699 1142 et
1711 1112 1795 1142 labor
1810 1112 1859 1152 ip-

1037 1156 1099 1185 sius
1116 1156 1144 1185 in
1164 1161 1252 1195 caput
1267 1156 1335 1195 ejus
1350 1156 1472 1194 redibit,
1491 1161 1522 1187 ut
1538 1157 1587 1196 qui
1605 1157 1643 1187 sit
1660 1157 1793 1187 mandati
1804 1157 1859 1188 Dei

1039 1205 1066 1230 et
1082 1200 1311 1240 apostolicarum
1328 1201 1521 1231 traditionem
1546 1206 1761 1240 transgressor.
1776 1200 1858 1232 Pras-

1038 1246 1118 1284 cepit
1133 1245 1211 1275 enim
1229 1249 1257 1274 et
1271 1244 1375 1275 Petrus
1390 1254 1532 1284 suprema
1554 1245 1757 1285 apostolorum
1774 1255 1859 1277 sum-

1040 1290 1126 1319 mitas
1144 1300 1151 1319 :
1172 1289 1291 1320 Pascite
1305 1299 1423 1330 gregem
1438 1290 1572 1327 Domini,
1587 1291 1794 1329 episcopatum
1805 1299 1858 1330 ge-

1038 1338 1150 1370 rentes,
1168 1343 1228 1364 non
1241 1343 1293 1373 per
1307 1335 1435 1372 vim,sed
1450 1339 1555 1375 sponte
1567 1343 1602 1365 ac
1620 1334 1857 1374 voluntarie,se-

1038 1379 1169 1409 cundum
1188 1380 1282 1409 Deum
1301 1390 1306 1407 :
1332 1388 1429 1419 neque
1452 1381 1553 1419 turpis
1578 1379 1657 1411 lucri
1672 1383 1788 1422 gratia,
1806 1382 1859 1413 sed

1034 1428 1169 1463 prompte
1183 1427 1210 1454 et
1233 1425 1404 1455 alacriter:
1423 1433 1477 1455 nec
1501 1428 1534 1455 ut
1553 1425 1599 1455 88
1615 1426 1808 1457 dominatum
1824 1429 1857 1458 in

1033 1468 1148 1499 clerum
1165 1469 1343 1509 obtinentes,
1358 1470 1410 1500 sed
1426 1470 1528 1509 gregis
1543 1470 1730 1510 exemplaria
1756 1473 1857 1502 exsis-

1034 1517 1145 1552 tentes,‘
1163 1517 1189 1544 et
1213 1523 1280 1544 cum
1297 1523 1431 1545 summus
1444 1519 1551 1553 pastor
1573 1517 1769 1556 apparuerit,
1789 1525 1856 1556 qua

1032 1566 1085 1589 nec
1099 1560 1253 1598 corrumpi
1267 1568 1322 1590 nec
1335 1568 1517 1590 marcescere
1527 1560 1752 1601 potest,gloritn
1767 1570 1855 1592 coro-

999 1606 1020 1630 C
1033 1611 1103 1633 nam
1116 1603 1261 1642 referetis
1271 1604 1312 1633 82.

1038 1646 1077 1677 Ut
1099 1649 1141 1690 _ii
1182 1649 1236 1687 qui
1258 1648 1402 1690 clericos
1438 1649 1561 1688 injuria
1599 1650 1736 1689 afﬁciunt
1775 1650 1854 1690 quod

1076 1688 1143 1718 sine
1160 1690 1232 1718 auri
1244 1688 1366 1719 (latione
1385 1690 1509 1727 fuerunt
1537 1691 1568 1720 in
1590 1690 1727 1722 Ecclesia
1742 1688 1856 1722 consti-

1077 1729 1136 1758 tuti
1148 1737 1245 1767 parma
1260 1728 1447 1767 subjaceant.

1076 1773 1107 1803 5.
1122 1773 1172 1803 Est
1188 1778 1342 1813 peccatum
1355 1774 1390 1803 ad
1409 1779 1547 1811 mortem,
1560 1775 1679 1815 quando
1696 1779 1855 1816 peccantes

1034 1817 1123 1857 aliqui
1135 1822 1255 1848 manent
1268 1817 1499 1857 incorrigibiles.
1517 1819 1579 1850 Hoc
1603 1824 1703 1850 autem
1717 1825 1760 1850 est
1772 1821 1854 1852 dele-

1034 1861 1232 1901 rius,quando
1241 1866 1271 1893 et
1283 1866 1382 1896 erecta
1391 1863 1508 1894 cervice
1519 1863 1660 1894 adversus
1672 1865 1811 1904 pietatem
1821 1870 1852 1895 et

1034 1907 1187 1937 veritatem
1210 1907 1381 1945 insurgunt,
1401 1917 1572 1939 mammona
1594 1908 1648 1939 Dei
1677 1909 1857 1941 obedientize

1035 1951 1240 1991 praeferentes,
1256 1956 1284 1982 et
1297 1952 1362 1991 ejus
1375 1953 1537 1983 canonicas
1549 1953 1780 1985 constitutiones
1796 1964 1857 1985 non

1035 1995 1213 2026 ferentesln
1224 1996 1260 2027 iis
1271 2006 1341 2036 ergo
1354 2006 1413 2027 non
1424 2003 1468 2028 est
1479 1997 1623 2028 Dominus
1634 1998 1786 2036 Deus,nisi
1798 1998 1858 2030 for-

1036 2044 1064 2071 te
1076 2041 1221 2071 humiliati
1232 2050 1248 2071 a
1260 2051 1313 2072 suo
1325 2042 1434 2078 delicto
1441 2042 1855 2082 resipuerinLOportetenim

1036 2095 1071 2116 eo
1085 2087 1178 2124 magis
1190 2085 1249 2116 Deo
1273 2088 1455 2126 supplicare,
1476 2092 1504 2117 et
1529 2097 1596 2118 cum
1620 2088 1712 2118 corde
1728 2088 1856 2119 contrito

1036 2131 1125 2169 hujus
1135 2131 1249 2171 peccati
1265 2132 1475 2162 remissionem
1493 2136 1520 2162 et
1543 2133 1792 2164 condonationem
1806 2143 1856 2173 pe-

1036 2179 1144 2213 tere,et
1157 2184 1217 2205 non
1230 2175 1267 2206 de
1280 2176 1381 2206 illicita
1406 2176 1566 2207 donatione
1589 2178 1744 2216 sejactare
1759 2188 1765 2209 :
1779 2178 1856 2209 Deus

1036 2221 1116 2250 enim
1128 2228 1221 2259 prope
1231 2224 1271 2251 est
1290 2221 1329 2251 iis
1344 2222 1397 2260 qui
1407 2224 1477 2252 sunt
1493 2223 1623 2252 contrito
1640 2222 1730 2253 corde
1742 2223 1784 2254 83.
1799 2222 1857 2253 Eos

1036 2273 1117 2304 ergo,
1136 2265 1186 2304 qui
1203 2274 1256 2304 per
1282 2265 1346 2295 auri
1363 2265 1513 2296 dationem
1531 2275 1563 2296 se
1585 2267 1675 2297 fuisse
1699 2267 1730 2297 in
1746 2267 1857 2298 Eccle-

1036 2310 1080 2340 sia
1091 2309 1269 2340 constitutos
1280 2310 1490 2349 gloriantur,et
1501 2311 1572 2341 inea
1583 2311 1720 2351 improba
1730 2321 1858 2342 consue-

1036 2354 1139 2384 tudine
1150 2363 1233 2392 spem
1249 2354 1440 2393 habent,qum
1457 2364 1474 2385 a
1488 2354 1549 2385 Deo
1564 2360 1594 2386 et
1609 2355 1646 2386 ab
1659 2355 1741 2386 omni
1753 2365 1855 2387 sacer-

1035 2397 1115 2428 dotio
1130 2398 1264 2436 alienat;
1288 2403 1317 2429 et
1344 2399 1412 2429 ideo
1438 2399 1613 2438 impudente
1637 2400 1732 2440 vultu,
1758 2405 1787 2430 et
1802 2409 1854 2431 ore

1033 2447 1150 2482 aperto,
1168 2443 1322 2483 probrosis
1334 2448 1362 2474 et
1378 2443 1603 2474 contumeliosis
1616 2444 1714 2475 verbis
1728 2453 1792 2482 eos,
1804 2445 1856 2485 qui

1033 2493 1156 2528 propter
1171 2492 1266 2518 actam
1282 2497 1317 2519 ex
1345 2488 1455 2519 virtute
1470 2488 1558 2518 vitam
1590 2497 1606 2518 a
1622 2493 1726 2520 sancto
1742 2488 1856 2530 Spiritu

1033 2533 1136 2563 selecti
1147 2532 1339 2572 ordinatique
1351 2537 1419 2563 sunt
1435 2537 1542 2572 praeter
1549 2533 1614 2563 auri
1624 2533 1856 2572 dationem,vili.

1034 2577 1168 2617 pendunt
1179 2586 1213 2608 ac
1225 2577 1391 2616 negligunt;
1405 2577 1534 2617 primum
1543 2577 1664 2618 quidem
1678 2588 1730 2610 eos
1741 2579 1856 2620 quihoc

1030 2621 1143 2652 faciunt
1158 2622 1298 2652 ultimum
1311 2622 1426 2662 proprii
1438 2622 1552 2652 ordinis
1569 2623 1692 2660 gradum
1706 2633 1829 2656 sumere
1846 2633 1853 2656 Ζ

1030 2665 1076 2696 sin
1090 2671 1188 2696 autem
1207 2667 1478 2705 perseseraverint,
1496 2667 1609 2698 inﬂicta
1633 2677 1753 2709 quoque
1770 2678 1857 2710 pmna

1030 2710 1138 2749 corrigi
1156 2710 1361 2742 decernimus.
1378 2710 1407 2742 Si
1423 2711 1491 2752 quis
1504 2716 1602 2743 autem
1619 2714 1649 2743 in
1666 2714 1854 2745 ordinatione

1030 2755 1086 2786 hoc
1104 2755 1284 2796 quandoque
1312 2756 1421 2787 fecisse
1447 2757 1526 2788 visus
1553 2757 1654 2797 fuerit,
1683 2758 1732 2790 tiat
1747 2763 1778 2790 ut
1792 2759 1854 2792 vult

1207 2816 1238 2842 70
1253 2816 1330 2850 Psal.
1346 2826 1431 2858 χχιιι,
1447 2818 1497 2851 i9.
