4108 6222
384 274 503 346 51-9

1565 237 1832 342 PHo'm
1872 273 2392 344 PATRIARCH/E
2422 275 2551 352 cp.

3623 282 3742 356 5'20

384 437 579 482 canon
609 413 992 499 apostolicus,
1027 415 1130 496 qui
1183 415 1332 478 dicit
1367 432 1380 474 :
1433 416 1493 478 Si
1526 413 1662 495 quis
1690 414 1754 464 84
1784 412 2016 495 ορίεοοο

2106 413 2263 472 νέσθω
2320 415 2460 472 κατὰ
2511 416 2604 472 τὸν
2667 415 3028 476 άποστολικδν
3090 422 3286 478 κανόνα
3327 422 3420 477 τὸν
3450 415 3690 500 ’λέγοντα
3723 438 3740 454 ⁸

377 527 494 589 pus
520 526 630 589 per
660 507 946 588 pecunias
994 507 1147 568 hanc
1198 505 1272 566 sit
1301 504 1648 585 dignitatem
1680 510 2016 579 assecutus,

382 599 475 662 vel
528 597 855 678 presbyter,
918 595 1010 656 vel
1069 593 1378 675 diaconus,
1439 593 1774 676 deponatur
1805 601 1864 655 et
1892 593 2022 672 ipse

383 698 444 752 et
473 687 572 768 qui
631 685 946 758 ordinavit,
1003 693 1064 747 et
1114 683 1498 746 esscindatur
1525 686 1772 745 omnino
1802 702 1835 744 a
1864 700 2022 744 com-

383 777 693 852 munione,
735 785 796 836 ιιι
847 775 940 836 69
981 773 1190 836 Simon
1247 775 1453 852 Magus
1509 792 1540 835 a
1592 791 1688 835 me
1722 775 1920 836 Petro.
1955 769 2026 832 Et

382 865 685 929 secundus
736 883 928 926 canon
960 872 1300 926 sanctorum
1333 866 1604 936 Patrum,
1637 863 1740 944 qui
1769 861 2023 925 Chalce-

383 957 543 1019 done
575 963 1009 1032 convenerunt,
1044 953 1150 1030 qui
1197 953 1345 1015 dicit
1378 976 1392 1013 :
1447 953 1508 1017 Si
1538 954 1671 1032 quis
1698 953 1766 1004 78
1793 953 2026 1034 episco-

384 1063 492 1128 pus
521 1044 790 1126 pecuniis
828 1043 1269 1106 ordinationem
1320 1041 1555 1114 fecerit,
1609 1050 1668 1104 et
1698 1061 1817 1106 non
1851 1057 2024 1103 vena-

381 1134 500 1198 lem
532 1134 778 1213 gratiam
814 1134 875 1196 in
927 1134 1289 1214 emptionem
1350 1131 1688 1208 deduxerit,
1747 1139 1806 1194 et
1836 1149 2022 1212 pecu-

381 1225 500 1287 niis
525 1223 888 1286 ordiuaverit
937 1223 1312 1303 episcopum,
1350 1221 1438 1284 vel
1498 1222 2020 1304 cborepiscopum,

383 1314 476 1377 vel
510 1313 944 1395 presbyterum,
970 1313 1060 1373 vel
1092 1311 1436 1391 diaconum,
1473 1313 1563 1373 vel
1603 1311 1866 1392 aliquem
1912 1329 2018 1372 eo-

379 1423 513 1467 rum
545 1405 644 1484 qui
669 1404 730 1464 in
766 1402 928 1466 clero
957 1410 1406 1473 enumerantur,
1449 1402 1542 1464 vel
1575 1401 1848 1482 pecuniis
1880 1420 2021 1481 pro-

384 1493 636 1557 moverit
657 1509 1056 1565 ceconomum,
1083 1491 1175 1552 vel
1207 1491 1612 1567 defensorem,
1637 1491 1730 1553 vel
1757 1507 2022 1570 peramo-

385 1585 645 1658 narium,
709 1583 798 1644 vel
851 1582 1096 1644 omnino
1144 1581 1403 1661 aliquem
1459 1599 1526 1643 ex
1567 1599 1800 1643 canone
1832 1583 2021 1661 turpis

385 1673 540 1736 lucri
592 1673 823 1752 gratia:
861 1671 963 1749 qui
1013 1672 1127 1733 hoc
1175 1689 1491 1749 aggressus
1539 1689 1673 1734 esse
1715 1671 2022 1733 convictus

371 1763 582 1836 fuerit,
619 1761 844 1842 proprii
891 1759 1114 1840 gradus
1162 1761 1220 1822 id
1255 1760 1430 1822 faciat
1481 1759 1790 1840 periculo:
1830 1767 1888 1821 et
1918 1759 2020 1836 qui

2106 1759 2248 1814 κείαν
2259 1805 2272 1821 ,

381 1853 713 1926 ordinatur,
740 1870 811 1914 ex
843 1869 913 1912 ea
938 1850 1315 1913 ordinatione
1337 1851 1427 1912 vel
1461 1849 1856 1930 promotione,
1893 1867 2025 1930 quae

383 1942 574 2024 pretio
619 1941 758 2002 dato
819 1940 1008 2002 instar
1081 1948 1432 2002 mercatum
1489 1940 1642 2003 facta
1699 1946 1810 2014 est,
1873 1937 2018 2001 nihil

369 2032 619 2112 juvetur
650 2052 663 2090 :
697 2030 802 2092 sed
834 2034 909 2092 sit
957 2029 1190 2091 alienus
1220 2048 1254 2090 a
1284 2029 1591 2108 dignitate,
1621 2029 1708 2091 vel
1745 2044 2019 2101 munere,

379 2139 485 2184 seu
508 2121 850 2196 curatione,
915 2137 1090 2201 quam
1147 2119 1421 2199 pecuniis
1469 2127 1782 2180 assecutus
1813 2127 1924 2181 est.
1959 2117 2024 2181 Si

373 2210 514 2292 quis
543 2219 740 2274 autem
772 2209 955 2272 rebus
984 2209 1134 2271 adeo
1167 2209 1440 2289 turpibus
1495 2217 1552 2270 et
1595 2207 1783 2271 lucris
1837 2206 2020 2268 illici-

372 2301 458 2362 tis
517 2301 880 2362 intercessor
936 2317 1043 2360 seu
1100 2305 1411 2378 sequester
1494 2296 1861 2379 apparuerit,
1923 2296 2022 2358 hic

371 2409 639 2472 quoque,
674 2391 725 2452 si
755 2390 832 2452 sit
885 2387 1127 2470 quidem
1159 2387 1442 2467 clericus,
1474 2406 1510 2450 a
1543 2387 1784 2468 proprio
1833 2385 2020 2466 gradu

377 2479 655 2553 excidat;
686 2479 780 2540 sin
810 2486 1006 2542 autem
1039 2477 1248 2555 laicus,
1277 2477 1370 2540 vel
1423 2477 1771 2554 monachus,
1807 2493 2020 2556 segre-

373 2578 574 2645 satur.

385 2657 460 2722 Ut
486 2659 624 2722 sine
655 2657 1010 2722 muneribus
1042 2657 1194 2738 ﬁant
1220 2655 1647 2718 monachorum
1677 2673 1752 2718 ac
1780 2657 2020 2718 monia-

857 2737 1005 2800 tium
1041 2737 1520 2800 nominationes.

389 2873 396 2884 ..
465 2831 564 2890 19.
597 2826 783 2891 Tanta
817 2825 1203 2890 exsecrabilis
1234 2825 1496 2888 avaritia;
1525 2823 1690 2886 labes
1720 2825 2023 2888 Ecclesia-

2106 503 2173 560 Εἴ
2229 526 2312 569 τις
2371 505 2661 569 ἐπίσκοπος
2721 504 2806 564 διὰ
2861 509 3164 587 χρημάτων
3218 515 3320 578 τῆς
3395 509 3542 576 ἀξίας
3606 512 3744 570 ταύ-

2102 615 2203 660 της
2263 594 2528 672 ἐγκρατὴς
2573 596 2818 673 γένηται,
2862 597 2899 665 ἢ
2962 595 3334 677 πρεσϐύτερος,
3392 600 3430 668 ἢ
3467 599 3741 676 διάκονος,

2104 685 2454 761 καθαιρείσθω
2525 687 2612 742 καὶ
2681 689 2840 752 αὐτὸς
2925 688 3012 744 καὶ
3075 691 3104 744 ὁ
3181 692 3594 770 χειροτονήσας,
3656 693 3748 749 καὶ

2105 772 2544 832 ἐκκοπτέσθωσαν
2674 777 2982 834 παντάπασι
3097 781 3185 836 καὶ
3295 782 3573 844 κοινωνίας
3671 784 3746 846 ὣς

2107 864 2288 937 Σίμων
2337 866 2365 920 ὁ
2410 865 2580 942 μάγος
2620 862 2709 922 ὑπ’
2755 869 2885 942 ἐμοῦ
2919 867 3142 945 Πέτρου.
3187 870 3462 934 Ὠσαύτως
3494 872 3751 928 καὶκατὰ

2106 954 2197 1009 τὸν
2240 951 2482 1033 δεύτερον
2540 955 2736 1013 κανόνα
2779 957 2886 1014 τῶν
2943 959 2999 1014 ἐν
3054 956 3356 1026 Χαλκηδόνι
3425 960 3585 1018 ὁσίων
3630 964 3751 1016 Πα-

2105 1042 2272 1122 τὲρων
2329 1045 2485 1120 ἡμῶν
2542 1045 2633 1102 τὸν
2705 1044 2933 1125 λέγοντα
2967 1065 2982 1082 °
3046 1046 3114 1106 Εἴ
3165 1070 3245 1112 τις
3303 1050 3591 1115 ἐπίσκοπος
3653 1047 3747 1106 ἐπί

2105 1129 2354 1210 χρήμασι
2440 1135 2778 1213 χειροτονίαν
2849 1137 3161 1211 ποιήσοιτο,
3232 1137 3323 1194 καὶ
3397 1139 3471 1203 εἰς
3555 1138 3749 1216 πρᾶσιν

2104 1221 2402 1299 καταγάγοι
2460 1222 2560 1290 τὴν
2636 1220 2872 1302 ἄπρατον
2942 1227 3134 1304 χάριν,
3207 1228 3294 1284 καὶ
3367 1228 3748 1307 χειροτονήσοι

2103 1311 2190 1366 ἐπὶ
2279 1311 2561 1389 χρήμασιν
2671 1311 2960 1371 ἐπίσκοπον
3066 1314 3104 1382 ἢ
3186 1317 3602 1395 χωρεπίσκοπον
3707 1316 3746 1384 ἢ

2103 1397 2478 1480 πρεσϐύτερον,
2580 1400 2616 1469 ἢ
2687 1400 2930 1461 διάκονον
3015 1402 3052 1470 ﬂ
3141 1427 3265 1462 τινα
3351 1412 3458 1462 τῶν
3530 1405 3584 1461 ἐν
3667 1412 3746 1479 τῷ

2103 1487 2288 1567 κλήρῳ
2357 1491 2886 1568 καταριθμουμένων,
2958 1492 2987 1560 η’
3046 1492 3370 1570 προϐάλοιτο
3445 1494 3533 1552 ἐπὶ
3590 1497 3744 1574 χρή-

2105 1600 2267 1654 μασιν
2331 1581 2613 1656 οἰκονόμον
2699 1581 2732 1649 ἤ
2825 1580 3032 1640 ἔκδικον
3095 1583 3130 1651 ἢ
3201 1585 3626 1663 παραμονάριον,
3713 1584 3743 1650 ἦ

2105 1667 2244 1731 ὅλως
2315 1671 2432 1753 τινὰ
2506 1670 2600 1728 τοῦ
2683 1672 2930 1745 κανόνος,
3004 1671 3072 1728 δι’
3155 1671 3591 1753 αἰσχροκέρδειαν
3656 1677 3743 1731 οἱ-

2367 1750 2425 1817 Ὀ
2511 1769 2666 1820 τοῦτο
2747 1761 3102 1840 ἐπιχειρήσας
3177 1750 3479 1842 ἐλεγχθεὶς,
3555 1761 3746 1821 κινδυ-

2107 1847 2301 1904 νευέτω
2359 1850 2433 1910 εἰς
2489 1850 2584 1906 τὸν
2641 1847 2778 1906 ἴδιον
2835 1851 3062 1927 βαθμὸν,
3137 1854 3224 1909 καὶ
3294 1855 3324 1908 ὁ
3393 1854 3744 1932 χειροτονού-

2106 1957 2264 2012 μενος
2334 1936 2502 2013 μηδὲν
2589 1937 2651 1993 ἐκ
2732 1944 2833 2007 τῆς
2905 1940 3024 1998 κατ’
3097 1941 3358 2018 ἐμπορίαν
3440 1941 3750 2020 ὠφελείσθω

2105 2029 2437 2106 χειροτονίας
2511 2025 2547 2093 ii
2649 2026 2940 2105 προϐολῆς,
3035 2029 3155 2086 ἀλλ’
3241 2030 3380 2086 ἔστω
3461 2030 3745 2111 ἀλλότριος

2104 2121 2206 2182 τῆς
2276 2114 2421 2182 ἀξίας
2476 2114 2512 2182 ἧ
2567 2118 2660 2174 τοῦ
2743 2119 3154 2196 φροντίσματος,
3243 2120 3404 2198 οὗπερ
3457 2119 3548 2177 ἐπὶ
3599 2123 3750 2201 χρή-

2103 2227 2268 2279 μασιν
2327 2204 2540 2286 ἔτυχεν,
2623 2209 2679 2264 Εἰ
2745 2205 2800 2263 δέ
2885 2231 2965 2272 τις
3050 2210 3138 2266 καὶ
3195 2211 3486 2277 μεσιτεύων
3555 2211 3749 2290 φανείη

2101 2307 2221 2357 τοῖς
2297 2294 2462 2358 οὕτως
2530 2296 2782 2374 αἰσχροῖς
2843 2298 2931 2353 καί
2983 2297 3252 2373 ἀθεμίτοις
3310 2297 3583 2376 λήμμασι,
3647 2299 3746 2356 καί

2103 2385 2255 2447 οὗτος
2313 2384 2356 2440 εἰ
2413 2383 2509 2458 μὲν
2567 2383 2821 2463 κληρικὸς
2879 2384 2998 2466 εἴη,
3059 2391 3120 2443 ἐκ
3177 2394 3271 2444 τοῦ
3329 2389 3520 2446 οἰκείου
3581 2388 3747 2447 ἐκπι-

2108 2471 2282 2528 πτὲτω
2335 2474 2540 2551 βαθμοῦ
2575 2490 2589 2504 ’
2653 2477 2698 2530 εἰ
2769 2471 2823 2530 δὲ
2897 2474 3090 2542 λα’ἰκὸς
3163 2475 3200 2543 ἥ
3273 2479 3538 2558 μοναχὸς,
3600 2478 3748 2560 ἀφο-

2104 2561 2343 2640 ριζέσθω,

2104 2653 2228 2726 Βερί
2257 2651 2350 2708 τοῦ
2384 2652 2535 2714 ἐκτὸς
2567 2649 2764 2709 δόσεων
2796 2655 2887 2718 τὰς
2937 2657 3244 2733 καταταγὰς
3292 2655 3398 2713 τῶν
3441 2657 3732 2737 ἱερατικιῖη

2364 2742 2619 2812 μοναχών
2650 2755 2707 2789 τε
2738 2737 2824 2790 καὶ
2856 2743 3189 2814 μοναστριῶν
3223 2739 3478 2815 γίνεσθαι.

2190 2810 2280 2882 ιϐ’.
2317 2810 2578 2879 Τοσοῦτον
2610 2826 2950 2898 κατενεμήθη
2981 2810 3077 2893 τῆς
3113 2810 3454 2906 φιλαργυρίας
3486 2827 3547 2883 τὸ
3576 2835 3749 2903 μῦσος

379 2937 515 2982 rum
541 2918 854 3001 praefectos
875 2916 1113 2990 invasit,
1148 2923 1213 2976 ut
1235 2914 1506 2977 nonnulli
1531 2933 1734 2976 eorum
1760 2914 2020 2976 virorum

2108 2912 2182 2974 εἰς
2255 2911 2378 2974 τοὺς
2440 2912 2718 2991 ἡγήτορας
2772 2920 2878 2970 τῶν
2925 2913 3288 2991 Ἐκκλησιῶν,
3333 2915 3470 2973 ὥστε
3525 2919 3613 2974 καί
3655 2941 3747 2975 τι-

375 3026 448 3070 ac
477 2997 930 3088 mulierum,qui
956 3006 1034 3087 pii
1056 3024 1124 3066 ac
1155 3004 1416 3084 religiosi
1447 3003 1752 3080 dicuntur,
1787 3002 2020 3066 Domini

2109 3022 2201 3064 νας
2251 3005 2352 3057 τῶν
2416 2997 2721 3078 λεγομένων
2789 3001 3027 3062 εύλαεὼν
3103 3004 3305 3083 ἀνδρῶν
3372 3028 3431 3063 τε
3499 3008 3590 3064 καὶ
3645 3030 3751 3086 γυ-

381 3096 644 3191 mandati
663 3096 835 3191 obliti
855 3095 1356 3191 fallantur,et_eos
1375 3093 1476 3174 qui
1497 3092 2020 3191 adsacerdotalem

2109 3096 2330 3191 ναικῶν,
2400 3090 2812 3166 ἐπιλαθομένους
2896 3098 3002 3150 τῶν
3083 3093 3312 3152 ἐντολῶν
3401 3102 3495 3153 τοῦ
3562 3098 3755 3175 Κυρίου

379 3186 652 3248 ordinem
688 3193 747 3247 et
777 3185 961 3247 vitam
997 3183 1382 3245 monasticam
1415 3182 1730 3255 accedunt,
1755 3181 2020 3262 pecuniis

2109 3176 2530 3259 ἐξαπατηθῆναι,
2591 3182 2678 3237 καὶ
2726 3179 2812 3238 διὰ
2878 3184 3100 3262 χρυσίου
3158 3185 3252 3248 τὰς
3321 3183 3571 3266 εἰσδοχᾶς
3641 3192 3754 3243 τῶν

377 3275 695 3338 admittant
729 3291 743 3337 :
780 3282 839 3336 et
868 3291 1124 3354 quorum
1158 3270 1483 3354 r-eprobum
1516 3279 1606 3335 est
1633 3270 2020 3352 principium,

2108 3268 2557 3348 προσερχομένων
2626 3277 2697 3343 τῷ
2755 3291 2814 3326 τε
2859 3274 3109 3350 ἱερατικῷ
3151 3274 3386 3351 τάγματι
3416 3278 3612 3349 καὶτῷ
3641 3297 3753 3350 μο-

379 3364 724 3426 universum
782 3381 1019 3443 quoque
1079 3360 1478 3442 rejiciendum
1533 3359 1814 3437 efficitur,
1852 3368 1914 3422 ut
1944 3361 2020 3422 ait

2107 3359 2253 3436 νήρει
2452 3363 2724 3417 ποιεῖσθαι
2759 3376 2774 3391 ’
2839 3362 2928 3418 καὶ
2980 3362 3182 3440 γίνεται
3225 3365 3300 3418 ὧν
3341 3365 3376 3432 ἡ
3423 3363 3571 3443 ἄρχῆ
3618 3362 3755 3422 ἀδό-

382 3472 630 3532 magnus
665 3452 966 3516 Basilius:
1027 3470 1140 3514 nec
1199 3450 1358 3514 enim
1413 3450 1536 3513 Deo
1570 3449 1713 3513 licet
1741 3459 1800 3512 et
1829 3467 2020 3512 mam-

2106 3469 2264 3524 κιμος
2321 3448 2414 3504 καί
2490 3450 2552 3504 τὸ
2622 3455 2727 3505 πᾶν
2797 3449 3129 3528 ἀπόϐλητον,
3176 3452 3251 3518 ὥς
3302 3474 3464 3533 φησιν
3507 3456 3536 3509 ὁ
3577 3452 3752 3530 μέγας

379 3561 577 3606 meum
604 3542 831 3606 servire
857 3543 942 3603 85.
977 3540 1036 3604 Si
1073 3541 1206 3622 quis
1237 3559 1378 3621 ergo
1403 3541 1684 3604 inventus
1711 3538 1889 3602 fuerit
1911 3539 2020 3602 hoc

2108 3536 2408 3602 Βασίλειος.
2474 3535 2604 3596 Ουδὲ
2660 3540 2760 3619 γὰρ
2845 3547 2962 3616 Θεῷ
3043 3539 3130 3598 διὰ
3185 3549 3420 3618 μαμωνᾶ
3479 3541 3750 3600 δουλεύειν

376 3632 599 3708 facere,
634 3633 736 3715 qui
767 3634 878 3695 boc
902 3631 1065 3712 facit,
1094 3632 1143 3694 si
1175 3631 1253 3692 sit
1280 3629 1526 3713 quidem
1564 3629 1906 3712 episcopus,
1931 3629 2020 3692 vel

2109 3626 2329 3693 ἔξεστιν.
2368 3626 2436 3715 Εἴ
2479 3649 2557 3690 τις
2603 3630 2689 3685 οὗν
2748 3633 2934 3710 εὗρεθῇ
2991 3641 3144 3691 τοῦτο
3179 3639 3367 3707 ποιῶν,
3402 3634 3446 3689 εἰ
3492 3633 3592 3709 μὲν
3622 3633 3751 3690 ἐπί-

379 3723 731 3787 monasterii
759 3724 1097 3805 praafectus,
1130 3721 1224 3784 vel
1249 3771 1252 3776 .
1274 3739 1345 3783 ex
1395 3720 1750 3783 sacerdotali
1781 3719 2021 3799 ordine,

376 3813 470 3876 vel
499 3820 716 3887 cesset,
750 3812 841 3874 vel
884 3812 1223 3893 deponatur
1253 3822 1318 3871 ut
1371 3811 1494 3872 vult
1543 3829 1734 3873 canon
1766 3809 2022 3872 Chalce-

378 3900 666 3963 donensis
695 3901 930 3982 synodi.
981 3900 1088 3964 Sin
1139 3913 1337 3962 autem
1393 3899 1738 3961 monasterii
1771 3898 2022 3979 praefec-

377 4001 501 4061 tus,
537 3991 628 4051 70
657 4009 690 4051 a
721 3991 1083 4052 monasterio
1115 3988 1484 4054 extrudatur.
1538 3997 1604 4050 et
1642 3988 1743 4049 alii
1777 4005 2022 4049 monas-

378 4079 532 4143 terio
563 4079 827 4142 tradatur
847 4078 921 4140 ad
957 4078 1417 4158 subjectionem.
1472 4076 1767 4140 Similiter
1795 4085 1856 4140 et
1888 4094 2021 4138 mo-

378 4169 629 4232 nasterii
687 4167 1023 4248 praefectus,
1059 4166 1162 4248 qui
1220 4164 1554 4247 presbyteri
1584 4165 2020 4227 ordinationem

2107 3739 2308 3782 σκοπος
2357 3714 2710 3794 ἱίὴγούμενος
2755 3717 2785 3785 ἦ
2829 3740 2911 3784 τις
2954 3727 3048 3777 τοῦ
3088 3723 3353 3800 ἱερατικοῦ
3383 3727 3664 3802 τυγχάνει,
3720 3720 3751 3790 ἦ

2107 3806 2396 3864 παυσάσθω
2442 3806 2478 3874 ἢ
2528 3809 2877 3887 καθαιρείσθω
2911 3827 2925 3843 ⁸
2973 3811 3111 3868 κατὰ
3160 3812 3253 3868 τὸν
3283 3809 3524 3888 δεύτερον
3554 3811 3753 3868 κανόνα

2107 3899 2203 3965 τῆς
2253 3896 2306 3952 ἐν
2350 3894 2657 3962 Χαλκηδόνι
2700 3897 2854 3976 ἁγίας
2907 3898 3148 3963 συνόδου.
3208 3903 3268 3959 Εἰ
3323 3900 3380 3958 δὲ
3429 3901 3751 3980 ἡγούμενος,

2104 3983 2457 4066 ἐκδιωχθήτω
2484 3987 2546 4043 ἐκ
2573 3993 2668 4045 τοῦ
2717 3990 3099 4069 μοναστηρίου,
3157 3983 3245 4048 καὶ
3293 3990 3645 4070 παραδοθήτω
3694 3991 3752 4047 ἐν

2105 4073 2270 4152 ἑτέρῳ
2326 4076 2669 4150 μοναστηρίῳ
2751 4081 2884 4156 πρὸς
2968 4081 3267 4159 ὕποτᾶγήν.
3325 4081 3602 4145 Ὡσαύτως
3659 4083 3751 4138 καὶ

2105 4164 2400 4241 ἡγούμενος
2459 4165 2538 4241 μὴ
2593 4165 2740 4247 ἔχων
2824 4171 3158 4249 χειροτονίαν
3227 4168 3602 4250 πρεσϐυτέρου,
3647 4170 3737 4229 ἐπὶ

377 4258 582 4322 habet.
620 4256 703 4318 De
734 4256 808 4318 iis
837 4264 1035 4318 autem
1070 4274 1202 4337 quae
1231 4256 1449 4318 dantur
1499 4254 1705 4317 liberis
1735 4273 1768 4316 a
1801 4273 2020 4335 paren-

2106 4250 2157 4308 δὲ
2215 4259 2320 4310 τῶν
2369 4256 2512 4333 παρὰ
2555 4257 2756 4334 γονέων
2787 4255 3084 4335 διδομένων
3126 4257 3278 4328 δίκην
3311 4260 3593 4340 προικῴων
3621 4273 3742 4327 τοῖς

379 4346 540 4410 tibus
571 4347 763 4408 instar
791 4345 972 4408 dotis:
1008 4345 1098 4407 vel
1122 4344 1304 4408 rebus
1331 4344 1457 4406 suis
1488 4344 1747 4426 propriis
1779 4344 2016 4426 oblatis,

2106 4341 2334 4423 τέκνοις,
2366 4349 2402 4411 ἦ
2430 4345 2755 4417 ἰδιοκτήτων
2817 4352 2990 4408 αὐτῶν
3033 4351 3364 4428 πραγμάτων
3394 4351 3746 4430 προσαγομέ-

379 4433 804 4517 proﬁtentibus
836 4434 911 4498 iis
940 4435 1041 4516 qui
1071 4453 1143 4498 ea
1172 4435 1454 4516 offerunt,
1491 4453 1625 4497 esse
1651 4433 1776 4498 Deo
1801 4453 2016 4498 conse-

2106 4455 2228 4507 νων,
2283 4433 2691 4514 ὁμολογούντων
2768 4436 2875 4494 τῶν
2942 4437 3323 4517 προσαγόντων
3381 4449 3548 4499 ταῦτα
3599 4442 3744 4496 εἶναι

378 4502 566 4600 creta,
598 4525 919 4587 statuimus
947 4502 1012 4586 ut
1033 4525 1162 4586 sive
1185 4502 1531 4600 exeant,'ea
1561 4527 1622 4586 in
1653 4525 2017 4589 monasterio

2106 4502 2439 4602 ἀφιερωμένα
2469 4502 2560 4600 ’τῷ
2592 4533 2733 4601 Θεῷ,
2769 4502 3008 4606 ὁρίζομεν
3038 4502 3144 4586 ὢν.
3185 4549 3243 4586 τε
3285 4530 3482 4604 μείναι,
3543 4525 3642 4585 κᾶν
3683 4547 3742 4585 τε

380 4623 686 4690 maneant,
722 4623 785 4676 ut
831 4615 942 4677 fuit
997 4614 1265 4694 ipsorum
1313 4615 1647 4696 professio,-
1692 4615 1807 4678 nisi
1837 4616 1890 4678 is
1919 4617 2020 4698 qui

2106 4611 2328 4694 ἐξέλθοι,
2374 4612 2553 4690 μένειν
2621 4616 2753 4673 αύτᾶ
2795 4617 2849 4674 ἐν
2919 4619 2998 4693 τῷ
3049 4619 3390 4698 μοναστηρίῳ
3449 4619 3587 4676 κατὰ
3644 4618 3745 4686 τὴν

378 4713 594 4790 praeest
614 4703 684 4767 in
715 4704 892 4787 culpa
919 4703 1122 4769 fuerit.

2106 4703 2401 4783 ὑπόσχεσιν
2446 4704 2606 4762 αύτοῦ
2645 4722 2660 4736 ·
2709 4707 2754 4762 εἰ
2787 4706 2864 4783 μὴ
2896 4711 2933 4786 ᾗ
2961 4708 2999 4775 ³η
3050 4708 3188 4766 αἰτία
3227 4715 3322 4766 τοῦ
3377 4713 3746 4789 προεστῶτος,

2103 4801 2198 4852 τοῦ
2227 4793 2458 4860 ἐξελθεῖν
2487 4794 2646 4853 αὐτὸν
2678 4793 2951 4863 δηλονότι,

377 4885 600 4950 Basilii
629 4902 708 4949 ea:
734 4883 1018 4967 Epistolis
1046 4884 1127 4947 ad
1176 4883 1652 4966 chorepiscopos.
1689 4884 1860 4958 Quod
1898 4903 2020 4948 non

2110 4882 2488 4967 Βασιλείουῌέκ
2555 4889 2655 4952 τῆς
2711 4887 2842 4964 πρὸς
2893 4888 3016 4950 τοὺς
3082 4887 3408 4953 ἐπισκόπους
3452 4886 3747 4957 ἐπιστολῆς

649 4964 919 5046 oporteat
945 4971 1141 5047 pretio
1168 4964 1390 5028 manus
1418 4964 1754 5047 inponere.

2386 4964 2525 5023 ὥστε
2553 4967 2633 5042 μὴ
2664 4981 3001 5047 χειροτονεῖν
3031 4968 3116 5026 ἐπὶ
3147 4967 3451 5050 χρήμασίν.

456 5056 570 5118 Rei
605 5054 1021 5136 turpitudo,de
1070 5073 1187 5137 qua
1235 5055 1578 5132 scribo,hoc
1607 5054 1740 5136 ipso
1769 5055 1928 5136 quod
1962 5056 2020 5119 in

2189 5057 2256 5113 Τὸ
2298 5061 2394 5112 τοῦ
2439 5055 2753 5134 πράγματος
2815 5055 3016 5117 ἄτοπον
3050 5061 3169 5139 περὶ
3220 5061 3280 5117 οὗ
3327 5060 3536 5140 γράφω,
3570 5057 3656 5116 διὰ
3697 5059 3750 5116 τί

379 5143 782 5226 suspicionem
815 5144 1064 5208 omnino
1103 5143 1266 5208 venit
1293 5163 1364 5208 ac
1390 5163 1754 5220 sermonem,
1807 5145 2016 5208 dolore

379 5235 647 5299 animum
684 5253 882 5296 meum
933 5235 1206 5316 implevit
1234 5251 1248 5296 :
1284 5235 1573 5298 hactenus
1601 5253 1746 5298 sane
1776 5235 1900 5298 visa
1927 5244 2018 5299 est

378 5322 526 5389 mihi
547 5323 1128 5396 incredibilis.Quod
1147 5343 1289 5406 ergo
1309 5325 1383 5388 de
1401 5325 1503 5390 illa
1523 5324 1748 5399 scribo,
1774 5333 1874 5407 qui
1899 5327 2016 5389 sibi

376 5415 510 5498 ipse
536 5413 820 5479 conscius
838 5422 947 5494 est,
965 5414 1217 5496 accipiat
1238 5425 1300 5479 ut
1324 5414 1661 5497 medelam;
1695 5416 1794 5498 qui
1816 5425 2015 5482 autem

459 5640 524 5694 85
553 5639 700 5705 Can.
732 5637 834 5703 30.
919 5639 983 5691 85
1009 5639 1157 5705 Can.
1190 5639 1251 5703 2.

2099 5148 2198 5224 μὲν
2263 5145 2402 5212 ὅλως
2457 5148 2775 5216 ὑπωπτεύθη
2831 5151 2920 5207 καὶ
2989 5149 3252 5226 ἐλαλήθη,
3319 5147 3508 5217 ὀδύνης
3564 5148 3748 5219 ἐπλή-

2099 5236 2236 5317 ρωσέ
2281 5259 2379 5312 μου
2422 5237 2524 5304 τὴν
2564 5238 2770 5317 ψυχὴν,
2804 5237 2938 5304 τέως
2968 5236 3024 5295 δί
3055 5239 3226 5321 ἐγάνη
3255 5262 3350 5315 μοι
3382 5237 3633 5302 ἄπιστον,
3667 5239 3742 5295 Τὸ

2099 5328 2186 5386 οὖν
2223 5328 2340 5404 περί
2382 5328 2542 5384 αὐτοῦ
2585 5329 2835 5407 γράμμα,
2897 5331 2924 5385 ὁ
2987 5328 3087 5404 μὲν
3158 5329 3506 5408 συνεγνωκὼς
3559 5329 3740 5404 ἐαυτῷ

2098 5415 2328 5484 δεξάσθω
2368 5417 2442 5482 ὥς
2484 5414 2650 5494 ἴαμα,
2697 5419 2725 5474 ὁ
2785 5415 2842 5475 δὲ
2891 5419 2972 5497 μὴ
3014 5420 3358 5501 συνεγνωκὼς
3407 5420 3482 5485 ὥς
3529 5439 3743 5501 προφυ·
