4108 6222
237 296 341 366 521

1035 290 1454 361 SYNTAGMA
1497 286 1892 358 CANONUM.
1937 327 2016 339 —
2053 273 2209 358 TIT.
2257 297 2307 378 I,
2353 295 2517 357 CAP.
2566 289 2787 358 XXIV.

3477 285 3596 359 522

234 433 538 513 λακτήριον,
574 435 601 489 ὁ
633 431 686 488 δὲ
737 429 1015 512 ἀδιάφορος
1064 432 1193 510 ὅπερ
1235 431 1548 510 ἀπεύχομαι
1601 427 1683 509 ἐφ’
1725 430 1856 503 ὑμῖν

1964 429 2447 506 ionconscius,ut
2473 425 3020 510 praemunitionem;
3048 423 3409 490 indifferens
3424 447 3592 508 vero,

234 525 501 601 εὑρεθῆναι
554 524 626 587 ὡς
687 519 770 578 δια
828 542 1144 600 μαρτυριαν.
1205 529 1266 578 Tt
1330 518 1385 575 δέ
1417 519 1558 574 ἐστιν
1595 519 1622 574 ὃ
1677 517 1866 596 λέγω;

235 635 358 694 φασι
424 611 566 676 τινές
629 632 776 674 τινας
832 612 982 686 ὑμῶν
1030 611 1172 688 παρὰ
1219 612 1323 666 τῶν
1380 607 1870 689 χειροτονουμένων

234 699 530 777 λαμϐάνειν
598 702 880 780 χρήματα,
969 700 1294 770 ἐπισκιάζειν
1372 696 1426 754 δὲ
1486 699 1705 772 ὀνόματι
1776 695 1868 751 εῦ-

231 790 463 856 σεϐειας.
499 797 668 849 Τοῦτο
699 789 753 845 δὲ
785 789 978 869 χεῖρόν
1014 788 1181 852 ἐστιν,
1228 789 1356 846 Ἐὰν
1400 787 1501 867 γάρ
1550 811 1630 850 τις
1661 787 1721 843 τὸ
1765 806 1872 842 κα-

235 884 326 939 κὸν
355 881 409 937 ἒν
456 882 806 960 προσχήματι
850 888 944 937 τοῦ
987 879 1183 956 ἀγαθοῦ
1227 885 1385 958 ποιῇ,
1413 876 1750 938 διπλασίονος
1783 898 1870 931 τι-

233 972 437 1049 μωρίας
481 969 616 1026 ἐστὶν
675 968 816 1034 ἄξιος
851 987 866 1001 ⁸
941 967 1072 1024 διότι
1148 969 1273 1025 αῦτό
1316 989 1375 1024 τε
1420 969 1480 1023 τὸ
1524 967 1620 1022 οῦκ
1674 965 1872 1043 ἀγαθὸν

231 1061 530 1138 ἐργάζεται,
577 1060 665 1116 καὶ
722 1058 990 1138 κέχρηται
1037 1059 1111 1121 εἰς
1155 1059 1216 1114 τὸ
1269 1055 1481 1113 τελέσαι
1535 1057 1632 1124 τὴν
1691 1057 1868 1134 ἁμαρ-

231 1151 370 1228 τίαν,
405 1152 478 1214 ὡς
512 1150 574 1204 ἃν
618 1148 766 1206 εἴποι
820 1170 926 1227 τις,
989 1154 1066 1222 τῷ
1108 1145 1260 1221 καλῷ
1305 1152 1562 1225 συνεργῷ.
1610 1152 1784 1203 Ταῦτα
1830 1143 1874 1200 εἰ

229 1239 399 1304 οὕτως
458 1238 599 1317 ἔχει,
646 1246 738 1295 τοῦ
797 1236 988 1294 λοιποῦ
1045 1236 1124 1312 μὴ
1181 1236 1432 1312 γινέσθω,
1480 1235 1619 1290 ἀλλὰ
1648 1233 1872 1312 διορθω-

229 1331 382 1398 θήτω
414 1346 429 1361 ⁸
479 1329 594 1385 ἐπεὶ
650 1327 860 1406 ἀνάγκη
918 1326 1091 1404 λέγειν
1149 1328 1280 1403 πρὸς
1323 1326 1411 1382 τὸν
1465 1321 1761 1403 δεχόμενον
1815 1323 1876 1378 τὸ

234 1420 511 1498 ἀργύριον,
574 1416 704 1496 ὅπερ
766 1416 947 1494 ἒῤῥέθη
1017 1417 1160 1485 παρά
1226 1422 1334 1472 τῶν
1389 1412 1702 1471 ἀποστόλων
1745 1413 1877 1489 πρὸς

231 1511 325 1565 τὸν
371 1508 593 1565 Θέλοντα
641 1505 843 1585 δοῦναι,
897 1505 992 1562 ἵνα
1050 1506 1361 1580 Πνεύματος
1401 1503 1552 1582 ἁγίου
1596 1503 1878 1577 μετουσίαν

230 1599 514 1668 ὠνήσηται
547 1611 561 1626 ⁸
599 1597 670 1652 Τὸ
721 1595 966 1673 ἀργύριον
1017 1617 1112 1651 σου
1171 1595 1264 1650 σὺν
1321 1615 1403 1649 σοι
1462 1594 1534 1654 εἰς
1578 1590 1873 1653 ἀπώλειαν,

229 1693 567 1770 Κουφότερος
598 1690 700 1767 γὰρ
731 1691 756 1744 ὁ
789 1686 855 1743 δι’
890 1688 1134 1764 ἀπειρίαν
1182 1687 1494 1756 ὠνήσασθαι
1549 1684 1742 1764 θέλων,
1779 1684 1812 1753 ἢ
1849 1687 1876 1740 ὁ

1952 517 2112 594 quod
2132 519 2372 600 quidem
2390 520 2682 599 deprecor
2695 535 2769 579 ne
2783 516 2845 578 in
2864 514 3033 577 vobis
3045 516 3600 602 reperiatur,utper

1954 606 2598 681 obtestationem.Quid
2620 614 2817 669 autem
2845 605 3129 686 est,quod
3155 605 3290 669 dico
3309 606 3342 668 ?
3363 607 3598 674 Dicun-

1952 702 2050 757 tur
2077 697 2353 760 nonnulli
2381 715 2454 760 ex
2482 696 2654 760 vobis
2686 695 2758 758 ab
2792 695 2865 757 iis
2895 695 2996 778 qui
3028 696 3599 782 ordiuantur,pecu-

1954 788 2084 848 nias
2115 789 2415 868 accipere,
2448 788 2629 867 idque
2674 785 2909 866 pietatis
2941 787 3190 850 nomine
3217 788 3596 857 inumbrare.

1955 871 2287 938 Hocautem
2316 877 2484 958 pejus
2503 885 2592 938 est
2622 874 2856 937 Etenim
2874 875 3072 957 siquis
3097 878 3316 940 malum
3341 880 3453 943 sub
3469 901 3600 962 spe-

1955 965 2046 1027 cie
2070 966 2215 1027 boni
2238 966 2674 1046 perlicit,pzena
2696 965 2923 1046 duplici
2945 966 3165 1046 dignus
3188 977 3299 1031 est:
3323 972 3598 1052 quando-

1957 1055 2196 1135 quidem
2219 1057 2459 1138 etquod
2484 1075 2600 1118 non
2627 1057 2848 1118 bonum
2875 1063 2986 1130 est,
3021 1056 3182 1134 facit,
3221 1067 3282 1121 et
3315 1061 3502 1124 utitur
3524 1063 3601 1126 ad

1956 1155 2266 1224 peccatum
2290 1145 2787 1209 committendum
2809 1144 3064 1221 bono,ut
3086 1145 3168 1211 ita
3189 1147 3409 1228 dicam,
3435 1151 3606 1234 adju-

1955 1234 2260 1297 tore.H:ec
2283 1235 2333 1297 si
2357 1235 2436 1297 ita
2455 1254 2521 1298 se
2544 1234 2792 1309 habent,
2823 1234 3109 1318 deinceps
3153 1257 3271 1300 non
3295 1240 3457 1318 ﬁant,
3495 1243 3602 1306 sed

1958 1324 2357 1386 emendentur
2392 1343 2405 1387 :
2430 1324 2732 1406 siquidem
2759 1343 3008 1387 necesse
3030 1333 3118 1388 est
3149 1326 3350 1391 dicere
3381 1349 3604 1411 argen-

1960 1421 2083 1504 tum
2108 1413 2623 1504 accipienti,quoﬁd
2647 1414 2720 1476 ab
2746 1415 3034 1495 apostolis
3057 1417 3281 1480 dictum
3304 1429 3392 1482 est
3414 1421 3606 1504 ei,qui

1961 1503 2103 1565 dare
2116 1503 2694 1584 volebat.utSpiritus
2708 1504 2894 1566 sancti
2911 1505 3428 1587 participationem
3445 1503 3607 1576 eme-

1960 1600 2055 1653 ret
2089 1611 2103 1656 :
2145 1593 2415 1656 Pecunia
2439 1600 2541 1656 tua
2568 1601 2763 1657 tecum
2783 1596 2863 1657 sit
2884 1600 2948 1657 in
2977 1597 3387 1674 perditionem
3415 1601 3602 1668 83-80.

1960 1680 2106 1743 Nam
2135 1683 2326 1745 levius
2356 1683 2653 1765 delinquit
2673 1685 2775 1765 qui
2799 1702 2923 1765 prae
2965 1686 3206 1749 inscitia
3235 1707 3439 1754 emere
3457 1693 3601 1773 vult,

231 1781 554 1860 πιπράσκων
616 1779 714 1846 τὴν
752 1784 847 1834 τοῦ
905 1783 1039 1832 Θεοῦ
1097 1773 1296 1854 δωρεάν
1331 1791 1346 1804 ⁶
1391 1775 1585 1852 πράσις
1617 1775 1717 1853 γὰρ
1748 1773 1875 1852 ἐγέ-

1964 1790 2137 1852 quam
2170 1779 2272 1854 qui
2305 1775 2410 1836 Dei
2439 1774 2665 1835 donum
2693 1774 2918 1836 vendit.
2947 1777 3231 1840 Venditio
3262 1780 3422 1842 enim
3455 1783 3607 1847 facta

227 1891 352 1928 νετο
391 1890 406 1906 ·
440 1871 529 1926 καὶ
561 1867 589 1924 δ
627 1869 688 1925 σὺ
733 1865 931 1945 δωρεὰν
975 1863 1162 1927 ἔλαϐες
1191 1866 1284 1922 εὰν
1315 1864 1523 1945 πωλῇς,
1561 1866 1754 1922 ὡσανεί
1784 1886 1878 1920 πε-

227 1960 506 2042 πραμένος
545 1966 621 2033 τῷ
667 1965 906 2036 Σατανᾳ,
971 1956 1305 2036 ἀφαιρεθήσῃ
1360 1963 1454 2011 τοῦ
1511 1956 1872 2034 χαρίσματος·

225 2049 534 2117 καπηλείαν
592 2048 693 2127 γάρ
736 2047 1044 2124 ἑπεισάγεις
1103 2058 1221 2108 τοῖς
1267 2057 1656 2120 πνευματικοῖς
1693 2045 1780 2101 καὶ
1810 2049 1879 2120 τῇ

227 2139 553 2217 Ἐκκλησία,
641 2137 764 2193 ἔνθα
851 2137 1250 2210 πεπιστεύμεθα
1334 2140 1492 2210 σῶμα
1569 2135 1657 2190 καὶ
1734 2133 1878 2208 αἷμα

231 2236 464 2307 Χριστοῦ
490 2248 505 2263 ·
570 2237 738 2286 ταῦτα
795 2227 966 2288 οὓτως
1027 2226 1260 2305 γίνεσθαι
1307 2224 1366 2281 οῦ
1400 2224 1534 2303 χρή.
1567 2227 1638 2281 "0
1669 2222 1723 2279 δέ
1766 2222 1878 2279 ἔστι

231 2322 294 2376 τὸ
380 2319 668 2398 τέχνασμα,
749 2315 896 2394 λέγω
932 2330 946 2345 ⁶
1034 2315 1305 2391 νομίζουσι
1366 2315 1442 2388 μὴ
1500 2313 1823 2393 ἁμαρτάνειν
1859 2329 1873 2342 ’

228 2412 307 2483 τῷ
350 2409 432 2483 μὴ
475 2404 587 2482 ἅμα
622 2402 1080 2485 προσλαμϐάνειν,
1118 2403 1258 2461 ἀλλά
1303 2405 1439 2478 μετά
1483 2405 1582 2470 τὴν
1616 2425 1878 2483 χειροτο-

235 2499 354 2554 νίαν
411 2494 700 2570 λαμϐάνειν
734 2511 747 2525 ·
792 2491 982 2550 )αϐεϊν
1026 2491 1081 2552 δέ
1135 2493 1278 2550 ἐστιν
1327 2491 1623 2563 ὁτεδήποτε
1655 2495 1717 2550 τὸ
1774 2492 1880 2549 λα-

238 2584 385 2647 ϐεῖν,
446 2583 745 2662 Παρακαλῶ
802 2583 890 2641 οὖν
955 2584 1154 2651 ταύτην
1212 2583 1310 2650 τὴν
1355 2580 1639 2658 πρόσοδον,
1676 2581 1878 2658 μᾶλλον

236 2675 422 2743 δὲτὴν
466 2673 830 2753 προσαγωγὴν
864 2673 964 2740 τὴν
1006 2673 1095 2728 ἒπὶ
1139 2671 1358 2750 γέενναν
1402 2671 1688 2728 ἀποθέσθαι
1724 2687 1738 2701 ⁰
1792 2672 1881 2728 καὶ

236 2767 314 2842 μὴ
383 2767 478 2828 τὰς
559 2778 756 2844 χεῖρας
835 2761 1164 2839 μολύντντες
1247 2761 1510 2825 τοιούτοις
1569 2759 1878 2840 λήμμασιν,

237 2855 458 2918 ἑαυτοὺς
532 2853 774 2920 ἀναξίους
865 2851 1137 2922 ποιήσητε
1221 2859 1314 2908 τοῦ
1395 2850 1667 2907 ἒπιτελετν
1755 2850 1883 2929 ἅγια

239 2946 538 3022 μυστήρια.
585 2945 873 3023 Σύγγνωτε
931 2942 987 2998 δέ
1043 2964 1134 3017 μοι
1169 2960 1183 2975 ·
1234 2941 1446 3018 πρῶτον
1500 2941 1600 3014 μὲν
1641 2941 1714 3004 ὡς
1748 2940 1881 2996 ἀπι-

240 3037 476 3112 στήσας,
539 3035 662 3090 εἶτα
719 3032 774 3088 δὲ
831 3034 905 3094 ὡς
967 3032 1196 3092 πεισθεὶς
1255 3028 1484 3110 ἀπειλῶ,
1521 3027 1576 3085 εἴ
1613 3051 1702 3092 τις
1747 3028 1883 3104 μετά

233 3124 438 3189 ταύτην
497 3143 598 3196 μου
659 3123 758 3189 τὴν
817 3119 1106 3187 ἐπιστολὴν
1154 3119 1368 3196 πράξειέ
1398 3143 1448 3176 τι
1478 3127 1743 3193 τοιοῦτον,
1775 3127 1882 3176 τῶν

230 3212 334 3287 μὲν
379 3212 602 3267 ἐνταῦθα
658 3209 1050 3285 θυσιαστηρίων
1101 3207 1474 3288 ἀναχωρήσει,
1535 3209 1757 3279 ζητήσει
1826 3207 1881 3264 δὲ

229 3300 360 3358 ἔνθα
417 3301 516 3368 τὴν
569 3307 662 3361 τοῦ
720 3306 852 3356 Θεοῦ
908 3297 1105 3376 δωρεὰν
1181 3297 1481 3376 ἀγοράζων,
1532 3297 1881 3374 μεταπωλετν

231 3389 481 3452 δύναται,
538 3378 730 3464 Ἠμεῖς
792 3389 893 3465 γὰρ
953 3388 1041 3442 καὶ
1101 3387 1152 3442 αἱ
1214 3385 1538 3453 Ἐκκλησίαι
1596 3394 1690 3444 τοῦ
1748 3393 1880 3443 Θεοῦ

230 3479 496 3545 τοιαύτην
553 3479 830 3548 συνήθειαν
895 3479 992 3535 οῦκ
1053 3476 1277 3556 ἔχομεν.
1361 3475 1460 3532 ’Ἐν
1511 3473 1565 3531 δὲ
1622 3476 1877 3554 προσθείς

232 3570 561 3644 παύσομαι·
631 3566 718 3623 διὰ
773 3565 1118 3645 φιλαργυρίαν
1180 3565 1382 3644 γίνεται
1441 3567 1606 3622 ταῦτα
1641 3584 1654 3599 '
1716 3568 1750 3634 ἡ
1823 3563 1877 3622 δὲ

230 3658 550 3740 φιλαργυρία
607 3658 695 3714 καὶ
751 3657 863 3734 ῥίζα
921 3657 1134 3712 πάντων
1175 3661 1284 3712 τῶν
1345 3660 1526 3712 κακῶν
1587 3655 1724 3736 ἐστι,
1783 3657 1880 3713 καί

231 3747 557 3824 ὀνομάζεται
603 3744 1007 3823 εἰδωλολατρία.
1061 3745 1147 3814 Μή
1205 3747 1295 3800 οῦν
1344 3751 1436 3801 τοῦ
1485 3752 1713 3824 Χριστοῦ
1741 3768 1880 3824 προ-

229 3839 507 3914 τιμήσητε
564 3837 631 3892 τά
690 3833 918 3916 εἴδωλα,
976 3832 1060 3895 διὰ
1119 3836 1308 3912 μικρὸν
1380 3833 1680 3915 ἀργύριον⁹
1738 3833 1878 3910 μηδὲ

229 3927 405 3986 πάλιν
447 3928 541 3983 τὸν
581 3923 787 3984 Ἰούδαν
848 3923 1204 4003 μιμήσησθε,
1238 3922 1487 4000 λήμματι
1541 3924 1877 4004 προδιδόντες

229 4015 503 4094 δεύτερον,
542 4016 634 4073 τὸν
695 4013 836 4080 ἅπαξ
895 4016 1027 4090 ὑπὲρ
1079 4015 1235 4089 ἡμῶν
1296 4013 1706 4092 σταυρωθέντα⁶
1763 4014 1878 4072 ἐπεὶ

226 4109 321 4164 καὶ
351 4108 418 4163 τὰ
449 4107 625 4186 χωρία
659 4106 755 4168 ,καὶ
791 4104 842 4161 αἱ
877 4116 1066 4184 χεῖρες
1098 4109 1207 4160 τῶν
1239 4103 1364 4166 τοὺς
1392 4105 1628 4182 καρποὺς
1659 4105 1876 4169 τούτους

227 4195 571 4278 δεχομένων,
605 4191 913 4270 Ἀκελδαμὰ
942 4192 1335 4261 κληθήσονται.

227 4283 513 4342 Γενναδίου
598 4285 683 4342 καὶ
768 4288 867 4350 τῆς
931 4283 1024 4338 σὺν
1111 4281 1256 4357 αὒτῷ
1327 4280 1566 4362 συνόδου,
1641 4283 1700 4339 ἐκ
1776 4289 1876 4351 τῆς

316 4365 601 4442 ἐγκυκλίου
683 4365 819 4441 πρὸς
883 4363 1002 4428 τοὺς
1076 4364 1398 4426 ἐσιωτάτους
1474 4361 1875 4440 μητροπολίτας

313 4444 633 4524 ὶπιστολῆς,
668 4445 806 4502 ὥστε
839 4444 918 4519 μὴ
950 4449 1288 4524 χειροτονεῖν
1314 4444 1398 4500 ἐπὶ
1430 4446 1732 4523 χρήμασιν.

230 4542 324 4596 Τῶ
389 4533 782 4614 Θεοφιλεετσίτῳ
825 4537 913 4590 καὶ
980 4533 1264 4608 ὁσιωτάτῳ
1311 4533 1700 4613 συλλειτουργῷ
1745 4532 1877 4608 τῷδε

315 4622 621 4702 Γεννάδιος,
682 4625 772 4682 καὶ
813 4626 849 4695 ἡ
908 4620 1209 4699 ἒνδημοῦσα
1270 4630 1338 4701 τῇ
1403 4622 1733 4704 φιλοχριστῳ
1788 4625 1878 4682 κα>

311 4713 546 4793 βασιλίδι
633 4711 1195 4773 Κωνσταντινουπόλει
1290 4712 1384 4788 νέᾳ
1481 4705 1665 4790 Ῥώμῃ
1754 4713 1878 4793 ἀγία

313 4804 534 4868 σύνοδος
545 4853 560 4868 .

319 4887 382 4954 Ὀ
446 4895 726 4962 Δεσπότης
786 4895 944 4970 ἡμῶν
991 4895 1081 4951 καὶ
1125 4892 1255 4956 Θεὸς
1298 4893 1389 4950 καὶ
1417 4891 1608 4969 Σωτήρ
1641 4891 1873 4969 Ἰησοῦς,

226 4986 540 5069 ἱγχειρίσας
598 4989 720 5049 τοῖς
779 4985 950 5064 ἁγίοις
999 4984 1155 5041 αὐτοῦ
1198 4985 1466 5059 μαθηταῖς
1510 4989 1602 5040 τοῦ
1636 4984 1877 5063 Εὗαγγε-

227 5077 348 5136 λίου
379 5078 438 5134 τὸ
471 5077 749 5155 κήρυγμα,
781 5072 1130 5137 διδασκάλους
1176 5072 1388 5136 τούτοις
1418 5084 1535 5137 τοῖς
1568 5072 1669 5129 ἀνὰ
1700 5079 1877 5131 πᾶσαν

227 5169 334 5236 τὴν
407 5165 725 5241 οἰκουμένην
811 5163 1110 5244 ἀνθρώποις
1189 5160 1594 5244 ὶξαποστείλας,
1653 5184 1878 5240 παρεκε-

230 5257 460 5315 λεύσατὸ
503 5253 790 5334 διαῤῥήδην
845 5254 914 5323 ἢν
959 5252 1209 5332 εἰλήφασι
1267 5251 1392 5331 παρ’
1462 5254 1616 5309 αὐτοῦ
1651 5251 1874 5332 δωρεὰν,

231 5347 435 5413 ταύτης
465 5344 562 5402 καί
595 5344 780 5410 αὖτοὺς
802 5357 920 5408 τοῖς
947 5343 1246 5420 ἀνθρώποις
1277 5340 1621 5416 μεταδιδόναι
1652 5341 1876 5422 δωρεὰν,

226 5439 309 5515 μὴ
343 5433 648 5510 κτωμένους
672 5434 803 5514 ὅπερ
833 5433 1000 5501 αὐτῆς
1027 5431 1062 5501 ἢ
1086 5430 1296 5512 χαλκὸν
1327 5429 1360 5498 ἦ
1392 5430 1641 5510 ἄργυρον,
1676 5433 1712 5501 ἢ
1738 5457 1880 5513 χρυ,

232 5527 356 5601 σὺν,
380 5526 416 5593 ἡ
448 5544 566 5580 τινα
589 5523 893 5602 περιουσίαν
914 5519 1086 5590 ἄλλην
1115 5519 1258 5586 ὅλως
1286 5518 1476 5590 ὃλικὴν
1507 5520 1543 5591 ἢ
1569 5520 1770 5604 γεώδη,
1792 5523 1878 5595 Μὴ

315 5639 470 5696 33'80
495 5642 628 5706 Act.
662 5655 787 5714 vui,
822 5635 924 5701 20.

553 5751 812 5814 meL.
857 5745 973 5810 Gn.
1017 5740 1173 5810 CIV.

1961 1871 2091 1937 est;
2126 1870 2183 1924 et
2213 1863 2369 1943 quod
2405 1871 2462 1952 tu
2503 1865 2688 1942 gratis
2719 1865 3030 1944 accepisti,
3064 1867 3122 1927 id
3155 1869 3205 1930 si
3234 1870 3601 1952 vendideris,

1959 1958 2244 2040 tanquam
2279 1955 2356 2012 7|
2426 1951 2659 2016 Satanae
2720 1955 2998 2016 venditus
3048 1957 3233 2034 gratia
3267 1951 3598 2040 privabere.

1959 2039 2105 2102 Nam
2126 2042 2549 2123 cauponariam
2573 2043 2914 2106 introducis
2939 2043 3000 2105 in
3020 2063 3119 2108 res
3139 2039 3508 2130 spirituales,
3545 2062 3604 2115 et

1961 2131 2022 2192 in
2044 2132 2232 2211 ipsam
2262 2133 2615 2206 Ecclesiam,
2640 2132 2739 2194 ubi
2772 2151 2990 2214 corpus
3022 2145 3083 2196 et
3112 2137 3351 2216 sanguis
3383 2139 3604 2202 Christi

1963 2221 2310 2310 concredita
2342 2221 2515 2283 nobis
2547 2233 2708 2282 sunt.
2747 2224 2889 2284 Haac
2919 2223 3000 2284 ita
3031 2225 3163 2287 fieri
3194 2245 3313 2289 non
3345 2239 3604 2310 oportet.

1962 2308 2149 2382 Quale
2181 2319 2377 2372 autem
2411 2314 2487 2372 sit
2515 2311 3094 2388 artiﬁcium,dicam.
3131 2314 3342 2379 Putant
3371 2308 3437 2380 se
3466 2319 3604 2386 ideo

1962 2418 2088 2490 non,
2117 2418 2394 2480 peccare,
2430 2400 2591 2490 quod
2624 2419 2746 2462 non
2778 2410 2933 2490 ante
2981 2402 3305 2484 accipiant,
3334 2409 3440 2471 sed
3474 2425 3605 2490 ροει

1963 2487 2403 2579 ordinationem
2425 2489 3051 2579 accipiant.Accipere
3068 2503 3267 2556 autem
3301 2503 3390 2558 est
3413 2487 3605 2579 quan-

1963 2577 2280 2658 docunque
2309 2578 2610 2659 accipere.
2643 2577 2806 2658 Rogo
2834 2580 3061 2662 itaque,
3096 2582 3358 2647 reditum
3407 2577 3602 2666 illum,

1961 2666 2083 2728 imo
2114 2667 2310 2747 potius
2332 2670 2484 2729 viam
2518 2668 2578 2729 in
2611 2670 2948 2759 gehennam
2973 2671 3294 2736 ducentem
3319 2675 3606 2759 relinqui-

1963 2763 2166 2830 te,nec
2189 2776 2398 2819 manus
2412 2758 2710 2838 ejusmodi
2728 2759 3076 2822 muneribus
3099 2758 3602 2844 contaminantes,

1967 2847 2244 2926 indignos
2275 2867 2378 2909 vos
2432 2847 2720 2925 efﬁciatis,
2759 2853 2858 2930 qui
2894 2851 3172 2931 mysteria
3201 2862 3405 2916 sancta
3433 2856 3602 2920 cele-

1968 2936 2478 3016 bretislgnoscile
2496 2947 2688 2999 autem
2726 2939 3170 3002 mihi.Primum
3195 2944 3440 3025 quidem
3467 2955 3603 3009 tan-

1967 3045 2141 3108 quam
2170 3045 2291 3088 non
2323 3029 2597 3100 credens,
2631 3027 2851 3090 deinde
2881 3035 3159 3111 tanquam
3215 3033 3393 3096 ﬁdem
3426 3035 3604 3098 adhi-

1901 3163 1942 3213 c
1966 3113 2598 3213 bens,interminor.§i
2629 3117 2763 3213 quis
2793 3125 2926 3213 post
2958 3119 3112 3184 hanc
3144 3140 3337 3185 meam
3369 3123 3603 3206 episto-

1965 3205 2080 3266 lam
2105 3206 2218 3268 tale
2237 3207 2464 3288 aliquid
2485 3207 2814 3282 admiserit,
2851 3207 2924 3270 ab
2950 3209 3042 3272 his
3066 3211 3308 3292 quidem
3340 3205 3472 3295 qua:
3504 3213 3604 3276 hic

1963 3303 2101 3356 sunt
2128 3295 2416 3358 altaribus
2445 3296 2724 3360 secedet:
2760 3303 2988 3378 qnaeret
3017 3309 3214 3364 autem
3245 3303 3348 3365 ubi
3372 3304 3479 3367 Dei
3501 3305 3604 3366 do-

1962 3403 2104 3447 num
2138 3403 2345 3446 emens
2377 3387 2578 3447 denuo
2611 3387 2936 3450 divendere
2968 3391 3310 3469 quoat.Nos
3341 3393 3501 3456 enim
3532 3413 3602 3456 ac

1960 3474 2066 3536 Dei
2099 3473 2383 3538 Ecclesia;
2415 3476 2910 3538 consuetudinem
2935 3479 3114 3541 talem
3139 3499 3257 3542 non
3282 3481 3595 3547 habemus.

1961 3562 2255 3626 Caeterum
2271 3584 2387 3626 uno
2410 3565 2611 3626 addito
2631 3565 3185 3649 desinam.Propter
3201 3572 3507 3634 avaritiam
3528 3573 3605 3636 is-

1961 3662 2019 3715 ta
2043 3653 2215 3715 fiunt.
2237 3654 2494 3716 Avaritia
2519 3663 2722 3716 autem
2747 3663 2804 3717 et
2825 3655 2992 3718 radix
3017 3657 3308 3721 malorum
3329 3661 3601 3725 omnium

1963 3752 2140 3824 est,et
2165 3743 2984 3808 vocaturidololatria.Nolite
3000 3746 3182 3826 igitur
3199 3749 3435 3813 Christo
3455 3769 3602 3832 prae-

1961 3833 2118 3896 ferre
2135 3832 2456 3896 simulacra
2478 3833 2553 3896 ob
2583 3833 2882 3896 modicum
2901 3843 3242 3916 argentum;
3262 3857 3372 3902 nec.
3393 3858 3603 3904 rursus

1955 3923 2168 3986 Judam
2201 3923 2451 3998 imitari,
2487 3933 2753 4004 quaestus
2806 3943 2984 3986 causa
3033 3925 3252 3991 iterum
3297 3930 3604 3994 tradentes

1961 4030 2096 4074 eum
2129 4016 2228 4103 qui
2256 4013 2444 4075 semel
2480 4031 2586 4094 pro
2616 4012 2790 4076 nobis
2821 4015 3140 4080 cruciﬁxus
3171 4025 3284 4083 est.
3317 4019 3602 4103 Alioquin

1959 4112 2019 4165 et
2048 4101 2176 4183 agri
2207 4110 2263 4164 et
2297 4121 2510 4164 manus
2566 4121 2800 4181 eorum,
2851 4105 2953 4186 qui
3002 4106 3111 4169 bos
3133 4106 3365 4174 {ructus
3396 4101 3600 4192 perci-

1959 4193 2152 4274 piunt,
2188 4193 2510 4256 Aceldama
2540 4194 2934 4258 vocabuntur.

1959 4281 2268 4372 Gennadii
2286 4285 2658 4372 patriarchae
2683 4291 2739 4346 et
2769 4285 3151 4372 synodi-cum
3182 4291 3315 4370 ipso
3347 4291 3602 4372 epistola

2037 4364 2341 4453 encyclica
2370 4367 2454 4426 ad
2484 4382 2693 4427 omnes
2714 4366 3131 4453 sanctissimos
3161 4364 3594 4453 metropolitas,

2043 4445 2204 4532 quod
2232 4462 2357 4508 non
2386 4453 2664 4525 oporteat
2687 4447 2890 4525 pretio
2917 4464 3140 4511 manus
3166 4445 3503 4532 imponere.

1901 4522 2438 4613 DReiigiosissimo
2494 4540 2552 4597 et
2607 4522 2988 4598 sanctissimo
3016 4538 3082 4600 in
3119 4522 3318 4604 sucﬂs
3347 4545 3601 4606 commi-

2041 4625 2232 4687 nistro
2259 4623 2338 4687 Ν.
2373 4626 2754 4706 Gennadius,
2790 4634 2849 4690 et
2876 4645 3009 4707 quae
3032 4631 3102 4690 in
3134 4630 3364 4694 Christi
3383 4649 3602 4695 aman-

2041 4720 2096 4777 te
2125 4715 2305 4794 regia
2335 4720 2582 4777 civitate
2634 4716 3166 4798 Constantinopoli
3201 4737 3354 4783 nava
3383 4721 3598 4800 Roma,

2040 4812 2249 4867 coacta
2279 4812 2366 4866 est
2392 4813 2602 4868 sancta
2628 4806 2916 4886 synodus.

2040 4895 2189 4956 Cum
2220 4892 2508 4956 Dominus
2567 4902 2625 4955 et
2683 4894 2842 4957 Deus
2883 4895 3152 4960 Salvator
3183 4906 3394 4963 noster
3418 4902 3598 4965 Jesus

1961 4983 2234 5048 Christus
2262 4985 2350 5044 72
2375 4983 2498 5045 suis
2538 4983 2845 5065 discipulis
2864 4985 3170 5066 Evangelii
3212 4990 3597 5070 praedicatio-

1960 5093 2099 5137 nem
2123 5073 2502 5150 credidisset,
2536 5092 2758 5154 eosque
2781 5093 2889 5156 per
2928 5077 3277 5141 universum
3301 5089 3597 5146 terrarum

1962 5163 2167 5255 orbem
2181 5164 2341 5226 inter
2360 5163 2638 5255 homines
2655 5165 2730 5227 ad
2748 5165 3085 5228 docendum
3106 5169 3601 5255 misisset,aperte

1958 5254 2235 5336 jussit,ut
2256 5253 2418 5333 quod
2433 5253 2617 5334 gratis
2636 5256 3038 5336 accepissent,
3058 5259 3149 5321 eis
3170 5253 3403 5342 quoque
3419 5253 3602 5342 gratis

1964 5344 2328 5419 darent,non
2359 5345 2696 5420 aurum,vel
2718 5354 3167 5426 argentum,aut
3184 5349 3330 5412 alias
3355 5352 3600 5414 omnino

1963 5437 2296 5495 materiales
2311 5446 2363 5496 et
2382 5439 2956 5500 terrenasiacultates
2978 5457 3086 5514 pro
3108 5445 3191 5503 eis
3205 5446 3598 5516 acquirentes.

1966 5521 2327 5586 leestibus
2359 5521 2521 5586 enim
2560 5531 2618 5588 et
2666 5525 3078 5607 spiritualibus
3111 5527 3287 5593 donis
3315 5529 3482 5596 nulla
3513 5537 3604 5595 est

3209 5755 3284 5821 17
