4018 6206
497 282 615 360 523

1684 296 1953 365 PHOTII
1993 294 2510 368 PATRIARCH/E
2550 299 2667 367 ΟΡ.

2417 18 2424 49 υ

3436 84 3461 105 .'
3530 86 3637 107 !.-.
3688 98 3701 107 .
3798 82 3815 105 τ

3436 84 3461 105 ,ν
3482 82 3501 121 '_
3530 82 3549 109 ξ
3576 82 3777 119 ,ιη-ιτ
3798 82 3815 105 ε

3524 120 3553 135 *1
3734 120 3747 135 I

3524 120 3553 139 *ἱ

3670 298 3763 369 524

498 452 633 495 cum
661 435 916 498 terrenis
939 440 998 497 et
1044 435 1475 516 temporalibus
1524 439 1912 501 mutuationis
1955 438 2104 501 ratio

2216 439 2315 519 γὰρ
2360 439 2503 497 εἶναι
2546 445 2652 495 τῶν
2712 433 3035 512 ἐπουρανίων
3096 434 3184 490 καὶ
3254 437 3590 510 πνευματικῶν
3634 461 3762 517 χαρι-

493 521 620 586 Hoc
638 532 836 589 autem
866 534 1229 605 praeceptum
1255 544 1372 587 non
1397 525 1589 589 solum
1640 526 1784 604 illis,
1820 527 1926 590 sed
1955 532 2130 591 etiam

495 611 667 675 nobis
689 632 797 695 per
816 613 954 676 illos
980 612 1400 696 dedit,quosin
1424 615 1663 678 illorum
1689 616 1935 697 gradum
1958 628 2018 681 et
2048 617 2133 681 lo-

495 721 626 763 cum
653 701 1019 765 substituere
1044 702 1323 783 dignatus
1341 712 1432 767 est
1466 722 1480 768 :
1509 715 1836 786 etoportet,
1870 708 2025 770 sicut
2044 708 2131 769 illi

490 798 769 865 tunc,nos
791 810 1029 874 quoque
1046 811 1205 855 nunc
1228 802 1502 857 accurate
1516 804 1574 858 et
1596 796 1917 876 diligenter
1936 815 2131 860 serva-

486 897 696 955 re,nec
722 881 778 942 in
803 881 876 942 iis
899 882 1249 945 ratiocinari
1272 884 1607 965 sophistica
1631 886 1981 963 calliditate,
2016 906 2129 949 nec

484 970 672 1034 aleam
699 973 1092 1054 periculosam
1111 975 1341 1055 jacere:
1371 978 1604 1057 Gratis,
1624 977 2124 1059 inquit,accepis-

486 1063 794 1144 tis,gralis
816 1063 977 1144 date,
1000 1082 1123 1126 non
1140 1065 1509 1145 possidentes
1528 1084 1630 1139 ws,
1664 1085 1862 1148 neque
1883 1086 2121 1144 aurum,

480 1170 675 1233 neque
698 1160 1017 1233 argentum
1041 1158 1106 1217 in
1127 1157 1302 1218 zonis
1324 1158 1536 1219 vestris
1556 1156 1631 1219 8'.
1664 1157 1931 1237 Simplex
1956 1166 2045 1219 est
2067 1165 2127 1219 et

480 1250 687 1321 aperta
716 1242 895 1323 hujus
926 1244 1191 1307 mandati
1224 1245 1397 1319 ratio,
1432 1264 1567 1326 quae
1608 1246 1759 1308 nihil
1808 1247 1989 1310 habet
2015 1264 2124 1308 va-

479 1328 822 1413 rium,nihil
847 1332 1007 1413 quod
1028 1352 1145 1395 non
1172 1334 1251 1394 sit
1273 1332 1450 1396 facile
1470 1342 1530 1396 et
1557 1334 1937 1415 explicatum,
1973 1334 2124 1397 nihil

480 1420 637 1500 quod
665 1421 992 1502 sophistica
1012 1422 1386 1504 expositione
1408 1426 1658 1503 egeat.A
1681 1425 2124 1506 me,inquit,ac-

478 1509 726 1589 cepistis
749 1512 1097 1591 dignitatem
1122 1512 1540 1575 sacerdotii.Si
1567 1514 1710 1576 mihi
1739 1533 1845 1596 pro
1869 1514 1997 1596 ipso
2023 1534 2120 1596 pa-

477 1616 609 1661 rum
634 1600 777 1682 quid
803 1602 892 1664 vel
921 1620 1199 1680 magnum
1223 1600 1575 1677 solvistis,et
1598 1604 1711 1666 hoc
1732 1622 1765 1665 a
1793 1623 1888 1666 me
1908 1604 2120 1666 vendi-

476 1694 598 1749 tum
625 1698 739 1771 est,
772 1709 874 1753 vos
896 1710 1135 1772 quoque
1159 1692 1354 1771 ipsum
1378 1691 1513 1753 aliis
1530 1692 1771 1754 vendite
1806 1713 1818 1754 :
1847 1696 1895 1754 si
1920 1702 2117 1755 autem

475 1778 660 1856 gratis
682 1780 1133 1861 accepistis,vos
1154 1798 1391 1860 quoque
1409 1781 1590 1860 gratis
1621 1782 1779 1845 date.
1815 1781 1971 1855 Quid
2006 1783 2119 1845 hoc

475 1868 868 1932 estmandato
905 1868 1201 1950 apertius?
1250 1868 1401 1943 Quid
1428 1879 1627 1932 autem
1660 1871 1732 1932 iis
1756 1870 1855 1951 qui
1881 1878 2114 1949 parent,

475 1956 820 2020 utiliusWaa
841 1958 960 2022 illis
976 1976 1183 2021 revera
1199 1958 1299 2038 qui
1316 1958 1419 2019 Dei
1433 1959 1660 2021 donum
1678 1959 2114 2041 acquirere,vel

472 2045 616 2109 illud
642 2066 748 2128 pro
772 2048 1027 2129 pecunia
1047 2047 1190 2110 dare
1212 2048 1271 2109 in
1296 2047 1563 2110 animum
1587 2049 1903 2111 inducunt.
1937 2052 2001 2112 In
2033 2049 2114 2112 fel

469 2136 630 2196 enim
661 2136 1085 2200 amaritudinis
1105 2144 1165 2198 et
1187 2136 1487 2198 vinculum
1514 2136 1845 2219 iniquitatis
1867 2138 2114 2218 ii.juxta

465 2224 658 2289 sancti
679 2225 835 2288 Petri
864 2229 1223 2289 sententiam
1249 2225 1330 2301 83,
1361 2244 1397 2288 a
1425 2242 1533 2289 sua
1577 2227 1801 2289 malitia
1824 2246 2108 2308 compre-

467 2313 640 2377 hensi
662 2316 1003 2380 sunt.Unde
1023 2326 1081 2379 et
1101 2324 1444 2379 sanctorum
1463 2325 1520 2379 et
1537 2315 1854 2381 beatorum
1873 2320 2109 2380 Patrum

465 2413 687 2467 sancta:
749 2424 977 2484 magnae
1027 2405 1242 2486 synodi
1292 2406 1683 2468 cacumenij
1732 2405 2112 2471 Chalcedone

466 2502 841 2574 congregata:
855 2495 994 2556 huic
1009 2494 1123 2574 legi
1140 2493 1473 2557 Dominica:
1491 2496 1873 2558 7ﬁconvenit
1889 2515 2106 2572 canon,

466 2582 569 2662 qui
598 2583 687 2644 sic
715 2603 748 2645 a
779 2582 956 2644 nobis
984 2591 1189 2663 aperte
1237 2583 1458 2646 iisdem
1510 2585 1710 2646 verbis
1759 2583 1957 2647 editus
1994 2595 2105 2647 est.

2217 529 2436 604 σμάτων
2493 524 2725 594 ἀμοιϐὴν
2770 525 2835 581 τὰ
2875 525 3044 602 γεηρὰ
3089 524 3173 580 καὶ
3224 525 3464 601 ἐπίκηρα.
3494 527 3667 593 Ταύτην
3692 528 3771 594 τὴν

2216 617 2437 686 ἐντολὴν
2481 618 2541 675 οὒ
2585 618 2745 691 μόνον
2790 613 3033 689 ὲγείνοις,
3067 612 3204 669 ἀλλὰ
3242 615 3330 670 καὶ
3360 615 3483 688 ἡμῖν
3520 613 3577 671 δι’
3603 617 3772 672 ἒιείνων

2215 705 2543 782 ἐντέταλται,
2591 706 2679 770 οθς
2726 706 2799 767 είς
2842 705 2932 761 τὸν
2965 702 3178 759 ἐκείνων
3222 701 3419 779 βαθμόν
3458 726 3507 761 τε
3546 705 3621 761 καὶ
3642 706 3775 762 τόπον

2212 798 2597 875 ὑπεισαγαγεϊν
2644 793 2959 863 κατηξίωσε.
3039 792 3142 850 Καί
3207 790 3293 849 δεῖ
3360 794 3570 872 καθάπερ
3619 794 3776 851 ἐκεῖνοι

2211 888 2356 962 τότε,
2420 887 2506 942 καὶ
2584 887 2725 961 ἡμᾶς
2813 890 2903 939 νῦν
2965 879 3194 959 ἀκριϐῶς
3282 880 3542 961 φυλάττειν
3595 904 3651 953 ,τε
3708 885 3778 939 καὶ

2210 987 2569 1054 παρατηρεῖν,
2607 975 2693 1030 καὶ
2725 973 2802 1049 μὴ
2834 973 3136 1051 σοφίζεσθαι
3167 970 3231 1026 τὰ
3262 970 3533 1052 ἆσόςριστα,
3560 970 3675 1046 μηδὲ
3700 972 3779 1028 κύ-

2208 1062 2300 1120 ϐον
2402 1062 2744 1141 ἆναῤῥιπτεῐν
2839 1058 3188 1123 ἐπικίνδυνον,
3288 1056 3492 1139 Δωρεὰν
3582 1058 3783 1138 ἐλάϐετε,

2208 1154 2360 1233 φησὶ,
2442 1151 2639 1231 δωρεὰν
2722 1149 2840 1207 δότε
2877 1167 2892 1185 ⁶
2962 1149 3041 1225 μὴ
3107 1151 3376 1220 κτήσησθε
3430 1149 3616 1230 χαλκὸν
3673 1152 3784 1224 μήτε

2207 1240 2452 1322 ἄργυρον,
2528 1241 2667 1316 μήτε
2763 1240 2965 1320 χρυσὸν
3036 1240 3109 1300 είς
3195 1240 3289 1305 τὰς
3388 1240 3544 1311 ζώνας
3620 1240 3781 1313 ὑμῶν’

2207 1332 2409 1395 ἁπλοῦς
2452 1331 2540 1386 καὶ
2584 1330 2757 1410 σαφὴς
2792 1332 2819 1386 ὁ
2852 1332 2950 1397 τῆς
2981 1327 3201 1396 ἐντολῆς
3232 1330 3428 1396 ταύτης
3468 1329 3613 1406 λόγος
3652 1328 3787 1402 ἐστὶν,

2207 1419 2354 1478 οῦδὲν
2400 1419 2641 1477 ποικίλον
2684 1417 2830 1498 ἔχων
2874 1416 2991 1474 οὒδέ
3033 1416 3365 1499 δυσέφικτον,
3417 1417 3528 1475 οὐδὲ
3578 1439 3786 1497 σοφιστι-

2203 1515 2307 1577 κῆς
2337 1509 2585 1585 δεόμενον
2618 1508 2948 1587 ἐξηγήσεως,
2988 1506 3122 1586 Παρ’
3150 1510 3305 1583 ἒμοῦ,
3354 1507 3538 1588 φησίν,
3590 1505 3793 1572 ἐδέξασθε

2204 1601 2265 1655 τὸ
2309 1605 2409 1666 τῆς
2484 1598 2891 1679 ἀρχιερωσύνης
2938 1596 3164 1671 ἀξίωμα.
3217 1599 3273 1655 Εἰ
3335 1598 3432 1672 μὲν
3495 1597 3614 1673 ὑπὲρ
3663 1597 3794 1651 αὺτοῦ

2204 1691 2395 1767 μικρὸν
2436 1688 2472 1755 ἦ
2527 1688 2668 1766 μέγα
2710 1710 2759 1743 τι
2807 1684 3186 1758 κατεϐάλεσθε,
3232 1689 3321 1743 καὶ
3364 1694 3513 1744 τοῦτο
3556 1688 3673 1761 ὑμῖν
3710 1685 3795 1741 πέ-

2202 1800 2398 1855 πραται
2444 1780 2568 1856 παρι
2603 1776 2754 1851 ἐμοῦ,
2803 1775 3040 1833 πωλεϊτε
3100 1777 3188 1832 καὶ
3231 1778 3392 1851 ὑμεῖς
3444 1775 3630 1855 ἑτέροις
3670 1773 3795 1831 αὐτό.

2204 1870 2261 1926 Εἰ
2305 1867 2359 1923 δὲ
2419 1865 2615 1944 δωρεάν
2673 1867 2950 1946 εἰλήφατε,
3015 1863 3132 1921 δότε
3193 1869 3278 1921 καὶ
3321 1868 3478 1940 ὑμεῖς
3523 1863 3722 1943 δωρεάν.
3751 1863 3799 1920 Τί

2198 1960 2297 2025 τῆς
2356 1954 2578 2023 ἐντολῆς
2611 1959 2808 2021 ταύτης
2843 1955 3162 2034 σαφέστερον
3200 1974 3216 2031 ;
3260 1953 3395 2011 τίδὲ
3451 1967 3563 2018 τοῖς
3613 1955 3801 2030 πειθαρ-

2197 2052 2357 2126 χοῦσι
2391 2043 2823 2123 λυσιτελέστερον
2857 2063 2873 2119 ;
2908 2042 3042 2101 Οῦαΐ
3092 2049 3169 2118 τῷ
3216 2043 3326 2101 ὄντι
3382 2058 3498 2107 τοῖς
3540 2045 3799 2113 κτήσασθαι

2194 2136 2295 2203 τὴν
2342 2140 2433 2191 τοῦ
2480 2140 2611 2191 Θεοῦ
2655 2130 2876 2212 δωρεὰν,
2908 2133 2944 2199 ἦ
2988 2130 3183 2189 διδόναι
3236 2135 3437 2202 ταύτην
3479 2132 3561 2190 διὰ
3603 2131 3802 2213 χρημάο

2194 2247 2299 2282 των
2344 2222 2738 2303 ὑπειληφόσινε
2786 2225 2857 2288 εἰς
2900 2221 3000 2301 γάρ
3059 2224 3236 2302 χολὴν
3295 2224 3508 2303 πικρίας
3554 2226 3638 2279 καὶ
3692 2220 3799 2276 σύν-

2194 2312 2387 2390 δεσμον
2429 2312 2632 2377 ἀδικίας
2675 2314 2722 2367 οἱ
2775 2319 3005 2369 τοιοῦτοι
3065 2313 3202 2369 κατὰ
3260 2315 3362 2380 τὴν
3430 2311 3688 2392 ἀπόφασιν
3730 2306 3806 2366 τού

2193 2405 2345 2483 ἁγίου
2420 2404 2617 2482 Πέτρου
2700 2403 3024 2481 ὑπάρχουσι,
3103 2401 3493 2482 συλληφθέντες
3569 2404 3664 2459 ὑπὸ
3719 2404 3804 2465 τῆς

2194 2494 2396 2551 ἑαυτῶν
2428 2492 2792 2572 φιλαργυρίας.
2854 2490 3012 2549 ’Ὅθεν
3083 2492 3171 2548 καὶ
3222 2495 3327 2547 τῶν
3373 2493 3533 2549 ὁσίων
3576 2492 3661 2547 καὶ
3712 2510 3804 2565 μα·-

2193 2585 2388 2662 καρίων
2448 2582 2697 2660 Πατέρων
2726 2587 2830 2637 τῶν
2864 2585 2962 2644 τῆς
3013 2580 3166 2659 ἁγίας
3209 2584 3305 2637 καί
3350 2580 3599 2660 μεγάλης
3630 2579 3711 2637 καὶ
3737 2579 3806 2634 οἱ·

466 2679 789 2748 κουμενικῆς
845 2671 1061 2730 συνόδου
1119 2678 1218 2740 τῆς
1277 2673 1330 2729 ἐν
1394 2672 1692 2741 Χαλκηδόνι
1743 2676 2122 2755 συναχθείσης,
2170 2678 2251 2747 κῷ
2308 2682 2620 2746 Δεσποτικῳ
2663 2670 2833 2746 τούτῳ
2889 2670 3038 2746 νόμῳ
3095 2670 3330 2744 συνᾴδων
3391 2674 3421 2729 ὁ
3480 2672 3598 2752 περὶ
3644 2667 3809 2726 τούτου

465 2764 666 2843 κανὼν,
699 2763 836 2832 ἡμῖν
866 2769 1047 2843 σαφῶς
1079 2763 1269 2819 οὑτωσὶ
1300 2761 1497 2828 λέξεσιν
1544 2765 1732 2827 αὖταῖς
1764 2764 2165 2845 ἐκπεφώνηται.

547 2849 610 2914 Si
624 2851 761 2931 quis
779 2851 1098 2933 episcopus
1111 2850 2105 2935 pecuniis.etc.,utsupra,pag.515.

550 2941 1039 3006 Pulcherrimaet
1060 2939 1227 3003 valde
1248 2939 1492 3021 piasunt
1510 2943 1686 3020 hujus
1699 2946 1947 3005 canonis
1969 2961 2108 3006 san-

467 3042 704 3097 ctorum
722 3035 962 3095 Patrum
990 3038 1311 3110 praecepta,
1338 3029 1438 3111 qui
1470 3050 1708 3092 omnem
1734 3032 2102 3095 invasionem

463 3125 787 3193 satanicam
821 3120 1310 3201 diabolicumque
1338 3122 1761 3202 conatum,qui
1793 3121 1853 3183 in
1880 3122 2100 3184 donum

459 3212 775 3294 spirituale
804 3209 1162 3284 intenditur,
1194 3207 1435 3289 repellit
1481 3218 1539 3271 et
1582 3209 1898 3276 rescindit.
1928 3209 2102 3273 Nullo

461 3302 622 3364 enim
657 3302 833 3364 modo
857 3300 979 3363 vult
1017 3298 1414 3362 ordinationis
1437 3299 1872 3380 promotionem
1919 3320 2104 3384 pecu-

459 3392 575 3454 niis
595 3401 694 3454 aut
720 3391 982 3466 ﬁeri,aut
1002 3388 1252 3469 suscipi,
1286 3407 1397 3451 nec
1418 3388 1491 3451 ab
1516 3407 1585 3451 eo
1611 3390 1712 3470 qui
1736 3390 1894 3453 illam
1922 3409 2097 3453 exer-

458 3488 695 3557 cet,nec
717 3481 789 3543 ab
812 3500 881 3543 eo
906 3479 1007 3562 qui
1033 3476 1426 3541 ordinationis
1472 3486 1908 3560 promotionem
1935 3481 2100 3544 acci-

458 3572 566 3654 pit:
593 3572 697 3635 sed
716 3580 979 3635 necante
998 3580 1232 3652 tempus
1255 3570 1793 3642 ordinationis,nec
1808 3573 2097 3654 post,dari

461 3662 743 3743 pecunias
766 3662 1066 3724 concedit:
1095 3660 1360 3722 omnium
1384 3660 1539 3722 enim
1568 3661 1624 3722 in
1649 3662 1757 3724 hac
1781 3682 2097 3746 quoquere

456 3752 1719 3825 essesordes.munerumquocorruptionem
1737 3757 2096 3826 pronuntiat.

366 3896 367 3899 η
456 3837 749 3912 Quoniam
779 3846 978 3901 tamen
1002 3838 1074 3900 iis
1097 3838 1175 3899 ita
1215 3844 1422 3920 aperte
1471 3838 1812 3919 prohibitis,
1847 3841 2090 3918 quidam

453 3932 667 3990 suntin
696 3932 1027 3991 Galatarum
1054 3930 1301 3987 Ecclesia
1321 3930 2094 4007 deprehensipropterturpe

454 4015 689 4078 lucrum
714 4024 772 4077 et
790 4015 1090 4078 avaritiam
1115 4014 1240 4076 haec
1264 4014 1543 4075 salutaria
1567 4023 1624 4076 et
1660 4016 1918 4078 humana
1947 4036 2094 4097 prae-

455 4114 624 4185 cepta
639 4104 941 4184 negligere
956 4110 1014 4165 et
1037 4102 1396 4182 transgredi:
1423 4120 1492 4163 ea
1512 4122 1749 4183 quoque
1773 4104 1898 4183 ipsa
1920 4106 2091 4170 nobis

451 4210 745 4255 renovare
769 4193 958 4254 visum
985 4199 1073 4253 est
1094 4209 1230 4253 cum
1258 4191 1367 4252 hac
1389 4204 1593 4253 sancta
1618 4194 2009 4274 synodo,quae
2029 4196 2092 4258 in

447 4282 559 4343 hac
584 4289 870 4360 regnante
894 4299 1045 4343 nova
1065 4280 1255 4343 Roma
1278 4299 1434 4342 nunc
1457 4281 1575 4360 agit
1613 4303 1625 4341 :
1669 4292 1732 4343 ut
1763 4281 1894 4344 sine
1926 4286 2091 4347 omni

446 4370 688 4451 penitus
712 4370 1082 4445 inventione,
1116 4379 1175 4432 et
1205 4371 1366 4432 omni
1402 4378 1720 4451 praetextu,
1753 4372 2091 4455 callidoque

2276 2851 2342 2911 Εἴ
2370 2874 2449 2915 τις
2482 2851 2768 2915 ἐπίσκοπος
2799 2848 2892 2907 ἒπῖ
2922 2850 3193 2929 χρήμασι,
3227 2873 3277 2908 κ.
3315 2873 3369 2910 τ.
3405 2849 3461 2913 λ,

2273 2941 2544 3001 Κὰλλιστα
2594 2940 2681 2997 καὶ
2738 2939 2856 2997 λίαν
2899 2937 3088 3008 εὒσεϐἧ
3130 2947 3225 2997 τοῦ
3267 2941 3497 3005 κανόνος
3532 2944 3638 2996 τῶν
3665 2939 3811 3013 ἁγίων

2188 3033 2436 3109 Πατὲρων
2492 3030 2723 3111 ὑπάρχει
2781 3029 2846 3087 τὰ
2905 3028 3352 3108 παραγγέλματα,
3407 3035 3587 3087 πᾶσαν
3641 3024 3811 3109 ἔφοδον

2188 3121 2479 3189 σατανικὴν
2536 3121 2623 3176 καὶ
2675 3124 2778 3176 πᾶν
2838 3118 3139 3197 ἐγχείρημα
3170 3118 3485 3177 διαϐολικὸν
3544 3119 3676 3176 κατᾶ
3730 3120 3814 3185 τῆς

2186 3215 2549 3287 πνευματικῆς
2604 3210 2895 3290 φερόμενον
2943 3207 3161 3286 δωρεᾶς,
3210 3209 3575 3285 ἀπωθούμενά
3627 3229 3682 3264 τε
3735 3205 3811 3262 καὶ

2186 3300 2576 3357 ἀνακύπτοντα.
2634 3301 2707 3356 Οὔ
2763 3297 3010 3375 βούλεται
3074 3299 3174 3377 γὰρ
3218 3296 3472 3371 ούδαμιῖκ
3539 3296 3625 3357 διὰ
3680 3318 3813 3375 χρη-

2184 3390 2398 3466 μάτων,
2449 3389 2702 3467 γίνεσθαι,
2788 3387 2888 3455 τὴν
2971 3384 3241 3466 προϐολὴν
3306 3387 3408 3456 τῆς
3500 3385 3813 3468 χειροτονίας

2181 3479 2217 3547 ἢ
2273 3476 2648 3559 ὑποδέχεσθαι,
2701 3476 2818 3534 οὔτε
2862 3478 3004 3556 παρὰ
3059 3484 3154 3533 τοῦ
3196 3477 3406 3546 ταύτην
3461 3477 3814 3555 ἓνεργοῦντος,

2181 3568 2300 3625 οὔτε
2332 3569 2474 3647 παρὰ
2524 3568 2619 3623 τοῦ
2660 3572 2759 3634 τῆς
2820 3567 3154 3647 χειροτονίας
3214 3568 3314 3634 τὴν
3379 3564 3660 3649 προϐολὴν
3702 3568 3815 3624 ὐπο-

2179 3656 2476 3738 δεχομὲνου
2509 3673 2525 3689 '
2571 3653 2692 3712 ἀλλ’
2736 3654 2852 3712 οῦδὲ
2907 3657 3008 3735 πρὸ
3051 3657 3144 3712 τοῦ
3202 3663 3392 3734 καιροῦ
3424 3662 3531 3724 τῆς
3577 3674 3815 3737 χειροτο-

2180 3748 2314 3822 νίας,
2370 3743 2485 3803 οὖδέ
2544 3745 2680 3820 μετὰ
2735 3746 2829 3802 τὸν
2886 3746 3068 3825 καιρὸν
3123 3750 3220 3811 τῆς
3281 3747 3656 3826 χειροτονίας,
3713 3743 3816 3800 οὔτε

2176 3837 2312 3894 κατὰ
2370 3837 2463 3892 τὸν
2492 3836 2677 3914 καιρὸν
2707 3836 2862 3892 αὐτὸν
2892 3840 2989 3902 τῆς
3023 3836 3360 3916 χειροτονίας
3396 3837 3535 3913 ὑπὲρ
3567 3840 3667 3903 τῆς
3699 3853 3817 3914 χει-

2174 3926 2412 4003 ροτονίας
2452 3925 2712 4005 χρήματα
2764 3922 2997 3981 δίδοσθαι
3050 3937 3329 4004 συγχωρεῖ
3356 3945 3372 3961 ο
3440 3924 3675 3983 καθόλου
3730 3922 3820 4001 γὰρ

2174 4015 2271 4084 τήν
2327 4016 2412 4072 επὶ
2470 4036 2546 4087 τῳ
2609 4014 2886 4092 πράγματι
2943 4014 3109 4088 τούτῳ
3163 4013 3496 4093 δωροδοκίαν
3549 4013 3818 4094 ἀπέοησεν

2174 4105 2321 4180 ὅμώς
2358 4123 2370 4137 ⁶
2406 4101 2589 4173 ἐπειδη
2640 4113 2727 4163 νῦν
2761 4104 2930 4160 καίτοι
2964 4101 3242 4182 προδήλως
3275 4105 3495 4163 τούτων
3529 4103 3701 4167 οὕτως
3732 4122 3822 4158 κε-

2176 4192 2518 4270 κωλύμὲνων,
2587 4193 2934 4273 ἐφωράθησάν
3000 4215 3138 4257 τινες
3212 4195 3349 4252 κατὰ
3407 4196 3518 4262 τὴν
3577 4189 3820 4250 Γαλατῶν

2172 4282 2553 4362 ὀλιγωροῦντες
2596 4283 2691 4339 καὶ
2762 4280 3173 4362 παραϐαίνοντες
3239 4280 3307 4338 δι’
3375 4279 3823 4365 αἰσχροκέρδειαν

2173 4375 2260 4430 καὶ
2302 4372 2645 4453 φιλαργυρίαν
2701 4372 2768 4430 τὰ
2811 4373 3056 4452 σωτήρια
3112 4381 3277 4430 ταῦτα
3326 4375 3424 4431 καὶ
3479 4373 3822 4456 φιλάνθρωπα

445 4468 811 4537 commento,
843 4458 1089 4539 impiam
1124 4460 1273 4522 hanc
1308 4467 1366 4521 et
1396 4459 1691 4537 odiosam,
1727 4481 1858 4543 qum
1887 4465 2088 4527 nescio

2201 4461 2614 4541 παραγγέλματα,
2703 4463 2761 4517 εὖ
2853 4460 3002 4542 ἔχειν
3087 4460 3227 4528 ἔδοξε
3286 4465 3375 4520 καὶ
3460 4465 3635 4541 ἡμῖν,
3704 4459 3825 4519 αὐτὰ

441 4549 741 4631 quomodo
772 4549 834 4612 in
866 4548 1272 4612 sanctissimas
1302 4548 1596 4612 Ecclesias
1627 4539 2090 4627 subiit,consue—

2202 4539 2333 4608 αῦτα
2367 4539 2370 4540 ν
2402 4552 2563 4609 πάλιν
2620 4539 3017 4608 ἀνανεώσασθαι
3090 4553 3226 4627 μετὰ
3301 4552 3406 4620 τῆς
3485 4539 3823 4628 ἐνδημούσης

440 4638 710 4702 tudinem
762 4639 1007 4702 omnino
1064 4639 1526 4716 exscindamus;
1583 4652 1648 4702 ut
1681 4660 1814 4703 cum
1848 4660 1998 4724 pura
2028 4652 2087 4706 et

2204 4641 2321 4719 γίας
2365 4638 2584 4697 συνόδου
2626 4642 2683 4696 ἓν
2739 4639 2907 4716 ταύτῃ
2950 4647 3021 4717 τῇ
3063 4640 3427 4718 βασιλευούσῃ
3502 4642 3600 4716 νὲᾳ
3646 4639 3825 4715 Ῥώμῃ

439 4730 667 4812 absque
698 4730 821 4793 ulla
850 4729 1289 4812 cauponatione
1323 4746 1534 4791 eorum
1570 4731 1675 4812 qui
1701 4732 2079 4812 ordinantur,

2201 4727 2747 4806 ζωνσταντινουπόλει,
2811 4730 2948 4786 ὥστε
3003 4729 3129 4810 δίχα
3200 4731 3384 4798 πάσης
3475 4732 3819 4811 προφάσεως,

436 4820 805 4885 renuntiatio
821 4821 893 4883 ab
918 4819 1287 4882 antistitibus
1307 4819 1461 4882 facta
1479 4819 1687 4898 fuerit,
1722 4822 1913 4901 gratia
1943 4822 2078 4905 Spi-

2203 4822 2251 4876 αὶ
2336 4821 2534 4885 παντὸς
2606 4826 2892 4900 σοφισμοῦ,
2960 4820 3061 4887 τὴν
3146 4818 3315 4887 ἀσεϐῆ
3387 4824 3491 4879 καὶ
3573 4818 3827 4901 βδελυραν

433 4913 588 4974 ritus
612 4912 801 4974 sancti
831 4928 1093 4992 superne
1125 4908 1345 4971 veniat.
1372 4909 1602 4982 Quibus
1633 4912 1837 4974 nescio
1867 4931 1942 4974 an
1971 4932 2083 4995 per

2201 4909 2358 4978 αύτην
2409 4908 2506 4966 οὒκ
2585 4906 2694 4965 οἷδ’
2756 4908 2901 4972 ὃπως
2963 4908 3371 4967 ἐπεισελθοῦσαν
3439 4924 3580 4977 ταῖς
3653 4912 3826 4989 ἁγιω-

435 5002 749 5079 pecuniam
776 5000 1224 5083 promotionem
1253 4999 1631 5072 facientibus,
1658 5008 1717 5061 et
1748 5020 1925 5063 manu
1958 5021 2078 5066 non

2201 4999 2345 5062 άταις
2405 4996 2753 5066 Ἐκκλησίαις
2802 4996 3083 5063 παντελῶς
3142 4998 3399 5076 ἐκτεμεῖν
3443 5017 3461 5032 ⁸
3525 5000 3630 5059 ἵνα
3688 4998 3825 5066 ἀλη·

433 5106 584 5167 pure
613 5098 921 5171 operante,
954 5090 1027 5153 ad
1075 5108 1213 5153 eum
1268 5087 1370 5170 qui
1402 5096 1788 5170 promovetur
1817 5091 2071 5170 accedit,

2201 5096 2263 5153 ῦς
2321 5086 2697 5154 ἆκαπηλεύτου
2740 5089 2828 5144 καὶ
2870 5091 3099 5167 καθαρᾶς
3157 5090 3300 5167 παρὰ
3342 5096 3465 5147 τῶν
3524 5089 3829 5171 ἀρχιερέων

432 5179 766 5240 secundum
799 5180 891 5240 74
921 5197 1126 5243 vocem
1161 5178 1486 5260 Evangelii,
1514 5186 1574 5241 et
1606 5198 1724 5242 non
1756 5181 1950 5261 potius
1979 5199 2076 5244 re-

2201 5179 2255 5248 ἧς
2324 5179 2413 5236 Eni
2501 5183 2605 5234 τῶν
2692 5176 3181 5258 χειροτονουμένων
3248 5177 3620 5257 ἀναῤῥήσεως
3682 5200 3830 5260 γινο-

429 5264 688 5330 trahitur
716 5269 905 5347 gratia
933 5268 1122 5331 sancti
1184 5267 1644 5350 Spiritus.Scias
1697 5288 1861 5349 ergo,
1916 5290 1949 5333 o
1986 5271 2073 5334 vir

2201 5270 2348 5345 ἐνης,
2409 5266 2606 5325 ἑίνωθεν
2645 5269 2677 5335 ἡ
2733 5274 2827 5324 τοῦ
2895 5268 3048 5347 ἁγίου
3115 5269 3437 5345 Πνεύματος
3487 5273 3669 5352 χάρις
3710 5272 3831 5328 ἐπι-

424 5353 882 5435 religiosissime
912 5366 972 5420 et
999 5358 1163 5421 omni
1197 5377 1269 5421 ex
1299 5367 1465 5441 parte
1495 5360 2065 5443 sanctissime,quod

2201 5361 2331 5433 σιτᾷ,
2394 5357 2463 5416 ’Ὀ
2520 5363 2608 5415 νῦν
2652 5379 2714 5436 γε
2757 5360 2854 5417 οὒκ
2916 5355 3066 5440 οἶδα,
3124 5359 3169 5415 εί
3213 5356 3295 5415 διὰ
3352 5362 3692 5438 χρημάτων
3733 5359 3829 5428 τὴν

424 5444 769 5526 quicunque
798 5445 979 5527 hujus
1025 5446 1333 5510 convictus
1389 5449 1570 5513 fuerit
1596 5452 1938 5532 episcopus,
1970 5452 2061 5515 vel

2201 5446 2416 5516 σοϐολὴν
2476 5446 2837 5523 ποιουμένων,
2904 5448 2993 5505 καὶ
3059 5446 3119 5504 οὒ
3161 5452 3260 5516 τῆς
3303 5451 3512 5527 χειρὸς
3578 5450 3833 5530 καθαρῶς

422 5534 919 5619 chorepiscopus,
952 5537 1044 5599 vel
1076 5537 1286 5612 viator,
1315 5539 1407 5601 vel
1441 5540 1769 5622 presbyter,
1802 5541 1892 5605 vel
1925 5542 2060 5605 dia-

2203 5539 2484 5621 εργούσης,
2544 5536 2793 5618 ἐπιφοιτᾳ
2852 5542 2930 5612 τῷ
2987 5536 3457 5619 προχειριζομένομ
3520 5542 3677 5599 κατᾶ
3725 5541 3829 5613 τὴν

501 5666 556 5722 8l
587 5663 792 5733 Matth.
826 5682 947 5750 xxx,
981 5667 1038 5748 8,
1072 5666 1134 5732 9.
1219 5666 1283 5719 εἳ
1313 5651 1447 5736 Act.
1480 5686 1604 5750 vui,
1636 5670 1737 5739 20.
