4108 6222
253 329 374 396 525

1059 321 1477 391 SYNTAGMA
1519 317 1914 387 CANONUM.
1961 352 2040 365 -
2088 314 2244 384 TIT.
2291 323 2340 403 Ι,
2386 317 2549 386 CAP.
2597 321 2818 386 XXIV.

3503 303 3620 385 526

255 465 443 543 φωνὴν
502 471 593 520 τοῦ
647 460 1014 538 κηρύγματος,
1075 482 1162 515 και
1204 459 1327 538 οὒχὶ
1372 455 1715 514 συστέλλεται
1751 461 1898 540 μᾶλ-

2022 455 2295 531 onus,vel
2319 455 2507 537 quivis
2529 455 2680 518 alius
2704 473 2772 517 ex
2793 471 3023 518 canone
3039 454 3132 518 vel
3158 473 3227 517 ex
3245 453 3618 531 laicis,com-

256 554 352 610 λον
410 555 445 622 ἡ
504 559 597 608 τοῦ
654 551 803 627 ἆγῖου
866 552 1170 625 Πνεύματος
1215 549 1397 628 χάρις.
1443 548 1578 606 "lubt
1623 556 1794 609 τοὶνυν
1837 551 1902 607 τὰ

255 645 458 721 πάντα,
503 637 882 699 θεοσεϐέστατε
919 645 932 669 ‘
970 639 1144 696 πάντα
1175 641 1266 696 τὸν
1324 640 1557 700 ὁντινοῦν
1601 641 1900 718 ἁλισκόμε-

258 757 351 790 νον
414 733 498 788 ἐπὶ
542 731 764 803 τοιούτῳ
828 731 928 786 τινὶ
985 727 1298 800 ἒπῖσκοπον,
1361 728 1396 796 ἢ
1441 731 1804 808 περιοδευτὴν,
1865 731 1902 799 ἢ

257 819 639 902 πρεσϐύτερον,
699 821 734 888 ἢ
779 818 1047 891 διάκονον,
1092 819 1128 884 ἢ
1190 817 1352 874 ἄλλον
1397 820 1514 874 τινὰ
1570 819 1770 890 δήποτε
1807 827 1902 877 τοῦ

255 913 484 976 κανόνος
547 913 583 976 ἦ
638 911 854 984 λα’ίκὸν,
917 913 1082 981 κοινῷ
1139 906 1365 985 δόγματι
1423 914 1530 965 τῶν
1603 912 1903 991 ἀρχιερέων

257 1002 669 1079 κατακεκρίσθαι
729 1003 817 1056 καὶ
880 1000 1034 1073 κοινῇ
1090 999 1256 1074 ψήφῳ
1287 1014 1304 1030 ⁸
1351 1000 1525 1061 καθὼς
1558 1006 1674 1078 περί
1718 1003 1905 1056 τούτου

255 1094 350 1148 καὶ
397 1094 424 1147 ὁ
489 1098 594 1146 τῶν
639 1089 805 1168 ἆγιων
850 1087 1101 1166 Πατέρων
1159 1087 1333 1142 κανὼν
1383 1089 1583 1166 φθάσας
1627 1089 1898 1150 διαλαλεϊ,

265 1191 368 1236 Δεῖ
416 1181 515 1258 γὰρ
575 1180 719 1235 εἶναι
779 1179 940 1257 χάριν
986 1198 1086 1242 την
1143 1176 1327 1254 χάριν,
1362 1178 1450 1232 καὶ
1499 1178 1751 1252 μηδαμοῦ
1779 1175 1904 1254 παρ’

261 1275 404 1345 αὐτῇ
460 1271 756 1344 μεσιτεύειν
813 1267 1080 1344 ἀργύριον.
1142 1266 1324 1322 ’Ἔστω
1390 1267 1562 1322 τοῖνυν
1620 1271 1707 1323 καὶ
1764 1267 1907 1324 ἔστιν

262 1359 663 1435 ἆποκήρυκτυς,
724 1359 811 1412 γαὶ
856 1358 1034 1422 πάσης
1078 1353 1347 1431 ἱερατικῆς
1395 1354 1542 1420 ἄξιας
1571 1378 1628 1412 τε
1661 1358 1757 1413 καί
1788 1357 1906 1412 λει-

260 1472 515 1527 τουργιας
575 1447 881 1525 ἀλλότριος,
961 1447 1053 1501 καῖ
1097 1446 1165 1520 τῇ
1204 1446 1408 1522 κατάρᾳ
1446 1453 1538 1502 τοῦ
1580 1447 1908 1520 ἀναθέματος

261 1543 648 1616 ὑποκειμενος,
709 1535 736 1591 6
788 1557 845 1591 τε
901 1537 1124 1591 κτᾶσθαι
1183 1535 1380 1600 ταύτην
1465 1533 1549 1590 διὰ
1607 1535 1908 1616 χρημάτων

265 1631 538 1703 οἰομενος,
605 1627 683 1682 ιιαὶ
729 1628 756 1681 ὁ
813 1624 1013 1690 ταύτην
1057 1623 1319 1702 παρέχειν
1361 1625 1448 1680 επὶ
1478 1625 1756 1704 χρήμασιν
1800 1627 1906 1682 ὐπ-

265 1718 648 1798 ισχνούμενος,
711 1713 824 1771 εἴτε
883 1712 1147 1790 κληρικὸς
1201 1714 1315 1770 εἴτε
1380 1713 1574 1778 λαϊκὸς
1630 1715 1747 1785 εἴη,
1809 1714 1908 1771 κᾶν

262 1809 575 1886 ἐλέγχοιτο,
641 1803 738 1858 κᾶν
795 1805 872 1878 μὴ
919 1803 1204 1882 ἐλέγχοιτο
1249 1811 1404 1860 τοῦτο
1452 1817 1652 1862 ποιεῖν.
1687 1805 1758 1862 Οὒ
1806 1805 1969 1890 γὰρΒ

261 1901 385 1956 οἶόν
416 1917 472 1951 τε
506 1891 926 1966 συμϐιϐασθῆναι
984 1913 1114 1948 ποτε
1172 1894 1238 1949 τὰ
1281 1890 1586 1967 ἀσύμϐατα,
1641 1892 1759 1952 οὒδὲ
1792 1899 1908 1966 Θεῷ

260 1987 620 2066 συμφιιινῆσαι
664 1985 754 2040 τὸν
799 1989 1086 2059 μαμωνᾶν,
1225 1983 1343 2046 τοὺς
1407 1984 1578 2054 τούτῳ
1627 1979 1907 2039 δουλεύον-

260 2099 362 2140 τας
408 2073 687 2130 δουλεῦσαι
731 2080 866 2146 Θεῷ.
936 2072 1240 2138 Δεσποτικὴ
1276 2073 1361 2127 καὶ
1393 2071 1526 2138 αὕτη
1578 2071 1718 2127 ἐστὶν
1765 2069 1908 2127 ἀπό-

263 2187 427 2246 φασις
485 2161 878 2242 ἀναμφιλέκτος
914 2178 928 2192 ’
1015 2161 1086 2219 Οὔ
1168 2159 1385 2218 δύνασθε
1473 2165 1590 2235 Θεῷ
1646 2161 1910 2220 δουλεύειν

265 2257 355 2314 καὶ
416 2252 672 2328 μαμωνᾷ.
750 2253 970 2314 Τούτοις
1059 2249 1457 2328 έπιθαῤῥοῦντες
1541 2252 1703 2323 ἡμεῖς
1773 2252 1910 2306 κατὰ

264 2345 513 2422 δύναμιν,
575 2345 661 2398 καὶ
741 2341 946 2402 τούτοις
1016 2342 1319 2404 ὺπεῖκοντες
1401 2340 1537 2414 μετὰ
1595 2349 1688 2399 τοῦ
1745 2346 1912 2396 ταῦτα

267 2439 542 2507 φήσαντος
628 2434 764 2490 κατὰ
852 2439 959 2488 τῶν
1030 2438 1194 2488 ταῦτα
1263 2431 1736 2507 παρανομούντων,
1810 2429 1911 2495 τὴν

273 2501 542 2603 ἀπόφασιν
598 2523 963 2594 πεποιήμεθα.
997 2521 1344 2598 Φροντισάτω
1379 2518 1434 2575 δὲ
1468 2522 1554 2576 καὶ
1583 2522 1618 2587 ἡ
1651 2523 1721 2586 σὴ
1757 2517 1910 2574 ὁσιό-

275 2639 380 2683 της
415 2616 568 2671 ταῦτα
616 2611 701 2669 διὰ
747 2613 926 2678 πάσης
973 2608 1362 2690 παραφυλακῆς
1407 2609 1722 2683 ποιουμένη,
1775 2606 1913 2674 δῆλα

274 2703 606 2771 καταστῆσαι
659 2701 726 2758 δι’
790 2701 1153 2780 ἀντιγράφων,
1189 2700 1274 2756 καὶ
1308 2713 1426 2764 τοῖς
1457 2701 1556 2755 ὕπὸ
1587 2699 1644 2754 σὲ
1676 2697 1914 2776 θεοφιλε-

274 2797 490 2856 στάτοις
536 2792 848 2853 ἐπισκόποις
907 2792 996 2846 καὶ
1027 2788 1418 2867 περιοδευτατς,
1455 2788 1548 2844 καῖ
1580 2801 1700 2851 τοῖς
1733 2786 1915 2851 ἄλλοις

271 2885 471 2942 ἅπασιν
506 2902 518 2916 ·
567 2882 659 2938 ’ἕνα
703 2882 758 2938 ἐν
801 2881 874 2937 ἐνὶ
928 2880 1190 2952 πνεύματι
1237 2881 1322 2934 καὶ
1365 2901 1465 2953 μιᾳ
1509 2876 1664 2953 ψυχῇ
1720 2878 1914 2936 πάντες

1987 547 2150 606 muni
2191 547 2518 607 antistitum
2568 545 2832 620 decreto,
2869 545 3294 626 communique
3324 546 3624 608 sententia

1985 636 2411 697 condemnatus
2443 644 2554 715 est,
2589 639 2740 696 sicut
2769 635 2844 696 de
2873 635 2987 696 hoc
3011 653 3253 716 quoque
3279 643 3620 699 sanctorum

1987 727 2225 786 Patrum
2262 726 2608 806 praecedens
2632 743 2819 786 canon
2854 724 3138 805 loquitur.
3183 723 3433 806 Oportet
3459 728 3620 790 enim

1985 815 2233 894 gratiam
2277 833 2515 896 semper
2545 833 2680 876 esse
2731 814 3003 893 gratiam,
3038 821 3096 877 et
3126 825 3438 896 argentum
3465 817 3624 898 apud

1985 923 2112 966 eam
2149 923 2521 986 nequaquam
2554 905 2950 966 intercedere.
2987 903 3074 967 Sit
3097 923 3238 984 ergo
3268 916 3327 967 et
3355 906 3428 968 ab
3459 907 3624 970 omni

1986 995 2339 1056 sacerdotali
2356 996 2639 1074 dignitate
2662 1003 2718 1057 et
2745 995 3075 1057 ministerio
3096 995 3354 1077 alienus,
3387 1005 3445 1059 et
3475 1015 3625 1060 ana-

1987 1084 2266 1145 thematis
2285 1085 2414 1146 loco
2437 1084 2764 1164 subjectus,
2792 1085 2892 1164 qui
2915 1093 2972 1145 et
2993 1103 3059 1146 se
3083 1103 3189 1165 per
3211 1087 3498 1166 pecunias
3519 1105 3627 1150 ac-

1989 1173 2229 1254 quirere
2252 1175 2635 1249 existimat,et
2651 1173 2755 1254 qui
2772 1192 2899 1235 eam
2927 1175 3195 1254 pecuniis
3211 1175 3434 1239 habere
3453 1175 3628 1259 polli-

1990 1275 2176 1334 cetur.
2204 1263 2326 1325 sive
2351 1265 2430 1326 sit
2449 1265 2724 1334 clericus,
2752 1265 2872 1324 sive
2896 1264 3106 1339 laicus,
3133 1265 3259 1328 sive
3284 1267 3397 1328 hoc
3427 1266 3625 1329 facere

1989 1354 2394 1430 convincatur,
2407 1354 2526 1415 sive
2549 1372 2698 1415 non:
2726 1353 2864 1434 quia
2886 1353 3014 1414 ﬁeri
3038 1372 3156 1416 non
3180 1363 3464 1436 potest,ut
3487 1375 3629 1419 cou-

1990 1445 2371 1524 veniantquze
2393 1444 2713 1505 convenire
2734 1451 3183 1524 nequeunt,nec
3204 1455 3264 1506 ut
3291 1462 3630 1508 mammona

1990 1531 2112 1594 Deo
2126 1534 2480 1609 consentiat;
2497 1533 2586 1596 vel
2615 1538 2799 1612 utqui
2824 1533 2878 1594 ei
2902 1533 3319 1610 serviunt,Deo
3344 1537 3626 1598 serviant.

1989 1621 2225 1683 Domini
2274 1632 2363 1685 est
2413 1621 2733 1698 sententia,
2768 1624 2862 1684 cui
2887 1623 3211 1686 contradici
3239 1643 3358 1686 non
3385 1631 3578 1706 potest
3612 1641 3626 1688 :

1990 1713 2127 1774 Non
2155 1716 2397 1792 potestis
2430 1713 2546 1776 Deo
2574 1714 2803 1775 servire
2828 1720 2885 1775 et
2916 1731 3280 1777 mammonae
3305 1717 3392 1779 83.
3418 1717 3537 1777 Nos
3568 1715 3631 1777 in

1991 1801 2083 1862 his
2114 1820 2217 1881 pro
2248 1802 2474 1863 viribus
2505 1803 2902 1878 conﬁdentes,
2930 1811 2988 1864 et
3014 1805 3102 1866 eis
3133 1805 3471 1882 credentes,
3494 1823 3628 1867 cum

1993 1909 2063 1950 eo
2096 1891 2196 1970 qui
2229 1892 2354 1952 hasc
2388 1891 2556 1963 dixit,
2577 1894 2860 1952 adversus
2899 1909 3004 1954 eos
3035 1893 3138 1970 qui
3170 1895 3228 1955 in
3256 1895 3330 1956 iis
3360 1903 3631 1976 peccant,

1991 1984 2349 2042 sententiam
2373 1979 2885 2060 protulimus.Tua
2909 1981 3190 2044 sanctitas
3217 2001 3416 2045 curam
3442 1991 3630 2063 gerat,

1992 2072 2154 2130 omni
2204 2069 2470 2130 adhibita
2511 2070 2838 2147 diligentia,
2877 2077 2939 2131 ut
2977 2071 3101 2133 haec
3147 2090 3254 2152 per
3279 2074 3637 2153 transcripta

1993 2159 2758 2238 exemplariainnotescant
2803 2167 2860 2220 et
2896 2161 3289 2223 sanctissimis
3336 2162 3636 2244 episcopis

1995 2248 2093 2327 qui
2116 2247 2218 2308 tibi
2243 2246 2986 2330 ειιδευηῐ,οιπεριοδευτατς,
3005 2257 3063 2310 et
3083 2250 3216 2311 aliis
3238 2251 3542 2315 omnibus:
3572 2259 3638 2314 ut

1994 2336 2056 2398 in
2078 2355 2196 2398 uno
2213 2337 2424 2416 spiritu
2450 2345 2508 2398 et
2525 2354 2641 2397 una
2665 2337 2861 2398 anima
2884 2355 3095 2400 omnes
3120 2339 3295 2401 simul
3318 2340 3634 2422 constipati

1995 2424 2317 2488 Christiani
2340 2424 2622 2486 adversus
2645 2443 3024 2488 communem
3050 2427 3500 2503 inimicum,Dei
3521 2447 3632 2491 au-

1995 2514 2463 2594 xilio,possimus
2485 2513 2746 2575 avaritia;
2768 2515 3195 2597 radicem,qnae
3218 2517 3291 2579 ab
3315 2518 3419 2580 illo
3443 2517 3504 2580 in
3528 2537 3637 2580 no-

1996 2603 2088 2665 bis
2111 2604 2288 2665 insita
2309 2613 2420 2677 est,
2454 2622 2588 2664 cum
2613 2604 2891 2666 omnibus
2915 2623 3122 2667 eorum
3169 2607 3460 2670 malorum
3493 2626 3632 2688 ger-

1997 2693 2258 2754 minibus
2300 2692 2676 2754 exscindere.
2710 2691 2966 2756 Omnem
3015 2714 3148 2776 qum
3199 2708 3397 2760 tecum
3448 2707 3540 2760 est
3569 2698 3632 2759 in

1997 2782 2236 2844 Christo
2268 2782 2701 2844 fraternitatem
2737 2782 3079 2846 salutamus.
3112 2785 3310 2848 Fortis
3341 2787 3636 2849 exsistens

2000 2873 2062 2934 in
2096 2871 2354 2947 Christo,
2389 2890 2492 2934 ora
2521 2889 2626 2953 pro
2658 2872 2855 2946 nobis,
2892 2875 3271 2938 sanctissime
3305 2875 3508 2940 frater.

267 2976 408 3048 ὀμοῦ
466 2970 779 3050 Χριστιανοὶ
838 2968 1268 3049 συμφραξάμενοι
1329 2969 1465 3024 κατὰ
1522 2974 1614 3023 τοῦ
1674 2965 1853 3022 κοινοῦ
1913 2963 2222 3038 δυσμενοῦς,
2283 2963 2595 3042 ἰσχύσωμεν
2651 2964 2743 3018 σὺν
2802 2965 2920 3038 Θιῷ
2980 2966 3076 3033 τὴν
3129 2967 3220 3023 ὑπ’
3280 2966 3479 3024 ἐκείνου
3537 2990 3643 3048 φη)-

268 3067 549 3120 τευθεῐσαν
579 3062 635 3117 ἐν
664 3060 800 3134 ἡμῖν
831 3065 930 3126 τῆς
962 3057 1306 3138 φιλαργυρίας
1340 3055 1506 3135 ῥίζαν,
1540 3055 1652 3132 ἅμα
1685 3056 1844 3112 πᾶσίν
1888 3057 2052 3121 αὐτῆς
2081 3059 2187 3109 τῶν
2246 3056 2426 3109 κακῶν
2458 3067 2574 3116 τοῖς
2606 3053 2982 3130 βλάστημασιν
3013 3055 3282 3132 ἐκτεμεῖν.
3332 3063 3512 3114 Πᾶσαν
3541 3059 3643 3126 τὴν

273 3155 368 3211 σὺν
401 3156 491 3208 σο“ι
537 3150 593 3207 ἐν
625 3156 837 3223 Χριστῷ
885 3148 1224 3226 ἀδελφότητα
1254 3147 1740 3225 προσαγορεύομεν.
1796 3142 2130 3223 Ἐῤῥωμένος
2163 3142 2215 3197 ἐν
2248 3143 2418 3218 Κυρίῳ
2473 3145 2770 3222 ὑπερεύχου
2798 3145 2977 3219 ἡμῶν,
3011 3147 3382 3227 θεοφιλέστατε
3426 3145 3640 3228 ἀδελφέ.

356 3239 635 3304 Γεννάδιος
712 3239 1002 3302 ἑπισκοπος
1096 3235 1736 3315 Κωνσταντινευπόλεως,
1796 3236 1909 3298 νέας

2083 3232 2172 3290 76
2193 3231 2544 3294 Gennadius
2566 3234 2889 3313 episcopus
2910 3233 3508 3318 Constantinopoleos
3538 3254 3643 3298 no-

277 3326 496 3409 Ῥώμης
525 3330 832 3409 ὑπέγραψα.

361 3509 710 3572 Ἀναστάσιος
797 3507 1090 3571 ἒπισκοπος
1179 3503 1586 3585 μητροπολιτης
1657 3501 1920 3581 Ἀγκύρας

279 3603 375 3661 ὒπ.

365 3692 628 3768 Εὐνόμιος
660 3687 1064 3768 μητροπολιτης
1097 3685 1456 3762 Νικομηδειας
1488 3684 1576 3746 ὄπ.

367 3870 563 3950 Πέτρος
602 3866 1008 3949 μητροπολιτης
1043 3875 1264 3932 Νικαιας
1294 3865 1386 3928 ὑπ.

366 3949 670 4040 Περγᾶμιος
703 3957 1111 4039 μητροπολιτης
1163 3954 1502 4035 Ἀντιοχειας
1557 3961 1656 4024 τῆς
1686 3949 1928 4015 Πισιδιας

321 4077 381 4114 π.

321 4077 381 4114 π.

285 4055 317 4111 ὖ
366 4141 574 4207 Παύλος
608 4137 1014 4218 μητροπολιτης
1046 4136 1568 4216 Μαρκιανουπόλεως
1599 4140 1705 4198 ύπ.

367 4321 661 4402 Νουνέχιος
706 4317 1120 4398 μητροπολιτης
1165 4315 1482 4382 Λαοδικειας
1525 4314 1618 4377 ὒπ.

365 4503 565 4582 Πέτρος
598 4497 1005 4579 μητροπολιτης
1039 4500 1290 4575 Γαγγρῶν
1317 4495 1412 4558 ύπ.

373 4682 661 4763 Καρτέριος
693 4677 1100 4760 μητροπολιτης
1135 4673 1608 4736 Κλαυδιουπόλεως
1639 4672 1734 4735 ὄπ.

375 4861 683 4942 Ἀγαπητὸς
720 4856 1129 4938 μητροπολιτης
1164 4846 1340 4914 Ῥόδου
1370 4853 1462 4914 ύπ.

378 5039 704 5120 Ἐλευθέριος
736 5038 1143 5118 μητροπολιτης
1175 5032 1524 5104 Χαλκηδόνος
1557 5034 1650 5095 ύπ.

378 5219 648 5303 Στέφανος
709 5217 1115 5300 μητροπολιτης
1169 5208 1522 5296 Ἱεραπόλεως
1563 5218 1663 5283 τῆς
1726 5209 1943 5291 Εὔφρα-

291 5334 493 5376 τησιας
525 5333 619 5372 υπ.

372 5335 461 5369 σια
525 5335 619 5372 υπ.

327 5335 674 5481 ⁷’.Γρνῖγόριος
706 5397 1112 5480 μητροπολιτης
1143 5394 1662 5476 Ἀνδριανουπόλεως
1687 5393 1782 5456 ύπ.

382 5582 676 5646 Λουκιάνὸς
707 5578 1114 5660 μητροπολιτης
1146 5577 1318 5650 Βύζης
1349 5575 1445 5638 ὖπ.

387 5705 452 5757 88
480 5705 689 5771 Matth.
722 5720 802 5788 vr,
834 5703 934 5767 24.

2003 3336 2088 3382 vae
2115 3318 2318 3381 Romae
2346 3320 2696 3394 subscripsi.

2002 3412 2255 3469 Joannes
2271 3413 2576 3482 episcopus
2597 3413 3288 3484 metropoleosHeracleze
3305 3417 3647 3490 subscripsi.

2086 3495 2434 3558 Anastasius
2465 3496 2785 3578 episcopus
2809 3499 3211 3580 metropoleos
3238 3502 3488 3583 Ancyra:
3508 3501 3648 3563 sub-

2006 3602 2244 3664 scnpsr.

2085 3673 2412 3736 Eunomius
2469 3675 2786 3756 epicopus
2846 3679 3248 3759 metropoleos
3284 3678 3648 3744 Nicomediae

2007 3762 2360 3844 subscripsi.

2089 3855 2302 3916 Petrus
2316 3854 2634 3936 episcopus
2651 3857 3051 3940 metropoleos
3067 3857 3276 3923 Nicaeae
3294 3859 3644 3941 subscripsi.

2094 3945 2442 4023 Pergamius
2501 3945 2822 4028 episcopus
2876 3949 3284 4031 metropoleos
3313 3950 3650 4014 Antiochiae

2012 4030 2254 4094 Pisidiae
2281 4033 2640 4114 subscripsi.

2092 4121 2313 4214 Paulus
2367 4124 2684 4205 episcopus
2743 4127 3146 4208 metropoleos
3195 4129 3656 4214 Marcianopolis

2011 4213 2363 4296 subscripsi.

2095 4303 2446 4394 Nunechius
2501 4311 2822 4389 episcOpus
2881 4311 3288 4394 metropoleos
3340 4313 3652 4380 Laodiceae

2015 4391 2371 4474 subscripsi.

2097 4481 2312 4574 Petrus
2337 4485 2658 4568 episcopus
2692 4489 3094 4570 metropoleos
3127 4492 3498 4574 Gangrorum
3521 4491 3658 4558 sub-

1954 4601 2000 4654 D
2017 4573 2254 4653 scripsi.

2099 4663 2748 4756 CarteriusepiscOpus
2798 4671 3200 4754 metrOpoleos
3249 4673 3657 4756 Claudiopoli-

2021 4761 2292 4816 tanorum
2327 4753 2679 4836 subscripsi.

2096 4845 2404 4947 .Agapetus
2428 4845 2746 4928 episcopus
2801 4851 3202 4933 metropoleos
3252 4853 3450 4918 Rhodi
3480 4852 3658 4916 subs-

2026 4951 2489 5088 cnltgjlseutherius
2520 5026 2837 5112 episcopus
2867 5031 3272 5112 metropoleos
3324 5033 3659 5100 Chalcedo-

2026 5114 2121 5178 nis
2151 5113 2498 5198 subscripsi.

2111 5205 2447 5302 Stephanus
2504 5208 2819 5302 episcopus
2877 5214 3278 5296 metrOpoleos
3327 5217 3662 5302 Hierapolis

2028 5297 2432 5378 Euphratesiaa
2453 5297 2807 5382 subscripsi.

2101 5388 2434 5539 l(gregarius
2463 5388 2782 5472 episcOpus
2812 5396 3210 5478 metropoleos
3241 5397 3664 5482 Adriauopolis

2144 5494 2378 5539 scrmsn.

2025 5494 2378 5557 suuscnpsn.

2066 5565 2367 5632 Lucianus
2381 5567 2701 5653 episcopus
2713 5575 3300 5662 metr0poleosByxae
3313 5579 3663 5668 subscripsi.
