4108 6222
416 469 686 530 Φωτιινὸς
713 467 1012 527 ἐπίσκοποσ
1037 465 1349 533 Βαϐυλῶνος
1378 469 1471 531 ὑπ,

416 560 774 638 Αὖγουστὶνος
805 558 1092 621 ἐπίσκοπος
1131 556 1251 622 νέας
1283 563 1590 638 Μαρκιανῆς
1621 559 1714 621 ὑπ.

416 734 670 805 Ἰωάννης
700 736 991 798 ἐπίσκοπος
1027 735 1373 802 Νικοπόλεως
1408 737 1684 815 ’Δρμενίας
1717 742 1812 802 ὒπ.

419 912 706 978 Ἰουλιανὸς
735 915 1024 980 ἐπίσκοπος
1057 914 1210 973 Κώου
1240 915 1332 974 ὒπ.

415 1091 710 1158 Σαϐϐάτιος
737 1093 1026 1154 ἐπίσκοπος
1052 1090 1393 1173 Ἀγιιάλεως
1425 1095 1517 1156 ῦπ.

416 1183 760 1260 Στρατοκλῆς
808 1183 1098 1248 ἐπίσκοπος
1132 1185 1500 1261 Προκοννήσου
1531 1185 1622 1248 ὐπ.

415 1273 669 1341 Ἰωάννης
697 1273 986 1336 ἐπίσκοπος
1018 1273 1433 1351 Τρανουπόλεως
1465 1277 1561 1332 ὐπ.

412 1449 653 1526 Μάξιμος
685 1450 974 1513 ἐπίσκοπος
1014 1448 1213 1518 Λιϐύης
1245 1452 1340 1513 ῦπ.

414 1539 702 1605 Θεόδουλος
731 1542 1020 1605 ἐπίσκοπος
1059 1538 1532 1617 Τραϊανοοπόλεως
1563 1544 1658 1604 ύπ.

414 1725 653 1797 Μαρῐνος
687 1717 975 1781 ἐπίσκοπος
1008 1716 1351 1796 Ἐπιφανείας
1383 1720 1472 1782 ὒπ,

415 1807 693 1872 Βασίλειος
723 1808 1012 1872 ἐπίσκοπος
1043 1806 1439 1883 Ἀλεξανδρείας
1468 1813 1561 1872 ὑπ,

417 1897 668 1965 Ἰωάννης
700 1898 986 1960 ἐπίσκοπος
1017 1899 1391 1976 Γερμανικείας
1425 1896 1514 1958 ὑπ.

414 1987 652 2062 ’Ὶνδιμος
675 1988 963 2050 ἐπίσκοπος
997 1986 1432 2063 Εἶρηνουπόλεως
1464 1989 1555 2046 im.

417 2079 675 2155 Τιμόθεος
708 2077 993 2138 ἐπίσκοπος
1031 2074 1272 2156 Δολιχῆς
1304 2076 1397 2138 ὑπ.

418 2257 708 2321 Ποντιανὸς
740 2255 1026 2318 ἐπίσκοπος
1059 2252 1398 2334 Ἀγαλασσοῠ
1431 2255 1524 2317 iur.

425 2436 747 2512 Δοκιμάσιρς
779 2434 1069 2497 ἐπίσκοπος
1103 2436 1409 2512 Μαρωνείας
1440 2434 1535 2493 ὑπ.

423 2523 646 2590 Νοεϊνος
679 2525 970 2588 ἐπίσκοπος
1005 2521 1259 2579 Διϐελτοῦ
1288 2526 1381 2587 ῦπ,

341 2623 428 2692 Τῷ
476 2618 540 2672 τὰ
595 2615 769 2673 πάντα
827 2613 1113 2690 ἁγιωτάτῳ
1168 2613 1257 2668 καὶ
1315 2611 1706 2690 μακαριωτάτῲ
1761 2610 1973 2692 ἀδελφῷ

415 2708 502 2764 καὶ
593 2703 983 2780 συλλειτουργῴ
1067 2708 1210 2779 κυρῷ
1298 2699 1557 2780 Ἀδριανῷ
1629 2703 1782 2775 πάπᾳ
1870 2707 1969 2770 τῆς

411 2792 768 2872 πρεσϐυτέρας
855 2784 1067 2866 Ῥώμης
1153 2791 1412 2869 Ταράσιος
1473 2789 1690 2858 ἀνάξιος
1748 2791 1970 2849 ἐπίσκο-

412 2907 511 2950 πος
576 2879 1186 2945 Κωνσταντινουπόλεως
1244 2901 1366 2946 νεας
1429 2873 1666 2958 Ῥώμης,
1729 2879 1784 2936 ἐν
1858 2892 1970 2940 Κο-

413 2976 507 3054 ρίῳ
537 2973 771 3054 χαίρειν,

414 3063 734 3138 Πολυμερῶς
792 3060 879 3116 καὶ
939 3057 1312 3137 πολυτρόπως,
1375 3057 1761 3140 εὖαγγελικῶς,
1827 3061 1968 3118 ἀπο-

1127 333 1545 396 SYNTAGMA
1587 331 1981 398 CANONUM.
2037 361 2113 376 --
2165 330 2322 394 ΤΙΤ.
2371 332 2419 408 Ι,
2467 331 2634 395 CAP.
2682 330 2902 394 XXIV.

1993 478 2037 528 Α
2139 462 2389 528 Photius
2419 465 2740 546 episcopus
2769 461 3087 544 Babylonis
3116 460 3470 543 subscripsi.

3589 325 3708 392 530

2137 556 2508 635 Augustinus
2555 554 2880 636 episcopus
2937 570 3104 615 novae
3150 552 3474 615 Marcianae
3521 549 3702 613 subs-

2058 663 2268 726 cripsi.

2135 736 2396 797 Joannes
2424 733 2749 816 episcOpus
2780 731 3138 814 Nicopoleos
3187 730 3488 793 Armeniae
3521 730 3701 792 subs-

2055 841 2266 904 crrpsr.
2513 895 2518 898 ,

2135 913 2333 994 [Forte
2363 913 2790 994 Scarphiensis
2823 920 2881 974 et
2928 914 3134 977 Grmce
3165 911 3443 989 Σκαρφίων
3474 908 3701 992 Hann]

2054 1001 2324 1065 Julianus
2348 1004 2670 1085 episcopus
2703 1003 2950 1066 Coensis
2981 1001 3336 1081 subscripsi.

2137 1091 2461 1156 Sabbatius
2493 1099 2815 1174 episcopus
2845 1090 3121 1154 Anchiali
3152 1090 3502 1169 subscripsi.

2140 1184 2468 1248 Stratocles
2501 1183 2824 1264 episcopus
2858 1180 3231 1244 Proconnesi
3262 1179 3617 1258 subscripsi.

2137 1275 2400 1335 Joannes
2431 1273 2751 1353 episcopus
2783 1273 2996 1351 [Leun.
3027 1268 3520 1348 Traianopoleos]
3551 1270 3701 1330 Tra-

2057 1361 2334 1444 nipoleos
2360 1361 2716 1442 subscripsi.

2137 1453 2428 1515 Maximus
2461 1451 2781 1532 episcopus
2809 1448 3010 1512 Librae
3039 1448 3399 1529 subscripsi.

2142 1540 2519 1603 Theodosius
2578 1540 2896 1620 episcopus
2926 1538 3144 1618 [Leun.
3189 1537 3517 1601 Theodolus
3549 1535 3699 1599 Tra-

2058 1630 2368 1712 nopoleos]
2401 1629 2869 1710 Trajanopoleos
2901 1627 3254 1708 subscripsi.

2139 1719 2399 1782 Marinus
2423 1721 2745 1799 episcopus
2777 1716 3132 1798 Epiphaniae
3162 1714 3518 1795 subscripsi.

2140 1809 2400 1872 Basilius
2428 1811 2749 1890 episcopus
2783 1807 3166 1869 Alexandriae
3196 1803 3552 1878 subscripsi.

2139 1898 2403 1961 Joannes
2433 1897 2756 1977 episcopus
2788 1895 3185 1959 Germaniciaa
3214 1893 3572 1974 subscripsi.

2141 1988 2409 2050 ludimus
2441 1988 2756 2068 episcopus
2785 1985 3177 2066 IrenOpoleos
3209 1982 3560 2062 subscripsi.

2141 2077 2494 2140 Timotheus
2543 2076 2861 2157 episcopus
2913 2075 3120 2152 [Leun.
3151 2073 3500 2151 Dolisclu’w]
3534 2070 3700 2132 Doli-

2062 2167 2206 2229 cbes
2235 2167 2587 2248 subscripsi.

2143 2253 2451 2334 [Photinus
2479 2247 2828 2336 ’Agalassiq
2860 2253 3228 2318 Fonteianus
3253 2249 3572 2334 episcopus
3597 2247 3702 2312 Sa-

2059 2344 2276 2423 galassi
2303 2345 2656 2426 subscripsi.

2137 2434 2510 2498 Docimasius
2532 2435 2850 2516 episcopus
2880 2433 3165 2496 Maronim
3193 2429 3545 2512 subscripsi.

2137 2525 2226 2584 78
2243 2523 2490 2586 Jovinus
2521 2524 2844 2604 episcopus
2870 2521 3108 2585 Debelti
3142 2519 3498 2600 subscripsi.

2055 2612 2180 2676 Per
2209 2615 2410 2676 omnia
2467 2615 2857 2677 sanctissimo
2916 2618 2973 2674 et
3027 2610 3375 2673 beatissimo
3424 2607 3615 2679 fratri
3642 2613 3702 2671 et

2132 2704 2555 2766 comm-inistro
2613 2703 2891 2765 Adriano
2951 2718 3128 2782 papae
3178 2699 3446 2762 senioris
3498 2697 3702 2760 Romae

2141 2791 2757 2873 Tarasz'usindignus
2810 2793 3123 2872 episcopus
3173 2787 3700 2867 Constantinozio-

2134 2881 2279 2958 leas,
2312 2901 2484 2946 novae
2515 2882 2722 2946 Romae
2753 2884 2820 2945 in
2849 2882 3105 2944 Domino
3134 2878 3412 2943 salutem.

2134 3061 2452 3124 Multifarie
2485 3060 2808 3141 multisque
2832 3057 3405 3138 modis,evangelice
3436 3053 3616 3118 simul
3639 3064 3698 3118 et

333 3153 621 3226 στολικῶς,
682 3151 769 3208 καὶ
843 3149 1148 3226 πατριακῶς
1229 3146 1613 3224 διδασκόμεθα,
1672 3149 1969 3230 ἀφιλάργυ-

2100 3151 2381 3233 postolice
2394 3161 2572 3231 atque
2587 3149 3304 3232 paternedocemur.sine
3320 3145 3565 3210 avaritia
3586 3147 3698 3209 lia-

334 3267 426 3324 ρον
482 3243 573 3299 τὸν
623 3241 824 3319 τρόπον
871 3238 1021 3318 ἔχειν
1079 3237 1133 3294 ἐν
1164 3243 1230 3314 τῇ
1259 3240 1357 3304 τῆς
1387 3240 1674 3316 ἱερωσύνης
1705 3217 1967 3316 ἀγισξέξᾳ,

2100 3217 2202 3304 ere
2237 3257 2436 3301 mores
2473 3217 2540 3300 in
2589 3217 2926 3300 Isacerdotii
2960 3239 3456 3310 sanctiﬁcatione,
3492 3249 3550 3304 et
3581 3255 3700 3300 non

336 3335 424 3390 καὶ
481 3333 559 3407 μὴ
611 3330 953 3410 χρυσίζεσθαι
1010 3327 1046 3394 ἢ
1107 3325 1465 3406 ἀργυρίζεσθαι
1523 3328 1557 3396 ἤ
1614 3351 1665 3385 τι
1725 3350 1969 3409 σφετερι-

2100 3347 2293 3410 urum,
2324 3347 2442 3388 non
2476 3336 2810 3406 argentum,
2843 3336 2942 3389 aut
2966 3327 3190 3407 aliquid
3215 3326 3374 3390 aliud
3410 3345 3702 3408 usurpare

335 3427 514 3494 ζεσθαι
567 3421 653 3478 ἐπὶ
712 3418 1019 3500 χειροτονίᾳ
1067 3419 1266 3483 παντὸς
1311 3420 1576 3496 ἱερατικοῦ
1633 3415 1840 3496 ἀνδρὸς,
1900 3417 1969 3482 ὥς

2100 3435 2242 3498 uper
2265 3437 2475 3479 manus
2499 3417 2881 3496 impositione
2901 3418 3098 3478 omnis
3120 3419 3333 3478 sacrati
3353 3420 3704 3502 viri,quem-

334 3511 679 3586 ῦποδειξομεν
761 3509 815 3565 ἐν
889 3521 1012 3570 ταῖς
1073 3507 1627 3585 καθυποτεταγμέναις
1687 3509 1969 3588 χρήσεσιν,

2100 3507 2376 3569 dmodum
2411 3508 2794 3568 ostendemus
2825 3507 2886 3566 in
2917 3505 3210 3568 ordinatis
3244 3507 3496 3570 inferius
3539 3507 3700 3570 testi-

337 3601 442 3658 ἂπό
474 3623 528 3657 τε
561 3601 832 3677 γραφικὼν
889 3601 1206 3674 θεηγοριῶν,
1240 3600 1326 3653 καὶ
1388 3603 1658 3676 πατρικῶν
1716 3595 1968 3653 διδασκα-

2100 3597 2298 3676 Ioniis,
2335 3604 2447 3656 ta'n
2485 3615 2556 3656 ex
2593 3594 2920 3674 Scripturre
2975 3594 3190 3658 divinae
3231 3596 3697 3669 assertionibus,

334 3690 489 3753 λιῶν,
551 3693 611 3748 Οἱ
690 3689 790 3765 γὰρ
878 3685 1195 3748 ἐπιτιθέντες
1269 3699 1489 3766 χεῖρας,
1549 3686 1808 3765 ὑπηρέται
1879 3693 1969 3743 τοῦ

2100 3703 2229 3746 uam
2259 3702 2327 3745 ex
2357 3683 2624 3763 paternis
2657 3683 3018 3762 magisteriis
3049 3684 3516 3764 assumptis.Qui
3541 3684 3702 3746 enim

336 3779 641 3856 Πνεύματός
698 3779 851 3852 εἰσιν,
886 3775 1012 3856 οὒχὶ
1067 3776 1264 3853 πράται
1307 3783 1400 3834 τοῦ
1460 3777 1786 3848 Πνεύματος,
1845 3785 1968 3831 Δω-

334 3873 458 3949 ρεὰν
513 3872 614 3949 γάρ
673 3864 1034 3940 λαμϐάνοντες
1089 3866 1186 3930 τὴν
1277 3865 1430 3944 χάριν
1489 3872 1581 3923 τοῦ
1640 3865 1964 3944 Πνεύματος,

333 3959 533 4037 δωρεὰν
589 3955 818 4014 διδοσθαι
877 3968 996 4019 τοῖς
1056 3953 1180 4033 παρ’
1240 3957 1412 4013 αὐτῶν
1469 3953 1970 4029 μεταλαμϐάνουσιν

334 4050 702 4130 ἀπεφήναντο,
775 4046 835 4102 ἐκ
890 4045 985 4112 τῆς
1060 4050 1322 4122 Κυριακῆς
1382 4045 1560 4124 φωνῆς
1623 4044 1821 4111 ταύτην
1870 4045 1970 4112 τὴν

333 4139 741 4218 ἐλευθεριότητα
775 4133 1079 4213 εἰληφότες.
1119 4135 1175 4190 Εἰ
1233 4131 1288 4189 δέ
1337 4154 1417 4199 τις
1447 4133 1735 4211 ἐλεγχθειη
1767 4135 1971 4212 χρυσίῳ

332 4229 534 4295 ταύτην
591 4227 963 4304 ὠνησάμενος,
1023 4223 1392 4301 ἆποκήρυκτον
1461 4221 1820 4300 διαγορεύουσι
1877 4225 1968 4279 τὸν

331 4326 572 4378 τοιοῦτον
631 4321 731 4384 τῆς
791 4317 1064 4393 ἱερατικῆς
1125 4313 1323 4378 τάξεως
1358 4330 1372 4347 ⁸
1430 4313 1527 4368 καί
1556 4314 1717 4369 εἶκαὶ
1748 4312 1970 4387 ὀνόματι

2055 3792 2265 3836 manus
2297 3774 2628 3853 imponunt,
2663 3772 2918 3833 ministri
2953 3782 3089 3836 sunt
3123 3771 3535 3853 Spiritus,non
3569 3791 3706 3833 ven-

2052 3864 2279 3926 ditores
2298 3861 2580 3943 Spiritus;
2613 3862 2794 3939 gratis
2817 3862 3038 3942 quippe
3061 3862 3426 3941 accipientes
3449 3861 3696 3940 gratiam

2050 3952 2324 4034 Spiritus,
2364 3953 2547 4028 gratis
2573 3951 2665 4012 his
2698 3952 2797 4031 qui
2829 3971 2862 4012 a
2894 3970 2958 4011 se
2985 3951 3512 4031 percipiunt,dare
3545 3968 3704 4032 prae-

2055 4043 2382 4122 cipiuntur,
2403 4060 2471 4101 ex
2507 4040 2820 4102 Dominica
2843 4060 2984 4102 voce
3010 4043 3167 4103 hanc
3191 4041 3530 4103 libertatem
3567 4041 3704 4121 [Gn

2057 4132 2497 4209 liberalitatem]
2518 4131 2811 4210 a'lepti.Si
2832 4132 2967 4211 quis
2986 4140 3182 4192 autem
3206 4132 3512 4194 convictus
3527 4129 3708 4192 fuerit

2057 4221 2318 4304 pecunia
2348 4223 2499 4282 hanc
2531 4220 3199 4300 obtinuisse,abjectnm
3229 4220 3357 4283 fore
3387 4221 3459 4282 ab
3487 4220 3704 4281 ordine

2056 4319 2259 4373 sancto
2294 4310 2675 4390 promulgant
2731 4311 3074 4390 hujusmodi
3114 4331 3126 4372 :
3180 4320 3236 4373 et
3287 4311 3427 4372 licet
3458 4309 3706 4372 nomine

333 4410 435 4477 τὴν
489 4407 781 4485 ἱερωσύνην
837 4405 1202 4481 κεκλήρωται,
1264 4401 1386 4458 ἀλλ’
1435 4402 1523 4459 οῦν
1571 4400 1900 4477 διαψεύδεται
1944 4404 1969 4458 ὂ

2100 4400 2457 4462 Icerdotium
2493 4399 2912 4479 sortiatur,sed
2940 4399 3171 4462 fallitur
3198 4417 3398 4461 sermo
3429 4399 3490 4462 in
3525 4417 3707 4462 causa

337 4499 498 4577 λόγος
551 4495 634 4553 ἐπὶ
676 4502 753 4569 τῷ
807 4493 1105 4570 πράγματι,
1169 4490 1346 4554 Οὗδεὶς
1406 4491 1505 4569 γὰρ
1537 4497 1652 4565 Θεῷ
1711 4489 1969 4548 δουλεύειν

2100 4494 2148 4552 in
2179 4508 2244 4552 re
2276 4492 2292 4568 ]
2327 4487 2528 4577 Nemo
2578 4491 2742 4550 enim
2765 4491 3002 4551 servire
3047 4495 3236 4568 potest
3264 4490 3388 4551 Deo
3421 4497 3480 4552 et
3505 4507 3705 4550 mam-

336 4572 547 4645 δύναται
603 4587 694 4642 καὶ
775 4588 1030 4659 μαμωνᾷ,
1118 4583 1190 4646 ὡς
1263 4581 1620 4659 εὖαγγεΛίκῶς
1681 4580 1969 4654 ἐμάθομεν,

2100 4576 2444 4652 ιοιιω,εἰουι
2467 4596 2536 4638 ex
2569 4577 2886 4656 Evangelio
2917 4577 3244 4640 didicimus
3275 4579 3360 4640 88.
3395 4577 3545 4651 Quia
3566 4595 3706 4640 vero

343 4678 441 4736 Καὶ
483 4673 670 4742 ἐπειδὴ
725 4674 1032 4747 ἠκούσαμεν
1083 4677 1426 4749 προφητικῶς
1491 4671 1584 4726 τοῦ
1646 4674 1776 4725 Θεοῦ
1808 4670 1969 4745 βοῶν-

2101 4666 2408 4748 rophetice
2441 4668 2778 4729 audivimus
2807 4667 2930 4729 Deo
2951 4668 3246 4729 clamante
3276 4689 3289 4730 :
3317 4667 3702 4739 Sacerdotes,

339 4788 430 4832 τος
464 4782 477 4797 ⁸
550 4757 759 4842 Ἰερετς,
849 4761 1118 4831 λαλήσατε
1200 4761 1273 4824 εἷς
1354 4761 1451 4825 τὴν
1511 4756 1722 4835 καρδίαν
1784 4749 1969 4842 ’ἱερου-

2100 4757 2391 4838 iqulmiui
2432 4761 2512 4818 ad
2548 4775 2649 4819 cor
2669 4756 3006 4820 Jerusalem
3034 4758 3098 4807 85
3124 4778 3139 4832 ;
3170 4773 3501 4835 rursusque
3531 4772 3704 4842 corn-

341 4855 568 4931 σαλήμ⁶
631 4854 776 4915 αὖθις
828 4874 886 4909 τε
954 4849 1359 4914 ἐπανειλοῦντος
1418 4849 1504 4905 καὶ
1580 4848 1854 4926 λέγοντος,
1915 4839 1969 4906 ’0

2100 4847 2322 4907 ιὶηοηιε
2353 4855 2530 4926 atque
2561 4847 2799 4908 dicente
2831 4869 2843 4906 :
2877 4845 3241 4925 Speculator
3256 4849 3307 4904 si
3330 4841 3708 4931 videritglu-

337 4930 536 5007 σκοπὸς
617 4942 708 5000 ἐὰν
784 4941 878 5021 ἴδη
965 4939 1065 5006 τὴν
1133 4939 1398 5020 ῥομφαιαν
1486 4937 1817 5018 ἐρχομένην,
1879 4937 1969 4994 καί

2102 4940 2226 4998 ium
2243 4937 2667 5009 venientem,et
2690 4954 2811 4997 non
2829 4939 3172 4998 insonuerit
3196 4933 3431 5008 tuba,et
3446 4930 3706 5012 populus

338 5035 417 5108 μη
469 5032 690 5107 σημάνῃ
747 5036 816 5106 τῇ
884 5027 1170 5105 σάλπιγγι,
1231 5026 1327 5084 καί
1387 5028 1413 5082 ὁ
1487 5025 1614 5090 λαὸς
1675 5030 1753 5101 μὴ
1809 5025 1969 5105 φυλά-

2100 5045 2117 5086 ε
2137 5043 2257 5088 non
2286 5025 2676 5097 custodierit;
2699 5032 2752 5086 et
2773 5027 3021 5087 veniens
3044 5023 3287 5103 gladius
3311 5023 3615 5104 acceperit
3631 5039 3710 5084 ea:

336 5123 516 5196 ξηται,
601 5122 690 5178 καὶ
777 5119 1003 5176 ἐλθοῦσα
1069 5121 1104 5187 ἡ
1190 5117 1428 5196 ῥομφαια
1482 5114 1621 5193 λάϐῃ
1688 5115 1740 5182 ἐξ
1801 5121 1969 5176 αὐτῶν

2100 5117 2140 5178 is
2162 5115 2828 5192 animam,sanguinem
2851 5115 2926 5176 de
2953 5132 3141 5176 manu
3171 5113 3570 5193 speculatoris
3600 5128 3708 5173 re-

336 5213 546 5293 ψυχὴν,
610 5212 672 5268 τὸ
729 5209 874 5286 αἷμα
933 5207 993 5264 ἐκ
1049 5211 1147 5273 τῆς
1199 5207 1382 5285 χειρὸς
1437 5213 1532 5263 τοῦ
1587 5213 1787 5262 σκοποῦ
1817 5208 1969 5278 ἐκζη-

2101 5209 2308 5267 uiram
2331 5204 2432 5280 86;
2460 5203 2736 5293 timorem
2768 5223 2838 5266 ex
2879 5202 3120 5293 silentio
3137 5202 3563 5293 damnationis
3591 5201 3707 5264 de-

335 5291 488 5372 τήσω
520 5319 536 5334 ⁸
600 5297 749 5380 φόϐῳ
806 5301 898 5356 τοῦ
952 5302 1052 5364 τῆς
1099 5300 1312 5362 σιωπῆς
1350 5317 1771 5376 κατακριματος,
1815 5296 1969 5375 ἀναγ-

2101 5293 2404 5356 untiamus
2431 5291 2786 5372 pracsulibus
2820 5292 3102 5355 omnibus
3131 5292 3538 5354 Ecclesiarum
3576 5308 3708 5371 quae

335 5379 624 5471 γέλλομτνί
658 5402 772 5452 τοῖς
806 5385 1077 5464 προέδροις
1123 5392 1251 5442 πᾶσι
1285 5385 1392 5442 τῦν
1423 5387 1537 5442 καθ’
1571 5387 1715 5460 ἡμᾶς
1747 5385 1969 5453 Ἐκκλη-

2100 5381 2216 5465 pud
2243 5400 2351 5471 nos
2377 5389 2535 5460 sunt,
2569 5389 2634 5442 ut
2666 5400 2800 5443 cum
2826 5382 3044 5444 ﬁducia
3066 5381 3397 5444 secundum
3440 5379 3705 5442 divinum

333 5469 487 5554 σιῶν,
532 5479 624 5536 ’ίνα
656 5479 792 5555 μετὰ
822 5475 1120 5555 παρῤησιας
1156 5476 1295 5536 κατᾶ
1351 5476 1441 5531 τὸν
1496 5478 1640 5532 θετον
1701 5472 1969 5530 Ἀπόστο-

2100 5470 2414 5554 .postolum
2433 5471 2494 5520 87
2517 5470 2807 5535 dicamus:
2825 5472 3027 5534 Mundi
3047 5473 3401 5535 sumus79a
3419 5469 3710 5549 sanguine

339 5571 432 5629 λον
464 5569 710 5645 εἴπωμεν
741 5585 760 5604 ο
797 5571 1025 5645 Καθαροι
1076 5565 1238 5642 ἐσμεν
1281 5565 1387 5621 ἀπὸ
1450 5563 1534 5621 τοῦ
1590 5563 1822 5638 α’ἷματος
1875 5571 1969 5620 τῶν

2108 5560 2581 5625 ravaricantium
2618 5563 2936 5624 canonicas
2967 5561 3487 5644 dispositiones,et
3522 5559 3709 5622 multo

419 5702 483 5755 84
512 5699 722 5768 Matth.
757 5715 843 5780 vr,
873 5698 976 5761 24.
1066 5693 1273 5759 8515a.
1307 5710 1406 5775 ιιι,
1440 5692 1500 5756 2.
1585 5691 1649 5744 86
1674 5692 1890 5758 Ezech.
1923 5710 1969 5758 xi

2100 5713 2134 5775 ι,
2167 5696 2229 5759 6.
2311 5693 2374 5745 87
2403 5692 2533 5756 Act.
2573 5710 2670 5771 xx,
2705 5693 2806 5772 26,
2838 5693 2940 5759 ΕΠ.
