4108 6222
440 332 548 400 531
1261 388 1263 390 .
1630 336 1899 402 pnorn
1937 293 2462 402 CPATRIARGHIE
2500 341 2617 404 op.
3680 342 3788 408 532

444 473 637 553 magis
655 491 861 537 eorum
885 469 987 553 qui
1006 488 1114 552 per
1133 469 1416 552 pecunias
1436 490 1645 535 manus
1666 473 2086 554 imposuerunt

2172 473 2600 553 παραϐαινόντων
2657 474 2753 538 τὰς
2808 476 3090 540 κανονικὰς
3153 472 3438 553 διατάξεις,
3525 477 3612 534 καὶ
3665 482 3794 536 πάνυ

449 564 541 626 vel
567 571 886 645 imponunt
914 561 1046 640 [Gn
1079 562 1168 623 vel
1193 579 1406 624 manus
1429 561 1873 642 impositionem
1905 582 2083 626 acce-

2172 587 2228 642 γε
2271 564 2477 638 μᾶλλον
2522 572 2626 622 τῶν
2671 565 2765 622 ἐπὶ
2809 568 3054 646 χρήμασι
3087 567 3581 646 χειροτονησάντων
3675 590 3793 648 χει-

450 655 700 735 perunt]
726 674 742 734 ;
778 653 952 714 Petro
985 650 1188 713 divino
1219 652 1513 729 apostolo,
1541 653 1714 733 cujus
1739 653 2085 716 cathedram

2172 655 2586 733 ροτονηθέντων,
2637 654 2835 733 Πέτρου
2898 658 2990 712 τοῦ
3042 657 3182 713 θείου
3243 656 3571 731 ἀποστόλου,
3616 661 3675 714 οῦ
3722 660 3800 715 καὶ

447 743 659 806 sortita
688 750 776 804 est
805 742 1068 803 fraterna
1093 741 1382 804 sanctitas
1409 750 1626 823 vestra,
1663 744 1772 804 hos
1804 755 2086 824 tanquam

2172 743 2268 812 τήν
2311 744 2562 823 καθέδρα)
2609 743 2955 823 ἐκληρώσατο
3000 748 3034 814 ἡ
3068 744 3325 825 ἀδελφικὴ
3367 747 3518 820 ὑμῶν
3561 748 3796 825 ἁγιότης,

444 833 753 896 Simonem
806 830 1038 909 Magum
1097 830 1460 912 deponente.
1523 832 1716 912 Hujus
1768 833 1856 894 rei
1899 833 2090 912 gratia

445 941 566 985 non
597 920 1224 1001 subterfugimus,quo
1257 920 1455 982 minus
1483 922 1920 984 annuntiemus
1939 922 2092 984 veri-

443 1019 654 1087 tatem,
681 1010 1090 1073 custodientes
1120 1019 1183 1072 et
1231 1017 1506 1074 tenentes
1535 1031 1667 1092 qua:
1715 1031 1748 1074 a
1778 1012 2004 1074 sanctis
2031 1019 2090 1075 et

446 1099 877 1164 laudatissimis
893 1100 1183 1180 apostolis
1217 1108 1275 1161 et
1300 1101 1796 1164 memorabilibus
1819 1101 2092 1166 Patribus

445 1192 665 1253 nostris
685 1190 973 1253 canonice
1003 1197 1140 1251 sunt
1170 1190 1438 1270 prolata:
1465 1192 1650 1252 ethos
1673 1192 1774 1271 qui
1807 1191 1945 1271 quid
1985 1192 2086 1253 ho-

445 1299 579 1344 rum
611 1279 1110 1360 contempserint,
1147 1279 1591 1343 abominamur.
1624 1279 1811 1360 Igitur
1832 1281 2090 1343 fraterna

447 1379 756 1432 etsummo
781 1366 1117 1430 sacerdotio
1137 1367 1418 1430 decorata
1442 1370 1722 1430 sanctitas
1744 1369 2088 1450 vestrajure

447 1479 518 1522 ac
533 1458 863 1522 secundum
884 1456 988 1520 Dei
1005 1457 1363 1520 voluntatem
1387 1457 1788 1538 pontiﬁcalem
1805 1459 2089 1522 ordinans

447 1549 733 1632 pietatem
757 1547 1128 1628 [Gr.sacrum
1155 1547 1592 1609 hierarchicum
1620 1548 1963 1627 gubernans
1984 1569 2087 1611 or-

447 1637 1184 1718 dinem],opinatissimam
1217 1637 1400 1699 habet
1433 1637 1713 1715 gloriam.
1740 1637 1897 1700 Dixit
1925 1639 2086 1702 enim

449 1748 555 1809 per
576 1729 925 1811 prophetam
947 1727 1176 1808 primus
1189 1735 1507 1806 etmagnus
1520 1747 1793 1790 summus
1809 1729 2089 1792 sacerdos

2170 835 2243 898 ὡς
2302 834 2518 908 Σίμωνα
2573 836 2665 890 τὸν
2727 835 2910 913 Μάγον
2971 836 3158 894 τούτου
3217 834 3559 900 καθελόντος.
3615 838 3801 894 Τούτου

2170 922 2349 980 ἕνεκεν
2409 925 2511 1003 οὐχ
2553 923 2993 1001 ὁποστελλόμεθα
3021 932 3115 981 τοῦ
3159 924 3508 1003 ὰναγγέλλειν
3554 928 3651 993 τὴν
3681 925 3803 996 ἀλήο

2170 1016 2339 1085 θειαν,
2398 1011 2750 1092 φυλάττοντες
2831 1013 2926 1071 καῖ
3006 1022 3321 1088 κρατοῦντες
3382 1016 3450 1071 τὰ
3505 1017 3646 1093 παρὰ
3705 1024 3804 1073 τῶν

2173 1102 2338 1181 ἆγίων
2394 1105 2482 1159 καὶ
2527 1105 2889 1180 πανευφήμων
2934 1103 3274 1182 ἀποστόλων,
3323 1107 3414 1161 καὶ
3479 1111 3583 1160 τῶν
3641 1104 3802 1162 ἀοιδί-

2171 1214 2287 1267 μων
2343 1192 2592 1271 Πατέρων
2635 1195 2790 1268 ἡμῶν
2836 1199 3131 1258 κανονικῶς
3187 1193 3488 1253 ἐκδοθέντα.
3529 1197 3624 1252 Καὶ
3666 1197 3718 1252 εἴ
3760 1219 3804 1252 τι

2169 1285 2370 1339 τούτων
2414 1282 2685 1362 παρεϐὶθη
2732 1285 2832 1339 ὑπό
2894 1305 3077 1361 τινων,
3123 1281 3541 1360 βδελυττόμεθα.
3599 1287 3667 1342 Ἦ
3721 1286 3804 1342 οῦν

2169 1369 2426 1452 ἀδελφικὴ
2492 1376 2642 1446 ὒμῶν
2689 1373 3118 1453 ἀρχιεροπρεπὴς
3178 1373 3474 1452 ἆγιωσύνη,
3545 1374 3800 1439 ἔνθέσμως

2171 1464 2257 1518 καὶ
2313 1463 2450 1519 κατὰ
2510 1470 2640 1518 Θεοῦ
2684 1463 2962 1540 βούλησιν,
3031 1463 3427 1541 πρυτανεύουσα
3483 1466 3580 1532 τὴν
3631 1468 3802 1539 ἱεραρ-

2171 1553 2339 1631 χικὴν
2383 1553 2676 1631 ἀγιστείαν,
2715 1550 2998 1619 διαϐόητον
3042 1551 3160 1631 ἔχει
3207 1555 3307 1620 τὴν
3363 1552 3540 1618 δόξαν.
3609 1553 3802 1632 Εἴρηκε

2170 1644 2268 1721 γὰρ
2311 1639 2397 1698 διὰ
2432 1641 2524 1698 τοῦ
2578 1642 2851 1722 προφήτου
2908 1643 2935 1697 ὃ
2966 1649 3176 1720 πρῶτος
3207 1643 3292 1698 καὶ
3325 1642 3497 1720 μέγας
3531 1646 3801 1723 ἀρχιερεὺς

2171 1733 2398 1808 Χριστὸς
2430 1733 2458 1786 ὃ
2489 1732 2640 1805 Θεὸς,
2675 1732 2763 1786 καὶ
2806 1737 2893 1787 νῦν
2923 1753 3077 1809 φησι,
3114 1737 3196 1786 Ζῶ
3222 1732 3353 1808 ἑγὼ,
3407 1731 3532 1787 ἀλλ’
3596 1733 3631 1801 ἢ
3687 1735 3805 1797 τοὺς

447 1820 722 1885 Christus
743 1819 904 1880 Deus
927 1826 1132 1879 noster
1159 1835 1173 1877 :
1214 1817 1356 1880 Vivo
1381 1835 1514 1895 ego,
1539 1818 1645 1880 sed
1671 1818 2089 1898 gloriﬁcantes

2174 1819 2482 1892 δοξάζοντάς
2527 1843 2595 1895 με
2656 1818 2883 1886 δοξάσω.
2946 1818 3114 1883 Οἶδας
3172 1821 3294 1896 γὰρ,
3357 1819 3482 1898 ἄνερ
3526 1821 3804 1897 ἓπιθομιῶν

448 1926 547 1972 me
593 1906 949 1989 gloriﬁcabo
969 1907 1054 1970 88.
1088 1905 1258 1968 Nosti
1300 1906 1488 1981 enim,
1523 1905 1612 1967 vir
1649 1906 2090 1969 desideriorum

2173 1917 2278 1968 τῶν
2332 1917 2423 1966 τοῦ
2489 1911 2816 1985 Πνεύματος,
2881 1909 2961 1965 ὅτι
3035 1911 3363 1988 φορητοτέρα
3427 1910 3635 1984 μᾶλλόν
3700 1911 3804 1968 ἐστι

453 1996 732 2079 Spiritus,
768 1995 906 2077 quia
923 1995 1294 2058 tolerabilior
1325 2005 1414 2056 est
1435 1993 1767 2058 Macedonii
1791 2005 1852 2058 et
1882 2014 2089 2058 eorum

2176 1997 2498 2057 Μακεδονίου
2555 2001 2644 2055 καὶ
2699 2005 2807 2054 τῶν
2855 1998 2988 2078 ἀμφὶ
3047 2000 3204 2056 αῦτὸν
3255 2003 3730 2080 πνευματομάχων
3773 2004 3801 2070 ἡ

450 2087 552 2168 qui
571 2085 736 2148 circa
756 2086 951 2164 ipsum
971 2084 1398 2166 sunt,Spiritus
1416 2088 1490 2146 im
1500 2104 1572 2165 pu
1584 2093 1895 2164 gnatorum
1913 2086 2091 2167 impia

2173 2087 2431 2156 δυσσεϐὴς
2491 2088 2695 2167 αἵρεσις
2734 2108 2747 2123 ·
2793 2090 3008 2143 ἐκείνων
3049 2089 3149 2164 γὰρ
3191 2089 3416 2163 κτίσμα,
3475 2090 3572 2146 καί
3631 2089 3804 2147 δοῦλον

453 2177 723 2240 Ῑιωιοείε.
758 2175 882 2238 Illis
912 2174 1074 2238 enim
1121 2185 1459 2237 creaturam
1499 2183 1557 2235 et
1612 2193 1850 2236 servum
1886 2175 1990 2237 Dei
2021 2194 2091 2248 ac

2172 2181 2266 2236 τοῦ
2322 2181 2455 2236 Θεοῦ
2495 2180 2582 2234 καὶ
2639 2179 2866 2254 Πατρὸς,
2914 2179 2975 2234 τὸ
3018 2177 3172 2256 ἅγιον
3232 2185 3448 2253 Πνεῦμα
3506 2179 3802 2258 ληρῳδούν-

451 2265 645 2328 Patris
675 2264 963 2346 Spiritum
1021 2263 1210 2326 delire
1240 2263 1595 2339 fatentibus,
1626 2264 1726 2325 isti
1757 2264 1848 2326 sui
1899 2264 2090 2346 ipsius

2173 2290 2302 2342 των,
2337 2267 2479 2325 οὗτοι
2513 2269 2714 2324 ἑαυτῶν
2744 2269 2818 2332 ὡς
2875 2265 3084 2323 δοκοῦσι
3138 2267 3322 2324 δοῦλον
3367 2271 3496 2325 αὐτὸ
3551 2277 3754 2327 ποιοῦσι
3785 2287 3798 2301 ⁸

449 2375 612 2432 eum,
645 2364 709 2417 ut
750 2363 1080 2430 autumant,
1116 2372 1355 2418 servum
1391 2353 1670 2415 eﬂiciunt.
1702 2352 1911 2417 Omnis
1931 2355 2090 2416 enim

2174 2365 2280 2423 πᾶς
2313 2359 2413 2436 γὰρ
2443 2355 2736 2436 δεσπότης,
2761 2357 2788 2412 ὅ
2811 2379 2860 2412 τι
2897 2356 2957 2412 ἂν
2991 2355 3113 2436 ’έχοι
3147 2359 3190 2413 εἰ
3219 2356 3470 2433 βούλοιτο
3500 2360 3800 2439 πιπράσκει,

449 2445 729 2508 dominus
751 2444 908 2523 quod
941 2444 1301 2518 habuerit,si
1333 2443 2091 2519 voluerit,venumdat,sive

2175 2448 2291 2505 εἴτε
2345 2446 2557 2514 οἰκέτην
2615 2445 2727 2503 εἴτε
2785 2445 2964 2524 ἕτερον
3007 2445 3034 2502 ὅ
3082 2445 3339 2514 κέκτηται
3376 2463 3391 2479 ⁸
3442 2449 3695 2514 ὡσαύτως
3726 2451 3804 2506 καὶ

451 2552 718 2612 servum,
756 2535 881 2596 sive
910 2533 1072 2596 aliud
1114 2533 1256 2614 quid
1289 2551 1498 2596 eorum
1536 2551 1666 2614 qum
1697 2533 1962 2613 possidet
1992 2533 2090 2595 Si-

2175 2540 2203 2594 ὁ
2259 2538 2556 2616 ἀγοράζων,
2615 2535 2879 2603 δεσπότης
2923 2535 3247 2614 βουλόμενος
3301 2538 3452 2594 εἶναι
3486 2546 3578 2595 τοῦ
3607 2541 3802 2618 ἠγορα-

455 2623 676 2686 militer
704 2631 766 2686 et
787 2623 892 2705 qui
914 2622 1368 2696 emit,dominus
1394 2622 1596 2684 volens
1616 2640 1748 2684 esse
1778 2623 1910 2703 ejus
1933 2622 2091 2704 quod

2175 2627 2393 2707 σμένου,
2455 2625 2539 2683 διὰ
2568 2631 2734 2701 τιμῆς
2779 2627 3021 2706 ἄργυρίου
3071 2633 3229 2683 τοῦτο
3272 2634 3492 2686 κτᾶται.
3547 2628 3721 2692 Οὕτως
3763 2632 3805 2686 οἱ

454 2717 692 2790 emerit,
731 2731 840 2794 per
864 2713 1121 2794 pretium
1144 2713 1415 2794 pecuniae
1437 2711 1581 2773 illud
1612 2711 1888 2792 acquirit.
1923 2711 2006 2773 Ita
2038 2720 2091 2774 et

2174 2717 2375 2783 ταύτην
2431 2717 2526 2784 τὴν
2587 2716 2818 2792 ἄθεσμον
2874 2716 3059 2794 πρᾶξιν
3114 2717 3467 2794 ἐργαζόμενοι
3524 2716 3806 2777 καταϐιϐά-

453 2809 554 2886 qui
586 2803 764 2878 hanc,
819 2804 1112 2884 iniquam,
1163 2802 1464 2865 actionem
1511 2811 1859 2882 operantur,
1893 2801 2091 2864 detra-

2176 2813 2322 2877 ζουσι
2379 2807 2442 2861 τὸ
2503 2812 2712 2880 Πνεῦμα
2771 2807 2832 2862 τὸ
2884 2805 3056 2884 ἅγιον,
3115 2799 3214 2862 ἵσα
3265 2805 3668 2882 ἁμαρτάνοντες
3697 2821 3806 2871 τοῖς

455 2894 608 2957 hunt
636 2892 886 2974 Spiritui
917 2899 1150 2969 sancto,
1180 2891 1496 2973 aequaliter
1525 2900 1840 2972 peccantes
1870 2891 1964 2953 his
1993 2892 2091 2973 qui

2176 2895 2584 2976 βλασφημοῦσιν
2641 2897 2694 2953 ἓν
2754 2894 3074 2967 Βεελζεϐοὺλ
3133 2893 3416 2952 ἐκϐάλλειν
3477 2899 3543 2955 τὰ
3573 2896 3808 2978 δαιμόνιά

456 2983 899 3064 blasphemant.
955 2981 1224 3045 dicentes
1254 2981 1316 3043 in
1349 2980 1681 3043 Beelzebub
1715 2981 1937 3061 ejicere
1968 2981 2091 3043 dae-

2176 2986 2269 3043 τὸν
2324 2987 2548 3064 Χριστόν
2575 3001 2588 3016 ·
2625 2985 2662 3052 ἥ
2704 2987 2765 3042 τό
2810 3009 2871 3064 γε
2905 2985 3258 3064 ἀληθέστερον
3291 2988 3494 3067 εἰπεῖν,
3527 2991 3806 3058 παρεοίκα-

455 3073 658 3136 monia
715 3071 1015 3136 Christum
1064 3073 1148 3135 80.
1201 3072 1396 3152 Atque
1454 3079 1518 3132 ut
1568 3072 1767 3133 verius
1796 3070 2087 3147 dicamus,

2177 3098 2265 3132 σιν
2296 3073 2467 3148 Ἰούδᾳ
2497 3083 2572 3150 τῷ
2603 3073 2860 3154 προδότῃ,
2895 3075 2954 3138 ὃς
3008 3089 3129 3141 τοῖς
3188 3078 3496 3140 Θεοκτόνοις
3552 3076 3807 3142 Ἰουδαίοις

455 3163 1070 3252 Judaecomparantur
1101 3160 1397 3252 traditori,
1443 3165 1542 3240 qui
1586 3159 1693 3222 Dei
1723 3160 2091 3252 occisoribus

2177 3170 2342 3241 τιμῆς
2401 3165 2644 3244 ἀργυρίου
2690 3166 2779 3221 τὸν
2825 3167 3046 3242 Χριστὸν
3098 3164 3549 3240 ἆπεμπολήσατο.
3590 3158 3678 3229 Ὠς
3725 3166 3806 3223 οῦν

452 3251 676 3317 Iudaeis
707 3250 900 3333 pretio
931 3251 1163 3330 argenti
1194 3249 1499 3314 Christum
1531 3249 2090 3314 venumdedit.Cum

2175 3257 2237 3312 τὸ
2293 3253 2444 3334 ἅγιον
2516 3261 2729 3330 Πνεῦμα
2783 3255 3070 3330 ὁμοούσιόν
3125 3252 3237 3311 ἐστι
3297 3262 3512 3332 Χριστῷ
3572 3259 3645 3330 τῷ
3699 3261 3804 3328 Θεῷ

457 3360 600 3422 ergo
625 3349 867 3404 sanctus
896 3339 1157 3420 Spiritus
1188 3339 1710 3402 consubstantialis
1741 3341 1813 3400 sit
1858 3339 2091 3402 Christo

2175 3347 2354 3420 ἡμῶν,
2411 3349 2512 3411 τῆς
2574 3344 2742 3412 ανῦτῆς
2807 3345 2966 3400 παντί
3005 3350 3107 3400 ποῦ
3138 3343 3299 3410 δῆλον
3334 3344 3547 3402 ἔσονται
3579 3344 3797 3424 μερίδος,

453 3433 580 3496 Deo
639 3439 872 3512 nostro,
923 3429 1194 3512 ejusdem
1253 3429 1499 3491 omnino
1557 3438 1616 3490 et
1639 3428 1752 3510 ipsi
1802 3429 2091 3509 portionis

2175 3437 2249 3500 ὡς
2308 3433 2698 3493 ἀποδέδεικται.
2764 3435 2821 3491 Εἰ
2879 3433 2932 3489 δὲ
2991 3437 3052 3492 οὗ
3105 3435 3466 3510 πιπράσκεται
3524 3433 3801 3513 (πρόδηλον

451 3531 653 3595 erunt,
687 3521 781 3582 80
809 3532 876 3583 ut
907 3528 1214 3582 ostensum
1260 3527 1374 3582 est.
1403 3519 1468 3582 Si
1499 3537 1639 3582 vero
1671 3537 1792 3580 non
1815 3518 2091 3580 venditur

2175 3525 2275 3604 γὰρ
2333 3521 2604 3603 οῦδαμῶς)
2671 3522 3078 3602 ἀναμφιλέκτως
3138 3527 3231 3581 οὒκ
3281 3523 3424 3579 ἔστιν
3459 3525 3514 3580 ἐν
3546 3527 3721 3587 αὐτοῖς
3768 3525 3799 3591 ἡ

459 3613 875 3696 (perspicuum
906 3611 1067 3675 enim
1099 3619 1211 3687 est,
1247 3611 1405 3692 quod
1430 3610 1597 3672 nullo
1627 3611 1980 3686 modo),non
2001 3617 2091 3672 est

2175 3615 2337 3694 χάρις
2397 3620 2492 3669 τοῦ
2548 3613 2697 3689 ἆγίοο
2745 3613 3073 3686 Πνεύματος,
3135 3611 3252 3679 ἤτοι
3305 3616 3338 3681 ἦ
3391 3615 3494 3682 τῆς
3546 3614 3800 3692 ἁγιστείας

458 3702 668 3784 procul
699 3699 880 3764 dubio
911 3701 974 3762 in
1021 3701 1110 3763 eis
1162 3699 1349 3780 gratia
1379 3698 1633 3781 Spiritus
1663 3702 1849 3761 sancti
1881 3699 1942 3761 id
1973 3707 2090 3781 est,

2175 3705 2458 3782 ἱερωσύνη,
2491 3703 2578 3758 καὶ
2614 3702 2641 3757 ὃ
2691 3703 2787 3758 οὒκ
2839 3699 3026 3757 ἔλαϐον
3085 3699 3200 3759 οῦδὲ
3258 3701 3452 3781 ἔχουσι
3491 3723 3504 3737 °
3542 3707 3801 3779 μνησθὼσι

456 3791 776 3855 sacerdotii
806 3796 1113 3854 sanctitas.
1148 3788 1294 3852 Nam
1345 3791 1504 3866 quod
1551 3807 1671 3850 non
1702 3798 2088 3870 acceperunt,

2175 3801 2268 3850 τοῦ
2315 3792 2464 3870 ἁγίου
2526 3791 2723 3869 Πέτρου
2780 3792 2913 3868 πρὸς
2999 3795 3091 3846 τὸν
3159 3799 3315 3848 τοῦτο
3399 3791 3803 3860 ἐπιτηδεύσαντα

452 3901 574 3944 non
604 3880 846 3945 habent.
885 3883 1185 3944 Memores
1216 3897 1357 3959 ergo
1401 3879 1520 3940 sint
1579 3879 1772 3941 sancti
1805 3877 1988 3954 Petri,
2018 3878 2090 3940 ad

2179 3881 2316 3940 οὕτω
2373 3881 2623 3959 λέγοντος
2659 3897 2674 3913 ⁸
2738 3882 2846 3938 Οὔκ
2894 3879 3004 3936 ἔστι
3060 3902 3140 3936 σοι
3173 3883 3322 3956 μερὶς
3355 3883 3473 3941 οὐδὲ
3510 3887 3700 3960 κλῆρος
3755 3880 3803 3936 ὲν

455 3995 592 4040 eum
624 3976 722 4056 qui
755 3975 866 4038 hoc
889 3973 1165 4038 studebat
1191 3973 1269 4035 ita
1301 3971 1645 4035 dicentibus
1679 3993 1693 4034 :
1729 3971 1859 4034 Non
1878 3973 2091 4035 esttibi

2176 3979 2253 4046 τῷ
2311 3970 2458 4048 λόγῳ
2499 3971 2692 4045 τούτῳ.
2741 3971 2798 4028 Ei
2850 3971 2950 4046 γὰρ
3007 3969 3411 4045 ἂπεμπυλεϊται
3445 3974 3480 4040 ἡ
3531 3972 3620 4038 τῆς
3659 3973 3803 4048 ἱερω-

447 4082 824 4148 pars,neque
843 4082 974 4127 sors
998 4069 1063 4127 in
1083 4080 1354 4126 sermone
1371 4061 1479 4124 hoc
1490 4061 1569 4121 90.
1583 4059 1644 4123 Si
1667 4062 1828 4122 enim
1853 4081 2091 4124 venum-

2177 4063 2340 4127 σύνης
2397 4060 2534 4136 ἀξία,
2599 4059 2696 4137 ἄρα
2754 4061 2977 4138 περιττὴ
3038 4061 3164 4138 παρ’
3221 4060 3409 4124 αῦτοϊς
3461 4065 3495 4130 ἡ
3547 4063 3679 4118 κατᾶ
3723 4060 3805 4114 τὸν

450 4155 626 4216 datur
654 4152 973 4214 sacerdotii
1004 4151 1285 4230 dignitas,
1318 4168 1462 4227 ergo
1489 4150 1795 4230 superﬂua
1827 4160 1914 4211 est
1934 4149 2091 4230 apud

2177 4152 2290 4228 βίον
2323 4150 2494 4225 σεμνὴ
2551 4149 2818 4221 πολιτεία,
2874 4149 2969 4205 καί
3003 4151 3037 4217 ἡ
3070 4148 3124 4203 ἐν
3156 4149 3338 4227 ἁγνείᾳ
3370 4152 3458 4207 καί
3492 4152 3651 4226 ἀρετῇ
3681 4149 3803 4204 ἂνα-

449 4243 615 4324 ipsos
643 4241 784 4303 vitae
815 4239 1145 4321 probabilis
1177 4239 1420 4316 actio,et
1453 4241 1513 4300 in
1546 4241 1816 4302 castitate
1846 4239 2091 4319 aliisque

2181 4239 2384 4320 στροφή
2422 4259 2434 4273 ·
2472 4241 2714 4316 περιττὸς
2775 4239 2892 4295 κατ’
2940 4239 3128 4302 αὖτοὺς
3188 4240 3272 4295 καὶ
3332 4242 3541 4304 Παῦλος
3595 4243 3622 4296 ὁ
3675 4243 3804 4300 Octo;

451 4331 769 4394 virtutibus
800 4329 1200 4392 conversatio.
1237 4327 1588 4408 Superﬂuus
1631 4336 1718 4389 est
1762 4329 2091 4390 secundum

2179 4327 2480 4390 ἀπόστολος
2535 4325 2793 4384 διδάσκών
2829 4343 2842 4358 ⁶
2910 4337 3006 4383 Δεῖ
3072 4329 3164 4384 τὸν
3214 4327 3506 4385 ἐπίσκοπον
3561 4326 3803 4392 ἀνεπίλη-

450 4421 617 4502 ipsos
648 4419 827 4482 etiam
845 4418 1067 4482 Paulus
1093 4417 1331 4480 divinus
1360 4417 1664 4497 apostolus
1688 4418 2091 4498 dicens,opor-

2180 4439 2313 4475 πτον
2384 4421 2550 4496 εἶναι,
2637 4417 2906 4497 σώφρονα,
2987 4418 3234 4496 κόσμιον,
3321 4415 3642 4498 διδσιιιιτικὸν⁷
3716 4417 3802 4492 ἐγ-

453 4519 582 4574 tere
630 4509 979 4589 episcopum
1008 4507 1604 4590 irreprehensibilem
1640 4525 1786 4580 esse,
1816 4509 2091 4587 pruden-

2180 4509 2374 4586 κρατῆ,
2433 4505 2720 4587 νηφαλέον,
2803 4507 3168 4587 ἀντεχόμενον
3240 4515 3332 4563 τοῦ
3392 4510 3528 4565 κιτὰ
3583 4509 3678 4574 τὴν
3726 4503 3801 4560 δι-

453 4608 594 4676 tem,
637 4565 948 4680 ori-natum,
984 4565 1306 4672 doctorrem,
1349 4602 1775 4678 continentem,
1805 4565 2091 4678 sobrium,

2217 4565 2227 4586 t
2339 4565 2374 4586 ’ξ
2487 4565 2528 4587 ἰ
2707 4565 2720 4586 1
2934 4565 2972 4587 ιν,
3008 4565 3018 4580 ι
3638 4565 3648 4574 .

2179 4596 2357 4677 δαχήν
2443 4604 2635 4654 πιστοῦ
2719 4595 2903 4674 λόγου,
2979 4596 3072 4652 ’ίνα
3130 4595 3344 4660 δυνατὸς
3400 4602 3436 4674 ᾗ
3493 4599 3578 4654 καὶ
3635 4617 3798 4673 παρα-

451 4688 916 4771 umplectentem
948 4705 1086 4751 eum
1118 4688 1226 4768 qui
1274 4686 1605 4749 secundum
1644 4687 1978 4749 doctrinam
2010 4694 2091 4749 est

2181 4686 2368 4744 καλεῖν
2453 4685 2506 4742 ἓν
2591 4687 2659 4754 τῖι
2745 4686 3054 4763 ὑγιαινούσῃ
3142 4684 3473 4761 διδασκαλίᾳ,
3535 4687 3620 4743 καὶ
3687 4683 3796 4744 τοὺς

450 4780 695 4862 ﬁdelem
721 4796 1078 4853 sermonem,
1113 4784 1180 4840 ut
1202 4784 1412 4858 potens
1440 4777 1519 4839 sit
1553 4777 1879 4840 exhortari
1907 4777 1971 4838 in.
2000 4776 2091 4838 do-

2179 4775 2554 4855 ἀντιλέγοντας
2611 4775 2883 4856 ἐλέγχειν.
2919 4773 3151 4855 Οῗχεται
3201 4778 3371 4832 τοίνυν
3428 4784 3589 4834 ταῦτα
3641 4775 3796 4830 πάντα

450 4870 655 4934 ctrina
687 4887 870 4945 sana,
912 4875 967 4930 et
1009 4884 1111 4931 eos
1138 4867 1243 4946 qui
1271 4866 1700 4930 contradicunt
1729 4883 1986 4946 arguere
2010 4865 2091 4926 9t.

2179 4866 2240 4924 ἐκ
2293 4876 2386 4924 τοῦ
2446 4865 2645 4943 πράτου
2705 4866 2791 4922 καὶ
2842 4866 3140 4943 ἀγοραστοῦ
3199 4871 3296 4933 τῆς
3381 4870 3682 4943 ἱερωσύνης.
3743 4864 3796 4918 Αἱ

453 4960 846 5023 Proferentur
897 4959 1302 5037 [evanescunt]
1365 4955 1549 5033 igitur
1596 4957 1722 5017 haec
1776 4956 1976 5017 omnia
2023 4955 2091 5016 de

2180 4959 2268 5011 οὖν
2326 4957 2672 5030 ὑποκείμεναι
2703 4954 3012 5033 ἀγιόλεκτοι
3046 4957 3297 5035 χρήσεις,
3333 4955 3604 5032 ἀλλότριον
3636 4954 3794 5016 πάντη

453 5049 769 5114 venditare
798 5067 867 5111 ac
891 5059 1166 5130 emptore
1201 5045 1481 5108 beneﬁcii
1507 5044 2098 5125 [sacerdotii].Porro

452 5137 726 5218 subjecta
772 5145 1115 5200 sanctorum
1173 5134 1515 5198 testimonia
1559 5134 1816 5196 alienum
1852 5133 2099 5196 omnino

453 5245 488 5290 a
532 5227 870 5290 sacerdotio
935 5226 1329 5308 pronuntiant
1377 5243 1515 5287 eum
1565 5223 1667 5306 qui
1723 5222 1960 5284 dederit
1988 5223 2098 5284 ali-

455 5317 692 5401 quando
725 5317 818 5380 vel
841 5316 1143 5398 acceperit
1168 5315 1229 5377 in
1261 5314 1462 5397 aliquo
1487 5313 1920 5395 tempore,sive
1940 5313 2100 5376 scili-

2179 5050 2278 5113 τῆς
2334 5046 2624 5122 ἱερωσύνης
2684 5045 3065 5123 ἀποφαίνονται
3097 5047 3186 5101 τὸν
3241 5067 3367 5104 ποτε
3406 5044 3559 5101 δόντι
3615 5048 3647 5113 ἡ
3702 5041 3794 5095 λα-

2180 5133 2342 5192 ϐόντα
2399 5134 2454 5190 ἐν
2509 5133 2801 5209 οίῳδήποτε
2863 5134 3062 5214 χρόνῳ.
3127 5133 3296 5190 Ἀλλὰ
3353 5136 3440 5190 καὶ
3499 5134 3667 5195 πάσας
3711 5129 3795 5188 τὰς

2180 5222 2446 5303 προϐολὰς
2481 5225 2578 5287 τὰς
2609 5222 3058 5291 ἐκ·ιλησιαστιγὰς
3091 5223 3398 5303 ἀφαιροῦσιν
3449 5223 3531 5280 ἐπὶ
3587 5227 3652 5298 τῇ
3705 5222 3800 5274 τῶν

2181 5315 2480 5394 χρημάτών
2513 5313 2676 5372 δόσει.

456 5399 552 5471 cet
582 5415 721 5469 ante
749 5424 960 5469 manus
991 5405 1461 5488 impositionem,
1495 5406 1619 5467 sive
1650 5404 1710 5465 in
1767 5421 1977 5467 manus
2006 5403 2411 5486 impositione,
2445 5403 2568 5466 sive
2607 5409 2739 5484 post
2769 5420 2980 5463 manus
3011 5400 3478 5482 impositionem.
3531 5399 3800 5477 Accipere

458 5505 549 5560 est
581 5495 742 5560 enim
776 5495 1053 5578 accipere
1082 5493 1584 5577 quandocunque.
1632 5493 1749 5558 Sed
1784 5505 1844 5555 et
1876 5511 2088 5557 omnes
2120 5494 2524 5577 promotiones
2575 5491 3007 5555 ecclesiasticas
3037 5491 3316 5554 auferunt
3359 5493 3418 5553 in
3452 5489 3682 5554 datione
3711 5501 3798 5565 pe-

453 5586 788 5651 cuniarum.

531 5721 596 5775 88
625 5721 770 5801 Reg.
805 5735 869 5801 ιι,
903 5718 1000 5785 30.
1085 5719 1150 5772 89
1178 5719 1324 5786 Luc.
1357 5735 1423 5793 ιι,
1457 5716 1556 5783 13.
1641 5716 1706 5769 90
1739 5718 1865 5781 Act.
1900 5731 2026 5794 VIII,
2061 5719 2091 5780 9

2246 5718 2302 5773 9l
2336 5720 2359 5783 l
2391 5717 2547 5782 Tim.
2580 5715 2736 5800 111,2
2775 5735 2791 5795 ;
2824 5715 2942 5778 Tit.
2979 5734 3024 5780 ι.
