4108 6222
253 385 377 453 533

502 521 687 581 Κανὼν
728 527 833 579 τῶν
874 518 1051 598 ’ἁγίων
1094 516 1433 596 ιῖιποστολων³
1464 502 1571 574 κθ’.

339 610 443 672 κθ’.
480 612 547 669 Εἴ
576 634 664 668 τισ
693 610 983 674 ἐπίσκοπος
1014 606 1099 667 διὰ
1128 606 1453 688 χρημάτων,
1486 627 1541 663 κ.
1575 626 1627 662 τ.
1662 602 1715 661 λ.

417 701 512 761 Ἐκ
538 708 646 759 τῶν
684 701 928 781 Πράξεων
972 705 1077 756 τῶν
1112 699 1277 778 ἁγίων
1317 694 1652 757 ἀποστόλων,

340 790 486 863 ἰδὼν
529 789 583 849 δὲ
616 794 644 849 ὁ
692 792 871 866 Σίμων
923 789 1003 847 ὅτι
1038 788 1123 846 διὰ
1148 792 1246 854 τῆς
1291 785 1575 849 ἐπιθέσεως
1617 782 1725 840 τῶν
1768 806 1897 865 χει-

246 889 360 960 ρῶν
420 888 528 938 τῶν
590 879 904 938 ἀποστόλων
958 877 1155 937 δίδοται
1212 878 1274 933 τὸ
1342 878 1553 951 Πνεῦμα
1600 876 1660 931 τὸ
1717 876 1893 953 ἅγιον,

246 974 620 1050 προσήνεγκεν
669 972 853 1033 αὐτοῖς
885 971 1146 1050 χρήματα
1202 966 1402 1046 λέγων,
1437 967 1567 1024 Δότε
1612 965 1772 1039 κάμοὶ
1800 966 1895 1033 τὴν

245 1062 490 1127 ἐξουσίαν
529 1061 746 1130 ταύτην
778 1060 872 1116 ’ίνα
903 1060 948 1134 ᾧ
977 1057 1040 1115 ἂν
1091 1057 1252 1114 ἐπιθῶ
1285 1057 1378 1120 τὰς
1410 1068 1604 1136 χεῖρας
1646 1052 1895 1131 λαμϐάνῃ

248 1155 471 1227 Πνεῦμα
527 1150 700 1230 ἅγιον.
752 1147 945 1227 Πέτρος
1004 1148 1057 1204 δὲ
1101 1153 1224 1206 εἷπε
1274 1147 1407 1225 πρὸς
1452 1146 1632 1218 αὐτὸν,
1666 1145 1737 1230 Τὸ
1795 1144 1894 1221 ἂρ·-

244 1239 434 1315 γύριόν
486 1229 582 1295 σου
624 1240 713 1293 συν
760 1238 843 1292 σοὶ
874 1234 967 1303 εἴη
1008 1238 1079 1299 εἰς
1115 1234 1386 1292 ἀπώλειαν
1439 1232 1520 1290 ὅτι
1551 1233 1649 1300 τὴν
1693 1229 1891 1309 δωρεάν

240 1333 342 1383 106
389 1328 523 1383 Θεοῦ
566 1327 817 1400 ἐνόμισας
874 1324 958 1381 διὰ
1004 1326 1305 1405 χρημάτων
1349 1323 1595 1401 κτᾶσθαι,
1628 1323 1722 1379 οὒκ
1776 1320 1889 1377 ἔστι

242 1438 331 1473 σοι
366 1417 517 1494 μερὶς
550 1415 666 1472 οὖδὲ
696 1419 895 1496 κλῆρος
926 1415 980 1472 ἐν
1013 1421 1088 1489 τῷ
1117 1415 1261 1492 λόγῳ
1286 1414 1477 1487 τούτιῖν
1512 1416 1546 1482 ἡ
1577 1413 1675 1491 γὰρ
1706 1409 1889 1490 καρδία

240 1528 342 1562 σου
396 1504 494 1563 οὒκ
523 1504 664 1562 ἔστιν
717 1505 895 1562 εὔθετα
927 1503 1158 1561 ἒνώωιον
1217 1511 1307 1561 τοῦ
1339 1510 1491 1564 Θεοῦ.
1546 1502 1887 1568 Μετανόησον

243 1595 338 1651 οὖν
371 1594 481 1651 ἀπὸ
530 1598 631 1664 τῆς
661 1595 849 1658 κακίας
903 1595 1122 1665 ταύτης,
1155 1593 1242 1649 καὶ
1282 1591 1500 1662 δεήθητι
1541 1598 1633 1649 τοῦ
1663 1596 1815 1663 Θεοῦ,
1850 1589 1893 1645 εἰ

241 1682 346 1763 ἄρα
377 1684 699 1765 ἀφεθήσεταί
757 1706 839 1742 σοι
870 1686 903 1756 ᾗ
945 1684 1149 1741 ἐπίνοια
1175 1682 1269 1750 τῆς
1302 1681 1512 1761 καρδίας
1543 1703 1656 1756 σου,
1690 1682 1761 1744 εἷς
1794 1680 1893 1760 γὰρ

241 1774 431 1855 χολὴν
461 1777 673 1856 πικρίας
701 1777 785 1832 καί
815 1773 1107 1851 σύνδεσμον
1151 1771 1353 1837 ἀδικίας
1385 1776 1491 1852 ὁρῶ
1519 1794 1577 1829 σε
1622 1772 1769 1835 ὄντα,

608 1953 703 2012 Ἐκ
739 1959 836 2022 τῆς
867 1953 1046 2032 τρίτης
1092 1956 1199 2008 τῶν
1226 1949 1532 2029 βασιλειῶν.

330 2045 433 2104 Καὶ
505 2046 601 2102 οὐκ
673 2043 998 2122 ἐμέστρεψεν
1061 2040 1338 2121 Ἰεροϐοὰμ
1396 2045 1501 2099 ἀπὸ
1556 2047 1655 2110 τῆς
1698 2041 1888 2106 κακίας

240 2137 429 2192 αὖτοῦδ
490 2136 579 2191 καὶ
635 2135 925 2213 ἒπέστρεψε
981 2135 1072 2190 καὶ
1131 2133 1381 2204 ἐποίησεν
1435 2132 1493 2188 ἐκ
1550 2132 1739 2210 μέρους
1794 2138 1888 2189 τοῦ

245 2222 384 2283 λαοῦ
412 2226 575 2302 ἱερεῖς
626 2222 872 2300 ὑψηλῶν
905 2224 932 2281 ὁ
963 2222 1283 2300 βουλόμενος
1329 2221 1562 2301 ἐπλήρου
1594 2225 1691 2290 τὴν
1720 2236 1887 2301 χεῖρα

240 2317 433 2394 αὐτοῦ,
480 2315 568 2371 καὶ
616 2314 827 2392 ἐγένετο
870 2314 1036 2392 ἱερεὺς
1067 2315 1139 2376 εἷς
1182 2314 1248 2369 τὰ
1289 2313 1494 2389 ὑψηλὰ,
1526 2313 1621 2368 καῖ
1678 2312 1888 2391 ἐγένετο

243 2404 399 2481 ῥῆμα
463 2410 620 2461 τοῦτο
670 2405 744 2467 εἷς
801 2403 1063 2484 ἁμαρτίαν
1119 2410 1193 2478 τῷ
1248 2402 1387 2476 οἴκῳ
1444 2396 1740 2480 Ἰεροϐοὰμ,
1799 2404 1887 2459 καὶ

244 2495 325 2558 εἷς
383 2492 616 2572 ὄλεθρον,
662 2495 751 2551 καὶ
808 2496 882 2558 είς
935 2495 1233 2573 ἀφανισμὸν
1287 2493 1399 2550 ἀωὸ
1444 2492 1733 2574 προσώπου
1786 2497 1885 2561 τῆς

243 2588 378 2663 γῆς.

570 2672 665 2732 Ἐκ
691 2680 790 2742 τῆς
820 2674 1076 2753 τετάρτης
1104 2678 1212 2734 τῶν
1242 2670 1557 2736 Βασιλειῶν,

332 2764 431 2821 Καὶ
484 2763 774 2843 ἐπέστρεψε
819 2765 1027 2840 Νεεμᾶν
1069 2766 1201 2843 πρὸς
1251 2760 1544 2836 Ἐλισσαιὲ,
1592 2763 1749 2828 αὐτὸς
1797 2765 1886 2822 καὶ

242 2860 391 2911 πᾶσα
443 2855 474 2923 ἦ
508 2851 826 2931 παρεμϐολὴ
868 2853 1053 2933 αὐτοῦ,
1084 2856 1174 2911 καὶ
1203 2852 1335 2920 ἦλθε
1382 2855 1468 2910 καὶ
1499 2852 1695 2921 ἕστηκε
1743 2853 1882 2910 ἑνώ-

241 2967 364 3002 πιον
414 2946 599 3018 αὺτοῦ,
633 2946 720 3001 καὶ
751 2945 931 3001 εἶπεν·
981 2942 1114 3001 Ἰδοὺ
1144 2941 1209 3011 δὴ
1260 2942 1468 3021 ἔγνωκα
1514 2943 1595 3000 ὅτι
1628 2943 1725 3002 οὒκ
1771 2943 1884 3001 ἔστι

241 3038 376 3101 Θεὸς
431 3037 485 3093 ἐν
517 3037 665 3111 πάσῃ
714 3043 784 3113 τῇ
814 3042 907 3115 γῇ,
941 3035 1063 3093 ἀλλ’
1106 3035 1142 3103 ἢ
1172 3035 1226 3091 ὲν
1271 3039 1350 3107 τῷ
1380 3034 1616 3111 Ἰσραήλ,
1667 3038 1764 3095 Καὶ
1796 3046 1884 3096 νύν

238 3123 373 3182 λάϐε
422 3126 520 3193 τὴν
577 3124 822 3203 εὐλογίαν
872 3126 1016 3202 παρὰ
1071 3124 1158 3181 106
1188 3122 1376 3181 δούλου
1419 3147 1533 3183 σου.
1591 3127 1688 3184 Καὶ
1730 3130 1884 3182 εἶπεν

239 3214 540 3272 Ἐλισσαιε·
587 3219 663 3292 Ζῇ
710 3216 896 3289 Κύριος
938 3219 983 3289 ᾧ
1030 3215 1295 3289 παρέστην
1337 3213 1565 3271 ἐνώπιον
1623 3219 1803 3290 αὐτοῦ,
1840 3217 1884 3271 εὶ

236 3302 514 3379 λήψομαιο
576 3287 671 3361 καί
729 3287 1294 3380 παρεϐιάσατογαύτὸν
1343 3300 1556 3382 λαϐεῖν,
1587 3305 1677 3360 καὶ
1729 3287 1949 3372 ἢπεί-(Ξ

234 3397 396 3469 Once,
449 3394 542 3451 Καί
602 3392 722 3469 μετ’
781 3392 955 3472 ὀλίγα⁹
1006 3395 1104 3451 Καὶ
1161 3394 1288 3450 εἷπε
1321 3399 1359 3449 Γ
1366 3395 1460 3464 ιεζὶ
1511 3394 1573 3449 τὸ
1614 3391 1889 3468 παιδάριον

238 3483 538 3541 Ἐλισσαιεῦ
602 3482 738 3540 Ἰδοὺ
791 3482 1038 3563 ἐφείσατο
1093 3485 1121 3540 ὁ
1165 3482 1341 3556 κύριός
1395 3503 1497 3553 μου
1528 3490 1621 3540 τοῦ
1678 3485 1887 3560 Νεεμάν

235 3579 333 3630 τοῦ
364 3573 533 3650 Σύρου
560 3574 654 3629 106
683 3570 872 3629 λαϐεῖν
908 3574 970 3629 ἐκ
1012 3574 1197 3652 χειρὸς
1228 3571 1387 3630 αὐτοῦ
1417 3574 1491 3627 ὧν
1520 3571 1773 3653 ἑνήνοιε.
1809 3581 1883 3651 Ζῇ

239 3663 456 3739 Κύρίος,
490 3663 535 3718 εἷ
587 3662 665 3736 μὴ
724 3659 1022 3740 δραμοῦμαι
1073 3663 1244 3718 ὀπίσω
1290 3661 1473 3741 αὖτοῦ,
1505 3662 1594 3719 καὶ
1635 3664 1881 3739 λήψομαι

352 3749 366 3771 ν
454 3753 469 3771 ν
528 3754 568 3772 ι-
683 3767 696 3781 ,
815 3753 828 3770 ς
895 3749 936 3770 ν
986 3751 1006 3771 r
1199 3752 1213 3772 ι
1283 3753 1295 3769 ο
1865 3755 1880 3773 ι

233 3774 348 3827 παρ
412 3773 572 3809 αυτου
623 3774 674 3808 τι
744 3773 831 3808 και
862 3751 1036 3817 ἒοιωςε
1082 3757 1238 3824 Γιεζι,
1277 3752 1447 3808 οπίσω
1504 3753 1733 3829 Νεεμάν.
1786 3763 1883 3811 Και

235 3842 376 3915 μετὰ
425 3841 658 3920 βραχέα.
709 3843 805 3899 Καὶ
850 3842 976 3898 εἶπε
1038 3841 1269 3921 Νεεμὰν,
1321 3838 1460 3898 Λάϐε
1519 3840 1584 3910 δὴ
1626 3842 1884 3899 τάλαντον

234 3930 507 4011 ἀργυρίου(
564 3933 652 3987 καὶ
710 3928 862 3987 ἔλαϐε
921 3930 1010 3988 δύο
1075 3928 1311 3996 τάλαντα
1366 3931 1611 4010 ἀργυρίου
1679 3934 1735 3989 ἐν
1776 3931 1889 3992 δυσὶ

231 4019 514 4098 θυλάκοις,
574 4022 663 4077 καὶ
724 4019 814 4077 δύο
884 4019 1253 4096 ἁλλασομένας
1312 4019 1530 4084 στολάς.
1595 4023 1698 4080 Καὶ
1765 4018 1888 4097 μετ’

230 4109 415 4186 ἕτερα’
480 4112 577 4169 Καὶ
608 4110 735 4167 εἶπε
765 4113 897 4188 πρὸς
931 4109 1088 4166 αὐτὸν
1143 4108 1434 4168 Ἐλισσαιέ’
1472 4111 1657 4181 Πόθέν,
1694 4113 1831 4184 Γιεζί
1860 4130 1877 4189 ;

233 4204 332 4262 καί
357 4207 482 4262 εἶπε
541 4206 701 4283 Γιεζὶ,
735 4209 808 4264 06
837 4206 1156 4283 πεπόρευται
1216 4203 1453 4269 ὂδοῦλός
1498 4228 1592 4266 σου
1635 4205 1756 4263 ἔνθα
1795 4210 1881 4265 καὶ

229 4295 382 4352 ἔνθα·
416 4296 507 4351 καὶ
560 4294 690 4351 εἶπε
732 4296 867 4372 πρὸς
898 4297 1053 4354 αὐτὸν
1101 4293 1396 4352 Ἐλισσαιέ·
1445 4298 1580 4376 Οὐχὶ
1609 4298 1644 4364 ἡ
1695 4296 1879 4373 καρδία

236 4408 347 4458 μου
394 4384 650 4463 ἰπορεύθη
683 4385 818 4458 μετὰ
864 4394 1009 4459 σοῦς
1049 4386 1138 4442 καὶ
1189 4383 1310 4441 οἶδα
1364 4383 1451 4441 ὅτε
1482 4384 1805 4463 ἐπέστρεψεν
1852 4389 1881 4443 ὁ

234 4475 374 4552 ἀνὴρ
431 4475 537 4531 ἀπὸ
585 4477 679 4531 τοῦ
719 4475 956 4553 ἅρματος
1007 4476 1080 4537 εἷς
1129 4475 1449 4541 συνάντησίν
1506 4490 1624 4555 σου,
1654 4477 1743 4534 καὶ
1794 4483 1881 4533 νῦν

234 4561 426 4627 ἔλαϐες
482 4566 545 4621 τὸ
598 4565 866 4641 ἀργύριον,
914 4565 1003 4620 καὶ
1061 4570 1148 4620 νῦν
1210 4560 1395 4627 ἔλαϐες
1441 4564 1507 4620 τὰ
1543 4564 1754 4639 ἱμάτια,
1790 4566 1880 4622 καὶ

1063 384 1481 448 SYNTAGMA
1516 377 1921 445 ‘CANONUM.
1967 408 2033 423 -
2076 374 2234 441 TIT.
2282 375 2332 457 Ι,
2380 372 2542 439 CAP.
2591 372 2816 439 xxrv.

3498 371 3613 439 534

2212 506 2424 568 Canon
2453 511 2800 567 sanctorum
2826 506 3235 585 apostolorum
3266 502 3369 570 29.

2062 598 2382 681 99.Siquis
2402 598 2721 678 episcopus
2749 599 3285 679 pecuniis,etc.,ul
3309 603 3610 685 1109.515.

2180 694 2268 757 De
2308 691 2563 755 Actibus
2590 698 2934 755 sanctorum
2975 697 3414 769 apostolorum.

1988 780 2008 805 ί
2061 786 2206 848 Cum
2240 786 2486 846 vidisset
2518 795 2713 846 autem
2741 785 3129 868 Simon,'quia
3152 788 3615 870 perimpositio-

1979 891 2114 937 nem
2144 894 2353 937 manus
2383 875 2784 956 apostolorum
2816 876 3059 938 daretur
3079 876 3334 959 Spiritus
3349 888 3612 955 sanctus,

1981 963 2195 1025 obtulit
2224 971 2313 1025 eis
2350 962 2689 1044 pecuniam,
2727 964 2977 1028 dicens:
3024 965 3168 1028 Date
3202 976 3257 1029 et
3285 967 3431 1029 mihi
3462 968 3615 1030 hanc

1979 1060 2353 1134 potestatem,
2382 1061 2445 1114 ut
2476 1052 2813 1134 cuicunque
2832 1053 3171 1135 imposuero
3201 1076 3427 1128 manus,
3453 1057 3620 1119 acci-

1979 1142 2101 1222 piat
2147 1143 2434 1224 Spiritum
2487 1151 2778 1206 sanctum.
2835 1146 3047 1207 Petrus
3095 1154 3293 1208 autem
3349 1146 3498 1209 dixit
3540 1147 3614 1209 ad
3672 1196 3677 1205 .

1977 1248 2147 1293 eum:
2181 1232 2445 1294 Pecunia
2470 1242 2570 1292 tua
2601 1240 2794 1293 tecum
2825 1232 2901 1294 sit
2927 1234 2985 1294 in
3023 1234 3455 1315 perditionem:
3481 1237 3619 1318 quia

1974 1318 2197 1382 donum
2228 1319 2336 1381 Dei
2364 1320 2717 1382 existimasti
2751 1323 3006 1403 pecunia
3038 1324 3349 1404 possideri,
3379 1343 3497 1387 non
3531 1335 3621 1387 est

1976 1409 2082 1471 tibi
2126 1428 2287 1491 pars,
2323 1429 2518 1492 neque
2548 1429 2679 1473 sors
2711 1411 2773 1473 in
2806 1430 3088 1475 sermone
3117 1412 3228 1476 isto
3255 1434 3270 1475 :
3325 1434 3428 1477 cor
3459 1414 3615 1477 enim

1976 1505 2141 1560 tuum
2200 1519 2318 1561 non
2354 1509 2442 1561 est
2491 1510 2719 1564 rectum
2754 1520 2952 1564 coram
3002 1505 3149 1566 Deo.
3201 1504 3618 1568 Paenitentiam

1978 1587 2179 1669 itaque
2210 1607 2317 1669 age
2346 1589 2421 1650 ab
2469 1590 2578 1652 hac
2611 1590 2874 1671 nequitia
2919 1600 3037 1668 tua,
3073 1600 3133 1655 et
3156 1611 3296 1671 roga
3324 1592 3537 1671 Deum,
3569 1593 3619 1655 si

1975 1676 2128 1740 forte
2160 1680 2501 1740 remittatur
2550 1678 2653 1742 tibi
2687 1681 2814 1742 haec
2862 1681 3136 1760 cogitatio
3167 1682 3363 1745 cordis
3413 1682 3518 1745 tui.
3553 1682 3620 1744 In

1974 1766 2113 1830 felle
2145 1767 2305 1829 enim
2339 1769 2758 1833 amarltudinis
2788 1779 2846 1833 et
2876 1769 3239 1852 obligatione
3289 1771 3619 1855 iniquitatis

1973 1856 2146 1919 video
2178 1865 2235 1919 te
2265 1877 2397 1920 esse
2426 1859 2510 1922 93.

2332 1954 2439 2015 Ex
2470 1953 2634 2017 libro
2668 1955 2849 2016 tertio
2879 1953 3257 2036 Regnorum.

2050 2040 2179 2133 Non
2208 2051 2297 2106 est
2325 2062 2602 2106 reversus
2631 2046 2944 2108 Jeroboam
2982 2047 3056 2108 de
3081 2045 3176 2108 via
3199 2064 3306 2109 sua
3336 2050 3616 2133 pessima,

1969 2130 2074 2193 sed
2108 2151 2141 2193 e
2173 2134 2474 2195 contrario
2506 2135 2642 2195 fecit
2677 2135 2752 2195 de
2808 2134 3150 2197 novissimis
3183 2135 3382 2215 papuli
3414 2130 3620 2198 sacer;

1970 2220 2141 2282 dotes
2185 2221 2585 2286 excelsorum.
2635 2222 2993 2305 Quicunque
3035 2222 3300 2297 volebat,
3331 2223 3623 2304 implebat

1973 2326 2213 2370 manum
2253 2328 2416 2371 suam
2452 2320 2510 2373 et
2564 2311 2741 2373 ﬁebat
2784 2312 3069 2374 sacerdos
3126 2311 3526 2386 excelsorum,
3562 2321 3623 2376 et

1971 2407 2217 2480 propter
2250 2400 2402 2462 hanc
2432 2420 2669 2464 causam
2728 2402 3001 2483 peccavit
3029 2402 3244 2464 domus
3276 2400 3619 2482 Jeroboam,

1971 2496 2029 2550 et
2063 2506 2266 2550 eversa
2297 2501 2403 2567 est,
2442 2498 2501 2553 et
2533 2491 2731 2553 deleta
2755 2492 3011 2573 desuper
3041 2491 3191 2555 facie
3222 2499 3397 2554 terrae
3423 2492 3509 2558 93.

2327 2673 2429 2736 Ea:
2460 2673 2612 2736 libro
2641 2681 2868 2753 quarto
2898 2675 3277 2757 Regnorum.

2048 2764 2470 2845 Reversusque
2512 2770 2778 2833 Naaman
2811 2768 2885 2830 ad
2935 2771 3130 2831 virum
3166 2768 3271 2833 Dei
3301 2786 3437 2832 cum
3488 2771 3627 2831 uni-

1966 2871 2145 2918 verso
2198 2856 2483 2920 comitatu
2511 2876 2641 2932 suo,
2678 2858 2841 2919 venit
2892 2866 2950 2920 et
2980 2858 3150 2921 stetit
3194 2878 3392 2921 coram
3444 2856 3539 2935 eo,
3572 2868 3632 2920 et

1968 2945 2049 3008 ait
2077 2962 2090 3008 :
2118 2944 2273 3009 Vere
2301 2946 2425 3008 scio
2458 2948 2615 3027 quod
2643 2965 2759 3008 non
2784 2947 2861 3009 sit
2891 2947 3049 3009 Deus
3075 2947 3228 3010 alius
3248 2946 3309 3010 in
3342 2947 3621 3011 universa

1970 3043 2153 3107 terra,
2181 3034 2297 3097 nisi
2320 3043 2547 3098 tantum
2575 3033 2636 3097 in
2662 3036 2869 3098 Israel.
2901 3034 3164 3100 Obsecro
3194 3037 3395 3114 itaque
3417 3045 3483 3099 ut
3512 3054 3618 3098 ac-

1968 3124 2157 3204 cipias
2181 3124 2668 3187 benedictionem
2703 3145 2735 3186 a
2761 3145 2934 3189 servo
2968 3135 3090 3191 tuo.
3123 3127 3198 3189 At
3228 3127 3326 3189 ille
3356 3145 3614 3206 respou-

1971 3213 2079 3276 dit:
2106 3215 2260 3275 Vivit
2280 3214 2591 3290 Dominus,
2625 3225 2763 3277 aute
2786 3235 2963 3296 quem
2991 3225 3106 3291 sto,
3128 3215 3269 3297 quia
3302 3235 3421 3278 non
3456 3214 3613 3279 acci-

1976 3301 2158 3382 piam.
2195 3306 2463 3384 Cumque
2509 3309 2623 3365 vim
2659 3304 2902 3380 faceret,
2939 3307 3174 3386 penitus
3204 3325 3321 3368 non
3366 3305 3612 3386 acquie-

1971 3392 2051 3453 vit
2079 3392 2164 3456 94.
2219 3392 2304 3454 Et
2330 3400 2469 3472 post
2495 3411 2735 3474 pauca:
2788 3393 3066 3475 Dixitque
3115 3394 3272 3458 Giezi
3308 3412 3460 3476 puer
3505 3394 3614 3455 viri

1969 3479 2077 3542 Dei
2109 3499 2123 3544 :
2180 3482 2455 3561 Pepercit
2489 3482 2769 3544 dominus
2802 3500 2969 3544 meus
3018 3481 3280 3545 Naaman
3315 3485 3460 3564 Syro
3489 3481 3610 3555 isti,

1968 3577 2039 3634 ut
2070 3576 2204 3645 fnon
2241 3571 2540 3650 acciperet
2571 3570 2642 3631 ab
2676 3588 2746 3631 eo
2778 3590 2910 3652 qua;
2956 3572 3169 3632 attulit.
3205 3571 3360 3633 Vivit
3405 3569 3613 3634 Domi-

1968 3678 2103 3733 nus,
2139 3658 2276 3739 quia
2300 3676 2532 3720 curram
2566 3668 2698 3739 post
2720 3677 2879 3735 eum,
2914 3668 2975 3722 et
2999 3661 3288 3740 accipiam
3322 3658 3393 3722 ab
3416 3678 3487 3720 eo
3506 3657 3613 3719 ali-

1967 3747 2215 3828 quid.Et
2244 3758 2487 3810 secutus
2517 3754 2607 3811 est
2639 3747 2797 3811 Giezi
2820 3757 2957 3827 post
2989 3758 3215 3828 tergum
3243 3747 3503 3811 Naaman
3522 3747 3607 3812 93.

1967 3838 2048 3900 Et
2076 3844 2209 3919 post
2242 3855 2488 3917 pauca:
2539 3837 2615 3898 Et
2646 3837 2791 3899 dixit
2819 3839 3085 3901 Naamau
3115 3860 3129 3899 :
3166 3837 3388 3918 Accipe
3420 3836 3610 3899 talen-

1973 3935 2096 3988 tum
2129 3927 2360 4007 argenti
2396 3950 2411 4004 ;
2467 3937 2522 3988 et
2558 3927 2750 4006 c0egit
2798 3944 2960 4007 eum,
2994 3927 3313 4006 ligavitque
3360 3926 3478 3987 duo
3524 3935 3612 3986 ta-

1970 4016 2132 4078 lenta
2164 4017 2394 4093 argenti
2428 4015 2487 4077 in
2521 4015 2755 4077 duobus
2786 4015 2999 4089 saccis,
3034 4025 3092 4077 et
3137 4015 3399 4095 duplicia
3429 4016 3611 4075 Vesti-

1970 4112 2174 4168 men’ta
2201 4106 2284 4166 96.
2320 4107 2399 4170 Et
2430 4115 2566 4187 post
2594 4108 2721 4169 alia
2753 4128 2773 4168 :
2819 4105 2887 4167 Et
2919 4106 3069 4168 dixit
3097 4104 3355 4167 Elisaaus
3387 4122 3401 4167 :
3437 4105 3611 4168 Unde

1966 4196 2127 4259 venit
2157 4195 2317 4260 Giezi
2350 4194 2375 4258 ἲ
2405 4196 2519 4269 Qui
2553 4195 2863 4277 respondit
2891 4216 2904 4255 :
2953 4193 3079 4257 Non
3112 4194 3212 4256 ivit
3238 4210 3443 4256 servus
3473 4201 3611 4257 tuus

1964 4286 2410 4367 quoquam.‘At
2442 4285 2540 4348 ille
2570 4287 2649 4347 ait
2684 4304 2697 4349 :
2731 4288 2942 4347 Nonne
2994 4301 3099 4346 cor
3129 4301 3326 4346 meum
3360 4284 3417 4344 in
3452 4302 3609 4365 pm-

1963 4376 2119 4438 senti
2168 4386 2313 4449 erat,
2350 4375 2593 4452 quando
2642 4393 2915 4437 reversus
2961 4382 3052 4435 est
3098 4374 3275 4435 homo
3307 4372 3383 4435 de
3430 4390 3611 4435 curru

1964 4483 2071 4527 suo
2103 4464 2162 4525 in
2196 4482 2511 4527 occursum
2539 4464 2620 4525 tui
2644 4463 2856 4527 ?Nunc
2879 4464 3059 4541 igitur
3078 4462 3363 4544 accepisti
3385 4462 3478 4522 82
3508 4480 3610 4524 ar-

1963 4564 2233 4633 gentum,
2267 4562 2326 4615 et
2374 4553 2664 4635 accepisti
2695 4563 2885 4616 vestes
2922 4575 2936 4615 :
2972 4562 3034 4614 ut
3088 4571 3251 4614 emas
3278 4551 3514 4627 oliveta,
3552 4559 3613 4614 et

234 4654 392 4728 λήψῃ
424 4655 478 4709 ἐν
524 4640 712 4717 αὐτοῖς
734 4640 971 4726 κήπους,
1016 4656 1112 4710 καί
1143 4652 1393 4727 ἐλαιῶνα,
1430 4654 1517 4709 καὶ
1555 4651 1870 4727 ἀμπελῶνα,

1978 4644 2181 4717 rimas,
2216 4650 2274 4704 et
2302 4661 2463 4716 oves,
2499 4652 2557 4704 et
2586 4642 2791 4724 boves,
2817 4652 2874 4705 et
2917 4659 3146 4716 servos,
3181 4649 3240 4702 et
3300 4640 3554 4728 ancillas
3589 4661 3602 4698 :

235 4736 330 4790 καὶ
372 4731 637 4811 πρόϐατα,
671 4736 757 4791 καὶ
786 4734 941 4810 βόας,
974 4736 1060 4790 καὶ
1089 4732 1309 4813 παῖδας,
1337 4735 1423 4790 καὶ
1452 4731 1756 4807 παιδίσκας,
1793 4736 1880 4791 καὶ

237 4826 267 4892 ἡ
319 4822 488 4902 λέπρα
520 4824 727 4899 Νεεμὰν
759 4822 1153 4893 κολληθήσεται
1183 4824 1238 4879 έν
1264 4844 1354 4879 σοι
1385 4821 1481 4879 καί
1513 4823 1568 4879 ἐν
1596 4830 1673 4896 τῷ
1714 4822 1878 4899 σπέρ-

234 4913 365 4986 ματί
408 4935 502 4970 σου
548 4914 618 4979 εἷς
658 4914 750 4970 τὸν
807 4913 1006 4979 αίῶηα,
1043 4913 1139 4970 Καὶ
1190 4910 1402 4985 ἒξῆλθεν
1431 4912 1491 4969 ἐκ
1536 4914 1629 4968 106
1660 4913 1878 4991 προσώ-

231 5024 336 5060 που
365 5002 524 5062 016106
556 5000 962 5078 λελεπρωμενος
990 5003 1114 5059 ὡσεὶ
1142 5002 1304 5082 χιών.

395 5101 497 5152 T06
530 5093 682 5171 ἁγίου
711 5091 990 5151 Βασιλείου
1020 5092 1080 5149 ἐκ
1126 5081 1224 5158 τῆς
1256 5093 1330 5156 εἷς
1362 5091 1452 5149 τὸν
1485 5081 1712 5149 Ἠσαταν

902 5173 1210 5250 ἑρμηνείας.

314 5260 494 5338 Νόμον
548 5262 710 5321 ἔδωκε
760 5266 832 5329 εἷς
889 5265 1160 5343 βοήθειαν,
1194 5265 1291 5320 ὖνα
1339 5259 1592 5319 εἴπωσιν·
1640 5263 1757 5343 Οὖχ
1798 5264 1870 5328 ὡς

1963 4732 2069 4795 sed
2119 4732 2282 4813 lepra
2313 4730 2575 4794 Naaman
2630 4731 2957 4794 οάιιωιοεοὶι
2986 4730 3099 4794 tibi
3144 4738 3204 4791 et
3234 4727 3455 4791 semini
3507 4736 3605 4788 tuo

1962 4820 2023 4883 in
2056 4820 2515 4902 sempiternum.
2567 4820 2638 4882 Et
2668 4839 2947 4901 egressus
2979 4830 3067 4882 est
3119 4817 3193 4881 ab
3225 4835 3295 4880 eo
3327 4816 3600 4897 leprosus

1962 4910 2131 4992 quasi
2160 4916 2258 4972 nix
2285 4910 2370 4973 97.

2055 5080 2269 5143 Sancti
2309 5080 2539 5145 Basilii
2566 5097 2646 5143 ea:
2673 5078 3116 5143 commentario
3148 5078 3213 5140 in
3246 5074 3501 5139 Isaiam.

2035 5263 2250 5343 Legem
2271 5263 2451 5343 igitur
2466 5261 2637 5324 dedit
2653 5262 2719 5325 in
2746 5258 3074 5336 auxilium,
3105 5259 3395 5325 utdicant
3425 5258 3604 5323 :Non

233 5352 295 5407 τὸ
336 5354 484 5430 ῥῆμα
537 5363 715 5427 τοῦτο,
766 5356 885 5431 περὶ
926 5353 987 5410 οὗ
1030 5353 1125 5409 οὔκ
1166 5349 1278 5407 ἔστι
1336 5349 1476 5425 δῶρα
1519 5350 1697 5412 δοῦναι
1753 5355 1872 5433 περὶ

1978 5353 2109 5416 τίοιιι
2132 5352 2386 5415 verbum
2409 5352 2538 5427 hoc,
2564 5352 2640 5414 de
2670 5357 2787 5432 quo
2812 5368 2933 5412 non
2957 5356 3047 5413 est
3073 5366 3329 5412 munera
3352 5350 3500 5413 dare
3527 5348 3603 5411 de

236 5442 412 5499 αὐτοῦ’
466 5442 617 5505 οὗτος
662 5441 716 5500 δὲ
746 5444 774 5500 ὀ
805 5443 965 5517 νόμος
999 5442 1095 5500 οὒκ
1150 5440 1292 5500 ἔστιν
1322 5443 1394 5504 ὡς
1432 5440 1495 5498 τὰ
1523 5441 1668 5518 ῥῆμα
1713 5453 1870 5503 τοῦτο

1978 5460 2024 5502 :0
2044 5442 2129 5504 98.
2164 5439 2302 5503 Hinc
2323 5448 2521 5501 autem
2552 5441 2645 5503 lex
2671 5459 2788 5501 non
2822 5457 2887 5501 se
2914 5438 3095 5501 habet
3124 5439 3280 5501 sicut
3308 5439 3421 5500 hoc
3452 5456 3597 5500 ven-

234 5533 293 5587 τό
338 5532 768 5612 ἐγγαστρίμυθον·
822 5533 882 5590 0-3
911 5533 1009 5611 γὰρ
1064 5534 1193 5610 πρὸς
1238 5530 1451 5598 ἀπάτην
1505 5532 1868 5611 ίιιπινενόηται³

1956 5531 2194 5612 triloqui
2246 5529 2520 5592 verbum.
2554 5529 2683 5593 Non
2716 5529 2876 5592 enim
2909 5529 2981 5591 ad
3025 5529 3226 5591 fucum
3259 5527 3597 5590 faciendum

310 5655 372 5707 9'
400 5656 533 5718 Act.
565 5669 688 5727 vm,
729 5648 940 5728 {8-23.
1025 5648 1090 5728 93
1117 5644 1193 5707 III
1245 5647 1393 5728 Reg.
1428 5662 1551 5725 xm,
1587 5645 1689 5727 34,
1723 5645 1824 5711 34.

2001 5647 2077 5713 IV
2120 5645 2268 5728 Reg.
2318 5664 2374 5727 ν,
2420 5648 2640 5722 15,16.
2727 5647 2792 5703 95
2822 5645 2969 5710 ibid.
3005 5646 3106 5710 20.
3192 5642 3434 5709 90ibid.
3489 5640 3595 5710 23.

234 5733 294 5785 97
318 5735 463 5800 ibid.
500 5732 722 5797 25-27.
804 5727 1070 5793 θθΕιοά.
1108 5743 1208 5805 xx,
1244 5727 1339 5792 12.
