4108 6222
345 336 460 402 537

1114 337 1530 404 SYNTAGMA
1583 339 1981 405 CANONUM.
2040 372 2116 386 —
2180 339 2337 402 TlT.
2385 340 2435 420 Ι,
2480 340 2642 403 CAP.
2691 339 2911 403 XXIV.

3589 323 3709 391 538

349 471 498 546 ἡμᾶς
529 474 669 530 εἶναι
701 471 756 528 ἒν
785 475 854 548 τῇ
880 469 1180 550 λειτουργίᾳ
1219 475 1318 537 τῆς
1350 468 1703 548 Ἐκκλησίας,
1737 473 1852 531 ὶπεὶ
1881 473 1979 532 κᾶν

2066 472 2261 535 οιθεὶεσ
2296 494 2308 534 :
2346 475 2438 536 sin
2472 468 3106 552 minus,aurum,quod
3133 461 3702 542 dedimus,recipia-

347 561 412 616 τὸ
457 560 677 640 χρυσίον
707 562 736 618 ὃ
765 558 1070 635 δεδώκαμεν
1104 558 1194 617 ίνα
1231 557 1479 636 λάϐωμεν
1511 581 1528 598 ο
1581 567 1686 642 τῶν
1734 565 1835 642 γὰρ
1881 588 1980 642 γυ·

348 655 549 707 ναικῶν
602 653 758 726 ἡμῶν
817 648 1123 725 δεδώκαμέν
1166 673 1307 714 τινες
1350 654 1538 719 σκεύη.
1575 641 1636 710 ’0
1692 641 1755 710 δὲν
1791 641 1982 711 Ἰωάν-

351 761 448 806 νης
493 741 622 817 πρὸς
665 745 832 796 ταῦτα
887 738 1157 820 ὑπέσχετο
1223 743 1288 818 τῇ
1348 739 1570 821 συνόδῳ,
1615 741 1695 799 ὅτι
1740 750 1840 802 Τοῦ
1883 744 1982 819 μὲν

348 827 722 907 βουλευτηρίου
747 829 855 909 ἐγὼ
887 831 1072 896 αὐτοὺς
1101 832 1194 887 σὺν
1253 836 1370 904 Θεῷ
1427 830 1762 891 ἀπαλλάσσω
1815 833 1982 900 ἀξιώ-

350 939 449 982 σας
493 920 585 976 τὸν
627 919 875 996 βασιλέα,
919 921 1074 996 ὑμεῖς
1109 917 1164 975 δὲ
1208 918 1536 997 προστάξατε
1577 921 1765 988 αὐτοὺς
1794 922 1983 981 λαϐεῖν

347 1007 378 1063 ’ὁ
407 1005 691 1085 δεδώκασι,
725 1008 870 1088 παρὰ
899 1015 1004 1066 τῶν
1032 1009 1352 1070 ’Λντωνίνου
1394 1009 1771 1089 κληρονόμων.
1805 1019 1982 1090 Προσ-

349 1097 532 1164 έταξεν
586 1101 622 1168 ἡ
681 1097 924 1180 σύνοδος,
980 1101 1043 1156 τὸ
1101 1099 1200 1175 μὲν
1259 1101 1479 1180 χρυσίον
1549 1101 1737 1167 αὖτοὺς
1795 1102 1984 1160 λαϐεῖν

347 1189 491 1266 παρὰ
541 1193 649 1246 τῶν
693 1186 1010 1248 Ἀντωνίνου
1051 1189 1427 1266 κληρονόμων,
1465 1205 1744 1248 κοινωνεῖν
1789 1190 1845 1248 δὲ
1888 1192 1980 1249 ἔν-

346 1274 436 1334 δον
491 1285 585 1335 τοῦ
632 1278 1004 1354 θυσιαστηρίου
1036 1297 1054 1316 ο
1102 1279 1248 1336 εἶναι
1289 1276 1346 1335 δὲ
1387 1279 1496 1336 ἀπὸ
1534 1281 1739 1360 ἱερέων,
1781 1282 1876 1340 ἵνα
1905 1284 1984 1360 μὴ

348 1368 551 1424 τούτων
596 1368 1082 1448 συγχωρηθέντων,
1141 1369 1257 1433 ἔθος
1325 1367 1547 1446 γένηται
1596 1369 1889 1429 Ἰουδαϊκὸν
1947 1373 1984 1440 ἦ

350 1458 637 1536 Αίγύπτιον
691 1468 785 1518 τοῦ
827 1457 1034 1516 πωλεῖν
1076 1459 1169 1515 καί
1228 1458 1512 1539 ἀγοράζειν
1543 1461 1641 1528 τὴν
1669 1462 1980 1540 ἱερωσύνην.

348 1548 488 1604 Φασὶ
544 1550 650 1626 γὰρ
687 1549 778 1605 τὸν
825 1546 1074 1623 λυμεῶνα
1115 1550 1205 1605 καὶ
1251 1547 1594 1625 ψευδώνυμον
1646 1553 1985 1632 πατριάρχην

347 1641 454 1694 τῶν
516 1635 806 1713 Ἰουδαίων,
853 1638 970 1695 κατ’
1031 1637 1148 1704 ἔτος
1206 1637 1447 1714 ἀμείϐειν
1493 1641 1530 1707 ἦ
1558 1638 1682 1718 παρ’
1714 1640 1831 1704 ἔτος
1863 1643 1985 1706 τοὺς

347 1724 854 1804 ἂρχισυναγώγους,
884 1727 973 1782 Eni
1025 1725 1265 1806 συλλογῇ
1301 1735 1396 1784 τοῦ
1455 1728 1722 1807 ἀργυρίου.
1760 1720 1986 1804 Ὀμοίως

2066 581 2198 625 mus
2226 585 2239 622 :
2273 563 2513 645 quidam
2545 565 2705 625 enim
2727 582 2762 624 e
2784 561 2958 624 nobis
2989 577 3239 623 uxorum
3269 553 3702 637 supellectilem

2064 652 2364 718 dedimus.
2398 653 2485 716 Ad
2518 653 2641 715 haec
2669 655 2930 716 Joannes
2969 649 3193 732 synodo
3227 646 3528 729 pollicitus
3557 653 3649 706 est
3685 661 3701 704 :

2065 742 2236 815 Quod
2267 743 2339 804 ad
2369 743 2594 806 curiam
2628 741 2869 824 quidem
2902 740 3136 815 attinet,
3162 757 3272 818 ego
3303 754 3427 814 eos,
3450 734 3577 797 Deo
3605 733 3706 813 ju-

2064 840 2259 908 vante,
2295 832 2588 909 liberabo,
2624 839 2863 894 exorato
2915 831 3281 910 imperatore
3317 844 3332 891 :
3366 843 3472 888 vos
3501 831 3704 885 autem

2067 921 2368 998 mandate,
2393 930 2460 986 ut
2485 921 2558 984 ab
2576 921 2917 984 haeredibus
2936 919 3222 984 Antonini
3245 917 3357 999 ipsi
3377 912 3698 994 accipiant,

2066 1030 2196 1094 qua:
2226 1012 2542 1076 dederunt.
2591 1011 2888 1093 Praecepit
2914 1010 3276 1092 synodus,ut
3307 1021 3516 1094 aurum
3546 1002 3702 1065 acci-

2067 1093 2280 1184 perent
2306 1102 2380 1164 ab
2410 1102 2748 1166 heredibus
2777 1102 3159 1176 Antonini,et
3187 1093 3703 1184 communicarent

2062 1183 2222 1254 intra
2248 1193 2437 1254 altare
2476 1211 2490 1257 :
2549 1200 2751 1254 essent
2798 1199 2994 1253 autem
3023 1191 3148 1270 jam
3180 1205 3299 1250 non
3330 1183 3696 1254 sacerdotes,

2065 1299 2166 1343 sex
2197 1299 2268 1344 ex
2295 1281 2730 1352 sacerdotibus.
2787 1300 2887 1362 ne,
2932 1282 2982 1342 si
3035 1281 3146 1341 ista
3189 1274 3695 1344 concederentur,

2067 1389 2197 1434 mos
2226 1371 2395 1434 ﬂeret
2421 1371 2704 1434 Iudaicus
2732 1382 2834 1432 aut
2863 1362 3495 1451 Egyptius,vendendi
3526 1369 3700 1440 atque

2068 1460 2308 1524 emendi
2339 1461 2764 1524 sacerdotium.
2791 1459 3012 1523 Dicunt
3039 1457 3200 1520 enim
3237 1453 3706 1537 pestilentem,et

2067 1551 2280 1613 falsum
2303 1551 2645 1613 Judaaorum
2671 1549 3090 1631 patriarcham,
3117 1545 3370 1625 singulis
3402 1543 3705 1631 annis,au_t

2068 1658 2224 1703 anno
2254 1643 2595 1721 interjeclo.
2626 1629 2934 1722 synagogas
2993 1637 3300 1720 principes
3350 1641 3585 1695 mutare
3623 1629 3703 1693 ad

2069 1731 2503 1794 corradendam
2539 1731 2875 1812 pecuniam,
2909 1729 3189 1791 similiter
3217 1733 3275 1788 et
3315 1725 3493 1806 hujus
3523 1741 3706 1812 mmuf

348 1817 438 1903 καὶ
469 1815 563 1903 τὸν
589 1814 838 1885 ζηλωτὴν
866 1816 1067 1873 τούτων
1098 1819 1189 1873 τὸν
1231 1817 1532 1896 Αἰγυπτίων
1590 1819 1933 1899 πατριάρχην
1968 1837 1979 1851 ·

2069 1821 2218 1894 lum,
2243 1811 2656 1903 Ailgyptiornm
2691 1819 3185 1902 patriarcham,ut
3217 1816 3534 1897 impleatur
3556 1811 3705 1875 illud

351 1901 445 1959 ’ίνα
495 1902 758 1984 πληρωθῆ
810 1905 870 1962 τὸ
923 1914 1258 1986 προγητικόν
1295 1923 1311 1939 ⁸
1367 1910 1428 1965 Οἱ
1457 1910 1621 1985 ἱερεῖς
1654 1909 1816 1977 αὐτῆς
1849 1910 1986 1984 μετὰ

351 1992 536 2072 δώρων
596 1993 971 2073 ἀπεκρίναντο,
1033 1998 1120 2053 καὶ
1185 1999 1232 2054 οἱ
1291 1997 1557 2077 προφῆται
1627 2000 1791 2067 αὐτῆς
1847 2000 1984 2076 μετὰ

347 2083 597 2161 ἀργυρίου
620 2085 1000 2160 ὶμαντεύοντο.

347 2170 446 2232 Ἐκ
485 2179 594 2230 τῶν
653 2175 892 2255 κανόνων
933 2176 1039 2232 τῶν
1082 2173 1180 2255 χλ⁹
1230 2175 1397 2253 ἁγίων
1457 2178 1708 2252 Πατέρων
1758 2181 1864 2236 τῶν
1926 2178 1982 2236 ἐν

646 2252 948 2322 Χαλκηδόνι
977 2252 1360 2336 συνελθόντων,
1391 2258 1566 2314 κανὼν
1597 2258 1674 2334 β’.

429 2340 506 2420 β’.
535 2342 604 2402 Εἴ
634 2365 717 2410 τις
743 2346 1029 2412 ἐπίσκοπος
1055 2344 1140 2403 ἐπὶ
1170 2346 1415 2428 χρήμασι
1447 2349 1782 2427 χειροτονίαν
1814 2349 1981 2420 ποιή-

351 2454 532 2509 σαιτο,
564 2457 621 2493 κ.
659 2456 714 2495 τ.
754 2439 800 2498 i.

353 2519 450 2582 Ἐκ
524 2530 623 2593 τῆς
709 2523 988 2605 ἔγκυκλίου
1073 2525 1365 2594 ἐπιστολῆς
1466 2527 1742 2586 Γενναδίου
1827 2539 1980 2590 Κων-

911 2605 1422 2671 σταντινουπόλεως.

433 2695 588 2756 Ἐστι
633 2695 806 2756 τοίνυν
838 2695 1234 2779 ἀποκόρυκτος,
1271 2720 1325 2763 κ.
1359 2721 1412 2758 τ.
1445 2699 1499 2762 λ.
1542 2715 1732 2780 usque
1757 2699 1838 2762 ad
1867 2722 1978 2777 μα-

343 2792 523 2860 μωνᾷ.

343 2873 445 2934 Ἐκ
522 2882 628 2936 τῶν
715 2877 953 2934 κανόνων
1053 2882 1156 2961 τῆς
1241 2877 1396 2961 ᾇγίας
1485 2877 1644 2947 ἕκτης
1734 2877 1976 2961 συνόδου,

1003 2960 1180 3015 κανὼν
1209 2958 1318 3035 κβ’,

420 3044 533 3120 κβ’.
569 3046 700 3110 Τοὺς
747 3045 839 3104 ἰπὶ
891 3048 1135 3127 χρήμασι
1181 3048 1712 3131 χειροτονουμένους,
1748 3073 1798 3112 κ.
1837 3072 1886 3112 τ.
1919 3049 1974 3115 λ.

341 3141 349 3170 ί
425 3134 772 3212 Ἀκούσωμεν
845 3143 1010 3194 ταῦτα
1065 3138 1241 3197 πάντα
1298 3140 1385 3196 καὶ
1442 3139 1840 3222 ἐνωτισώμεθα,
1918 3146 1978 3202 ot‘.

2070 1911 2373 1992 prophetae
2405 1931 2419 1972 :
2451 1911 2811 1974 Sacerdotes
2843 1911 2980 1990 ejus
3007 1925 3142 1971 cum
3180 1905 3542 1970 muneribus
3571 1920 3701 1965 res-

2059 2001 2437 2153 parzdebantg
2459 2007 2517 2064 et
2538 2001 2850 2082 propheta:
2872 2001 3004 2080 eius
3032 2013 3166 2060 cum
3193 1995 3450 2077 pecunia
3478 1993 3698 2056 vatici-

2065 2107 2147 2152 na
2193 2099 2379 2153 antur
2443 2138 2459 2152 .

2063 2179 2168 2243 Ea:
2195 2180 2527 2243 cananibus
2572 2184 2995 2242 sexcentarum
3021 2176 3299 2238 Patrum
3327 2170 3703 2235 Chalcedone

2464 2268 2980 2339 congregatarum
3005 2273 3200 2320 canon
3227 2253 3288 2316 2.

2143 2349 2203 2414 2.
2235 2353 2293 2415 Si
2325 2350 2459 2432 quis
2489 2351 2808 2430 episcopus
2864 2356 3109 2430 propter
3139 2341 3422 2427 pecunias
3452 2341 3696 2405 ordina-

2066 2441 2286 2504 tionem
2321 2439 2553 2514 fecerit,
2585 2447 2704 2503 etc.
2736 2447 2803 2502 ul
2828 2457 2968 2520 pag.
3003 2439 3142 2499 515.

2063 2495 3700 2674 causa;'ggcgasca'gggmeo....u..u..opou.

2826 2628 2953 2674 am.

2826 2628 2953 2676 am.

2061 2702 2233 2856 522R
2263 2720 2426 2783 ergo,
2483 2709 2630 2778 etc.,
2669 2719 2864 2783 usque
2907 2701 2987 2764 ad
3033 2699 3408 2774 ﬂammante,
3455 2701 3523 2759 ut
3552 2710 3694 2776 pag.

2131 2883 2236 2946 Ex
2261 2883 2600 2947 canam’bus
2628 2889 2854 2947 sancta
2882 2880 3102 3026 ευὲιὲἀί
3129 2877 3514 2942 ωεωηεηίςω
3543 2891 3622 2951 vr,

2715 2980 2910 3026 canon
3023 3008 3040 3025 .

2715 2980 2910 3026 canon
2939 2980 3040 3026 22.

2060 3053 2398 3137 22.Eosqui
2413 3054 2565 3117 datis
2579 3053 2852 3135 pecuniis
2864 3046 3692 3127 ordinantur,etc.,utp.5l5.

2139 3136 2436 3224 Adegnm,
2469 3143 2716 3206 auribus
2769 3141 3189 3223 mentibusque
3222 3142 3349 3203 haec
3381 3136 3562 3200 verba
3590 3154 3694 3198 re-

344 3227 509 3304 μόνον
564 3226 842 3306 ἀρχιερεῖς
905 3227 992 3284 καὶ
1033 3230 1218 3306 ἱερεῖς,
1281 3230 1368 3286 καὶ
1416 3230 1464 3285 οἱ
1520 3237 1597 3303 τῷ
1626 3229 1811 3307 κλήρῳ
1839 3254 1975 3290 κατ-

2066 3222 2348 3310 colamus,
2381 3235 2488 3296 sed
2543 3253 2663 3296 non
2719 3233 2912 3295 solum
2961 3222 3461 3312 archipresbyteri
3491 3245 3562 3290 ac
3592 3244 3692 3289 sa-

345 3318 732 3396 ηριθμημένοι,
787 3315 927 3373 ἀλλὰ
976 3318 1065 3374 καὶ
1121 3318 1318 3382 πάντες
1377 3341 1426 3376 οι
1475 3324 1845 3386 κατοικοῦντες
1878 3324 1979 3390 τὴν

346 3405 691 3480 οἰκουμένην.
741 3415 837 3462 Δεῖ
895 3407 995 3486 γὰρ
1052 3406 1443 3487 περισσοτέρως
1498 3410 1640 3483 ἡμᾶς
1689 3411 1979 3492 προσέχειν

343 3508 466 3557 τοῖς
525 3495 855 3570 ἆκουσθεῐσι,
917 3497 995 3571 μή
1053 3517 1185 3553 ποτε
1270 3496 1650 3576 παραῤῥυώμεν
1685 3515 1699 3530 ⁸
1767 3499 1850 3557 ὅτι
1921 3506 1981 3561 οὗ

348 3588 605 3664 φθαρτοῖς
678 3584 909 3663 ἀργυρίῳ
983 3586 1018 3653 ἦ
1072 3587 1276 3665 χρυσίῳ
1334 3587 1708 3664 ἦγοράσθημεν
1763 3593 1826 3648 ὶκ
1880 3597 1981 3658 τῆς

344 3674 574 3748 ματαίας
623 3671 924 3751 παραδότου
973 3676 1335 3756 ἀναστροφῆς,
1383 3675 1523 3732 ἀλλὰ
1567 3680 1728 3754 τιμίῳ
1783 3679 1980 3754 α’ίματι

345 3764 392 3818 ὡ
447 3761 620 3837 ἆμνοῦ
664 3764 891 3839 ἀμώμου
945 3766 1034 3822 καὶ
1077 3765 1299 3842 ἆσφίλου
1359 3765 1539 3833 Ἰησοῦ
1583 3772 1834 3845 Χριστοῦ.
1874 3768 1979 3828 Οὕ-

343 3873 453 3915 τως
493 3853 639 3928 ἡμᾶς
682 3850 909 3927 δίδαξον,
957 3853 1078 3929 ἆνερ
1121 3855 1398 3932 ἱερώτατε,
1440 3855 1658 3915 ἕπεσθαι
1692 3872 1808 3924 τοῖς
1840 3881 1978 3938 γρα-

341 3954 522 4021 φικοῖς
575 3942 664 3998 καὶ
694 3941 1073 4021 εύαγγελικοῖς
1105 3946 1193 4001 καὶ
1223 3944 1608 4013 ἀποστολικοῖς
1669 3964 1976 4015 κανονικοῖς

342 4052 401 4087 τε
432 4033 520 4088 καὶ
573 4045 857 4109 πατρικοῖς
913 4033 1350 4112 παραγγέλμασι,
1405 4038 1699 4111 Πειθόμεθα
1727 4061 1828 4118 γαρ
1859 4053 1976 4105 τοῖς

342 4121 548 4198 ῥήμασι
605 4127 700 4177 τοῦ
742 4121 1008 4197 στόματος
1066 4127 1240 4198 ὐμῶν,
1283 4123 1405 4182 Ἐπὶ
1450 4131 1554 4183 τῶν
1585 4127 1808 4204 ὀψηλῶν
1840 4129 1971 4186 ἂνά-

338 4207 486 4289 ϐηθι,
519 4209 735 4285 ὕψωσον
765 4211 820 4268 ἐν
852 4213 1006 4291 ἰσχύϊ
1047 4214 1147 4281 τὴν
1193 4216 1377 4294 φωνήν
1423 4239 1518 4276 σου
1552 4234 1567 4249 ⁸
1602 4219 1888 4297 πορεύθητι
1921 4220 1976 4277 ἐν

341 4297 665 4373 πλαωσμῷ,
725 4299 951 4378 κήρυξον
1003 4303 1142 4376 μετὰ
1188 4301 1486 4382 παρρησίας
1525 4325 1538 4339 ⁸
1585 4306 1732 4372 ὅπως
1789 4307 1977 4386 ἐξαρθῇ

338 4388 429 4443 καὶ
459 4389 530 4452 εἷς
567 4387 866 4468 ἀφανισμόν
899 4405 914 4421 ⁸
952 4391 1238 4470 οἰχήσεται
1270 4397 1304 4459 ἡ
1336 4391 1421 4449 διὰ
1451 4397 1755 4472 χρημάτων
1787 4419 1978 4476 χειρο-

339 4477 511 4557 θεσία,
554 4479 643 4537 καὶ
679 4485 784 4536 πᾶν
828 4478 884 4536 εἴ
939 4501 991 4536 τι
1051 4482 1215 4558 ταύτῃ
1267 4480 1350 4538 διὰ
1399 4487 1742 4564 φιλαργυρίαν
1773 4487 1977 4545 ἀδικίαν

2061 3324 2362 3400 cerdotes,
2424 3324 2906 3404 clericorumque
2961 3323 3022 3384 in
3072 3339 3324 3383 numero
3377 3317 3689 3391 accensiti,

2061 3414 2167 3476 sed
2219 3432 2431 3476 omnes
2487 3422 2778 3475 terrarum
2841 3413 3098 3486 incolae;
3151 3411 3332 3492 idque
3383 3428 3454 3472 eo
3506 3409 3696 3486 magis

2063 3523 2179 3585 quo
2237 3503 2436 3565 minus
2495 3503 2672 3585 plane
2725 3501 3185 3564 confundamur.
3238 3500 3368 3562 Non
3401 3499 3560 3562 enim
3593 3497 3696 3559 vili

2065 3593 2454 3654 denariorum
2518 3591 2710 3672 pretio
2770 3599 2903 3672 post
2933 3608 3139 3652 vanam
3177 3589 3476 3651 traditoris
3507 3586 3703 3667 poeni-

2066 3682 2337 3757 tentiam,
2371 3683 2479 3744 sed
2514 3683 2777 3762 pretioso
2809 3681 3100 3759 sanguine
3122 3682 3264 3744 Jesu
3296 3677 3542 3750 Christi,
3563 3677 3704 3755 agni

2065 3772 2546 3834 innocentissimi
2578 3779 2638 3832 et
2667 3770 3059 3845 immaculati,
3115 3767 3411 3847 redempti
3463 3785 3699 3828 sumus.

2063 3862 2346 3941 Dignare,
2377 3862 2468 3923 vir
2496 3861 2896 3930 sanctissime.
2931 3859 3106 3922 nobis
3156 3868 3490 3921 monstrare
3517 3856 3695 3930 viam,

2061 3970 2178 4032 qua
2209 3950 2677 4032 Scripturarum,
2715 3950 3184 4030 evangeliorum,
3227 3946 3697 4028 apostolicorum

2060 4059 2354 4104 canonum
2409 4049 2470 4103 et
2501 4052 2847 4102 sanctorum
2884 4043 3124 4103 Patrum
3159 4036 3472 4120 praeceptis
3522 4035 3701 4098 insis-

2061 4139 2256 4193 tentes
2302 4130 2778 4211 progrediamur.
2843 4128 3074 4193 Vestras
3107 4147 3362 4208 namque
3409 4125 3699 4189 doctrinae

2059 4221 2315 4284 docilem
2355 4239 2563 4283 aurem
2598 4221 2871 4302 praebere
2902 4219 3080 4282 nobis
3109 4218 3277 4280 cordi
3311 4227 3419 4280 est.
3454 4218 3693 4280 Ascen-

2059 4311 2135 4373 de
2164 4329 2373 4372 versus
2403 4311 2647 4390 caelum,
2709 4310 2828 4371 alta
2857 4327 3002 4371 voce
3033 4309 3262 4388 clama;
3302 4307 3452 4369 viam
3490 4305 3700 4367 insiste

2057 4419 2092 4462 a
2123 4400 2362 4482 populis
2394 4403 2590 4462 tritam
2625 4416 2642 4475 ;
2695 4418 2829 4461 cum
2889 4399 3054 4460 omni
3089 4398 3363 4464 libertate
3391 4394 3698 4476 evangeli-

2058 4498 2208 4552 zato.
2243 4488 2341 4552 Sic
2364 4489 2526 4552 enim
2558 4495 2687 4550 auri
2717 4489 2906 4551 iantes
2932 4507 3066 4550 cum
3095 4487 3374 4550 omnibus
3401 4505 3533 4568 quas
3556 4485 3700 4548 inde

340 4589 400 4659 τε
448 4569 536 4625 καὶ
597 4567 856 4659 ἐμπορίαν
915 4570 1312 4650 αἰσχροκερδῶς
1373 4575 1665 4651 παρέπεται
1699 4591 1714 4606 ⁸
1775 4577 1976 4644 ταύτης

2066 4581 2252 4641 fluunt
2307 4579 2700 4659 cupiditatum
2763 4579 2940 4642 undis
2995 4595 3236 4658 pessum
3296 4567 3430 4639 ibit.
3472 4577 3588 4638 Fac
3636 4583 3700 4636 ut

341 4657 444 4734 γὰρ
502 4658 640 4732 μετὰ
696 4664 804 4715 τῶν
849 4661 1284 4739 συστοιχούντων
1328 4667 1462 4740 αὒτῇ
1503 4659 1878 4741 ἐξαιρουμένης
1919 4669 1981 4724 ὲκ

342 4753 437 4802 τοῦ
491 4749 787 4822 περιουσίου
851 4747 1004 4824 λαοῦ,
1058 4757 1153 4806 τοῦ
1208 4758 1286 4825 τῷ
1328 4753 1551 4828 ὀνόματι
1595 4761 1823 4832 Χριστοῦ
1880 4777 1978 4812 κε-

341 4834 638 4913 κλημένου,
701 4839 791 4894 καὶ
845 4836 1046 4917 δωρεὰν
1091 4847 1354 4919 τυχόντος
1405 4848 1496 4910 τῆς
1529 4843 1975 4922 ἀπολυτρώσεως,

342 4924 515 4982 πάντα
559 4927 624 4982 τὰ
663 4932 732 5002 τῇ
781 4927 940 5001 κακίᾳ
976 4934 1311 5005 συνεπόμενα
1371 4935 1648 5008 μιάσματα
1705 4933 1978 5012 πρόῤῥιζον

341 5017 871 5090 συνεκτμηθήσονται
905 5033 920 5049 ⁸
959 5020 1050 5075 καὶ
1079 5021 1126 5074 οἱ
1159 5021 1321 5098 ἱερεῖς
1364 5023 1438 5087 ὡς
1463 5023 1629 5102 φοίνιξ
1659 5023 1973 5096 ἆνθήσουσι,

338 5111 584 5180 Χριστοῦ.
625 5103 846 5162 εὗωδίαν
905 5120 1022 5172 τοῖς
1081 5109 1409 5184 σωζομένοις
1483 5112 1828 5189 ἐμπνέοντες,
1890 5116 1978 5171 καὶ

338 5200 406 5270 τῇ
468 5191 766 5268 Ἐκκλησία
828 5194 1098 5263 ἐπινικίως
1143 5199 1496 5276 προσᾴδοντες
1526 5221 1542 5237 ⁸
1595 5202 1840 5281 Περιεῖλε
1873 5205 1976 5262 Κύ-

336 5304 445 5361 ριος
506 5286 569 5340 ἔκ
627 5294 723 5344 σοῦ
777 5285 844 5340 τὰ
900 5283 1208 5362 ἀδικήματά
1265 5310 1360 5346 σου
1393 5309 1405 5324 ⁸
1468 5290 1543 5347 ἔτι
1601 5291 1656 5348 δὲ
1709 5293 1806 5349 καί
1855 5293 1976 5358 τοὺς

333 5373 688 5455 δρεπομένους
767 5378 1145 5456 γλυκάζοντες,
1233 5380 1592 5451 πληθύνοντές
1669 5407 1726 5442 τε
1784 5385 1974 5451 αὖτοὺς

333 5465 389 5521 ἐν
449 5467 604 5546 γήρει
649 5468 814 5544 πίονι,
865 5467 963 5537 τῆς
1025 5472 1290 5550 μακαρίας
1360 5473 1502 5554 λέγω
1559 5475 1649 5533 καὶ
1703 5474 1975 5554 ἀκηράτου

342 5559 483 5627 ζωῆς
529 5556 900 5636 κληρονόμους
944 5557 1395 5632 ἆναδεικνύοντες,

415 5714 449 5768 ³
475 5715 652 5787 Mich.
685 5734 773 5804 ιιι,
807 5719 906 5788 11.

2064 4679 2272 4748 gentes
2302 4687 2433 4749 quis
2459 4687 2490 4730 a
2547 4669 2784 4732 Christo
2817 4687 3035 4730 nomen
3069 4666 3301 4729 ducunt
3343 4674 3402 4726 et
3432 4683 3565 4746 qum
3591 4681 3698 4724 re-

2063 4758 2430 4838 demptionis
2461 4758 2758 4820 beneﬁcio
2787 4758 2964 4820 salvas
3020 4763 3360 4826 evaserunt,
3391 4755 3466 4816 ab
3499 4753 3698 4814 omni-

2063 4847 2175 4911 bus
2208 4849 2439 4928 peccati
2472 4848 2755 4910 sordibus
2786 4848 3126 4910 abluantur.
3160 4844 3258 4908 Sic
3301 4843 3462 4904 enim
3491 4860 3696 4904 sacer-

2061 4939 2232 5000 dotes
2262 4937 2417 5000 sicut
2459 4940 2654 5019 palma
2705 4937 3026 5012 ﬂorebunt,
3081 4935 3418 5014 Christique
3470 4932 3696 4996 bonum

2062 5028 2304 5090 odorem
2367 5027 2646 5090 ﬁdelibus
2702 5026 3085 5088 insufﬂantes
3140 5023 3468 5086 Ecclesiam
3520 5031 3697 5086 cantu

2060 5136 2168 5179 suo
2199 5117 2524 5198 replebunt
2557 5119 2883 5179 clamantes
2914 5135 2928 5178 :
2962 5117 3256 5177 Dominus
3288 5121 3342 5177 tc
3371 5132 3408 5176 a
3437 5115 3698 5196 peccatis

2059 5209 2186 5272 tuis
2206 5209 2547 5270 mundavit.
2582 5207 2683 5269 Sic
2714 5206 2889 5269 electi
2923 5204 3268 5284 gaudebunt
3294 5211 3433 5286 quia
3477 5223 3696 5266 senec-

2062 5306 2155 5359 tus
2184 5314 2396 5359 eorum
2449 5296 2752 5359 felicitatis
2782 5295 2916 5358 oleo
2949 5302 3129 5356 uncta
3156 5301 3267 5372 est,
3303 5301 3363 5358 et
3408 5294 3531 5376 jam
3564 5301 3698 5357 vitai

2057 5395 2296 5450 aeternae
2325 5385 2758 5450 beatitudinem
2794 5385 3086 5472 praelibat.
