4108 6222
448 322 567 390 539

1642 329 1910 394 PHOTII
1952 327 2464 396 PATBIARCHE
2503 334 2619 398 ce.
2680 286 2691 293 ”

3691 314 3797 403 Sto

538 461 782 525 Τρωίας.
806 459 962 542 Lege
992 459 1100 524 lib.
1132 479 1176 538 1,
1213 461 1307 527 tit.
1334 462 1395 539 3,
1424 463 1725 539 const.30,
1749 463 1850 538 4t;
1878 470 1934 526 et
1951 463 2072 526 tit.l

2250 464 2403 529 Βιϐλ.
2440 467 2533 547 Α¹,
2556 490 2659 528 τιτ.
2689 467 2772 545 α’,
2807 467 2946 527 διάτ.
2972 467 3053 544 λ’,
3079 467 3200 546 μα’·
3230 469 3321 529 καὶ
3343 493 3452 531 τιτ.
3487 475 3661 531 α’τῶν
3682 494 3797 533 νεα-

447 546 1053 624 Novellarum,const.
1088 554 1141 624 1,
1157 554 1220 627 2,
1239 553 1261 613 t
1278 556 1300 612 l
1319 552 1407 628 ,in
1427 551 1644 633 quibus
1661 552 1840 615 etiam
1865 552 2089 615 dicitur

457 638 536 703 de
556 639 1090 720 insinuativis,quaa
1103 638 1177 702 ab
1190 640 1490 722 episcopis
1514 652 1572 703 et
1593 641 2081 724 clericisdantur,

455 728 699 807 et.quod
724 728 1233 812 Byzantii[solum]
1250 730 1473 813 Magpaa
1491 731 1785 805 ecclesiae,
1804 751 1924 793 non
1948 750 2083 794 vero

450 820 625 878 etiam
657 817 909 878 aliarum
945 817 1396 900 [ecclesiarum]
1430 819 1635 882 clerici
1686 822 1812 882 limo
1838 822 2084 901 collegis

447 904 575 967 suis
605 904 768 966 dant.
797 905 909 977 Qui
940 924 1079 968 vero
1115 908 1216 969 illa
1247 910 1410 983 dant,
1473 927 1596 971 non
1628 911 1772 971 dare
1801 910 2079 990 amplius,

446 1010 627 1070 quam
652 997 830 1056 unius
848 996 994 1057 anni
1012 995 1218 1058 diaria.
1245 997 1435 1077 [Quod
1451 997 1652 1076 etiam]
1671 1017 1866 1079 neque
1878 1017 2082 1061 curam

447 1082 1148 1167 qualemcunquemeque
1169 1087 1749 1149 administrationem
1773 1088 2086 1150 ecclesias-

448 1173 627 1235 ticam
654 1192 758 1253 per
774 1176 1210 1255 [quarumpiam
1233 1177 1465 1256 rerum]
1489 1175 1789 1238 dationem
1811 1196 2078 1252 sumere,

444 1261 536 1322 vel
554 1280 880 1342 pauperum
906 1264 1914 1342 domibus,xenodocbiis,domuive
1938 1268 2084 1344 [cui-

444 1351 633 1432 piam]
668 1350 854 1415 sa'craa
885 1354 1106 1434 praeﬁci
1161 1355 1477 1436 quisquam
1517 1363 1732 1434 potest.
1771 1355 1913 1427 Quae
1939 1373 2080 1418 vero

445 1449 690 1520 propter
713 1442 840 1505 haec
884 1442 1104 1505 dantur
1144 1453 1244 1506 aut
1298 1448 1751 1525 promittuntur,
1789 1464 1859 1507 ea
1880 1445 2081 1508 omnia

447 1529 762 1593 ecclesiam
796 1550 1099 1595 sacramve
1126 1533 1371 1595 domum
1403 1534 1731 1596 vindicare.
1755 1534 2080 1615 Episcopos

448 1627 644 1680 autem
673 1620 1011 1684 facultatem
1045 1623 1292 1698 habere,
1322 1632 1384 1685 ut
1405 1632 1504 1686 aut
1528 1632 1662 1685 ante
1687 1633 1788 1686 aut
1821 1632 1949 1704 post
1972 1643 2077 1686 or-

444 1706 809 1772 dinationem
842 1712 1114 1775 ecclesiis
1147 1712 1486 1794 [quidlibet]
1526 1712 1807 1777 ollerant.

523 1797 691 1863 CAP.
725 1798 900 1865 XXV.
935 1837 1010 1847 -ι
1042 1803 1133 1867 Ne
1161 1804 1577 1867 ordinationes
1607 1804 1933 1867 iterantur.

871 1982 1294 2062 Apostolorum
1325 2001 1520 2045 canon
1552 1983 1654 2047 68.

517 2064 617 2129 68.
653 2066 713 2129 Si
740 2075 874 2149 quis
906 2070 1249 2150 episcopus,
1285 2072 1373 2130 vel
1427 2071 1760 2152 presbyter,
1813 2070 1906 2132 vel
1940 2070 2075 2133 dia-

436 2168 624 2218 conus
674 2158 999 2220 secundam
1059 2159 1497 2221 ordinationem
1531 2160 1605 2220 ab
1639 2161 1754 2223 alio
1791 2178 2076 2240 suscepe-

438 2242 536 2319 rit,
570 2244 906 2327 deponatur
937 2258 995 2309 et
1024 2248 1179 2329 ipse,
1213 2255 1274 2310 et
1329 2252 1426 2329 qui
1459 2248 1769 2323 ordinavit,
1806 2249 1923 2311 nisi
1952 2248 2070 2310 uti-

437 2350 552 2411 que
583 2336 943 2412 constiterit,
977 2337 1135 2418 qnod
1169 2337 1242 2399 ab
1303 2338 1601 2400 haereticis
1630 2338 2071 2400 ordinationem

436 2420 674 2485 habeat.
727 2424 841 2498 Qui
890 2426 1052 2488 enim
1113 2427 1188 2488 ab
1240 2428 1326 2489 eis
1381 2426 1665 2507 baptizati
1725 2436 1782 2489 et
1812 2428 2073 2490 ordinati

432 2520 693 2679 (sggté'u;
749 2514 957 2578 ﬁdeles
988 2516 1079 2578 vel
1128 2516 1337 2580 clerici
1366 2517 1510 2597 sint,
1559 2517 1687 2579 ﬁeri
1721 2536 1839 2581 non
1876 2526 2072 2599 potest

598 2692 857 2757 Concilit'
887 2695 1391 2775 Carthaginensis
1422 2694 1543 2775 (ἓῖ)
1575 2712 1779 2758 canon
1804 2694 1907 2757 48.

513 2781 601 2844 De
629 2783 1214 2865 rebaptizationibus
1235 2791 1294 2846 et
1315 2784 1870 2847 reordinationibus
1897 2787 1990 2848 vel

757 2864 1261 2928 translationibus
1291 2868 1735 2946 episwporum.

509 2952 613 3015 48.
635 2952 787 3016 Illud
820 2962 1017 3016 autem
1048 2954 1424 3034 suggerimus
1453 2956 1484 3003 4
1506 2954 1850 3015 mandatum
1876 2954 2070 3030 nobis,

428 3042 591 3122 quod
638 3043 820 3105 etiam
856 3044 914 3105 in
969 3042 1260 3125 Capuensi
1293 3042 1560 3124 plenaria
1587 3043 1810 3123 synodo
1840 3042 2076 3106 videtur

2167 558 2273 634 ρῶν
2305 555 2444 620 διάτ.
2472 558 2554 633 α’,
2588 558 2665 640 β’,
2701 559 2859 639 ια’,ἔν
2892 560 2987 624 αἶς
3017 557 3231 637 εἴρηται
3264 561 3353 619 καὶ
3380 562 3498 640 περὶ
3529 565 3636 619 τῶν
3659 561 3799 622 διδο-

2169 646 2344 720 μένων
2391 647 2791 726 ἒμφανιστικῶν
2825 650 2970 727 παρὰ
3009 650 3326 706 ἐπισκόπων
3369 652 3457 707 καὶ
3485 649 3759 727 κληρικῶν
3780 670 3797 688 ⁸

2168 737 2259 792 καὶ
2302 736 2385 793 ὅτι
2418 736 2473 792 ἐν
2502 740 2766 812 Βυζαντίῳ
2798 738 2953 813 μόνοι
2994 740 3044 794 οἱ
3072 738 3171 806 τῆς
3204 738 3463 816 Μεγάλης
3493 739 3800 818 ἐκκλησίας,

2165 824 2225 879 οὗ
2269 826 2377 900 μὴν
2421 828 2471 883 οἱ
2513 833 2619 883 τῶν
2651 827 2828 884 ἄλλων
2858 827 3138 902 κληριιοί,
3187 842 3307 890 τοῖς
3340 831 3513 886 ιῦτῶδ
3558 829 3803 907 συγκλη-

2166 930 2344 992 ρικοϊς
2389 924 2557 974 ταῦτα
2598 916 2834 976 διδόασιν
2870 938 2889 956 ·
2938 920 2985 974 οἱ
3027 916 3086 973 δὲ
3125 917 3479 999 παρέχοντες,
3514 921 3575 976 οὑ
3605 917 3800 977 διδόασι

2166 1002 2328 1060 πλέον
2373 1006 2490 1070 ἑνὸς
2521 1006 2758 1066 ἐνιαυτοῦ
2805 1005 2979 1085 διάρια
3011 1024 3027 1038 ’
3076 1005 3196 1064 οὑτε
3239 1006 3293 1063 δὲ
3326 1009 3629 1088 φρόντισμα
3659 1012 3800 1066 οἱον-

2166 1091 2389 1168 δήποτε,
2428 1098 2463 1163 ἢ
2509 1094 2773 1163 διοίκησιν
2805 1096 3266 1164 ἑκκλησιαστικὴν
3296 1096 3391 1153 ἐπὶ
3423 1094 3569 1154 δόσει
3599 1120 3680 1161 τις
3711 1098 3799 1155 δύ-

2164 1205 2315 1239 ναται
2348 1182 2559 1259 λαϐεῖν,
2591 1186 2626 1253 ἢ
2661 1187 2746 1242 ἐπὶ
2777 1192 2884 1241 τῶν
2917 1192 3159 1264 πτωχῶν
3189 1186 3451 1265 γίνεσθαι,
3482 1186 3521 1255 ἢ
3554 1186 3795 1261 ξενῶνος,

2164 1271 2200 1339 ἢ
2245 1276 2467 1349 εὖαγοῦς
2511 1274 2668 1331 οἴκου
2708 1280 3007 1352 προστῆναι
3044 1292 3061 1310 ⁸
3097 1275 3269 1331 πάντα
3295 1273 3350 1330 δὲ
3393 1276 3460 1331 τὰ
3504 1275 3593 1331 ἐπὶ
3634 1278 3801 1350 τούτῳ

2162 1358 2411 1436 διδόμενα
2455 1363 2491 1429 ἢ
2534 1363 2965 1443 ὑπισχνούμενα,
3019 1362 3049 1430 ἦ
3098 1362 3419 1443 Ἐκκλησία,
3451 1364 3489 1431 ἢ
3548 1366 3575 1420 ὁ
3609 1366 3801 1441 εὗαγής

2163 1453 2336 1521 οἶκος,
2386 1449 2614 1509 ἐκδικεῐ.
2670 1452 2941 1517 Ἐξουσίαν
2984 1450 3039 1507 δὲ
3099 1451 3318 1531 ἔχουσιν
3378 1456 3424 1508 οἱ
3484 1452 3793 1533 ἐπίσκοποι,

2164 1541 2251 1595 καὶ
2282 1542 2385 1614 πρὸ
2418 1563 2514 1607 της
2545 1542 2905 1621 χειροτονίας,
2951 1544 3048 1599 καί
3106 1543 3245 1617 μετὰ
3287 1547 3475 1622 ταῦτα,
3509 1556 3635 1607 ταῖς
3666 1541 3796 1600 Ἐκ-

2161 1628 2410 1696 κλησίαις
2445 1632 2615 1689 αὑτῶν
2646 1629 2988 1710 προσφέρειν.

2101 1824 2140 1874 Β
2244 1814 2495 1868 ΚΕΦΑΛ.
2545 1807 2679 1869 κε’.
2730 1810 2853 1889 Περὶ
2915 1818 3009 1869 τοῦ
3075 1810 3156 1886 μὴ
3218 1811 3452 1888 γίνεσθαι
3501 1810 3797 1889 ἆναχειρο-

2158 1897 2403 1967 τονήσεις
2414 1941 2428 1955 .

2625 1988 2684 2045 Ἀ
2693 1986 2972 2046 ποστό).ων
3002 1989 3178 2045 κανὼν
3207 1986 3316 2056 Εη’,

2238 2074 2343 2141 Εη’.
2394 2075 2461 2134 Εἴ
2504 2099 2581 2143 τις
2624 2077 2941 2157 ἐπίσκοπος,
2979 2079 3015 2144 ἢ
3048 2076 3422 2157 πρεσϐύτερος,
3454 2080 3491 2145 ἦ
3527 2077 3792 2154 διάκονος,

2158 2162 2403 2243 δευτέραν
2462 2167 2798 2246 χειροτονίαν
2850 2164 3054 2232 δέξεται
3112 2168 3257 2244 παρά
3286 2189 3457 2247 τινος,
3522 2170 3796 2246 καθαιρεί-

2159 2256 2265 2310 σθω
2308 2254 2396 2310 καὶ
2440 2256 2595 2317 αὑτὸς
2653 2258 2741 2311 καὶ
2785 2258 2813 2311 ὁ
2857 2256 3271 2334 χειροτονήσας,
3334 2258 3378 2312 εἰ
3441 2255 3523 2331 μή
3590 2278 3651 2334 γε
3701 2255 3796 2335 ἄρα

2157 2344 2407 2417 συσταίη,
2453 2342 2535 2399 ὅτι
2579 2345 2721 2423 παρὰ
2764 2347 3043 2422 αἱρετικῶν
3104 2344 3224 2425 ἔχει
3270 2346 3371 2413 τὴν
3406 2347 3744 2425 χειροτονίαν
3777 2364 3791 2380 ’

2156 2434 2277 2495 τοὺς
2347 2435 2446 2511 γάρ
2502 2434 2629 2508 περῖ
2700 2436 2959 2493 τοιούτων
3041 2436 3522 2516 χειροτονηθέντας
3599 2437 3636 2503 ἦ
3690 2437 3793 2512 βα-

2156 2521 2497 2603 πτισθέντας,
2545 2523 2662 2581 οὔτε
2714 2530 2933 2590 πιστοὺς
2992 2524 3109 2583 οὔτε
3154 2525 3443 2604 κὶηρικοὺς
3508 2526 3655 2583 εἶναι
3699 2524 3792 2581 δυ-

2154 2613 2337 2677 νατόν,

2480 2701 2704 2760 Συνόδου
2741 2701 3109 2782 Καρθαγέωνης
3140 2705 3313 2762 κανὼν
3344 2702 3465 2778 μη⁹.

2306 2794 2436 2872 Περὶ
2472 2791 2956 2864 ἀναϐαπτισμάτων
2993 2793 3079 2848 καὶ
3111 2793 3565 2873 άναχειροτονιῶν
3596 2794 3633 2860 ἦ

2621 2871 2966 2947 μεταϐάσεων
2994 2871 3327 2934 ὶπισκόπων.

2236 2960 2364 3037 μη’.
2420 2962 2634 3019 Ἐκεῖνο
2676 2960 2730 3017 δὲ
2764 2962 3098 3042 ἀναφέρομεν
3131 2962 3379 3020 ἑνταλθὲν
3408 2964 3574 3038 ἡμῖν,
3607 2963 3669 3019 τὸ
3696 2959 3789 3019 καῖ

2156 3051 2211 3108 ἐν
2239 3057 2309 3127 τῇ
2361 3051 2561 3125 συνόδῳ
2610 3056 2679 3127 τῇ
2733 3051 2786 3107 ὲν
2829 3052 3020 3127 Καπύῃ
3053 3053 3282 3129 ὁρισθὲν,
3317 3052 3455 3109 ὥστε
3488 3053 3570 3127 μὴ
3603 3050 3791 3118 ἐξεῖναι

429 3138 816 3232 statutummt
836 3151 953 3232 no‘n
978 3132 1156 3232 liceat
1181 3133 1312 3232 ﬁeri
1345 3132 1867 3213 rebaptizationes,
1900 3152 2072 3232 reor-

2165 3140 2388 3219 γίνεσθαι
2440 3139 2839 3215 ἆναϐαπτίσεις,
2886 3141 2923 3207 ἦ
2980 3141 3491 3221 ἀναχειροτονήσεις
3550 3142 3587 3208 ἢ
3620 3162 3791 3216 μετα-

431 3220 797 3297 dinationes,
832 3222 925 3284 vel
971 3222 1395 3284 translationes
1445 3223 1891 3303 episcoporum.
1925 3221 2072 3284 Nam

2165 3230 2395 3299 κινήσεις
2453 3228 2786 3288 ἐπισκόπων.
2843 3230 3176 3307 Κρεσκώνιος
3224 3232 3313 3287 οὗν
3375 3232 3468 3286 τοῦ
3509 3232 3794 3296 Ῥεκὲνσης

432 3308 795 3373 Cresconius
826 3310 978 3372 villa;
1007 3311 1370 3390 Rbegiensis
1403 3312 1940 3393 episcopus,plebe
1966 3331 2075 3376 sua

432 3399 1111 3474 derelicta,Tubiensem
1136 3399 1264 3480 (23)
1298 3400 1508 3463 invasit
1536 3400 1960 3476 Ecclesiam,et
1982 3422 2077 3465 us-

432 3508 550 3570 que
580 3490 763 3553 hodie
793 3490 1562 3571 commonitus,secundum
1596 3491 1754 3569 quod
1787 3500 2070 3554 statutum

430 3579 994 3660 fuerat,relinquere
1009 3581 1278 3642 eamdem
1295 3598 1472 3661 quam
1490 3580 1788 3642 invaserat
1803 3580 2064 3661 plebem,

430 3670 1132 3752 contempsit.Adversus
1160 3670 1341 3731 istum
1367 3688 1503 3748 quae
1528 3671 1912 3751 pronuntiata
1932 3670 2068 3733 tue-

428 3767 582 3835 rant,
608 3759 960 3821 conﬁrmata
984 3759 1226 3840 quidem
1249 3759 1582 3821 audivimus
1611 3778 1625 3819 :
1651 3759 1754 3820 sed
1783 3760 2065 3839 petimus,

348 3923 359 3933 ν
406 3848 759 3910 secundum
785 3848 945 3930 quod
970 3847 1144 3910 nobis
1174 3846 1515 3910 mandatum
1543 3856 1731 3920 est,ut
1764 3848 2066 3926 dignemi-

429 3937 492 3999 ni
517 3938 657 4000 dare
681 3938 1112 4019 ﬁduciam,quo
1130 3937 1254 4017 jam
1283 3936 1643 4000 necessitate
1662 3938 1791 4016 ipsa
1815 3946 2066 4016 cogente

370 4034 381 4047 ’
427 4025 685 4089 liberum
734 4025 910 4088 nobis
952 4028 1029 4087 sit
1067 4034 1364 4088 rectorem
1393 4027 1712 4106 provinciae
1732 4026 2066 4087 secundum

426 4116 515 4175 87
541 4124 757 4179 statuta
797 4116 1370 4194 gloriosissimorum
1399 4114 1739 4195 principum
1779 4116 2068 4177 adversus

425 4203 595 4267 illum
620 4205 821 4266 adire:
874 4214 936 4265 ut
985 4204 1087 4282 qui
1139 4202 1702 4266 mitiadmonitione
1736 4205 2067 4267 sanctitatis

425 4302 638 4355 vestrm
693 4292 1087 4373 acquiescere
1144 4292 1362 4366 noluit,
1416 4302 1477 4355 et
1528 4292 1857 4355 emendare
1887 4293 2065 4355 illici-

428 4389 577 4456 tum,
611 4388 963 4444 auctoritate
1006 4382 1329 4462 judiciaria
1370 4382 1643 4461 protinus
1690 4382 2062 4445 excludatur.

506 4472 780 4534 Aurelius
812 4471 1134 4552 episcopus
1164 4470 1312 4533 dixit
1344 4488 1356 4530 :
1383 4473 1628 4534 Servata
1661 4472 1851 4533 forma
1882 4472 2062 4534 disci-

425 4560 606 4642 plinas
637 4580 753 4624 non
788 4560 1185 4623 asstimabitur
1222 4561 1522 4643 appetitus
1548 4559 1699 4643 (24),
1722 4562 1771 4623 si
1801 4579 1835 4624 a
1869 4569 2064 4625 vestra

423 4651 717 4715 charitate
747 4651 1022 4715 modeste
1079 4660 1410 4715 conventus
1440 4652 1731 4714 recedere
1760 4652 2065 4714 detrecta-

420 4743 598 4818 verit,
633 4761 766 4805 cum
800 4743 1003 4817 fuerit,
1061 4760 1169 4803 suo
1219 4749 1566 4821 contemptu
1599 4750 1659 4804 et
1690 4741 2068 4804 contumacia

420 4829 700 4905 faciente,
734 4833 914 4894 etiam
967 4832 1324 4894 auctoritate
1365 4831 1686 4913 juiliciaria
1735 4842 2065 4893 conventus

421 4920 534 5000 [αι.
561 4924 910 5001 convictus].

501 5010 841 5075 Honoratus
868 5020 927 5075 et
958 5010 1240 5077 Urbanus
1271 5009 1539 5091 episcopi
1569 5008 1850 5072 dixerunt
1884 5028 1898 5073 :
1934 5012 2061 5074 Hoc

423 5116 566 5178 ergo
626 5101 910 5162 omnibus
970 5100 1211 5182 placet?
1268 5100 1354 5162 Ab
1408 5098 1708 5162 universis
1759 5102 2061 5183 episcopis

422 5187 646 5251 dictum
681 5199 774 5251 est
808 5211 822 5253 :
859 5189 1084 5265 Placet,
1120 5200 1180 5253 et
1206 5190 1439 5270 justum
1474 5198 1584 5251 est.

500 5282 531 5332 4
561 5281 892 5346 Concilium
923 5283 1111 5348 Alric.
1139 5302 1273 5349 can.
1310 5284 1407 5346 15.

2155 3318 2321 3397 ἆγροῦ
2368 3319 2658 3380 ἰεπίσκοπος
2718 3321 3129 3397 καταφρονήσας
3186 3327 3281 3377 τοῦ
3323 3318 3453 3377 ἰδίου
3517 3318 3673 3393 λαοῦ,
3727 3325 3793 3396 τῇ

2153 3415 2249 3465 τοὺ
2296 3406 2490 3473 Βικὲνη
2537 3404 2704 3473 ἐπέϐη
2750 3406 3045 3478 Ἐκκλησία
3081 3426 3093 3441 ·
3152 3410 3251 3465 καὶ
3293 3407 3393 3470 ἕως
3426 3413 3529 3474 τῆς
3558 3410 3789 3487 σήμερον

2154 3495 2417 3561 πολλάκις
2476 3496 2838 3570 ὑπομνησθεὶς
2896 3497 3035 3553 κατὰ
3086 3497 3147 3553 τὸ
3207 3498 3415 3571 ὁρισθὲν
3472 3497 3793 3554 καταλιπεῖν

2151 3587 2249 3653 τὴν
2311 3586 2472 3653 αὐτὴν
2505 3584 2829 3652 Ἐκκλησίαν
2874 3587 2942 3662 ᾖν
2972 3607 3076 3641 τινι
3120 3585 3373 3659 ἐπῆλθεν,
3433 3587 3544 3665 οὑχ
3588 3585 3789 3643 εἵλετο.

2154 3674 2284 3751 Περὶ
2314 3676 2500 3732 τούτου
2531 3671 2585 3729 δὲ
2615 3676 2681 3731 τὰ
2732 3673 3168 3752 προαγγελθέντα
3224 3674 3415 3751 βέϐαια
3457 3674 3787 3752 ἠκούσαμεν,

2149 3766 2237 3821 καὶ
2270 3766 2519 3838 αἰτοῦμεν
2548 3764 2685 3819 κατὰ
2724 3765 2780 3819 τὸ
2806 3762 3028 3820 ἓνταλὲν
3060 3764 3223 3839 ἡμῖν,
3270 3763 3365 3819 ’ίνα
3420 3762 3787 3829 καταξιώσητε

2150 3852 2328 3910 δουναι
2361 3851 2658 3930 παῤῥησίαν
2701 3850 2787 3908 ἐπ’
2824 3850 2999 3916 ἀδείας
3032 3853 3173 3927 ἡμῖν
3207 3851 3453 3931 γενέσθαι
3490 3873 3506 3891 ο
3544 3852 3629 3908 ὅτι
3660 3858 3787 3917 αὕτη

2148 3945 2182 4012 ἡ
2231 3942 2441 4021 ἀνάγκη
2475 3942 2863 4019 παρασκευάζει
2913 3948 2991 4015 τῷ
3034 3940 3260 4021 ἄρχοντι
3302 3947 3404 4008 τῆς
3451 3942 3641 4022 χώρας
3672 3939 3788 3997 κατ’

2149 4031 2350 4090 ἐκείνου
2387 4030 2722 4110 προσελθεῖν,
2776 4032 2912 4087 κατὰ
2957 4031 3052 4093 τὰς
3095 4028 3378 4096 διαστίξεις
3422 4037 3533 4087 τῶν
3579 4028 3787 4094 ἐνδοξο-

2151 4122 2325 4183 τάτων
2384 4119 2650 4197 βασιλέων
2681 4137 2696 4151 ⁸
2746 4120 2837 4176 ἵνα
2868 4123 2894 4176 ὁ
2924 4124 2994 4195 τῇ
3025 4120 3178 4197 πράῳ
3205 4121 3506 4194 ὑπομνήσει
3538 4120 3633 4187 τῆς
3658 4121 3786 4193 ὑμε-

2148 4209 2304 4288 τέρας
2349 4210 2658 4287 ἁγιωσύνης
2688 4213 3061 4288 πειθαρχῆσαι
3107 4210 3185 4284 μὴ
3237 4207 3495 4283 θελήσας,
3528 4211 3619 4265 καὶ
3647 4206 3787 4286 διορ-

2148 4300 2413 4356 θώσασθαι
2499 4301 2562 4355 τὸ
2646 4298 3066 4378 ἀσυγχώρητον,
3172 4298 3413 4371 αὑθεντίᾳ
3483 4298 3783 4377 ἄρχοντικῇ

2148 4391 2489 4468 παραχρῆμα
2535 4386 2769 4463 κωλυθῇ.

2230 4476 2491 4553 Αὐρήλιος
2524 4476 2817 4539 ἐπίσκοπος
2848 4479 3004 4532 εἶπεν
3038 4492 3052 4506 ⁸
3086 4474 3465 4555 Φυλαχθέντος
3494 4482 3589 4531 τοῦ
3616 4476 3783 4531 τύπου

2151 4573 2251 4635 τῆς
2299 4567 2707 4643 καταστάσεως,
2754 4567 2833 4641 μὴ
2880 4570 3034 4641 κριθῄ
3080 4569 3180 4632 τῆς
3238 4562 3455 4624 συνόδου
3502 4565 3781 4643 ὑπάρχων,

2150 4659 2244 4714 ἐὰν
2287 4656 2537 4720 ἐπιεικῶς
2600 4656 2827 4722 αἰτηθεὶς
2887 4656 3034 4732 παρὰ
3098 4660 3197 4722 τῆς
3249 4654 3507 4731 ὑμετέρας
3568 4654 3781 4731 αγάπης

2148 4746 2448 4813 ἀποστῆναι
2497 4746 2873 4819 παρῃτήσατο,
2928 4746 3113 4811 ἐπειδὴ
3149 4745 3209 4799 ἐκ
3240 4750 3338 4811 τῆς
3372 4743 3571 4809 οἰκείας
3603 4763 3773 4798 κατα-

2147 4836 2457 4917 φρονήσεως
2513 4835 2603 4889 καὶ
2660 4834 2974 4908 μονοτονίας
3027 4833 3314 4912 περιῆλθεν
3344 4835 3417 4895 εἰς
3449 4830 3778 4913 ἀρχοντικὴν

2146 4924 2405 4991 ἐξουσίαν,

2226 5007 2523 5091 Ὀνωράτος
2554 5012 2645 5068 καὶ
2675 5009 2940 5081 Οὑρϐανος
2980 5016 3030 5069 οἱ
3076 5012 3359 5070 ἐπίσκοποι
3391 5014 3577 5070 εἶπον⁹
3616 5017 3776 5070 Τοῦτο

2144 5111 2273 5163 πᾶσι
2331 5102 2540 5182 ἀρέσκει
2574 5117 2589 5133 ⁸
2639 5101 2746 5158 ἀπὸ
2796 5102 3012 5160 πάντων
3071 5102 3387 5160 ἐπισκόπων
3421 5101 3647 5183 ἐλέχθνγ
3684 5098 3775 5155 Δί-

2143 5195 2296 5252 καιόν
2326 5193 2493 5267 ἔστιν,
2526 5190 2759 5271 ἀρέσκει.

1983 5382 2235 5449 ΝΟΤΔΕ.

500 5480 733 5564 (39-21)
764 5480 1121 5564 intelligitur
1167 5480 1245 5542 de
1300 5479 1791 5564 Cataphrygibus,
1827 5490 1893 5544 ut
1924 5500 2057 5564 cap.

419 5561 495 5625 i9
527 5563 746 5626 CODt‘il.
772 5560 881 5623 Nic
915 5610 929 5641 ,
965 5569 1025 5622 et
1051 5561 1130 5624 95
1154 5571 1337 5623 sexta:
1358 5560 1590 5641 synodi.

501 5642 624 5725 {22)
661 5640 1174 5725 ConcsCarthag.
1228 5658 1317 5717 ιιι,
1373 5640 1508 5703 can.
1572 5642 1692 5719 38;
1747 5641 2062 5725 napuense

425 5724 641 5787 concil.
675 5723 817 5788 anni
848 5723 990 5787 389.

2227 5480 2346 5561 (23)
2382 5476 2502 5562 ns.
2542 5502 2569 5535 α
2603 5478 3128 5562 Tubuniensem...
3152 5486 3215 5562 et
3234 5477 3509 5562 usquein
3532 5472 3772 5562 hodie.»

2227 5556 2357 5641 (Ἣ)
2389 5559 2510 5622 Hoc
2545 5569 2656 5635 est,
2700 5582 2723 5617 ι
2754 5578 2871 5621 non
2924 5556 3404 5624 aastimabitur'ei
3434 5559 3585 5622 facta
3616 5556 3776 5634 inju-

2143 5644 2256 5708 ria.
2295 5663 2322 5704 ι
