4108 6222
284 341 392 406 541

281 587 384 621 πον
417 565 452 632 ἡ
497 561 760 640 κληρικὸν
790 561 894 618 ἀπὸ
925 560 1133 626 πόλεως
1167 562 1239 618 εἰς
1287 560 1463 621 πόλιν.

608 667 834 725 Συνόδο)
878 670 1099 730 Νικαίας
1141 669 1317 724 κανὼν
1363 657 1454 743 ιε’,
1487 669 1610 744 ις’,

366 778 463 839 ιε’.
523 775 622 833 Διὰ
679 776 768 832 τὸν
818 774 983 832 πολὺν
1035 775 1274 853 τάραχον
1310 774 1398 830 καὶ
1438 776 1532 839 τας
1564 777 1778 840 στάσεις
1836 776 1930 840 τὰς

274 866 610 948 γινομένας,
700 864 840 932 ἔδοξε
940 864 1244 921 παντάπασι
1351 869 1750 943 περιαιρεθῆναι
1834 867 1932 932 τὴν

275 959 566 1027 συνήθειαν
625 955 722 1023 τὴν
775 955 918 1032 παρὰ
971 966 1062 1010 τὸν
1118 955 1315 1010 κανόνα
1359 957 1660 1030 εὑρεθεῖσαν
1715 954 1768 1010 ἕν
1827 977 1930 1011 τισι

276 1049 522 1126 μέρεσιν,
605 1044 741 1101 ὥστε
801 1044 908 1100 ἀπὸ
964 1042 1176 1108 πόλεως
1249 1046 1320 1109 εἰς
1390 1044 1546 1101 πόλιν
1607 1045 1686 1120 μή
1759 1065 1930 1120 μετα-

272 1135 502 1208 ϐαίνειν,
577 1136 717 1210 μήτε
776 1133 1090 1207 ἐπίσιοπον,
1148 1136 1286 1206 μήτε
1360 1133 1732 1214 πρεσϐύτερον,
1792 1135 1931 1208 μήτε

273 1225 542 1285 διάκονον.
580 1225 639 1281 Εἰ
691 1221 745 1278 δέ
773 1244 885 1294 τις,
920 1222 1055 1293 μετὰ
1097 1223 1188 1277 τὸν
1217 1229 1317 1290 τῆς
1365 1224 1517 1299 ἁγίας
1549 1226 1638 1280 καὶ
1685 1223 1929 1302 μεγάλης

273 1313 500 1372 συνόδου
552 1313 696 1391 ὅρον,
745 1312 973 1384 τοιούτῳ
1014 1311 1122 1366 τινί
1177 1311 1602 1394 ἐπιχειρήσειεν,
1636 1316 1671 1381 ἢ
1723 1311 1928 1379 ἐπιδοίη

273 1406 470 1462 ἑαυτὸν
533 1401 807 1481 πράγματι
879 1401 1129 1476 τοιούτῳ,
1189 1403 1588 1480 ἀκυρωθήσεται
1642 1403 1930 1468 ἐξάπαντος

269 1497 335 1552 τὸ
396 1493 836 1565 κατασκεύασμα,
896 1493 984 1547 καὶ
1041 1490 1610 1562 ἀποκατασταθήσεται
1673 1499 1742 1568 τῇ
1800 1493 1931 1549 Ἐκ-

272 1583 477 1654 κλησίᾳ
506 1586 544 1659 ᾗ
573 1585 600 1638 ὁ
646 1581 936 1643 ἐπίσκοπος
971 1580 1006 1649 ἢ
1056 1583 1082 1636 ὁ
1126 1579 1474 1660 πρεσϐύτερος
1519 1584 1927 1662 ἐχειροτονήθη.

361 1674 495 1747 ις’.
527 1671 686 1729 “Οσοι
719 1667 1127 1745 ῥιψοκινδύνως,
1164 1672 1302 1746 μήτε
1337 1673 1426 1729 τὸν
1472 1669 1633 1752 φόϐον
1677 1671 1769 1729 τοῦ
1801 1677 1931 1727 Θεοῦ

273 1764 380 1840 πρὸ
451 1759 742 1841 ὀφθαλμῶν
804 1759 1050 1839 ἔχοντες,
1121 1761 1258 1832 μήτε
1323 1762 1414 1818 τὸν
1485 1760 1930 1828 ἐκκλησιαστικὸν

1061 336 1478 400 SYNTAGMA
1543 337 1940 402 CANONUM.
1991 371 2067 383 —
2123 339 2278 401 TIT.
2330 341 2382 418 Ι,
2426 340 2588 403 CAP.
2638 341 2858 404 XXVI.

369 479 621 538 ΚΕΦΑΛ,
685 472 834 548 κζ’.
867 507 941 518 -
992 472 1114 540 Περὶ
1166 479 1256 528 τοῦ
1302 473 1378 546 μὴ
1413 451 1647 548 μετιέναι
1700 475 1986 533 ἐπίσκο·Α

3540 338 3657 402 54⁸2

2093 473 2258 537 CAP.
2309 473 2524 538 XXVI.
2562 509 2638 520 —
2672 475 2766 538 Ne
2816 477 3124 557 episwpus
3159 475 3251 538 vel
3299 473 3556 539 clericus
3587 475 3660 540 de

2013 581 2138 627 una
2169 567 2233 626 in
2263 566 2453 627 aliam
2483 568 2794 627 civitatem
2826 571 3316 645 transferantur.

2295 673 2524 752 Synodi'
2551 673 2818 736 Nicwnce
2846 691 3104 736 canones
3140 673 3238 749 15,
3275 675 3373 737 16.

2096 779 2192 842 15.
2227 778 2476 860 Pr0pter
2498 782 2530 830 5
2561 779 2815 841 multum
2869 783 3191 843 tumultum
3225 788 3283 842 et
3332 781 3660 844 seditiones

2018 885 2148 946 quae
2178 867 2348 943 ﬁunt,
2384 867 2632 929 omnino
2666 869 2853 930 visum
2889 881 2980 930 est
3014 879 3078 930 ut
3105 871 3495 945 consuetudo,
3530 891 3662 952 quin

2017 966 2235 1037 praeter
2265 975 2553 1019 canonem
2589 958 2649 1018 in
2683 959 2991 1021 nonnullis
3037 960 3308 1040 partibus
3338 962 3658 1040 invenitur,

2017 1047 2291 1107 tollatur:
2329 1058 2394 1108 ut
2424 1066 2457 1109 a
2492 1047 2728 1109 civitate
2761 1049 2819 1108 in
2853 1049 3148 1111 civitatem
3187 1069 3296 1112 nec
3319 1053 3654 1132 episcopus,

2016 1153 2126 1196 nec
2160 1135 2489 1217 presbyter,
2511 1155 2622 1198 nec
2654 1137 2942 1199 diaconus
2975 1148 3256 1200 transeat.
3292 1141 3353 1202 Si
3385 1141 3516 1220 quis
3547 1158 3661 1202 au-

2015 1233 2132 1286 tem
2184 1235 2317 1306 post
2348 1236 2566 1288 sanctae
2623 1234 2680 1289 et
2714 1245 2946 1303 magna;
2996 1229 3206 1308 synodi
3247 1229 3657 1291 deﬁnitionem

2015 1316 2129 1375 tale
2161 1315 2464 1396 quidpiam
2489 1334 2805 1394 aggressus
2839 1317 3137 1391 fuerit,vel
3157 1336 3222 1378 se
3246 1319 3334 1379 rei
3365 1319 3659 1397 ejusmodi

2013 1404 2269 1478 dederit,
2305 1407 2462 1485 quod
2517 1407 2732 1468 factum
2767 1407 2904 1484 erit,
2938 1407 3182 1468 omnino
3236 1407 3656 1485 inﬁrmabitur,

2017 1503 2074 1556 et
2103 1492 2386 1557 Ecclesia;
2413 1497 2783 1577 restituetur,
2816 1496 2911 1558 cui
2943 1502 3260 1578 episcopus
3292 1497 3385 1561 vel
3421 1499 3660 1579 presby-

2017 1591 2108 1646 ter
2138 1585 2447 1647 ordinatus
2479 1585 2679 1648 fuerit.

2095 1674 2195 1736 16.
2230 1674 2582 1756 Quicunque
2610 1676 2642 1726 ϐ
2680 1685 2908 1739 temere
2961 1685 3019 1739 et
3049 1677 3514 1752 inconsiderate,
3548 1693 3659 1739 nec

2013 1761 2122 1824 Dei
2157 1765 2431 1826 timorem
2471 1784 2588 1846 pra;
2618 1767 2808 1828 oculis
2831 1765 3271 1841 habentes,nec
3303 1767 3659 1829 ecclesiasti-

270 1852 478 1911 κανόνα
530 1849 751 1928 εἰδότες,
804 1850 1220 1929 ἀναχωρήσωσι
1272 1853 1368 1914 τῆς
1428 1849 1750 1917 Ἐκκλησίας
1794 1871 1923 1927 πρε-

2022 1872 2149 1914 cum
2189 1873 2482 1916 canonem
2513 1857 2772 1918 scientes
2806 1857 3136 1937 presbyteri
3166 1856 3259 1918 vel
3289 1857 3659 1930 diaconi,vel

273 1941 520 2018 σὸύτεροι
573 1941 608 2008 ἢ
671 1937 932 2012 διάκονοι,
969 1939 998 2006 ἢ
1043 1937 1182 2004 ὅλως
1233 1939 1288 1994 ἐν
1330 1945 1408 2012 τῷ
1462 1942 1644 1996 κανόνι
1679 1940 1926 2010 ἐξεταζό-

273 2054 453 2107 μενοι,
487 2031 631 2086 οὗτοι
665 2025 912 2102 οὐδαμῶς
949 2026 1125 2085 δεκτοὶ
1169 2027 1466 2105 ὀψειλουσιν
1497 2031 1639 2086 εἶναι
1693 2033 1746 2086 ἐν
1777 2029 1928 2107 ἑτέρᾳ

272 2118 563 2191 ἐκκλησίᾳ·
623 2115 763 2173 ἀλλὰ
811 2123 987 2174 πᾶσαν
1033 2119 1219 2182 αὐτοῖς
1250 2118 1492 2196 ἀνάγκην
1548 2119 1771 2176 ἔπεσθαι
1817 2119 1928 2198 χρὴ

270 2208 619 2287 ἀναστρέφειν
664 2209 738 2270 είς
791 2207 886 2270 τὰς
944 2208 1147 2264 ἑαυτῶν
1204 2211 1510 2288 παροικίας,
1555 2210 1590 2277 ἢ
1642 2207 1926 2282 ἐπιμένον-

271 2321 372 2362 τας
428 2300 826 2367 ὰκοινωνήτους
858 2298 1002 2354 εἶναι
1049 2300 1334 2377 προσήκει.
1385 2301 1440 2356 Ei
1476 2297 1529 2354 δὲ
1574 2301 1660 2356 καὶ
1711 2295 1928 2373 τολμά-

275 2389 387 2446 σειὲ
456 2411 540 2453 τις
602 2387 884 2467 ὑφαρπάσα
942 2389 1033 2444 τὸν
1095 2395 1172 2462 τῷ
1231 2388 1392 2466 ἑτέρῳ
1461 2388 1772 2467 διαφέροντα
1843 2387 1929 2443 καὶ

277 2483 666 2557 χειροτονῆσαι
727 2477 784 2532 ἐν
844 2484 911 2554 τῇ
963 2477 1122 2533 αὐτοῦ
1165 2477 1479 2552 Ἐκκλησία,
1533 2478 1610 2553 pii
1656 2498 1927 2554 συγκατα-

278 2567 554 2643 τιθεμένου
609 2573 703 2624 τοὺ
736 2565 864 2626 ἰδίου
928 2567 1222 2624 ἐπισκόπου
1273 2568 1333 2624 οὗ
1385 2568 1734 2648 ἀνεχώρησεν
1790 2569 1818 2622 ὁ
1872 2565 1928 2622 ἐν

274 2663 354 2732 τῷ
389 2657 568 2714 κανόνι
599 2655 1002 2732 ἐξεταζόμενος,
1038 2655 1228 2736 ἄκυρος
1262 2655 1400 2714 ἔστω
1437 2657 1466 2724 ἦ
1499 2657 1827 2736 χειροτονία.

607 2748 834 2807 Κυνόδου
885 2751 1223 2828 Ἀντιοχείας
1273 2751 1448 2806 κανὼν
1495 2741 1607 2811 κα’.

359 2843 446 2902 ια’
481 2844 805 2902 Ἐπίσκοπον
850 2844 957 2900 ἀπὸ
989 2846 1268 2922 παροικίας
1311 2845 1491 2921 ἐτέρας
1525 2847 1597 2909 εἷς
1633 2845 1814 2922 ἑτέραν
1846 2845 1922 2919 μὴ

270 2938 648 3012 μεθίστασθαι,
705 2935 846 3009 μήτε
895 2935 1215 3007 αύθαιρὲτως
1275 2933 1648 3012 ἐπιῤῥίπτοντα
1710 2936 1920 3013 ἑαυτὸν,

272 3026 414 3102 μήτε
459 3025 563 3080 ὑπὸ
624 3023 767 3080 λαῶν
817 3022 1220 3098 ἐκϐιαζόμενον,
1277 3027 1414 3099 μήτε
1473 3027 1574 3080 ὑπὸ
1618 3023 1923 3082 ἐπισκόπων

268 3113 728 3192 ἀναγκαζόμενον
791 3113 968 3185 μένειν
1021 3110 1075 3168 δὲ
1129 3115 1199 3175 εἰς
1244 3114 1310 3180 ἣν
1363 3112 1643 3192 ἐκληρώθη
1675 3114 1776 3170 ὑπὸ
1833 3120 1927 3170 τοῦ

2009 1942 2100 2003 88
2131 1944 2478 2024 quicunque
2515 1946 2760 2007 omnino
2790 1946 2849 2006 in
2883 1965 3112 2008 canone
3144 1954 3560 2026 recensentur,
3585 1947 3658 2009 ab

2011 2033 2284 2095 ecclesiis
2333 2037 2716 2116 secesserint,
2755 2034 2795 2095 ii
2848 2037 2906 2096 in
2965 2035 3160 2096 aliena
3189 2036 3444 2098 ecclesia
3492 2037 3654 2098 nullo

2011 2123 2190 2184 modo
2220 2123 2407 2202 recipi
2441 2123 2686 2199 debent,
2722 2125 2828 2186 sed
2861 2125 3105 2186 omnino
3139 2125 3388 2202 cogendi
3424 2135 3558 2186 sunt
3593 2126 3653 2186 in

2012 2229 2148 2272 suas
2198 2212 2464 2292 ipsorum
2498 2214 2811 2293 parochias
2842 2213 3043 2274 redire
3075 2232 3090 2274 :
3141 2214 3233 2274 vel
3264 2213 3315 2275 si
3367 2231 3654 2295 perseve-

2013 2311 2168 2375 rent,
2203 2320 2308 2363 eos
2357 2321 2389 2363 a
2423 2303 2845 2364 communione
2878 2311 3187 2382 separatos
3231 2321 3362 2364 esse
3395 2311 3654 2383 oportet.

2013 2387 2116 2451 Sin
2148 2399 2349 2452 autem
2381 2391 2556 2452 etiam
2580 2409 2761 2453 ausus
2788 2393 2816 2441 7
2849 2392 3025 2454 fuerit
3056 2393 3348 2473 quispiam
3382 2394 3657 2469 eum,qui

2013 2479 2083 2540 ad
2106 2479 2290 2541 alium
2312 2482 2570 2560 pertinet
2590 2480 2992 2560 subripere,et
3023 2481 3380 2543 ordinarein
3403 2481 3658 2543 ecclesia

2011 2587 2128 2629 non
2163 2570 2573 2632 consentiente
2606 2571 2848 2650 proprio
2873 2572 3178 2650 episcopo,
3206 2588 3240 2631 a
3270 2589 3383 2651 quo
3406 2571 3658 2634 recessit

2011 2659 2110 2738 qui
2141 2657 2202 2718 in
2229 2676 2460 2720 canone
2491 2669 2790 2733 censetur,
2826 2659 2994 2721 irrita
3021 2660 3091 2720 sit
3119 2658 3434 2722 ordinatio.

2331 2752 2588 2815 Concilii
2616 2753 2979 2816 Antiocheni
3010 2770 3202 2816 canon
3232 2753 3331 2815 21.

2094 2842 2196 2906 91.
2251 2844 2582 2926 Episcopus
2631 2845 2705 2906 ab
2757 2847 2872 2907 alia
2929 2846 3213 2926 parochia
3263 2846 3323 2906 in
3355 2845 3527 2906 aliam
3578 2863 3654 2908 ne

2010 2942 2290 3009 transeat,
2330 2955 2441 2997 nec
2475 2953 2541 2998 se
2589 2954 2696 2998 sua
2725 2944 2938 3015 sponte
2977 2935 3282 3015 ingerens,
3315 2954 3424 2997 nec
3454 2953 3487 2997 a
3539 2954 3652 3016 p0-

2009 3024 2163 3105 pulis
2193 3025 2246 3085 vi
2276 3025 2543 3102 adactus,
2581 3043 2692 3088 nec
2723 3025 2794 3086 ab
2846 3025 3145 3106 episc0pis
3173 3034 3414 3088 coactus
3449 3042 3462 3088 :
3520 3043 3651 3086 ma-

2009 3123 2358 3176 neatautem
2388 3115 2447 3176 in
2474 3134 2544 3177 ea
2573 3134 2750 3192 quam
2775 3133 2806 3177 a
2833 3118 2958 3179 Deo
2986 3117 3232 3177 sortitus
3264 3123 3352 3178 est
3372 3115 3649 3191 ecclesia,

270 3210 409 3261 Θεοῦ
458 3202 510 3267 ἐξ
544 3200 724 3280 ἀρχῆς
782 3201 1060 3273 ἐκκλησίᾳ,
1099 3203 1187 3258 καὶ
1237 3204 1314 3278 μη
1348 3204 1688 3277 μεθίστασθαι
1734 3205 1922 3274 αὐτῆς,

2022 3203 2170 3264 etab
2203 3221 2271 3266 ea
2301 3223 2419 3265 non
2469 3205 2732 3280 recedat,
2768 3203 3099 3268 secundum
3134 3205 3439 3268 decretum
3485 3205 3652 3284 prius

270 3291 413 3349 κατά
487 3293 576 3348 τὸν
638 3288 742 3358 ἤδη
814 3292 1070 3371 πρότερον
1138 3294 1256 3371 περὶ
1327 3293 1511 3350 τούτου
1583 3291 1923 3371 ἐξενεχθέντα

266 3382 394 3460 ὅρον
404 3429 417 3442 .

540 3473 768 3534 Συνόδου
801 3473 1141 3541 Χαλκηδόνος
1185 3477 1359 3532 κανὼν
1390 3465 1456 3551 ε’,
1491 3465 1551 3556 ις,
1584 3474 1659 3538 κ’,

359 3561 430 3633 ε’,
490 3568 622 3647 Περὶ
665 3575 740 3624 ὦν
789 3566 1214 3644 μεταϐαινόντων
1265 3570 1370 3625 ἀπὸ
1411 3568 1619 3632 πόλεως
1667 3571 1738 3634 εἷς
1769 3568 1924 3626 πόλιν

264 3659 582 3716 ἐπισκόπων
638 3657 673 3725 ἢ
718 3657 1010 3735 κληρικῶν,
1058 3656 1195 3722 ἔδοξε
1248 3659 1366 3720 τοὺς
1410 3660 1526 3736 περὶ
1571 3661 1771 3715 τούτων
1827 3679 1922 3714 τε-

264 3749 454 3813 θέντας
504 3746 727 3810 κανόνας
778 3748 922 3826 παρὰ
970 3751 1076 3802 τῶν
1136 3748 1301 3825 ἁγίων
1350 3749 1600 3828 Πατὲρων
1644 3748 1794 3827 ἔχειν
1823 3749 1921 3816 τὴν

264 3837 404 3895 ἰδίαν
432 3838 592 3915 ἰσχύν
604 3883 620 3900 ,

359 3917 418 3987 ι’.
475 3928 562 3994 Μὴ
593 3926 788 3993 ἐξεῖναι
843 3925 1100 4005 κληρικὸν
1148 3927 1202 3983 ἐν
1245 3925 1334 3984 δύο
1384 3927 1594 3985 πόλεων
1623 3929 1759 3985 κατὰ
1794 3950 1922 3988 ταυ-

265 4020 366 4074 τὸν
422 4014 808 4095 καταλέγεσθαι
869 4016 1202 4096 ἐκκλησίαις,
1263 4016 1315 4074 ἐν
1377 4017 1411 4093 ᾖ
1475 4038 1530 4074 τε
1575 4018 1673 4084 τὴν
1744 4017 1923 4096 ἀρχὴν

263 4107 682 4187 ἐχειροτονήθη,
719 4108 812 4162 καί
868 4107 923 4162 ὲν
953 4109 988 4182 ᾖ
1018 4107 1348 4187 προσέφυγεν
1407 4111 1481 4173 ὡς
1514 4109 1712 4184 μείζονι
1743 4107 1918 4180 δῆθεν,

263 4197 359 4254 διὰ
407 4194 563 4262 δόξης
595 4201 754 4262 κενῆς
787 4195 1086 4272 ἐπιθυμίαν.
1144 4198 1271 4260 Τοὺς
1304 4195 1356 4252 δέ
1403 4219 1462 4275 γε
1495 4205 1648 4254 τοῦτο
1700 4199 1922 4254 ποιοῦν-

261 4309 392 4364 τας,
469 4286 926 4342 ἀποκαθίστασθαι
999 4287 1066 4354 τῆ
1138 4284 1239 4358 ἰδίᾳ
1311 4287 1568 4359 ἐκκλησίᾳ
1641 4287 1693 4343 ἐν
1763 4289 1798 4363 ᾗ
1869 4285 1920 4351 ἐξ

262 4376 452 4455 ἀρχῆς
501 4375 1013 4455 ἐχειροτονήθησαν,
1047 4377 1133 4432 καὶ
1178 4375 1294 4433 ἐκεῖ
1347 4377 1508 4451 μόνον
1561 4375 1914 4452 λειτουργεῖν.

2007 3292 2083 3355 de
2115 3311 2184 3354 ea
2213 3311 2279 3354 re
2311 3293 2559 3355 editum.

2087 3476 2348 3540 Consilii
2395 3476 2906 3540 Chalcedonensis
2942 3495 3203 3540 canones
3231 3478 3291 3552 5,
3329 3477 3425 3551 10,
3458 3477 3567 3540 20.

2088 3570 2144 3630 5.
2199 3567 2286 3629 De
2317 3567 2640 3648 episcopis,
2674 3568 2761 3630 vel
2811 3567 3070 3640 clericis,
3103 3569 3203 3648 qni
3234 3587 3266 3628 a
3298 3568 3537 3628 civitate
3587 3567 3650 3628 in

2005 3655 2296 3718 civitatem
2355 3664 2686 3736 transeunt,
2722 3656 2942 3736 placuit
2987 3673 3094 3716 eos
3127 3657 3226 3734 qui
3262 3654 3407 3715 editi
3452 3662 3588 3715 sunt
3615 3670 3650 3714 a

2005 3745 2224 3808 sanctis
2256 3745 2536 3808 Patribus
2567 3763 2848 3820 canones,
2876 3745 3031 3805 vires
3063 3743 3360 3807 obtinere.

2087 3925 2185 3986 10.
2239 3926 2374 3987 Non
2429 3925 2610 3986 licere
2659 3922 2878 3985 clerico
2939 3922 3000 3983 in
3033 3921 3281 3984 duarum
3341 3920 3645 3982 civitatum

2006 4013 2278 4076 ecclesiis
2303 4013 2516 4076 eodem
2541 4021 2811 4093 tempore
2831 4012 2889 4072 in
2909 4011 3235 4089 catalogum
3260 4009 3564 4085 referri,et
3585 4009 3645 4070 in

2006 4120 2076 4165 ea
2094 4104 2152 4164 in
2173 4122 2288 4184 qua
2307 4122 2341 4164 a
2367 4101 2660 4182 principio
2685 4101 2996 4163 ordinatus
3021 4109 3194 4166 est.et
3216 4100 3275 4160 in
3295 4099 3444 4165 ea.iu
3465 4117 3642 4179 quam

2006 4201 2282 4274 tanquam
2310 4193 2383 4255 ad
2419 4191 3023 4272 majorem,confugit,
3047 4196 3290 4270 propter
3311 4189 3504 4249 inanis
3525 4190 3647 4268 glo-

2001 4281 2108 4344 riae
2137 4282 2525 4362 cupiditatem
2553 4303 2567 4341 :
2608 4300 2709 4344 eos
2735 4291 2930 4343 autem
2964 4279 3066 4360 qui
3099 4281 3207 4340 hoc
3240 4278 3480 4351 faciunt,
3518 4295 3652 4358 pro-

2003 4372 2146 4452 priae
2193 4371 2467 4434 ecclesiae
2496 4371 2752 4448 restitui,
2788 4372 2848 4432 in
2898 4389 3012 4450 qua
3063 4368 3136 4430 ab
3170 4368 3336 4429 initio
3387 4367 3650 4430 ordinati

264 4468 329 4524 Εἰ
389 4464 486 4539 μέν
544 4486 632 4520 τοι
698 4463 799 4532 ἤδη
855 4486 932 4528 τις
992 4465 1251 4540 μετετέθη
1283 4465 1335 4531 ἐξ
1386 4465 1552 4534 ἄλλης
1615 4468 1688 4528 εἷς
1747 4464 1916 4532 ἄλλην

2022 4469 2231 4535 ιυηι,υι
2250 4462 2374 4523 illic
2393 4462 2585 4522 Solum
2613 4461 2973 4522 ministrent:
3002 4459 3109 4521 sed
3138 4459 3183 4519 si
3203 4457 3329 4537 jam
3353 4456 3645 4537 quispiam

263 4555 578 4628 ἐκκλησίαν,
655 4552 822 4629 μηδὲν
895 4569 1014 4620 τοῖς
1098 4560 1196 4622 τῆς
1269 4557 1529 4634 προτέρας
1601 4554 1910 4630 ἐκκλησίας,

2022 4569 2071 4613 ιι
2091 4552 2288 4613 aliain
2314 4551 2486 4612 aliam
2514 4551 2828 4612 ecclesiam
2851 4550 3171 4610 translatus
3196 4545 3461 4621 est,nihil
3491 4545 3644 4634 prio-

264 4643 390 4712 ἤτοι
462 4651 568 4700 τῶν
627 4641 716 4699 ὑπ’
790 4645 951 4712 αὐτὴν
1025 4647 1352 4722 μαρτυρείων
1424 4645 1458 4713 ἢ
1531 4646 1817 4724 πτωχείων
1884 4645 1919 4712 ἢ

263 4732 616 4814 ξενοδοχείων
670 4733 1044 4790 ἐπικοινωνεῖν
1078 4736 1377 4813 πράγμασιο
1411 4736 1536 4797 τοὺς
1585 4733 1640 4789 δὲ
1672 4755 1733 4810 γε
1789 4732 1918 4790 τολ-

266 4825 510 4900 μῶντας,
559 4824 694 4898 μετὰ
764 4824 857 4879 τὸν
930 4821 1053 4902 ὅρον
1113 4829 1212 4890 τῆς
1272 4823 1515 4901 μεγάλης
1587 4826 1680 4879 καί
1741 4825 1920 4881 οἰκου-

267 4919 498 4988 μενικῆς
558 4914 756 4980 ταύτης
817 4911 1056 4992 συνόδου,
1105 4913 1355 4990 πράττειν
1415 4936 1465 4969 τι
1520 4913 1625 4969 τῶν
1669 4913 1757 4968 νῦν
1815 4913 1920 4989 ἆγ-

267 5003 673 5079 ηγορευμὲνων,
725 5002 915 5080 ὥρισεν
963 5004 996 5070 ἡ
1055 5003 1178 5081 ἁγία
1237 4999 1450 5067 σύνοδος
1507 5001 1781 5058 ἐκπίπτειν
1828 5024 1920 5058 του

267 5093 464 5148 οἰκείου
495 5093 719 5168 βαθμοῦ.

352 5181 430 5242 κ’.
509 5181 805 5259 Κληρικοὺς
877 5183 950 5244 είς
1023 5181 1310 5248 ἐκκλησίαν
1377 5180 1681 5256 τελοῦντας,
1745 5182 1916 5245 καθὼς

268 5269 374 5339 ἤδη
437 5271 728 5351 ὡρίσαμεν,
764 5272 841 5346 μὴ
899 5271 1095 5338 ἐξεῖναι
1152 5274 1226 5334 εἰς
1271 5271 1437 5339 ἄλλης
1469 5269 1676 5334 πόλεως
1728 5270 1916 5327 τάττε-

270 5364 387 5418 σθαι
431 5359 743 5437 ἐκκλησίαν,
776 5359 912 5420 ὰλλὰ
963 5361 1202 5440 στέργειν
1257 5361 1467 5430 ἐκείνην
1503 5361 1556 5417 ἐν
1679 5359 1916 5440 λειτουρ-

2001 4641 2087 4702 ris
2112 4641 2382 4702 ecclesiae
2413 4639 2500 4700 vel
2526 4657 2733 4700 eorum
2760 4657 2889 4718 quae
2913 4637 3026 4698 sub
3059 4655 3130 4698 ea
3157 4644 3297 4697 sunt
3333 4633 3649 4713 martyrio-

2003 4729 2249 4800 rum,vel
2275 4729 2898 4809 ptochotrophiorum,
2917 4727 3004 4788 vel
3025 4722 3531 4786 xenodochiorum
3551 4740 3644 4782 re-

2005 4819 2117 4881 bus
2149 4816 2740 4880 communicare.Eos
2764 4825 2958 4878 autem
2989 4814 3088 4896 qui
3113 4812 3241 4873 ausi
3267 4809 3488 4872 fuerint
3513 4817 3647 4888 post

2007 4926 2236 4987 magna;
2267 4908 2443 4987 hujus
2486 4915 2545 4968 et
2574 4907 2933 4968 universalis
2964 4902 3171 4984 synodi
3201 4900 3632 4974 deﬁnitionem,

2002 4997 2227 5076 aliquid
2253 5015 2460 5058 eorum
2485 4999 2577 5059 89
2609 5015 2740 5076 quae
2769 5004 2909 5056 sunt
2940 4991 3259 5076 prohibita,
3286 4991 3503 5062 facere,
3531 4997 3644 5050 sta-

2003 5088 2116 5149 tuit
2163 5097 2368 5149 sancta
2399 5088 2660 5168 synodus
2711 5104 2810 5146 eos
2844 5083 3083 5166 proprio
3127 5079 3320 5168 gradu
3341 5079 3639 5141 excidere.

2081 5182 2179 5239 20.
2216 5167 2478 5238 Clericos
2528 5177 2588 5236 in
2625 5175 2900 5238 ecclesiis
2943 5168 3270 5234 ministerio
3301 5167 3638 5247 iungentes,

2000 5264 2642 5348 quemadmodumjam
2680 5265 3016 5338 statuimus,
3048 5278 3165 5321 non
3191 5258 3374 5320 licere
3406 5259 3464 5318 in
3487 5259 3642 5321 alius

1998 5356 2250 5419 civitatis
2275 5355 2538 5418 ecclesia
2567 5353 2869 5418 ordinari:
2899 5352 3002 5415 sed
3030 5349 3127 5412 illa
3151 5365 3283 5412 esse
3302 5355 3637 5425 contentos,

346 5620 378 5670 ⁵
407 5620 613 5703 App.“-
662 5619 738 5703 15
773 5635 788 5692 ;
815 5617 1120 5703 _Sardic._t_
1153 5641 1169 5694 ;
1207 5617 1422 5703 Leonis
1451 5618 1552 5703 es.
1636 5618 1668 5670 6
1699 5619 1910 5703 Apost.
1949 5619 2023 5684 15
2052 5624 2110 5688 et
2137 5617 2263 5695 33;
2310 5615 2590 5680 Antioch.
2624 5614 2661 5677 3
2698 5631 2712 5694 ;
2745 5613 2946 5678 Chalc.
2993 5613 3032 5678 5
3061 5618 3118 5676 et
3166 5609 3268 5674 20.
3355 5611 3384 5659 τ
3417 5607 3624 5692 Apost.

272 5697 393 5776 16;
431 5697 617 5763 Atric.
655 5701 722 5763 2t
768 5701 1016 5780 ;lnnoc.
1057 5699 1127 5762 14
1164 5717 1180 5779 ;
1215 5699 1417 5764 Gelas.
1455 5701 1564 5768 23.
