4018 6206
377 305 387 318 ’
454 310 570 376 543

1551 315 1817 380 ΡΗΟΤΙΙ
1873 314 2394 380 ΡΑΤΗΙΑΒΟΗίΕ
2436 318 2550 381 GP.

3637 322 3727 386 544

452 447 514 510 in
538 465 655 531 qua
679 443 756 510 ab
783 446 952 510 initio
982 455 1047 512 ut
1069 446 1514 522 ministrarent,
1533 447 1698 528 digni
1727 446 1916 511 habiti
1939 454 2076 512 sunt

2185 463 2306 530 γεϊν
2354 450 2406 518 ἐξ
2451 450 2631 532 ἀρχῆς
2689 450 3015 521 ἠξιώθησαν
3079 449 3232 519 ἐκτὸς
3283 450 3495 530 ἐκείνων,
3540 466 3587 510 o't
3629 475 3737 520 τινες

423 545 671 618 ,praater
704 538 838 600 illos
866 538 965 619 qui
995 537 1212 600 amissa
1245 556 1349 600 sua
1376 536 1587 619 patria,
1623 538 1683 598 in
1709 538 1885 600 aliam
1912 539 2105 602 eccle-

2185 539 2548 608 απολέσαντες
2605 543 2700 604 τὰς
2757 541 2888 606 ἰδίας
2949 541 3229 622 πατρίδας,
3290 543 3388 600 ἀπὸ
3445 543 3636 620 ἀνάγκης
3681 545 3739 606 εἷς

451 629 599 691 siam
658 629 997 692 necessario
1032 628 1419 691 transierunt.
1465 626 1528 690 Si
1583 629 1680 708 qui
1713 635 1912 690 autem
1969 628 2084 710 epi-

2184 629 2356 698 ἄλλην
2408 631 2697 699 ἐκκλησίαν
2728 632 3012 704 μετῆλθον.
3049 635 3106 690 Εἰ
3168 631 3222 690 δέ
3254 655 3331 698 τις
3368 633 3611 694 ἓπίσκοπος
3635 633 3740 707 μετὰ

451 718 617 796 scopi
648 730 781 798 post
833 718 946 779 hoc
978 717 1314 794 decretum,
1351 717 1637 779 clericum
1683 717 1786 794 qui
1816 716 1889 779 ad
1921 717 2100 779 alium

451 807 796 885 episcopum
833 804 1113 887 pertinet,
1136 811 1536 886 susceperint,
1574 805 1797 888 placuit
1829 824 1962 867 esse
1992 824 2099 868 ex-

448 895 943 976 communicatos,
977 915 1232 978 eumque
1262 897 1363 977 qui
1397 904 1708 976 susceptus
1738 904 1914 972 est,et
1935 914 2095 972 eum,

448 985 548 1064 qui
578 986 868 1066 suscepit,
897 986 1089 1048 donec
1122 986 1378 1049 clericus
1410 986 1508 1067 qui
1537 985 1904 1065 migravit,in
1927 1003 2094 1047 suam

447 1075 761 1138 ecclesiam
795 1077 1021 1140 redeat.

624 1169 884 1233 Consilii
913 1169 1306 1235 Sardicensis
1335 1186 1597 1232 canones
1635 1175 1686 1243 l,
1721 1169 1783 1246 2,
1819 1169 1916 1232 i5.

442 1248 669 1313 Sancta
709 1251 975 1330 synodus
1007 1251 1278 1314 Serdica:
1320 1255 1684 1330 congregata
1717 1267 1794 1312 ex
1822 1251 2092 1312 diversis

642 1333 995 1410 provinciis,
1031 1331 1315 1410 deﬁnivit
1354 1347 1486 1410 quw
1528 1338 1888 1411 sequuntur.

528 1426 586 1486 1.
621 1423 797 1487 Osius
829 1424 1000 1487 urbis
1030 1423 1325 1487 Cordubae
1375 1424 1502 1505 (25)
1535 1424 1857 1504 episcopus
1892 1420 2040 1485 dixit
2071 1444 2088 1486 :

443 1512 574 1576 Non
602 1521 718 1576 tam
753 1516 906 1577 mala
936 1514 1333 1591 consuetudo,
1367 1533 1542 1595 quam
1586 1512 2096 1594 perniciosissima

441 1621 644 1665 rerum
679 1606 1045 1684 corruptela,
1080 1613 1171 1667 est
1201 1621 1275 1666 ex
1318 1604 1465 1684 ipsis
1493 1603 1897 1664 fundamentis
1930 1603 2094 1683 peni-

449 1700 545 1755 tus
589 1694 972 1774 exstirpanda
1007 1716 1020 1755 :
1054 1713 1132 1757 ne
1186 1694 1284 1756 cui
1315 1695 1600 1774 episcopo
1647 1693 1824 1754 liceat
1851 1710 1884 1754 a
1919 1711 2096 1773 parva

2182 721 2276 776 τὸν
2322 719 2440 800 ὅρον
2470 722 2679 796 τοῦτον,
2713 720 2862 793 ἄλλῳ
2908 721 3191 794 ξτισκύπῳ
3231 724 3538 800 προσήκοντα
3583 720 3743 786 δέξαιτο

2181 809 2463 889 κληρικὸν,
2497 809 2670 876 ἔδοξεν
2724 811 3084 879 ἀκοινώνητον
3133 813 3276 869 εἶναι
3319 812 3504 869 καὶτὸν
3543 808 3744 889 δεχθὲντα

2182 899 2270 956 καὶ
2327 901 2420 956 τὸν
2497 898 2802 977 δεξαμενον⁶
2871 900 2970 959 ἕώς
3029 900 3091 957 ἂν
3149 903 3177 958 ὁ
3235 901 3484 977 μεταστὰς
3544 898 3746 979 κληρικός

2181 989 2254 1052 είς
2287 988 2384 1056 τὴν
2415 987 2546 1046 ἰδίαν
2577 988 2840 1067 ἐπανέλθῃ
2873 989 3185 1058 ἐκκλησίαν.

2457 1171 2685 1252 Συνύδου
2716 1172 2981 1252 Σαρδικῖκ
3015 1173 3190 1231 κανὼν
3220 1173 3304 1250 α’,
3336 1163 3406 1252 β’,
3439 1172 3521 1232 ιε’.

2221 1248 2286 1309 Ἦ
2329 1251 2454 1332 ᾇγία
2512 1251 2725 1319 σύνοδος
2767 1248 2808 1322 ἦ
2864 1256 2917 1310 ὲν
2961 1253 3198 1332 Σαρδικῇ
3261 1248 3644 1332 συγκροτηθεῖσα
3676 1249 3723 1306 ὲκ

2337 1331 2600 1414 διαφορων
2631 1333 2908 1413 ἐπαρχιῶν
2939 1331 3098 1412 ὥρισε
3143 1331 3207 1392 τὰ
3234 1331 3625 1413 ὑποτεταγμένα.

2255 1423 2326 1484 α’.
2361 1425 2550 1489 θὈσιος
2595 1424 2885 1490 ἑπισκοπος
2926 1425 3136 1492 πόλεως
3183 1424 3472 1506 Κορδούόης
3510 1429 3660 1481 εἶπεν·
3697 1421 3754 1480 Οὒ

2175 1520 2425 1571 τοσοῦτον
2495 1516 2527 1582 ἡ
2585 1514 2762 1592 φαύλη
2837 1517 3110 1595 συνήθεια,
3171 1515 3296 1573 ὅσον
3352 1519 3384 1584 ἡ
3438 1511 3756 1593 βὶαεερωτὰτη

2175 1609 2280 1660 τῶν
2339 1604 2669 1681 πραγμάτων
2741 1602 3017 1684 διαφθορὰ,
3064 1605 3115 1670 ἐξ
3183 1606 3358 1662 αὐτῶν
3398 1610 3494 1661 τῶν
3545 1600 3758 1675 θεμελίων

2174 1690 2315 1749 ἐστὶν
2367 1692 2672 1771 ἐκριζωτὲα’
2708 1693 2803 1749 ’ίνα
2863 1693 3050 1768 μηδενὶ
3092 1701 3198 1751 τῶν
3241 1693 3534 1751 ἐπισκόπων
3571 1691 3649 1766 ἐξῇ
3679 1687 3761 1771 ἄιπό

445 1781 681 1844 civitate
711 1768 981 1846 in'aliam
1017 1784 1298 1862 migrare.
1332 1768 1476 1862 Ejus
1507 1768 1666 1844 enim
1709 1768 2084 1862 causae-praes

2178 1781 2386 1847 πόλεως
2432 1768 2638 1858 -μικρᾶς
2691 1784 2766 1846 εἷς
2840 1781 3022 1862 ἑτέραν
3093 1783 3252 1841 πόλιν
3325 1784 3651 1860 μεθίστασθαι.
3712 1768 3762 1832 Ἠ

446 1879 637 1934 textus
669 1881 762 1934 est
791 1874 1166 1955 manifestus,
1197 1882 1442 1954 propter
1469 1891 1648 1954 quem
1684 1871 1820 1932 talia
1853 1879 2084 1932 tentan-

442 1968 558 2022 tur.
585 1960 794 2024 Nullus
826 1963 986 2024 enim
1011 1963 1329 2043 episc0pus
1352 1962 1547 2025 adhuc
1579 1961 1837 2022 inveniri
1871 1960 2082 2041 potuit,

442 2050 545 2131 qui
573 2069 604 2113 a
639 2051 850 2132 majori
875 2053 1110 2114 civitate
1140 2054 1201 2113 in
1232 2053 1523 2114 minorem
1557 2050 1811 2112 transire
1842 2049 2086 2111 studue-

439 2141 540 2202 rit.
574 2139 743 2204 Unde
760 2155 994 2206 constat
1023 2160 1129 2204 cos
1156 2142 1393 2205 ardenti
1417 2141 1584 2223 plura
1615 2138 1877 2201 habendi
1908 2139 2082 2218 cupi-

443 2229 626 2292 ditate
668 2233 976 2308 succendi,
1009 2241 1067 2294 et
1115 2231 1306 2310 magis
1337 2230 1695 2309 arrogantiae.
1736 2227 1987 2302 servire,
2023 2235 2088 2290 ut

437 2320 752 2382 videantur
779 2323 1078 2401 majorem
1134 2320 1356 2384 habere
1388 2327 1766 2400 potestatem.
1802 2317 2085 2380 Placetne

437 2408 552 2471 hoc
601 2410 901 2490 omnibus,
936 2420 999 2472 ut
1045 2411 1344 2492 ejusmndi
1405 2408 1756 2491 improbitas
1808 2406 2086 2469 acerbius

439 2498 774 2560 vindicetur
803 2499 827 2562 ?
860 2500 1148 2562 Existimo
1176 2500 1338 2562 enim
1371 2517 1475 2560 eos
1523 2517 1598 2560 ne
1630 2497 1916 2559 laicorum
1948 2497 2082 2578 qui-

439 2587 574 2650 dem
609 2587 832 2651 debere
861 2588 1084 2651 habere
1114 2589 1624 2650 communionem.

519 2766 742 2831 Omnes
767 2768 1030 2850 episcopi
1061 2766 1340 2830 dixerunt
1373 2788 1386 2826 :
1420 2765 1622 2830 Placet
1650 2765 1954 2829 omnibus.

513 2942 572 3005 2.
593 2943 769 3008 Osius
791 2948 1107 3028 episcopus
1139 2944 1306 3007 dixit:
1325 2945 1389 3006 Si
1412 2945 1548 3025 quis
1581 2954 1779 3008 autem
1813 2945 1963 3008 adeo
1983 2945 2078 3006 90

434 3032 704 3110 insanus,
732 3038 819 3098 vel
868 3039 1057 3098 audax
1110 3035 1468 3108 inveniatur,
1509 3043 1572 3095 ut
1601 3036 1677 3096 de
1708 3035 1782 3095 iis
1811 3034 2080 3096 videatur

434 3123 691 3203 aliquam
723 3125 936 3186 afferre
966 3125 1433 3198 excusationem,
1459 3141 1738 3186 asserens
1761 3123 1874 3185 sibi
1907 3142 1940 3184 a
1965 3143 2076 3204 po-

435 3211 576 3292 pulo
625 3214 830 3275 allatas
879 3232 1016 3276 esse
1064 3213 1344 3288 litteras;
1403 3213 1628 3274 clarum
1681 3221 1770 3274 est
1820 3212 2085 3294 potuisse

438 3319 660 3380 paucos
705 3303 934 3383 aliquos
991 3305 1268 3365 mercede
1322 3311 1380 3364 et
1438 3305 1628 3383 pretio
1662 3309 1974 3384 corruptos
2022 3301 2084 3364 in

434 3389 702 3453 Ecclesia
751 3392 1106 3454 seditionem
1143 3411 1408 3468 movere,
1448 3401 1510 3454 ut
1545 3392 1822 3454 eumdem
1880 3392 2084 3472 utique

436 3481 736 3560 postulent
785 3483 1010 3544 habere
1062 3483 1436 3562 episcOpum.
1491 3479 1752 3545 Omnino
1784 3499 1926 3561 ergo
1979 3482 2084 3543 has

433 3570 677 3632 fraudes
707 3580 764 3633 et
797 3581 955 3634 artes
986 3571 1318 3653 puniendas
1352 3589 1486 3634 esse
1535 3573 1842 3648 existimo;
1875 3579 1940 3632 ut
1969 3589 2081 3632 ne-

437 3678 534 3721 mo
591 3662 796 3740 possit,
831 3664 932 3743 qui
966 3672 1056 3724 est
1112 3662 1436 3740 ejusmodi,
1475 3681 1550 3723 ne
1583 3662 1644 3722 in
1691 3662 1809 3722 fine
1836 3660 2081 3736 quidem

432 3748 587 3811 laica
637 3753 1061 3814 communione
1092 3751 1311 3828 dignus
1361 3750 1597 3815 haberi.
1633 3751 1727 3813 An
1778 3767 1920 3828 ergo
1953 3749 2080 3812 haec

433 3837 660 3920 placeat
688 3841 1008 3922 sententia,
1042 3841 1440 3922 respondete.

509 4016 974 4098 Responderunt
1003 4040 1016 4084 :
1052 4018 1298 4081 Placent
1328 4037 1461 4099 quae
1489 4018 1647 4080 dicta
1677 4028 1836 4080 sunt.

509 4109 609 4171 15.
647 4108 824 4172 Osius
869 4110 1186 4188 episcopus
1217 4110 1404 4171 dixit:
1442 4107 1562 4170 Hoc
1595 4124 1839 4188 quoque
1870 4123 2082 4168 omnes

427 4195 804 4274 definiamus,
839 4207 901 4259 ut
930 4199 980 4259 si
1026 4199 1163 4279 quis
1193 4199 1508 4277 episcopus
1561 4217 1630 4259 ex
1663 4197 1775 4259 alia
1806 4196 2086 4278 parochia

428 4291 566 4351 velit
615 4292 876 4353 alienum
929 4292 1271 4353 ministrum
1323 4291 1453 4352 sine
1508 4309 1806 4354 consensu
1861 4289 2084 4370 proprii

425 4378 694 4461 episcOpi
727 4381 787 4441 in
817 4380 1018 4461 aliquo
1049 4381 1234 4460 gradu
1267 4384 1660 4455 constituere,
1705 4381 1876 4442 irrita
1907 4388 1965 4441 et
1992 4379 2084 4439 in-

2173 1873 2272 1950 γὰρ
2325 1872 2419 1939 τῆς
2481 1872 2648 1937 αἰτίας
2707 1873 2904 1939 ταύτης
2951 1872 3209 1953 πρόφασις
3255 1873 3451 1952 φανερὰ
3498 1868 3556 1926 δι’
3608 1872 3666 1933 ἦν
3712 1867 3764 1920 Si!

2166 1961 2386 2017 τοιαῦτα
2448 1961 2836 2039 ἐπιχειρεῖται.
2889 1960 3066 2028 Οὐδεὶς
3125 1963 3225 2040 γὰρ
3269 1963 3484 2018 πώποτε
3538 1961 3763 2036 εὒρεθῆναι

2163 2051 2456 2116 ἒπίσκοπος
2527 2049 2824 2132 δεδύνηται,
2875 2054 2930 2117 ὃς
2997 2052 3104 2108 ἀπὸ
3167 2053 3404 2126 μείζονος
3459 2049 3647 2109 πόλεως
3705 2048 3764 2104 είς

2167 2139 2585 2216 ἒλαγιστοτέραν
2655 2139 2814 2196 πόλιν
2883 2139 3173 2198 ἐσπούδασε
3258 2139 3595 2217 μεταστῆναι·
3669 2134 3766 2190 δθὶν

2168 2229 2457 2295 συνέστηκε
2516 2226 2753 2306 διαπύρῳ
2823 2229 3125 2296 πλεονεξίας
3197 2232 3380 2308 τρόπῳ
3442 2227 3768 2286 ὑπεκκαίεσθαι

2167 2319 2288 2381 τοὺς
2340 2318 2640 2392 τοιούτους,
2697 2320 2783 2375 καὶ
2841 2319 3046 2394 μᾶλλον
3089 2327 3156 2393 τῇ
3210 2319 3486 2392 ἀλαζονείᾳ
3525 2315 3766 2388 δουλεύειν,

2168 2407 2313 2470 ὅπως
2374 2407 2604 2473 ἐξουσίαν
2667 2409 2881 2466 δοκοῖεν
2944 2411 3158 2484 μείζονα
3215 2413 3529 2478 γεκτησθαι.
3561 2407 3613 2464 Ei
3663 2407 3770 2458 πᾶσι

2167 2499 2340 2554 τοίνυν
2397 2505 2551 2554 τοῦτο
2605 2497 2845 2577 ἀρέσκει,
2877 2497 3014 2555 ὥστε
3065 2501 3164 2566 τὴν
3213 2501 3464 2567 τοιαύτην
3517 2493 3772 2556 σκαιότητα

2167 2586 2552 2664 αὐστηρότερον
2609 2583 2977 2659 ἐκδικηθῆναι,
3041 2589 3271 2665 ἡγοῦμαι
3329 2590 3429 2666 γὰρ
3489 2583 3615 2661 μηδέ
3663 2579 3769 2636 λατ-

2165 2679 2276 2731 κῶν
2303 2673 2451 2754 ἔχειν
2483 2675 2603 2739 τοὺς
2635 2677 2903 2739 τοιούτους
2933 2676 3132 2755 χρῆναι
3162 2679 3467 2736 κοινωνίαν.

2243 2763 2514 2829 ’Ἅπαντες
2600 2767 2648 2823 οἱ
2732 2765 3014 2822 ἐπίσκοποι
3098 2770 3279 2824 εἷπον·
3352 2776 3516 2826 Τοῦτο
3593 2757 3770 2838 ἀρέσκει

2159 2859 2319 2910 πᾶσιν
2331 2900 2343 2914 ,

2239 2942 2315 3019 β’.
2361 2942 2549 3008 "Ocno:
2613 2943 2901 3008 ἐπίσκοπος
2947 2946 3126 3002 εἶπεν·
3193 2947 3250 3003 Εἰ
3323 2945 3380 3003 δέ
3438 2965 3515 3004 τις
3570 2945 3773 2997 τοιοῦτος

2160 3033 2453 3108 εὑρίσκοιτο
2484 3032 2759 3109 μανιώδης
2791 3035 2828 3100 ⁵η
2885 3034 3181 3114 τολμηρὸς,
3215 3037 3288 3099 ὡς
3347 3036 3464 3113 περὶ
3496 3039 3596 3090 τῶν
3631 3024 3780 3084 τοιούο

2166 3124 2270 3177 τῶν
2328 3120 2471 3187 δόξαι
2536 3123 2654 3178 τινὰ
2711 3123 2887 3200 φέρειν
2949 3125 3292 3198 παραίτησιν,
3352 3118 3779 3188 διαϐεϐαιούμενον

2167 3211 2274 3267 ἀπὸ
2317 3218 2408 3268 τοῦ
2458 3210 2691 3282 πλήθους
2747 3213 2933 3268 ἑαυτὸν
2988 3215 3301 3288 κεκομίσθαι
3348 3214 3649 3292 γράμματα,
3693 3201 3779 3268 δῆ-

2167 3299 2261 3356 λόν
2317 3300 2459 3357 ἐστιν
2490 3300 2698 3378 ὀλίγους
2745 3302 2894 3366 τινας
2940 3299 3272 3382 δεδυνῆσθαι,
3324 3303 3498 3380 μισθῷ
3529 3293 3779 3368 καὶτιμῆ·

2168 3413 2295 3466 ματι
2351 3388 2747 3470 διαφθαρέντας,
2809 3390 2862 3446 ἐν
2928 3397 2995 3466 τῇ
3039 3391 3296 3465 ἐκκλησίᾳ
3357 3391 3674 3460 στασιάζειν,
3720 3382 3781 3441 ὣς

2166 3479 2322 3547 δῆθεν
2376 3482 2467 3537 τὸν
2517 3483 2674 3538 αὐτὸν
2747 3481 2895 3561 ἔχειν
2960 3481 3250 3539 ἐπίσκοπον
3309 3481 3602 3550 ἀξιοῦντας,
3662 3474 3781 3561 fich

2165 3571 2304 3636 ἁπαξ
2364 3571 2454 3627 οὖν
2525 3572 2620 3633 τὰς
2674 3559 2920 3629 τοιαύτας
2978 3570 3305 3650 ῥᾳδιουργίας
3373 3573 3461 3627 καὶ
3503 3568 3685 3646 τέχνας
3733 3559 3780 3614 0'5

2163 3657 2404 3734 δεκτέας,
2439 3659 2578 3716 ἀλλὰ
2623 3659 2831 3734 μᾶλλον
2876 3662 3166 3724 κολαστέας
3223 3662 3376 3718 ε’ίναι
3426 3659 3639 3734 νομίζω,
3667 3651 3784 3708 ὣστι

2163 3747 2363 3823 μηδένα
2415 3756 2654 3807 τοιοῦτον
2681 3746 2817 3824 μηδὲ
2849 3748 2904 3804 ἐν
2949 3757 3026 3823 τῷ
3056 3748 3194 3806 τέλει
3237 3749 3444 3818 λα’ίκῆς
3477 3754 3599 3826 γοῦν
3625 3740 3780 3806 ἀξιοῧ·

2161 3841 2277 3894 σθαι
2337 3839 2637 3902 κοινωνίας.
2690 3840 2746 3896 Εἰ
2807 3839 2976 3896 τοίνυν
3035 3839 3250 3917 ἀρέσκει
3312 3839 3450 3907 αὕτη
3517 3838 3551 3904 ἡ
3589 3830 3782 3911 γνώμη,

2161 3925 2528 4000 ἀποκρίνασθε,

2240 4016 2642 4092 Ἀπειρίναντο⁹
2678 4016 2752 4074 Τὰ
2783 4015 3047 4096 λεχθέντα
3076 4016 3291 4096 ἤρεσεν,

2245 4103 2332 4166 ιε’.
2395 4105 2582 4172 "Octo;
2614 4106 2902 4170 ἐπίσκοπος
2948 4111 3092 4165 εἷπε.
3152 4109 3247 4164 Καὶ
3296 4118 3459 4168 τοῦτο
3518 4104 3572 4162 δὲ
3612 4099 3784 4158 πάντες

2166 4195 2453 4271 δρίσωμεν,
2489 4194 2582 4250 τίνα
2638 4195 2691 4250 εἴ
2753 4217 2830 4258 τις
2870 4195 3156 4258 ἐπίσκοπος
3206 4195 3258 4261 ἐξ
3289 4196 3476 4271 ἐτέρας
3532 4185 3786 4257 παροικίας

2163 4286 2402 4363 βοδληθῇ
2470 4286 2750 4363 ἀλλότριον
2823 4288 3112 4366 ὅπηρέτην,
3179 4289 3354 4368 χωρίς
3434 4287 3532 4355 τῆς
3605 4298 3788 4368 συγκτ-

2163 4375 2422 4440 ταθέσεως
2497 4387 2587 4434 τοῦ
2651 4374 2778 4434 ἰδίου
2847 4376 3167 4448 ἐπισκόπου,
3209 4366 3321 4438 ήεῖς
3408 4397 3531 4434 τινα
3611 4366 3790 4447 βαθμὸν

424 4455 599 4530 firma
639 4455 952 4550 ejusmodi
1001 4455 1344 4533 constitutio
1397 4471 1799 4533 existimetur.
1857 4467 1919 4532 Si
1966 4468 2072 4549 qui

2178 4465 2516 4539 ιαταστῆσαι,
2578 4462 2765 4542 ἄκυρος
2825 4467 2916 4521 καί
2991 4463 3239 4528 ἀϐέϐαιος
3310 4468 3345 4534 ἡ
3390 4465 3710 4524 κατάστασις
3759 4455 3788 4520 ἦ

397 4566 621 4621 autem
669 4537 780 4623 lioc
812 4561 928 4623 sibi
959 4560 1107 4642 ipsis
1159 4559 1564 4640 permiserint,
1599 4579 1632 4621 a
1680 4558 1962 4620 fratribus
1985 4537 2072 4620 ἐι

2178 4555 2373 4622 ῖοιαύτη
2433 4556 2720 4629 νομίζοιτο⁶
2788 4554 2840 4610 εἴ
2898 4576 3037 4619 τινες
3095 4553 3149 4610 δὲ
3209 4554 3364 4612 τοῦτο
3431 4551 3783 4630 ἐπιτρέψειαν,

422 4651 797 4732 coepiscopis
829 4659 884 4712 et
917 4652 1228 4714 admoneri
1265 4659 1322 4712 et
1353 4650 1572 4728 corrigi
1598 4649 1848 4711 debent.

499 4828 723 4893 Omnes
775 4829 1106 4893 dixerunt:
1151 4828 1274 4892 Hoc
1308 4847 1545 4910 quoque
1599 4827 1908 4890 decretum
1957 4834 2071 4890 stet

422 4919 656 4981 ﬁrmum
691 4929 750 4981 et
783 4920 1112 4982 immobile.

565 5013 828 5076 Consilii
858 5013 1362 5093 Carthaginensis
1390 5031 1653 5075 canones
1685 5012 1783 5083 54,
1821 5010 1924 5072 90.

427 5091 494 5155 Ut
584 5095 826 5156 alienus
891 5089 1146 5159 clericus
1223 5095 1471 5157 minime
1539 5094 1909 5174 suscipiatur
1989 5089 2066 5153 ab

1075 5175 1197 5238 alio
1246 5175 1397 5255 (se).

2153 4645 2295 4722 παρα
2369 4651 2472 4700 τῶν
2545 4643 2786 4722 ἀδελφῶν
2855 4646 2943 4700 καὶ
3010 4645 3418 4703 συνεπισκόπων
3494 4647 3645 4719 ἡμῶν
3713 4633 3789 4691 καὶ

2151 4735 2648 4810 δπομιμνήσκεσθαι
2679 4734 2766 4790 καὶ
2798 4731 3120 4813 διορθοῦσθαι
3153 4732 3482 4811 ὀφείλουσιν.

2236 4816 2514 4885 ιἍπαντες
2581 4821 2844 4901 εἰρήκασι·
2921 4826 3016 4881 Καὶ
3090 4826 3240 4888 οὗτος
3315 4826 3342 4880 ὁ
3417 4823 3543 4901 ὅρος
3627 4815 3793 4882 στήτω

2149 4913 2461 4975 ἀσάλευτος.

2417 5004 2639 5066 Συνύδου
2689 5004 3055 5084 Καρθαγέννης
3099 5007 3276 5064 κανὼν
3321 5005 3426 5078 νδ’,
3464 5006 3533 5082 ζ’.

2230 5088 2353 5167 Περὶ
2409 5094 2503 5144 τοῦ
2545 5077 3198 5167 ἆγλλοτρίδυς-’κληρικοὺς
3261 5077 3535 5160 μηδαμῶς
3595 5077 3716 5158 παρ’

2502 5166 2690 5246 ἐτέρων
2719 5164 3073 5246 ὑποδέχεσθαι
3112 5166 3445 5228 ἒπισκύπων,

1984 5356 2233 5422 NOTAE.

490 5534 602 5604 (25)
625 5533 887 5606 Capones
908 5532 1066 5595 istos.
1103 5547 1219 5592 non
1242 5548 1410 5606 secus
1433 5544 1605 5606 atque
1628 5535 1932 5593 Africanos
1959 5534 2062 5592 La-

2219 5532 2335 5604 (26)
2365 5531 2588 5591 Concil.
2641 5530 2913 5604 Ca_rth_ag.
2943 5540 3028 5593 ιιι,
3069 5529 3322 5604 (δείλῃ,
3361 5535 3416 5586 et
3465 5517 3796 5584 Ferrendus

416 5600 536 5666 tina
563 5600 741 5678 fuisse
766 5605 1019 5678 primum
1046 5606 1236 5678 editos
1259 5605 1425 5663 docet
1456 5600 1779 5678 Dionysius
1805 5606 2063 5678 Exiguus
2145 5600 2273 5678 cap.
2307 5605 2401 5674 27,
2435 5617 2504 5663 ex
2535 5602 2752 5663 conci].
2786 5601 3058 5673 Carthag,
3099 5601 3180 5659 tit.
3216 5600 3307 5658 53.

410 5679 470 5744 in
501 5677 846 5739 Praelatione
891 5676 962 5736 ad
995 5676 1362 5742 Stephanum
1406 5677 1581 5753 episc.
1625 5676 2063 5737 ‘Salonitan‘um.
