2054 3111
167 149 230 185 545
566 151 776 186 smmum
797 124 984 186 eANoaUM

1031 171 1058 176 —
1080 151 1161 186 TIT.
1185 154 1210 192 Ι,
1242 154 1324 187 CAP.
1348 153 1459 189 XXVI.
1799 155 1860 190 546

210 220 262 253 νδ’,
285 221 440 261 Ἐπιγόνιος
466 221 611 252 ἐπισκοπος
628 224 716 251 εἶπεν
739 222 784 251 Ἐν
799 222 915 254 πολλαῖς
932 233 996 251 συνς
1007 232 1025 250 Α

168 265 240 297 όδοις
262 270 340 295 τοῦτο
361 266 473 305 ὁρισθὲν,
499 267 542 295 καὶ
567 272 609 296 νῦν
631 267 669 295 ἑτι
694 267 749 304 μὴν
767 268 798 295 ἐκ
822 270 872 301 τῆς
894 267 992 304 ὑμετέ-

168 322 217 349 ρας
259 310 394 349 βεϐαιωθῇ
435 311 564 344 συνέσεως
582 336 589 348 ,
633 312 830 349 μακαριώτατοι
872 311 990 352 ἀδελφοὶ,

166 356 238 384 ὥστε
263 355 367 394 μηδένα
392 355 536 385 ἐπίσκοπον
565 355 734 385 ἶδιποιετσθαι
757 357 896 397 ἀλλότριον
919 356 990 390 κλη-

167 401 243 439 ρικδν
273 401 344 439 παρὰ
368 401 419 434 τὴν
444 401 528 440 κρίσιν
549 405 596 430 τοῦ
616 401 744 440 προτέρου
771 404 850 431 αὐτου
878 400 990 430 ἐπισκό-

167 456 231 475 που.
265 444 405 485 ’Λναφὲόω
433 444 460 473 δὲ
489 444 635 474 Ἰουλιανὺν
663 446 815 486 ἀχαρίστως
844 446 991 486 ἇνεχθέντα

165 491 227 530 περὶ
243 489 290 522 τὰς
313 488 355 517 διὰ
382 490 431 524 τῆς
447 489 516 527 ἐμῆς
542 491 711 531 βραχύτητος
736 491 772 523 εἰς
788 491 866 519 αὐτὸν
887 502 990 529 σωρευ-

163 535 253 567 (istnc
284 535 414 567 τοσαύτας
450 536 498 563 τοῦ
528 539 594 564 Θιοῦ
629 535 794 575 οὒεργεσίας,
827 536 871 563 καὶ
906 536 989 567 οὕτως

162 579 306 618 προπετῶς
332 580 376 607 καί
396 578 540 619 τολμηρῶς
566 579 765 619 διαγενόμενον,
782 580 851 609 ὥστε
865 581 911 608 τὸν
936 581 989 609 ἀπὸ

161 625 262 658 νηπίας
286 625 393 658 ἡΑικίας
423 624 468 653 ὑπ’
497 624 563 662 ἐμοῦ
590 625 780 663 βαπτισθέιτα,
806 626 852 654 τὸν
878 626 920 654 καὶ
948 624 989 653 διὰ

162 668 269 702 πολλὴν
299 668 398 696 ἔνδειαν
425 669 450 701 ἐξ
475 670 553 697 αὐτοῦ
582 669 760 708 παρατεθέντα
783 680 840 707 μοι,
871 670 918 697 καῖ
946 670 988 697 ἐπὶ

162 713 251 742 πολλὰ
277 713 324 747 ἔτη
341 713 367 746 ἒξ
395 713 461 750 ἐμοῦ
488 714 619 753 τραφέντα
646 715 690 742 καὶ
712 714 865 750 αὐξηθέντα,
883 715 927 742 τὸν
951 716 987 745 ὡς

162 759 245 786 εἶπον
269 758 295 786 ἒν
311 758 344 796 τῇ
367 757 418 795 ἐμῆ
435 758 563 794 ἐκκλησίᾳ
588 762 620 796 τῇ
636 760 705 797 χειρὶ
721 763 768 791 τῆς
792 759 859 796 ἐμῆς
877 759 986 797 μετριό-

160 814 244 836 τητος
274 803 463 841 βαπτισθέντα,
480 805 526 831 καὶ
554 803 720 841 δεικνύμενον
736 804 763 831 ἐν
789 807 822 842 τῇ
850 807 902 832 τῶν
926 810 986 833 Μα-

159 847 283 876 παλιτῶν
319 848 444 883 παροικίᾳ
479 848 652 887 ἀναγνώστην
682 848 834 886 γενόμενον,
868 850 909 876 καὶ
944 850 987 877 ἐπὶ

158 892 205 920 δύο
228 892 274 925 ἔτη
292 892 381 920 ἐκεῖσε
407 892 636 932 ἀναγινώσκοντα,
654 896 746 920 τοδτον
772 893 818 920 οὒκ
841 892 902 921 οῖδα
925 894 986 929 ποίᾳ

159 937 357 975 καταφρονήσει
398 936 448 969 τῆς
491 937 558 973 ἐμῆς
604 937 787 974 μετριότητος,

156 982 202 1009 τὸν
228 982 307 1009 αὐτὸν
332 980 489 1021 Ἰουλιανὸν,
507 984 553 1009 καὶ
579 981 666 1020 λέγειν
690 981 801 1015 πολίτην
817 986 862 1010 τοῦ
886 982 981 1022 διαφὲ-

156 1037 251 1065 ροντος
277 1026 348 1062 αυτῷ
374 1027 551 1065 Βαζαριτανοῦ
574 1026 665 1063 τόπου,
683 1028 726 1054 καὶ
749 1028 819 1065 παρὰ
842 1027 889 1060 τὴν
914 1027 981 1064 ἐμὴν

154 1070 268 1110 γνώμην
294 1071 379 1107 τούτῳ
394 1072 626 1110 κατακεχρῆσϋαι·
650 1074 693 1099 καὶ
716 1072 765 1110 γὰρ
788 1072 833 1098 καί
860 1071 980 1100 διάκονον

154 1119 251 1143 ταῦτον
281 1115 486 1154 ἐχειροτόνησε.
511 1119 593 1144 Τοῦτο
620 1116 641 1143 εἷ
669 1115 764 1152 ἔξεστι,
782 1118 898 1154 γνωσθῇ,
917 1118 980 1154 ὑμῖν

1078 222 1129 253 54.
1142 221 1302 263 Epigonius
1313 221 1473 263 episcopus
1489 222 1582 254 dixit:
1598 223 1631 254 ln
1648 223 1749 254 multis
1758 225 1860 256 conci—

1034 266 1082 297 liis
1094 267 1151 298 hoc
1163 271 1304 297 statutum
1319 268 1396 302 ests,
1412 269 1500 298 etiam
1518 277 1597 298 nunc
1608 268 1666 298 hoc
1677 268 1859 301 confirman-

1034 311 1105 342 dum
1121 316 1166 342 est
1181 321 1198 342 a
1213 316 1313 342 vestra
1323 312 1496 353 prudentia.
1513 312 1678 344 beatissimi
1691 312 1809 351 fratres,
1826 318 1860 345 ut

1033 356 1176 387 clericum
1191 356 1321 387 alienum
1345 356 1444 388 nullus
1463 356 1519 387 sibi
1533 357 1684 397 praeripiat
1699 357 1858 399 episcopus

1034 406 1142 441 praeter
1157 402 1222 441 ejus
1240 401 1409 441 arbitrium,
1423 402 1509 442 cujus
1524 401 1613 433 fuerit
1628 402 1767 434 clericus.
1783 404 1858 435 Dico

1033 451 1132 477 autem
1147 446 1299 478 Julianum
1318 446 1393 486 (27),
1408 447 1458 487 qui
1473 447 1606 486 ingratus
1617 451 1662 477 est
1678 447 1731 478 Dei
1748 448 1860 479 beneﬁ-

1033 491 1088 522 ciis
1105 500 1157 531 per
1173 500 1269 522 meam
1287 491 1460 531 parvitatem
1477 492 1507 522 in
1523 501 1555 522 se
1566 491 1692 530 collatis,
1705 492 1745 523 ita
1760 497 1858 524 teme-

1031 535 1144 567 rarium
1172 540 1202 566 et
1217 536 1360 567 audacem
1393 536 1554 573 exstitisse,
1571 540 1603 567 ut
1617 537 1659 567 9|
1690 546 1757 572 eum
1774 538 1824 578 qui
1840 547 1858 570 ι

1032 589 1079 611 me
1096 581 1260 621 baptizatus
1275 585 1333 619 est,
1351 590 1418 612 cum
1435 584 1515 612 esset
1530 590 1605 621 puer
1632 581 1854 621 egentissimus,

1032 625 1104 656 mihi
1115 625 1153 656 ab
1169 626 1275 656 eodem
1288 626 1527 657 commendatus:
1540 635 1670 666 cumque
1687 627 1788 658 multis
1800 636 1856 658 an-

1031 671 1077 701 nis
1090 680 1107 701 a
1118 680 1166 701 me
1176 671 1308 702 aleretur
1322 674 1410 712 atque
1420 670 1619 708 incresceret;
1634 671 1724 709 hunc,
1739 676 1769 702 ut
1781 672 1854 711 dixi,

1031 715 1209 755 baptizatum
1226 725 1291 746 esse
1304 716 1333 746 in
1347 716 1474 746 ecclesia
1484 725 1550 746 mea
1562 725 1612 755 per
1622 724 1742 747 manum
1755 717 1854 757 parvi-

1030 760 1097 790 tatis
1121 770 1195 791 meaa
1210 765 1335 791 constat.
1365 760 1445 791 Idem
1464 762 1491 791 in
1515 760 1637 791 dioecesi
1660 761 1855 801 Mappaliensi

1030 805 1124 835 lector
1134 815 1200 836 esse
1214 806 1421 845 coeperatﬁmo
1433 805 1521 836 annis
1537 806 1631 836 ferme
1641 805 1758 836 duobus
1772 806 1854 845 lege-

1028 856 1083 882 rat.
1102 852 1212 883 Nescio
1231 861 1288 892 quo
1306 856 1476 891 contemptu
1494 851 1669 882 humilitatis
1686 861 1759 883 mea:
1774 853 1854 884 idem

1027 896 1163 927 Julianus
1176 906 1243 927 eum
1256 896 1397 937 abripuit,
1418 906 1505 937 quem
1518 897 1590 926 dicit
1601 897 1684 936 quasi
1702 899 1853 938 proprium

831 937 984 976 ἀφαρπάσαι

1031 941 1120 972 civem
1145 941 1191 972 sui
1218 941 1274 972 loci
1303 941 1482 979 Vazaritani,
1500 951 1547 971 me
1569 942 1738 973 inconsulto
1759 937 1853 973 usur-

1025 995 1117 1026 pare:
1136 996 1204 1016 nam
1228 991 1258 1017 et
1276 986 1437 1017 diaconum
1455 986 1538 1016 illum
1567 986 1725 1017 ordinavit.
1742 987 1805 1018 Hoc
1828 988 1853 1018 si

1024 1031 1107 1069 licet;
1126 1035 1223 1071 pateat
1237 1031 1300 1061 haec
1316 1031 1438 1061 licentia
1453 1040 1470 1061 a
1492 1031 1586 1067 vobis,
1605 1031 1771 1061 beatissimi
1788 1031 1852 1062 fra-

1025 1079 1085 1105 tres
1104 1085 1112 1112 ;
1139 1076 1186 1105 sin
1206 1076 1316 1116 minus,
1336 1079 1393 1105 tam
1420 1075 1580 1115 impudens
1604 1075 1793 1115 cohibeatur,
1813 1085 1852 1108 ne

1024 1129 1057 1150 se
1072 1120 1194 1150 misceat
1212 1120 1415 1150 communioni
1431 1121 1620 1160 cujusquam.

154 1161 173 1194 ἡ
187 1160 298 1193 τοιαύτη
324 1159 411 1196 ἄδεια,
428 1161 628 1199 μακαριώτατοι
646 1160 764 1200 ἀδελφοί·
790 1159 854 1188 εἰδὲ
872 1161 909 1198 μή
926 1172 967 1201 γε,
986 1164 1016 1192 τὸ
1044 1164 1128 1197 οὕτως
1143 1164 1247 1197 ἀναιδὲς
1266 1165 1409 1205 κωλυθείη,
1428 1166 1469 1193 ἶνα
1485 1166 1523 1202 μὴ
1548 1168 1561 1192 ὁ
1579 1165 1683 1204 λεχθεὶς
1707 1164 1849 1198 Ἰουλιανὸς

155 1204 318 1242 ἕπικοινωνῇ
333 1204 492 1243 ἀλλοτρίοις.

200 1248 347 1286 Νουμήδιος
375 1249 519 1281 ἐπίσκοπος
536 1250 624 1277 εἶπεν·
654 1249 727 1285 Ἐὰν,
746 1252 784 1286 μὴ
806 1251 983 1288 ἓρωτηθείσης

160 1292 230 1330 μηδὲ
257 1294 409 1328 αἰτηθείσης
427 1295 475 1327 τῆς
496 1297 546 1326 σῆς
569 1294 645 1326 ἀξίας
675 1295 768 1332 φανείη
792 1298 868 1322 τοῦτο
884 1297 982 1334 πράξας

157 1338 313 1377 Ἰουλιανὸς,
344 1339 467 1375 κρίνομεν
504 1339 601 1370 πάντες
630 1338 725 1370 ἀδίκως
762 1340 904 1377 γενόμενον
941 1342 983 1369 καὶ

156 1383 195 1420 μὴ
225 1382 304 1415 ἀξίως
323 1383 369 1410 Διὸ
395 1384 416 1410 εἷ
447 1383 486 1420 μὴ
507 1384 520 1410 ὁ
550 1383 626 1415 αὐτὸς
656 1383 782 1415 Ἰουλινὸς
807 1383 982 1422 διορθώσηται

154 1428 206 1461 τήν
238 1427 338 1456 οἷκείαι
367 1427 484 1464 πλάνην,
509 1429 552 1455 καὶ
582 1429 650 1465 μετή
680 1429 916 1468 ἁποθεραπεύσεως
944 1432 982 1465 τῷ

155 1472 275 1512 δμετέρῳ
297 1473 353 1509 λαῷ
375 1473 420 1500 τὸν
447 1473 526 1500 αὖτὸν
551 1472 768 1508 ἀποκαταστήσει
796 1473 934 1512 κληρικὸν⁷
953 1475 982 1501 ὃν

154 1517 291 1554 ἒτόλμησε
326 1517 529 1556 χειροτονῆσαι,
561 1518 629 1545 κατὰ
665 1521 717 1545 τῶν
754 1519 911 1557 ὖρισΟέντων
948 1522 982 1554 τῇ

305 1362 313 1377 Ὶ

1066 1253 1222 1285 Numidius
1248 1254 1407 1294 episcopus
1433 1254 1526 1284 dixit:
1553 1254 1584 1285 Si
1608 1264 1668 1285 non
1693 1255 1849 1295 postulata,

1026 1308 1125 1339 neque
1147 1299 1281 1329 consulta
1301 1303 1348 1329 tua
1364 1298 1538 1338 dignatione
1554 1299 1584 1329 id
1613 1299 1731 1330 videtur
1744 1300 1851 1331 fecisse

1024 1343 1171 1380 Julianus,
1186 1344 1356 1383 judicamus
1383 1353 1489 1374 omnes
1504 1344 1606 1383 inique
1628 1344 1737 1375 factum
1761 1351 1850 1385 atque

1024 1388 1158 1428 indigne.
1184 1389 1372 1429 Quopropter
1389 1389 1443 1419 nisi
1461 1389 1540 1419 idem
1554 1388 1690 1419 Julianus
1713 1399 1850 1420 correxe-

1026 1434 1063 1464 rit
1091 1443 1224 1464 errorem
1240 1443 1341 1473 suum,
1358 1438 1387 1464 et
1402 1443 1468 1464 cum
1486 1434 1689 1464 satisfactione
1709 1435 1850 1466 eumdem

1024 1479 1180 1515 clericum,
1198 1488 1286 1518 quem
1314 1479 1410 1509 fuerat
1433 1488 1522 1509 ausus
1548 1479 1702 1515 ordinare,
1723 1488 1849 1510 revoca-

1025 1523 1101 1553 verit
1132 1528 1188 1553 tuae
1214 1523 1307 1563 plebi,
1325 1529 1430 1554 contra
1456 1527 1565 1554 statuta
1576 1524 1696 1554 concilii
1720 1524 1846 1563 faciens,

155 1561 257 1599 συνόδῳ
284 1562 421 1601 πράττων,
447 1563 491 1589 καὶ
509 1563 649 1601 χωρισθεὶς
678 1561 722 1601 ἀφ’
751 1564 839 1603 ἡμῶν,
868 1563 912 1596 τῆς
943 1563 983 1591 οἷ-

1031 1561 1222 1598 εοηῑυηιειεὶιὲ
1239 1577 1313 1606 sua),
1331 1573 1487 1608 separatus
1501 1578 1517 1599 a
1539 1568 1639 1606 nobis,
1657 1561 1849 1609 excipietju;

155 1607 229 1638 κείας
246 1607 403 1644 μονοτονίας
426 1606 562 1645 ἀπενέγκῃ
578 1607 626 1640 τὴν
643 1608 738 1646 κρίσιν,

198 1651 352 1690 Ἐπιγόνιος
381 1651 525 1682 ἐπίσκοπος
554 1652 643 1679 εἶπεν
675 1652 705 1680 ‘0
732 1652 798 1680 κατὰ
820 1652 868 1685 τὴν
898 1654 983 1692 χήραν

156 1695 263 1735 Πατὴρ,
279 1696 323 1724 καὶ
350 1696 416 1733 αὐτῇ
436 1699 470 1733 τῇ
487 1699 609 1734 προκοπῇ
635 1696 814 1735 ἀρχαιότατος
845 1697 982 1730 ἐπαινετὸς

155 1740 235 1779 ἀνὴρ,
257 1741 270 1767 'o
285 1739 398 1779 ἀδελφὸς
421 1742 464 1767 καὶ
481 1739 684 1779 συλλειτουργὸς
700 1741 778 1778 ἡμῶν
807 1741 908 1779 Βίκτωρ
932 1742 981 1774 την

155 1784 267 1818 αἴτησιν
290 1785 388 1819 ταύτην
410 1785 519 1823 γενικὴν
549 1784 672 1823 βούλεται
688 1785 734 1813 ἐπὶ
764 1789 843 1814 πᾶσιν
872 1785 980 1814 ἐκτελε-

155 1831 264 1870 σθῆναι³

196 1874 242 1913 ζ’.
257 1869 260 1870 ν
276 1869 392 1912 ιομοίως
406 1873 500 1913 ἤρεσεν
526 1874 571 1902 ’ίνα
600 1874 774 1910 ἧστισδήποτε
789 1876 817 1903 ἓν
838 1875 977 1916 ἐκκλησίᾳ,

155 1920 203 1949 κᾶν
219 1918 289 1952 ἅπαξ
305 1919 418 1959 ἀνέγνω,
434 1920 479 1947 ὑπ’
497 1919 589 1954 ,ἄλλης
605 1919 748 1954 ἐκκλησίας
765 1921 830 1959 πρὸς
847 1920 981 1959 κλήρωσιν

154 1966 195 2003 μὴ
221 1964 389 2004 κατέχηται,
417 1965 466 1993 Καὶ
491 1965 658 2003 δπέγραψαν.
685 1965 815 2004 Αὐρήλιος
838 1965 980 1998 ἐπίσκοπος

153 2012 203 2044 τῆς
234 2010 261 2037 ἐν
289 2008 443 2049 Καρχηδόνι
474 2008 622 2045 Ἐκκλησία
637 2011 675 2046 τῷ
691 2012 800 2049 παρόννι
829 2011 980 2050 ψηφίσματι

153 2054 301 2092 συνῄνεσα,
331 2055 376 2082 καὶ
411 2053 587 2092 ἆναγνωθέντι
616 2054 766 2094 ὑπέγραψα·
800 2055 899 2092 ὁμοίως
938 2056 982 2083 καὶ

154 2100 179 2128 oi
202 2098 292 2127 λοιποὶ
307 2099 447 2126 ὶπίσκοποι
463 2098 631 2136 ὑπέγραψαν.

208 2145 322 2175 Συνόδου
337 2145 524 2182 οἷκουμενιχῆς
542 2145 621 2178 ἕκτης
638 2145 724 2173 κανὼν
741 2145 805 2182 ις’,
823 2146 875 2183 ιη’,
893 2146 930 2179 κ’,

199 2191 245 2228 ιζ’.
283 2191 446 2231 Ἐπειδήπερ
482 2191 613 2232 διαφόρων
656 2192 806 2226 ἐκκλησιῶν
847 2194 980 2233 κληρικοὶ,

1025 1612 1150 1644 dicium.

1065 1658 1230 1697 Epigonius
1256 1658 1413 1699 episcopus
1444 1658 1540 1690 dixit:
1571 1658 1667 1690 Etate
1696 1658 1792 1698 Pater,
1820 1663 1850 1690 et

1024 1702 1089 1742 ipsa
1118 1702 1306 1742 promotione
1334 1704 1568 1744 antiquissimus,
1600 1704 1644 1734 vir
1677 1704 1847 1744 laudabilis,

1023 1747 1118 1777 frater
1132 1752 1161 1777 et
1185 1747 1299 1787 collega
1314 1752 1415 1779 noster
1430 1747 1533 1779 Victor
1561 1748 1621 1779 vult
1636 1749 1712 1780 hanc
1729 1750 1848 1790 petitio-

1024 1801 1091 1822 nem
1107 1792 1279 1831 generalem
1297 1793 1438 1824 omnibus
1453 1793 1541 1824 etIici.

1061 1882 1111 1913 90.
1129 1883 1201 1913 Item
1217 1882 1364 1922 placuit9,
1382 1887 1414 1913 ut
1429 1883 1599 1923 quicunque
1613 1882 1644 1913 in
1661 1883 1791 1914 ecclesia
1800 1883 1846 1915 vel

1023 1928 1115 1958 semel
1133 1927 1250 1967 legerit,
1268 1928 1304 1959 ab
1321 1928 1378 1959 alia
1401 1928 1529 1959 ecclesia
1544 1928 1580 1958 ad
1596 1928 1768 1960 clericatum
1785 1938 1846 1960 non

1024 1976 1171 2003 teneatur.
1189 1972 1224 2002 Et
1249 1973 1491 2013 subscripserunt
1505 1983 1511 2004 ξ
1528 1973 1575 2003 92
1592 1973 1711 2004 Arelius
1727 1974 1846 2014 episco-

1024 2025 1079 2056 pus
1101 2016 1242 2048 Ecclesiaa
1258 2016 1503 2057 Carthaginensis
1527 2017 1597 2048 huic
1623 2018 1743 2049 decreto
1768 2027 1846 2049 con-

1025 2061 1116 2099 sensi,
1135 2067 1164 2092 et
1180 2063 1319 2102 praelecto
1335 2062 1513 2102 subscripsi.
1533 2062 1680 2094 Similiter
1694 2067 1724 2094 et
1744 2063 1845 2095 caeteri

1025 2106 1158 2146 episcopi
1174 2107 1417 2147 subscripserunt
1434 2107 1510 2147 (98).

1058 2148 1190 2177 Concilii
1205 2149 1383 2179 acumenici
1398 2149 1477 2178 δεδωῑὶ
1490 2156 1617 2179 canones
1637 2149 1682 2186 l7,
1698 2148 1748 2186 18,
1764 2148 1814 2179 20.

1067 2194 1113 2224 77.
1127 2193 1271 2229 Quoniam
1290 2195 1476 2225 diversarum
1494 2195 1688 2226 ecclesiarum
1702 2195 1730 2220 ιο
1743 2193 1846 2226 clerici

154 2238 203 2269 τὰς
232 2235 298 2269 ἰδίας
327 2237 354 2264 ἰ)
384 2236 431 2268 αἷς
461 2236 706 2276 ἐχειροτονήθησαν
721 2237 864 2271 ἐκκλησίας
895 2250 979 2267 κατα-

1031 2239 1154 2278 )ropriis
1166 2239 1195 2269 in
1209 2239 1316 2279 quibus
1328 2240 1457 2270 ordinati
1473 2244 1554 2277 sunt,
1567 2240 1681 2271 relictis
1696 2240 1843 2278 ecclesiis,

153 2282 292 2319 λιπόντες,
315 2282 382 2319 πρὸς
412 2281 516 2321 ἑτέρους
547 2281 707 2320 συνέδραμον
737 2282 910 2323 ἐπισκόπους,
937 2284 981 2312 καὶ

152 2327 268 2366 γνώμης
296 2325 360 2367 δίχα
382 2325 430 2354 τοῦ
455 2327 553 2354 οἰκείου
575 2326 735 2367 ἐπισκόπου,
752 2327 783 2355 ἀν
807 2334 869 2360 ταῖς
900 2327 982 2356 ἀλλο-

153 2372 240 2411 τρίαις
269 2371 456 2411 κατιτάγησαν
484 2370 649 2408 ὶκκλησίοις,
666 2372 696 2400 ἐκ
719 2371 811 2400 τούτου
837 2382 863 2400 τε
886 2372 981 2407 συνέϐη

152 2416 352 2450 ἀνυποτάκτους
395 2416 489 2448 αὐτοὺς
530 2417 707 2453 καταστῆναι,
752 2417 871 2455 ὁρίζομεν
913 2418 981 2446 ὥστε

153 2462 209 2490 ἀπὸ
231 2465 278 2490 τοῦ
304 2465 360 2501 νῦν,
390 2460 452 2495 ἤτοι
485 2461 538 2489 ἀπὸ
560 2464 605 2489 τοῦ
633 2461 792 2500 Ἰανουαρίου
824 2463 910 2499 μηνὸς
932 2465 980 2496 τῆς

153 2506 338 2546 παρελθούσης
378 2505 509 2544 τετάρτης
552 2505 748 2543 ἑπινεμήσεως,
785 2506 886 2544 μηδένα
928 2510 981 2535 τῶν

153 2551 281 2580 ἁπάντων
294 2550 445 2590 κληριχῶν,
458 2549 506 2578 κᾶν
522 2549 549 2577 ἂν
574 2549 720 2587 οἷῳδήποτε
735 2552 858 2591 τυγχάνῃ
874 2553 978 2590 saepe,

152 2595 244 2625 ἄδειαν
259 2595 334 2636 ἔχειν
350 2596 426 2627 ἕκτος
448 2598 497 2629 τῆς
509 2599 554 2624 τοὺ
569 2596 664 2624 οἰκείου
686 2596 831 2624 ἐπισκόπου
847 2597 978 2636 ἐγγράφου

151 2640 331 2678 ἇπολυτικῆς,
354 2640 382 2669 ἐν
406 2640 483 2680 ἑτέρᾳ
512 2641 720 2669 κατατάττεσϐαι
750 2641 889 2678 ἐκκλησίᾳ·
914 2641 976 2670 ἐπεῖ

152 2685 167 2714 ὁ
188 2685 230 2724 μὴ
257 2689 336 2714 τοῦτο
364 2685 417 2714 ἀπὸ
444 2689 492 2715 τοῦ
518 2688 561 2714 νῦν
589 2685 873 2725 παραφυλαττόμὲνος,
907 2686 987 2728 ἀλλὰ.

680 2744 696 2768 9
713 2743 884 2775 Concilium
901 2744 1000 2776 Afric.
1021 2755 1087 2785 cap.
1105 2746 1153 2777 57.

147 2743 165 2770 8
190 2742 362 2774 Concilium
379 2742 478 2775 Afric.
496 2752 565 2783 cap.
580 2743 630 2773 21.

1023 2283 1060 2313 ad
1078 2283 1152 2313 alios
1165 2285 1322 2324 episcopos
1335 2293 1368 2315 se
1388 2285 1593 2325 contulerunt,
1610 2290 1639 2316 et
1654 2285 1718 2316 sine
1735 2285 1847 2326 proprii

1024 2328 1158 2368 episcopi
1180 2329 1326 2359 sententia
1348 2330 1379 2360 in
1397 2330 1504 2360 alienis
1529 2331 1667 2361 ecclesiis
1692 2331 1845 2361 constituti

1024 2376 1137 2409 sunt,et
1150 2382 1184 2403 ex
1195 2382 1229 2404 eo
1239 2374 1322 2413 ipsos
1337 2374 1437 2405 reddit
1449 2375 1614 2406 insolentes
1624 2384 1657 2405 ac
1670 2374 1846 2406 inobedien-

1024 2421 1068 2447 tes
1083 2418 1200 2449 evenit:
1216 2418 1424 2456 statuimus,nt
1436 2428 1453 2450 a
1470 2428 1573 2450 mense
1584 2419 1724 2449 Januario
1740 2423 1846 2459 praete-

1022 2462 1086 2493 ritae
1096 2467 1208 2503 quartis
1220 2463 1404 2501 indictionis,
1419 2464 1516 2494 nullus
1527 2464 1648 2494 omnino
1660 2463 1799 2502 clericus,
1813 2463 1845 2494 in

1022 2517 1201 2548 quocunque
1211 2508 1249 2539 sit
1264 2508 1369 2547 gradu,
1384 2513 1559 2548 potestatem
1574 2508 1682 2539 habeat
1696 2509 1762 2540 sine
1774 2517 1845 2549 pro-

1023 2552 1079 2592 prii
1092 2553 1226 2593 episcopi
1237 2554 1347 2593 scripta
1358 2553 1542 2594 dimissoria,
1557 2554 1587 2584 in
1603 2553 1701 2585 aliene
1710 2553 1846 2585 ecclesiae

1021 2598 1188 2637 catalogum
1204 2599 1320 2629 referri.
1336 2598 1392 2635 Qui
1409 2599 1465 2629 hoc
1482 2598 1562 2629 enim
1578 2608 1594 2630 a
1611 2600 1752 2639 praesenti
1767 2609 1846 2631 nunc

1021 2646 1156 2682 tempore
1178 2652 1238 2674 non
1254 2644 1426 2681 servaverit,
1445 2644 1498 2674 sed
1516 2644 1595 2684 quod
1611 2644 1641 2674 in
1657 2654 1690 2676 se
1705 2649 1760 2683 est,
1775 2654 1845 2677 eum

1018 2687 1069 2727 qui
1080 2687 1123 2718 illi
1140 2697 1245 2718 manus
1261 2688 1414 2729 imposuit,
1425 2688 1575 2720 dedecore
1588 2690 1732 2730 atiecerit,
1747 2691 1844 2733 depo-

1202 2747 1230 2772 10
1246 2746 1384 2779 Chalced.
1402 2747 1474 2781 Can.
1491 2747 1521 2786 6,
1542 2748 1591 2786 10,
1608 2748 1659 2780 20.

939 2797 1062 2831 NOT/E.

197 2844 256 2884 (27)
271 2843 453 2886 Episcopum
469 2842 688 2876 Vazaritanum.

1060 2845 1123 2888 (28)
1140 2847 1215 2879 Vide
1231 2847 1355 2889 August.
1373 2849 1462 2889 epist.
1478 2847 1538 2880 240
1553 2852 1583 2880 et
1597 2848 1667 2881 235.
