4108 6222
389 265 503 334 547

1580 269 1847 340 ΡΗΟΤΙΙ
1891 279 2408 346 PATRIARCH/E
2452 282 2570 350 (ΣΡ.

3646 282 3764 351 548

388 420 565 476 natur
600 413 658 469 et
706 399 861 487 ipse,
898 413 957 468 ct
987 405 1088 487 qui
1135 408 1270 469 eum
1306 414 1524 488 praeter
1573 409 1866 473 rationem
1899 431 2015 475 sus-

2123 419 2517 497 καταισχύνων,
2550 417 2611 472 τό
2651 437 2712 493 γε
2770 410 2858 471 ἐπ’
2901 416 3067 497 αὐτῷ,
3115 417 3208 474 τὸν
3269 418 3368 486 τὴν
3427 422 3767 499 χειροτονίαν

384 501 569 584 cepit.

466 682 566 744 18.
600 678 716 740 Eos
747 678 849 758 qui
875 677 1198 739 barbaricae
1227 677 1590 741 incursionis
1620 681 2026 758 praatextu,\el
2097 703 2100 706 ί

392 771 593 848 aliquo
615 768 730 829 alio
765 767 940 828 modo
967 776 1206 846 propter
1232 767 1489 848 aliquam
1523 769 2028 831 circumstantiam

385 861 781 938 emigrarunt,
808 857 1082 930 clericos,
1113 864 1419 936 postquam
1457 857 1669 919 modus
1700 859 1802 921 ille
1829 879 1896 921 ac
1918 862 2031 922 cir-

387 948 745 1014 cumstantia
805 947 1074 1020 cessarit,
1119 947 1210 1006 vel
1256 945 1584 1008 barbaricae
1633 949 2028 1030 incursiones,

389 1048 634 1122 propter
681 1055 828 1117 quas
877 1045 1280 1112 recesserant,
1317 1054 1522 1098 rursus
1573 1037 1632 1097 in
1681 1057 1816 1098 suas
1857 1037 2032 1118 jube-

386 1149 518 1192 mus
547 1126 837 1190 ecclesias
884 1125 1128 1200 reverti,
1168 1143 1276 1186 nec
1311 1143 1411 1186 eas
1467 1125 1568 1186 diu
1598 1125 1823 1206 absque
1873 1129 2028 1205 justa

386 1237 566 1284 causa
595 1216 966 1296 relinquere.
1001 1217 1062 1277 Si
1095 1213 1228 1294 quis
1258 1222 1455 1275 autem
1490 1234 1632 1290 non,
1668 1228 1731 1277 ut
1765 1236 2029 1298 praesens

381 1310 510 1372 vult
569 1324 784 1385 canon,
817 1303 1052 1377 adierit,
1089 1311 1462 1383 segregetur,
1498 1304 1689 1366 donec
1735 1307 1808 1366 ad
1859 1325 2023 1368 suam

381 1397 700 1463 ecclesiam
747 1393 978 1455 redeat.
1013 1391 1136 1453 Hoc
1167 1392 1360 1472 ipsum
1421 1401 1619 1456 autem
1652 1398 1828 1456 etiam
1863 1395 1924 1456 in
1953 1415 2024 1458 eo

382 1493 480 1552 fiat
509 1486 818 1568 episcopo,
853 1481 956 1560 qui
986 1481 1150 1544 illum
1177 1483 1435 1544 detinet.

462 1664 671 1729 20.Ne
695 1662 872 1724 liceat
907 1659 1194 1740 episcopo
1221 1662 1281 1721 in
1306 1661 1418 1722 alia
1442 1661 1514 1731 Η,
1546 1681 1678 1740 quae
1700 1662 1770 1723 ad
1807 1681 1872 1724 se
1904 1682 2026 1725 non

3743 512 3758 528 ο

2116 511 2257 580 αὐτῷ
2340 506 2664 580 ἐπιθεικότα,
2729 508 3074 581 καθαιρείσθω
3156 510 3245 564 καὶ
3291 511 3488 581 ,αὒτὸς
3575 510 3664 566 καὶ
3737 512 3766 567 ὁ

2115 596 2433 675 παραλόγως
2466 597 2623 652 αὐτὸν
2655 593 3087 674 προσδεξάμενος.

2195 684 2296 752 ιη’.
2369 687 2500 749 Τοὺς
2587 686 2842 764 προφάσει
2911 683 3238 765 βαρϐαρικῆς
3327 686 3648 764 ἐπιδρομῆς,
3727 689 3764 758 ἢ

2115 774 2291 838 ἄλλως
2351 798 2466 840 πως
2524 776 2582 831 ὲκ
2631 774 3014 851 περιστάσεως,
3060 777 3393 850 μετανάστας
3448 777 3764 855 γενομένους

2114 864 2424 943 κληρικοὺς,
2457 866 2614 932 ἡνίκα
2670 863 2713 918 δ’
2762 863 2822 919 ἂν
2877 866 2903 919 ὁ
2955 886 3148 941 τροπος
3202 867 3385 929 αὐτοῖς
3433 867 3766 934 ἀποπαύση-

2114 977 2220 1028 ται,
2266 954 2301 1022 ἢ
2332 957 2383 1009 αἱ
2439 960 2544 1009 τῶν
2602 952 2874 1031 βαρϐάρων
2939 951 3248 1031 ἐπιδρομαὶ,
3283 953 3350 1010 δι’
3410 955 3442 1011 ἂ
3472 956 3571 1023 τῆν
3623 957 3764 1012 ἀνα-

2113 1045 2358 1122 χώρησιν
2418 1044 2763 1114 ἐποιήσαντο,
2809 1045 2952 1106 αὖθις
2995 1043 3048 1098 ἐν
3102 1057 3224 1108 ταῖς
3273 1045 3490 1108 οἰκείαις
3551 1045 3764 1112 ἔκκλη-

2109 1135 2244 1197 σίαις
2287 1133 2690 1209 προστάσσομεν
2740 1131 3149 1211 ἐπανέρχεσθαι,
3199 1135 3288 1190 καὶ
3341 1135 3419 1207 μὴ
3476 1136 3563 1190 ἐπὶ
3623 1134 3763 1192 πολὺ

2108 1223 2299 1286 ταύτας
2362 1221 2767 1301 ἀπροφασίστως
2823 1220 3270 1296 καταλιμπάνειν,
3333 1225 3389 1279 Εἰ
3449 1221 3505 1278 δέ
3553 1245 3635 1285 τις
3680 1225 3762 1298 μὴ

2107 1312 2242 1368 κατά
2313 1313 2398 1367 τὸν
2473 1312 2706 1389 παρόντα
2779 1308 3090 1386 διαγένηται
3163 1311 3383 1385 κανόνα,
3429 1312 3761 1390 ἀφοριζέσθω

2111 1401 2305 1480 μέχρις
2359 1398 2420 1455 ἂν
2454 1402 2584 1475 πρὸς
2636 1401 2730 1466 τὴν
2792 1400 2990 1454 οἰκείαν
3021 1399 3309 1467 ἐκκλησίαν
3367 1399 3759 1480 ὶπαναδράμοι,

2111 1493 2182 1549 Τὸ
2239 1489 2365 1545 αὐτὸ
2397 1487 2448 1544 δὲ
2508 1497 2662 1546 τοῦτο
2723 1488 2806 1543 καὶ
2863 1487 2957 1544 ὲπῖ
2989 1491 3063 1550 τῶ
3104 1489 3393 1570 κυτέχοντι
3433 1491 3590 1548 αὐτὸν
3631 1491 3762 1548 ἑπι-

2110 1580 2296 1652 σκόπῳ
2327 1578 2568 1655 γίνέσθω,

2188 1667 2262 1729 κ’.
2313 1668 2400 1734 Μὴ
2460 1667 2652 1732 ἐξέστω
2696 1667 2975 1724 ἐπισκόπω
3005 1668 3076 1732 εἷς
3119 1667 3302 1745 ἑτέραν
3343 1668 3439 1734 τὴν
3485 1669 3564 1744 μῆ
3613 1670 3759 1743 αύτῷ

385 1757 669 1840 pertinet,
705 1751 947 1813 civitate
1004 1749 1240 1829 publice
1282 1750 1522 1840 docere.
1560 1749 1622 1812 Si
1673 1751 1774 1831 qui
1828 1763 2015 1814 autem

2115 1760 2482 1836 προσήκουσαν
2535 1757 2690 1813 πόλιν
2721 1754 2952 1832 δημοσίᾳ
3010 1754 3295 1813 διδάσκειν
3343 1759 3386 1813 εἰ
3416 1755 3472 1813 δέ
3517 1779 3600 1820 τις
3631 1781 3757 1837 φω-

381 1839 493 1910 hoc
524 1847 722 1907 facere
755 1840 1167 1920 deprehensus
1198 1839 1400 1914 fuerit,
1434 1840 1507 1901 ab
1537 1839 1885 1921 episcopatu
1915 1842 2015 1903 de-

2115 1849 2290 1926 ραθείη
2341 1850 2495 1904 τοῦτο
2539 1853 2733 1920 ποιῶν,
2785 1851 2882 1912 τῆς
2943 1846 3245 1914 ἐπισκοπῆς
3278 1845 3548 1927 παυέσθω,
3579 1848 3646 1904 τὰ
3697 1845 3755 1903 δὲ

376 1939 571 2010 sistat,
608 1930 939 2014 presbyteri
969 1938 1164 1990 autem
1205 1947 1454 1991 munere
1485 1930 1782 2008 fungatur.

456 2029 549 2088 95
609 2023 847 2085 ’l'extus.
884 2020 1090 2082 Const.
1123 2023 1161 2079 9
1211 2027 1269 2079 et
1300 2020 1398 2094 10,
1435 2017 1523 2080 tit.
1557 2025 1580 2080 t
1644 2018 2022 2081 Novellarum

2109 1940 2199 1994 τοῦ
2228 1934 2574 2014 πρεσϐυτέρου
2605 1935 2902 2014 ἐνεργείτω,

2189 2017 2250 2082 Ἠ
2295 2025 2347 2082 δὲ
2378 2025 2425 2082 θ’
2461 2028 2546 2082 καὶ
2587 2025 2621 2081 ι’
2654 2024 2800 2085 aiat.
2835 2032 2926 2082 τοῦ
2974 2024 3026 2080 α’
3057 2026 3159 2084 τίτ.
3202 2025 3308 2082 τῶν
3340 2027 3540 2104 νεαρῶν
3570 2026 3747 2106 λέγει,

376 2119 568 2189 aiunt,
601 2111 759 2194 quod
789 2111 845 2170 in
878 2108 1145 2187 Magnam
1177 2109 1492 2170 ecclesiam
1528 2106 2015 2188 Constantinopo-

2115 2117 2220 2180 πῶς
2292 2117 2365 2179 εἰς
2435 2116 2534 2182 τῆν
2607 2114 2861 2192 Μεγάλην
2938 2113 3226 2181 ἐκκλησίαν
3313 2125 3753 2174 Κωνσταντινουο-

372 2209 615 2271 litanam
650 2201 903 2263 aliorum
961 2199 1091 2277 ejus
1123 2198 1512 2260 ecclesiarum
1541 2196 1751 2260 clerici
1772 2199 2022 2261 transfe-

370 2308 625 2454 ram;
657 2383 886 2449 XXVII.
923 2418 994 2428 -—
1030 2384 1110 2444 De
1137 2400 1203 2445 eo
1236 2383 1346 2462 qui
1383 2385 1624 2463 peccati
1654 2401 1811 2459 reus,
1849 2383 2018 2447 nihi-

372 2483 640 2546 lominus
667 2475 988 2540 ordinatus
1013 2475 1157 2549 fuit.

659 2567 921 2634 Conrilii
961 2565 1205 2628 Nicoeni
1245 2584 1508 2630 canones
1540 2567 1600 2642 9,
1636 2569 1732 2631 10.

450 2667 586 2733 9.Si
617 2664 720 2746 qui
770 2662 923 2724 citra
951 2661 1453 2722 eraminationem
1487 2661 1537 2704 19
1568 2661 1823 2742 promoti
1877 2668 2017 2722 sunt

373 2754 728 2843 presbyteri,
785 2751 875 2814 vel
937 2749 1258 2843 eaaminati
1307 2768 1412 2812 sua
1466 2761 1706 2832 peccata
1753 2753 2015 2816 confessi

370 2839 532 2923 sunt,
596 2847 802 2924 eisque
860 2839 1174 2914 confessis,
1239 2849 1458 2919 praeter
1515 2859 1806 2904 canonem
1869 2844 2015 2905 moti

369 2939 650 3002 homines
681 2949 890 2994 manus
921 2930 1360 3009 imposuerunt,
1392 2948 1494 2991 eos
1526 2949 1719 2992 canon
1756 2950 1877 2994 non
1911 2932 2015 2993 ad-

369 3027 568 3092 mittit.
605 3023 769 3098 Quod
817 3028 907 3082 est
935 3019 1096 3081 enim
1128 3036 1161 3079 a
1191 3019 1670 3100 reprehensione
1722 3021 2008 3098 alienum,

367 3116 634 3182 defendit
669 3110 962 3175 Ecclesia.
1694 3129 1696 3131 -

449 3209 548 3270 10.
606 3203 962 3280 Quicunque
991 3218 1062 3263 ex
1105 3201 1181 3262 iis
1231 3201 1332 3278 qui
1383 3199 1535 3280 lapsi
1566 3208 1724 3276 sunt,
1763 3201 1854 3263 vel
1909 3221 2017 3282 per

367 3295 790 3379 ignorantiam,
823 3291 912 3352 vel
944 3291 1280 3352 scientibus
1310 3289 1384 3350 iis
1415 3290 1516 3372 qui
1563 3301 2013 3370 promoverunt,

2106 2205 2314 2269 πόλεως
2373 2207 2419 2261 οἱ
2492 2211 2597 2260 τῶν
2656 2203 2834 2262 ἄλλων
2898 2206 3057 2280 αὑτῆς
3127 2202 3427 2272 ἐκκλησιῶν
3504 2203 3756 2284 κληρικοὶ

2105 2299 2470 2371 μετατίθεντα,

2185 2391 2433 2444 ΚΕΦΑΛ.
2474 2383 2595 2446 ΣΖ’,
2665 2417 2729 2427 —
2763 2383 2895 2462 Περὶ
2945 2391 3037 2441 τοῦ
3085 2383 3436 2460 ὑποκειμένου
3491 2383 3748 2462 ἁμαρτή-

2103 2495 2254 2550 ματι,
2291 2473 2387 2530 καῖ
2420 2471 2914 2553 χειροτονηθέντος,

2453 2567 2679 2625 Συνόδου
2725 2569 2942 2632 Νικαίας
2992 2570 3166 2624 κανὼν
3210 2568 3280 2648 θ’,
3317 2568 3377 2632 ι’,

2177 2666 2248 2724 θ’.
2285 2663 2498 2726 Εἵτινες
2546 2661 2900 2728 ἀνεξετάστως
2958 2661 3313 2742 προήχθησαν
3372 2660 3742 2741 πρεσϐύτεροι,

2099 2753 2134 2820 ἢ
2191 2752 2592 2829 ἀνακρινόμενοι
2637 2752 2998 2829 ὡμολόγησαν
3029 2753 3094 2808 τὰ
3150 2753 3512 2830 ἡμαρτημένα
3557 2753 3746 2815 αὐτοῖς

2096 2843 2183 2898 καὶ
2227 2841 2682 2918 ὁμολογησάντων
2731 2843 2924 2916 αὐτῶν,
2983 2843 3127 2919 παρά
3183 2841 3382 2899 κανόνα
3439 2842 3747 2914 κινούμενοι

2097 2934 2146 2988 οἱ
2193 2931 2479 3008 ἅνθρωποι,
2516 2945 2634 2996 τοῖς
2691 2932 2952 2993 τοιούτοις
2997 2945 3162 3010 χεῖρα
3206 2930 3580 3009 ἐπιτεθείκασι,
3613 2931 3747 2986 τού-

2095 3043 2218 3084 τους
2290 3023 2317 3078 ὃ
2374 3022 2549 3078 κανὼν
2609 3023 2670 3078 ού
2738 3023 3034 3098 προσίεται⁹
3098 3023 3159 3077 τὸ
3213 3022 3314 3099 γὰρ
3381 3019 3747 3088 ἀνεπίληπτον

2031 3145 2074 3197 c
2097 3109 2300 3168 ἒκδικεῖ
2330 3112 2363 3178 ἡ
2397 3110 2658 3178 καθολικὴ
2691 3109 3010 3177 Ἐκκλησία.

2184 3199 2245 3262 ι’.
2302 3199 2457 3258 Ὅσοι
2515 3200 2992 3279 προεχειρίσθησαν
3049 3198 3155 3256 τῶν
3208 3201 3744 3279 παραπεπτωκότων,

2101 3290 2237 3346 κατά
2293 3287 2536 3366 ἄγνοιαν,
2570 3289 2606 3356 ἢ
2665 3291 2753 3345 καὶ
2797 3285 3121 3366 προειδότων
3153 3295 3259 3344 τῶν
3317 3291 3746 3369 προχειρισαμὲ-

367 3387 626 3453 ordinati
668 3389 828 3458 sunt,
863 3381 976 3442 hoc
1023 3379 1431 3442 ecclesiastico
1464 3381 1680 3442 canoni
1720 3400 1838 3443 non
1873 3401 2015 3462 prte-

2115 3401 2228 3452 imv,
2287 3387 2438 3436 τοῦτο
2497 3379 2557 3436 οὔ
2612 3379 2879 3458 προκρίνει
2913 3385 3014 3451 ’τῷ
3073 3380 3254 3434 κανόνι
3312 3385 3390 3454 τῷ
3442 3379 3747 3447 ἐκκλησια-

361 3478 613 3560 judicat.
647 3472 695 3535 Ii
723 3471 884 3534 enim
920 3471 1142 3547 cogniti
1179 3469 1581 3550 deponuntur.

486 3566 748 3635 Consilii
777 3565 1014 3630 Nicami
1057 3563 1570 3626 Neoccesariensis
1599 3580 1794 3654 canon
1827 3564 1884 3627 9.

444 3663 505 3728 Si
559 3659 895 3745 presbyter,
931 3657 1040 3734 qui
1091 3675 1348 3738 corpore
1409 3657 1574 3738 prius
1627 3665 2005 3738 peccaverat,

361 3763 672 3838 promotus
694 3749 895 3822 fuerit,
917 3756 975 3810 et
1002 3747 1054 3808 si
1082 3755 1219 3838 ante
1243 3747 1684 3810 ordinationem
1720 3766 2008 3829 peccasse

363 3837 678 3908 confessus
708 3838 908 3918 fuerit,
933 3855 1010 3900 ne
1040 3837 1276 3911 offerat,
1301 3855 1547 3898 manens
1578 3838 1636 3899 in
1671 3839 1828 3914 altis,
1863 3856 2006 3919 pro-

361 3945 495 4017 pter
524 3931 683 3996 aliud
719 3929 851 4010 ejus
881 3927 1053 4017 bonaa
1086 3926 1220 3988 vitae
1243 3926 1528 3988 studium.
1556 3926 1812 4004 Reliqua
1843 3928 2006 3990 enim

363 4016 606 4108 peccata
637 4021 845 4082 dicunt
897 4016 1064 4078 multi
1100 4033 1380 4108 manuum
1438 4017 1822 4096 impositione
1859 4017 2006 4080 tolli.

363 4106 532 4190 Quod
566 4112 615 4172 si
647 4110 776 4192 ipsa
825 4123 944 4168 non
978 4106 1357 4178 conﬁteatur,
1384 4116 1591 4185 aperte
1642 4114 1838 4167 autem
1872 4125 2012 4168 con-

361 4206 517 4267 vinci
549 4219 669 4263 non
704 4196 986 4279 potuerit,
1026 4194 1187 4254 illius
1217 4212 1456 4274 quoque
1487 4194 1543 4256 ei
1594 4195 1693 4256 ﬁat
1724 4203 2006 4275 potestas,

882 4288 1109 4351 Basilii
1151 4306 1344 4351 canon
1384 4287 1484 4350 27.

441 4395 542 4456 27.
573 4392 658 4452 De
689 4383 1063 4468 presbytero,
1099 4383 1202 4460 qui
1233 4383 1498 4445 insciens
1528 4384 1754 4446 illicitis
1784 4387 2008 4467 nuptiis

2102 3476 2289 3544 στικῷ·
2325 3469 2647 3548 γνωσθέντες
2673 3469 2773 3546 γὰρ
2800 3471 3190 3546 καθαιροῦνται.

2457 3561 2684 3620 Συνόδου
2716 3564 3126 3639 Νεοκαισαρείας
3170 3564 3372 3626 κανὼν,

2176 3655 2532 3737 Πρεσϐύτερος
2617 3656 2706 3713 ἐὰν
2785 3658 3220 3736 προημαρτηκὼς
3305 3657 3513 3734 σώματι
3599 3681 3744 3738 προ..

2093 3752 2260 3826 αχθῇ,
2295 3750 2383 3804 καὶ
2425 3746 2740 3825 ὁμολογήσῃ
2795 3746 2876 3802 ὅτι
2927 3744 3138 3826 ἥμαρτε
3195 3747 3298 3826 πρὺ
3327 3752 3425 3816 τῆς
3479 3750 3741 3827 χειροτο-

2093 3840 2227 3913 νίας,
2287 3839 2365 3913 μῆ
2429 3836 2790 3917 προσφερέτω,
2840 3835 3013 3912 μένων
3073 3836 3127 3894 ἐν
3185 3850 3304 3900 τοῖς
3356 3836 3596 3914 λοιποῖς,
3651 3837 3743 3895 διὰ

2091 3929 2188 3996 τὴν
2258 3925 2426 3994 ἄλλην
2495 3924 2750 3994 σπουδήν.
2831 3927 2903 3983 Τὰ
2973 3927 3074 4003 γὰρ
3143 3924 3306 3983 λοιπὰ
3375 3927 3742 4005 ἁμαρτήματα

2092 4018 2292 4097 ἔφασαν
2337 4018 2384 4072 οἰ
2432 4015 2621 4074 πολλοὶ
2664 4019 2750 4072 καὶ
2798 4016 2895 4082 τὴν
2951 4017 3284 4094 χειροθεσίαν
3315 4015 3548 4096 ἀφιέναι,
3609 4016 3742 4074 Ἐάν

2092 4106 2146 4163 δὲ
2206 4109 2362 4172 αὐτὸς
2409 4108 2486 4180 μὴ
2545 4104 2810 4182 ὁμολογῇ,
2862 4104 3186 4184 ἐλεγχθῆναι
3247 4103 3302 4160 δὲ
3355 4112 3593 4184 φανερῶς
3653 4107 3736 4183 μὴ

2091 4195 2309 4277 δυνηθῇ,
2343 4195 2426 4254 ἐπ’
2453 4196 2598 4271 αὒτῷ
2627 4196 2810 4267 ἐκείνῳ
2840 4199 3111 4253 ποιεῖσθαι
3140 4196 3241 4263 τὴν
3270 4193 3527 4261 ἐξουσίαν,

2602 4288 2884 4350 Βασιλείου
2914 4291 3090 4346 κανὼν
3118 4287 3225 4360 κζ’.

2171 4383 2277 4456 κζ’,
2310 4386 2436 4465 Περὶ
2464 4391 2554 4442 τοῦ
2583 4382 2932 4462 πρεσϐυτέρου
2961 4389 3052 4440 τοῦ
3082 4384 3219 4440 κατά
3255 4382 3473 4461 ἄγνοιαν
3514 4383 3736 4461 ἀθέσμῳ

358 4483 701 4563 implicatus
726 4477 1024 4549 est,statui
1046 4474 1846 4563 quaeoportebat,cathedrze
1867 4478 2004 4557 qui-

2115 4476 2248 4550 νᾶμω
2330 4474 2734 4552 περιπαρὲντος,
2823 4472 2990 4550 ὥρισα
3074 4471 3108 4528 ἃ
3191 4473 3387 4553 ἐχρῆν,
3475 4473 3733 4554 καθέδρας

361 4562 497 4637 dem
525 4567 875 4651 participem
911 4582 1068 4644 esse,
1100 4562 1205 4624 sed
1225 4581 1259 4624 a
1287 4564 1540 4644 reliquis
1575 4564 1795 4626 muniis
1825 4565 2004 4628 absti-

360 4683 529 4729 nere.
556 4663 704 4726 Nam
733 4655 876 4718 satis
894 4664 982 4716 est
1005 4652 1550 4734 ejusmodibomini
1581 4656 1771 4716 venia.
1794 4653 1868 4718 Ut
1892 4674 2004 4719 au-

361 4764 475 4818 tem
497 4753 678 4816 alium
705 4743 1154 4825 benedicat,qui
1182 4743 1422 4824 propria
1442 4762 1652 4808 curare
1683 4743 1862 4806 debet
1882 4747 2005 4807 vul-

358 4840 785 4925 nera,minime
803 4833 1664 4925 consentaneum.Benedictio
1688 4834 1848 4925 enim
1875 4855 2009 4898 san-

361 4921 740 4997 ctiﬁcationis
763 4926 858 4988 94
888 4922 1348 4986 communicatio
1390 4933 1504 4985 est.
1537 4921 1721 4996 Quam
1754 4924 1854 5005 qui
1886 4944 2005 4987 non

358 5024 562 5098 habet,
597 5027 914 5101 propterea
955 5014 1112 5096 quod
1158 5013 1427 5075 insciens
1456 5011 1659 5094 lapsus
1705 5023 1818 5089 est,
1851 5034 2005 5095 quo-

361 5113 538 5174 modo
561 5109 694 5170 aliis
715 5109 791 5168 im
803 5105 1048 5186 pertiet?
1065 5103 1267 5183 Itaque
1290 5121 1400 5164 nec
1426 5103 1662 5182 publice
1683 5123 1794 5166 noc
1815 5106 2007 5185 priva-

358 5203 464 5265 tim
500 5198 960 5267 benedicat,nec
985 5213 1206 5274 corpus
1236 5193 1452 5256 Christi
1488 5193 1812 5256 distribuat
1844 5196 1996 5274 aliis,

354 5311 471 5357 nec
501 5290 749 5372 quodvis
780 5285 940 5348 aliud
971 5301 1201 5345 sacrum
1239 5302 1456 5346 munus
1491 5283 1689 5360 obeat,
1718 5285 1848 5361 sed,
1884 5287 1997 5349 ho-

357 5383 607 5446 noriﬁca
624 5377 768 5441 sede
789 5381 1130 5451 contentus,
1149 5381 1318 5453 roget
1339 5392 1474 5437 cum
1500 5374 1778 5456 lacrymis
1801 5377 2001 5441 Domi.

355 5491 528 5550 num,
558 5477 625 5535 ut
653 5468 766 5530 sibi
797 5465 1148 5545 ignorantiae
1179 5472 1492 5546 peccatum
1524 5466 1887 5532 remittatur.

2088 4565 2187 4640 μὲν
2246 4565 2525 4646 μετέχειν,
2567 4570 2674 4620 τῶν
2727 4564 2782 4620 δὲ
2830 4562 3033 4619 λοιπῶν
3074 4564 3355 4642 ἐνεργειῶν
3399 4563 3728 4643 ἀπέχεσθαι’

2087 4655 2305 4734 ἀρκετὸν
2386 4657 2486 4734 γὰρ
2546 4662 2622 4729 τῷ
2692 4655 2914 4728 τοιούτῳ
2981 4654 3015 4720 ἡ
3077 4652 3394 4732 συγγνώμηο
3483 4653 3735 4733 εὐλογεῖν

2088 4744 2143 4801 δὲ
2200 4745 2375 4824 ἕτερον
2432 4747 2523 4802 τὸν
2572 4745 2639 4801 τὰ
2696 4746 2871 4802 οἰκεῖα
2927 4742 3191 4820 τημελεῖν
3242 4741 3521 4824 ὀφείλοντα
3565 4745 3735 4824 τραύ-

2089 4857 2233 4912 ματα
2291 4833 2662 4896 ἀνακόλουθον,
2739 4831 2963 4912 Εὒλογία
3053 4834 3152 4912 γὰρ
3222 4833 3489 4911 ἀγιασμοῦ
3557 4835 3734 4910 μετά-

2089 4925 2228 4990 δοσίς
2283 4927 2450 4988 ἔστιν,
2499 4916 2557 4981 ’0
2610 4922 2666 4978 δὲ
2722 4929 2878 4980 τοῦτο
2935 4924 3011 4999 μὴ
3065 4921 3210 5002 ἔχων
3265 4920 3348 4978 διὰ
3391 4925 3454 4979 τὸ
3511 4923 3573 4979 ἐκ
3627 4929 3733 4991 τῆς

2088 5014 2301 5092 ἀγνοίας
2358 5014 2722 5094 παράπτωμα,
2784 5013 2900 5077 πῶς
2943 5012 3108 5092 ἑτέρῳ
3167 5010 3516 5089 μεταδώσεις
3577 5012 3733 5080 Mdu

2087 5105 2258 5162 τοίνυν
2305 5100 2559 5183 δημοσίᾳ,
2593 5104 2731 5177 μήτε
2781 5101 2882 5174 ἶδίᾴ
2934 5101 3243 5180 εὐλογείτω,
3291 5104 3431 5178 μήτε
3474 5104 3536 5159 τὸ
3570 5105 3734 5179 σῶμα

2087 5202 2176 5252 τοῦ
2220 5201 2446 5270 Χριστοῦ
2494 5192 2838 5268 κατανεμέτω
2893 5192 3116 5270 ἑτέροις,
3157 5193 3296 5267 μήτε
3340 5214 3391 5249 τι
3443 5191 3577 5248 ἄλλο
3620 5191 3734 5249 λει-

2082 5286 2388 5365 τουργείτω³
2460 5283 2581 5340 ἀλλ’
2666 5281 2988 5363 ἀρκούμενος
3069 5287 3139 5360 τῇ
3210 5280 3478 5361 προεδρίᾳ,
3552 5303 3728 5362 προσ-

2081 5375 2313 5448 κιλαιέτω
2356 5381 2432 5448 τῷ
2491 5374 2662 5453 Κυρίῳ
2719 5375 3139 5454 συγχωρηθῆναι
3191 5371 3336 5448 αὐτῷ
3392 5373 3453 5430 τὸ
3513 5371 3574 5431 ἐκ
3629 5378 3732 5442 τῆς

2081 5467 2294 5549 ἀγνοίας
2336 5465 2618 5544 ἀνόμημα.

433 5635 483 5683 ιι
516 5635 724 5719 Apost.
759 5647 892 5696 can.
928 5627 1000 5698 14
1031 5647 1053 5713 ς
1083 5625 1365 5692 Antioch.
1397 5644 1528 5711 can.
1565 5629 1666 5691 t6.
1754 5629 1812 5683 *2
1839 5631 2116 5700 Neocaes.
2155 5635 2217 5703 9.
