  <div class='ocr_page' id='page_1' title='image "/cluster/home/n/w/nwhite01/storage/ocr_20150623/104/hvd.32044073502163/295.png"; bbox 0 0 4148 6198; ppageno 0'>
   <div class='ocr_carea' id='block_1_1' title="bbox 408 286 2046 366">
    <p class='ocr_par' dir='ltr' id='par_1_1' title="bbox 408 286 2046 366">
     <span class='ocr_line' id='line_1_1' title="bbox 408 286 2046 366; baseline -0.005 0"><span class='ocrx_word' id='word_1_1' title='bbox 408 299 519 366; x_wconf 87' lang='grc'><strong>551</strong></span> <span class='ocrx_word' id='word_1_2' title='bbox 1597 286 1863 354; x_wconf 90' lang='lat' dir='ltr'><strong>PHOTII</strong></span> <span class='ocrx_word' id='word_1_3' title='bbox 1903 289 2046 357; x_wconf 81' lang='lat' dir='ltr'><strong>PAT</strong></span> 
     </span>
    </p>
   </div>
   <div class='ocr_carea' id='block_1_2' title="bbox 2129 286 3767 366">
    <p class='ocr_par' dir='ltr' id='par_1_2' title="bbox 2129 288 3767 361">
     <span class='ocr_line' id='line_1_2' title="bbox 2129 288 3767 361; baseline 0.003 -6"><span class='ocrx_word' id='word_1_4' title='bbox 2129 288 2422 356; x_wconf 67' lang='lat' dir='ltr'><strong>[ARCHIE</strong></span> <span class='ocrx_word' id='word_1_5' title='bbox 2464 289 2582 355; x_wconf 77' lang='grc' dir='ltr'><strong>ΟΡ.</strong></span> <span class='ocrx_word' id='word_1_6' title='bbox 3653 291 3767 361; x_wconf 82' lang='grc'><strong>552</strong></span> 
     </span>
    </p>
   </div>
   <div class='ocr_carea' id='block_1_3' title="bbox 413 425 2051 517">
    <p class='ocr_par' dir='ltr' id='par_1_3' title="bbox 413 425 2050 517">
     <span class='ocr_line' id='line_1_3' title="bbox 413 425 2050 517; baseline -0.008 -19"><span class='ocrx_word' id='word_1_7' title='bbox 413 451 610 517; x_wconf 90' lang='lat' dir='ltr'><strong>neque</strong></span> <span class='ocrx_word' id='word_1_8' title='bbox 633 432 755 496; x_wconf 89' lang='lat' dir='ltr'><strong>ullo</strong></span> <span class='ocrx_word' id='word_1_9' title='bbox 779 429 937 513; x_wconf 98' lang='lat' dir='ltr'><strong>turpi</strong></span> <span class='ocrx_word' id='word_1_10' title='bbox 964 426 1198 509; x_wconf 87' lang='lat' dir='ltr'><strong>negotio</strong></span> <span class='ocrx_word' id='word_1_11' title='bbox 1226 433 1285 490; x_wconf 87' lang='lat' dir='ltr'><strong>et</strong></span> <span class='ocrx_word' id='word_1_12' title='bbox 1303 425 1617 517; x_wconf 87' lang='lat' dir='ltr'><strong>inhonesto</strong></span> <span class='ocrx_word' id='word_1_13' title='bbox 1638 425 1857 489; x_wconf 81' lang='lat' dir='ltr'><strong>victum</strong></span> <span class='ocrx_word' id='word_1_14' title='bbox 1881 449 2050 509; x_wconf 66' lang='lat' dir='ltr'><strong>qua;-</strong></span> 
     </span>
    </p>
   </div>
   <div class='ocr_carea' id='block_1_4' title="bbox 2141 425 3779 517">
    <p class='ocr_par' dir='ltr' id='par_1_4' title="bbox 2141 429 3779 512">
     <span class='ocr_line' id='line_1_4' title="bbox 2141 429 3779 512; baseline 0.002 -24"><span class='ocrx_word' id='word_1_15' title='bbox 2141 453 2308 509; x_wconf 83' lang='grc' dir='ltr'><strong>τορες,</strong></span> <span class='ocrx_word' id='word_1_16' title='bbox 2351 429 2486 505; x_wconf 78' lang='grc' dir='ltr'><strong>μηδὲ</strong></span> <span class='ocrx_word' id='word_1_17' title='bbox 2544 429 2604 486; x_wconf 75' lang='grc' dir='ltr'><strong>ἔκ</strong></span> <span class='ocrx_word' id='word_1_18' title='bbox 2657 453 2802 493; x_wconf 80' lang='grc' dir='ltr'><strong>τινος</strong></span> <span class='ocrx_word' id='word_1_19' title='bbox 2858 432 3083 512; x_wconf 72' lang='grc' dir='ltr'><strong>αἰσχροῦ</strong></span> <span class='ocrx_word' id='word_1_20' title='bbox 3131 431 3164 500; x_wconf 74' lang='grc' dir='ltr'><strong>ἤ</strong></span> <span class='ocrx_word' id='word_1_21' title='bbox 3215 431 3406 508; x_wconf 69' lang='grc' dir='ltr'><strong>ἀτίμου</strong></span> <span class='ocrx_word' id='word_1_22' title='bbox 3454 432 3779 510; x_wconf 82' lang='grc' dir='ltr'><strong>πράγματος</strong></span> 
     </span>
    </p>
   </div>
   <div class='ocr_carea' id='block_1_5' title="bbox 414 514 2052 606">
    <p class='ocr_par' dir='ltr' id='par_1_5' title="bbox 414 514 2051 606">
     <span class='ocr_line' id='line_1_5' title="bbox 414 514 2051 606; baseline -0.004 -17"><span class='ocrx_word' id='word_1_23' title='bbox 414 514 720 606; x_wconf 71' lang='grc' dir='ltr'><strong>ειιιιί,ιιιιιιι</strong></span> <span class='ocrx_word' id='word_1_24' title='bbox 742 521 1043 600; x_wconf 81' lang='lat' dir='ltr'><strong>respicere</strong></span> <span class='ocrx_word' id='word_1_25' title='bbox 1069 517 1290 579; x_wconf 87' lang='lat' dir='ltr'><strong>debent</strong></span> <span class='ocrx_word' id='word_1_26' title='bbox 1310 514 1599 606; x_wconf 79' lang='lat' dir='ltr'><strong>scriptum</strong></span> <span class='ocrx_word' id='word_1_27' title='bbox 1619 533 1756 578; x_wconf 86' lang='lat' dir='ltr'><strong>esse</strong></span> <span class='ocrx_word' id='word_1_28' title='bbox 1780 537 1794 578; x_wconf 90' lang='lat'><strong>:</strong></span> <span class='ocrx_word' id='word_1_29' title='bbox 1829 519 2051 582; x_wconf 82' lang='lat' dir='ltr'><strong>Nullus</strong></span> 
     </span>
    </p>
   </div>
   <div class='ocr_carea' id='block_1_6' title="bbox 2143 514 3781 606">
    <p class='ocr_par' dir='ltr' id='par_1_6' title="bbox 2143 518 3781 601">
     <span class='ocr_line' id='line_1_6' title="bbox 2143 518 3781 601; baseline 0.001 -23"><span class='ocrx_word' id='word_1_30' title='bbox 2143 521 2335 601; x_wconf 72' lang='grc' dir='ltr'><strong>τροφὴν</strong></span> <span class='ocrx_word' id='word_1_31' title='bbox 2371 520 2714 599; x_wconf 85' lang='grc' dir='ltr'><strong>πορίζωνται,</strong></span> <span class='ocrx_word' id='word_1_32' title='bbox 2746 520 3058 601; x_wconf 75' lang='grc' dir='ltr'><strong>Ὀφείλουσι</strong></span> <span class='ocrx_word' id='word_1_33' title='bbox 3105 522 3206 601; x_wconf 80' lang='grc' dir='ltr'><strong>γὰρ</strong></span> <span class='ocrx_word' id='word_1_34' title='bbox 3255 518 3560 596; x_wconf 75' lang='grc' dir='ltr'><strong>ἀποϐλέψαι</strong></span> <span class='ocrx_word' id='word_1_35' title='bbox 3589 524 3666 587; x_wconf 84' lang='grc' dir='ltr'><strong>εἷς</strong></span> <span class='ocrx_word' id='word_1_36' title='bbox 3719 525 3781 580; x_wconf 82' lang='grc' dir='ltr'><strong>τὸ</strong></span> 
     </span>
    </p>
   </div>
   <div class='ocr_carea' id='block_1_7' title="bbox 415 605 2053 690">
    <p class='ocr_par' dir='ltr' id='par_1_7' title="bbox 415 605 2050 689">
     <span class='ocr_line' id='line_1_7' title="bbox 415 605 2050 689; baseline -0.005 -9"><span class='ocrx_word' id='word_1_37' title='bbox 415 605 693 680; x_wconf 69' lang='lat' dir='ltr'><strong>militans</strong></span> <span class='ocrx_word' id='word_1_38' title='bbox 728 611 843 673; x_wconf 84' lang='lat' dir='ltr'><strong>Deo</strong></span> <span class='ocrx_word' id='word_1_39' title='bbox 877 608 1144 689; x_wconf 83' lang='lat' dir='ltr'><strong>implicat</strong></span> <span class='ocrx_word' id='word_1_40' title='bbox 1170 624 1231 669; x_wconf 80' lang='lat' dir='ltr'><strong>se</strong></span> <span class='ocrx_word' id='word_1_41' title='bbox 1259 605 1529 684; x_wconf 75' lang='lat' dir='ltr'><strong>negotiis</strong></span> <span class='ocrx_word' id='word_1_42' title='bbox 1556 606 1948 670; x_wconf 73' lang='lat' dir='ltr'><strong>saecularibus</strong></span> <span class='ocrx_word' id='word_1_43' title='bbox 1974 607 2050 672; x_wconf 67' lang='lat'><strong>‘5.</strong></span> 
     </span>
    </p>
   </div>
   <div class='ocr_carea' id='block_1_8' title="bbox 2138 605 3776 690">
    <p class='ocr_par' dir='ltr' id='par_1_8' title="bbox 2138 607 3776 690">
     <span class='ocr_line' id='line_1_8' title="bbox 2138 607 3776 690; baseline 0.001 -24"><span class='ocrx_word' id='word_1_44' title='bbox 2138 607 2509 687; x_wconf 76' lang='grc' dir='ltr'><strong>γεγραμμένον</strong></span> <span class='ocrx_word' id='word_1_45' title='bbox 2541 625 2557 642; x_wconf 84' lang='grc'><strong>⁸</strong></span> <span class='ocrx_word' id='word_1_46' title='bbox 2647 608 2827 676; x_wconf 71' lang='grc' dir='ltr'><strong>Οὐδεὶς</strong></span> <span class='ocrx_word' id='word_1_47' title='bbox 2934 613 3351 690; x_wconf 70' lang='grc' dir='ltr'><strong>στρατευόμενος</strong></span> <span class='ocrx_word' id='word_1_48' title='bbox 3449 618 3526 686; x_wconf 84' lang='grc' dir='ltr'><strong>τῷ</strong></span> <span class='ocrx_word' id='word_1_49' title='bbox 3609 620 3728 685; x_wconf 85' lang='grc' dir='ltr'><strong>Θεῷ</strong></span> <span class='ocrx_word' id='word_1_50' title='bbox 3759 657 3776 688; x_wconf 88' lang='grc'><strong>,</strong></span> 
     </span>
    </p>
   </div>
   <div class='ocr_carea' id='block_1_9' title="bbox 415 695 2053 784">
    <p class='ocr_par' dir='ltr' id='par_1_9' title="bbox 415 695 2053 782">
     <span class='ocr_line' id='line_1_9' title="bbox 415 695 2053 782; baseline -0.005 -13"><span class='ocrx_word' id='word_1_51' title='bbox 415 705 565 769; x_wconf 91' lang='lat' dir='ltr'><strong>Item</strong></span> <span class='ocrx_word' id='word_1_52' title='bbox 607 702 659 746; x_wconf 71' lang='lat'><strong>‘7</strong></span> <span class='ocrx_word' id='word_1_53' title='bbox 694 698 936 782; x_wconf 78' lang='lat'><strong>(47-30)</strong></span> <span class='ocrx_word' id='word_1_54' title='bbox 973 695 1190 778; x_wconf 76' lang='lat' dir='ltr'><strong>placuit</strong></span> <span class='ocrx_word' id='word_1_55' title='bbox 1213 704 1276 758; x_wconf 92' lang='lat' dir='ltr'><strong>ut</strong></span> <span class='ocrx_word' id='word_1_56' title='bbox 1303 695 1557 758; x_wconf 77' lang='lat' dir='ltr'><strong>lectores</strong></span> <span class='ocrx_word' id='word_1_57' title='bbox 1586 714 1720 758; x_wconf 91' lang='lat' dir='ltr'><strong>cum</strong></span> <span class='ocrx_word' id='word_1_58' title='bbox 1753 697 1828 760; x_wconf 88' lang='lat' dir='ltr'><strong>ad</strong></span> <span class='ocrx_word' id='word_1_59' title='bbox 1867 716 2053 760; x_wconf 87' lang='lat' dir='ltr'><strong>annos</strong></span> 
     </span>
    </p>
   </div>
   <div class='ocr_carea' id='block_1_10' title="bbox 2146 695 3784 784">
    <p class='ocr_par' dir='ltr' id='par_1_10' title="bbox 2146 697 3784 784">
     <span class='ocr_line' id='line_1_10' title="bbox 2146 697 3784 784; baseline 0.002 -29"><span class='ocrx_word' id='word_1_60' title='bbox 2146 697 2397 774; x_wconf 67' lang='grc' dir='ltr'><strong>ὲμπλέιιει</strong></span> <span class='ocrx_word' id='word_1_61' title='bbox 2491 698 2676 756; x_wconf 76' lang='grc' dir='ltr'><strong>ἑαυτὸν</strong></span> <span class='ocrx_word' id='word_1_62' title='bbox 2768 701 3046 780; x_wconf 78' lang='grc' dir='ltr'><strong>πράγμασι</strong></span> <span class='ocrx_word' id='word_1_63' title='bbox 3152 715 3439 778; x_wconf 80' lang='grc' dir='ltr'><strong>κοσμικοῖς</strong></span> <span class='ocrx_word' id='word_1_64' title='bbox 3473 721 3488 736; x_wconf 86' lang='grc'>·</span> <span class='ocrx_word' id='word_1_65' title='bbox 3593 701 3784 784; x_wconf 75' lang='grc' dir='ltr'><strong>ἤρεσεν</strong></span> 
     </span>
    </p>
   </div>
   <div class='ocr_carea' id='block_1_11' title="bbox 416 787 2054 877">
    <p class='ocr_par' dir='ltr' id='par_1_11' title="bbox 416 787 2054 877">
     <span class='ocr_line' id='line_1_11' title="bbox 416 787 2054 877; baseline -0.006 -20"><span class='ocrx_word' id='word_1_66' title='bbox 416 792 750 877; x_wconf 76' lang='lat' dir='ltr'><strong>pubertatis</strong></span> <span class='ocrx_word' id='word_1_67' title='bbox 790 789 886 851; x_wconf 83' lang='lat'><strong>96</strong></span> <span class='ocrx_word' id='word_1_68' title='bbox 917 787 1319 869; x_wconf 75' lang='lat' dir='ltr'><strong>pervenerint,</strong></span> <span class='ocrx_word' id='word_1_69' title='bbox 1368 793 1657 877; x_wconf 77' lang='lat' dir='ltr'><strong>cogantur</strong></span> <span class='ocrx_word' id='word_1_70' title='bbox 1696 794 1798 877; x_wconf 88' lang='lat' dir='ltr'><strong>aut</strong></span> <span class='ocrx_word' id='word_1_71' title='bbox 1843 804 2054 850; x_wconf 81' lang='lat' dir='ltr'><strong>uxores</strong></span> 
     </span>
    </p>
   </div>
   <div class='ocr_carea' id='block_1_12' title="bbox 2147 787 3785 877">
    <p class='ocr_par' dir='ltr' id='par_1_12' title="bbox 2147 788 3785 871">
     <span class='ocr_line' id='line_1_12' title="bbox 2147 788 3785 871; baseline 0.002 -25"><span class='ocrx_word' id='word_1_72' title='bbox 2147 790 2279 846; x_wconf 74' lang='grc' dir='ltr'><strong>ὥστε</strong></span> <span class='ocrx_word' id='word_1_73' title='bbox 2316 789 2438 852; x_wconf 79' lang='grc' dir='ltr'><strong>τοὺς</strong></span> <span class='ocrx_word' id='word_1_74' title='bbox 2509 788 2877 868; x_wconf 79' lang='grc' dir='ltr'><strong>ἀναγνώστας,</strong></span> <span class='ocrx_word' id='word_1_75' title='bbox 2951 793 3026 856; x_wconf 82' lang='grc' dir='ltr'><strong>εἷς</strong></span> <span class='ocrx_word' id='word_1_76' title='bbox 3094 791 3188 848; x_wconf 83' lang='grc' dir='ltr'><strong>τόν</strong></span> <span class='ocrx_word' id='word_1_77' title='bbox 3259 794 3443 871; x_wconf 80' lang='grc' dir='ltr'><strong>καιρὸν</strong></span> <span class='ocrx_word' id='word_1_78' title='bbox 3491 798 3590 860; x_wconf 79' lang='grc' dir='ltr'><strong>τῆς</strong></span> <span class='ocrx_word' id='word_1_79' title='bbox 3642 791 3785 864; x_wconf 76' lang='grc' dir='ltr'><strong>ἥϐης</strong></span> 
     </span>
    </p>
   </div>
   <div class='ocr_carea' id='block_1_13' title="bbox 414 874 2052 961">
    <p class='ocr_par' dir='ltr' id='par_1_13' title="bbox 414 874 2052 957">
     <span class='ocr_line' id='line_1_13' title="bbox 414 874 2052 957; baseline -0.006 -10"><span class='ocrx_word' id='word_1_80' title='bbox 414 874 771 957; x_wconf 83' lang='lat' dir='ltr'><strong>ducere,aut</strong></span> <span class='ocrx_word' id='word_1_81' title='bbox 802 877 1231 942; x_wconf 90' lang='lat' dir='ltr'><strong>continentiam</strong></span> <span class='ocrx_word' id='word_1_82' title='bbox 1263 874 1725 956; x_wconf 79' lang='lat' dir='ltr'><strong>proﬁteri.ltem</strong></span> <span class='ocrx_word' id='word_1_83' title='bbox 1751 876 2052 957; x_wconf 87' lang='lat' dir='ltr'><strong>placuit,ut</strong></span> 
     </span>
    </p>
   </div>
   <div class='ocr_carea' id='block_1_14' title="bbox 2146 874 3784 961">
    <p class='ocr_par' dir='ltr' id='par_1_14' title="bbox 2146 878 3784 961">
     <span class='ocr_line' id='line_1_14' title="bbox 2146 878 3784 961; baseline 0.002 -26"><span class='ocrx_word' id='word_1_84' title='bbox 2146 878 2470 958; x_wconf 75' lang='grc' dir='ltr'><strong>ἱρχομένους</strong></span> <span class='ocrx_word' id='word_1_85' title='bbox 2553 878 2936 956; x_wconf 71' lang='grc' dir='ltr'><strong>ἀναγκάζεσθαι</strong></span> <span class='ocrx_word' id='word_1_86' title='bbox 3015 883 3049 950; x_wconf 75' lang='grc' dir='ltr'><strong>ἢ</strong></span> <span class='ocrx_word' id='word_1_87' title='bbox 3131 879 3384 957; x_wconf 81' lang='grc' dir='ltr'><strong>συμϐίους</strong></span> <span class='ocrx_word' id='word_1_88' title='bbox 3469 882 3784 961; x_wconf 75' lang='grc' dir='ltr'><strong>ἀγαγέσθαι,</strong></span> 
     </span>
    </p>
   </div>
   <div class='ocr_carea' id='block_1_15' title="bbox 418 962 2056 1050">
    <p class='ocr_par' dir='ltr' id='par_1_15' title="bbox 418 965 2054 1048">
     <span class='ocr_line' id='line_1_15' title="bbox 418 965 2054 1048; baseline -0.007 -12"><span class='ocrx_word' id='word_1_89' title='bbox 418 973 694 1048; x_wconf 83' lang='lat' dir='ltr'><strong>clericus,</strong></span> <span class='ocrx_word' id='word_1_90' title='bbox 720 969 770 1032; x_wconf 90' lang='lat' dir='ltr'><strong>si</strong></span> <span class='ocrx_word' id='word_1_91' title='bbox 793 965 1267 1031; x_wconf 86' lang='lat' dir='ltr'><strong>commodaverit</strong></span> <span class='ocrx_word' id='word_1_92' title='bbox 1294 967 1605 1046; x_wconf 88' lang='lat' dir='ltr'><strong>pecuniam</strong></span> <span class='ocrx_word' id='word_1_93' title='bbox 1627 965 1882 1047; x_wconf 87' lang='lat' dir='ltr'><strong>accipiat</strong></span> <span class='ocrx_word' id='word_1_94' title='bbox 1902 966 2054 1046; x_wconf 88' lang='grc'><strong>(31),</strong></span> 
     </span>
    </p>
   </div>
   <div class='ocr_carea' id='block_1_16' title="bbox 2148 962 3786 1050">
    <p class='ocr_par' dir='ltr' id='par_1_16' title="bbox 2148 962 3786 1050">
     <span class='ocr_line' id='line_1_16' title="bbox 2148 962 3786 1050; baseline 0.003 -26"><span class='ocrx_word' id='word_1_95' title='bbox 2148 969 2174 1036; x_wconf 74' lang='grc' dir='ltr'>ἢ</span> <span class='ocrx_word' id='word_1_96' title='bbox 2226 969 2534 1046; x_wconf 70' lang='grc' dir='ltr'><strong>ἐγκράτειαν</strong></span> <span class='ocrx_word' id='word_1_97' title='bbox 2590 969 2908 1048; x_wconf 72' lang='grc' dir='ltr'><strong>ὁμολογεῖν.</strong></span> <span class='ocrx_word' id='word_1_98' title='bbox 2966 962 3196 1047; x_wconf 77' lang='grc' dir='ltr'><strong>Ὀμοίως</strong></span> <span class='ocrx_word' id='word_1_99' title='bbox 3241 971 3434 1050; x_wconf 73' lang='grc' dir='ltr'><strong>ἣρεσεν</strong></span> <span class='ocrx_word' id='word_1_100' title='bbox 3488 971 3582 1029; x_wconf 79' lang='grc' dir='ltr'><strong>ἵνα</strong></span> <span class='ocrx_word' id='word_1_101' title='bbox 3638 971 3786 1039; x_wconf 89' lang='grc' dir='ltr'><strong>κλη-</strong></span> 
     </span>
    </p>
   </div>
   <div class='ocr_carea' id='block_1_17' title="bbox 414 1055 2052 1145">
    <p class='ocr_par' dir='ltr' id='par_1_17' title="bbox 414 1055 2052 1145">
     <span class='ocr_line' id='line_1_17' title="bbox 414 1055 2052 1145; baseline -0.005 -19"><span class='ocrx_word' id='word_1_102' title='bbox 414 1067 462 1127; x_wconf 90' lang='lat' dir='ltr'><strong>si</strong></span> <span class='ocrx_word' id='word_1_103' title='bbox 497 1061 760 1145; x_wconf 85' lang='lat' dir='ltr'><strong>speciem</strong></span> <span class='ocrx_word' id='word_1_104' title='bbox 795 1068 1073 1140; x_wconf 79' lang='lat' dir='ltr'><strong>quantam</strong></span> <span class='ocrx_word' id='word_1_105' title='bbox 1125 1055 1360 1145; x_wconf 88' lang='lat' dir='ltr'><strong>dederit</strong></span> <span class='ocrx_word' id='word_1_106' title='bbox 1387 1055 1644 1145; x_wconf 83' lang='lat' dir='ltr'><strong>accipiat</strong></span> <span class='ocrx_word' id='word_1_107' title='bbox 1675 1073 1690 1118; x_wconf 89' lang='lat'>:</span> <span class='ocrx_word' id='word_1_108' title='bbox 1725 1065 1784 1117; x_wconf 92' lang='lat' dir='ltr'><strong>et</strong></span> <span class='ocrx_word' id='word_1_109' title='bbox 1830 1067 1893 1116; x_wconf 90' lang='lat' dir='ltr'><strong>ut</strong></span> <span class='ocrx_word' id='word_1_110' title='bbox 1921 1065 2052 1118; x_wconf 84' lang='lat' dir='ltr'><strong>ante</strong></span> 
     </span>
    </p>
   </div>
   <div class='ocr_carea' id='block_1_18' title="bbox 2146 1055 3784 1145">
    <p class='ocr_par' dir='ltr' id='par_1_18' title="bbox 2146 1058 3784 1141">
     <span class='ocr_line' id='line_1_18' title="bbox 2146 1058 3784 1141; baseline 0.005 -27"><span class='ocrx_word' id='word_1_111' title='bbox 2146 1060 2311 1138; x_wconf 83' lang='grc' dir='ltr'><strong>ρικὸς,</strong></span> <span class='ocrx_word' id='word_1_112' title='bbox 2345 1058 2437 1114; x_wconf 72' lang='grc' dir='ltr'><strong>ἒᾶν</strong></span> <span class='ocrx_word' id='word_1_113' title='bbox 2467 1059 2728 1138; x_wconf 77' lang='grc' dir='ltr'><strong>χρήματα</strong></span> <span class='ocrx_word' id='word_1_114' title='bbox 2758 1059 2832 1134; x_wconf 85' lang='grc' dir='ltr'><strong>δῷ</strong></span> <span class='ocrx_word' id='word_1_115' title='bbox 2875 1060 2929 1116; x_wconf 75' lang='grc' dir='ltr'><strong>ἐν</strong></span> <span class='ocrx_word' id='word_1_116' title='bbox 2958 1063 3181 1140; x_wconf 77' lang='grc' dir='ltr'><strong>χρήσει,</strong></span> <span class='ocrx_word' id='word_1_117' title='bbox 3214 1063 3280 1119; x_wconf 75' lang='grc' dir='ltr'><strong>τὰ</strong></span> <span class='ocrx_word' id='word_1_118' title='bbox 3309 1063 3573 1141; x_wconf 71' lang='grc' dir='ltr'><strong>χρήματα</strong></span> <span class='ocrx_word' id='word_1_119' title='bbox 3618 1059 3784 1141; x_wconf 71' lang='grc' dir='ltr'><strong>λάϐῃ·</strong></span> 
     </span>
    </p>
   </div>
   <div class='ocr_carea' id='block_1_19' title="bbox 410 1144 2048 1229">
    <p class='ocr_par' dir='ltr' id='par_1_19' title="bbox 410 1144 2045 1224">
     <span class='ocr_line' id='line_1_19' title="bbox 410 1144 2045 1224; baseline -0.007 -7"><span class='ocrx_word' id='word_1_120' title='bbox 410 1153 490 1216; x_wconf 75' lang='grc'><strong>25</strong></span> <span class='ocrx_word' id='word_1_121' title='bbox 533 1144 736 1216; x_wconf 81' lang='lat' dir='ltr'><strong>annos</strong></span> <span class='ocrx_word' id='word_1_122' title='bbox 768 1149 954 1213; x_wconf 58' lang='lat' dir='ltr'><strong>astatis</strong></span> <span class='ocrx_word' id='word_1_123' title='bbox 983 1145 1037 1189; x_wconf 70' lang='grc'><strong>1⁸</strong></span> <span class='ocrx_word' id='word_1_124' title='bbox 1067 1164 1178 1207; x_wconf 90' lang='lat' dir='ltr'><strong>nec</strong></span> <span class='ocrx_word' id='word_1_125' title='bbox 1207 1144 1445 1206; x_wconf 90' lang='lat' dir='ltr'><strong>diaconi</strong></span> <span class='ocrx_word' id='word_1_126' title='bbox 1487 1144 1844 1207; x_wconf 90' lang='lat' dir='ltr'><strong>ordinentur</strong></span> <span class='ocrx_word' id='word_1_127' title='bbox 1894 1145 2045 1224; x_wconf 68' lang='lat'><strong>(3‘2),</strong></span> 
     </span>
    </p>
   </div>
   <div class='ocr_carea' id='block_1_20' title="bbox 2145 1144 3783 1229">
    <p class='ocr_par' dir='ltr' id='par_1_20' title="bbox 2145 1147 3783 1229">
     <span class='ocr_line' id='line_1_20' title="bbox 2145 1147 3783 1229; baseline 0.001 -24"><span class='ocrx_word' id='word_1_128' title='bbox 2145 1149 2223 1205; x_wconf 65' lang='grc' dir='ltr'><strong>ἓιὶν</strong></span> <span class='ocrx_word' id='word_1_129' title='bbox 2272 1147 2327 1204; x_wconf 83' lang='grc' dir='ltr'><strong>δὲ</strong></span> <span class='ocrx_word' id='word_1_130' title='bbox 2369 1147 2538 1225; x_wconf 79' lang='grc' dir='ltr'><strong>εἶδος,</strong></span> <span class='ocrx_word' id='word_1_131' title='bbox 2583 1147 2707 1206; x_wconf 78' lang='grc' dir='ltr'><strong>ὅσον</strong></span> <span class='ocrx_word' id='word_1_132' title='bbox 2761 1149 2956 1208; x_wconf 79' lang='grc' dir='ltr'><strong>δέδωκε</strong></span> <span class='ocrx_word' id='word_1_133' title='bbox 2988 1149 3156 1228; x_wconf 78' lang='grc' dir='ltr'><strong>λάϐῃ,</strong></span> <span class='ocrx_word' id='word_1_134' title='bbox 3191 1153 3279 1208; x_wconf 84' lang='grc' dir='ltr'><strong>καὶ</strong></span> <span class='ocrx_word' id='word_1_135' title='bbox 3307 1151 3401 1209; x_wconf 76' lang='grc' dir='ltr'><strong>’ίνα</strong></span> <span class='ocrx_word' id='word_1_136' title='bbox 3433 1153 3536 1229; x_wconf 82' lang='grc' dir='ltr'><strong>πρὸ</strong></span> <span class='ocrx_word' id='word_1_137' title='bbox 3567 1159 3670 1208; x_wconf 82' lang='grc' dir='ltr'><strong>τῶν</strong></span> <span class='ocrx_word' id='word_1_138' title='bbox 3701 1148 3783 1208; x_wconf 88' lang='grc' dir='ltr'><strong>κε’</strong></span> 
     </span>
    </p>
   </div>
   <div class='ocr_carea' id='block_1_21' title="bbox 411 1234 2049 1322">
    <p class='ocr_par' dir='ltr' id='par_1_21' title="bbox 411 1234 2049 1321">
     <span class='ocr_line' id='line_1_21' title="bbox 411 1234 2049 1321; baseline -0.005 -15"><span class='ocrx_word' id='word_1_139' title='bbox 411 1261 524 1306; x_wconf 90' lang='lat' dir='ltr'><strong>nec</strong></span> <span class='ocrx_word' id='word_1_140' title='bbox 556 1241 817 1321; x_wconf 80' lang='lat' dir='ltr'><strong>virgines</strong></span> <span class='ocrx_word' id='word_1_141' title='bbox 871 1237 996 1319; x_wconf 89' lang='lat'><strong>(33)</strong></span> <span class='ocrx_word' id='word_1_142' title='bbox 1045 1243 1528 1299; x_wconf 89' lang='lat' dir='ltr'><strong>consecrentur:</strong></span> <span class='ocrx_word' id='word_1_143' title='bbox 1580 1241 1739 1296; x_wconf 89' lang='lat' dir='ltr'><strong>etut</strong></span> <span class='ocrx_word' id='word_1_144' title='bbox 1793 1234 2049 1304; x_wconf 84' lang='lat' dir='ltr'><strong>lectores</strong></span> 
     </span>
    </p>
   </div>
   <div class='ocr_carea' id='block_1_22' title="bbox 2145 1234 3783 1322">
    <p class='ocr_par' dir='ltr' id='par_1_22' title="bbox 2145 1237 3783 1322">
     <span class='ocr_line' id='line_1_22' title="bbox 2145 1237 3783 1322; baseline 0.002 -25"><span class='ocrx_word' id='word_1_145' title='bbox 2145 1242 2410 1313; x_wconf 72' lang='lat' dir='ltr'><strong>&#39;tVtato-rt&#39;bv,</strong></span> <span class='ocrx_word' id='word_1_146' title='bbox 2459 1241 2598 1315; x_wconf 79' lang='grc' dir='ltr'><strong>μήτε</strong></span> <span class='ocrx_word' id='word_1_147' title='bbox 2646 1237 2882 1298; x_wconf 67' lang='grc' dir='ltr'><strong>διάκονοι</strong></span> <span class='ocrx_word' id='word_1_148' title='bbox 2924 1248 3366 1322; x_wconf 84' lang='grc' dir='ltr'><strong>χειροτονῶνται⁰</strong></span> <span class='ocrx_word' id='word_1_149' title='bbox 3420 1241 3558 1298; x_wconf 78' lang='grc' dir='ltr'><strong>ἀλλᾶ</strong></span> <span class='ocrx_word' id='word_1_150' title='bbox 3596 1243 3686 1299; x_wconf 78' lang='grc' dir='ltr'><strong>καὶ</strong></span> <span class='ocrx_word' id='word_1_151' title='bbox 3735 1245 3783 1300; x_wconf 77' lang='grc' dir='ltr'><strong>οἱ</strong></span> 
     </span>
    </p>
   </div>
   <div class='ocr_carea' id='block_1_23' title="bbox 411 1327 2049 1415">
    <p class='ocr_par' dir='ltr' id='par_1_23' title="bbox 411 1327 1158 1415">
     <span class='ocr_line' id='line_1_23' title="bbox 411 1327 1158 1415; baseline -0.011 -18"><span class='ocrx_word' id='word_1_152' title='bbox 411 1332 694 1415; x_wconf 87' lang='lat' dir='ltr'><strong>populum</strong></span> <span class='ocrx_word' id='word_1_153' title='bbox 728 1349 845 1392; x_wconf 92' lang='lat' dir='ltr'><strong>non</strong></span> <span class='ocrx_word' id='word_1_154' title='bbox 877 1327 1158 1390; x_wconf 87' lang='lat' dir='ltr'><strong>salutent.</strong></span> 
     </span>
    </p>
   </div>
   <div class='ocr_carea' id='block_1_24' title="bbox 1708 1327 3346 1415">
    <p class='ocr_par' dir='ltr' id='par_1_24' title="bbox 2130 1328 3346 1411">
     <span class='ocr_line' id='line_1_24' title="bbox 2130 1328 3346 1411; baseline 0.002 -23"><span class='ocrx_word' id='word_1_155' title='bbox 2130 1332 2466 1409; x_wconf 80' lang='grc' dir='ltr'><strong>ἀναγνῶσται</strong></span> <span class='ocrx_word' id='word_1_156' title='bbox 2494 1330 2586 1386; x_wconf 79' lang='grc' dir='ltr'><strong>τὸν</strong></span> <span class='ocrx_word' id='word_1_157' title='bbox 2631 1328 2802 1405; x_wconf 80' lang='grc' dir='ltr'><strong>δῆμον</strong></span> <span class='ocrx_word' id='word_1_158' title='bbox 2833 1334 2912 1407; x_wconf 77' lang='grc' dir='ltr'><strong>μὴ</strong></span> <span class='ocrx_word' id='word_1_159' title='bbox 2957 1337 3346 1411; x_wconf 75' lang='grc' dir='ltr'><strong>προσκυνῶσιν.</strong></span> 
     </span>
    </p>
   </div>
   <div class='ocr_carea' id='block_1_25' title="bbox 577 1418 2215 1507">
    <p class='ocr_par' dir='ltr' id='par_1_25' title="bbox 577 1418 1887 1499">
     <span class='ocr_line' id='line_1_25' title="bbox 577 1418 1887 1499; baseline -0.007 -8"><span class='ocrx_word' id='word_1_160' title='bbox 577 1426 841 1491; x_wconf 77' lang='lat' dir='ltr'><strong>Concilii</strong></span> <span class='ocrx_word' id='word_1_161' title='bbox 871 1422 1222 1486; x_wconf 73' lang='lat' dir='ltr'><strong>wcumenici</strong></span> <span class='ocrx_word' id='word_1_162' title='bbox 1250 1437 1307 1482; x_wconf 86' lang='grc' dir='ltr'><strong>νι</strong></span> <span class='ocrx_word' id='word_1_163' title='bbox 1337 1435 1615 1488; x_wconf 82' lang='lat' dir='ltr'><strong>canones,</strong></span> <span class='ocrx_word' id='word_1_164' title='bbox 1656 1418 1750 1499; x_wconf 80' lang='grc'><strong>14,</strong></span> <span class='ocrx_word' id='word_1_165' title='bbox 1786 1419 1887 1482; x_wconf 87' lang='grc'><strong>15.</strong></span> 
     </span>
    </p>
   </div>
   <div class='ocr_carea' id='block_1_26' title="bbox 1951 1418 3589 1507">
    <p class='ocr_par' dir='ltr' id='par_1_26' title="bbox 2322 1427 3589 1507">
     <span class='ocr_line' id='line_1_26' title="bbox 2322 1427 3589 1507; baseline 0.003 -23"><span class='ocrx_word' id='word_1_166' title='bbox 2322 1427 2550 1485; x_wconf 85' lang='grc' dir='ltr'><strong>Συνόδου</strong></span> <span class='ocrx_word' id='word_1_167' title='bbox 2570 1431 2943 1504; x_wconf 81' lang='grc' dir='ltr'><strong>οἷκουμενικῆς</strong></span> <span class='ocrx_word' id='word_1_168' title='bbox 2973 1429 3137 1498; x_wconf 79' lang='grc' dir='ltr'><strong>ἕκτης</strong></span> <span class='ocrx_word' id='word_1_169' title='bbox 3165 1433 3343 1488; x_wconf 85' lang='grc' dir='ltr'><strong>κανὼν</strong></span> <span class='ocrx_word' id='word_1_170' title='bbox 3369 1429 3466 1507; x_wconf 83' lang='grc' dir='ltr'><strong>ιδ’,</strong></span> <span class='ocrx_word' id='word_1_171' title='bbox 3498 1432 3589 1495; x_wconf 82' lang='grc' dir='ltr'><strong>ιε’,</strong></span> 
     </span>
    </p>
   </div>
   <div class='ocr_carea' id='block_1_27' title="bbox 493 1511 2131 1601">
    <p class='ocr_par' dir='ltr' id='par_1_27' title="bbox 493 1513 2055 1594">
     <span class='ocr_line' id='line_1_27' title="bbox 493 1513 2055 1594; baseline -0.006 -11"><span class='ocrx_word' id='word_1_172' title='bbox 493 1522 593 1583; x_wconf 76' lang='grc'><strong>14.</strong></span> <span class='ocrx_word' id='word_1_173' title='bbox 629 1522 983 1584; x_wconf 89' lang='lat' dir='ltr'><strong>Sanctorum</strong></span> <span class='ocrx_word' id='word_1_174' title='bbox 1039 1513 1499 1594; x_wconf 89' lang='lat' dir='ltr'><strong>divinorumque</strong></span> <span class='ocrx_word' id='word_1_175' title='bbox 1530 1514 1768 1574; x_wconf 88' lang='lat' dir='ltr'><strong>Patrum</strong></span> <span class='ocrx_word' id='word_1_176' title='bbox 1814 1519 2055 1574; x_wconf 88' lang='lat' dir='ltr'><strong>nostro-</strong></span> 
     </span>
    </p>
   </div>
   <div class='ocr_carea' id='block_1_28' title="bbox 2141 1511 3779 1601">
    <p class='ocr_par' dir='ltr' id='par_1_28' title="bbox 2217 1511 3779 1601">
     <span class='ocr_line' id='line_1_28' title="bbox 2217 1511 3779 1601; baseline 0.003 -25"><span class='ocrx_word' id='word_1_177' title='bbox 2217 1519 2307 1583; x_wconf 72' lang='grc' dir='ltr'><strong>ἴδ’,</strong></span> <span class='ocrx_word' id='word_1_178' title='bbox 2363 1511 2420 1576; x_wconf 76' lang='grc'><strong>’0</strong></span> <span class='ocrx_word' id='word_1_179' title='bbox 2470 1525 2574 1576; x_wconf 83' lang='grc' dir='ltr'><strong>τῶν</strong></span> <span class='ocrx_word' id='word_1_180' title='bbox 2646 1521 2806 1599; x_wconf 76' lang='grc' dir='ltr'><strong>ἁγίων</strong></span> <span class='ocrx_word' id='word_1_181' title='bbox 2851 1523 2940 1578; x_wconf 78' lang='grc' dir='ltr'><strong>καὶ</strong></span> <span class='ocrx_word' id='word_1_182' title='bbox 2993 1522 3260 1600; x_wconf 81' lang='grc' dir='ltr'><strong>θεοφόρων</strong></span> <span class='ocrx_word' id='word_1_183' title='bbox 3318 1524 3474 1597; x_wconf 74' lang='grc' dir='ltr'><strong>ἡμῶν</strong></span> <span class='ocrx_word' id='word_1_184' title='bbox 3526 1523 3779 1601; x_wconf 79' lang='grc' dir='ltr'><strong>Πατὲρων</strong></span> 
     </span>
    </p>
   </div>
   <div class='ocr_carea' id='block_1_29' title="bbox 412 1601 2050 1689">
    <p class='ocr_par' dir='ltr' id='par_1_29' title="bbox 412 1601 2050 1687">
     <span class='ocr_line' id='line_1_29' title="bbox 412 1601 2050 1687; baseline -0.007 -13"><span class='ocrx_word' id='word_1_185' title='bbox 412 1629 545 1674; x_wconf 89' lang='lat' dir='ltr'><strong>rum</strong></span> <span class='ocrx_word' id='word_1_186' title='bbox 580 1627 772 1673; x_wconf 86' lang='lat' dir='ltr'><strong>canon</strong></span> <span class='ocrx_word' id='word_1_187' title='bbox 798 1609 857 1668; x_wconf 93' lang='lat' dir='ltr'><strong>in</strong></span> <span class='ocrx_word' id='word_1_188' title='bbox 888 1607 983 1668; x_wconf 86' lang='lat' dir='ltr'><strong>bis</strong></span> <span class='ocrx_word' id='word_1_189' title='bbox 1003 1622 1242 1687; x_wconf 91' lang='lat' dir='ltr'><strong>quoque</strong></span> <span class='ocrx_word' id='word_1_190' title='bbox 1262 1603 1471 1682; x_wconf 85' lang='lat' dir='ltr'><strong>valeat,</strong></span> <span class='ocrx_word' id='word_1_191' title='bbox 1499 1608 1562 1663; x_wconf 88' lang='lat' dir='ltr'><strong>ut</strong></span> <span class='ocrx_word' id='word_1_192' title='bbox 1592 1601 1901 1682; x_wconf 82' lang='lat' dir='ltr'><strong>presbyter</strong></span> <span class='ocrx_word' id='word_1_193' title='bbox 1919 1609 2050 1663; x_wconf 84' lang='lat' dir='ltr'><strong>ante</strong></span> 
     </span>
    </p>
   </div>
   <div class='ocr_carea' id='block_1_30' title="bbox 2140 1601 3778 1689">
    <p class='ocr_par' dir='ltr' id='par_1_30' title="bbox 2140 1610 3778 1689">
     <span class='ocr_line' id='line_1_30' title="bbox 2140 1610 3778 1689; baseline 0.002 -23"><span class='ocrx_word' id='word_1_194' title='bbox 2140 1611 2397 1689; x_wconf 78' lang='grc' dir='ltr'><strong>κρατείτω</strong></span> <span class='ocrx_word' id='word_1_195' title='bbox 2451 1610 2626 1666; x_wconf 87' lang='grc' dir='ltr'><strong>κανὼν</strong></span> <span class='ocrx_word' id='word_1_196' title='bbox 2683 1612 2777 1668; x_wconf 83' lang='grc' dir='ltr'><strong>καί</strong></span> <span class='ocrx_word' id='word_1_197' title='bbox 2837 1610 2892 1667; x_wconf 80' lang='grc' dir='ltr'><strong>ἐν</strong></span> <span class='ocrx_word' id='word_1_198' title='bbox 2961 1611 3154 1687; x_wconf 80' lang='grc' dir='ltr'><strong>τούτῳ,</strong></span> <span class='ocrx_word' id='word_1_199' title='bbox 3230 1611 3369 1668; x_wconf 83' lang='grc' dir='ltr'><strong>ὥστε</strong></span> <span class='ocrx_word' id='word_1_200' title='bbox 3427 1611 3778 1689; x_wconf 75' lang='grc' dir='ltr'><strong>πρεσϐύτερον</strong></span> 
     </span>
    </p>
   </div>
   <div class='ocr_carea' id='block_1_31' title="bbox 412 1691 2050 1780">
    <p class='ocr_par' dir='ltr' id='par_1_31' title="bbox 412 1691 2050 1778">
     <span class='ocr_line' id='line_1_31' title="bbox 412 1691 2050 1778; baseline -0.006 -15"><span class='ocrx_word' id='word_1_201' title='bbox 412 1700 649 1778; x_wconf 85' lang='lat' dir='ltr'><strong>triginta</strong></span> <span class='ocrx_word' id='word_1_202' title='bbox 697 1715 886 1760; x_wconf 90' lang='lat' dir='ltr'><strong>annos</strong></span> <span class='ocrx_word' id='word_1_203' title='bbox 922 1714 1042 1757; x_wconf 91' lang='lat' dir='ltr'><strong>non</strong></span> <span class='ocrx_word' id='word_1_204' title='bbox 1094 1694 1426 1766; x_wconf 88' lang='lat' dir='ltr'><strong>ordinetur,</strong></span> <span class='ocrx_word' id='word_1_205' title='bbox 1461 1691 1637 1754; x_wconf 90' lang='lat' dir='ltr'><strong>etiam</strong></span> <span class='ocrx_word' id='word_1_206' title='bbox 1671 1692 1720 1753; x_wconf 90' lang='lat' dir='ltr'><strong>si</strong></span> <span class='ocrx_word' id='word_1_207' title='bbox 1768 1693 1844 1753; x_wconf 90' lang='lat' dir='ltr'><strong>sit</strong></span> <span class='ocrx_word' id='word_1_208' title='bbox 1873 1692 2050 1753; x_wconf 85' lang='lat' dir='ltr'><strong>homo</strong></span> 
     </span>
    </p>
   </div>
   <div class='ocr_carea' id='block_1_32' title="bbox 2141 1691 3779 1780">
    <p class='ocr_par' dir='ltr' id='par_1_32' title="bbox 2141 1697 3779 1780">
     <span class='ocr_line' id='line_1_32' title="bbox 2141 1697 3779 1780; baseline 0 -21"><span class='ocrx_word' id='word_1_209' title='bbox 2141 1701 2238 1780; x_wconf 77' lang='grc' dir='ltr'><strong>πρὸ</strong></span> <span class='ocrx_word' id='word_1_210' title='bbox 2269 1697 2321 1755; x_wconf 84' lang='grc' dir='ltr'><strong>λ’</strong></span> <span class='ocrx_word' id='word_1_211' title='bbox 2351 1699 2484 1755; x_wconf 77' lang='grc' dir='ltr'><strong>ἐτῶν</strong></span> <span class='ocrx_word' id='word_1_212' title='bbox 2531 1700 2607 1772; x_wconf 79' lang='grc' dir='ltr'><strong>μὴ</strong></span> <span class='ocrx_word' id='word_1_213' title='bbox 2641 1704 3092 1779; x_wconf 75' lang='grc' dir='ltr'><strong>χειροτονεῖσθαι,</strong></span> <span class='ocrx_word' id='word_1_214' title='bbox 3152 1698 3248 1758; x_wconf 76' lang='grc' dir='ltr'><strong>κᾶν</strong></span> <span class='ocrx_word' id='word_1_215' title='bbox 3305 1700 3442 1758; x_wconf 63' lang='grc' dir='ltr'><strong>πάνυ</strong></span> <span class='ocrx_word' id='word_1_216' title='bbox 3491 1702 3527 1778; x_wconf 71' lang='grc' dir='ltr'>ᾖ</span> <span class='ocrx_word' id='word_1_217' title='bbox 3576 1700 3722 1768; x_wconf 75' lang='grc' dir='ltr'><strong>ἄξιος</strong></span> <span class='ocrx_word' id='word_1_218' title='bbox 3752 1705 3779 1759; x_wconf 75' lang='grc' dir='ltr'><strong>ὁ</strong></span> 
     </span>
    </p>
   </div>
   <div class='ocr_carea' id='block_1_33' title="bbox 411 1781 2049 1870">
    <p class='ocr_par' dir='ltr' id='par_1_33' title="bbox 411 1781 2049 1869">
     <span class='ocr_line' id='line_1_33' title="bbox 411 1781 2049 1869; baseline -0.006 -17"><span class='ocrx_word' id='word_1_219' title='bbox 411 1792 580 1854; x_wconf 85' lang='lat' dir='ltr'><strong>valde</strong></span> <span class='ocrx_word' id='word_1_220' title='bbox 603 1790 842 1869; x_wconf 88' lang='lat' dir='ltr'><strong>dignus,</strong></span> <span class='ocrx_word' id='word_1_221' title='bbox 871 1786 974 1848; x_wconf 93' lang='lat' dir='ltr'><strong>sed</strong></span> <span class='ocrx_word' id='word_1_222' title='bbox 997 1792 1356 1847; x_wconf 84' lang='lat' dir='ltr'><strong>reservetur.</strong></span> <span class='ocrx_word' id='word_1_223' title='bbox 1383 1782 1671 1844; x_wconf 90' lang='lat' dir='ltr'><strong>Dominus</strong></span> <span class='ocrx_word' id='word_1_224' title='bbox 1701 1781 1858 1843; x_wconf 89' lang='lat' dir='ltr'><strong>enim</strong></span> <span class='ocrx_word' id='word_1_225' title='bbox 1883 1783 2049 1844; x_wconf 79' lang='lat' dir='ltr'><strong>Jesus</strong></span> 
     </span>
    </p>
   </div>
   <div class='ocr_carea' id='block_1_34' title="bbox 2143 1781 3781 1870">
    <p class='ocr_par' dir='ltr' id='par_1_34' title="bbox 2143 1787 3781 1870">
     <span class='ocr_line' id='line_1_34' title="bbox 2143 1787 3781 1870; baseline 0.002 -23"><span class='ocrx_word' id='word_1_226' title='bbox 2143 1792 2437 1870; x_wconf 62' lang='grc' dir='ltr'><strong>ἔνθρωπος,</strong></span> <span class='ocrx_word' id='word_1_227' title='bbox 2531 1787 2651 1844; x_wconf 77' lang='grc' dir='ltr'><strong>ἀλλ’</strong></span> <span class='ocrx_word' id='word_1_228' title='bbox 2737 1793 3147 1870; x_wconf 79' lang='grc' dir='ltr'><strong>ἀποτηρεῖσθαι,</strong></span> <span class='ocrx_word' id='word_1_229' title='bbox 3238 1789 3299 1849; x_wconf 88' lang='grc' dir='ltr'><strong>Ὀ</strong></span> <span class='ocrx_word' id='word_1_230' title='bbox 3393 1793 3494 1870; x_wconf 74' lang='grc' dir='ltr'><strong>γὰρ</strong></span> <span class='ocrx_word' id='word_1_231' title='bbox 3589 1793 3781 1867; x_wconf 76' lang='grc' dir='ltr'><strong>Κύριος</strong></span> 
     </span>
    </p>
   </div>
   <div class='ocr_carea' id='block_1_35' title="bbox 409 1871 2047 1960">
    <p class='ocr_par' dir='ltr' id='par_1_35' title="bbox 409 1871 2047 1954">
     <span class='ocr_line' id='line_1_35' title="bbox 409 1871 2047 1954; baseline -0.007 -11"><span class='ocrx_word' id='word_1_232' title='bbox 409 1880 683 1943; x_wconf 88' lang='lat' dir='ltr'><strong>Christus</strong></span> <span class='ocrx_word' id='word_1_233' title='bbox 727 1876 1030 1940; x_wconf 87' lang='lat' dir='ltr'><strong>tricesimo</strong></span> <span class='ocrx_word' id='word_1_234' title='bbox 1061 1892 1217 1936; x_wconf 91' lang='lat' dir='ltr'><strong>anno</strong></span> <span class='ocrx_word' id='word_1_235' title='bbox 1264 1872 1595 1954; x_wconf 83' lang='lat' dir='ltr'><strong>baptizatus</strong></span> <span class='ocrx_word' id='word_1_236' title='bbox 1626 1879 1736 1946; x_wconf 90' lang='lat' dir='ltr'><strong>est,</strong></span> <span class='ocrx_word' id='word_1_237' title='bbox 1772 1881 1833 1932; x_wconf 86' lang='lat' dir='ltr'><strong>et</strong></span> <span class='ocrx_word' id='word_1_238' title='bbox 1881 1871 2047 1951; x_wconf 60' lang='lat' dir='ltr'><strong>capit</strong></span> 
     </span>
    </p>
   </div>
   <div class='ocr_carea' id='block_1_36' title="bbox 2135 1871 3773 1960">
    <p class='ocr_par' dir='ltr' id='par_1_36' title="bbox 2142 1878 3773 1960">
     <span class='ocr_line' id='line_1_36' title="bbox 2142 1878 3773 1960; baseline -0.001 -21"><span class='ocrx_word' id='word_1_239' title='bbox 2142 1881 2351 1948; x_wconf 81' lang='grc' dir='ltr'><strong>Ἰησοῦς</strong></span> <span class='ocrx_word' id='word_1_240' title='bbox 2420 1879 2646 1955; x_wconf 77' lang='grc' dir='ltr'><strong>Χριστὸς</strong></span> <span class='ocrx_word' id='word_1_241' title='bbox 2703 1878 2756 1934; x_wconf 80' lang='grc' dir='ltr'><strong>ἐν</strong></span> <span class='ocrx_word' id='word_1_242' title='bbox 2813 1887 2890 1954; x_wconf 85' lang='grc' dir='ltr'><strong>τῷ</strong></span> <span class='ocrx_word' id='word_1_243' title='bbox 2945 1887 3244 1955; x_wconf 84' lang='grc' dir='ltr'><strong>τριακοστῷ</strong></span> <span class='ocrx_word' id='word_1_244' title='bbox 3301 1879 3408 1937; x_wconf 77' lang='grc' dir='ltr'><strong>ἔτει</strong></span> <span class='ocrx_word' id='word_1_245' title='bbox 3457 1878 3773 1960; x_wconf 69' lang='grc' dir='ltr'><strong>ἐϐαπτίσθη,</strong></span> 
     </span>
    </p>
   </div>
   <div class='ocr_carea' id='block_1_37' title="bbox 408 1960 2046 2050">
    <p class='ocr_par' dir='ltr' id='par_1_37' title="bbox 408 1960 2046 2040">
     <span class='ocr_line' id='line_1_37' title="bbox 408 1960 2046 2040; baseline -0.007 -7"><span class='ocrx_word' id='word_1_246' title='bbox 408 1971 656 2033; x_wconf 85' lang='lat' dir='ltr'><strong>docere.</strong></span> <span class='ocrx_word' id='word_1_247' title='bbox 693 1967 985 2032; x_wconf 89' lang='lat' dir='ltr'><strong>Similiter</strong></span> <span class='ocrx_word' id='word_1_248' title='bbox 1015 1983 1126 2027; x_wconf 90' lang='lat' dir='ltr'><strong>nec</strong></span> <span class='ocrx_word' id='word_1_249' title='bbox 1159 1965 1445 2025; x_wconf 85' lang='lat' dir='ltr'><strong>diaconus</strong></span> <span class='ocrx_word' id='word_1_250' title='bbox 1493 1971 1629 2024; x_wconf 91' lang='lat' dir='ltr'><strong>ante</strong></span> <span class='ocrx_word' id='word_1_251' title='bbox 1659 1960 1863 2040; x_wconf 89' lang='lat' dir='ltr'><strong>viginti</strong></span> <span class='ocrx_word' id='word_1_252' title='bbox 1890 1960 2046 2040; x_wconf 90' lang='lat' dir='ltr'><strong>quin-</strong></span> 
     </span>
    </p>
   </div>
   <div class='ocr_carea' id='block_1_38' title="bbox 2142 1960 3780 2050">
    <p class='ocr_par' dir='ltr' id='par_1_38' title="bbox 2142 1965 3780 2050">
     <span class='ocr_line' id='line_1_38' title="bbox 2142 1965 3780 2050; baseline 0.001 -24"><span class='ocrx_word' id='word_1_253' title='bbox 2142 1971 2232 2028; x_wconf 79' lang='grc' dir='ltr'>καί</span> <span class='ocrx_word' id='word_1_254' title='bbox 2289 1967 2485 2046; x_wconf 70' lang='grc' dir='ltr'><strong>ἤρξατο</strong></span> <span class='ocrx_word' id='word_1_255' title='bbox 2536 1965 2800 2026; x_wconf 77' lang='grc' dir='ltr'><strong>διδάσκειν</strong></span> <span class='ocrx_word' id='word_1_256' title='bbox 2832 1985 2848 2000; x_wconf 83' lang='grc'><strong>⁸</strong></span> <span class='ocrx_word' id='word_1_257' title='bbox 2911 1969 3111 2044; x_wconf 77' lang='grc' dir='ltr'><strong>ὁμοίως</strong></span> <span class='ocrx_word' id='word_1_258' title='bbox 3155 1971 3296 2044; x_wconf 81' lang='grc' dir='ltr'><strong>μήτε</strong></span> <span class='ocrx_word' id='word_1_259' title='bbox 3364 1969 3603 2028; x_wconf 82' lang='grc' dir='ltr'><strong>διάκονον</strong></span> <span class='ocrx_word' id='word_1_260' title='bbox 3675 1973 3780 2050; x_wconf 84' lang='grc' dir='ltr'><strong>πρὸ</strong></span> 
     </span>
    </p>
   </div>
   <div class='ocr_carea' id='block_1_39' title="bbox 407 2051 2045 2142">
    <p class='ocr_par' dir='ltr' id='par_1_39' title="bbox 407 2051 2045 2142">
     <span class='ocr_line' id='line_1_39' title="bbox 407 2051 2045 2142; baseline -0.007 -19"><span class='ocrx_word' id='word_1_261' title='bbox 407 2077 525 2142; x_wconf 81' lang='lat' dir='ltr'><strong>que</strong></span> <span class='ocrx_word' id='word_1_262' title='bbox 571 2077 788 2133; x_wconf 70' lang='lat' dir='ltr'><strong>annos,</strong></span> <span class='ocrx_word' id='word_1_263' title='bbox 821 2074 939 2120; x_wconf 87' lang='lat' dir='ltr'><strong>nec</strong></span> <span class='ocrx_word' id='word_1_264' title='bbox 971 2055 1311 2118; x_wconf 89' lang='lat' dir='ltr'><strong>diaconissa</strong></span> <span class='ocrx_word' id='word_1_265' title='bbox 1352 2060 1490 2115; x_wconf 81' lang='lat' dir='ltr'><strong>ante</strong></span> <span class='ocrx_word' id='word_1_266' title='bbox 1519 2051 1909 2133; x_wconf 81' lang='lat' dir='ltr'><strong>quadraginta</strong></span> <span class='ocrx_word' id='word_1_267' title='bbox 1955 2069 2045 2112; x_wconf 85' lang='lat' dir='ltr'><strong>an-</strong></span> 
     </span>
    </p>
   </div>
   <div class='ocr_carea' id='block_1_40' title="bbox 2140 2051 3778 2142">
    <p class='ocr_par' dir='ltr' id='par_1_40' title="bbox 2140 2058 3778 2142">
     <span class='ocr_line' id='line_1_40' title="bbox 2140 2058 3778 2142; baseline 0.001 -24"><span class='ocrx_word' id='word_1_268' title='bbox 2140 2067 2246 2118; x_wconf 81' lang='grc' dir='ltr'><strong>τῶν</strong></span> <span class='ocrx_word' id='word_1_269' title='bbox 2301 2058 2381 2116; x_wconf 85' lang='grc' dir='ltr'><strong>κε’</strong></span> <span class='ocrx_word' id='word_1_270' title='bbox 2441 2058 2598 2133; x_wconf 75' lang='grc' dir='ltr'><strong>ἐτῶν,</strong></span> <span class='ocrx_word' id='word_1_271' title='bbox 2654 2059 2689 2127; x_wconf 68' lang='grc' dir='ltr'>ἢ</span> <span class='ocrx_word' id='word_1_272' title='bbox 2747 2058 3084 2117; x_wconf 82' lang='grc' dir='ltr'><strong>διακόνισσαν</strong></span> <span class='ocrx_word' id='word_1_273' title='bbox 3138 2061 3240 2138; x_wconf 82' lang='grc' dir='ltr'><strong>πρὸ</strong></span> <span class='ocrx_word' id='word_1_274' title='bbox 3288 2066 3396 2117; x_wconf 73' lang='grc' dir='ltr'><strong>τῶν</strong></span> <span class='ocrx_word' id='word_1_275' title='bbox 3448 2060 3506 2136; x_wconf 87' lang='grc' dir='ltr'><strong>μ’</strong></span> <span class='ocrx_word' id='word_1_276' title='bbox 3564 2060 3778 2142; x_wconf 83' lang='grc' dir='ltr'><strong>χρόνων</strong></span> 
     </span>
    </p>
   </div>
   <div class='ocr_carea' id='block_1_41' title="bbox 407 2147 2045 2230">
    <p class='ocr_par' dir='ltr' id='par_1_41' title="bbox 407 2147 1990 2230">
     <span class='ocr_line' id='line_1_41' title="bbox 407 2147 1990 2230; baseline -0.004 -19"><span class='ocrx_word' id='word_1_277' title='bbox 407 2167 519 2211; x_wconf 90' lang='lat' dir='ltr'><strong>nos</strong></span> <span class='ocrx_word' id='word_1_278' title='bbox 543 2147 882 2211; x_wconf 91' lang='lat' dir='ltr'><strong>ordinetur.</strong></span> <span class='ocrx_word' id='word_1_279' title='bbox 1622 2229 1629 2230; x_wconf 86' lang='lat'><strong>7</strong></span> <span class='ocrx_word' id='word_1_280' title='bbox 1980 2229 1990 2230; x_wconf 86' lang='lat'><strong>7</strong></span> 
     </span>
    </p>
   </div>
   <div class='ocr_carea' id='block_1_42' title="bbox 926 2147 2564 2230">
    <p class='ocr_par' dir='ltr' id='par_1_42' title="bbox 1622 2147 2564 2230">
     <span class='ocr_line' id='line_1_42' title="bbox 1622 2147 2564 2230; baseline -0.004 -21"><span class='ocrx_word' id='word_1_281' title='bbox 1622 2229 1629 2230; x_wconf 86' lang='lat'><strong>7</strong></span> <span class='ocrx_word' id='word_1_282' title='bbox 1980 2229 1990 2230; x_wconf 88' lang='lat'><strong>7</strong></span> <span class='ocrx_word' id='word_1_283' title='bbox 2138 2147 2564 2230; x_wconf 74' lang='grc' dir='ltr'><strong>χειροτονείσθω.</strong></span> 
     </span>
    </p>
   </div>
   <div class='ocr_carea' id='block_1_43' title="bbox 490 2229 2128 2318">
    <p class='ocr_par' dir='ltr' id='par_1_43' title="bbox 490 2229 2057 2309">
     <span class='ocr_line' id='line_1_43' title="bbox 490 2229 2057 2309; baseline -0.006 -8"><span class='ocrx_word' id='word_1_284' title='bbox 490 2239 590 2301; x_wconf 90' lang='grc'><strong>15.</strong></span> <span class='ocrx_word' id='word_1_285' title='bbox 639 2236 1058 2301; x_wconf 86' lang='lat' dir='ltr'><strong>Subdiaconus</strong></span> <span class='ocrx_word' id='word_1_286' title='bbox 1087 2252 1165 2296; x_wconf 91' lang='lat' dir='ltr'><strong>ne</strong></span> <span class='ocrx_word' id='word_1_287' title='bbox 1195 2233 1393 2294; x_wconf 90' lang='lat' dir='ltr'><strong>minor</strong></span> <span class='ocrx_word' id='word_1_288' title='bbox 1429 2229 1636 2309; x_wconf 84' lang='lat' dir='ltr'><strong>viginti</strong></span> <span class='ocrx_word' id='word_1_289' title='bbox 1665 2230 1840 2294; x_wconf 85' lang='lat' dir='ltr'><strong>annis</strong></span> <span class='ocrx_word' id='word_1_290' title='bbox 1888 2229 2057 2293; x_wconf 90' lang='lat' dir='ltr'><strong>ordi-</strong></span> 
     </span>
    </p>
   </div>
   <div class='ocr_carea' id='block_1_44' title="bbox 2144 2229 3782 2318">
    <p class='ocr_par' dir='ltr' id='par_1_44' title="bbox 2167 2229 3782 2318">
     <span class='ocr_line' id='line_1_44' title="bbox 2167 2229 3782 2318; baseline 0.001 -22"><span class='ocrx_word' id='word_1_291' title='bbox 2167 2229 2177 2230; x_wconf 18' lang='grc' dir='ltr'>ί</span> <span class='ocrx_word' id='word_1_292' title='bbox 2217 2229 2304 2300; x_wconf 82' lang='grc' dir='ltr'><strong>ιε’.</strong></span> <span class='ocrx_word' id='word_1_293' title='bbox 2341 2235 2718 2302; x_wconf 82' lang='grc' dir='ltr'><strong>’Υποδιάκονος</strong></span> <span class='ocrx_word' id='word_1_294' title='bbox 2761 2241 2838 2305; x_wconf 76' lang='grc' dir='ltr'><strong>μὴ</strong></span> <span class='ocrx_word' id='word_1_295' title='bbox 2887 2237 3056 2306; x_wconf 68' lang='grc' dir='ltr'><strong>ἥττων</strong></span> <span class='ocrx_word' id='word_1_296' title='bbox 3099 2243 3206 2295; x_wconf 85' lang='grc' dir='ltr'><strong>τῶν</strong></span> <span class='ocrx_word' id='word_1_297' title='bbox 3249 2239 3329 2295; x_wconf 85' lang='grc' dir='ltr'><strong>κε’</strong></span> <span class='ocrx_word' id='word_1_298' title='bbox 3360 2239 3782 2318; x_wconf 81' lang='grc' dir='ltr'><strong>χειροτονείσθω</strong></span> 
     </span>
    </p>
   </div>
   <div class='ocr_carea' id='block_1_45' title="bbox 406 2320 2044 2408">
    <p class='ocr_par' dir='ltr' id='par_1_45' title="bbox 406 2320 2044 2408">
     <span class='ocr_line' id='line_1_45' title="bbox 406 2320 2044 2408; baseline -0.005 -18"><span class='ocrx_word' id='word_1_299' title='bbox 406 2336 603 2391; x_wconf 90' lang='lat' dir='ltr'><strong>netur.</strong></span> <span class='ocrx_word' id='word_1_300' title='bbox 655 2326 722 2389; x_wconf 91' lang='lat' dir='ltr'><strong>Si</strong></span> <span class='ocrx_word' id='word_1_301' title='bbox 769 2325 868 2408; x_wconf 90' lang='lat' dir='ltr'><strong>qui</strong></span> <span class='ocrx_word' id='word_1_302' title='bbox 917 2333 1117 2387; x_wconf 90' lang='lat' dir='ltr'><strong>autem</strong></span> <span class='ocrx_word' id='word_1_303' title='bbox 1150 2325 1209 2386; x_wconf 92' lang='lat' dir='ltr'><strong>in</strong></span> <span class='ocrx_word' id='word_1_304' title='bbox 1262 2321 1470 2404; x_wconf 88' lang='lat' dir='ltr'><strong>quovis</strong></span> <span class='ocrx_word' id='word_1_305' title='bbox 1519 2321 1814 2383; x_wconf 84' lang='lat' dir='ltr'><strong>sacerdoti</strong></span> <span class='ocrx_word' id='word_1_306' title='bbox 1869 2320 2044 2399; x_wconf 85' lang='lat' dir='ltr'><strong>gradu</strong></span> 
     </span>
    </p>
   </div>
   <div class='ocr_carea' id='block_1_46' title="bbox 2141 2320 3779 2408">
    <p class='ocr_par' dir='ltr' id='par_1_46' title="bbox 2141 2324 3779 2406">
     <span class='ocr_line' id='line_1_46' title="bbox 2141 2324 3779 2406; baseline 0.003 -25"><span class='ocrx_word' id='word_1_307' title='bbox 2141 2330 2409 2390; x_wconf 68' lang='grc' dir='ltr'><strong>ἐνιαυτῶν,</strong></span> <span class='ocrx_word' id='word_1_308' title='bbox 2476 2328 2534 2383; x_wconf 70' lang='lat' dir='ltr'><strong>Et</strong></span> <span class='ocrx_word' id='word_1_309' title='bbox 2589 2324 2644 2383; x_wconf 82' lang='grc' dir='ltr'><em>δέ</em></span> <span class='ocrx_word' id='word_1_310' title='bbox 2700 2349 2782 2390; x_wconf 87' lang='grc' dir='ltr'><strong>τις</strong></span> <span class='ocrx_word' id='word_1_311' title='bbox 2834 2335 2940 2385; x_wconf 77' lang='grc' dir='ltr'><strong>τῶν</strong></span> <span class='ocrx_word' id='word_1_312' title='bbox 2991 2328 3045 2384; x_wconf 69' lang='grc' dir='ltr'><strong>ἐν</strong></span> <span class='ocrx_word' id='word_1_313' title='bbox 3093 2329 3272 2400; x_wconf 80' lang='grc' dir='ltr'><strong>οἱᾳοῦν</strong></span> <span class='ocrx_word' id='word_1_314' title='bbox 3316 2331 3558 2406; x_wconf 83' lang='grc' dir='ltr'><strong>ἱερατικῇ</strong></span> <span class='ocrx_word' id='word_1_315' title='bbox 3601 2351 3779 2386; x_wconf 87' lang='grc' dir='ltr'><strong>κατα-</strong></span> 
     </span>
    </p>
   </div>
   <div class='ocr_carea' id='block_1_47' title="bbox 407 2410 2045 2500">
    <p class='ocr_par' dir='ltr' id='par_1_47' title="bbox 407 2410 2045 2500">
     <span class='ocr_line' id='line_1_47' title="bbox 407 2410 2045 2500; baseline -0.004 -19"><span class='ocrx_word' id='word_1_316' title='bbox 407 2427 625 2500; x_wconf 76' lang='lat' dir='ltr'><strong>praeter</strong></span> <span class='ocrx_word' id='word_1_317' title='bbox 654 2417 946 2499; x_wconf 72' lang='lat' dir='ltr'><strong>praeﬁnita</strong></span> <span class='ocrx_word' id='word_1_318' title='bbox 977 2423 1250 2495; x_wconf 88' lang='lat' dir='ltr'><strong>tempora</strong></span> <span class='ocrx_word' id='word_1_319' title='bbox 1275 2411 1584 2475; x_wconf 84' lang='lat' dir='ltr'><strong>ordinatus</strong></span> <span class='ocrx_word' id='word_1_320' title='bbox 1621 2410 1826 2486; x_wconf 76' lang='lat' dir='ltr'><strong>fuerit,</strong></span> <span class='ocrx_word' id='word_1_321' title='bbox 1859 2410 2045 2491; x_wconf 87' lang='lat' dir='ltr'><strong>depo-</strong></span> 
     </span>
    </p>
   </div>
   <div class='ocr_carea' id='block_1_48' title="bbox 2138 2410 3776 2500">
    <p class='ocr_par' dir='ltr' id='par_1_48' title="bbox 2138 2417 3776 2498">
     <span class='ocr_line' id='line_1_48' title="bbox 2138 2417 3776 2498; baseline -0.001 -21"><span class='ocrx_word' id='word_1_322' title='bbox 2138 2420 2318 2477; x_wconf 84' lang='grc' dir='ltr'><strong>στάσει</strong></span> <span class='ocrx_word' id='word_1_323' title='bbox 2363 2417 2505 2494; x_wconf 82' lang='grc' dir='ltr'><strong>παρὰ</strong></span> <span class='ocrx_word' id='word_1_324' title='bbox 2559 2417 2682 2481; x_wconf 81' lang='grc' dir='ltr'><strong>τοὺς</strong></span> <span class='ocrx_word' id='word_1_325' title='bbox 2733 2417 3035 2496; x_wconf 74' lang='grc' dir='ltr'><strong>ὁρισθέντας</strong></span> <span class='ocrx_word' id='word_1_326' title='bbox 3082 2419 3491 2497; x_wconf 77' lang='grc' dir='ltr'><strong>χειροτονηθείη</strong></span> <span class='ocrx_word' id='word_1_327' title='bbox 3523 2418 3776 2498; x_wconf 84' lang='grc' dir='ltr'><strong>χρόνους,</strong></span> 
     </span>
    </p>
   </div>
   <div class='ocr_carea' id='block_1_49' title="bbox 405 2508 2043 2587">
    <p class='ocr_par' dir='ltr' id='par_1_49' title="bbox 405 2516 599 2571">
     <span class='ocr_line' id='line_1_49' title="bbox 405 2516 599 2571; baseline 0.005 -1"><span class='ocrx_word' id='word_1_328' title='bbox 405 2516 599 2571; x_wconf 83' lang='lat' dir='ltr'><strong>natur.</strong></span> 
     </span>
    </p>
   </div>
   <div class='ocr_carea' id='block_1_50' title="bbox 865 2508 2503 2587">
    <p class='ocr_par' dir='ltr' id='par_1_50' title="bbox 2133 2508 2503 2587">
     <span class='ocr_line' id='line_1_50' title="bbox 2133 2508 2503 2587; baseline -0.016 -19"><span class='ocrx_word' id='word_1_329' title='bbox 2133 2508 2503 2587; x_wconf 84' lang='grc' dir='ltr'><strong>καθαιρείσθω.</strong></span> 
     </span>
    </p>
   </div>
   <div class='ocr_carea' id='block_1_51' title="bbox 492 2589 2130 2675">
    <p class='ocr_par' dir='ltr' id='par_1_51' title="bbox 492 2589 2054 2673">
     <span class='ocr_line' id='line_1_51' title="bbox 492 2589 2054 2673; baseline -0.008 -12"><span class='ocrx_word' id='word_1_330' title='bbox 492 2599 732 2661; x_wconf 75' lang='lat' dir='ltr'><strong>Textus.</strong></span> <span class='ocrx_word' id='word_1_331' title='bbox 760 2596 965 2658; x_wconf 89' lang='lat' dir='ltr'><strong>Const.</strong></span> <span class='ocrx_word' id='word_1_332' title='bbox 989 2593 1050 2667; x_wconf 88' lang='lat'><strong>9,</strong></span> <span class='ocrx_word' id='word_1_333' title='bbox 1074 2593 1166 2657; x_wconf 89' lang='lat' dir='ltr'><strong>tit.</strong></span> <span class='ocrx_word' id='word_1_334' title='bbox 1193 2590 1378 2673; x_wconf 83' lang='lat' dir='ltr'><strong>1,lib.</strong></span> <span class='ocrx_word' id='word_1_335' title='bbox 1407 2607 1450 2666; x_wconf 88' lang='grc' dir='ltr'><strong>ι,</strong></span> <span class='ocrx_word' id='word_1_336' title='bbox 1473 2589 1606 2664; x_wconf 89' lang='lat' dir='ltr'><strong>cod,</strong></span> <span class='ocrx_word' id='word_1_337' title='bbox 1633 2607 1752 2652; x_wconf 90' lang='lat' dir='ltr'><strong>non</strong></span> <span class='ocrx_word' id='word_1_338' title='bbox 1779 2589 2054 2652; x_wconf 91' lang='lat' dir='ltr'><strong>concedit</strong></span> 
     </span>
    </p>
   </div>
   <div class='ocr_carea' id='block_1_52' title="bbox 2143 2589 3781 2675">
    <p class='ocr_par' dir='ltr' id='par_1_52' title="bbox 2215 2594 3781 2675">
     <span class='ocr_line' id='line_1_52' title="bbox 2215 2594 3781 2675; baseline 0.001 -21"><span class='ocrx_word' id='word_1_339' title='bbox 2215 2599 2280 2656; x_wconf 84' lang='grc' dir='ltr'>Ἠ</span> <span class='ocrx_word' id='word_1_340' title='bbox 2311 2597 2356 2654; x_wconf 86' lang='grc' dir='ltr'><strong>θ’</strong></span> <span class='ocrx_word' id='word_1_341' title='bbox 2387 2595 2618 2661; x_wconf 78' lang='grc' dir='ltr'><strong>διάταξις</strong></span> <span class='ocrx_word' id='word_1_342' title='bbox 2661 2594 2752 2653; x_wconf 78' lang='grc' dir='ltr'>τοῦ</span> <span class='ocrx_word' id='word_1_343' title='bbox 2800 2595 2855 2653; x_wconf 88' lang='grc' dir='ltr'><strong>α’</strong></span> <span class='ocrx_word' id='word_1_344' title='bbox 2901 2597 3002 2657; x_wconf 87' lang='grc' dir='ltr'><strong>τίτ.</strong></span> <span class='ocrx_word' id='word_1_345' title='bbox 3035 2605 3130 2656; x_wconf 81' lang='grc' dir='ltr'><strong>τοῦ</strong></span> <span class='ocrx_word' id='word_1_346' title='bbox 3158 2597 3211 2654; x_wconf 84' lang='grc' dir='ltr'><strong>α’</strong></span> <span class='ocrx_word' id='word_1_347' title='bbox 3239 2596 3383 2675; x_wconf 79' lang='grc' dir='ltr'><strong>βιόλ.</strong></span> <span class='ocrx_word' id='word_1_348' title='bbox 3429 2602 3523 2654; x_wconf 82' lang='grc' dir='ltr'><strong>τοῦ</strong></span> <span class='ocrx_word' id='word_1_349' title='bbox 3553 2595 3684 2660; x_wconf 80' lang='grc' dir='ltr'><strong>κώδ.</strong></span> <span class='ocrx_word' id='word_1_350' title='bbox 3718 2599 3781 2656; x_wconf 78' lang='grc' dir='ltr'><strong>οὗ</strong></span> 
     </span>
    </p>
   </div>
   <div class='ocr_carea' id='block_1_53' title="bbox 407 2681 2045 2768">
    <p class='ocr_par' dir='ltr' id='par_1_53' title="bbox 407 2681 2045 2764">
     <span class='ocr_line' id='line_1_53' title="bbox 407 2681 2045 2764; baseline -0.006 -15"><span class='ocrx_word' id='word_1_351' title='bbox 407 2687 807 2750; x_wconf 86' lang='lat' dir='ltr'><strong>diaconissam</strong></span> <span class='ocrx_word' id='word_1_352' title='bbox 844 2683 997 2756; x_wconf 82' lang='lat' dir='ltr'><strong>ﬁeri,</strong></span> <span class='ocrx_word' id='word_1_353' title='bbox 1029 2700 1162 2764; x_wconf 59' lang='lat' dir='ltr'><strong>qua;</strong></span> <span class='ocrx_word' id='word_1_354' title='bbox 1188 2681 1631 2760; x_wconf 78' lang='lat' dir='ltr'><strong>sexagesimum</strong></span> <span class='ocrx_word' id='word_1_355' title='bbox 1675 2697 1894 2740; x_wconf 92' lang='lat' dir='ltr'><strong>annum</strong></span> <span class='ocrx_word' id='word_1_356' title='bbox 1929 2695 2045 2740; x_wconf 90' lang='lat' dir='ltr'><strong>non</strong></span> 
     </span>
    </p>
   </div>
   <div class='ocr_carea' id='block_1_54' title="bbox 2141 2681 3779 2768">
    <p class='ocr_par' dir='ltr' id='par_1_54' title="bbox 2141 2683 3779 2768">
     <span class='ocr_line' id='line_1_54' title="bbox 2141 2683 3779 2768; baseline -0.002 -22"><span class='ocrx_word' id='word_1_357' title='bbox 2141 2699 2397 2768; x_wconf 85' lang='grc' dir='ltr'><strong>συγχορεῖ</strong></span> <span class='ocrx_word' id='word_1_358' title='bbox 2452 2686 2684 2764; x_wconf 79' lang='grc' dir='ltr'><strong>γίνεσθαι</strong></span> <span class='ocrx_word' id='word_1_359' title='bbox 2738 2683 3100 2763; x_wconf 87' lang='grc' dir='ltr'><strong>διακόνισσαν,</strong></span> <span class='ocrx_word' id='word_1_360' title='bbox 3163 2687 3262 2753; x_wconf 69' lang='grc' dir='ltr'><strong>τὴν</strong></span> <span class='ocrx_word' id='word_1_361' title='bbox 3323 2688 3400 2762; x_wconf 78' lang='grc' dir='ltr'><strong>μὴ</strong></span> <span class='ocrx_word' id='word_1_362' title='bbox 3473 2685 3779 2766; x_wconf 74' lang='grc' dir='ltr'><strong>ὑπερϐᾶσαν</strong></span> 
     </span>
    </p>
   </div>
   <div class='ocr_carea' id='block_1_55' title="bbox 406 2767 2044 2858">
    <p class='ocr_par' dir='ltr' id='par_1_55' title="bbox 406 2767 2044 2858">
     <span class='ocr_line' id='line_1_55' title="bbox 406 2767 2044 2858; baseline -0.007 -19"><span class='ocrx_word' id='word_1_363' title='bbox 406 2776 726 2858; x_wconf 88' lang='lat' dir='ltr'><strong>superavit.</strong></span> <span class='ocrx_word' id='word_1_364' title='bbox 757 2773 1009 2837; x_wconf 85' lang='lat' dir='ltr'><strong>Constit.</strong></span> <span class='ocrx_word' id='word_1_365' title='bbox 1038 2790 1174 2834; x_wconf 92' lang='lat' dir='ltr'><strong>vero</strong></span> <span class='ocrx_word' id='word_1_366' title='bbox 1203 2773 1256 2844; x_wconf 94' lang='lat'><strong>1,</strong></span> <span class='ocrx_word' id='word_1_367' title='bbox 1277 2770 1368 2831; x_wconf 92' lang='lat' dir='ltr'><strong>tit.</strong></span> <span class='ocrx_word' id='word_1_368' title='bbox 1397 2771 1456 2843; x_wconf 86' lang='lat'><strong>1,</strong></span> <span class='ocrx_word' id='word_1_369' title='bbox 1479 2770 1858 2858; x_wconf 82' lang='lat' dir='ltr'><strong>Novellarum</strong></span> <span class='ocrx_word' id='word_1_370' title='bbox 1882 2767 2044 2858; x_wconf 87' lang='lat' dir='ltr'><strong>dicit,</strong></span> 
     </span>
    </p>
   </div>
   <div class='ocr_carea' id='block_1_56' title="bbox 2139 2767 3777 2858">
    <p class='ocr_par' dir='ltr' id='par_1_56' title="bbox 2139 2767 3777 2855">
     <span class='ocr_line' id='line_1_56' title="bbox 2139 2767 3777 2855; baseline -0.002 -18"><span class='ocrx_word' id='word_1_371' title='bbox 2139 2782 2221 2837; x_wconf 79' lang='grc' dir='ltr'><strong>τὸν</strong></span> <span class='ocrx_word' id='word_1_372' title='bbox 2251 2767 2294 2844; x_wconf 79' lang='grc' dir='ltr'><strong>ξ’</strong></span> <span class='ocrx_word' id='word_1_373' title='bbox 2326 2777 2585 2833; x_wconf 68' lang='grc' dir='ltr'><strong>ἐνιαυτόνο</strong></span> <span class='ocrx_word' id='word_1_374' title='bbox 2619 2777 2654 2844; x_wconf 73' lang='grc' dir='ltr'>ἡ</span> <span class='ocrx_word' id='word_1_375' title='bbox 2698 2773 2752 2832; x_wconf 76' lang='grc' dir='ltr'><strong>δὲ</strong></span> <span class='ocrx_word' id='word_1_376' title='bbox 2797 2775 2851 2832; x_wconf 84' lang='grc' dir='ltr'><strong>α’</strong></span> <span class='ocrx_word' id='word_1_377' title='bbox 2887 2775 3023 2836; x_wconf 83' lang='grc' dir='ltr'><strong>διάτ.</strong></span> <span class='ocrx_word' id='word_1_378' title='bbox 3056 2783 3150 2835; x_wconf 79' lang='grc' dir='ltr'><strong>τοῦ</strong></span> <span class='ocrx_word' id='word_1_379' title='bbox 3193 2775 3246 2835; x_wconf 86' lang='grc' dir='ltr'><strong>α’</strong></span> <span class='ocrx_word' id='word_1_380' title='bbox 3275 2793 3378 2854; x_wconf 56' lang='grc' dir='ltr'><strong>τιτ·</strong></span> <span class='ocrx_word' id='word_1_381' title='bbox 3412 2777 3518 2834; x_wconf 80' lang='grc' dir='ltr'><strong>τῶν</strong></span> <span class='ocrx_word' id='word_1_382' title='bbox 3549 2781 3777 2855; x_wconf 69' lang='grc' dir='ltr'><strong>νεαρῶν,</strong></span> 
     </span>
    </p>
   </div>
   <div class='ocr_carea' id='block_1_57' title="bbox 407 2857 2045 2946">
    <p class='ocr_par' dir='ltr' id='par_1_57' title="bbox 407 2857 2045 2946">
     <span class='ocr_line' id='line_1_57' title="bbox 407 2857 2045 2946; baseline -0.005 -18"><span class='ocrx_word' id='word_1_383' title='bbox 407 2857 571 2944; x_wconf 83' lang='lat' dir='ltr'><strong>[satis</strong></span> <span class='ocrx_word' id='word_1_384' title='bbox 592 2883 749 2940; x_wconf 90' lang='lat' dir='ltr'><strong>esse,</strong></span> <span class='ocrx_word' id='word_1_385' title='bbox 773 2861 844 2946; x_wconf 85' lang='lat' dir='ltr'><strong>si]</strong></span> <span class='ocrx_word' id='word_1_386' title='bbox 866 2861 1296 2944; x_wconf 86' lang='lat' dir='ltr'><strong>quinquaginta</strong></span> <span class='ocrx_word' id='word_1_387' title='bbox 1317 2875 1610 2920; x_wconf 88' lang='lat' dir='ltr'><strong>annorum</strong></span> <span class='ocrx_word' id='word_1_388' title='bbox 1625 2861 1726 2921; x_wconf 86' lang='lat' dir='ltr'><strong>sit.</strong></span> <span class='ocrx_word' id='word_1_389' title='bbox 1751 2857 1822 2920; x_wconf 87' lang='lat' dir='ltr'><strong>Et</strong></span> <span class='ocrx_word' id='word_1_390' title='bbox 1843 2857 1894 2918; x_wconf 87' lang='lat' dir='ltr'><strong>si</strong></span> <span class='ocrx_word' id='word_1_391' title='bbox 1925 2875 2045 2938; x_wconf 86' lang='lat' dir='ltr'><strong>pro-</strong></span> 
     </span>
    </p>
   </div>
   <div class='ocr_carea' id='block_1_58' title="bbox 2140 2857 3778 2946">
    <p class='ocr_par' dir='ltr' id='par_1_58' title="bbox 2140 2863 3778 2944">
     <span class='ocr_line' id='line_1_58' title="bbox 2140 2863 3778 2944; baseline -0.002 -18"><span class='ocrx_word' id='word_1_392' title='bbox 2140 2869 2267 2926; x_wconf 68' lang='grc' dir='ltr'><strong>ἑτῶν</strong></span> <span class='ocrx_word' id='word_1_393' title='bbox 2323 2867 2486 2934; x_wconf 73' lang='grc' dir='ltr'><strong>αὐτὴν</strong></span> <span class='ocrx_word' id='word_1_394' title='bbox 2536 2865 2678 2921; x_wconf 72' lang='grc' dir='ltr'><strong>εἶναι</strong></span> <span class='ocrx_word' id='word_1_395' title='bbox 2727 2863 2868 2922; x_wconf 82' lang='grc' dir='ltr'><strong>θέλει</strong></span> <span class='ocrx_word' id='word_1_396' title='bbox 2912 2866 2982 2940; x_wconf 83' lang='grc' dir='ltr'><strong>ν’,</strong></span> <span class='ocrx_word' id='word_1_397' title='bbox 3029 2869 3104 2928; x_wconf 82' lang='grc' dir='ltr'><strong>ὡς</strong></span> <span class='ocrx_word' id='word_1_398' title='bbox 3136 2865 3192 2922; x_wconf 74' lang='grc' dir='ltr'><strong>εἴ</strong></span> <span class='ocrx_word' id='word_1_399' title='bbox 3224 2888 3308 2944; x_wconf 88' lang='grc' dir='ltr'><strong>γε,</strong></span> <span class='ocrx_word' id='word_1_400' title='bbox 3341 2865 3427 2926; x_wconf 81' lang='grc' dir='ltr'><strong>διά</strong></span> <span class='ocrx_word' id='word_1_401' title='bbox 3456 2886 3581 2923; x_wconf 82' lang='grc' dir='ltr'><strong>τινα</strong></span> <span class='ocrx_word' id='word_1_402' title='bbox 3608 2867 3778 2924; x_wconf 81' lang='grc' dir='ltr'><strong>αἰτίαν</strong></span> 
     </span>
    </p>
   </div>
   <div class='ocr_carea' id='block_1_59' title="bbox 405 2947 2043 3038">
    <p class='ocr_par' dir='ltr' id='par_1_59' title="bbox 405 2947 2043 3038">
     <span class='ocr_line' id='line_1_59' title="bbox 405 2947 2043 3038; baseline -0.007 -19"><span class='ocrx_word' id='word_1_403' title='bbox 405 2965 538 3038; x_wconf 81' lang='lat' dir='ltr'><strong>pter</strong></span> <span class='ocrx_word' id='word_1_404' title='bbox 557 2959 960 3018; x_wconf 87' lang='lat' dir='ltr'><strong>necessariam</strong></span> <span class='ocrx_word' id='word_1_405' title='bbox 995 2952 1260 3033; x_wconf 89' lang='lat' dir='ltr'><strong>aliquam</strong></span> <span class='ocrx_word' id='word_1_406' title='bbox 1305 2967 1545 3038; x_wconf 87' lang='lat' dir='ltr'><strong>causam</strong></span> <span class='ocrx_word' id='word_1_407' title='bbox 1573 2947 1684 3009; x_wconf 87' lang='lat' dir='ltr'><strong>hac</strong></span> <span class='ocrx_word' id='word_1_408' title='bbox 1712 2955 1882 3009; x_wconf 76' lang='lat' dir='ltr'><strong>tetate</strong></span> <span class='ocrx_word' id='word_1_409' title='bbox 1913 2947 2043 3024; x_wconf 87' lang='lat' dir='ltr'><strong>lali-</strong></span> 
     </span>
    </p>
   </div>
   <div class='ocr_carea' id='block_1_60' title="bbox 2140 2947 3778 3038">
    <p class='ocr_par' dir='ltr' id='par_1_60' title="bbox 2140 2953 3778 3036">
     <span class='ocr_line' id='line_1_60' title="bbox 2140 2953 3778 3036; baseline -0.002 -21"><span class='ocrx_word' id='word_1_410' title='bbox 2140 2955 2446 3036; x_wconf 70' lang='grc' dir='ltr'><strong>ἂναγκαίαν,</strong></span> <span class='ocrx_word' id='word_1_411' title='bbox 2499 2953 2720 3010; x_wconf 79' lang='grc' dir='ltr'><strong>ἑλάττον</strong></span> <span class='ocrx_word' id='word_1_412' title='bbox 2765 2954 2894 3012; x_wconf 80' lang='grc' dir='ltr'><strong>οὖσα</strong></span> <span class='ocrx_word' id='word_1_413' title='bbox 2951 2956 3150 3023; x_wconf 81' lang='grc' dir='ltr'><strong>ταύτης</strong></span> <span class='ocrx_word' id='word_1_414' title='bbox 3207 2961 3307 3022; x_wconf 81' lang='grc' dir='ltr'><strong>τῆς</strong></span> <span class='ocrx_word' id='word_1_415' title='bbox 3355 2955 3569 3024; x_wconf 73' lang='grc' dir='ltr'><strong>ἡλικίας</strong></span> <span class='ocrx_word' id='word_1_416' title='bbox 3619 2955 3778 3036; x_wconf 74' lang='grc' dir='ltr'><strong>ἒχει-</strong></span> 
     </span>
    </p>
   </div>
   <div class='ocr_carea' id='block_1_61' title="bbox 403 3037 2041 3128">
    <p class='ocr_par' dir='ltr' id='par_1_61' title="bbox 403 3037 2041 3128">
     <span class='ocr_line' id='line_1_61' title="bbox 403 3037 2041 3128; baseline -0.004 -22"><span class='ocrx_word' id='word_1_417' title='bbox 403 3037 538 3128; x_wconf 80' lang='lat' dir='ltr'><strong>qua]</strong></span> <span class='ocrx_word' id='word_1_418' title='bbox 569 3044 771 3106; x_wconf 91' lang='lat' dir='ltr'><strong>minor</strong></span> <span class='ocrx_word' id='word_1_419' title='bbox 793 3041 1066 3105; x_wconf 90' lang='lat' dir='ltr'><strong>ordinata</strong></span> <span class='ocrx_word' id='word_1_420' title='bbox 1087 3037 1509 3120; x_wconf 81' lang='lat' dir='ltr'><strong>fuerit,[illam]</strong></span> <span class='ocrx_word' id='word_1_421' title='bbox 1535 3037 1595 3098; x_wconf 92' lang='lat' dir='ltr'><strong>in</strong></span> <span class='ocrx_word' id='word_1_422' title='bbox 1622 3037 2041 3128; x_wconf 85' lang='lat' dir='ltr'><strong>monasterium</strong></span> 
     </span>
    </p>
   </div>
   <div class='ocr_carea' id='block_1_62' title="bbox 2144 3037 3782 3128">
    <p class='ocr_par' dir='ltr' id='par_1_62' title="bbox 2144 3043 3782 3125">
     <span class='ocr_line' id='line_1_62' title="bbox 2144 3043 3782 3125; baseline -0.002 -20"><span class='ocrx_word' id='word_1_423' title='bbox 2144 3047 2421 3118; x_wconf 64' lang='grc' dir='ltr'><strong>ιοτονήθη,</strong></span> <span class='ocrx_word' id='word_1_424' title='bbox 2478 3043 2724 3122; x_wconf 80' lang='grc' dir='ltr'><strong>βούλεται</strong></span> <span class='ocrx_word' id='word_1_425' title='bbox 2783 3045 3123 3125; x_wconf 83' lang='grc' dir='ltr'><strong>μοναστηρίῳ</strong></span> <span class='ocrx_word' id='word_1_426' title='bbox 3179 3043 3535 3121; x_wconf 70' lang='grc' dir='ltr'><strong>ἐμϐληθῆναι,</strong></span> <span class='ocrx_word' id='word_1_427' title='bbox 3608 3044 3662 3102; x_wconf 76' lang='grc' dir='ltr'><strong>ἐν</strong></span> <span class='ocrx_word' id='word_1_428' title='bbox 3734 3046 3782 3121; x_wconf 83' lang='grc' dir='ltr'>ᾧ</span> 
     </span>
    </p>
   </div>
   <div class='ocr_carea' id='block_1_63' title="bbox 403 3125 2041 3224">
    <p class='ocr_par' dir='ltr' id='par_1_63' title="bbox 403 3125 2041 3224">
     <span class='ocr_line' id='line_1_63' title="bbox 403 3125 2041 3224; baseline -0.005 -28"><span class='ocrx_word' id='word_1_429' title='bbox 403 3125 642 3197; x_wconf 84' lang='lat' dir='ltr'><strong>detrudi</strong></span> <span class='ocrx_word' id='word_1_430' title='bbox 666 3133 895 3224; x_wconf 64' lang='lat' dir='ltr'><strong>vult,7in</strong></span> <span class='ocrx_word' id='word_1_431' title='bbox 913 3149 1034 3224; x_wconf 77' lang='lat' dir='ltr'><strong>quo</strong></span> <span class='ocrx_word' id='word_1_432' title='bbox 1063 3129 1170 3224; x_wconf 84' lang='lat' dir='ltr'><strong>viri</strong></span> <span class='ocrx_word' id='word_1_433' title='bbox 1193 3128 1625 3224; x_wconf 68' lang='lat' dir='ltr'><strong>commercium</strong></span> <span class='ocrx_word' id='word_1_434' title='bbox 1650 3145 1769 3188; x_wconf 92' lang='lat' dir='ltr'><strong>non</strong></span> <span class='ocrx_word' id='word_1_435' title='bbox 1798 3125 2041 3224; x_wconf 55' lang='lat' dir='ltr'><strong>habent,</strong></span> 
     </span>
    </p>
   </div>
   <div class='ocr_carea' id='block_1_64' title="bbox 2138 3125 3776 3224">
    <p class='ocr_par' dir='ltr' id='par_1_64' title="bbox 2138 3125 3776 3224">
     <span class='ocr_line' id='line_1_64' title="bbox 2138 3125 3776 3224; baseline -0.001 -30"><span class='ocrx_word' id='word_1_436' title='bbox 2138 3125 2335 3215; x_wconf 67' lang='grc' dir='ltr'><strong>ἀνδρῶν</strong></span> <span class='ocrx_word' id='word_1_437' title='bbox 2395 3132 2630 3224; x_wconf 71' lang='grc' dir='ltr'><strong>ἐπιμιξία</strong></span> <span class='ocrx_word' id='word_1_438' title='bbox 2673 3137 2768 3193; x_wconf 69' lang='grc' dir='ltr'><strong>οὐκ</strong></span> <span class='ocrx_word' id='word_1_439' title='bbox 2825 3132 2997 3207; x_wconf 80' lang='grc' dir='ltr'><strong>ἔστιν,</strong></span> <span class='ocrx_word' id='word_1_440' title='bbox 3052 3135 3170 3191; x_wconf 75' lang='grc' dir='ltr'><strong>οὔτε</strong></span> <span class='ocrx_word' id='word_1_441' title='bbox 3213 3133 3548 3224; x_wconf 78' lang='grc' dir='ltr'><strong>αότεξοόσιος</strong></span> <span class='ocrx_word' id='word_1_442' title='bbox 3578 3131 3776 3192; x_wconf 85' lang='grc' dir='ltr'><strong>δίαιτα·</strong></span> 
     </span>
    </p>
   </div>
   <div class='ocr_carea' id='block_1_65' title="bbox 402 3216 2040 3302">
    <p class='ocr_par' dir='ltr' id='par_1_65' title="bbox 402 3216 2040 3297">
     <span class='ocr_line' id='line_1_65' title="bbox 402 3216 2040 3297; baseline -0.006 -11"><span class='ocrx_word' id='word_1_443' title='bbox 402 3242 516 3286; x_wconf 91' lang='lat' dir='ltr'><strong>nec</strong></span> <span class='ocrx_word' id='word_1_444' title='bbox 549 3223 739 3285; x_wconf 82' lang='lat' dir='ltr'><strong>libera</strong></span> <span class='ocrx_word' id='word_1_445' title='bbox 767 3220 1005 3286; x_wconf 82' lang='lat' dir='ltr'><strong>vivendi</strong></span> <span class='ocrx_word' id='word_1_446' title='bbox 1034 3222 1184 3282; x_wconf 85' lang='lat' dir='ltr'><strong>ratio</strong></span> <span class='ocrx_word' id='word_1_447' title='bbox 1221 3218 1566 3281; x_wconf 88' lang='lat' dir='ltr'><strong>est.Verum</strong></span> <span class='ocrx_word' id='word_1_448' title='bbox 1597 3224 1788 3278; x_wconf 89' lang='lat' dir='ltr'><strong>const.</strong></span> <span class='ocrx_word' id='word_1_449' title='bbox 1819 3216 1859 3278; x_wconf 69' lang='lat'>2</span> <span class='ocrx_word' id='word_1_450' title='bbox 1887 3217 2040 3297; x_wconf 82' lang='lat' dir='ltr'><strong>ejus-</strong></span> 
     </span>
    </p>
   </div>
   <div class='ocr_carea' id='block_1_66' title="bbox 2144 3216 3782 3302">
    <p class='ocr_par' dir='ltr' id='par_1_66' title="bbox 2144 3221 3782 3302">
     <span class='ocr_line' id='line_1_66' title="bbox 2144 3221 3782 3302; baseline 0 -20"><span class='ocrx_word' id='word_1_451' title='bbox 2144 3229 2170 3296; x_wconf 70' lang='grc' dir='ltr'>ἦ</span> <span class='ocrx_word' id='word_1_452' title='bbox 2225 3227 2324 3302; x_wconf 78' lang='grc' dir='ltr'><strong>μὲν</strong></span> <span class='ocrx_word' id='word_1_453' title='bbox 2371 3246 2454 3282; x_wconf 92' lang='grc' dir='ltr'><strong>τοι</strong></span> <span class='ocrx_word' id='word_1_454' title='bbox 2507 3222 2560 3300; x_wconf 82' lang='grc' dir='ltr'><strong>β’</strong></span> <span class='ocrx_word' id='word_1_455' title='bbox 2607 3221 2749 3282; x_wconf 85' lang='grc' dir='ltr'><strong>διάτ.</strong></span> <span class='ocrx_word' id='word_1_456' title='bbox 2811 3230 2904 3281; x_wconf 80' lang='grc' dir='ltr'><strong>τοῦ</strong></span> <span class='ocrx_word' id='word_1_457' title='bbox 2934 3227 3091 3282; x_wconf 74' lang='grc' dir='ltr'><strong>αὐτοῦ</strong></span> <span class='ocrx_word' id='word_1_458' title='bbox 3131 3225 3234 3288; x_wconf 86' lang='grc' dir='ltr'><strong>τίτ,</strong></span> <span class='ocrx_word' id='word_1_459' title='bbox 3298 3224 3358 3280; x_wconf 77' lang='grc' dir='ltr'><strong>οὒ</strong></span> <span class='ocrx_word' id='word_1_460' title='bbox 3413 3223 3558 3281; x_wconf 73' lang='grc' dir='ltr'><strong>θέλει</strong></span> <span class='ocrx_word' id='word_1_461' title='bbox 3592 3222 3782 3282; x_wconf 86' lang='grc' dir='ltr'><strong>διακό-</strong></span> 
     </span>
    </p>
   </div>
   <div class='ocr_carea' id='block_1_67' title="bbox 402 3305 2040 3394">
    <p class='ocr_par' dir='ltr' id='par_1_67' title="bbox 402 3305 2040 3386">
     <span class='ocr_line' id='line_1_67' title="bbox 402 3305 2040 3386; baseline -0.004 -12"><span class='ocrx_word' id='word_1_462' title='bbox 402 3313 544 3374; x_wconf 91' lang='lat' dir='ltr'><strong>dem</strong></span> <span class='ocrx_word' id='word_1_463' title='bbox 584 3313 677 3373; x_wconf 93' lang='lat' dir='ltr'><strong>tit.</strong></span> <span class='ocrx_word' id='word_1_464' title='bbox 712 3313 988 3374; x_wconf 70' lang='lat' dir='ltr'><strong>ecclesiae</strong></span> <span class='ocrx_word' id='word_1_465' title='bbox 1017 3308 1416 3372; x_wconf 81' lang='lat' dir='ltr'><strong>diaconissam</strong></span> <span class='ocrx_word' id='word_1_466' title='bbox 1449 3307 1580 3368; x_wconf 82' lang='lat' dir='ltr'><strong>ﬁeri</strong></span> <span class='ocrx_word' id='word_1_467' title='bbox 1604 3323 1725 3368; x_wconf 90' lang='lat' dir='ltr'><strong>non</strong></span> <span class='ocrx_word' id='word_1_468' title='bbox 1758 3305 1903 3380; x_wconf 91' lang='lat' dir='ltr'><strong>vult,</strong></span> <span class='ocrx_word' id='word_1_469' title='bbox 1923 3323 2040 3386; x_wconf 79' lang='lat' dir='ltr'><strong>qua</strong></span> 
     </span>
    </p>
   </div>
   <div class='ocr_carea' id='block_1_68' title="bbox 2144 3305 3782 3394">
    <p class='ocr_par' dir='ltr' id='par_1_68' title="bbox 2144 3306 3782 3394">
     <span class='ocr_line' id='line_1_68' title="bbox 2144 3306 3782 3394; baseline 0.001 -21"><span class='ocrx_word' id='word_1_470' title='bbox 2144 3317 2318 3374; x_wconf 81' lang='grc' dir='ltr'><strong>νισσάν</strong></span> <span class='ocrx_word' id='word_1_471' title='bbox 2371 3313 2660 3381; x_wconf 67' lang='grc' dir='ltr'><strong>ἰκκλησίας</strong></span> <span class='ocrx_word' id='word_1_472' title='bbox 2713 3313 2972 3394; x_wconf 80' lang='grc' dir='ltr'><strong>γίνεσθαι,</strong></span> <span class='ocrx_word' id='word_1_473' title='bbox 3025 3320 3131 3372; x_wconf 84' lang='grc' dir='ltr'><strong>τῶν</strong></span> <span class='ocrx_word' id='word_1_474' title='bbox 3183 3313 3242 3390; x_wconf 85' lang='grc' dir='ltr'><strong>μ’</strong></span> <span class='ocrx_word' id='word_1_475' title='bbox 3292 3314 3425 3371; x_wconf 71' lang='grc' dir='ltr'><strong>ἐτῶν</strong></span> <span class='ocrx_word' id='word_1_476' title='bbox 3461 3313 3679 3381; x_wconf 72' lang='grc' dir='ltr'><strong>ἥττονα.</strong></span> <span class='ocrx_word' id='word_1_477' title='bbox 3715 3306 3782 3374; x_wconf 70' lang='grc' dir='ltr'><strong>Ἠ</strong></span> 
     </span>
    </p>
   </div>
   <div class='ocr_carea' id='block_1_69' title="bbox 403 3395 2041 3484">
    <p class='ocr_par' dir='ltr' id='par_1_69' title="bbox 403 3395 2041 3483">
     <span class='ocr_line' id='line_1_69' title="bbox 403 3395 2041 3483; baseline -0.006 -18"><span class='ocrx_word' id='word_1_478' title='bbox 403 3403 803 3483; x_wconf 82' lang='lat' dir='ltr'><strong>quadraginta</strong></span> <span class='ocrx_word' id='word_1_479' title='bbox 829 3400 1004 3462; x_wconf 88' lang='lat' dir='ltr'><strong>annis</strong></span> <span class='ocrx_word' id='word_1_480' title='bbox 1035 3397 1234 3461; x_wconf 91' lang='lat' dir='ltr'><strong>minor</strong></span> <span class='ocrx_word' id='word_1_481' title='bbox 1264 3399 1362 3459; x_wconf 92' lang='lat' dir='ltr'><strong>sit.</strong></span> <span class='ocrx_word' id='word_1_482' title='bbox 1397 3395 1619 3458; x_wconf 86' lang='lat' dir='ltr'><strong>Eadem</strong></span> <span class='ocrx_word' id='word_1_483' title='bbox 1652 3413 1829 3476; x_wconf 88' lang='lat' dir='ltr'><strong>porro</strong></span> <span class='ocrx_word' id='word_1_484' title='bbox 1859 3404 2041 3458; x_wconf 83' lang='lat' dir='ltr'><strong>const.</strong></span> 
     </span>
    </p>
   </div>
   <div class='ocr_carea' id='block_1_70' title="bbox 2142 3395 3780 3484">
    <p class='ocr_par' dir='ltr' id='par_1_70' title="bbox 2142 3402 3780 3484">
     <span class='ocr_line' id='line_1_70' title="bbox 2142 3402 3780 3484; baseline -0.001 -21"><span class='ocrx_word' id='word_1_485' title='bbox 2142 3408 2266 3474; x_wconf 74' lang='grc' dir='ltr'><strong>αὕτη</strong></span> <span class='ocrx_word' id='word_1_486' title='bbox 2322 3403 2378 3462; x_wconf 80' lang='grc' dir='ltr'><strong>δὲ</strong></span> <span class='ocrx_word' id='word_1_487' title='bbox 2435 3403 2576 3463; x_wconf 86' lang='grc' dir='ltr'><strong>διατ.</strong></span> <span class='ocrx_word' id='word_1_488' title='bbox 2638 3403 2801 3484; x_wconf 74' lang='grc' dir='ltr'><strong>φησί,</strong></span> <span class='ocrx_word' id='word_1_489' title='bbox 2865 3405 2959 3460; x_wconf 75' lang='grc' dir='ltr'><strong>τὸν</strong></span> <span class='ocrx_word' id='word_1_490' title='bbox 3019 3404 3494 3483; x_wconf 80' lang='grc' dir='ltr'><strong>χειροτονούμενον</strong></span> <span class='ocrx_word' id='word_1_491' title='bbox 3540 3402 3780 3481; x_wconf 75' lang='grc' dir='ltr'><strong>πρεσϐύ-</strong></span> 
     </span>
    </p>
   </div>
   <div class='ocr_carea' id='block_1_71' title="bbox 401 3485 2039 3575">
    <p class='ocr_par' dir='ltr' id='par_1_71' title="bbox 401 3485 2039 3575">
     <span class='ocr_line' id='line_1_71' title="bbox 401 3485 2039 3575; baseline -0.005 -19"><span class='ocrx_word' id='word_1_492' title='bbox 401 3493 528 3556; x_wconf 84' lang='lat' dir='ltr'><strong>ait:</strong></span> <span class='ocrx_word' id='word_1_493' title='bbox 581 3490 994 3556; x_wconf 88' lang='lat' dir='ltr'><strong>Ordinandum</strong></span> <span class='ocrx_word' id='word_1_494' title='bbox 1029 3488 1446 3571; x_wconf 71' lang='lat' dir='ltr'><strong>presbyterum</strong></span> <span class='ocrx_word' id='word_1_495' title='bbox 1496 3505 1617 3549; x_wconf 90' lang='lat' dir='ltr'><strong>non</strong></span> <span class='ocrx_word' id='word_1_496' title='bbox 1634 3485 1871 3575; x_wconf 80' lang='lat' dir='ltr'><strong>debere</strong></span> <span class='ocrx_word' id='word_1_497' title='bbox 1919 3502 2039 3548; x_wconf 74' lang='lat' dir='ltr'><strong>esse</strong></span> 
     </span>
    </p>
   </div>
   <div class='ocr_carea' id='block_1_72' title="bbox 2139 3485 3777 3575">
    <p class='ocr_par' dir='ltr' id='par_1_72' title="bbox 2139 3485 3777 3575">
     <span class='ocr_line' id='line_1_72' title="bbox 2139 3485 3777 3575; baseline -0.002 -21"><span class='ocrx_word' id='word_1_498' title='bbox 2139 3518 2282 3574; x_wconf 86' lang='grc' dir='ltr'><strong>τερον</strong></span> <span class='ocrx_word' id='word_1_499' title='bbox 2337 3495 2416 3572; x_wconf 79' lang='grc' dir='ltr'><strong>μὴ</strong></span> <span class='ocrx_word' id='word_1_500' title='bbox 2467 3493 2697 3575; x_wconf 71' lang='grc' dir='ltr'><strong>ὀφείλειν</strong></span> <span class='ocrx_word' id='word_1_501' title='bbox 2753 3497 2896 3550; x_wconf 79' lang='grc' dir='ltr'><strong>εἶναι</strong></span> <span class='ocrx_word' id='word_1_502' title='bbox 2943 3492 3144 3561; x_wconf 74' lang='grc' dir='ltr'><strong>ἥττονα</strong></span> <span class='ocrx_word' id='word_1_503' title='bbox 3190 3494 3299 3552; x_wconf 83' lang='grc' dir='ltr'><strong>τῶν</strong></span> <span class='ocrx_word' id='word_1_504' title='bbox 3329 3492 3381 3550; x_wconf 87' lang='grc' dir='ltr'><strong>λ’</strong></span> <span class='ocrx_word' id='word_1_505' title='bbox 3405 3485 3540 3550; x_wconf 68' lang='grc' dir='ltr'><strong>ἑτῶν</strong></span> <span class='ocrx_word' id='word_1_506' title='bbox 3570 3495 3658 3551; x_wconf 82' lang='grc' dir='ltr'><strong>καὶ</strong></span> <span class='ocrx_word' id='word_1_507' title='bbox 3694 3493 3777 3550; x_wconf 88' lang='grc' dir='ltr'><strong>κε’</strong></span> 
     </span>
    </p>
   </div>
   <div class='ocr_carea' id='block_1_73' title="bbox 403 3574 2041 3664">
    <p class='ocr_par' dir='ltr' id='par_1_73' title="bbox 403 3574 2041 3660">
     <span class='ocr_line' id='line_1_73' title="bbox 403 3574 2041 3660; baseline -0.004 -16"><span class='ocrx_word' id='word_1_508' title='bbox 403 3583 698 3645; x_wconf 86' lang='lat' dir='ltr'><strong>minorem</strong></span> <span class='ocrx_word' id='word_1_509' title='bbox 746 3583 919 3645; x_wconf 89' lang='lat' dir='ltr'><strong>annis</strong></span> <span class='ocrx_word' id='word_1_510' title='bbox 951 3580 1218 3660; x_wconf 86' lang='lat' dir='ltr'><strong>triginta,</strong></span> <span class='ocrx_word' id='word_1_511' title='bbox 1252 3578 1574 3640; x_wconf 89' lang='lat' dir='ltr'><strong>diaconum</strong></span> <span class='ocrx_word' id='word_1_512' title='bbox 1621 3574 1722 3649; x_wconf 74' lang='lat'><strong>25,</strong></span> <span class='ocrx_word' id='word_1_513' title='bbox 1759 3575 2041 3638; x_wconf 86' lang='lat' dir='ltr'><strong>lectorem</strong></span> 
     </span>
    </p>
   </div>
   <div class='ocr_carea' id='block_1_74' title="bbox 2142 3574 3780 3664">
    <p class='ocr_par' dir='ltr' id='par_1_74' title="bbox 2142 3574 3780 3664">
     <span class='ocr_line' id='line_1_74' title="bbox 2142 3574 3780 3664; baseline -0.002 -20"><span class='ocrx_word' id='word_1_514' title='bbox 2142 3587 2219 3644; x_wconf 79' lang='grc' dir='ltr'><strong>τὸν</strong></span> <span class='ocrx_word' id='word_1_515' title='bbox 2249 3574 2522 3664; x_wconf 77' lang='grc' dir='ltr'><strong>διάκονον,</strong></span> <span class='ocrx_word' id='word_1_516' title='bbox 2574 3585 2666 3640; x_wconf 84' lang='grc' dir='ltr'><strong>τὸν</strong></span> <span class='ocrx_word' id='word_1_517' title='bbox 2727 3581 2781 3639; x_wconf 76' lang='grc' dir='ltr'><strong>δὲ</strong></span> <span class='ocrx_word' id='word_1_518' title='bbox 2837 3583 3188 3662; x_wconf 80' lang='grc' dir='ltr'><strong>ἀναγνώστην</strong></span> <span class='ocrx_word' id='word_1_519' title='bbox 3249 3581 3350 3659; x_wconf 84' lang='grc' dir='ltr'><strong>ιη’,</strong></span> <span class='ocrx_word' id='word_1_520' title='bbox 3407 3583 3618 3639; x_wconf 75' lang='grc' dir='ltr'><strong>καὶτὸν</strong></span> <span class='ocrx_word' id='word_1_521' title='bbox 3661 3582 3780 3640; x_wconf 67' lang='grc' dir='ltr'><strong>ἔπιτ-</strong></span> 
     </span>
    </p>
   </div>
   <div class='ocr_carea' id='block_1_75' title="bbox 401 3665 2039 3754">
    <p class='ocr_par' dir='ltr' id='par_1_75' title="bbox 401 3665 2039 3754">
     <span class='ocr_line' id='line_1_75' title="bbox 401 3665 2039 3754; baseline -0.006 -18"><span class='ocrx_word' id='word_1_522' title='bbox 401 3671 1128 3754; x_wconf 87' lang='lat' dir='ltr'><strong>octodecim,episcopum</strong></span> <span class='ocrx_word' id='word_1_523' title='bbox 1156 3668 1465 3748; x_wconf 87' lang='lat' dir='ltr'><strong>[denique]</strong></span> <span class='ocrx_word' id='word_1_524' title='bbox 1489 3665 1732 3746; x_wconf 81' lang='lat' dir='ltr'><strong>triginta</strong></span> <span class='ocrx_word' id='word_1_525' title='bbox 1758 3666 2039 3748; x_wconf 84' lang='lat' dir='ltr'><strong>quinque.</strong></span> 
     </span>
    </p>
   </div>
   <div class='ocr_carea' id='block_1_76' title="bbox 2140 3665 3778 3754">
    <p class='ocr_par' dir='ltr' id='par_1_76' title="bbox 2140 3670 3778 3744">
     <span class='ocr_line' id='line_1_76' title="bbox 2140 3670 3778 3744; baseline -0.001 -12"><span class='ocrx_word' id='word_1_526' title='bbox 2140 3698 2330 3734; x_wconf 74' lang='grc' dir='ltr'><strong>ικοτιον</strong></span> <span class='ocrx_word' id='word_1_527' title='bbox 2359 3673 2463 3731; x_wconf 89' lang='grc' dir='ltr'><strong>λε’·</strong></span> <span class='ocrx_word' id='word_1_528' title='bbox 2495 3676 2529 3742; x_wconf 76' lang='grc' dir='ltr'>ἡ</span> <span class='ocrx_word' id='word_1_529' title='bbox 2577 3671 2633 3730; x_wconf 81' lang='grc' dir='ltr'><strong>δὲ</strong></span> <span class='ocrx_word' id='word_1_530' title='bbox 2688 3680 2736 3744; x_wconf 85' lang='grc' dir='ltr'><strong>ιζ</strong></span> <span class='ocrx_word' id='word_1_531' title='bbox 2767 3670 2905 3734; x_wconf 79' lang='grc' dir='ltr'><strong>διάτ.</strong></span> <span class='ocrx_word' id='word_1_532' title='bbox 2961 3680 3054 3730; x_wconf 85' lang='grc' dir='ltr'><strong>τοῦ</strong></span> <span class='ocrx_word' id='word_1_533' title='bbox 3084 3675 3245 3734; x_wconf 74' lang='grc' dir='ltr'><strong>αὐτοῦ</strong></span> <span class='ocrx_word' id='word_1_534' title='bbox 3293 3675 3396 3734; x_wconf 86' lang='grc' dir='ltr'><strong>τίτ.</strong></span> <span class='ocrx_word' id='word_1_535' title='bbox 3444 3671 3586 3730; x_wconf 78' lang='grc' dir='ltr'><strong>θέλει</strong></span> <span class='ocrx_word' id='word_1_536' title='bbox 3616 3673 3778 3733; x_wconf 72' lang='grc' dir='ltr'><strong>αὑτὸν</strong></span> 
     </span>
    </p>
   </div>
   <div class='ocr_carea' id='block_1_77' title="bbox 400 3754 2038 3844">
    <p class='ocr_par' dir='ltr' id='par_1_77' title="bbox 400 3754 2038 3841">
     <span class='ocr_line' id='line_1_77' title="bbox 400 3754 2038 3841; baseline -0.005 -15"><span class='ocrx_word' id='word_1_537' title='bbox 400 3761 521 3826; x_wconf 92' lang='lat' dir='ltr'><strong>Sed</strong></span> <span class='ocrx_word' id='word_1_538' title='bbox 552 3771 746 3826; x_wconf 85' lang='lat' dir='ltr'><strong>const.</strong></span> <span class='ocrx_word' id='word_1_539' title='bbox 779 3764 856 3824; x_wconf 84' lang='lat'><strong>17</strong></span> <span class='ocrx_word' id='word_1_540' title='bbox 887 3761 1162 3841; x_wconf 88' lang='lat' dir='ltr'><strong>ejusdem</strong></span> <span class='ocrx_word' id='word_1_541' title='bbox 1197 3759 1287 3820; x_wconf 90' lang='lat' dir='ltr'><strong>tit.</strong></span> <span class='ocrx_word' id='word_1_542' title='bbox 1320 3759 1444 3820; x_wconf 91' lang='lat' dir='ltr'><strong>vult</strong></span> <span class='ocrx_word' id='word_1_543' title='bbox 1471 3766 1539 3818; x_wconf 91' lang='lat' dir='ltr'><strong>ut</strong></span> <span class='ocrx_word' id='word_1_544' title='bbox 1568 3755 1888 3836; x_wconf 86' lang='lat' dir='ltr'><strong>episcopus</strong></span> <span class='ocrx_word' id='word_1_545' title='bbox 1933 3754 2038 3817; x_wconf 90' lang='lat' dir='ltr'><strong>tri-</strong></span> 
     </span>
    </p>
   </div>
   <div class='ocr_carea' id='block_1_78' title="bbox 1231 3754 2869 3844">
    <p class='ocr_par' dir='ltr' id='par_1_78' title="bbox 1231 3754 2869 3844">
     <span class='ocr_line' id='line_1_78' title="bbox 1231 3754 2869 3844; baseline 0 -24"><span class='ocrx_word' id='word_1_546' title='bbox 1231 3759 1287 3820; x_wconf 77' lang='lat' dir='ltr'><strong>it.</strong></span> <span class='ocrx_word' id='word_1_547' title='bbox 1320 3759 1444 3820; x_wconf 90' lang='lat' dir='ltr'><strong>vult</strong></span> <span class='ocrx_word' id='word_1_548' title='bbox 1471 3766 1539 3818; x_wconf 89' lang='lat' dir='ltr'><strong>ut</strong></span> <span class='ocrx_word' id='word_1_549' title='bbox 1568 3755 1888 3836; x_wconf 85' lang='lat' dir='ltr'><strong>episcopus</strong></span> <span class='ocrx_word' id='word_1_550' title='bbox 1933 3754 2043 3817; x_wconf 89' lang='lat' dir='ltr'><strong>tri-</strong></span> <span class='ocrx_word' id='word_1_551' title='bbox 2127 3761 2544 3844; x_wconf 68' lang='grc' dir='ltr'><strong>ὑπερϐεϐηκέναι</strong></span> <span class='ocrx_word' id='word_1_552' title='bbox 2573 3763 2639 3820; x_wconf 79' lang='grc' dir='ltr'><strong>τὰ</strong></span> <span class='ocrx_word' id='word_1_553' title='bbox 2668 3761 2718 3820; x_wconf 89' lang='grc' dir='ltr'><strong>λ’</strong></span> <span class='ocrx_word' id='word_1_554' title='bbox 2750 3763 2869 3831; x_wconf 73' lang='grc' dir='ltr'><strong>ἶτη.</strong></span> 
     </span>
    </p>
   </div>
   <div class='ocr_carea' id='block_1_79' title="bbox 397 3848 1330 3932">
    <p class='ocr_par' dir='ltr' id='par_1_79' title="bbox 397 3848 1330 3932">
     <span class='ocr_line' id='line_1_79' title="bbox 397 3848 1330 3932; baseline -0.01 -14"><span class='ocrx_word' id='word_1_555' title='bbox 397 3853 694 3932; x_wconf 78' lang='lat' dir='ltr'><strong>gesimum</strong></span> <span class='ocrx_word' id='word_1_556' title='bbox 726 3870 948 3914; x_wconf 85' lang='lat' dir='ltr'><strong>annum</strong></span> <span class='ocrx_word' id='word_1_557' title='bbox 979 3848 1330 3914; x_wconf 80' lang='lat' dir='ltr'><strong>excesserit.</strong></span> 
     </span>
    </p>
   </div>
   <div class='ocr_carea' id='block_1_80' title="bbox 449 3936 2087 4023">
    <p class='ocr_par' dir='ltr' id='par_1_80' title="bbox 449 3936 2039 4018">
     <span class='ocr_line' id='line_1_80' title="bbox 449 3936 2039 4018; baseline -0.006 -10"><span class='ocrx_word' id='word_1_558' title='bbox 449 3942 542 4008; x_wconf 78' lang='lat'><strong>07</strong></span> <span class='ocrx_word' id='word_1_559' title='bbox 564 3941 735 4008; x_wconf 83' lang='lat' dir='ltr'><strong>CAP.</strong></span> <span class='ocrx_word' id='word_1_560' title='bbox 751 3939 996 4004; x_wconf 82' lang='lat' dir='ltr'><strong>XXIX.-</strong></span> <span class='ocrx_word' id='word_1_561' title='bbox 1014 3940 1104 4003; x_wconf 84' lang='lat' dir='ltr'><strong>De</strong></span> <span class='ocrx_word' id='word_1_562' title='bbox 1125 3938 1694 4018; x_wconf 78' lang='lat' dir='ltr'><strong>chorepiscoporum</strong></span> <span class='ocrx_word' id='word_1_563' title='bbox 1714 3936 2039 4011; x_wconf 83' lang='lat' dir='ltr'><strong>creatione,</strong></span> 
     </span>
    </p>
   </div>
   <div class='ocr_carea' id='block_1_81' title="bbox 2136 3936 3774 4023">
    <p class='ocr_par' dir='ltr' id='par_1_81' title="bbox 2208 3939 3774 4023">
     <span class='ocr_line' id='line_1_81' title="bbox 2208 3939 3774 4023; baseline -0.003 -22"><span class='ocrx_word' id='word_1_564' title='bbox 2208 3946 2459 4004; x_wconf 77' lang='grc' dir='ltr'><strong>ΚΕΦΑΛ.</strong></span> <span class='ocrx_word' id='word_1_565' title='bbox 2524 3939 2653 4004; x_wconf 84' lang='grc' dir='ltr'><strong>ΚΘ’.</strong></span> <span class='ocrx_word' id='word_1_566' title='bbox 2715 3973 2793 3987; x_wconf 94' lang='lat'><strong>—</strong></span> <span class='ocrx_word' id='word_1_567' title='bbox 2823 3942 2947 4020; x_wconf 82' lang='grc' dir='ltr'><strong>Περὶ</strong></span> <span class='ocrx_word' id='word_1_568' title='bbox 2975 3943 3248 4014; x_wconf 77' lang='grc' dir='ltr'><strong>ποιήσεως</strong></span> <span class='ocrx_word' id='word_1_569' title='bbox 3303 3939 3774 4023; x_wconf 71' lang='grc' dir='ltr'><strong>χωρεπισοιόπων,</strong></span> 
     </span>
    </p>
   </div>
   <div class='ocr_carea' id='block_1_82' title="bbox 401 4024 2039 4118">
    <p class='ocr_par' dir='ltr' id='par_1_82' title="bbox 401 4024 2039 4118">
     <span class='ocr_line' id='line_1_82' title="bbox 401 4024 2039 4118; baseline -0.007 -20"><span class='ocrx_word' id='word_1_570' title='bbox 401 4041 459 4098; x_wconf 82' lang='lat' dir='ltr'><strong>ct</strong></span> <span class='ocrx_word' id='word_1_571' title='bbox 487 4033 738 4114; x_wconf 82' lang='lat' dir='ltr'><strong>quando</strong></span> <span class='ocrx_word' id='word_1_572' title='bbox 768 4049 840 4094; x_wconf 90' lang='lat' dir='ltr'><strong>ac</strong></span> <span class='ocrx_word' id='word_1_573' title='bbox 892 4030 1190 4111; x_wconf 81' lang='lat' dir='ltr'><strong>quomodo</strong></span> <span class='ocrx_word' id='word_1_574' title='bbox 1220 4029 1488 4118; x_wconf 75' lang='lat' dir='ltr'><strong>offerant</strong></span> <span class='ocrx_word' id='word_1_575' title='bbox 1515 4028 1630 4118; x_wconf 61' lang='lat' dir='ltr'><strong>vel</strong></span> <span class='ocrx_word' id='word_1_576' title='bbox 1646 4024 1918 4118; x_wconf 76' lang='lat' dir='ltr'><strong>tradant</strong></span> <span class='ocrx_word' id='word_1_577' title='bbox 1946 4041 2039 4087; x_wconf 84' lang='lat' dir='ltr'><strong>res</strong></span> 
     </span>
    </p>
   </div>
   <div class='ocr_carea' id='block_1_83' title="bbox 2133 4024 3771 4118">
    <p class='ocr_par' dir='ltr' id='par_1_83' title="bbox 2133 4029 3771 4118">
     <span class='ocr_line' id='line_1_83' title="bbox 2133 4029 3771 4118; baseline -0.002 -28"><span class='ocrx_word' id='word_1_578' title='bbox 2133 4033 2212 4090; x_wconf 76' lang='grc' dir='ltr'><strong>καὶ</strong></span> <span class='ocrx_word' id='word_1_579' title='bbox 2273 4031 2424 4111; x_wconf 83' lang='grc' dir='ltr'><strong>πότε,</strong></span> <span class='ocrx_word' id='word_1_580' title='bbox 2491 4032 2578 4088; x_wconf 85' lang='grc' dir='ltr'><strong>καὶ</strong></span> <span class='ocrx_word' id='word_1_581' title='bbox 2649 4031 2765 4096; x_wconf 82' lang='grc' dir='ltr'><strong>πῶς</strong></span> <span class='ocrx_word' id='word_1_582' title='bbox 2831 4031 3217 4112; x_wconf 74' lang='grc' dir='ltr'><strong>προσφέρουσιν</strong></span> <span class='ocrx_word' id='word_1_583' title='bbox 3287 4032 3324 4101; x_wconf 71' lang='grc' dir='ltr'><strong>ἢ</strong></span> <span class='ocrx_word' id='word_1_584' title='bbox 3399 4029 3771 4118; x_wconf 73' lang='grc' dir='ltr'><strong>μεταδιδόασι³</strong></span> 
     </span>
    </p>
   </div>
   <div class='ocr_carea' id='block_1_84' title="bbox 399 4114 2037 4202">
    <p class='ocr_par' dir='ltr' id='par_1_84' title="bbox 399 4114 2037 4202">
     <span class='ocr_line' id='line_1_84' title="bbox 399 4114 2037 4202; baseline -0.009 -14"><span class='ocrx_word' id='word_1_585' title='bbox 399 4140 634 4202; x_wconf 75' lang='lat' dir='ltr'><strong>sacras,</strong></span> <span class='ocrx_word' id='word_1_586' title='bbox 657 4130 716 4187; x_wconf 82' lang='lat' dir='ltr'><strong>et</strong></span> <span class='ocrx_word' id='word_1_587' title='bbox 743 4136 1045 4202; x_wconf 83' lang='lat' dir='ltr'><strong>quosnam</strong></span> <span class='ocrx_word' id='word_1_588' title='bbox 1073 4135 1154 4181; x_wconf 81' lang='lat' dir='ltr'><strong>ea:</strong></span> <span class='ocrx_word' id='word_1_589' title='bbox 1178 4120 1265 4181; x_wconf 77' lang='lat' dir='ltr'><strong>eis</strong></span> <span class='ocrx_word' id='word_1_590' title='bbox 1285 4117 1582 4180; x_wconf 80' lang='lat' dir='ltr'><strong>ordinare</strong></span> <span class='ocrx_word' id='word_1_591' title='bbox 1609 4114 1788 4178; x_wconf 76' lang='lat' dir='ltr'><strong>liceat</strong></span> <span class='ocrx_word' id='word_1_592' title='bbox 1813 4131 1924 4176; x_wconf 82' lang='lat' dir='ltr'><strong>nec</strong></span> <span class='ocrx_word' id='word_1_593' title='bbox 1941 4131 2037 4178; x_wconf 77' lang='lat' dir='ltr'><strong>ne.</strong></span> 
     </span>
    </p>
   </div>
   <div class='ocr_carea' id='block_1_85' title="bbox 1397 4114 3035 4202">
    <p class='ocr_par' dir='ltr' id='par_1_85' title="bbox 1402 4114 3035 4201">
     <span class='ocr_line' id='line_1_85' title="bbox 1402 4114 3035 4201; baseline 0 -23"><span class='ocrx_word' id='word_1_594' title='bbox 1402 4118 1582 4178; x_wconf 81' lang='lat' dir='ltr'><strong>inure</strong></span> <span class='ocrx_word' id='word_1_595' title='bbox 1609 4114 1788 4178; x_wconf 77' lang='lat' dir='ltr'><strong>liceat</strong></span> <span class='ocrx_word' id='word_1_596' title='bbox 1813 4131 2037 4178; x_wconf 77' lang='lat' dir='ltr'><strong>necne.</strong></span> <span class='ocrx_word' id='word_1_597' title='bbox 2122 4123 2211 4180; x_wconf 77' lang='grc' dir='ltr'><strong>καὶ</strong></span> <span class='ocrx_word' id='word_1_598' title='bbox 2251 4121 2396 4185; x_wconf 81' lang='grc' dir='ltr'><strong>τίνας</strong></span> <span class='ocrx_word' id='word_1_599' title='bbox 2439 4127 2834 4201; x_wconf 78' lang='grc' dir='ltr'><strong>χειροτονοῦσιν</strong></span> <span class='ocrx_word' id='word_1_600' title='bbox 2878 4121 2913 4190; x_wconf 73' lang='grc' dir='ltr'>ἣ</span> <span class='ocrx_word' id='word_1_601' title='bbox 2956 4121 3035 4186; x_wconf 74' lang='grc' dir='ltr'><strong>οὔ,</strong></span> 
     </span>
    </p>
   </div>
   <div class='ocr_carea' id='block_1_86' title="bbox 729 4217 2367 4302">
    <p class='ocr_par' dir='ltr' id='par_1_86' title="bbox 729 4219 1708 4302">
     <span class='ocr_line' id='line_1_86' title="bbox 729 4219 1708 4302; baseline -0.009 -13"><span class='ocrx_word' id='word_1_602' title='bbox 729 4225 995 4289; x_wconf 70' lang='lat' dir='ltr'><strong>aoncilii</strong></span> <span class='ocrx_word' id='word_1_603' title='bbox 1032 4223 1348 4302; x_wconf 81' lang='lat' dir='ltr'><strong>Ancyram&#39;</strong></span> <span class='ocrx_word' id='word_1_604' title='bbox 1383 4239 1580 4285; x_wconf 81' lang='lat' dir='ltr'><strong>canon</strong></span> <span class='ocrx_word' id='word_1_605' title='bbox 1610 4219 1708 4283; x_wconf 84' lang='lat'><strong>13.</strong></span> 
     </span>
    </p>
   </div>
   <div class='ocr_carea' id='block_1_87' title="bbox 1734 4217 3372 4302">
    <p class='ocr_par' dir='ltr' id='par_1_87' title="bbox 2513 4217 3372 4299">
     <span class='ocr_line' id='line_1_87' title="bbox 2513 4217 3372 4299; baseline 0.009 -24"><span class='ocrx_word' id='word_1_606' title='bbox 2513 4218 2740 4277; x_wconf 86' lang='grc' dir='ltr'><strong>Συνόδου</strong></span> <span class='ocrx_word' id='word_1_607' title='bbox 2779 4217 3041 4298; x_wconf 80' lang='grc' dir='ltr'><strong>Ἀγκύρας</strong></span> <span class='ocrx_word' id='word_1_608' title='bbox 3070 4222 3246 4279; x_wconf 87' lang='grc' dir='ltr'><strong>κανὼν</strong></span> <span class='ocrx_word' id='word_1_609' title='bbox 3277 4222 3372 4299; x_wconf 85' lang='grc' dir='ltr'><strong>ιγ’.</strong></span> 
     </span>
    </p>
   </div>
   <div class='ocr_carea' id='block_1_88' title="bbox 483 4313 2121 4400">
    <p class='ocr_par' dir='ltr' id='par_1_88' title="bbox 483 4313 2041 4400">
     <span class='ocr_line' id='line_1_88' title="bbox 483 4313 2041 4400; baseline -0.006 -14"><span class='ocrx_word' id='word_1_610' title='bbox 483 4323 582 4386; x_wconf 86' lang='lat'><strong>13.</strong></span> <span class='ocrx_word' id='word_1_611' title='bbox 635 4319 1112 4400; x_wconf 86' lang='lat' dir='ltr'><strong>Chorepiscopos</strong></span> <span class='ocrx_word' id='word_1_612' title='bbox 1141 4335 1260 4378; x_wconf 91' lang='lat' dir='ltr'><strong>non</strong></span> <span class='ocrx_word' id='word_1_613' title='bbox 1312 4316 1496 4379; x_wconf 91' lang='lat' dir='ltr'><strong>licere</strong></span> <span class='ocrx_word' id='word_1_614' title='bbox 1527 4313 1906 4396; x_wconf 84' lang='lat' dir='ltr'><strong>presbyteros</strong></span> <span class='ocrx_word' id='word_1_615' title='bbox 1948 4315 2041 4379; x_wconf 89' lang='lat' dir='ltr'><strong>vel</strong></span> 
     </span>
    </p>
   </div>
   <div class='ocr_carea' id='block_1_89' title="bbox 2133 4313 3771 4400">
    <p class='ocr_par' dir='ltr' id='par_1_89' title="bbox 2205 4316 3771 4400">
     <span class='ocr_line' id='line_1_89' title="bbox 2205 4316 3771 4400; baseline 0.001 -24"><span class='ocrx_word' id='word_1_616' title='bbox 2205 4317 2300 4399; x_wconf 88' lang='grc' dir='ltr'><strong>ιγ’.</strong></span> <span class='ocrx_word' id='word_1_617' title='bbox 2336 4319 2774 4398; x_wconf 81' lang='grc' dir='ltr'><strong>Χωρεπισκόποις</strong></span> <span class='ocrx_word' id='word_1_618' title='bbox 2805 4323 2884 4396; x_wconf 83' lang='grc' dir='ltr'><strong>μὴ</strong></span> <span class='ocrx_word' id='word_1_619' title='bbox 2927 4318 3123 4385; x_wconf 68' lang='grc' dir='ltr'><strong>ἕξεῖναι</strong></span> <span class='ocrx_word' id='word_1_620' title='bbox 3166 4317 3548 4400; x_wconf 77' lang='grc' dir='ltr'><strong>πρεσϐυτέρως</strong></span> <span class='ocrx_word' id='word_1_621' title='bbox 3580 4318 3614 4388; x_wconf 69' lang='grc' dir='ltr'>ἢ</span> <span class='ocrx_word' id='word_1_622' title='bbox 3645 4316 3771 4377; x_wconf 81' lang='grc' dir='ltr'><strong>δια-</strong></span> 
     </span>
    </p>
   </div>
   <div class='ocr_carea' id='block_1_90' title="bbox 401 4404 2039 4489">
    <p class='ocr_par' dir='ltr' id='par_1_90' title="bbox 401 4404 2037 4488">
     <span class='ocr_line' id='line_1_90' title="bbox 401 4404 2037 4488; baseline -0.004 -13"><span class='ocrx_word' id='word_1_623' title='bbox 401 4410 687 4476; x_wconf 87' lang='lat' dir='ltr'><strong>diaconos</strong></span> <span class='ocrx_word' id='word_1_624' title='bbox 719 4409 1022 4482; x_wconf 86' lang='lat' dir='ltr'><strong>ordinare,</strong></span> <span class='ocrx_word' id='word_1_625' title='bbox 1057 4405 1160 4469; x_wconf 91' lang='lat' dir='ltr'><strong>sed</strong></span> <span class='ocrx_word' id='word_1_626' title='bbox 1193 4425 1389 4488; x_wconf 92' lang='lat' dir='ltr'><strong>neque</strong></span> <span class='ocrx_word' id='word_1_627' title='bbox 1418 4404 1586 4468; x_wconf 86' lang='lat' dir='ltr'><strong>urbis</strong></span> <span class='ocrx_word' id='word_1_628' title='bbox 1635 4405 2037 4486; x_wconf 78' lang='lat' dir='ltr'><strong>presbyteros,</strong></span> 
     </span>
    </p>
   </div>
   <div class='ocr_carea' id='block_1_91' title="bbox 2133 4404 3771 4489">
    <p class='ocr_par' dir='ltr' id='par_1_91' title="bbox 2133 4407 3771 4489">
     <span class='ocr_line' id='line_1_91' title="bbox 2133 4407 3771 4489; baseline -0.001 -22"><span class='ocrx_word' id='word_1_629' title='bbox 2133 4410 2310 4472; x_wconf 73' lang='grc' dir='ltr'><strong>κόνους</strong></span> <span class='ocrx_word' id='word_1_630' title='bbox 2381 4421 2719 4489; x_wconf 72' lang='grc' dir='ltr'><strong>χειροτονεῖν</strong></span> <span class='ocrx_word' id='word_1_631' title='bbox 2755 4427 2772 4443; x_wconf 89' lang='grc'><strong>·</strong></span> <span class='ocrx_word' id='word_1_632' title='bbox 2854 4407 2993 4466; x_wconf 77' lang='grc' dir='ltr'><strong>ἀλλά</strong></span> <span class='ocrx_word' id='word_1_633' title='bbox 3062 4411 3172 4485; x_wconf 78' lang='grc' dir='ltr'><strong>μὴν</strong></span> <span class='ocrx_word' id='word_1_634' title='bbox 3245 4407 3381 4487; x_wconf 84' lang='grc' dir='ltr'><strong>μηδὲ</strong></span> <span class='ocrx_word' id='word_1_635' title='bbox 3451 4409 3771 4474; x_wconf 75' lang='grc' dir='ltr'><strong>ἐπισκόποις</strong></span> 
     </span>
    </p>
   </div>
   <div class='ocr_carea' id='block_1_92' title="bbox 398 4494 2036 4590">
    <p class='ocr_par' dir='ltr' id='par_1_92' title="bbox 398 4494 2036 4590">
     <span class='ocr_line' id='line_1_92' title="bbox 398 4494 2036 4590; baseline -0.004 -25"><span class='ocrx_word' id='word_1_636' title='bbox 398 4502 515 4565; x_wconf 84' lang='lat' dir='ltr'><strong>nisi</strong></span> <span class='ocrx_word' id='word_1_637' title='bbox 545 4519 680 4565; x_wconf 89' lang='lat' dir='ltr'><strong>cum</strong></span> <span class='ocrx_word' id='word_1_638' title='bbox 729 4497 955 4590; x_wconf 82' lang='lat' dir='ltr'><strong>litteris</strong></span> <span class='ocrx_word' id='word_1_639' title='bbox 985 4495 1059 4559; x_wconf 84' lang='lat' dir='ltr'><strong>ab</strong></span> <span class='ocrx_word' id='word_1_640' title='bbox 1102 4496 1382 4578; x_wconf 88' lang='lat' dir='ltr'><strong>episcopo</strong></span> <span class='ocrx_word' id='word_1_641' title='bbox 1430 4494 1795 4578; x_wconf 88' lang='lat' dir='ltr'><strong>permissum</strong></span> <span class='ocrx_word' id='word_1_642' title='bbox 1841 4495 2036 4573; x_wconf 81' lang='lat' dir='ltr'><strong>fuerit,</strong></span> 
     </span>
    </p>
   </div>
   <div class='ocr_carea' id='block_1_93' title="bbox 2131 4494 3769 4590">
    <p class='ocr_par' dir='ltr' id='par_1_93' title="bbox 2131 4498 3769 4580">
     <span class='ocr_line' id='line_1_93' title="bbox 2131 4498 3769 4580; baseline 0 -23"><span class='ocrx_word' id='word_1_643' title='bbox 2131 4499 2356 4580; x_wconf 77' lang='grc' dir='ltr'><strong>πόλεως,</strong></span> <span class='ocrx_word' id='word_1_644' title='bbox 2403 4499 2572 4579; x_wconf 80' lang='grc' dir='ltr'><strong>χωρὶς</strong></span> <span class='ocrx_word' id='word_1_645' title='bbox 2625 4508 2718 4558; x_wconf 82' lang='grc' dir='ltr'><strong>τοῦ</strong></span> <span class='ocrx_word' id='word_1_646' title='bbox 2769 4498 3123 4579; x_wconf 75' lang='grc' dir='ltr'><strong>ἐπιτραπῆναι</strong></span> <span class='ocrx_word' id='word_1_647' title='bbox 3184 4502 3286 4558; x_wconf 75' lang='grc' dir='ltr'><strong>ὑπὸ</strong></span> <span class='ocrx_word' id='word_1_648' title='bbox 3330 4507 3423 4559; x_wconf 84' lang='grc' dir='ltr'><strong>τοῦ</strong></span> <span class='ocrx_word' id='word_1_649' title='bbox 3473 4499 3769 4558; x_wconf 69' lang='grc' dir='ltr'><strong>ἐπισκόπου</strong></span> 
     </span>
    </p>
   </div>
   <div class='ocr_carea' id='block_1_94' title="bbox 397 4586 2035 4673">
    <p class='ocr_par' dir='ltr' id='par_1_94' title="bbox 397 4588 1022 4673">
     <span class='ocr_line' id='line_1_94' title="bbox 397 4588 1022 4673; baseline -0.006 -17"><span class='ocrx_word' id='word_1_650' title='bbox 397 4592 462 4656; x_wconf 91' lang='lat' dir='ltr'><strong>in</strong></span> <span class='ocrx_word' id='word_1_651' title='bbox 491 4592 686 4656; x_wconf 86' lang='lat' dir='ltr'><strong>aliena</strong></span> <span class='ocrx_word' id='word_1_652' title='bbox 715 4588 1022 4673; x_wconf 87' lang='lat' dir='ltr'><strong>parochia.</strong></span> 
     </span>
    </p>
   </div>
   <div class='ocr_carea' id='block_1_95' title="bbox 1594 4586 3232 4673">
    <p class='ocr_par' dir='ltr' id='par_1_95' title="bbox 2062 4586 3232 4669">
     <span class='ocr_line' id='line_1_95' title="bbox 2062 4586 3232 4669; baseline 0 -23"><span class='ocrx_word' id='word_1_653' title='bbox 2062 4586 2092 4590; x_wconf 55' lang='grc'>⁷</span> <span class='ocrx_word' id='word_1_654' title='bbox 2123 4587 2260 4667; x_wconf 83' lang='grc' dir='ltr'><strong>μετά</strong></span> <span class='ocrx_word' id='word_1_655' title='bbox 2287 4588 2643 4668; x_wconf 77' lang='grc' dir='ltr'><strong>γραμμάτων,</strong></span> <span class='ocrx_word' id='word_1_656' title='bbox 2675 4586 2731 4646; x_wconf 75' lang='grc' dir='ltr'><strong>ἐν</strong></span> <span class='ocrx_word' id='word_1_657' title='bbox 2764 4587 2917 4668; x_wconf 77' lang='grc' dir='ltr'><strong>ἑτέρᾳ</strong></span> <span class='ocrx_word' id='word_1_658' title='bbox 2959 4591 3232 4669; x_wconf 78' lang='grc' dir='ltr'><strong>παροικίᾳ.</strong></span> 
     </span>
    </p>
   </div>
   <div class='ocr_carea' id='block_1_96' title="bbox 631 4681 2269 4774">
    <p class='ocr_par' dir='ltr' id='par_1_96' title="bbox 631 4681 1809 4752">
     <span class='ocr_line' id='line_1_96' title="bbox 631 4681 1809 4752; baseline -0.008 0"><span class='ocrx_word' id='word_1_659' title='bbox 631 4683 890 4752; x_wconf 71' lang='lat' dir='ltr'><strong>aoncilii</strong></span> <span class='ocrx_word' id='word_1_660' title='bbox 921 4682 1433 4746; x_wconf 61' lang='lat' dir='ltr'><strong>Ncoczsariensis</strong></span> <span class='ocrx_word' id='word_1_661' title='bbox 1482 4699 1680 4746; x_wconf 72' lang='lat' dir='ltr'><strong>canon</strong></span> <span class='ocrx_word' id='word_1_662' title='bbox 1709 4681 1809 4746; x_wconf 77' lang='lat' dir='ltr'><strong>t3.</strong></span> 
     </span>
    </p>
   </div>
   <div class='ocr_carea' id='block_1_97' title="bbox 1813 4681 3451 4774">
    <p class='ocr_par' dir='ltr' id='par_1_97' title="bbox 2445 4689 3451 4774">
     <span class='ocr_line' id='line_1_97' title="bbox 2445 4689 3451 4774; baseline 0.01 -28"><span class='ocrx_word' id='word_1_663' title='bbox 2445 4689 2673 4749; x_wconf 82' lang='grc' dir='ltr'><strong>Συνόδου</strong></span> <span class='ocrx_word' id='word_1_664' title='bbox 2703 4694 3114 4770; x_wconf 83' lang='grc' dir='ltr'><strong>Νεοκαισαρείας</strong></span> <span class='ocrx_word' id='word_1_665' title='bbox 3144 4695 3320 4754; x_wconf 86' lang='grc' dir='ltr'><strong>κανὼν</strong></span> <span class='ocrx_word' id='word_1_666' title='bbox 3355 4695 3451 4774; x_wconf 87' lang='grc' dir='ltr'><strong>ιγ’.</strong></span> 
     </span>
    </p>
   </div>
   <div class='ocr_carea' id='block_1_98' title="bbox 481 4775 2119 4869">
    <p class='ocr_par' dir='ltr' id='par_1_98' title="bbox 481 4775 2044 4859">
     <span class='ocr_line' id='line_1_98' title="bbox 481 4775 2044 4859; baseline -0.005 -13"><span class='ocrx_word' id='word_1_667' title='bbox 481 4780 581 4847; x_wconf 87' lang='grc'><strong>13.</strong></span> <span class='ocrx_word' id='word_1_668' title='bbox 604 4778 831 4846; x_wconf 82' lang='lat' dir='ltr'><strong>Vicarii</strong></span> <span class='ocrx_word' id='word_1_669' title='bbox 853 4784 1052 4842; x_wconf 89' lang='lat' dir='ltr'><strong>autem</strong></span> <span class='ocrx_word' id='word_1_670' title='bbox 1079 4775 1412 4859; x_wconf 89' lang='lat' dir='ltr'><strong>presbyteri</strong></span> <span class='ocrx_word' id='word_1_671' title='bbox 1439 4794 1558 4838; x_wconf 91' lang='lat' dir='ltr'><strong>non</strong></span> <span class='ocrx_word' id='word_1_672' title='bbox 1579 4788 1827 4858; x_wconf 91' lang='lat' dir='ltr'><strong>possunt</strong></span> <span class='ocrx_word' id='word_1_673' title='bbox 1853 4775 1916 4838; x_wconf 93' lang='lat' dir='ltr'><strong>in</strong></span> <span class='ocrx_word' id='word_1_674' title='bbox 1941 4775 2044 4839; x_wconf 86' lang='lat' dir='ltr'><strong>do-</strong></span> 
     </span>
    </p>
   </div>
   <div class='ocr_carea' id='block_1_99' title="bbox 2134 4775 3772 4869">
    <p class='ocr_par' dir='ltr' id='par_1_99' title="bbox 2209 4782 3772 4869">
     <span class='ocr_line' id='line_1_99' title="bbox 2209 4782 3772 4869; baseline -0.001 -25"><span class='ocrx_word' id='word_1_675' title='bbox 2209 4786 2301 4868; x_wconf 85' lang='grc' dir='ltr'><strong>ιγ’.</strong></span> <span class='ocrx_word' id='word_1_676' title='bbox 2337 4782 2660 4865; x_wconf 85' lang='grc' dir='ltr'><strong>Ἐπιχώριοι</strong></span> <span class='ocrx_word' id='word_1_677' title='bbox 2689 4783 3032 4867; x_wconf 79' lang='grc' dir='ltr'><strong>πρεσϐύτεροι</strong></span> <span class='ocrx_word' id='word_1_678' title='bbox 3057 4790 3114 4846; x_wconf 75' lang='grc' dir='ltr'><strong>ὶν</strong></span> <span class='ocrx_word' id='word_1_679' title='bbox 3145 4796 3220 4865; x_wconf 83' lang='grc' dir='ltr'><strong>τῷ</strong></span> <span class='ocrx_word' id='word_1_680' title='bbox 3252 4811 3487 4869; x_wconf 67' lang='grc' dir='ltr'><strong>κυριακῳ</strong></span> <span class='ocrx_word' id='word_1_681' title='bbox 3521 4787 3619 4858; x_wconf 73' lang='grc' dir='ltr'><strong>τῆς</strong></span> <span class='ocrx_word' id='word_1_682' title='bbox 3662 4786 3772 4844; x_wconf 84' lang='grc' dir='ltr'><strong>πό-</strong></span> 
     </span>
    </p>
   </div>
   <div class='ocr_carea' id='block_1_100' title="bbox 399 4869 2037 4961">
    <p class='ocr_par' dir='ltr' id='par_1_100' title="bbox 399 4869 2037 4961">
     <span class='ocr_line' id='line_1_100' title="bbox 399 4869 2037 4961; baseline -0.004 -22"><span class='ocrx_word' id='word_1_683' title='bbox 399 4876 622 4939; x_wconf 90' lang='lat' dir='ltr'><strong>minico</strong></span> <span class='ocrx_word' id='word_1_684' title='bbox 654 4874 871 4937; x_wconf 78' lang='lat' dir='ltr'><strong>offerre</strong></span> <span class='ocrx_word' id='word_1_685' title='bbox 906 4880 1201 4954; x_wconf 78' lang='lat' dir='ltr'><strong>praesente</strong></span> <span class='ocrx_word' id='word_1_686' title='bbox 1231 4869 1650 4961; x_wconf 86' lang='lat' dir='ltr'><strong>episcopo,vel</strong></span> <span class='ocrx_word' id='word_1_687' title='bbox 1681 4869 1848 4931; x_wconf 87' lang='lat' dir='ltr'><strong>urbis</strong></span> <span class='ocrx_word' id='word_1_688' title='bbox 1873 4888 2037 4951; x_wconf 86' lang='lat' dir='ltr'><strong>pres-</strong></span> 
     </span>
    </p>
   </div>
   <div class='ocr_carea' id='block_1_101' title="bbox 2136 4869 3774 4961">
    <p class='ocr_par' dir='ltr' id='par_1_101' title="bbox 2136 4873 3774 4961">
     <span class='ocr_line' id='line_1_101' title="bbox 2136 4873 3774 4961; baseline -0.001 -26"><span class='ocrx_word' id='word_1_689' title='bbox 2136 4880 2261 4942; x_wconf 64' lang='lat' dir='ltr'><strong>szc</strong></span> <span class='ocrx_word' id='word_1_690' title='bbox 2292 4874 2608 4956; x_wconf 66' lang='grc' dir='ltr'><strong>προσφέρειν</strong></span> <span class='ocrx_word' id='word_1_691' title='bbox 2657 4877 2718 4933; x_wconf 77' lang='grc' dir='ltr'><strong>οὒ</strong></span> <span class='ocrx_word' id='word_1_692' title='bbox 2771 4873 3041 4961; x_wconf 66' lang='grc' dir='ltr'><strong>δύνανται,</strong></span> <span class='ocrx_word' id='word_1_693' title='bbox 3075 4880 3333 4952; x_wconf 82' lang='grc' dir='ltr'><strong>παρόντος</strong></span> <span class='ocrx_word' id='word_1_694' title='bbox 3384 4879 3674 4938; x_wconf 81' lang='grc' dir='ltr'><strong>ἐπισκόπου</strong></span> <span class='ocrx_word' id='word_1_695' title='bbox 3733 4877 3774 4946; x_wconf 76' lang='grc' dir='ltr'>ἢ</span> 
     </span>
    </p>
   </div>
   <div class='ocr_carea' id='block_1_102' title="bbox 399 4958 2037 5047">
    <p class='ocr_par' dir='ltr' id='par_1_102' title="bbox 399 4958 2037 5047">
     <span class='ocr_line' id='line_1_102' title="bbox 399 4958 2037 5047; baseline -0.002 -19"><span class='ocrx_word' id='word_1_696' title='bbox 399 4966 669 5047; x_wconf 89' lang='lat' dir='ltr'><strong>byteris:</strong></span> <span class='ocrx_word' id='word_1_697' title='bbox 722 4981 922 5046; x_wconf 89' lang='lat' dir='ltr'><strong>neque</strong></span> <span class='ocrx_word' id='word_1_698' title='bbox 971 4979 1184 5045; x_wconf 88' lang='lat' dir='ltr'><strong>panem</strong></span> <span class='ocrx_word' id='word_1_699' title='bbox 1239 4959 1385 5022; x_wconf 87' lang='lat' dir='ltr'><strong>dare</strong></span> <span class='ocrx_word' id='word_1_700' title='bbox 1433 4958 1815 5041; x_wconf 87' lang='lat' dir='ltr'><strong>precationis,</strong></span> <span class='ocrx_word' id='word_1_701' title='bbox 1849 4977 2037 5042; x_wconf 85' lang='lat' dir='ltr'><strong>neque</strong></span> 
     </span>
    </p>
   </div>
   <div class='ocr_carea' id='block_1_103' title="bbox 2136 4958 3774 5047">
    <p class='ocr_par' dir='ltr' id='par_1_103' title="bbox 2136 4958 3774 5047">
     <span class='ocr_line' id='line_1_103' title="bbox 2136 4958 3774 5047; baseline -0.001 -25"><span class='ocrx_word' id='word_1_702' title='bbox 2136 4963 2491 5046; x_wconf 79' lang='grc' dir='ltr'><strong>πρεσϐυτέρων</strong></span> <span class='ocrx_word' id='word_1_703' title='bbox 2567 4961 2802 5042; x_wconf 86' lang='grc' dir='ltr'><strong>πόλεως,</strong></span> <span class='ocrx_word' id='word_1_704' title='bbox 2865 4965 2981 5024; x_wconf 75' lang='grc' dir='ltr'><strong>οὔτε</strong></span> <span class='ocrx_word' id='word_1_705' title='bbox 3025 4958 3164 5044; x_wconf 49' lang='grc' dir='ltr'><strong>’μὴν</strong></span> <span class='ocrx_word' id='word_1_706' title='bbox 3235 4967 3392 5047; x_wconf 77' lang='grc' dir='ltr'><strong>ἄρτον</strong></span> <span class='ocrx_word' id='word_1_707' title='bbox 3462 4965 3656 5024; x_wconf 80' lang='grc' dir='ltr'><strong>διδόναι</strong></span> <span class='ocrx_word' id='word_1_708' title='bbox 3711 4967 3774 5021; x_wconf 69' lang='grc' dir='ltr'><strong>ιν</strong></span> 
     </span>
    </p>
   </div>
   <div class='ocr_carea' id='block_1_104' title="bbox 398 5050 2036 5137">
    <p class='ocr_par' dir='ltr' id='par_1_104' title="bbox 398 5050 2036 5133">
     <span class='ocr_line' id='line_1_104' title="bbox 398 5050 2036 5133; baseline -0.002 -16"><span class='ocrx_word' id='word_1_709' title='bbox 398 5055 673 5118; x_wconf 83' lang='lat' dir='ltr'><strong>calicem.</strong></span> <span class='ocrx_word' id='word_1_710' title='bbox 711 5055 816 5116; x_wconf 90' lang='lat' dir='ltr'><strong>Sin</strong></span> <span class='ocrx_word' id='word_1_711' title='bbox 847 5060 1044 5115; x_wconf 89' lang='lat' dir='ltr'><strong>autem</strong></span> <span class='ocrx_word' id='word_1_712' title='bbox 1078 5053 1302 5128; x_wconf 87' lang='lat' dir='ltr'><strong>absint,</strong></span> <span class='ocrx_word' id='word_1_713' title='bbox 1337 5060 1400 5113; x_wconf 85' lang='lat' dir='ltr'><strong>et</strong></span> <span class='ocrx_word' id='word_1_714' title='bbox 1449 5051 1612 5113; x_wconf 89' lang='lat' dir='ltr'><strong>solus</strong></span> <span class='ocrx_word' id='word_1_715' title='bbox 1638 5050 1712 5113; x_wconf 89' lang='lat' dir='ltr'><strong>ad</strong></span> <span class='ocrx_word' id='word_1_716' title='bbox 1757 5051 2036 5133; x_wconf 89' lang='lat' dir='ltr'><strong>precatio-</strong></span> 
     </span>
    </p>
   </div>
   <div class='ocr_carea' id='block_1_105' title="bbox 2137 5050 3775 5137">
    <p class='ocr_par' dir='ltr' id='par_1_105' title="bbox 2137 5052 3775 5137">
     <span class='ocr_line' id='line_1_105' title="bbox 2137 5052 3775 5137; baseline -0.002 -23"><span class='ocrx_word' id='word_1_717' title='bbox 2137 5059 2266 5137; x_wconf 74' lang='grc' dir='ltr'><strong>ιῦχῇ</strong></span> <span class='ocrx_word' id='word_1_718' title='bbox 2313 5052 2432 5114; x_wconf 73' lang='grc' dir='ltr'><strong>οὐδὲ</strong></span> <span class='ocrx_word' id='word_1_719' title='bbox 2486 5053 2765 5132; x_wconf 78' lang='grc' dir='ltr'><strong>ποτήριον·</strong></span> <span class='ocrx_word' id='word_1_720' title='bbox 2821 5055 2912 5114; x_wconf 69' lang='grc' dir='ltr'><strong>ἰὰν</strong></span> <span class='ocrx_word' id='word_1_721' title='bbox 2971 5053 3028 5113; x_wconf 76' lang='grc' dir='ltr'><strong>δὲ</strong></span> <span class='ocrx_word' id='word_1_722' title='bbox 3082 5056 3285 5137; x_wconf 83' lang='grc' dir='ltr'><strong>ἇπῶσι,</strong></span> <span class='ocrx_word' id='word_1_723' title='bbox 3325 5058 3410 5116; x_wconf 79' lang='grc' dir='ltr'><strong>καὶ</strong></span> <span class='ocrx_word' id='word_1_724' title='bbox 3464 5058 3538 5122; x_wconf 74' lang='grc' dir='ltr'><strong>εἷς</strong></span> <span class='ocrx_word' id='word_1_725' title='bbox 3599 5054 3775 5136; x_wconf 72' lang='grc' dir='ltr'><strong>εὒχὴν</strong></span> 
     </span>
    </p>
   </div>
   <div class='ocr_carea' id='block_1_106' title="bbox 399 5141 2037 5223">
    <p class='ocr_par' dir='ltr' id='par_1_106' title="bbox 399 5142 1200 5216">
     <span class='ocr_line' id='line_1_106' title="bbox 399 5142 1200 5216; baseline -0.001 -9"><span class='ocrx_word' id='word_1_726' title='bbox 399 5163 539 5208; x_wconf 91' lang='lat' dir='ltr'><strong>nem</strong></span> <span class='ocrx_word' id='word_1_727' title='bbox 570 5149 810 5206; x_wconf 88' lang='lat' dir='ltr'><strong>vocatus</strong></span> <span class='ocrx_word' id='word_1_728' title='bbox 838 5142 1039 5216; x_wconf 82' lang='lat' dir='ltr'><strong>fuerit,</strong></span> <span class='ocrx_word' id='word_1_729' title='bbox 1078 5142 1200 5206; x_wconf 90' lang='lat' dir='ltr'><strong>dat.</strong></span> 
     </span>
    </p>
   </div>
   <div class='ocr_carea' id='block_1_107' title="bbox 1145 5141 2783 5223">
    <p class='ocr_par' dir='ltr' id='par_1_107' title="bbox 1145 5141 2783 5223">
     <span class='ocr_line' id='line_1_107' title="bbox 1145 5141 2783 5223; baseline -0.001 -20"><span class='ocrx_word' id='word_1_730' title='bbox 1145 5150 1200 5206; x_wconf 75' lang='lat' dir='ltr'><strong>tl.</strong></span> <span class='ocrx_word' id='word_1_731' title='bbox 2125 5151 2324 5223; x_wconf 76' lang='grc' dir='ltr'><strong>κληθῇ,</strong></span> <span class='ocrx_word' id='word_1_732' title='bbox 2357 5145 2518 5222; x_wconf 85' lang='grc' dir='ltr'><strong>μόνος</strong></span> <span class='ocrx_word' id='word_1_733' title='bbox 2550 5141 2783 5210; x_wconf 78' lang='grc' dir='ltr'><strong>δίδωσιν,</strong></span> 
     </span>
    </p>
   </div>
   <div class='ocr_carea' id='block_1_108' title="bbox 475 5255 2113 5342">
    <p class='ocr_par' dir='ltr' id='par_1_108' title="bbox 475 5255 2113 5339">
     <span class='ocr_line' id='line_1_108' title="bbox 475 5255 2113 5339; baseline 0.001 -18"><span class='ocrx_word' id='word_1_734' title='bbox 475 5258 527 5302; x_wconf 81' lang='grc'>¹⁷</span> <span class='ocrx_word' id='word_1_735' title='bbox 558 5256 612 5321; x_wconf 92' lang='grc' dir='ltr'>ΙΙ</span> <span class='ocrx_word' id='word_1_736' title='bbox 639 5260 796 5324; x_wconf 90' lang='lat' dir='ltr'><strong>Tim.</strong></span> <span class='ocrx_word' id='word_1_737' title='bbox 827 5276 892 5334; x_wconf 89' lang='grc' dir='ltr'><strong>ιι,</strong></span> <span class='ocrx_word' id='word_1_738' title='bbox 925 5258 987 5324; x_wconf 88' lang='grc'><strong>4.</strong></span> <span class='ocrx_word' id='word_1_739' title='bbox 1071 5255 1125 5300; x_wconf 68' lang='grc'><strong>1⁷</strong></span> <span class='ocrx_word' id='word_1_740' title='bbox 1153 5256 1424 5338; x_wconf 86' lang='lat' dir='ltr'><strong>Carthag.</strong></span> <span class='ocrx_word' id='word_1_741' title='bbox 1459 5273 1544 5336; x_wconf 89' lang='grc' dir='ltr'><strong>ιιι,</strong></span> <span class='ocrx_word' id='word_1_742' title='bbox 1578 5275 1712 5339; x_wconf 90' lang='lat' dir='ltr'><strong>cap.</strong></span> <span class='ocrx_word' id='word_1_743' title='bbox 1748 5256 1847 5322; x_wconf 89' lang='grc'><strong>19.</strong></span> <span class='ocrx_word' id='word_1_744' title='bbox 1931 5256 1986 5300; x_wconf 68' lang='grc'><strong>18</strong></span> <span class='ocrx_word' id='word_1_745' title='bbox 2016 5259 2113 5323; x_wconf 70' lang='lat' dir='ltr'><strong>Ca:</strong></span> 
     </span>
    </p>
   </div>
   <div class='ocr_carea' id='block_1_109' title="bbox 1076 5255 2714 5342">
    <p class='ocr_par' dir='ltr' id='par_1_109' title="bbox 1076 5255 2714 5342">
     <span class='ocr_line' id='line_1_109' title="bbox 1076 5255 2714 5342; baseline -0.001 -22"><span class='ocrx_word' id='word_1_746' title='bbox 1076 5255 1125 5300; x_wconf 72' lang='lat'><strong>&#39;7</strong></span> <span class='ocrx_word' id='word_1_747' title='bbox 1153 5256 1424 5338; x_wconf 86' lang='lat' dir='ltr'><strong>Carthag.</strong></span> <span class='ocrx_word' id='word_1_748' title='bbox 1459 5273 1544 5336; x_wconf 86' lang='grc' dir='ltr'><strong>ιιι,</strong></span> <span class='ocrx_word' id='word_1_749' title='bbox 1578 5275 1712 5339; x_wconf 90' lang='lat' dir='ltr'><strong>cap.</strong></span> <span class='ocrx_word' id='word_1_750' title='bbox 1748 5256 1847 5322; x_wconf 88' lang='lat'><strong>19.</strong></span> <span class='ocrx_word' id='word_1_751' title='bbox 1931 5256 1986 5300; x_wconf 68' lang='lat'><strong>‘3</strong></span> <span class='ocrx_word' id='word_1_752' title='bbox 2016 5259 2292 5342; x_wconf 85' lang='lat' dir='ltr'><strong>Carthag.</strong></span> <span class='ocrx_word' id='word_1_753' title='bbox 2326 5275 2414 5338; x_wconf 87' lang='grc' dir='ltr'><strong>ιιι,</strong></span> <span class='ocrx_word' id='word_1_754' title='bbox 2448 5274 2582 5339; x_wconf 84' lang='lat' dir='ltr'><strong>cap.</strong></span> <span class='ocrx_word' id='word_1_755' title='bbox 2619 5257 2714 5319; x_wconf 88' lang='grc'><strong>16.</strong></span> 
     </span>
    </p>
   </div>
   <div class='ocr_carea' id='block_1_110' title="bbox 1958 5370 2212 5438">
    <p class='ocr_par' dir='ltr' id='par_1_110' title="bbox 1958 5370 2212 5438">
     <span class='ocr_line' id='line_1_110' title="bbox 1958 5370 2212 5438; baseline 0.016 -4"><span class='ocrx_word' id='word_1_756' title='bbox 1958 5370 2212 5438; x_wconf 71' lang='lat' dir='ltr'><strong>NOTAE.</strong></span> 
     </span>
    </p>
   </div>
   <div class='ocr_carea' id='block_1_111' title="bbox 426 5458 3762 5590">
    <p class='ocr_par' dir='ltr' id='par_1_111' title="bbox 426 5458 3762 5590">
     <span class='ocr_line' id='line_1_111' title="bbox 426 5458 3762 5590; baseline 0.001 -71"><span class='ocrx_word' id='word_1_757' title='bbox 426 5535 439 5548; x_wconf 40' lang='grc' dir='ltr'><strong>ο</strong></span> <span class='ocrx_word' id='word_1_758' title='bbox 469 5461 692 5535; x_wconf 62' lang='lat'><strong>(47.30)</strong></span> <span class='ocrx_word' id='word_1_759' title='bbox 718 5460 790 5521; x_wconf 86' lang='lat' dir='ltr'><strong>Et</strong></span> <span class='ocrx_word' id='word_1_760' title='bbox 819 5459 1156 5520; x_wconf 84' lang='lat' dir='ltr'><strong>Ferrandus</strong></span> <span class='ocrx_word' id='word_1_761' title='bbox 1185 5474 1312 5533; x_wconf 79' lang='lat' dir='ltr'><strong>cap.</strong></span> <span class='ocrx_word' id='word_1_762' title='bbox 1345 5460 1468 5528; x_wconf 77' lang='lat'><strong>129,</strong></span> <span class='ocrx_word' id='word_1_763' title='bbox 1493 5467 1547 5520; x_wconf 91' lang='lat' dir='ltr'><strong>et</strong></span> <span class='ocrx_word' id='word_1_764' title='bbox 1573 5475 1738 5521; x_wconf 88' lang='lat' dir='ltr'><strong>conc.</strong></span> <span class='ocrx_word' id='word_1_765' title='bbox 1767 5460 2036 5534; x_wconf 84' lang='lat' dir='ltr'><strong>Carthag.</strong></span> <span class='ocrx_word' id='word_1_766' title='bbox 2193 5463 2310 5590; x_wconf 57' lang='lat'><strong>(322</strong></span> <span class='ocrx_word' id='word_1_767' title='bbox 2359 5459 2576 5520; x_wconf 87' lang='lat' dir='ltr'><strong>Concil.</strong></span> <span class='ocrx_word' id='word_1_768' title='bbox 2609 5458 2883 5542; x_wconf 79' lang='lat' dir='ltr'><strong>Carthag.</strong></span> <span class='ocrx_word' id='word_1_769' title='bbox 2933 5472 3013 5526; x_wconf 84' lang='grc' dir='ltr'><strong>ιιι,</strong></span> <span class='ocrx_word' id='word_1_770' title='bbox 3049 5475 3175 5546; x_wconf 82' lang='lat' dir='ltr'><strong>cap.</strong></span> <span class='ocrx_word' id='word_1_771' title='bbox 3215 5462 3271 5529; x_wconf 74' lang='grc' dir='ltr'><strong>ι.</strong></span> <span class='ocrx_word' id='word_1_772' title='bbox 3305 5469 3362 5522; x_wconf 91' lang='lat' dir='ltr'><strong>et</strong></span> <span class='ocrx_word' id='word_1_773' title='bbox 3405 5459 3762 5521; x_wconf 83' lang='lat' dir='ltr'><strong>Ferrandus.</strong></span> 
     </span>
     <span class='ocr_line' id='line_1_112' title="bbox 426 5529 3260 5590; baseline 0 0"><span class='ocrx_word' id='word_1_774' title='bbox 426 5546 486 5590; x_wconf 89' lang='grc' dir='ltr'><strong>ιι.</strong></span> <span class='ocrx_word' id='word_1_775' title='bbox 523 5533 614 5590; x_wconf 77' lang='grc'><strong>27.</strong></span> <span class='ocrx_word' id='word_1_776' title='bbox 2121 5549 2248 5590; x_wconf 84' lang='lat' dir='ltr'><strong>can.</strong></span> <span class='ocrx_word' id='word_1_777' title='bbox 2316 5534 2407 5590; x_wconf 79' lang='lat'><strong>21.</strong></span> <span class='ocrx_word' id='word_1_778' title='bbox 2439 5546 2512 5589; x_wconf 79' lang='lat' dir='ltr'><strong>ex</strong></span> <span class='ocrx_word' id='word_1_779' title='bbox 2541 5529 2754 5589; x_wconf 81' lang='lat' dir='ltr'><strong>concll.</strong></span> <span class='ocrx_word' id='word_1_780' title='bbox 2789 5531 3056 5590; x_wconf 69' lang='lat' dir='ltr'><strong>Carthau.</strong></span> <span class='ocrx_word' id='word_1_781' title='bbox 3089 5542 3176 5590; x_wconf 92' lang='lat' dir='ltr'><strong>nt.</strong></span> <span class='ocrx_word' id='word_1_782' title='bbox 3204 5533 3260 5590; x_wconf 87' lang='lat'><strong>9.</strong></span> 
     </span>
    </p>
   </div>
   <div class='ocr_carea' id='block_1_112' title="bbox 398 5529 2036 5608">
    <p class='ocr_par' dir='ltr' id='par_1_112' title="bbox 398 5529 2012 5608">
     <span class='ocr_line' id='line_1_113' title="bbox 398 5529 2012 5608; baseline -0.006 -13"><span class='ocrx_word' id='word_1_783' title='bbox 398 5529 680 5608; x_wconf 37' lang='grc' dir='ltr'><strong>ηιξ-27ης</strong></span> <span class='ocrx_word' id='word_1_784' title='bbox 782 5605 824 5608; x_wconf 43' lang='lat'><strong>77</strong></span> <span class='ocrx_word' id='word_1_785' title='bbox 1091 5604 1104 5608; x_wconf 92' lang='lat'><em>_</em></span> <span class='ocrx_word' id='word_1_786' title='bbox 1251 5529 1276 5608; x_wconf 64' lang='grc' dir='ltr'><em>ξ</em></span> <span class='ocrx_word' id='word_1_787' title='bbox 1518 5604 1530 5608; x_wconf 93' lang='lat'><em>_</em></span> <span class='ocrx_word' id='word_1_788' title='bbox 1943 5529 2012 5608; x_wconf 76' lang='lat'><em>7&#39;</em></span> 
     </span>
    </p>
   </div>
   <div class='ocr_carea' id='block_1_113' title="bbox 1621 5529 3259 5608">
    <p class='ocr_par' dir='ltr' id='par_1_113' title="bbox 1943 5529 3259 5608">
     <span class='ocr_line' id='line_1_114' title="bbox 1943 5529 3259 5608; baseline -0.004 -13"><span class='ocrx_word' id='word_1_789' title='bbox 1943 5606 1953 5608; x_wconf 20' lang='grc'><strong><em>4</em></strong></span> <span class='ocrx_word' id='word_1_790' title='bbox 1984 5529 2012 5534; x_wconf 63' lang='grc'>⁷</span> <span class='ocrx_word' id='word_1_791' title='bbox 2121 5529 2407 5608; x_wconf 44' lang='grc' dir='ltr'><strong>θὼρ-121.</strong></span> <span class='ocrx_word' id='word_1_792' title='bbox 2431 5546 2512 5608; x_wconf 75' lang='lat' dir='ltr'><strong>ex</strong></span> <span class='ocrx_word' id='word_1_793' title='bbox 2541 5529 2754 5608; x_wconf 63' lang='lat' dir='ltr'><strong>congii.</strong></span> <span class='ocrx_word' id='word_1_794' title='bbox 2789 5529 3056 5608; x_wconf 72' lang='lat' dir='ltr'><strong>carthag.</strong></span> <span class='ocrx_word' id='word_1_795' title='bbox 3089 5529 3176 5608; x_wconf 76' lang='lat' dir='ltr'><strong>tit.</strong></span> <span class='ocrx_word' id='word_1_796' title='bbox 3204 5533 3259 5608; x_wconf 79' lang='lat'><strong>9.</strong></span> 
     </span>
    </p>
   </div>
   <div class='ocr_carea' id='block_1_114' title="bbox 467 5601 3764 5691">
    <p class='ocr_par' dir='ltr' id='par_1_114' title="bbox 467 5601 3764 5691">
     <span class='ocr_line' id='line_1_115' title="bbox 467 5601 3764 5691; baseline 0.001 -29"><span class='ocrx_word' id='word_1_797' title='bbox 467 5605 584 5691; x_wconf 59' lang='grc' dir='ltr'><strong>(ξι)</strong></span> <span class='ocrx_word' id='word_1_798' title='bbox 619 5606 735 5691; x_wconf 62' lang='grc' dir='ltr'><strong>με.</strong></span> <span class='ocrx_word' id='word_1_799' title='bbox 765 5605 826 5667; x_wconf 88' lang='lat' dir='ltr'><strong>Si</strong></span> <span class='ocrx_word' id='word_1_800' title='bbox 854 5604 1284 5666; x_wconf 71' lang='lat' dir='ltr'><strong>commodaverit</strong></span> <span class='ocrx_word' id='word_1_801' title='bbox 1327 5604 1649 5681; x_wconf 55' lang='lat' dir='ltr'><strong>mensium,</strong></span> <span class='ocrx_word' id='word_1_802' title='bbox 1678 5609 1729 5662; x_wconf 75' lang='lat' dir='ltr'><strong>et</strong></span> <span class='ocrx_word' id='word_1_803' title='bbox 1750 5606 2042 5680; x_wconf 65' lang='lat' dir='ltr'><strong>pecuum</strong></span> <span class='ocrx_word' id='word_1_804' title='bbox 2126 5679 2164 5691; x_wconf 46' lang='grc' dir='ltr'>η</span> <span class='ocrx_word' id='word_1_805' title='bbox 2191 5601 2633 5691; x_wconf 26' lang='lat' dir='ltr'><strong>(ﬂigatisque</strong></span> <span class='ocrx_word' id='word_1_806' title='bbox 2647 5601 2902 5691; x_wconf 57' lang='lat' dir='ltr'><strong>ignotae.</strong></span> <span class='ocrx_word' id='word_1_807' title='bbox 2922 5601 3028 5691; x_wconf 62' lang='lat' dir='ltr'><strong>tit:</strong></span> <span class='ocrx_word' id='word_1_808' title='bbox 3081 5604 3174 5676; x_wconf 84' lang='lat'><strong>91,</strong></span> <span class='ocrx_word' id='word_1_809' title='bbox 3203 5603 3365 5666; x_wconf 81' lang='lat' dir='ltr'><strong>addit</strong></span> <span class='ocrx_word' id='word_1_810' title='bbox 3395 5622 3411 5667; x_wconf 86' lang='lat'><strong>:</strong></span> <span class='ocrx_word' id='word_1_811' title='bbox 3465 5624 3488 5658; x_wconf 80' lang='grc' dir='ltr'><strong>ι</strong></span> <span class='ocrx_word' id='word_1_812' title='bbox 3514 5602 3640 5664; x_wconf 76' lang='lat' dir='ltr'><strong>Nisi</strong></span> <span class='ocrx_word' id='word_1_813' title='bbox 3663 5620 3764 5664; x_wconf 82' lang='lat' dir='ltr'><strong>ra-</strong></span> 
     </span>
    </p>
   </div>
   <div class='ocr_carea' id='block_1_115' title="bbox 389 5677 3048 5753">
    <p class='ocr_par' dir='ltr' id='par_1_115' title="bbox 389 5677 3048 5753">
     <span class='ocr_line' id='line_1_116' title="bbox 389 5677 3048 5753; baseline -0.003 -15"><span class='ocrx_word' id='word_1_814' title='bbox 389 5677 652 5753; x_wconf 75' lang='lat' dir='ltr'><strong>accipiat.</strong></span> <span class='ocrx_word' id='word_1_815' title='bbox 1328 5677 1346 5681; x_wconf 67' lang='grc'>⁷</span> <span class='ocrx_word' id='word_1_816' title='bbox 1628 5677 1640 5680; x_wconf 70' lang='grc'>⁷</span> <span class='ocrx_word' id='word_1_817' title='bbox 1751 5677 1772 5680; x_wconf 78' lang='grc'><strong><em>“</em></strong></span> <span class='ocrx_word' id='word_1_818' title='bbox 2119 5677 2377 5738; x_wconf 73' lang='lat' dir='ltr'><strong>tionabili</strong></span> <span class='ocrx_word' id='word_1_819' title='bbox 2404 5677 2726 5736; x_wconf 68' lang='lat' dir='ltr'><strong>necessitate</strong></span> <span class='ocrx_word' id='word_1_820' title='bbox 2756 5680 2984 5748; x_wconf 72' lang='lat' dir='ltr'><strong>cogente.</strong></span> <span class='ocrx_word' id='word_1_821' title='bbox 3021 5697 3048 5730; x_wconf 68' lang='grc' dir='ltr'><strong>ι</strong></span> 
     </span>
    </p>
   </div>
  </div>
