4148 6198
261 298 385 374 553

610 444 840 504 Συιοόδου
888 445 1223 527 ’Δντιοχείας
1268 448 1442 505 κανὼν
1485 438 1545 511 ι’.
1921 456 1962 511 Α

353 542 418 603 ι’.
456 542 589 604 Τοὺς
627 542 683 597 ἐν
725 555 850 604 ταῖς
880 541 1092 616 κώμαις
1148 542 1182 609 i‘,
1213 544 1443 622 χώραις,
1476 544 1511 611 ἦ
1541 545 1661 608 τοὺς
1706 546 1905 604 καλου-

261 630 460 705 μένου)
544 631 1018 711 χωρεπισκόπους,
1096 632 1141 687 εἰ
1221 632 1310 688 καὶ
1385 636 1721 712 χειροθεσίαν
1804 638 1908 693 εἷεν

258 723 578 777 ἐπισκόπων
636 721 938 800 εἰληφότες,
986 718 1123 786 ἔδοξε
1180 727 1249 798 τῇ
1307 721 1431 799 ἁγίᾳ
1472 722 1674 797 συνόδῳ
1718 723 1907 782 εἰδέναι

255 811 328 869 τὰ
402 810 605 867 ἑαυτῶν
675 809 867 887 μέτρα,
931 811 1019 866 καὶ
1092 808 1317 867 διοικεῖν
1389 813 1484 875 τὰς
1557 812 1909 891 ὑποκειμένας

255 912 454 961 αυτοῖς
506 896 823 973 ἐκκλησίας,
855 898 951 955 καί
1007 905 1076 975 τῇ
1105 899 1307 955 τούτων
1350 900 1629 977 ἀρκεῖσθαι
1680 904 1911 982 φροντίδι

256 989 352 1044 καὶ
424 987 740 1061 κηδεμονίᾳ,
790 991 1044 1060 καθιττᾷν
1099 1009 1157 1044 τε
1212 989 1561 1067 ἂναγκὼστας
1623 997 1711 1049 καί
1768 996 1908 1053 ὑπο-

256 1076 546 1142 διακόνους
607 1079 695 1134 καὶ
746 1076 1080 1158 ἐξορκιστὰς,
1132 1080 1219 1134 καὶ
1262 1084 1332 1153 τῇ
1372 1080 1572 1137 τούτων
1625 1082 1908 1159 ἀρκεῖσθαι

255 1172 587 1245 προαγωγῇ,
661 1168 803 1243 μήτε
873 1166 928 1223 δὲ
1018 1165 1368 1244 πρεσὲότερον
1441 1171 1581 1243 μήτε
1666 1170 1908 1230 διάκονον

254 1270 605 1335 χειροτονεῖν
635 1254 839 1330 τολμᾷν
867 1254 997 1335 διχα
1041 1266 1135 1316 τοῦ
1176 1256 1228 1312 ἐν
1272 1262 1340 1333 τῇ
1383 1257 1537 1314 πόλει
1579 1258 1904 1335 ἐπισκόπου,

254 1350 296 1424 ᾗ
361 1349 641 1403 ὅποκειται
701 1346 859 1408 αὑτός
904 1367 963 1402 τε
1022 1347 1108 1401 καὶ
1169 1348 1203 1414 ἡ
1274 1348 1455 1427 χώρα,
1504 1350 1562 1406 El
1613 1348 1909 1426 τολμήσειὲ

253 1459 344 1501 τις
434 1434 743 1513 παραϐῆναι
812 1436 879 1491 τὰ
949 1435 1244 1514 ὁρισθέντα,
1304 1439 1673 1516 κιθαιρεῖσθαι
1749 1444 1906 1500 αὐτὸν

253 1529 350 1583 καὶ
423 1526 490 1594 ἧς
563 1525 1013 1607 μετέχειτιμῆςο
1077 1527 1505 1607 Αχωρεπίσκοπον
1548 1527 1603 1583 δὲ
1673 1531 1903 1607 γίνεσθαι

258 1609 369 1663 ὑπὸ
401 1613 494 1663 τοῦ
533 1611 634 1673 τῆς
667 1604 875 1669 πόλεως
906 1606 942 1680 ᾗ
983 1605 1259 1662 ὑπόκειται
1289 1604 1604 1671 ἐπισκόπου,

344 1693 630 1754 Βασιλείου
713 1694 774 1751 ἐκ
854 1694 948 1762 τῆς
1031 1696 1164 1771 πρὸς
1246 1696 1367 1760 τοὺς
1456 1700 1904 1776 χωρεπισκόπους

951 258 1369 382 εΥΝΤΑοΜΑ
1412 308 1806 376 CANONUM.
1854 346 1911 360 -

2003 308 2145 377 l‘IT.
2190 312 2242 392 Ι,
2303 313 2470 379 CAP.
2517 310 2945 374 XXIX-XXX.

3513 298 3630 376 554

2301 449 2560 513 Consilii
2588 450 2637 511 .4
2651 445 2960 510 ntiocheni
2996 462 3191 509 canon
3228 447 3325 511 10.

2072 538 2170 602 lO.
2193 539 2234 600 li
2264 540 2363 620 qui
2385 547 2526 600 sunt
2548 538 2693 599 vicis
2717 536 2806 599 vel
2834 536 3023 617 pagis,
3048 536 3147 616 qui
3172 536 3452 601 dicuntur
3468 536 3637 600 chor-

1989 628 2278 708 episcopi,
2299 628 2530 690 etiamsi
2550 626 2817 707 episcopi
2835 625 3266 687 ordinationem
3286 645 3638 689 manuumve

1992 717 2438 797 impositimiem
2467 715 2835 797 acceperint,
2862 715 3051 775 visum
3077 722 3193 794 est,
3218 720 3283 776 ut
3303 733 3474 777 suum
3510 736 3636 779 mo-

1995 806 2135 868 dum
2168 808 2382 883 sciant,
2418 816 2478 869 at
2511 806 2622 866 sibi
2677 802 2978 883 subjectas
3028 803 3312 865 ecclesias
3342 803 3634 868 adminis-

1998 904 2175 970 trent,
2206 913 2533 976 earumque
2553 913 2696 957 cura
2717 903 2776 955 et
2799 892 3203 955 sollicitudine
3215 894 3475 971 gerenda
3497 911 3635 956 con-

1995 987 2143 1048 tenti
2178 986 2298 1047 sint
2332 1003 2347 1048 :
2384 985 2754 1047 constituant
2781 994 2978 1044 autem
3012 980 3288 1057 lectores,
3340 983 3630 1064 hypodia-

1994 1093 2179 1135 conos
2208 1085 2270 1136 et
2300 1073 2717 1147 exorcistas,et
2747 1089 2953 1133 eorum
2994 1074 3431 1152 promotionem
3461 1073 3629 1136 sufli-

1991 1181 2130 1224 cere
2155 1163 2523 1241 existiment,
2564 1181 2675 1225 nec
2708 1168 3141 1242 presbyterum,
3176 1178 3285 1221 nec
3312 1160 3631 1223 diaconum

1991 1252 2274 1314 ordinare
2311 1253 2569 1314 audeant
2596 1252 2824 1331 absque
2853 1248 3022 1311 urbis
3049 1248 3353 1330 episcopo,
3378 1251 3473 1312 cui
3494 1249 3635 1313 sub-

1984 1340 2199 1420 jicitur
2223 1343 2355 1423 ipse
2389 1349 2448 1403 et
2479 1340 2669 1421 regio.
2709 1340 2772 1402 Si
2802 1339 2935 1419 quis
2965 1348 3163 1400 autem
3196 1357 3265 1400 ea
3299 1358 3432 1420 quae
3474 1340 3627 1402 deii-

1993 1429 2116 1491 nita
2149 1438 2287 1493 sunt
2320 1430 2662 1510 transgredi
2694 1429 2929 1503 audeat,
2950 1427 3079 1507 ipse
3100 1447 3340 1509 quoque
3374 1429 3631 1510 depona-

1992 1528 2089 1582 tur
2123 1522 2196 1581 ab
2229 1539 2302 1583 eo
2335 1522 2570 1582 honore
2604 1537 2780 1599 quem
2818 1517 3019 1580 habet.
3074 1517 3201 1580 Fiat
3249 1526 3445 1580 autem
3480 1520 3633 1580 cho-

1985 1609 2343 1691 repiscopus
2374 1609 2448 1670 ab
2483 1610 2766 1688 episcopo
2801 1607 3072 1680 civitatis,
3123 1606 3219 1667 cui
3249 1605 3586 1686 subjicitur.

2068 1704 2160 1765 98
2185 1703 2410 1766 Basilii
2432 1720 2509 1765 ea:
2539 1701 2793 1783 epistola
2822 1702 2902 1764 ad
2940 1702 3422 1783 chorepisoopos,
3460 1702 3631 1777 Quod

253 1784 557 1851 ἐπιστολῆς
595 1784 736 1842 ὥστε
783 1784 862 1859 μὴ
918 1785 1153 1863 γίνεσθαι
1205 1786 1381 1864 χωρὶς
1435 1786 1595 1844 αὒτοῡ
1636 1789 1902 1868 ὑπηρέτας

2003 1810 2110 1856 ton
2140 1801 2413 1874 oporteat
2440 1793 2579 1871 ﬁeri
2612 1792 2930 1854 ministros
2960 1798 3172 1854 contra
3195 1808 3477 1854 canones.

252 1876 405 1950 παρὰ
435 1875 557 1939 τοὺς
588 1874 840 1937 κανόνας,

341 1964 488 2021 Πάνυ
520 1985 589 2039 με
618 1963 780 2021 λυπεῖ
812 1963 890 2020 ὅτι
920 1962 1289 2022 ἐπιλελοίπασι
1319 1965 1532 2041 λοιπὸν,
1564 1990 1620 2029 κ.
1659 1968 1764 2047 τ.).

344 2060 601 2117 ΚΕΦΑΛ,
663 2052 755 2116 Λ¹.
794 2087 873 2099 --
931 2055 1054 2132 Περὶ
1084 2057 1177 2112 τοῦ
1223 2056 1357 2113 ἑπτὰ
1384 2059 1474 2114 καὶ
1504 2059 1697 2134 μόνους
1756 2060 1901 2116 εἶναι

254 2145 542 2208 διακόνους
586 2142 846 2223 ὀφείλειν,
877 2150 978 2212 κήν
1021 2146 1055 2212 ἦ
1087 2144 1244 2209 πόλις
1277 2146 1489 2224 μεγάλη

503 2236 734 2295 Συνόδου
770 2240 1181 2316 Νεοκαισαρείας
1225 2241 1399 2296 κανὼν
1434 2240 1529 2317 ιδ’,
1570 2241 1660 2300 ιε’.

342 2331 434 2395 ιδ’,
468 2334 528 2388 Οἱ
560 2329 617 2386 δὲ
660 2330 1066 2410 χωρεπίσκοποι
1110 2332 1207 2387 εἰσὶ
1250 2332 1350 2407 μὲν
1380 2333 1452 2398 εἷς
1497 2334 1661 2392 τύπον
1691 2334 1797 2391 τῶν
1827 2334 1897 2404 θ’,

258 2425 336 2488 ὡς
395 2420 448 2478 δὲ
491 2418 911 2497 συλλειτουργοῖ,
946 2418 1031 2476 διὰ
1086 2420 1185 2483 τὴν
1241 2419 1474 2488 σπουδὴν
1503 2424 1603 2491 τὴν
1662 2426 1736 2489 είς
1780 2424 1901 2486 τοὺς

262 2511 545 2591 πτωχοὺς,
591 2508 942 2590 προσφέρουσι
975 2530 1297 2584 τιμωμενοι.

351 2599 446 2661 ιε’.
491 2600 737 2657 Διάκονοι
779 2599 915 2655 ἑπτὰ
959 2598 1255 2678 ὀφείλουσιν
1288 2599 1429 2656 εἶναι
1488 2602 1625 2659 κατὰ
1652 2604 1743 2659 τὸν
1799 2626 1900 2660 κα-

261 2692 418 2763 νόνα,
452 2689 549 2747 κᾶν
581 2689 719 2747 πάνυ
776 2687 992 2766 μεγάλη
1024 2688 1060 2757 ἦ
1090 2689 1124 2757 ἡ
1173 2687 1351 2752 πόλις³
1387 2693 1652 2769 πεισθήσῃ
1680 2690 1735 2749 δὲ
1794 2695 1901 2750 ἀπὸ

256 2786 365 2849 τῆς
394 2777 578 2857 βίϐλου
606 2785 714 2836 τῶν
756 2777 1026 2856 Πράξεων.

362 2944 371 2949 Ξ
501 2869 728 2929 Συνόδου
757 2872 1127 2946 οἶκονμενικῆς
1162 2871 1324 2940 ἕκτης
1356 2876 1530 2932 κανὼν
1561 2875 1685 2950 ις’.

352 2966 481 3042 ις’.
508 2962 731 3032 Ἐπειδὴ
763 2965 815 3022 αἱ
846 2975 953 3022 τῶν
978 2965 1222 3045 Πράξεων
1252 2964 1449 3043 βίϐλοι,
1476 2969 1613 3026 ἑπτὰ
1640 2967 1913 3033 διακόνους

257 3060 370 3117 ὑπὸ
413 3063 522 3114 τῶν
573 3053 888 3112 ἀποστόλων
939 3061 1271 3123 καταστῆναι
1316 3056 1715 3137 παραδιδόασιν,
1769 3063 1816 3118 οἱ
1857 3058 1912 3115 δὲ

257 3154 369 3216 τῆς
440 3147 578 3202 κατὰ
650 3143 1067 3223 Νεοκαισάρειαν
1151 3144 1366 3204 συνόδου
1431 3146 1597 3213 οὕτως
1668 3152 1725 3205 iv
1796 3163 1914 3213 τοῖς

256 3238 535 3294 ἰκτεθεῖσι
594 3232 722 3312 παρ’
778 3234 952 3290 αὐτῶν
995 3235 1179 3290 κανόσι
1231 3236 1417 3316 σαφῶς
1472 3235 1764 3313 διεξῆλθον,
1833 3240 1913 3297 ὅτι

258 3328 507 3383 διακονοι
566 3322 701 3380 ἔπτὰ
729 3320 1028 3402 ὀφείλουσιν
1062 3324 1205 3380 εἶναί
1244 3325 1383 3381 κατὰ
1426 3327 1517 3381 τὸν
1563 3328 1782 3408 κανόνα,
1817 3329 1915 3385 κᾶν

257 3416 409 3474 πάνυ
463 3411 679 3492 μεγάλη
710 3414 744 3481 ἡ
777 3411 933 3476 πόλις
968 3411 1086 3489 εἴη,
1116 3415 1385 3490 πεισθήσῃ
1416 3413 1470 3469 δὲ
1502 3414 1562 3470 ἐκ
1608 3416 1704 3483 τῆς
1731 3416 1916 3493 βίϐλου

257 3511 375 3562 τῶν
422 3502 689 3581 Πράξεων²
744 3503 911 3577 ἡμεῖς
940 3503 1019 3575 τῷ
1060 3502 1407 3576 ἀποστολικῷ
1460 3504 1610 3580 ῥητῷ
1652 3508 1741 3562 τὸν
1792 3517 1911 3566 νοῦν

258 3595 667 3673 ἑφαρμόσαντες
739 3596 844 3647 τῶν
908 3591 1185 3672 Πατέρων,
1244 3591 1463 3669 εὕρομεν
1507 3596 1580 3658 ὡς
1652 3597 1681 3651 ὁ
1751 3594 1911 3674 λόγος

259 3685 458 3746 αὐτοῖς
508 3684 570 3739 οὗ
620 3682 738 3760 περὶ
794 3685 900 3737 τῶν
948 3694 1060 3746 τοῖς
1118 3683 1428 3758 μυστηρίοις
1485 3680 1910 3760 διακονουμένων

262 3771 477 3851 ἀνδρῶν
543 3772 633 3845 ἦν,
705 3768 843 3826 ἄλλὰ
900 3772 1019 3848 περὶ
1088 3769 1185 3837 τῆς
1243 3771 1298 3827 ὲν
1354 3783 1478 3836 ταῖς
1538 3774 1745 3853 χρείαις
1804 3781 1910 3832 τῶν

263 3861 547 3941 τραπεζῶν
628 3859 914 3938 ὑπουργίας
943 3873 957 3888 ⁸
1044 3864 1144 3926 τῆς
1226 3866 1331 3918 τῶν
1418 3862 1659 3937 Πράξεων
1730 3861 1911 3940 βίϐλου

264 3952 441 4015 οὕτως
510 3948 767 4029 ἐχούσης·
843 3945 934 4004 Ἐν
986 3962 1110 4014 ταῖς
1185 3948 1413 4029 ἡμέραις
1483 3949 1704 4018 ἐκείναις
1760 3952 1912 4021 πλη-

260 4042 534 4100 θυνόντων
602 4044 710 4094 τῶν
780 4040 1034 4112 μαθητῶν
1063 4085 1077 4112 ,
1149 4038 1365 4116 ἐγένετο
1433 4044 1743 4120 γογγυσμὸς
1807 4050 1912 4101 τῶν

263 4128 645 4197 Ἐλληνιστῶν
718 4128 851 4205 πρὸς
916 4128 1039 4191 τοὺς
1109 4125 1409 4206 Ἐϐραίους,
1484 4130 1566 4186 ὅτι
1637 4136 1915 4212 παρεθεω-

261 4227 457 4300 ροῦντο
528 4218 583 4274 ἒν
654 4223 723 4295 τῇ
789 4215 1027 4289 διακονίᾳ
1096 4222 1164 4294 τῇ
1235 4222 1565 4300 καθημερινῇ
1622 4225 1673 4278 αἱ
1740 4228 1909 4303 χῆραι

2063 1969 2497 2033 Permolestum
2533 1970 2704 2051 mihi,
2739 1977 2853 2032 etc.
2891 1967 2965 2032 Ut
2985 1987 3130 2050 pug.
3159 1968 3303 2033 490.

2036 2058 2228 2122 CAP.
2265 2059 2444 2124 XXX.
2472 2095 2548 2105 —
2585 2058 2657 2122 Ut
2682 2066 2745 2120 in
2769 2076 3147 2139 unaquaque
3177 2060 3348 2136 urbe,
3386 2060 3634 2123 etiamsi

1985 2167 2212 2229 magna
2242 2154 2344 2224 sit,
2378 2169 2496 2212 non
2528 2152 2656 2211 sint
2687 2150 2938 2212 diaconi
2956 2149 3096 2227 plus
3125 2166 3315 2229 quam
3344 2155 3588 2229 septem.

2151 2242 2413 2305 Concilii
2443 2241 2924 2305 Neocwsarensis
2944 2258 3207 2303 canones
3238 2241 3334 2315 Η,
3376 2242 3469 2305 15.

2068 2337 2166 2401 14.
2214 2334 2644 2416 Chorepiscopi
2678 2342 2876 2397 autem
2908 2342 3046 2395 sunt
3078 2333 3322 2414 quidem
3353 2333 3415 2394 in
3450 2334 3636 2414 ﬁgura

1986 2426 2407 2505 septuaginta:
2450 2435 2511 2486 ut
2543 2432 2742 2487 autem
2778 2422 3201 2503 comministri,
3240 2432 3485 2504 propter
3513 2435 3635 2486 stu-

1985 2513 2149 2576 dium
2186 2517 2243 2575 in
2278 2531 2597 2595 pauperes,
2632 2512 2890 2574 oli'erunt
2932 2512 3229 2574 honorati.

2063 2604 2162 2665 15.
2200 2604 2445 2668 Diaconi
2498 2611 2728 2682 septem
2790 2618 2925 2664 esse
2982 2598 3206 2663 debent
3251 2617 3322 2662 ex
3376 2618 3628 2677 canone,

1984 2692 2218 2756 etiamsi
2251 2694 2328 2755 sit
2363 2711 2571 2772 magna
2603 2691 2835 2754 civitas.
2891 2690 3033 2769 Ejus
3082 2698 3281 2752 autem
3335 2692 3422 2752 rei
3453 2690 3632 2753 ﬁdem

1986 2774 2167 2846 faciet
2196 2782 2346 2846 liber
2379 2784 2689 2846 Actorum.
3200 2786 3205 2791 '

2268 2872 2533 2937 Concilii
2565 2872 2921 2935 acumenici
2951 2888 3006 2933 v1
3035 2889 3231 2934 canon
3269 2871 3362 2934 l6.

2081 2971 2178 3030 16.
2213 2967 2502 3043 Quoniam
2527 2968 2781 3030 Actuum
2816 2964 2971 3027 liber
2999 2974 3230 3046 septem
3258 2963 3541 3026 diaconos
3561 2960 3637 3026 ab

1997 3058 2289 3140 apostolis
2334 3057 2690 3119 constitutos
2734 3073 2869 3118 esse
2919 3054 3121 3131 tradit,
3157 3055 3638 3119 Neocmsarensis

1932 3185 1975 3239 α
2001 3156 2197 3211 autem
2214 3147 2475 3228 synodus
2492 3146 2645 3208 |9sic
2670 3148 2729 3207 in
2750 3164 2784 3208 a
2802 3164 2865 3207 se
2889 3144 3064 3207 editis
3079 3143 3637 3239 canonibusaperte

1998 3239 2279 3301 disseruit
2304 3257 2320 3314 ;
2348 3236 2507 3318 quod
2531 3246 2759 3316 septem
2785 3235 3006 3298 debent
3035 3252 3170 3297 esse
3193 3232 3433 3296 diaconi
3454 3251 3522 3295 ex
3544 3252 3643 3296 ca-

1998 3346 2178 3402 none,
2208 3328 2442 3389 etiamsi
2476 3326 2555 3387 sit
2584 3324 2756 3386 valde
2780 3342 2988 3406 magna
3007 3324 3234 3398 civitas,
3262 3342 3331 3385 ex
3361 3322 3517 3384 libro
3539 3341 3640 3385 au-

1998 3425 2118 3479 tem
2153 3418 2413 3479 Actuum
2450 3412 2954 3495 persuadeberis:
2994 3431 3105 3474 nos
3135 3431 3271 3474 cum
3298 3413 3459 3474 dicto
3489 3430 3639 3493 apo-

1998 3505 2209 3568 stolico
2237 3507 2472 3568 Patrum
2505 3514 2769 3565 mentem
2797 3502 3272 3582 adaptassemus,
3306 3500 3641 3562 invenimus

1994 3613 2097 3656 eos
2142 3611 2277 3655 esse
2307 3594 2539 3671 locutos
2564 3611 2680 3652 non
2706 3591 2782 3653 de
2806 3592 2969 3665 viris,
3002 3591 3105 3671 qui
3138 3589 3478 3651 ministrant
3509 3607 3639 3668 my-

1994 3683 2219 3754 steriis,
2251 3682 2355 3743 sed
2394 3681 2468 3742 de
2503 3679 2840 3742 ministerio
2871 3680 3030 3757 quod
3062 3680 3121 3740 in
3156 3697 3265 3740 usu
3299 3695 3642 3739 mensarum

1992 3770 2415 3844 adhibebatur,
2447 3789 2581 3832 cum
2616 3768 2772 3831 liber
2818 3773 3074 3832 Actuum
3124 3768 3211 3829 sic
3261 3765 3521 3829 habeat:
3564 3765 3644 3829 In

1993 3860 2174 3919 diebus
2228 3861 2343 3917 illis
2397 3875 2527 3915 cum
2581 3859 2987 3931 discipulorum
3037 3856 3328 3914 multitudo
3356 3865 3636 3923 cresceret,

1992 3952 2109 4025 fuit
2165 3951 2471 4009 Graecorum
2522 3967 2778 4009 murmur
2824 3951 3089 4009 adversus
3146 3949 3447 4017 Hebraeos,
3504 3946 3648 4020 quod

1996 4042 2440 4116 despiciebantur
2475 4058 2661 4099 eorum
2702 4041 2883 4099 vidum
2929 4042 2987 4098 in
3023 4040 3326 4098 ministerio
3361 4037 3643 4113 quotidia-

1997 4148 2093 4190 no.
2151 4138 2270 4191 90
2322 4133 2613 4190 Duodecim
2678 4148 2840 4205 ergo,
2920 4131 3187 4189 accersita
3251 4129 3643 4202 discipulorum

1993 4222 2332 4279 multitudine
2357 4222 2625 4279 dixerunt
2654 4237 2667 4279 :
2707 4221 2825 4277 Non
2853 4219 3055 4293 placet,
3113 4226 3171 4276 ut
3215 4219 3383 4277 verbo
3418 4218 3520 4278 Dei
3555 4236 3646 4275 re-

261 4310 467 4369 αὐτῶν
541 4306 1037 4387 προσκαλεσάμενοι
1107 4304 1163 4363 δὲ
1235 4309 1281 4365 οἱ
1348 4306 1550 4367 δώδεκα
1617 4313 1680 4369 τὸ
1760 4312 1910 4382 πλῆ-

2010 4319 2119 4371 icto
2146 4314 2345 4371 mensis
2374 4314 2683 4371 serviamus
2708 4327 2722 4380 ;
2752 4311 3035 4386 providetc
3058 4325 3207 4384 ergo,
3230 4312 3466 4383 fratres,
3492 4311 3642 4381 viros

259 4408 360 4466 θος
409 4403 518 4458 τῶν
573 4401 854 4474 μαθητῶν»
898 4397 1083 4460 εἶπον·
1129 4396 1240 4456 Οὔκ
1296 4397 1519 4477 ἀρεστόν
1568 4399 1710 4459 ἐστιν
1764 4403 1907 4480 ἣμᾶς

2008 4419 2082 4461 ea:
2118 4405 2284 4470 vobis,
2316 4403 2379 4459 de
2415 4403 2613 4475 quibus
2643 4402 2846 4460 bonum
2888 4406 2963 4460 sit
2993 4403 3389 4475 testimonium,
3423 4412 3643 4478 septem,

261 4489 699 4566 καταλείψαντας
746 4490 839 4545 τὸν
883 4486 1044 4566 λόγον
1100 4495 1193 4544 τοῦ
1249 4495 1402 4563 Θεοῦ,
1457 4487 1725 4549 διακονεῖν
1772 4514 1908 4573 τρα-

323 4581 362 4597 εν
467 4595 477 4597 μ
599 4577 614 4597 Ἰ
773 4576 813 4597 ⁸1
904 4580 928 4597 Λ
1072 4578 1099 4597 ν
1249 4575 1306 4597 ,δ
1336 4577 1356 4597 \
1442 4580 1455 4597 ἰ
1574 4578 1598 4597 Ἰ
1638 4577 1661 4597 ἢ
1871 4583 1886 4597 ς

2007 4495 2212 4567 Spiritu
2238 4499 2430 4550 sancto
2464 4501 2513 4548 et
2551 4494 2823 4566 sapientia
2864 4494 3077 4567 plenos,
3115 4510 3245 4567 quos
3284 4494 3344 4550 in
3394 4495 3495 4554 hoc
3536 4514 3648 4555 usu

259 4581 480 4648 πέξαιςο
596 4576 959 4653 ἐπισκέψασθε
1040 4578 1153 4652 οὗν,
1241 4575 1480 4658 ἀδελφοὶ,
1566 4577 1762 4661 ἄνδρας
1869 4583 1911 4653 ἐξ

2008 4584 2392 4642 constituemus
2423 4598 2567 4643 :nos
2598 4589 2780 4640 autem
2819 4585 2879 4642 in
2906 4585 3166 4642 oratione
3205 4592 3254 4642 et
3305 4586 3456 4644 verbi
3481 4589 3647 4643 mini-

260 4676 424 4748 ὓμῶν
505 4666 967 4748 μαρτυρουμένους
1050 4665 1206 4742 ἑπτὰ,
1295 4665 1521 4745 πλήρεις
1609 4674 1925 4752 Πνεόματος

267 4762 427 4842 ἁγίου
508 4758 607 4817 καί
688 4759 910 4838 σοφίας,
998 4759 1085 4824 οὓς
1169 4760 1582 4836 καταστήσομεν
1662 4764 1748 4822 ἐπὶ
1829 4773 1928 4835 τῆς

272 4853 472 4935 χρείας
547 4848 772 4917 ταύτηςο
847 4851 1016 4924 ἡμεῖς
1087 4846 1144 4905 δὲ
1214 4855 1283 4926 τῇ
1356 4858 1637 4931 προσευχῇ
1709 4857 1799 4915 καὶ
1859 4859 1927 4928 τῆ

273 4941 516 5014 διακονίᾳ
636 4946 732 4997 τοῦ
851 4937 1014 5018 λόγου
1138 4941 1700 5019 προσκαρτερήσομεν,
1825 4950 1924 5006 Καὶ

274 5032 471 5112 ἤρεσεν
542 5031 570 5087 ὁ
635 5028 797 5109 λόγος
868 5028 955 5087 ἐπὶ
1042 5031 1241 5095 παντὸς
1323 5051 1417 5087 του
1482 5031 1740 5103 πλήθους⁹
1826 5038 1923 5093 καί

274 5119 585 5189 ὶξελέξαντο
655 5116 925 5199 Στέφανον
1010 5115 1172 5192 ἄνδρα
1252 5117 1437 5199 πλήρη
1520 5123 1750 5190 πίστεως
1834 5130 1911 5183 καί

2003 5133 2317 5186 statuerunt
2345 5139 2539 5182 coram
2565 5125 2825 5197 apostolis
2845 5126 2914 5183 ⁸ο.
2951 5125 3079 5183 Haec
3109 5127 3507 5198 interpretans
3539 5129 3651 5187 Ec-

277 5212 593 5288 Πνεύματος
663 5209 838 5289 ἁγίου,
913 5210 1003 5267 καὶ
1084 5209 1376 5300 Φίλιππον,
1444 5212 1532 5268 καὶ
1616 5214 1911 5296 Πρόχορον,

2003 5217 2210 5282 clesite
2238 5216 2448 5278 doctor
2466 5214 2730 5279 Joannes
2753 5216 3211 5297 Chrysostomus
3232 5217 3316 5296 9|,
3336 5219 3422 5281 sic
3441 5238 3650 5300 prose-

280 5305 369 5361 καὶ
437 5301 727 5381 Νικάνορα,
798 5301 889 5358 καὶ
973 5300 1213 5379 Τίμωνα,
1287 5299 1385 5357 καῖ
1458 5308 1763 5380 Παρμενᾶν,
1836 5329 1907 5365 κα

2014 5309 2215 5391 quitur
2234 5324 2248 5369 :
2264 5307 2370 5369 Est
2384 5321 2585 5385 Operae
2603 5306 2860 5384 pretium
2885 5306 3197 5388 admirari,
3211 5299 3512 5390 quomodo
3531 5329 3652 5373 non

279 5391 550 5455 Νικόλαον
658 5389 1000 5471 προσήλυτον
1096 5388 1415 5472 Ἀντιοχέα,
1503 5392 1593 5458 οὓς
1696 5394 1911 5465 Eam”.

2011 5388 2103 5462 est
2132 5395 2318 5459 scissa
2348 5393 2665 5455 multitudo
2714 5395 2775 5456 in
2826 5398 3089 5459 virorum
3136 5388 3454 5475 electione,
3503 5419 3654 5482 quo-

278 5482 514 5541 ἆνώπισν
585 5483 693 5538 τὼν
774 5479 1116 5571 ἀποστόλων,
1208 5479 1379 5539 Ταῦτα
1456 5479 1816 5560 διερμηνεόων
1900 5489 1911 5543 ἑ

2012 5486 2189 5551 modo
2220 5504 2341 5547 non
2372 5494 2513 5548 sunt
2537 5483 2611 5547 ab
2641 5484 2789 5567 ipsis
2816 5487 3029 5567 rejecti
3068 5506 3137 5550 ac
3166 5488 3471 5571 reprobati
3499 5479 3649 5571 apo-

279 5576 383 5643 τῆς
416 5569 742 5641 Ἐκκλησίας
785 5567 1103 5634 διδάσκαλος
1149 5568 1404 5641 Ἰωάννης
1449 5574 1476 5629 ὁ
1521 5572 1911 5659 Χρυσόστομος⁵

2012 5576 2173 5642 stoli.
2204 5574 2539 5651 Quamnam
2571 5582 2773 5641 autem
2803 5574 3110 5642 habebant
3129 5576 3191 5643 bi
3211 5567 3650 5659 auctoritatem,

363 5679 425 5734 49
452 5677 599 5746 Con.
637 5677 738 5742 15.
819 5676 884 5730 ³ο
910 5677 1046 5742 Act.
1075 5692 1162 5755 vr,
1195 5676 1336 5744 l-7.
1416 5677 1473 5734 ﬂ
1506 5678 1731 5747 Homil.
1766 5686 1935 5758 13in
1960 5690 2144 5758 Acta.

603 5792 868 5857 ΡΑτιιοι..
913 5791 1028 5858 Gn.
1074 5789 1227 5859 CIV.

2006 4675 2176 4735 sterio
2207 4675 2441 4747 fortiter
2475 4673 2953 4746 perseverabimus.
2987 4677 3065 4733 Et
3105 4675 3319 4748 placuit
3358 4692 3530 4734 sermo
3555 4693 3650 4735 eo-

2008 4781 2127 4823 ram
2164 4764 2309 4821 omni
2334 4763 2722 4830 multitudine,
2760 4769 2814 4822 et
2860 4765 3144 4838 elegerunt
3176 4764 3512 4837 Stephanum
3558 4768 3652 4824 vi-

2008 4870 2129 4913 rum
2158 4853 2375 4927 plenum
2428 4852 2532 4926 ﬁde
2589 4860 2639 4909 et
2695 4854 2912 4927 Spiritu
2955 4861 3164 4926 sancto,
3219 4853 3547 4927 Philippum,
3599 4863 3652 4916 et

2006 4945 2381 5012 Prochorum,
2415 4948 2467 5000 et
2502 4942 2850 5010 Nicanorem,
2883 4940 2955 5002 et'
2977 4943 3267 5012 Timonem,
3313 4949 3364 5001 et
3411 4946 3650 5004 Parme-

2004 5052 2154 5101 ηοω.
2200 5041 2247 5091 et
2277 5034 2574 5093 Nicolaum
2623 5034 2971 5107 proselytum
3024 5034 3458 5105 Antiochenam,
3512 5053 3652 5110 quos

3263 5802 3338 5871 18
