4148 6198
311 264 424 336 557

921 221 1364 343 .S'YN'I‘AGMA
1407 265 1800 342 CANONUM.
1855 302 1932 322 ε-
1985 272 2142 339 TIT.
2191 273 2239 348 ι,
2288 258 2454 336 cap.
2503 260 3025 336 XXXI-XXXVI.

3555 216 3672 337 55s

307 410 491 463 θεῖσαν
536 408 615 483 μὴ
660 398 930 476 ἆπολύσας
968 430 983 447 '
1032 416 1092 471 οὗ
1145 412 1254 489 μὴν
1287 415 1314 468 6
1359 411 1533 488 ψιλῶς
1578 413 1976 478 ὑποπτεύσας.Λ

2072 409 2226 471 ιοηίο
2244 408 2573 472 detinuerit
2598 429 2611 471 :
2632 426 2753 471 non
2775 409 3187 483 autem,etiam
3212 407 3315 490 qui
3337 406 3670 472 adulteram

311 494 558 570 Σήμερον
601 496 657 554 δὲ
707 502 795 557 καὶ
855 500 989 576 μετὰ
1044 499 1195 568 δίκην
1242 499 1457 557 δύναται
1490 503 1518 557 6
1561 501 1696 580 ἀνὴρ
1741 502 1947 560 ἀναλα-

308 583 425 642 ϐεῖν
469 586 531 643 ἐκ
600 595 695 645 τοῦ
763 590 1124 669 μοναστηρίου
1193 590 1293 657 τὴν
1337 594 1724 672 μοιχευθεῖσαν
1790 594 1949 649 αὖτοῠ

307 690 564 756 γυναῖκα,
612 680 750 735 κατὰ
792 681 889 748 τὴν
922 681 1295 759 παρατήρησιν
1324 684 1421 749 τῆς
1466 682 1585 760 περὶ
1625 681 1949 761 repudium

302 763 397 840 ρμ¹
435 786 486 821 νε
496 772 648 844 αρᾶς.

389 862 641 918 ΚΕΦΑΛ.
717 863 823 917 ΛΓ.
908 893 976 905 -
1048 861 1169 938 Περὶ
1229 869 1321 919 τοῦ
1381 861 1459 936 μὴ
1519 863 1949 941 χειροτονεῖσθαι

301 942 596 1010 κληρικοὺς
663 946 1100 1023 άπολελυμένως,
1147 947 1286 1007 ἀλλὰ
1323 950 1523 1013 πάντως
1556 953 1628 1017 εἷς
1659 951 1951 1020 ἐκκλησίαν

303 1032 339 1101 ἢ
372 1035 446 1097 είς
479 1038 862 1112 μοναστήριον.

655 1123 886 1183 Συνόδου
915 1125 1260 1196 Χαλκηδόνος
1293 1130 1469 1185 κανὼν
1500 1128 1583 1203 ς’
1598 1178 1611 1192 .

385 1201 717 1286 ς’.Μηδένα
750 1212 1165 1291 ἂπολελυμένως
1188 1201 1799 1297 χειροτονεῖδθαι,μήτε
1828 1241 1958 1297 πρε-

303 1298 584 1380 σϐύτερον,
633 1303 776 1378 μήτε
843 1302 1115 1380 διάκονον,
1176 1307 1315 1381 μήτε
1387 1306 1527 1372 ὅλως
1572 1309 1691 1364 τινὰ
1733 1309 1841 1366 τῶν
1901 1309 1955 1365 ἐν

305 1398 385 1463 τῷ
418 1391 854 1467 ἒκκληαιαστικῷ
895 1394 1157 1470 τάγματι,
1210 1396 1255 1451 εἰ
1284 1395 1363 1469 μὴ
1397 1393 1574 1458 ἰδικῶς
1611 1396 1666 1452 ἐν
1696 1396 1957 1471 ίεκκλησίᾳ

310 1479 529 1544 πόλεως
588 1481 625 1550 ἢ
670 1483 886 1558 κώμης,
950 1483 986 1551 ἢ
1059 1485 1355 1562 μαρτυρείῳ
1504 1487 1868 1566 μοναστηρίῳ,
1929 1490 1956 1544 6

308 1572 794 1650 χειροτονούμενος
856 1572 1266 1651 ἐπικηρύττοιτο
1301 1593 1317 1610 ο
1379 1576 1502 1641 τοὺς
1563 1573 1619 1631 δὲ
1674 1575 1956 1641 ἀπολύτως

311 1661 850 1739 χειροτονουμένους,
934 1661 1125 1741 ὥρισεν
1197 1664 1232 1732 ἡ
1292 1664 1416 1743 ἁγία
1488 1662 1702 1727 σύνοδος
1763 1663 1957 1744 ἄκυρον

2031 500 2409 564 solummodo
2441 507 2782 579 suspectam
2803 499 3107 563 habuerit.
3126 499 3319 562 Hodie
3338 517 3475 563 vero
3497 506 3675 563 etiam

2033 598 2165 671 post
2183 590 2746 653 condemnationem
2766 598 2959 670 potest
2974 588 3222 652 maritus
3234 607 3479 652 uxorem
3505 608 3673 653 suam

2031 680 2363 743 adulteram
2396 699 2429 742 e
2463 680 2832 742 monasterio
2858 679 3154 760 recipere:
3196 679 3419 761 [idque]
3451 698 3671 743 secun-

2030 770 2172 832 dum
2204 769 2689 833 observationem
2719 767 2979 831 Novellae
3011 768 3151 846 134,
3184 769 3259 833 de
3287 769 3580 851 repudiis.

2113 859 2276 923 CAP.
2308 858 2577 923 XXXIII.
2616 895 2685 905 -—
2721 857 2814 921 Ne
2844 857 3050 920 clerici
3080 857 3263 922 libere
3293 860 3674 942 ordinentur,

2032 948 2133 1012 sed
2163 952 2407 1012 omnino
2433 947 2526 1012 vel
2555 956 2736 1012 certe:
2765 947 3028 1010 ecclesia
3055 947 3150 1012 vel
3179 951 3551 1013 monasterio
3579 951 3678 1011 de-

2029 1046 2344 1119 putentur.

2297 1126 2558 1190 Coucilii
2590 1126 3108 1191 Chalcedonensis
3134 1143 3331 1190 canon
3359 1128 3420 1191 6.

2117 1216 2175 1280 6.
2211 1215 2450 1278 Nullum
2472 1215 2743 1279 absolute
2767 1215 3058 1294 ordinari,
3087 1234 3200 1278 nec
3233 1216 3676 1297 presbyterum,

2040 1326 2153 1369 nec
2184 1307 2532 1382 diaconum,
2590 1324 2704 1368 nec
2753 1305 2999 1368 omnino
3048 1306 3309 1387 aliquem
3341 1324 3546 1370 eorum
3579 1314 3682 1391 qui

2041 1404 2183 1459 sunt
2213 1395 2276 1458 in
2311 1396 2524 1458 ordine
2549 1394 3111 1471 ecclesiastico,nisi
3132 1396 3476 1475 specialiter
3495 1399 3555 1460 in
3588 1416 3682 1461 ec-

2041 1487 2228 1550 clesia
2258 1486 2624 1566 civitatis,ve|
2659 1485 2914 1565 pagi,vel
2948 1485 3352 1565 martyrio,vel
3385 1497 3687 1552 monaste-

2042 1576 2133 1638 rio
2164 1576 2216 1637 is
2275 1575 2379 1655 qui
2438 1574 2774 1648 ordinatur,
2810 1572 3180 1652 designetur.
3216 1575 3336 1637 Eos
3358 1584 3555 1639 autem
3584 1582 3699 1657 qui
3788 1580 3797 1585 ’

2043 1664 2313 1728 absolute
2354 1663 2732 1735 ordinantur,
2767 1662 3031 1724 decrevit
3062 1671 3268 1726 sancta
3313 1665 3577 1745 synodus
3600 1667 3686 1728 ir-

308 1748 467 1829 ἔχειν
497 1752 597 1818 τὴν
627 1753 881 1818 τοιαύτην
911 1755 1277 1832 χειροθεσίαν,
1311 1755 1398 1811 καὶ
1429 1753 1682 1832 μηδαμοῦ
1709 1753 1957 1813 δύνασθαι

2072 1755 2220 1817 itam
2252 1773 2320 1816 ac
2353 1753 2673 1815 invalidam
2706 1751 2933 1814 habere
2963 1752 3262 1832 ejusmodi
3283 1754 3692 1817 manuumim-

318 1839 593 1921 ἐνεργεῖν,
624 1839 707 1921 ἐφ’
728 1839 871 1919 ὕϐρει
901 1850 995 1900 τοῦ
1025 1845 1534 1924 χοιροτονήσαντος.

406 2024 629 2076 ΚΕΦΑᾹ
688 2010 823 2084 ΛΔ’,
881 2055 960 2066 -
1006 2020 1136 2101 Περὶ
1183 2020 1537 2098 περιοδεδτῶν
1582 2023 1671 2079 καὶ
1741 2024 1844 2080 τῶν
1904 2026 1962 2080 ἓν

314 2122 448 2171 ταῖς
479 2112 687 2185 κώμαις
721 2110 1052 2179 ἐκκλησιῶν.

669 2198 897 2257 Συνόδου
947 2200 1261 2266 Λαοδικείας
1303 2201 1480 2258 κανὼν
1525 2200 1631 2273 νζ’.

405 2287 649 2360 νζ’.“οτι
683 2294 744 2349 οὗ
770 2289 855 2347 δεῖ
886 2290 941 2345 ἐν
971 2306 1095 2356 ταῖς
1125 2293 1339 2367 κώμαις
1371 2293 1460 2348 καὶ
1491 2291 1545 2346 ὲν
1576 2304 1698 2349 ταῖς
1731 2290 1960 2369 χώραις,

316 2379 665 2435 καθίστασθαι
735 2378 1082 2454 ἐπισκόπους,
1164 2380 1304 2437 ἀλλᾶ
1380 2378 1727 2459 περιοδευτάς
1762 2396 1776 2411 ·
1841 2386 1963 2443 τοὺς

319 2468 507 2543 μέντοι
549 2467 655 2536 ἤδη
714 2469 1274 2548 προκατασταθέντας,
1308 2469 1477 2545 μηδὲν
1534 2470 1788 2548 πράττειν
1846 2467 1967 2524 ἄνευ

318 2557 549 2635 γνώμης
592 2564 685 2615 τού
728 2561 1026 2616 ἓπισκόπου
1064 2566 1155 2616 τοῦ
1199 2559 1255 2615 ἐν
1284 2559 1353 2636 τῇ
1385 2559 1542 2616 πόλει
1579 2575 1593 2591 ⁸
1626 2559 1881 2619 ὡσαύτως
1911 2555 1968 2613 δὲ

317 2648 576 2714 καὶτοὺς
650 2646 1060 2728 πρεσϐυτέρους,
1129 2648 1299 2726 μηδὲν
1361 2652 1616 2727 πράττειν
1688 2647 1811 2704 ἄνευ
1868 2653 1967 2714 τῆς

317 2736 547 2814 γνώμης
578 2740 669 2795 τοῦ
696 2737 1018 2798 ἐπισκόπου.

409 2818 474 2882 Ἠ
507 2825 562 2883 δὲ
597 2826 671 2883 ια’
706 2825 942 2893 διάταξις
973 2834 1068 2884 τοῦ
1099 2815 1153 2904 γ’
1183 2825 1288 2890 τίτ,
1321 2834 1414 2884 τοῦ
1448 2818 1505 2883 α’
1532 2825 1677 2905 βιϐλ.
1704 2826 1876 2907 λέγει,
1911 2824 1972 2881 ὲκ

316 2923 434 2973 τῶν
464 2918 683 2996 χωρίων
738 2927 826 2974 καί
880 2923 988 2974 τῶν
1031 2922 1255 2993 κωμῶν,
1292 2919 1380 2974 καὶ
1411 2917 1506 2975 οὒκ
1537 2916 1725 2983 ’ἔξωθεν
1760 2917 1830 2981 εἷς
1875 2916 1970 2979 τὰς

319 3006 620 3073 ἐκκλησίας
664 3008 840 3065 αὒτῶν
873 3004 1330 3088 χειροτονεῖσθαι,
1383 3006 1523 3064 ὥστε
1567 3008 1845 3063 συντελεῖν
1873 3006 1973 3072 τὴν

318 3096 463 3154 ἰδίαν
506 3096 862 3152 καπιτατιόνα
904 3087 998 3153 καὶ
1040 3097 1102 3151 τὸ
1146 3095 1434 3170 δημόσιον,
1493 3087 1555 3151 Ἠ
1606 3093 1661 3150 δὲ
1695 3096 1793 3169 ις’
1828 3093 1971 3155 διάτ.

324 3192 427 3243 τοῦ
485 3185 646 3241 αὖτοῦ
693 3184 900 3261 τίτλου,
948 3186 1038 3242 καὶ
1084 3185 1115 3252 ἦ
1151 3182 1202 3261 β’
1232 3193 1327 3242 τοῦ
1356 3184 1410 3241 α’
1437 3185 1542 3247 τίτ,
1582 3189 1690 3239 τῶν
1733 3188 1973 3262 Νεαρῶν,

326 3276 461 3355 φασὶ
504 3276 627 3339 τοὺς
670 3274 1099 3353 ἐναπογράφους,
1131 3274 1219 3329 καὶ
1249 3273 1490 3329 ἀκόντων
1529 3279 1635 3329 τῶν
1674 3271 1972 3346 δεσποτῶν,

328 3365 392 3421 ἒν
430 3376 555 3430 ταῖς
584 3364 708 3421 κατ’
766 3365 955 3429 αὐτοὺς
999 3364 1225 3433 κτήσεσι
1278 3364 1709 3442 χειροτονεῖσθαι
1747 3380 1761 3395 ’
1809 3358 1893 3441 ἐφ’
1935 3361 1981 3435 ᾧ

2044 1845 2499 1927 positionem,et
2519 1860 2815 1920 nusquam
2840 1860 3127 1905 exercere
3157 1861 3227 1906 ac
3250 1844 3488 1925 operari
3509 1863 3687 1927 posse

2043 1935 2115 1995 ad
2151 1934 2281 2013 ejus
2314 1932 2413 2013 qui
2439 1932 2735 1994 ordinavit
2769 1932 3075 2011 injuriam.

2125 2022 2290 2088 CAP.
2321 2021 2581 2087 XXXIV.
2614 2055 2693 2070 -
2717 2020 2806 2083 De
2832 2021 3213 2103 periodeutis
3232 2028 3289 2085 et
3317 2024 3392 2088 de
3415 2024 3687 2090 ecclesiis

2044 2114 2398 2176 rusticanis.

2367 2201 2637 2265 Consilii
2670 2199 3008 2263 Laodiceni
3037 2217 3232 2264 canon
3259 2201 3360 2266 57.

2129 2293 2204 2355 57
2217 2342 2229 2355 .
2262 2289 2429 2363 Quod
2463 2309 2583 2352 non
2613 2290 2673 2351 in
2703 2290 2848 2352 vicis
2903 2297 2964 2351 et
2997 2289 3160 2370 pagis
3192 2291 3508 2374 episcopos
3539 2313 3688 2357 con-

2049 2380 2234 2455 stitui,
2271 2380 2377 2441 sed
2415 2381 2546 2441 [02
2580 2378 2987 2460 periodeutas,
3022 2380 3137 2441 hoc
3170 2387 3283 2461 est,
3319 2382 3692 2447 circumcur-

2049 2477 2321 2545 satores;
2354 2488 2457 2532 eos
2483 2478 2682 2531 autem
2716 2468 2820 2549 qui
2854 2466 3021 2548 prius
3070 2470 3379 2533 constituti
3424 2471 3690 2550 fuerunt,

2051 2558 2201 2621 nihil
2231 2575 2407 2637 agere
2458 2557 2590 2619 sine
2650 2564 2853 2618 mente
2901 2556 3171 2637 episcOpi
3203 2558 3307 2638 qui
3342 2569 3431 2621 est
3460 2560 3518 2622 in
3546 2560 3694 2624 civi-

2053 2658 2194 2710 tate.
2227 2646 2519 2710 Similiter
2547 2654 2747 2708 autem
2807 2652 2865 2707 et
2916 2644 3293 2727 presbyteros
3339 2648 3491 2712 nihil
3518 2668 3695 2731 agere

2052 2737 2185 2800 sine
2219 2744 2423 2799 mente
2452 2735 2748 2817 episcopi.
3191 2735 3194 2738 ’

2137 2826 2388 2889 Temtus.
2425 2826 2631 2889 Const.
2673 2842 2737 2897 ιι,
2765 2823 2860 2886 tit.
2885 2824 2945 2900 3,
2979 2824 3085 2889 lib.
3110 2841 3156 2900 ι,
3182 2825 3346 2903 dicit,
3368 2845 3438 2891 ex
3491 2828 3692 2912 [ipsis]

2055 2915 2545 2998 possessionibus
2597 2920 2658 2975 et
2712 2913 2883 2988 vicis,
2940 2933 3058 2976 non
3115 2922 3311 2977 autem
3340 2917 3604 2996 aliunde,
3637 2919 3701 2982 in

2056 3006 2346 3068 ecclesias
2373 3005 2638 3086 ipsorum
2665 3003 2930 3065 ordinari
2960 3002 3277 3087 [debere],
3309 3015 3371 3068 ut
3392 3007 3701 3089 propriam

2057 3095 2484 3177 capilationem
2504 3112 2573 3155 ac
2593 3091 2846 3170 vectigal
2871 3092 3278 3158 contribuant.
3304 3095 3702 3161 Constit.vero

2059 3185 2135 3248 46
2164 3183 2433 3265 ejusdem
2464 3182 2553 3245 tit.
2587 3189 2648 3245 et
2678 3181 2738 3256 ἓ,
2776 3181 2867 3244 tit.
2904 3180 3291 3246 Novellarum
3331 3186 3520 3263 aiunt,
3551 3207 3700 3251 ceu-

2061 3273 2231 3335 sibus
2264 3280 2601 3352 annotatos,
2637 3271 2816 3333 etiam
2875 3271 3075 3333 invitis
3118 3273 3291 3355 [agri]
3319 3276 3607 3360 dominis,
3639 3277 3705 3341 in

2063 3363 2137 3425 iis
2158 3362 2381 3424 vicisin
2406 3360 2624 3442 quibus
2650 3360 3287 3450 mans_itant,ordinari:
3312 3365 3424 3445 [ita
3445 3369 3703 3450 tamen,]

328 3454 422 3511 διὰ
483 3461 586 3510 τῶι
612 3453 888 3511 δεσποτῶν
917 3455 1018 3521 τὴν
1062 3453 1424 3510 καπιτατιόνα
1455 3452 1759 3527 συντελετν,
1790 3454 1880 3508 καὶ
1908 3449 1976 3508 δι’

2072 3460 2126 3513 ut
2157 3452 2579 3532 capitationem
2634 3448 3041 3527 contribuere,
3093 3460 3159 3514 et
3205 3471 3314 3534 per
3358 3448 3707 3519 substitutos

327 3545 777 3602 ὃποκαταστάτου
798 3544 1160 3623 λειτουργεῖν.

422 3729 677 3785 ΚΕΦΑΛ.
752 3723 884 3783 ΛΕ’.
944 3759 1021 3771 -
1082 3723 1207 3801 Περὶ
1250 3729 1345 3780 τοῦ
1397 3723 1500 3779 ὕπὸ
1555 3723 1646 3779 τὸν
1693 3720 1986 3779 ἐπίσκοπον

332 3819 438 3882 τῆς
499 3812 705 3878 πόλεως
762 3816 904 3869 εἶναι
958 3814 1083 3877 τοὺς
1147 3810 1439 3891 κληρικοὺς
1511 3818 1618 3869 τῶν
1691 3811 1981 3892 πτωχείων

333 3905 429 3962 καὶ
465 3904 839 3980 μοναστηρίων
868 3903 957 3960 καὶ
991 3903 1341 3981 μαρτυρείων.

702 3990 930 4048 Συνόδου
964 3990 1312 4058 Χαλκηδόνος
1342 3992 1518 4048 κανὼν
1548 3988 1625 4064 η’.

419 4081 502 4150 η’.
540 4084 599 4140 Οἱ
641 4080 891 4159 κληρικοὶ
921 4080 1028 4137 τῶν
1062 4080 1351 4159 πτωχείων
1382 4082 1470 4137 καὶ
1492 4082 1866 4162 μοναστηρίων
1890 4081 1985 4138 καί

343 4174 701 4251 μαρτυρείων,
733 4171 836 4227 ὑπὸ
892 4171 993 4238 τὴν
1049 4167 1289 4234 ἐξουσίαν
1345 4172 1451 4227 τῶν
1483 4169 1538 4226 ἐν
1584 4169 1786 4250 ἑκάστῃ
1831 4172 1986 4229 πόλει

338 4262 656 4319 ὲπισκόπων
698 4260 835 4317 κατὰ
877 4259 978 4327 τὴν
1031 4266 1139 4318 τῶν
1183 4259 1347 4340 ἁγίων
1405 4259 1652 4339 Πατέρων
1697 4260 1988 4341 παράδοσιν

342 4351 766 4428 διαμενέτωσαν,
829 4351 918 4407 καὶ
980 4350 1057 4427 μὴ
1098 4351 1237 4408 κατὰ
1280 4348 1562 4407 αὐθάδειαν
1604 4351 1989 4432 ἀφηνιάτωσαν

343 4445 443 4500 τοῦ
467 4441 599 4498 ἰδίου
633 4438 954 4502 ἐπισκόπου.
990 4442 1051 4499 Οἱ
1080 4438 1135 4496 δὲ
1166 4437 1476 4514 τολμῶντες
1521 4439 1837 4519 ἀνατρέπειν
1894 4442 1996 4512 τήν

345 4532 603 4598 τοιαύτην
647 4528 971 4587 διατύπωσιν
1005 4526 1120 4588 καθ’
1171 4527 1485 4598 οἱονδήποτε
1529 4530 1749 4608 τρόπον,
1796 4532 1995 4607 καὶμὴ

346 4620 779 4696 ὑποταττόμενοι
835 4625 915 4694 τῷ
967 4617 1080 4693 ἰδίῳ
1136 4617 1439 4692 ἐπισκόπῳ,
1487 4619 1531 4675 εἰ
1589 4618 1687 4694 μὲν
1720 4620 1836 4678 εἶεν
1864 4621 1997 4691 κλη-

348 4712 513 4792 ρικοὶ,

2065 3541 2290 3603 ruralia
2322 3539 2611 3622 obsequia
2663 3538 2933 3619 exsequi,
2967 3557 3078 3620 per
3125 3540 3403 3605 dominos
3432 3547 3703 3626 compel-

2066 3632 2289 3694 lantur.

2150 3719 2318 3784 CAP.
2338 3715 2735 3783 XXXV.-—Ut
2757 3720 3030 3800 episcopo
3048 3720 3226 3783 urbis
3250 3721 3489 3785 subsint
3502 3722 3708 3788 clerici

2065 3819 2186 3875 tam
2211 3812 2277 3873 in
2300 3807 2638 3889 hospitibus
2689 3826 3056 3891 pauperum,
3090 3827 3277 3890 quam
3302 3812 3370 3874 in
3411 3824 3705 3878 monaste-

2067 3901 2200 3976 riis,
2236 3898 2332 3962 vel
2372 3899 2516 3961 locis
2546 3915 2676 3979 qua
2704 3901 2995 3962 dicuntur
3022 3902 3339 3978 martyria
3370 3911 3706 3968 versantes.

2340 3987 2601 4051 Consilii
2634 3986 3140 4051 Chalcedonensis
3169 4007 3361 4053 canon
3380 3991 3441 4055 8.

2150 4079 2187 4141 8
2247 4077 2465 4143 Clerici
2495 4078 3623 4158 ptochotrophioru‘m,monasteriorum
3650 4090 3711 4148 et

2070 4168 2433 4245 templorum
2460 4165 2926 4247 martyrum,sub
2953 4175 3241 4248 potestate
3263 4170 3706 4253 episcoporum,

2071 4261 2175 4343 qui
2205 4266 2348 4323 sunt
2377 4257 2436 4319 in
2470 4275 2832 4339 unaquaque
2857 4256 3199 4332 civitate,ex
3231 4267 3572 4324 sanctorum
3603 4259 3714 4325 Pa-

2073 4360 2232 4414 trum
2265 4348 3033 4428 traditione,permaneant,
3061 4357 3122 4410 et
3144 4368 3263 4412 non
3286 4368 3396 4431 per
3423 4369 3713 4432 arrogan-

2083 4441 2222 4504 tiam
2256 4457 2322 4503 se
2349 4457 2382 4501 a
2419 4438 2662 4519 proprio
2695 4437 3329 4520 episcopo,imperium
3363 4442 3492 4522 ejus
3514 4441 3718 4505 detre-

2079 4538 2332 4605 ctantes,
2379 4526 2736 4589 subducant.
2773 4526 2885 4601 Qui
2918 4528 3074 4591 hanc
3099 4536 3297 4592 autem
3332 4531 3717 4593 constitutio-

2078 4639 2218 4683 nem
2247 4628 2520 4682 avertere
2551 4617 2683 4679 ausi
2708 4617 2953 4694 fuerint,
2977 4619 3029 4681 si
3060 4628 3262 4681 autem
3297 4620 3599 4697 monachi,
3623 4621 3717 4684 vel

601 4722 724 4774 τοῖς
808 4715 914 4766 τῶν
999 4710 1238 4767 κανόνων
1320 4709 1721 4767 ὑποκείσθωσαν
1805 4710 1976 4769 ἐπιτι-

2078 4709 2241 4787 laici,
2265 4709 2382 4771 sint
2411 4705 2936 4771 excommunicati.

348 4779 538 4881 μίοιξ*
604 4801 649 4857 εί
691 4797 748 4856 δὲ
817 4805 1142 4876 μονάζοντες
1197 4797 1234 4868 ἢ
1285 4796 1493 4877 λα’ἰκοὶ,
1558 4797 1797 4860 ἔστωσαν
1824 4779 2057 4861 ἆκοι-ο

350 4891 608 4958 νώνητοι.

436 4984 689 5043 ΚΕΦΑΛ.
718 4975 869 5054 ag".
896 5009 981 5025 —
1009 4979 1132 5056 Περὶ
1164 4975 1368 5035 δούλων
1394 4976 1800 5059 κληρουμένων,

822 5067 1171 5127 Ἀποστόλων
1197 5069 1375 5126 κανὼν
1398 5068 1518 5146 πβ³.

435 5160 555 5239 πβν,
602 5158 825 5222 om“;
868 5161 943 5223 εἷς
1003 5158 1205 5238 κλῆρον
1245 5160 1680 5240 προχειρίζεσθαι
1725 5160 1849 5218 ἄνευ
1896 5166 1997 5229 τῆς

352 5257 466 5310 τῶν
523 5248 798 5308 δεσποτῶν
856 5249 1109 5329 γνώμης,
1154 5252 1252 5309 οὒκ
1291 5248 1654 5327 ἐπιτρέπομεν
1710 5251 1798 5307 ἐπὶ
1858 5250 2003 5328 λύπῃ

356 5347 466 5399 τῶν
523 5339 872 5414 κεκτημένων
909 5357 925 5376 ·
986 5337 1156 5396 οἴκων
1214 5360 1316 5417 γαρ
1346 5338 1659 5418 ἀνατροπὴν
1700 5341 1763 5396 τὸ
1791 5339 2006 5398 τοιοῦτο

363 5430 665 5510 ἰργάζεται.
711 5431 770 5487 Ei
798 5428 854 5485 δέ
883 5448 1014 5486 ποτε
1044 5426 1138 5485 καί
1172 5425 1317 5494 ἄξιος
1348 5428 1538 5507 φανείη
1596 5429 1815 5497 οἰκέτης
1870 5431 2005 5509 πρὸς

363 5520 703 5602 γειροτονίαν
730 5518 959 5597 βαθμοῦ,
991 5516 1115 5582 οἶος
1174 5517 1265 5575 καὶ
1316 5518 1344 5574 6
1387 5518 1651 5600 ἡμέτερος
1711 5517 2007 5596 Ὀνήσιμος

2075 4973 2480 5045 CAP.XXXVI
2492 4974 2659 5040 .-De
2672 4975 2862 5038 servis
2878 4975 2986 5056 qui
2996 4976 3059 5037 in
3071 4974 3298 5039 clerum
3312 4977 3718 5061 recipiuntur.
3772 4982 3793 4993 ’

2498 5064 2933 5143 Apostolorum
2964 5081 3165 5128 canon
3199 5066 3303 5130 82.

2161 5158 2238 5219 82
2261 5156 2638 5238 [8|].Servos
2660 5153 2721 5214 in
2745 5152 2975 5216 clerum
2998 5156 3246 5236 provehi
3264 5155 3396 5221 sine
3418 5158 3724 5224 voluntate

2091 5246 2228 5309 105
2258 5244 2663 5332 dominorum,
2700 5260 2829 5332 non
2846 5243 3359 5323 permittimus,ad
3380 5265 3589 5311 eorum
3620 5248 3726 5332 qui

2091 5334 2400 5419 possident
2429 5330 3126 5396 molestiam.Domorum
3159 5335 3321 5399 enim
3347 5330 3720 5404 eversionem

2089 5426 2232 5490 talia
2260 5422 2561 5486 efﬁciunt.
2585 5420 2646 5483 Si
2666 5422 2906 5504 quando
2926 5432 3122 5488 autem
3146 5426 3324 5489 etiam
3349 5428 3564 5509 dignus
3592 5447 3728 5493 ser-

2087 5532 2196 5581 vus
2211 5514 2375 5577 visus
2396 5512 2494 5590 sit,
2519 5510 2622 5594 qui
2643 5510 2716 5575 ad
2738 5513 2984 5595 gradum
3006 5514 3284 5599 eligatur,
3308 5517 3503 5601 qualis
3524 5527 3728 5583 noster
