4148 6198
594 371 713 442 559

1780 367 2046 444 ΡΗΟΤΙΙ
2088 373 2608 446 PATRIARCHE
2649 377 2763 445 ΕΡ.

3779 70 3794 74 “
3839 72 4070 89 thr—.-

4005 97 4024 106 σ-

3823 386 3934 455 560

588 527 826 593 quoque
855 508 1174 573 Onesimus
1204 503 1362 571 visus
1393 517 1504 584 est,
1539 516 1596 572 et
1649 508 1878 573 domini
1905 530 2210 576 concessa

2308 514 2502 596 ἐφάνη,
2570 518 2658 573 καὶ
2712 515 3166 595 συγχωρήσουσιν
3230 515 3278 574 οἱ
3340 512 3594 576 δεσπόται
3651 520 3737 576 καὶ
3790 520 3935 582 ἔλευ-

587 599 711 662 rint
740 618 808 662 ac
838 599 1243 680 liberaverint,
1278 607 1338 662 et
1365 597 1594 662 aedibus
1624 599 1955 678 emiserint,
1994 603 2116 666 ﬁat.

667 779 873 842 Const.
907 777 1010 854 36,
1037 778 1132 840 tit.
1159 778 1236 840 39
1266 777 1374 843 lib.
1405 795 1447 854 ι,
1477 779 1708 842 ced.ait
1737 797 1975 842 servum
2010 798 2086 841 ne
2117 798 2223 842 vo-

587 869 748 931 lente
798 867 1042 950 quidem
1107 868 1349 932 domino
1400 870 1686 932 clericum
1720 869 1876 943 ﬁeri,
1911 869 2026 932 nisi
2059 870 2225 950 prius

585 958 1058 1022 manumittatur.
1092 957 1296 1022 Const.
1333 959 1395 1036 2,
1434 961 1520 1022 tit.
1562 961 1586 1020 1
1625 958 2000 1022 Novellarum
2033 961 2137 1023 ait:
2160 958 2224 1022 Si

580 1047 810 1110 sciente
841 1066 1036 1128 neque
1076 1048 1532 1110 contradicente
1563 1049 1810 1111 domino
1843 1049 2104 1112 clericus
2133 1049 2223 1111 fa-

579 1146 710 1200 ctus
741 1137 941 1216 fuerit,
963 1138 1161 1219 [eum]
1183 1138 1438 1201 liberum
1459 1156 1692 1216 esse,ac
1716 1139 1846 1202 ﬁeri
1866 1139 2220 1218 ingenuum.

577 1226 641 1289 Si
670 1245 809 1290 vero
843 1227 1175 1308 [dominus]
1207 1246 1340 1290 cum
1400 1227 1754 1306 ignorasset,
1809 1228 1964 1290 intra
1993 1247 2216 1290 annum

578 1316 698 1397 [illi
727 1318 925 1398 suam]
959 1317 1260 1379 fortunam
1289 1317 1585 1397 ostendat,
1617 1317 1786 1397 [eum
1818 1317 1985 1379 illum
2020 1315 2218 1401 posse]

573 1409 872 1487 recipere.
907 1406 1233 1488 [Denique]
1265 1407 1522 1470 liberum
1551 1407 1851 1479 factum,si
1881 1411 2220 1470 mundanus

577 1496 699 1570 ﬁat,
724 1496 968 1558 domino
997 1514 1105 1558 suo
1125 1496 1186 1558 in
1211 1495 1563 1558 servitutem
1585 1494 1994 1558 tradi.Eadem
2021 1504 2216 1560 const.

575 1585 722 1648 dicit
779 1589 1189 1666 episcOpatum
1251 1604 1284 1647 a
1333 1586 1534 1648 servili
1584 1595 1763 1666 atque
1793 1586 2216 1665 ascriptiorum

576 1673 944 1749 conditione,
965 1683 1024 1737 et
1052 1693 1086 1736 a
1112 1677 1300 1756 patria
1329 1683 1622 1756 potestate
1650 1675 2111 1748 liberare.Quod
2132 1676 2218 1757 ip-

573 1783 709 1826 sum
739 1781 884 1827 sane
912 1765 1092 1826 etiam
1126 1765 1374 1828 Novella
1403 1765 1504 1843 8|,
1533 1785 1664 1846 quae
1695 1767 1897 1839 tradit,
1933 1785 2038 1846 per
2069 1785 2216 1847 quas

2311 605 2625 682 θερώσουσι,
2713 605 2801 661 καὶ
2862 611 2952 660 τοῦ
3013 603 3171 664 οἴκου
3240 607 3442 663 ἑαυτῶν
3511 606 3930 685 ἓξαποστείλωσι,

2309 694 2558 772 γινέσθω,

2392 775 2454 838 Ἠ
2486 781 2541 840 δὲ
2573 782 2688 858 λς’
2718 781 2953 850 διάταξις
2979 784 3072 842 τοῦ
3103 785 3154 864 γ’
3185 787 3400 849 τίτ,τοῦ
3430 785 3482 843 α’
3512 785 3757 864 βιϐλ,τοῦ
3785 791 3931 865 κώδ,,

2307 874 2490 952 ψισὶν,
2525 872 2606 930 ὅτι
2641 872 2853 947 δοῦλος,
2916 873 3033 932 οὔτε
3092 877 3229 932 κατὰ
3275 876 3499 954 γνώμην
3558 885 3649 935 τοῦ
3692 876 3936 937 δεσπότου

2305 960 2622 1042 κληρῶται,
2669 965 2714 1020 εἰ
2746 964 2826 1038 μὴ
2857 963 3117 1041 πρότερον
3145 964 3498 1043 ἔλευθερωθῇ,
3542 968 3608 1023 Ἦ
3642 965 3696 1022 δὲ
3725 966 3775 1045 β’
3804 967 3931 1026 διάτ.

2302 1057 2398 1108 τοῦ
2441 1051 2496 1108 α’
2525 1053 2631 1111 τίτ.
2693 1053 2798 1108 τῶν
2861 1058 3100 1131 Νεαρῶν,
3163 1058 3325 1134 φησὶν
3356 1053 3438 1111 ὅτι
3471 1057 3564 1111 ἐὰν
3592 1059 3936 1134 γινώσκοντος

2303 1141 2391 1196 καὶ
2450 1142 2529 1214 μὴ
2589 1140 2964 1218 ἀντιλέγοντος
2995 1149 3091 1198 τοῦ
3121 1140 3381 1200 δεσπότου
3410 1143 3690 1225 κληρωθῇ⁷
3734 1146 3936 1204 ἐλευθε-

2303 1231 2490 1306 ροῦταί
2549 1231 2636 1287 καὶ
2694 1230 2916 1308 εὖγενὴς
2977 1232 3206 1310 γίνεται.
3255 1235 3313 1289 Ei
3375 1231 3428 1290 δὲ
3489 1234 3761 1313 ἠγνόησεν
3814 1237 3938 1294 εἴσω

2302 1319 2543 1376 ἐνιαυτοῦ
2585 1318 2790 1384 δεικνὺς
2840 1320 2940 1388 τήν
2998 1323 3198 1401 τύχην,
3258 1320 3525 1397 λαμϐάνει
3571 1325 3751 1388 αὐτόν,
3795 1326 3853 1384 '0
3889 1326 3938 1382 δὲ

2303 1405 2766 1486 ἐλευθερούμενος,
2826 1409 2917 1466 ἐὰν
2973 1412 3234 1486 κοσμικὸς
3292 1412 3543 1488 γένηται,
3605 1412 3934 1492 παραδίδοται

2304 1498 2378 1560 εἷς
2423 1495 2668 1554 δουλείαν
2697 1503 2775 1571 τῷ
2804 1496 3038 1576 δεσπότῃ
3075 1503 3256 1562 αὐτοῦ,
3295 1493 3357 1556 Ἠ
3418 1499 3474 1557 δὲ
3535 1502 3670 1570 ἀῦτὴ
3715 1501 3933 1570 διάταξις

2299 1585 2471 1660 λέγει,
2505 1587 2588 1644 ὅτι
2620 1589 2652 1655 ἡ
2687 1587 2981 1661 ἐπισκοπῆ,
3029 1591 3116 1645 καὶ
3167 1587 3420 1658 δουλικῆς
3453 1593 3544 1646 καὶ
3573 1594 3934 1673 ὲναπογράφου

2297 1680 2474 1756 τύχης
2504 1676 2776 1754 ἐλευθεροῖ
2819 1679 2907 1734 καὶ
2964 1677 3411 1746 ὑπεξουσιότητος
3448 1694 3462 1708 ⁸
3497 1681 3561 1736 τὸ
3591 1681 3717 1737 αύτὸ
3746 1679 3798 1737 δὲ
3841 1684 3931 1740 καί

2295 1765 2437 1832 εηοε’
2469 1767 2630 1844 νεαρὰ
2684 1768 2718 1834 ἡ
2771 1764 3206 1842 διαλαμϐάνουσα
3264 1767 3348 1825 διὰ
3410 1771 3580 1826 ποίων
3627 1769 3932 1848 ἀξιωμάτων

573 1853 896 1933 dignitates
925 1855 1110 1917 curiae
1141 1853 1347 1935 [nexu]
1383 1856 1692 1936 patriaque
1740 1863 2032 1936 potestate
2081 1855 2210 1938 quis

2295 1855 2672 1935 βουλευτηρίου
2711 1879 2794 1920 τις
2838 1855 3200 1932 ἐλευθεροῦται
3231 1859 3318 1915 καὶ
3349 1858 3796 1928 ὑπεξουσιότητος
3831 1878 3844 1894 ⁸
3897 1865 3928 1932 ἦ

571 1942 892 2008 liberetur.

651 2031 820 2097 CAP.
854 2031 1112 2098 XXXVI.
1144 2067 1222 2078 —
1257 2032 1346 2097 De
1375 2034 1764 2107 diaconissis.
1798 2041 1856 2097 et
1902 2035 2058 2114 quod
2085 2053 2212 2098 mu-

569 2119 690 2186 lier
710 2122 1176 2204 presbyteralem
1201 2123 1561 2202 dignitatem
1587 2142 1712 2186 non
1741 2125 2025 2189 obtineat.

941 2211 1204 2276 Consilii
1226 2211 1467 2276 Nicwni
1497 2231 1697 2276 canon
1731 2215 1828 2276 19.

647 2303 746 2366 19.
779 2301 864 2365 De
889 2301 1295 2378 Paulianistis,
1330 2303 1432 2383 qui
1490 2302 1712 2364 deinde
1763 2302 1839 2364 ad
1891 2301 2209 2365 ecclesiam

565 2392 986 2472 confugerunt,
1021 2398 1303 2453 statutum
1336 2399 1447 2468 est,
1489 2401 1555 2454 ut
1584 2391 1626 2452 ii
1671 2392 1916 2454 omnino
1943 2392 2207 2474 rebapti-

566 2489 796 2543 zentur.
832 2480 893 2543 Si
923 2480 1027 2562 qui
1048 2499 1188 2542 vero
1223 2489 1492 2562 tempore
1524 2484 1826 2562 prteterito
1857 2481 1918 2543 in
1951 2482 2208 2545 clerico-

567 2588 700 2633 rum
735 2579 990 2631 numero
1015 2579 1207 2643 erant,
1243 2570 1295 2631 si
1342 2570 1582 2650 quidem
1635 2589 1670 2632 a
1698 2571 1871 2651 culpa
1903 2579 1962 2633 et
1992 2589 2207 2648 repre-

566 2659 863 2721 hensione
894 2658 1083 2736 aliqui
1115 2659 1225 2720 visi
1255 2658 1501 2733 fuerint,
1536 2659 1884 2740 rebaptizali
1913 2659 2206 2721 ordinen-

567 2755 668 2810 tur
695 2767 729 2810 a
757 2746 1070 2810 catholica;
1105 2747 1240 2810 104
1288 2746 1574 2810 Ecclesiae
1627 2748 1936 2830 episcopo.
1976 2747 2039 2812 Si
2068 2767 2205 2811 vero

565 2836 929 2900 examinatio
959 2855 1064 2899 eos
1109 2856 1228 2899 non
1279 2856 1413 2900 esse
1443 2845 1612 2918 aptos
1644 2838 2064 2919 deprehendit,
2098 2839 2204 2901 de-

567 2928 705 3009 poni
738 2945 843 2990 eos
866 2934 1119 3008 oportet.
1157 2927 1448 2990 Similiter
1483 2938 1682 2990 autem
1709 2936 1768 2989 et
1797 2929 1871 2989 de
1901 2927 2207 2990 diaconis-

563 3021 669 3094 sis,
695 3026 754 3081 et
777 3015 1022 3080 omnino
1054 3017 1128 3080 de
1185 3016 1470 3080 omnibus
1500 3018 1600 3098 qui
1631 3020 1795 3079 inter
1825 3017 2081 3082 clericos
2105 3037 2207 3080 an-

563 3115 982 3177 numerantur.
1015 3106 1228 3169 eadem
1258 3108 1453 3169 forma
1495 3105 1851 3170 servabitur.
1885 3106 2206 3170 Diacouis-

563 3215 763 3260 sarum
796 3207 1000 3260 autem
1034 3197 1415 3258 meminimus
1446 3215 1581 3274 qua:
1611 3196 1672 3258 in
1715 3196 1922 3259 habitu
1955 3195 2200 3277 quidem

2294 1946 2396 2024 γὰρ
2424 1945 2472 2003 ο’
2515 1947 2676 2025 νεαρὰ
2706 1946 3018 2004 ἐπισκόπων
3047 1949 3107 2004 οὗ
3132 1947 3428 2022 μέμνηται,
3455 2014 3464 2021 _

2377 2041 2606 2093 ΚΕΦΑΛ
2637 2035 2762 2098 ΛΖ’.
2796 2069 2874 2080 -
2909 2038 3032 2116 Περὶ
3078 2035 3457 2114 διακονισσῶν,
3493 2039 3582 2096 καὶ
3611 2039 3690 2096 ὅτι
3721 2040 3846 2120 γυνὴ
3874 2045 3927 2100 ού

2292 2124 2494 2202 γίνεται
2524 2122 2876 2204 πρεσϐυτέρα,

2709 2213 2939 2271 Συνόδου
2970 2216 3190 2279 Νικαίας
3223 2217 3397 2273 κανὼν
3435 2215 3531 2281 ιθ’.

2375 2301 2466 2365 ιθ’.
2499 2303 2624 2382 Περὶ
2651 2309 2757 2360 τῶν
2819 2306 3313 2386 Παυλιανισάντων,
3364 2307 3493 2364 εἶτα
3527 2310 3922 2387 προσφυγόντων

2291 2397 2358 2470 τῇ
2399 2392 2662 2470 καθολικῇ
2731 2393 3055 2469 Ἐκκλησία,
3105 2393 3226 2472 ὅρος
3285 2395 3581 2454 ἐκτέθειται
3642 2396 3918 2456 ἆναόαπτί-

2290 2485 2468 2552 ζεσθαι
2501 2483 2687 2546 αὖτοὺς
2743 2481 3060 2548 ἐξάπαντος.
3102 2486 3160 2541 Εἰ
3198 2483 3253 2540 δέ
3302 2508 3444 2550 τινες
3508 2495 3586 2562 τῷ
3625 2487 3918 2566 παρεληλυ-

2289 2571 2402 2628 θότι
2456 2571 2637 2651 χρόνῳ
2715 2571 2770 2632 ἐν
2852 2577 2930 2646 τῷ
3008 2571 3194 2652 κλήρῳ
3251 2571 3647 2656 ἐξητάσθησαν,
3723 2580 3766 2635 εἰ
3832 2580 3916 2638 μὲν

2289 2658 2565 2736 ἄμεμπτοι
2612 2671 2699 2716 καί
2741 2661 3100 2729 ἀνεπίληπτοι
3145 2676 3392 2742 φανεῖεν,
3455 2664 3916 2731 ἆναϐαπτισθέντις

2290 2750 2802 2829 γειροτονείσθωσαν
2841 2753 2944 2808 ὑπὸ
2987 2759 3081 2809 τοῦ
3136 2753 3234 2820 τῆς
3289 2752 3583 2822 καθολικῆς
3615 2755 3914 2819 Ἐκκλησίας

2289 2840 2611 2900 ἐπισκόπο).
2661 2842 2718 2897 Ei
2778 2838 2833 2896 δὲ
2893 2843 2927 2910 ἡ
2986 2841 3258 2916 ἀνάκρισις
3310 2842 3713 2912 ἀνεπιτηδείους
3745 2847 3912 2909 αὐτοὺς

2290 2930 2541 3009 εὸρίσκει,
2593 2933 2962 3007 καθαιρεῖσθαι
3032 2931 3222 2995 αὖτοὺς
3295 2935 3597 3008 προσήκει.
3678 2935 3912 2998 Ωσαύτως

2287 3016 2343 3074 δὲ
2389 3021 2476 3075 καὶ
2535 3021 2652 3100 περὶ
2700 3025 2808 3076 τῶν
2863 3018 3236 3098 διακονισσῶν,
3270 3023 3360 3078 καὶ
3390 3022 3535 3088 ὅλως
3578 3024 3691 3103 περὶ
3731 3025 3831 3081 τῶν
3864 3025 3911 3081 ἰν

2285 3115 2363 3182 τῷ
2405 3110 2588 3167 κανόνι
2631 3106 3045 3184 ὶξεταζομένων,
3107 3113 3134 3168 ὁ
3192 3113 3346 3178 αότὸς
3399 3113 3572 3178 τύπος
3632 3113 3909 3194 περιφυλα-

2286 3198 2576 3277 χθησεται,
2611 3196 2958 3275 ἐμνήσθημεν
2996 3197 3051 3256 δὲ
3095 3206 3201 3257 τῶν
3241 3200 3600 3261 διακονισσῶν
3629 3205 3730 3261 τῶν
3761 3205 3811 3260 ἐν
3844 3204 3908 3277 τῷ

563 3295 909 3360 censentur,
943 3284 1220 3366 quoniam
1277 3303 1390 3348 nec
1445 3285 1626 3348 ullam
1663 3285 1884 3347 habent
1918 3304 2201 3349 manuum

2295 3287 2542 3368 σχήματι
2598 3286 3000 3364 ἐξετασθεισῶν,
3065 3288 3182 3347 ἐπεὶ
3243 3289 3379 3367 μηδὲ
3435 3293 3768 3373 χειροθεσίαν
3807 3293 3908 3349 τινὰ

561 3374 1029 3456 impositionem,
1063 3383 1131 3438 ut
1187 3375 1433 3438 omnino
1486 3376 1639 3437 inter
1669 3375 1856 3439 laicos
1885 3375 2030 3456 ipsae
2061 3394 2200 3438 con-

558 3477 978 3530 numerentur.

885 3554 1144 3620 Consilii
1172 3554 1503 3618 Laodiceni
1532 3572 1728 3617 canon
1761 3555 1858 3617 11.

648 3655 735 3709 lt.
771 3645 899 3708 Non
923 3653 1203 3726 oportere
1228 3662 1332 3707 eas
1353 3662 1489 3724 quae
1517 3644 1802 3706 dicuntur
1834 3641 2203 3726 presbyteraa

557 3747 615 3801 et
646 3737 1061 3820 praesidentes,
1091 3735 1152 3797 in
1184 3734 1458 3798 ecclesiis
1485 3735 1788 3798 constitui.

802 3824 1062 3890 Cone-iiii
1091 3823 1599 3888 Chalcedonensis
1630 3842 1825 3886 canon
1855 3825 1951 3887 15.

639 3918 738 3979 15.
773 3914 1180 3979 Diaconissam
1230 3932 1352 3976 non
1399 3931 1536 3976 esse
1569 3913 1909 3989 mulierem,
1947 3921 2090 3996 etc.,
2125 3921 2197 3977 ut

548 4025 699 4090 pag.
730 4005 870 4071 550.

779 4094 1042 4158 Concilii
1070 4092 1418 4157 meumenici
1448 4092 1608 4156 sexti
1638 4110 1836 4155 canon
1873 4093 1968 4156 14.

638 4186 734 4248 14.
768 4185 1124 4249 Sanctorum
1155 4183 1614 4263 divinorumque
1645 4184 1911 4264 Patrum,
1946 4191 2091 4258 etc.,
2121 4186 2191 4246 ut

590 4292 686 4354 ag.
718 4275 859 4338 551.

548 4293 1139 4426 ραὲλῗῗιὶίΧΧνΙΠ.
1157 4395 1231 4408 -
1263 4361 1580 4437 Quatenus
1598 4378 1710 4443 per
1739 4359 2187 4425 ordinationem

545 4455 796 4529 peccata
823 4451 1164 4514 solvantur.

807 4539 1070 4604 Concilii
1095 4539 1611 4604 Neocaesariensis
1639 4557 1836 4603 canon
1865 4539 1924 4604 9.

623 4628 684 4694 9.
717 4631 779 4692 Si
838 4629 1168 4713 presbyter.
1225 4629 1328 4711 qui
1384 4647 1636 4711 corpore
1689 4630 1855 4712 prius
1887 4647 2184 4711 peccave-

539 4727 653 4798 rat,
686 4729 832 4798 etc.,
865 4727 1092 4804 utpag.
1121 4721 1264 4783 547.

2285 3375 2506 3456 ἔχουσιν
2543 3394 2558 3408 '
2619 3376 2758 3434 ὥστε
2844 3378 3137 3444 ἐξάπαντος
3200 3379 3256 3437 ἐν
3313 3395 3434 3445 τοῖς
3483 3381 3701 3450 λαϊκοῖς
3765 3381 3906 3444 αύτὰς

2283 3465 2610 3538 ἐξετάζεσθαι
2621 3506 2638 3526 .

2647 3554 2875 3613 Συνόδου
2906 3555 3218 3622 Λαοδικείας
3249 3561 3428 3616 κανὼν
3463 3560 3561 3621 ια’.

2365 3642 2462 3706 ια’.
2494 3647 2618 3724 Περὶ
2642 3652 2736 3703 τοῦ
2767 3647 2844 3722 μὴ
2898 3643 3011 3704 δεῖν
3065 3649 3161 3712 τὰς
3209 3647 3515 3726 λεγομένας
3547 3648 3895 3730 πρεσϐύτιδας³

2280 3732 2401 3802 ἤτοι
2433 3735 2868 3814 προκαθημένας,
2902 3734 2954 3792 ἐν
2986 3735 3248 3810 ἐκκλησίᾳ
3275 3740 3641 3798 καθίστασθαι.

2629 3822 2858 3883 Συνόδου
2888 3823 3231 3894 Χαλκηδόνος
3263 3829 3442 3887 κανὼν
3477 3827 3568 3889 ιε’.

2359 3909 2449 3976 ιε’,
2498 3915 2849 3972 Διακόνισσαν
2881 3915 2958 3988 μὴ
2991 3921 3426 3995 χειροτονεῖσθαι
3460 3931 3714 4000 γυναῖκα³
3735 3916 3892 3980 κ.τ,λ.

2516 4093 2743 4152 Συνόδου
2771 4094 3149 4170 οἰκουμενικῆς
3183 4095 3345 4166 ἕκτης
3375 4100 3556 4158 κανὼν
3587 4097 3677 4161 ιδ’.

2352 4181 2414 4240 ιδ’
2425 4233 2440 4248 ,
2477 4174 2536 4244 Ὀ
2587 4191 2693 4242 τῶν
2733 4185 2899 4264 ἁγίων
2961 4186 3051 4243 καὶ
3094 4189 3364 4269 θεοφόρων
3421 4190 3580 4267 ἡμῶν
3639 4186 3887 4265 Πατὲρων,

2270 4294 2324 4336 κ.
2358 4295 2409 4332 τ.
2445 4273 2500 4334 λ.

2355 4367 2604 4423 ΚΕΦΛΔ.
2652 4368 2772 4426 ΛΗ.
2802 4397 2882 4408 -
2926 4364 3051 4442 Περὶ
3107 4367 3214 4423 τῶν
3273 4364 3360 4423 διὰ
3405 4373 3508 4436 τῆς
3572 4364 3884 4450 χειροτονίας

2267 4451 2541 4530 λυομένων
2571 4452 2999 4530 ἆμαρτημάτων,

2590 4539 2820 4600 Συνόδου
2849 4545 3260 4623 Νεοκαισαρείας
3292 4546 3467 4604 κανὼν
3511 4547 3584 4607 θ’.

2345 4632 2418 4695 θ’.
2452 4628 2807 4711 Πρεσϐύτερος
2835 4630 2930 4718 ἐὰν
2955 4637 3393 4714 προημαρτηκὼς
3426 4635 3657 4715 σώματι,
3691 4657 3743 4699 κ,
3765 4655 3811 4696 τ,
3828 4629 3874 4693 λ.
