4018 6206
253 281 367 349 561

1112 284 1532 349 SYNTAGMA
1583 282 1985 348 CANONUM.
2043 317 2119 331 —
2181 285 2340 350 TIT.
2386 287 2468 367 II,
2513 287 2675 352 CAP.
2734 288 2784 349 Ι.

3509 281 3628 348 562

1644 563 2046 652 TITVOZ
2120 552 2246 651 B'.

248 796 408 849 ΠΕΡΙ
446 796 792 849 ΠΟΙΗΣΕ.ὶΣ
845 794 1236 849 ΕΚΚΛΗΖΙΩΝ
1273 795 1384 846 ΚΑΙ
1431 794 1582 846 ΠΕΡΙ
1628 795 1826 846 ΙΕΡΩΝ
1863 794 2136 847 ΣΚΕΥΩΝ
2186 798 2296 847 ΚΑΙ
2349 797 2845 872 ᾹΝΔΘΗΜᾹΤΩΝ,
2887 798 2998 849 ΚΑΙ
3049 795 3396 850 ΚΛΗΡΙΚΩΝ
3442 795 3621 848 ΠΑΡΑ

1126 883 1408 937 ΓΝΩΜΗΝ
1455 883 1849 936 ΕΠΙΣΚΟΠΩΝ
1895 883 2235 938 ΙΣΤΩΝΤΩΝ
2284 887 2722 943 ΘΥΣΙΑΣΤΠΡΙΑ

1521 1203 1655 1266 ὀδ
1699 1223 2172 1310 TITULUS
2243 1225 2352 1308 II.

241 1427 341 1492 DE
373 1428 955 1494 EXSTRUCTIONE
984 1427 1533 1502 ECCLESIARUM,
1568 1426 1662 1492 ET
1686 1426 1781 1490 DE
1813 1425 2080 1491 SACRIS
2103 1427 2319 1494 VASIS
2349 1427 2602 1502 ATQUE
2628 1425 3003 1508 DONARllS,
3037 1428 3133 1492 ET
3167 1428 3262 1494 DE
3291 1425 3623 1494 CLERICIS

847 1523 1174 1588 PRETER
1221 1519 1705 1586 SENTENTIAM
1751 1519 2090 1585 EPISCOPI
2139 1522 2466 1586 ALTARIA
2509 1521 3028 1588 ERIGENTIBUS.

329 1805 727 1859 ΚΕΦΑΔΑΙΟΝ
786 1807 1078 1860 ΠΡΩΤΟΝ.
1107 1833 1187 1844 —
1230 1799 1354 1877 Περὶ
1398 1797 1765 1876 καθιερώσεως
1796 1796 1890 1854 ἑκ-

2059 1793 2297 1859 CAPUT
2358 1793 2670 1858 PRIMUM.
2705 1827 2780 1840 --
2821 1793 2906 1857 De
2948 1793 3404 1857 consecratione
3434 1792 3618 1855 eccle-

244 1889 494 1956 κλησιῶν
564 1891 653 1947 καὶ
743 1889 1075 1969 μαρτυρείων
1161 1888 1239 1964 μή
1322 1889 1564 1969 ἑχόντων
1669 1886 1896 1963 λείψανα

243 1980 440 2057 ἁγίων,

490 2067 719 2128 Συνόδου
766 2066 1135 2146 Καρθαγέννης
1179 2068 1356 2126 κανὼν
1398 2067 1461 2141 ς
1461 2065 1501 2142 ³,
1534 2066 1652 2144 πγ’.

331 2142 489 2214 Ὥστε
520 2157 727 2238 χρίσμα
756 2142 865 2214 and
894 2142 1258 2236 πρεσϐυτέρων
1291 2157 1370 2230 μὴ
1402 2142 1658 2235 γίνεσθαι.

326 2247 391 2322 ς·
395 2246 434 2308 ⁹.
467 2247 870 2325 Φουρτουνάτος
929 2246 1223 2310 ιπίσκοπος
1256 2246 1440 2302 εἷπενο
1474 2245 1564 2302 Ἐν
1597 2256 1722 2309 ταῖς
1754 2267 1894 2323 προ-

243 2334 533 2399 Ααὸούσαις
593 2335 829 2401 συνόδοις
888 2336 1205 2411 μεμνήμεθα
1279 2335 1343 2392 τὰ
1398 2333 1694 2414 ὁρισθέντα,
1753 2335 1891 2392 ὥστε

241 2428 478 2505 χρίσμα,
539 2427 575 2495 ἢ
631 2425 982 2503 καταλλαγὴν
1036 2425 1458 2504 μετανοούντων,
1508 2424 1543 2492 ἢ
1573 2423 1769 2500 κορῶν,
1802 2426 1892 2482 καὶ

237 2518 447 2590 τύπων,
512 2517 602 2573 καὶ
645 2517 786 2572 ναῶν
840 2515 1155 2593 καθιέρωσιν
1219 2515 1326 2571 ἁπὸ
1383 2512 1754 2593 πρεσϐυτέρων
1809 2515 1889 2589 μὴ

239 2608 480 2683 γίνεσθαι
513 2622 529 2639 ⁶
577 2605 667 2661 ἐὰν
709 2603 764 2661 δέ
795 2627 876 2667 τις
909 2605 1119 2683 ἁναφυῇ
1168 2614 1323 2663 τοῦτο
1374 2603 1648 2682 πράττων,
1705 2603 1756 2659 τί
1806 2603 1890 2661 δεῖ

239 2697 362 2771 περὶ
392 2695 587 2752 τούτου
631 2695 801 2771 ὁρίσαι
840 2712 856 2772 ς
919 2692 1189 2769 Αὐρήλιος
1241 2692 1532 2756 ἐπίσκοπος
1581 2693 1741 2749 εἶπεν
1769 2713 1784 2726 ·
1822 2695 1888 2750 Τὸ

237 2783 503 2858 ὑμέτερον
561 2781 769 2858 ἀξίωμα
843 2781 1040 2850 ἤκουσε
1096 2783 1158 2838 τὸ
1228 2782 1514 2862 ἁνενεχθὲν
1581 2781 1724 2859 παρὰ
1794 2788 1888 2838 τοῦ

235 2871 472 2950 ἁδελφοῦ
516 2873 605 2928 καὶ
661 2870 1069 2948 συλλειτουργοῦ
1121 2872 1278 2946 ἡμῶν
1342 2871 1764 2951 Φουρτουνᾶτου,
1838 2873 1888 2927 τί

235 2965 374 3039 πρὸς
419 2968 589 3019 ταῦτα
657 2960 892 3040 λέγετε;
942 2960 1083 3018 Ἀπὸ
1142 2961 1357 3017 πάντων
1415 2967 1522 3016 τῶν
1575 2960 1884 3018 ἐπισκόπων

234 3053 444 3132 ἐλέχθη
482 3070 496 3084 ⁸
553 3051 852 3128 Χρίσματος
901 3051 1146 3129 ποίησις,
1177 3051 1265 3107 καὶ
1314 3055 1486 3128 κορῶν
1543 3050 1879 3128 καθιέρωσις,

1976 1887 2215 1948 siarum
2247 1893 2300 1947 et
2331 1887 2761 1966 martyriorum
2809 1902 2940 1965 qua
2966 1889 3315 1948 sanctorum
3343 1882 3626 1964 reliquiis

1979 1983 2207 2039 carent.

2181 2064 2450 2128 Concilii
2479 2064 2982 2144 Carthaginensis
3010 2080 3208 2127 canon
3237 2062 3296 2139 6,
3325 2061 3426 2125 83.

2065 2154 2142 2217 Ut
2169 2155 2440 2218 chrisma
2466 2172 2502 2216 a
2529 2153 2902 2234 presbyteris
2927 2169 3049 2215 non
3069 2153 3179 2232 ﬁat
3203 2150 3284 2212 39.

2057 2243 2116 2305 6.
2153 2242 2511 2305 Fortunatus
2571 2241 2892 2323 episcopus
2949 2240 3138 2303 dixit:
3201 2242 3267 2304 In
3299 2239 3618 2321 praeteritis

1979 2333 2254 2394 conciliis
2285 2341 2566 2394 statutum
2624 2331 2791 2412 [mss.
2841 2329 3181 2414 constituta]
3232 2329 3620 2392 meminimus

1975 2439 2132 2498 esse,
2161 2421 2506 2484 utchrisma
2563 2421 2654 2484 vel
2705 2419 3118 2483 reconciliatio
3165 2419 3615 2500 paenitentiam,

1975 2531 2209 2575 necnon
2241 2521 2299 2575 et
2353 2513 2686 2594 puellarum
2738 2513 3135 2588 consecratio,
3189 2530 3224 2573 a
3254 2510 3620 2592 presbyteris

1974 2621 2092 2664 non
2123 2603 2268 2664 ﬁant
2304 2621 2317 2667 :
2352 2605 2403 2664 si
2436 2603 2571 2684 quis
2607 2611 2807 2664 autem
2859 2602 3173 2666 emerserit
3222 2603 3336 2663 hoc
3366 2601 3616 2677 faciens,
3684 2604 3689 2610 ’

1973 2691 2112 2771 quid
2146 2692 2221 2754 de
2247 2709 2318 2754 eo
2345 2690 2506 2776 [mss.
2541 2691 2618 2753 de
2652 2692 2796 2774 hoc]
2846 2692 3228 2754 statuendum
3255 2691 3383 2752 sit?
3414 2692 3616 2753 Aure-

1973 2780 2089 2842 lius
2111 2781 2432 2861 episcopus
2463 2780 2609 2842 dixit
2645 2799 2658 2842 :
2687 2781 2926 2843 Audivit
2958 2780 3225 2860 dignatio
3253 2787 3447 2842 vestra
3472 2799 3613 2859 sug-

1972 2869 2310 2948 gestionem
2344 2870 2545 2931 fratris
2576 2878 2636 2932 et
2657 2870 2998 2952 coepiscopi
3033 2869 3221 2932 nostri
3250 2869 3562 2932 Fortunati
3592 2893 3608 2943 ;

1971 2958 2112 3038 quid
2143 2959 2216 3019 ad
2245 2959 2371 3020 haec
2395 2959 2595 3021 dicitis
2622 2959 2647 3022 ἲ
2679 2959 2767 3022 Ab
2801 2960 3100 3022 universis
3129 2957 3431 3040 episcopis
3474 2957 3609 3020 dic-

1970 3055 2092 3108 tum
2127 3057 2216 3110 est
2241 3065 2255 3111 :
2284 3048 2635 3111 Chrismatis
2686 3051 2816 3126 [ms.
2865 3049 3166 3126 chrismaal
3205 3048 3520 3123 confectio,
3550 3058 3610 3112 et

231 3142 347 3198 ἁπὸ
406 3137 778 3219 πρεσϐυτέρων
819 3139 898 3212 μὴ
942 3137 1191 3217 γενηται,
1236 3138 1376 3213 μήτε
1442 3135 1498 3193 δὲ
1557 3136 1884 3203 καταλλάξαι

1974 3137 2304 3216 puellarum
2334 3137 2711 3199 consecratio
2743 3157 2777 3199 a
2812 3137 3176 3220 presbyteris
3201 3157 3321 3200 non
3353 3137 3480 3202 fiat:
3517 3137 3607 3200 vel

227 3233 354 3286 τινὰ
389 3232 464 3292 είς
522 3226 787 3302 δημοσίαν
846 3226 1183 3305 λειτουργίαν
1240 3224 1582 3305 πρεσϐυτέρῳ
1629 3225 1829 3292 ἐξεῖναι
1865 3242 1880 3257 ⁸

227 3327 397 3376 τοῦτο
425 3325 588 3376 πᾶσιν
617 3317 854 3394 ἀρέσκει.

313 3409 446 3485 Περὶ
473 3410 580 3463 scin
624 3405 874 3463 πλαστῶν
905 3405 1186 3481 μνημείων
1225 3410 1334 3462 τῶν
1376 3404 1682 3484 μαρτύρων,

312 3498 438 3573 σῖγ’.
488 3489 716 3571 Ὀμοίως
772 3494 962 3570 ἤρεσεν
1030 3495 1124 3551 ἵνα
1184 3495 1250 3551 τὰ
1293 3501 1577 3574 πανταχοῦ
1619 3493 1716 3550 ἁνὰ
1759 3495 1883 3558 τοὺς

226 3589 430 3664 arma:
515 3587 606 3642 καὶ
676 3587 800 3650 τοὺς
877 3582 1201 3660 ἀμπελῶνας
1259 3586 1634 3660 θυσιαστήρια,
1690 3586 1882 3641 ὡσανεὶ

227 3679 303 3742 εἰς
351 3679 581 3751 μνήμην
630 3676 910 3751 μαρτύρων
957 3674 1344 3754 καθιστάμενα,
1407 3673 1462 3728 ἰν
1505 3677 1592 3738 οἷς
1650 3671 1768 3730 οὖδὲ
1825 3672 1882 3729 ἓν

229 3770 391 3842 σῶμα
465 3766 503 3832 ἢ
556 3763 783 3838 λείψανα
843 3763 1120 3841 μαρτύρων
1192 3763 1523 3836 ἀποκείμενα
1589 3759 1875 3842 δείκνυται,

225 3857 338 3913 ἁπὸ
396 3858 505 3910 τῶν
551 3853 808 3910 ἐντοπίων
868 3852 1178 3909 ἐπισκόπων
1232 3853 1272 3907 εἷ
1337 3851 1449 3908 ἔστι
1505 3849 1727 3908 δυνατὸν
1771 3873 1876 3908 κα-

224 3945 657 4024 ταστρέφωνται,
722 3945 777 4000 Εἰ
834 3940 890 3997 δὲ
946 3951 1102 4001 τοῦτο
1158 3939 1400 4020 θορύϐοις
1453 3939 1774 4017 δημοτικοῖς
1817 3943 1878 4000 οὗ

226 4047 631 4114 συγχωρεϊται,
694 4030 841 4107 ὅμως
883 4032 950 4088 τὰ
993 4031 1175 4100 πλήθη
1221 4033 1575 4098 νουθετηθῶσι
1619 4031 1698 4106 μὴ
1742 4029 1877 4111 ὀχλ-

221 4136 473 4201 αγωτεϊν
534 4123 656 4184 τοὺς
717 4121 912 4185 τόπους
957 4120 1192 4182 ἐκείνους
1227 4135 1241 4150 ⁸
1289 4121 1379 4176 καὶ
1419 4118 1514 4175 ’ίνα
1556 4120 1600 4176 οἱ
1645 4120 1711 4176 τὰ
1751 4120 1876 4199 ὀρθὰ

217 4218 541 4292 φρονοῦντες
635 4206 876 4284 μηδεμιᾷ
977 4205 1362 4282 δεισιδαιμονίᾳ
1435 4215 1544 4270 τῶν
1620 4209 1875 4266 τοιούτων

215 4303 404 4359 τόπων
462 4297 909 4373 καταδεσμώνται
942 4315 957 4329 ⁸
1017 4299 1105 4354 καὶ
1167 4295 1446 4362 παντελῶς
1498 4297 1637 4372 μηδέ
1681 4299 1873 4373 μνήμη

219 4391 512 4469 μαρτύρων
581 4387 923 4468 Ῑεπιτελεσθῇ,
971 4389 1016 4444 εἰ
1073 4389 1151 4462 μή
1213 4409 1316 4443 που
1368 4387 1404 4454 ἢ
1461 4393 1616 4459 σῶμα
1659 4386 1694 4453 ἥ
1753 4410 1871 4444 τινα

1966 3226 2366 3288 reconciliare
2401 3245 2758 3309 quemquam
2790 3227 2852 3288 iu
2883 3227 3122 3309 publica
3147 3227 3328 3290 missa
3365 3229 3606 3310 presby-

1968 3323 2094 3380 tero
2130 3337 2247 3379 non
2282 3317 2488 3393 licere,
2525 3318 2637 3380 hoc
2668 3317 2949 3380 omnibus
2979 3320 3196 3400 placet.

2170 3407 2254 3468 De
2278 3409 2691 3470 monumentis
2722 3415 3078 3489 martyrum
3108 3409 3386 3486 factitz’is.

2048 3493 2154 3558 83.
2184 3494 2331 3556 Item
2364 3495 2446 3575 εδ,
2482 3503 2543 3557 ut
2574 3495 2781 3558 altaria
2810 3515 2941 3576 quae
2973 3498 3188 3577 passim
3223 3516 3330 3578 per
3358 3517 3530 3578 agros
3547 3510 3604 3562 et

1967 3602 2075 3664 per
2127 3585 2247 3645 vias
2307 3593 2585 3665 tanquam
2643 3589 2947 3646 memorias
2993 3593 3316 3666 martyrum
3377 3589 3602 3650 consti-

1968 3681 2237 3747 tuuntur,
2271 3673 2331 3734 in
2398 3673 2615 3753 quibus
2668 3673 2895 3736 nullum
2952 3692 3169 3754 corpus
3200 3682 3298 3735 aut
3327 3675 3603 3757 reliquias

1967 3770 2288 3843 martyrum
2322 3763 2579 3824 conditae
2629 3760 2980 3842 probantur,
3029 3763 3102 3824 ab
3149 3763 3446 3844 episcopis
3497 3765 3601 3847 qui

1963 3851 2112 3913 locis
2135 3851 2362 3913 eisdem
2400 3860 2659 3932 prazsunt
2694 3851 2849 3927 106,
2882 3850 2932 3914 si
2998 3852 3122 3914 fieri
3171 3859 3388 3933 potest,
3421 3871 3601 3916 ever-

1961 3949 2180 4004 tantur.
2207 3940 2269 4004 Si
2297 3950 2498 4003 autem
2546 3941 2660 4002 hoc
2689 3959 2793 4021 per
2819 3941 3111 4003 tumultus
3142 3941 3458 4022 populares
3481 3962 3600 4005 non

1960 4031 2196 4105 sinitur,
2233 4029 2440 4108 plebes
2477 4037 2674 4092 tamen
2732 4029 3195 4106 admoneamur,
3231 4049 3306 4091 ne
3336 4030 3438 4092 illa
3470 4031 3601 4094 loca

1957 4119 2360 4202 frequentent,
2416 4129 2476 4182 ut
2510 4119 2612 4200 qui
2663 4128 2826 4181 recte
2877 4118 3137 4199 sapiunt,
3183 4119 3347 4181 nulla
3376 4119 3456 4181 ibi
3489 4141 3596 4183 su-

1959 4211 2309 4292 perstitione
2339 4211 2600 4272 devincti
2634 4219 2977 4275 teneantur.
3025 4212 3100 4274 Et
3156 4211 3404 4275 omnino
3435 4213 3602 4276 nulla

1957 4301 2252 4363 memoria
2288 4309 2610 4379 martyrum
2647 4299 3038 4380 probabiliter
3068 4309 3436 4382 acceptetur,
3483 4303 3600 4364 nisi

1956 4389 2058 4450 ubi
2087 4408 2305 4468 corpus
2335 4397 2437 4451 aut
2469 4389 2682 4471 aliquae
2715 4389 2984 4470 reliquiae
3012 4399 3176 4462 sunt,
3210 4390 3376 4469 origo
3405 4391 3596 4454 alicu-

219 4481 457 4557 λείψανα
515 4481 672 4552 ὦσιν,
735 4478 771 4546 ἢ
818 4477 1171 4574 ἀρχαιογονία
1202 4478 1346 4574 τινὸς
1377 4476 1732 4574 οίκήσεωξᾷἢ
1765 4478 1870 4534 Ατί-
1889 4523 1911 4574 ί

1979 4496 2048 4540 us
2067 4478 2461 4574 babitatipnis
2517 4479 2606 4541 vel
2660 4478 2956 4559 passionis
2988 4479 3339 4574 fidelissima
3367 4480 3598 4574 origine

218 4592 386 4646 σεως,
450 4569 488 4637 ἢ
551 4569 749 4630 πάθους
806 4573 974 4644 πιστῇ
1057 4567 1386 4646 ἀρχαιότητι
1472 4563 1814 4642 παραδίδοται
1850 4583 1863 4597 ⁸

1954 4568 2230 4632 traditur.
2289 4566 2436 4629 Nam
2497 4586 2630 4650 qua
2687 4586 2795 4649 per
2857 4568 3095 4629 somnia
3147 4578 3203 4630 et
3249 4587 3357 4649 per
3387 4569 3598 4630 inanes

217 4660 321 4715 ὅσα
378 4659 483 4736 γὰρ
541 4654 612 4712 δι’
667 4655 924 4715 ινδπνίων
1001 4657 1090 4713 καὶ
1162 4656 1405 4731 ματαίων
1475 4653 1869 4731 ἀποκαλύψεων

1974 4657 2120 4737 ιιιεεί
2177 4657 2575 4719 revelationes
2626 4655 3036 4738 quorumlibet
3084 4656 3395 4718 hominum
3452 4657 3589 4720 ubi-

541 4836 700 4892 παντὶ
799 4835 980 4913 τρόπῳ
1065 4835 1130 4890 τὰ
1219 4832 1435 4890 τοιαῦτα
1522 4830 1865 4910 ἀποδοκιμα-

490 5013 722 5072 Συνόδου
751 5015 971 5079 Νικαίας
1000 5015 1064 5070 τὸ
1087 5012 1162 5090 β’,
1195 5013 1375 5070 κανὼν
1403 5013 1477 5092 ζ’,
1511 5012 1601 5084 ιζ’.

299 5106 422 5164 Ὀτι
516 5105 640 5168 τοὺς
723 5103 1154 5183 ἐγκαινισθέντας
1209 5103 1365 5164 ναοὺς
1450 5101 1603 5164 ἐκτὸς
1691 5126 1865 5161 κατα-

215 5196 412 5258 θὲσιως
543 5195 712 5268 ἁγίων
855 5192 1126 5268 λειψάνων
1161 5239 1177 5268 ,

218 5288 399 5351 θῆναι,

294 5373 367 5446 ζ’.
398 5373 549 5447 τεφη
581 5369 790 5435 Παῦλος
823 5371 850 5427 ὁ
879 5373 1022 5436 θεῖος
1056 5369 1357 5436 ἀπόστολος
1390 5386 1404 5400 ⁶

221 5484 331 5517 πων
402 5463 458 5517 αἱ
528 5459 785 5535 ἁμαρτίαι
882 5458 1141 5538 πρόδηλοι
1213 5461 1341 5534 εἰσι,
1441 5461 1544 5516 τισὶ
1633 5457 1683 5516 δὲ
1759 5461 1856 5518 καί

543 5195 712 5272 ἁγίων

1459 5379 1498 5428 lt.
1511 5375 1608 5425 νῶν
1651 5371 1856 5450 ἀνθρώ-

606 4750 766 4801 τινῶν
851 4743 1190 4816 ὁπουδήποτε
1261 4745 1606 4800 καθίστανται
1674 4747 1865 4801 θυσια-

1974 4765 2186 4828 :unque
2219 4745 2664 4810 constituuntur
2692 4745 2924 4822 altaria,
2960 4743 3126 4806 omni
3159 4742 3334 4806 modo
3366 4744 3593 4826 impro-

1949 4834 2188 4899 bentur.

2177 5012 2446 5078 Concitii
2470 5012 2704 5076 Νίσοεηί
2733 5028 2774 5073 ιι
2801 5026 3060 5075 canones
3088 5010 3123 5072 7
3153 5016 3212 5072 et
3244 5011 3338 5072 Π.

2043 5103 2294 5186 Templis
2363 5102 2587 5183 absque
2672 5101 3044 5179 depositione
3111 5116 3428 5163 sacrarum
3482 5121 3588 5166 re-

1305 5190 1423 5248 δέον
1535 5191 1710 5249 ἁναπλ
1720 5215 1866 5273 ηρω-

1974 5194 2281 5273 iqus’arum
2311 5191 2567 5271 fuerunt
2622 5189 2918 5264 dedicata,
2969 5187 3116 5269 ﬁeri
3145 5188 3310 5253 debet
3342 5190 3586 5272 deposi-

1949 5289 2158 5433 “3:Ait
2183 5369 2399 5432 Paulus
2422 5366 2662 5430 divinus
2683 5365 3007 5448 apostolus:
3040 5366 3460 5444 Quorumdam
3483 5367 3588 5434 ho-

1944 5461 2181 5522 minum
2201 5463 2445 5538 peccata
2466 5463 2609 5520 sunt
2643 5457 2993 5535 manifesta,
3027 5456 3350 5522 nonnullos
3379 5465 3584 5522 autem

296 5636 354 5688 τ’
384 5635 662 5718 Carthag.
697 5651 765 5712 ll,
798 5651 933 5698 can.
964 5638 1025 5704 3.
1111 5637 1171 5691 93
1199 5633 1534 5702 Concilium
1564 5637 1845 5717 Carthag.
1880 5655 1942 5720 γ,
1975 5655 2032 5701 c.
2067 5639 2146 5703 t4
2178 5657 2194 5721 ;
2224 5635 2547 5700 concilium
2577 5635 2764 5701 Afric.
2799 5650 2852 5698 c.
2886 5634 2990 5704 50.
