4148 6198
494 330 611 400 563

495 562 611 624 alia
634 581 876 644 quoque
907 581 977 626 ea
1008 570 1362 643 sequuntur.
1395 559 1645 642 Impiam
1680 575 1827 637 ergo
1860 558 2134 621 haeresim

498 653 838 734 eorum,qui
869 653 1240 716 Christianos
1272 658 1576 726 accusant,
1609 649 1724 710 alia
1757 666 1995 729 quoque
2021 649 2134 708 im-

501 745 597 823 pia
627 751 944 804 consecuta
973 738 1656 814 sunt.Quemadmodum
1689 739 1850 799 enim
1882 754 2137 798 venera-

499 832 707 894 bilium
740 833 1060 913 imaginum
1106 840 1415 913 aspectum
1447 849 1520 892 ex
1569 829 1828 892 ecclesia
1872 827 2134 889 sustule-

495 930 662 998 runt,
693 923 840 986 alios
870 942 1114 1006 quoque
1147 942 1344 985 mores
1394 922 1800 1002 reliquerunt,
1825 938 1978 998 quos
2007 920 2140 998 qui-

497 1014 634 1076 dem
662 1020 901 1094 oportet
930 1013 1296 1087 renovari,et
1325 1021 1440 1074 tam
1469 1029 1538 1074 ex
1561 1011 1696 1090 iure
1720 1009 1942 1088 scripto
1963 1027 2137 1089 quam

497 1123 617 1166 non
647 1104 869 1185 scripto
906 1105 990 1166 sic
1015 1103 1346 1166 observari.
1381 1103 1787 1180 Quaecumque
1817 1117 1956 1178 ergo
1985 1107 2140 1160 tem-

499 1193 596 1274 pla
647 1201 994 1255 consecrata
1023 1203 1159 1254 sunt
1188 1191 1420 1272 absque
1450 1188 1640 1251 sacris
1677 1189 1946 1268 reliquiis
1980 1204 2138 1248 mar-

502 1292 715 1364 tyrum,
741 1282 801 1344 in
834 1282 908 1345 iis
945 1282 1076 1344 ﬁeri
1107 1281 1420 1343 statuimus
1463 1278 1858 1358 reliquiarum
1889 1275 2137 1356 deposi-

402 1449 415 1456 -
499 1373 722 1435 tionem
748 1391 885 1435 cum
909 1371 1212 1434 consuetis
1247 1369 1549 1452 precibus.
1578 1367 1910 1448 Episcopus
1941 1374 2138 1456 autem

500 1463 748 1542 posthac
797 1460 1088 1543 templum
1137 1477 1502 1523 consecrans
1551 1458 1682 1519 sine
1714 1457 1938 1518 sanctis
1990 1454 2137 1517 reli-

498 1551 682 1632 quiis,
735 1552 1090 1633 deponatur,
1138 1559 1201 1611 ut
1259 1549 1360 1631 qui
1396 1547 1835 1610 ecclesiasticas
1873 1544 2145 1606 traditio-

500 1660 610 1704 nes
631 1650 1040 1720 transgressus
1062 1640 1161 1702 sit.

582 1729 672 1793 Ne
699 1732 839 1810 quis
859 1748 997 1794 cum
1028 1747 1150 1792 non
1179 1727 1399 1792 habeat
1440 1745 1573 1808 qua:
1603 1725 1682 1788 ad
1706 1723 2142 1804 perfectionem

497 1821 807 1900 pertinent
834 1821 1106 1882 oratoria
1135 1818 1452 1897 (ediﬁcare
1484 1815 1904 1895 aggrediatur.

584 1906 682 1972 l7.
717 1907 969 1981 Quidam
993 1891 1270 1970 monachi
1291 1905 1415 1968 suis
1443 1891 1583 1964 10'7'
1601 1903 1984 1966 monasteriis
2005 1900 2145 1963 reli-
2169 1891 2206 1941 Β

503 1998 821 2078 ctis,utqui
837 1999 1139 2078 imperare
1161 1995 1596 2070 desiderent,et
1615 2011 1827 2074 parere
1840 2000 2141 2065 recusant,

505 2086 769 2150 oratoria
794 2087 1092 2148 aediﬁcare
1123 2085 1578 2164 aggrediuntur,
1615 2101 1750 2144 cum
1785 2101 1854 2144 ea
1887 2100 2005 2143 non
2039 2081 2146 2143 ba-

503 2176 687 2239 beant
713 2195 852 2256 quae
877 2176 952 2238 ad
978 2174 1406 2258 perfectionem
1433 2172 1827 2254 pertinenLSi
1851 2172 1985 2252 quis
2009 2188 2148 2250 ergo

502 2269 619 2329 hoc
649 2268 846 2330 facere
877 2284 1192 2346 aggressus
1221 2264 1423 2342 fuerit,
1474 2261 1863 2344 prohibeatur
1911 2261 1984 2322 ab
2017 2263 2148 2340 ejus

506 2357 624 2419 loci
657 2355 1038 2438 episcopo.Si
1061 2355 1196 2436 quis
1223 2362 1419 2416 autem
1451 2372 1518 2414 ea
1548 2351 1728 2413 habet
1751 2370 1885 2432 quae
1909 2349 1980 2412 ad
2007 2367 2148 2431 per-

503 2446 826 2509 fectionem
861 2444 1328 2522 suﬂiciunt,quaa
1349 2443 1422 2506 ab
1454 2443 1583 2523 ipso
1619 2440 1950 2503 deliberata
1983 2445 2144 2513 sunt,

506 2539 580 2598 ad
613 2536 792 2598 tinem
825 2533 1402 2598 deducanturldem
1433 2541 1630 2594 autem
1659 2541 1930 2592 servetur
1959 2529 2019 2591 iu
2043 2529 2147 2590 lai-

507 2625 596 2687 cis
625 2633 685 2687 et
713 2625 976 2688 clericis.

593 2715 840 2778 Tactus.
875 2717 941 2778 In
980 2713 1318 2795 cap.t4,tit.
1343 2710 1380 2775 3
1411 2712 1726 2792 praesentis
1757 2715 1957 2791 operis
1990 2717 2149 2772 tran-

505 2804 746 2885 scripsi,
775 2803 1077 2886 quomodo
1139 2803 1238 2865 ﬁat
1285 2800 1565 2864 ecclesia.
1615 2801 1772 2863 Dicit
1799 2817 1939 2861 vero
1971 2800 2148 2862 etiam

507 2894 810 2970 const.15,
846 2893 938 2958 tit.
969 2893 1031 2968 2,
1070 2893 1179 2954 lib.
1218 2891 1399 2955 Icod.
1426 2891 1584 2971 quod
1619 2890 1668 2952 si
1693 2889 1825 2969 quis
1855 2907 1983 2951 rem
2018 2908 2148 2950 mo-

510 2983 719 3060 bilem,
756 2983 1154 3058 immobilem,
1189 2990 1290 3046 aut
1326 2980 1585 3062 seipsam
1625 2989 2150 3060 moventem,per-

507 3093 671 3136 sonas
725 3074 1109 3154 [cujuspiam]
1169 3071 1467 3152 martyris,
1526 3078 1628 3132 aut
1687 3069 2018 3150 prophetae,
2049 3075 2150 3131 aut

1685 331 1947 396 PHOTII
1989 331 2507 400 ΡΑΤΒΙΑΗΟΗιΕ
2549 337 2667 401 GP.

495 479 943 554 consequuntur
961 472 1019 523 π
1030 523 1044 538 .
1078 470 1568 536 Praecedentibus
1609 476 1806 532 autem
1845 468 2152 548 peccatis,

2235 471 2683 537 ηπακολουθοῠσιν,

3733 349 3841 414 564

2801 475 3104 555 ’Λμαρτιῶν
3217 478 3308 535 οὗν
3392 482 3847 560 προκαταλαμϐα-

2219 567 2444 638 νουσῶν,
2495 565 2583 619 καὶ
2635 564 2810 643 ἕτεραι
2871 567 3125 644 ἁμαρτίαι
3181 568 3508 647 παρέπονται
3590 576 3800 638 ταύταις
3831 592 3844 606 ⁸

2219 658 2287 728 τῇ
2328 655 2416 709 οὖν
2467 650 2655 740 ἀσεϐεῖ
2713 655 2908 729 αἱρέσει
2957 663 3062 713 τῶν
3092 661 3720 740 Χριστιανοκατηγόρων,
3768 667 3852 721 καὶ

2220 741 2359 798 ἄλλα
2390 739 2708 818 ἀσεϐήματα
2755 745 3155 811 συνηκολούθει.
3210 746 3421 824 σΩσπερ
3467 752 3569 830 γὰρ
3599 739 3709 819 τὴν
3752 759 3849 810 τῶν

2222 831 2431 888 σεπτῶν
2472 831 2693 889 εἰκόνων
2749 833 2872 909 ὄψιν
2932 835 3210 915 ἀσξείλοντο
3269 838 3328 894 ἐκ
3388 844 3486 908 τῆς
3545 840 3852 914 ἐκκλησίας,

2221 923 2310 977 καὶ
2353 921 2506 999 ἕτερά
2536 944 2652 978 τινα
2707 922 2800 990 ’ἐθη
2859 925 2971 983 ini
3029 934 3119 983 τοῦ
3162 925 3562 1003 ἀπεδοκίμασαν
3621 931 3857 1008 παραλε-

2223 1009 2490 1083 λοίπασιν,
2527 1011 2558 1066 ἃ
2589 1013 2702 1091 χρὴ
2733 1013 3123 1088 ἀνανεωθῆναι,
3157 1020 3247 1074 καὶ
3278 1021 3414 1074 κατὰ
3452 1020 3556 1087 τὴν
3601 1021 3857 1102 ἔγγραφον

2223 1101 2310 1154 καὶ
2363 1098 2598 1180 ἄγραφον
2654 1104 2998 1171 θεσμοθεσίαν
3044 1105 3212 1170 οὕτως
3265 1123 3487 1186 κρατεῖν
3526 1127 3541 1145 ·
3601 1098 3716 1166 ὅσοι
3774 1098 3860 1166 οὖν

2222 1190 2407 1246 σεπτοὶ
2477 1191 2592 1246 ναοί
2649 1194 3078 1272 καθίερόιθτισαν,
3141 1194 3292 1260 ἐκτὸς
3362 1197 3531 1276 ἁγίων
3589 1199 3862 1274 λειψάνων

2221 1279 2525 1356 μαρτύρων,
2589 1280 2826 1357 ὁρίζομεν
2888 1281 2941 1338 ἐν
3002 1288 3187 1347 αὖτοῖς
3263 1289 3550 1344 κατάθεσιν
3623 1289 3860 1367 γενέσθαι

2221 1367 2516 1458 λειψάνων,
2579 1370 2715 1444 μετὰ
2773 1376 2872 1438 τῆς
2934 1374 3189 1443 συνήθους
3264 1376 3456 1458 εὒχῆς.
3525 1370 3583 1436 Ὀ
3641 1378 3696 1434 δὲ
3746 1379 3861 1436 ἄνευ

2227 1456 2392 1535 ἀγίων
2447 1457 2715 1533 λειψοίνων
2794 1463 3053 1538 καθιερῶν
3113 1466 3262 1541 ναὸν,
3326 1456 3702 1547 καθαιρείσθω,
3791 1472 3860 1533 ὡς

2224 1545 2612 1626 παραὸεϐηκὼς
2641 1549 2735 1614 τὰς
2767 1548 3219 1617 ἐκκλησιαστικὰς
3250 1545 3599 1633 παραδόσεις.

2323 1733 2416 1782 Οτι
2461 1728 2538 1801 μη
2571 1725 2718 1806 ἔχων
2747 1749 2827 1793 τις
2876 1730 2941 1786 τὰ
2983 1732 3114 1809 πρὸς
3166 1733 3528 1815 ἀπαρτισμὸν,
3595 1738 3676 1812 μὴ
3736 1737 3856 1794 ἐπι-

2227 1815 2440 1895 χειροίη
2470 1817 2664 1888 κτίζειν
2695 1820 2974 1898 εὒκτήριον
3007 1823 3188 1881 οἶκον.

2311 1905 2401 1975 ιζ’,
2449 1904 2572 1962 ’Ότι
2636 1908 2776 1971 τινὲς
2852 1917 2957 1964 τῶν
3017 1919 3278 1992 μοναχῶν
3351 1913 3746 1980 καταλιπόντες
3802 1918 3863 1972 τα

2231 1994 2432 2050 ἑαυτῶν
2465 1998 2822 2076 μοναστήρια,
2852 2001 2926 2062 ὡς
2959 1999 3227 2080 ἐφιέμενοι
3270 1999 3458 2083 ἄρχειν
3514 2007 3603 2061 καὶ
3646 2007 3706 2062 τὸ
3762 2008 3861 2063 ὓπ-

2230 2082 2439 2140 ακοόειν
2521 2084 2960 2163 ἀπαναινόμενοι,
3053 2082 3373 2171 ἓγχειροῦσι
3416 2095 3619 2164 κτίζειν
3673 2099 3864 2161 εὐκτη-

2233 2174 2372 2250 ρίους
2403 2173 2613 2248 οἴκους,
2647 2178 2714 2232 τὰ
2743 2179 2874 2255 πρὸς
2907 2179 3244 2257 ἀπαρτισμὸν
3302 2185 3379 2255 μὴ
3415 2181 3667 2262 ἔχοντες.
3703 2182 3768 2241 Εἴ
3794 2206 3866 2249 τις

2231 2262 2322 2318 οὖν
2352 2269 2507 2319 τοῦτο
2537 2263 2881 2345 ἐπιχειρήσω
2914 2282 3119 2340 ποιεῖν,
3148 2269 3438 2329 κωλυέσθω
3471 2275 3576 2329 ὑπὸ
3606 2283 3700 2332 τοῦ
3742 2275 3866 2329 κατὰ

2229 2353 2323 2408 τὸν
2379 2352 2544 2409 τόπον
2601 2355 2941 2413 ἐπισκόπου·
3005 2361 3050 2414 εἰ
3107 2357 3161 2416 δὲ
3221 2362 3287 2416 τὰ
3341 2364 3476 2438 πρὸς
3533 2363 3865 2440 ἀπαρτισμὸν

2229 2440 2378 2522 ἔχοι,
2431 2442 2498 2498 τὰ
2545 2443 2936 2522 βεϐουλευμένα
2992 2450 3134 2523 αὐτῷ
3191 2452 3265 2514 εἰς
3327 2451 3496 2530 πέρας
3541 2453 3863 2529 ἀγέσθωσαν,

2233 2533 2304 2588 Τὸ
2360 2531 2487 2588 αὐτὸ
2547 2531 2601 2588 δὲ
2659 2534 3002 2613 φυλαττέσθω
3056 2542 3144 2596 καὶ
3199 2542 3286 2597 ἰπὶ
3331 2539 3542 2598 λα’ίκῶν
3574 2542 3671 2599 καί
3729 2541 3863 2610 κλη-

2232 2641 2417 2698 ρικων,

2312 2707 2402 2766 Ἐν
2427 2718 2504 2786 τῷ
2534 2709 2601 2768 ιδ’
2632 2713 2903 2793 κεφαλαίῳ
2934 2724 3024 2772 τοὸ
3057 2717 3108 2796 γ’
3166 2719 3268 2779 τίτ.
3315 2727 3407 2777 τοῦ
3452 2721 3714 2798 παρόντος
3746 2744 3862 2777 συν-

2232 2799 2528 2888 ⁶τάγματος,
2593 2803 2914 2882 παρέγραψα
2956 2813 3070 2870 πῶς
3116 2809 3318 2884 γίνεται
3378 2809 3668 2877 ἐκκλησία.
3716 2811 3862 2888 Λέγει

2233 2886 2286 2944 δὲ
2319 2891 2410 2945 καὶ
2447 2889 2588 2954 διάτ,
2623 2891 2690 2947 ιε’
2721 2901 2811 2950 τοῦ
2840 2894 2893 2970 β’
2925 2898 3027 2958 τίτ.
3063 2905 3155 2954 τοῦ
3184 2897 3235 2954 α’
3279 2897 3424 2974 βιϐλ.
3483 2908 3578 2957 τοῦ
3621 2898 3748 2965 κώδ,
3795 2886 3861 2963 ὡς

2233 2977 2324 3033 ἐάν
2353 3000 2434 3042 τις
2465 2977 2776 3055 δωρήσηται
2802 2989 3020 3061 πρᾶγμα
3050 2989 3270 3053 κινητὸν
3295 2988 3331 3054 ἣ
3361 2988 3618 3056 ἀκίνητον
3653 2992 3686 3056 ἢ
3718 2993 3857 3048 αὖτο-

2233 3067 2452 3159 κίνητον
2475 3069 2510 3136 ἢ
2541 3069 2743 3127 δίκαιον
2775 3073 2847 3134 εἱς
2879 3075 3162 3152 πρόσωπον
3189 3077 3479 3156 μάρτυρος,
3502 3079 3538 3147 ἢ
3573 3080 3858 3159 προφήτου,

508 3161 728 3241 angeli,
761 3172 1041 3244 tanquam
1074 3160 1190 3242 ipsi
1239 3161 1566 3221 oratorium
1601 3167 2012 3220 exstructurus
2041 3157 2149 3219 do-

2235 3155 2268 3224 ἢ
2300 3157 2549 3235 ἀγγέλου,
2586 3161 2658 3222 ὡς
2720 3161 2879 3218 αὖτοῦ
2939 3163 3153 3238 μέλλων
3186 3168 3467 3243 εὖκτήριον
3499 3155 3860 3243 οἰκοδομῆσαι,

510 3255 762 3328 naverit,
795 3251 1306 3331 donationemque
1340 3248 1444 3312 ubi
1492 3256 1750 3330 oportet,
1785 3247 1846 3309 in
1877 3257 2010 3310 acta
2054 3265 2153 3309 re-

513 3340 716 3404 tulerit
750 3359 764 3403 :
798 3349 1048 3418 cogatur
1079 3357 1602 3420 opus,quanquam
1627 3345 1884 3418 coeptum
1913 3355 2031 3398 non
2054 3335 2153 3412 sit,

510 3448 650 3491 cum
682 3429 1022 3492 haeredibus
1051 3428 1409 3511 adimplere,
1472 3427 1608 3507 [eo]
1671 3446 1787 3507 que
1829 3425 2156 3507 adimpleto

512 3518 903 3582 donationem
929 3517 1528 3598 conferre.ldemque
1555 3517 1628 3578 de
1649 3515 2159 3591 xenodochio,no-

508 3607 989 3690 socomio,atque
1011 3607 1249 3690 ptocbio
1275 3606 1624 3688 [dicit.Tum
1649 3605 1830 3667 etiam
1855 3605 2158 3684 episcopis

516 3707 575 3760 et
597 3698 951 3773 ceconomis,
985 3707 1050 3759 ut
1071 3697 1179 3758 hos
1197 3695 1818 3776 urgeret,facultatem
1844 3692 2157 3757 esse.Pos-

515 3795 708 3849 tremo
732 3789 858 3849 hmo
879 3786 1384 3869 completa,prout
1403 3783 1796 3847 donatoribus
1820 3784 2007 3846 visum
2042 3793 2154 3858 est,

512 3894 583 3938 ac
603 3875 938 3938 secundum
967 3877 1270 3957 injunctas
1303 3875 1743 3956 praeceptiones
1765 3873 2156 3936 administra-

511 3964 682 4029 ri.Ac
702 3974 894 4029 const.
922 3966 1018 4044 45,
1047 3966 1138 4028 tit.
1164 3964 1508 4046 3,ejusdem
1534 3980 1552 4025 ι
1578 3963 1685 4026 lib.
1713 3962 1878 4024 dicit;
1909 3961 2078 4034 Quod
2104 3962 2158 4024 si

515 4054 649 4135 quis
669 4063 771 4118 aut
793 4073 901 4136 per
922 4054 1383 4129 institutionem,
1410 4062 1511 4115 aut
1532 4053 1813 4130 legatum,
1842 4051 2156 4113 ﬁdeicom-

515 4144 973 4219 missumve,aut
997 4149 1207 4205 mortis
1236 4161 1414 4204 causa
1437 4141 2012 4221 donationem,piam
2041 4140 2158 4203 dis-

516 4233 876 4313 positionem
897 4233 1389 4311 fecerit,cogatur
1409 4249 1515 4312 per
1537 4231 1882 4312 episcopum
1906 4230 2158 4292 manda-

515 4321 905 4396 tarius,etiam
927 4323 975 4382 si
999 4324 1282 4403 episcopo
1306 4339 1339 4381 a
1364 4329 1645 4383 testatore
1661 4319 2028 4402 prohibitum
2053 4319 2153 4396 sit,

516 4428 593 4471 ne
622 4419 814 4486 curet,
844 4420 907 4472 ut
943 4410 993 4472 si
1051 4409 1371 4474 ecclesiam
1426 4411 1622 4472 facere
1671 4409 1788 4489 ipsi
1821 4409 2156 4488 injunctum

2237 3248 2327 3304 καὶ
2391 3248 2492 3315 τῆν
2540 3246 2739 3328 δωρεὰν
2796 3251 3061 3332 ἐμφανίσῃ
3105 3255 3191 3334 ἐφ’
3227 3259 3300 3310 ὧν
3354 3257 3662 3336 ἀναγκαῖον
3715 3259 3864 3336 ἐστιν,

2239 3337 2592 3426 ἀναγκάζεται
2651 3342 2712 3396 τὸ
2769 3341 2921 3419 ἔργον
2970 3343 3067 3400 κᾶν
3113 3347 3190 3420 μὴ
3249 3345 3429 3426 ἥρχθη
3465 3347 3707 3425 πληροῦν
3750 3349 3872 3424 μετᾶ

2239 3425 2618 3503 κληρονόμων,
2681 3433 2775 3486 καὶ
2819 3430 3150 3510 πληρωθέντι
3199 3425 3375 3492 δοῦναι
3425 3439 3492 3494 τὰ
3526 3442 3626 3506 τῆς
3658 3437 3867 3515 δωρεᾶς.

2241 3518 2314 3574 Τὸ
2344 3516 2471 3574 αὒτὸ
2502 3517 2555 3573 δὲ
2582 3520 2670 3575 καὶ
2700 3521 2787 3577 ἐπὶ
2816 3524 2922 3577 τῶν
2969 3522 3114 3588 ξενοδ
3148 3549 3164 3562 κ
3226 3527 3238 3548 ’
3434 3531 3446 3546 “
3662 3552 3670 3559 ·
3798 3529 3808 3546 ’

3115 3546 3314 3604 ολειων
3361 3549 3459 3583 και
3531 3549 3872 3602 νοσοκομειων

2241 3609 2326 3663 καὶ
2385 3610 2673 3688 πτωχείων
2708 3627 2722 3642 ⁸
2757 3608 2933 3676 ἀδείας
2967 3611 3128 3680 οὔσης
3161 3628 3278 3679 τοῖς
3312 3615 3636 3682 ἐπισκόποις
3684 3619 3766 3673 καὶ
3797 3617 3870 3672 οἰ-

2239 3698 2492 3772 κονόμοις
2527 3697 2735 3776 ἐνάγειν
2780 3702 2993 3764 αὐτούς.
3041 3703 3254 3761 Τούτων
3304 3704 3358 3760 δὲ
3391 3705 3796 3783 πληρουμένων,
3837 3706 3868 3771 ἡ

2239 3784 2501 3853 διοίκησις
2571 3789 2708 3844 κατὰ
2764 3791 2829 3846 τὰ
2882 3788 3105 3856 δόξαντα
3170 3806 3290 3857 τοῖς
3360 3793 3866 3873 φιλοτιμησαμένοις

2239 3877 2474 3940 καὶτοὺς
2533 3875 2867 3944 ἐπιτεθέντας
2925 3880 3079 3958 ὅρους
3137 3884 3365 3962 γίνεται,
3399 3884 3498 3941 καῖ
3535 3888 3568 3952 ἡ
3609 3884 3692 3956 με’
3735 3883 3861 3941 διάτ.

2237 3971 2331 4053 του
2361 3963 2415 4042 γ’
2444 3966 2548 4044 τίτ,
2595 3975 2689 4023 τοὺ
2732 3967 2891 4025 αὖτοῦ
2952 3969 3006 4026 α’
3035 3969 3182 4046 βιϐλ,
3218 3975 3402 4053 φησὶν,
3438 3974 3523 4031 ὅτι
3555 3975 3642 4030 ἐὰν
3673 3996 3747 4034 τις
3779 3973 3861 4028 εὖ·

2239 4051 2371 4117 σεϐῆ
2425 4056 2708 4125 ποιήσοιτο
2761 4055 3104 4133 διατύπωσιν,
3148 4060 3202 4116 ἐν
3234 4051 3500 4120 -ἒνστάσει
3555 4064 3589 4131 ἢ
3633 4062 3858 4139 ληγάτῳ,

2242 4141 2275 4208 ἢ
2297 4140 2441 4230 ﬁdei
2465 4146 2779 4209 commisso
2811 4145 3024 4210 mortis
3052 4166 3238 4211 causa
3261 4149 3452 4226 δωρεᾳ,
3490 4153 3727 4230 ἀνάγκην
3756 4149 3861 4229 ἔχει

2241 4231 2268 4285 ὁ
2313 4228 2607 4295 κελευσθεὶς
2666 4231 2752 4289 διὰ
2819 4243 2913 4292 τοῦ
2970 4236 3286 4312 ἐπισκόπου,
3335 4241 3432 4296 κᾶν
3473 4228 3718 4306 ἒκωλύθη
3773 4228 3863 4292 ὑπὸ

2239 4327 2332 4376 τοῦ
2388 4317 2696 4396 διαθεμένου
2769 4329 3089 4406 προνοῆσαι,
3171 4330 3214 4384 εἰ
3276 4330 3374 4402 μὲν
3417 4330 3716 4397 ,ἐκκλησίαν
3771 4327 3862 4382 ἒπ-

2241 4409 2447 4486 ετράπη
2502 4415 2752 4486 ποιῆσαι,
2807 4412 3046 4492 πληροῦν
3077 4417 3237 4484 αὖτῆν
3275 4418 3411 4474 εἴσω
3438 4421 3666 4495 τριετίας
3702 4434 3714 4448 '
3747 4419 3786 4472 εἰ
3815 4413 3864 4468 δὲ

515 4498 891 4577 fuerit,intra
915 4500 1245 4562 triennium
1277 4499 1438 4561 illam
1469 4499 1736 4562 absolvat
1769 4521 1782 4558 :
1818 4499 1866 4559 si
1898 4516 2039 4560 vero
2063 4518 2152 4561 xe-

2242 4495 2463 4578 ξενῶνα,
2523 4497 2658 4555 εἵσω
2714 4501 2997 4558 ἐνιαυτοῦ·
3061 4503 3282 4564 δυνατὸν
3336 4509 3435 4585 γὰρ
3477 4510 3575 4564 γαί
3620 4508 3770 4564 οἶκον
3796 4505 3860 4563 εἰς

518 4590 931 4663 nonem,intra
953 4588 1444 4652 annum.Etenim
1479 4588 1618 4650 dum
1652 4607 1801 4668 opus
1833 4606 2157 4650 consume-

519 4687 637 4755 tur,
671 4679 1042 4756 recipiendis
1089 4679 1329 4759 mgrotis
1359 4679 1589 4759 [aliam]
1625 4677 1868 4740 domum
1903 4677 2161 4739 conduci

518 4786 719 4849 posse.
753 4768 987 4832 Deinde
1017 4788 1086 4832 eo
1120 4775 1397 4850 tempore
1429 4768 1656 4849 elapso,
1689 4767 2034 4848 episcopum
2067 4786 2162 4829 re-

517 4857 660 4920 licta
692 4859 957 4940 [pariter]
990 4877 1126 4921 cum
1157 4857 1457 4921 fructibus
1483 4867 1661 4939 atque
1709 4857 2162 4920 accessionibus

519 4965 553 5008 a
587 4957 855 5028 tempore
887 4950 1100 5010 mortis
1129 4948 1433 5011 testatoris
1456 4948 1719 5024 exigere:
1751 4965 1818 5008 ac
1843 4945 2156 5022 ecclesias,

524 5035 660 5096 108
694 5055 983 5116 xenones,
1018 5035 2044 5118 gerontocomia,orphanotrophia,
2063 5056 2165 5098 no-

523 5125 815 5200 socomia,
850 5136 952 5188 aut
983 5128 1225 5207 ptochia
1275 5125 1575 5189 aediﬁcare
1610 5146 1623 5188 :
1663 5125 1821 5206 [tum
1857 5123 2032 5185 etiam
2065 5125 2167 5186 ad-

524 5211 959 5277 ministratores
989 5215 1140 5296 ipsis
1191 5217 1522 5296 praeﬁcere,
1557 5215 1672 5276 nisi
1705 5221 1970 5285 testator,
2029 5213 2167 5294 quis

525 5300 953 5366 administrare
975 5302 1212 5380 debeat,
1239 5323 1526 5385 expresse
1555 5303 1812 5367 dixerit:
1851 5311 1906 5363 et
1934 5302 2167 5364 tametsi

526 5387 1109 5472 [administratorem
1143 5395 1419 5475 testator]
1453 5393 2163 5472 nominarit,potestatem

529 5482 782 5564 [tamen]
809 5478 1030 5542 habere
1060 5480 1434 5562 episcOpum,
1469 5490 1533 5543 ut
1564 5482 1612 5543 si
1664 5480 1817 5542 male
1850 5479 1950 5542 ille
1981 5479 2169 5541 admi-

527 5573 766 5647 nistret,
828 5569 1080 5650 [ipsum]
1137 5577 1463 5644 removeat,
1499 5580 1558 5631 et
1612 5571 1795 5631 alium
1832 5568 2057 5631 faciat:
2115 5569 2168 5630 si

525 5679 668 5723 vero
700 5660 802 5740 qui
857 5659 1060 5738 jussus
1120 5666 1231 5732 est,
1289 5658 1363 5720 ab
1415 5659 1701 5739 episcopo
1751 5656 2165 5738 interpellatus

527 5750 974 5833 magistratuum
1033 5745 1266 5830 [etiam]
1298 5745 1770 5811 admonitionem
1833 5754 2164 5827 exspectet,

2241 4587 2518 4646 ἀνάκλισιν
2547 4594 2654 4644 τῶν
2703 4589 2983 4668 ἀῤῥώστων
3049 4599 3382 4668 μισθοῦσθαι,
3417 4597 3518 4660 ἕως
3551 4601 3608 4654 οὗ
3637 4598 3695 4652 τὸ
3723 4594 3860 4671 ἔργον

2242 4681 2523 4766 πληρωθῇ.
2579 4685 2684 4736 Τοῦ
2742 4679 2795 4736 δὲ
2860 4685 3104 4742 τοιούτου
3191 4687 3388 4766 χρόνου
3445 4685 3858 4765 παρερχομένου,

2242 4765 2467 4822 ἀπαιτεῖ
2517 4769 2578 4823 τὸ
2636 4769 2986 4852 καταλειφθὲν
3045 4775 3072 4828 ὂ
3128 4773 3414 4841 ἐπίσκοπος
3479 4777 3615 4850 μετὰ
3660 4778 3859 4850 καρπῶν

2243 4856 2332 4912 καὶ
2383 4855 2654 4922 αὒξάσεων
2715 4857 2822 4914 ἀπὸ
2871 4869 2965 4917 τοῦ
3017 4870 3202 4940 καιροῦ
3259 4871 3358 4932 τῆς
3417 4875 3510 4924 τοῦ
3570 4861 3858 4936 διαθεμένου

2243 4944 2516 5018 τελευτῆς,
2567 4948 2653 5003 καὶ
2712 4963 2950 5006 ποιεῖται
3011 4953 3102 5016 τὰς
3133 4951 3413 5029 οἰκοδομὰς
3446 4961 3550 5010 τῶν
3581 4952 3858 5016 ἐκκλησιῶν

2247 5035 2467 5090 καὶτῶν
2523 5033 2783 5111 Ξενώνων,
2843 5038 2878 5106 ἢ
2929 5046 3033 5095 τῶν
3064 5044 3449 5119 γεροκομείων,
3485 5045 3518 5110 ἢ
3549 5044 3854 5120 ὀρφανοτρο-

2247 5123 2430 5202 φείων,
2484 5123 2519 5191 ἢ
2577 5127 2962 5206 νοσοκομείων,
3016 5129 3050 5196 ἢ
3080 5132 3392 5210 πτωχείων,
3424 5133 3515 5187 καί
3550 5127 3854 5208 προχειρίζε-

2246 5233 2334 5267 ται
2363 5213 2487 5276 τοὺς
2518 5211 2791 5281 διοικητὰς
2827 5220 2994 5275 αὐτῶν
3025 5237 3039 5252 ’
3075 5219 3129 5273 εἴ
3159 5241 3218 5296 γε
3249 5221 3328 5295 μὴ
3358 5222 3530 5296 ῥητῶς
3562 5222 3588 5275 ὁ
3618 5215 3854 5281 τελευτή-

2249 5323 2344 5364 σας
2377 5302 2504 5358 εἶπε
2547 5304 2636 5360 τὸν
2683 5304 2962 5384 ὀφείλοντα
3024 5307 3246 5366 διοικεῖν
3285 5328 3298 5342 ⁸
3361 5313 3404 5366 εἷ
3454 5313 3539 5367 καὶ
3570 5310 3850 5379 ὠνόμασεν,

2250 5389 2430 5450 ἄδειαν
2488 5391 2515 5447 ὁ
2570 5392 2859 5459 ἐπίσκοπος
2892 5395 3006 5475 ἔχει
3053 5404 3230 5462 κακῶς
3277 5401 3432 5459 αὐτὸν
3483 5399 3849 5475 διαγινόμενον,

2250 5479 2555 5557 ἀποκινεῖν,
2587 5483 2676 5539 καὶ
2728 5498 2907 5542 ποιεῖν
2969 5485 3154 5547 ἄλλον.
3193 5490 3250 5545 El
3280 5488 3335 5544 δὲ
3367 5492 3394 5545 ὁ
3447 5487 3729 5545 κελευσθεὶς
3776 5479 3851 5534 καὶ

2249 5570 2393 5648 παρὰ
2435 5577 2528 5627 τοῦ
2579 5571 2870 5634 ἐπισκόπου
2927 5575 3205 5656 ὀχληθεὶς,
3285 5578 3520 5657 ἀρχικήν
3575 5574 3851 5646 ὑπόμνησιν

2249 5659 2530 5747 ἀναμείνῃ,
2587 5659 2761 5718 δίδωσι
2813 5661 3029 5722 διπλοῦν
3059 5667 3118 5722 τό
3148 5667 3497 5747 καταλειφθέν
3533 5682 3548 5698 ⁸
3579 5664 3848 5747 ῥᾳθυμοῆνῂ

2245 5769 2334 5812 τος
2362 5745 2417 5805 δὲ
2451 5757 2544 5808 τοῦ
2589 5748 2912 5834 ἐπισκόπου,
2960 5755 3245 5834 ἀναγκάζει
3280 5744 3618 5836 πληρωθῆναι
3670 5752 3724 5806 τὸ
3777 5744 3849 5801 διὰ
