4148 6198
331 249 457 316 565
1212 257 1630 323 SYNTAGMA
1673 257 2069 336 CANONUM.
2115 291 2194 306 —
2233 262 2390 327 TIT.
2438 261 2521 343 II,
2565 262 2731 326 CAP.
2778 259 2830 325 I.
3590 250 3707 322 566

322 389 575 449 τυπωθὶν
605 388 634 446 6
679 391 1109 470 μητροπολίτης,
1146 397 1182 464 ἢ
1227 397 1254 452 6
1283 400 1380 463 τῆς
1414 393 1726 466 διοικήσεως
1760 396 1954 465 ἐκείνηι

2054 397 2304 479 [ipsum]
2344 397 2500 479 quod
2532 397 2815 461 relictum
2860 404 2973 472 est,
3004 394 3382 477 duplicatum
3426 391 3572 456 dare
3606 410 3621 457 :
3655 394 3708 457 si

319 479 785 559 ἂρχιεπίσκοπος,
858 483 949 538 καὶ
1009 490 1112 545 πᾶς
1170 483 1498 561 βουλόμενος
1550 491 1658 541 τῶν
1729 487 1954 544 πολι-τῶι

2055 487 2372 568 episcopus
2394 488 2796 567 negligentius
2826 496 2983 564 agat,
3015 485 3574 566 metropolitanum,
3601 493 3703 546 aut

320 581 496 659 κινεῖ.
535 571 593 626 Εἰ
622 567 678 626 8s
721 572 858 643 μετὰ
899 573 998 640 τὴν
1046 572 1182 630 ἰδίαν
1224 574 1503 649 τελευτὴν,
1551 576 1598 630 οἱ
1643 574 1949 654 κληρονόμο

2053 583 2278 640 tractus
2299 580 2469 639 istius
2489 578 3118 659 archiepiscopum,ut
3140 575 3298 656 quod
3333 583 3702 655 praeceptum

319 656 721 726 ἐκελεύσθησαν
795 660 972 717 δοῦναι
1029 664 1064 730 ἦ
1127 662 1373 738 ποιῆσαι,
1436 666 1463 720 6
1532 662 1966 742 προδηλούμενος

321 747 527 827 χρόνος
561 750 697 822 μετὰ
747 750 846 816 τὴν
885 749 1180 808 ἆποϐίωσιν
1223 755 1393 811 αὐτῶν
1439 753 1770 830 ἀριθμεῖται,
1819 757 1867 812 οἱ
1910 754 1966 811 δὲ

316 837 591 915 ἄρχοντες
624 838 976 915 ἀναγκάζουσι
1009 848 1174 898 ταῦτα
1206 840 1560 920 πληροῦσθαι.

316 924 557 986 dictum
592 934 826 1006 tempus
864 935 997 1009 post
1027 929 1264 992 illorum
1296 930 1609 994 decessum
1643 932 2016 1013 computari:

321 1031 552 1093 cogere
586 1014 886 1098 [debere.]

408 1106 479 1161 Ἢ
523 1104 579 1183 γ’
620 1104 756 1166 διάτ.
798 1115 892 1164 τοῦ
935 1106 987 1164 α’
1034 1109 1137 1170 τίτ,
1199 1110 1305 1167 τῶν
1337 1112 1554 1190 Νεαρὼν
1583 1113 1714 1191 φησὶ
1741 1111 1828 1169 διὰ
1859 1111 1964 1180 δη-

316 1194 535 1268 μοσίων
579 1196 881 1272 προσώπων
935 1191 1018 1262 δὶς
1090 1197 1424 1278 ὀχλούμενον
1468 1202 1558 1256 τὸν
1616 1201 1963 1260 κελευσθέντα

312 1284 474 1361 παρὰ
522 1291 614 1339 τοῦ
657 1283 952 1343 ἐπισκόπου
995 1287 1084 1343 καὶ
1140 1295 1232 1345 τοῦ
1279 1289 1582 1365 οἰκονόμου,
1615 1289 1711 1346 καί
1738 1291 1962 1368 ὑπερθέ-

313 1395 514 1448 μενον,
589 1372 864 1430 ἐκπίπτειν
920 1378 1116 1441 παντὸς
1168 1376 1381 1454 κὲρδους
1419 1397 1432 1411 ⁸
1490 1381 1578 1435 καὶ
1627 1381 1726 1447 τὴν
1786 1382 1965 1438 οὒσίαν

312 1471 503 1520 πᾶσαν
550 1465 688 1540 μετὰ
745 1468 848 1521 τῶν
907 1466 961 1522 ἑν
1003 1467 1154 1541 μέσῳ
1205 1466 1548 1538 ἐπαυξήσεων
1596 1472 1624 1525 6
1676 1470 1964 1538 ἐπίσκοπος

311 1550 535 1626 δαπανᾳ
577 1555 650 1618 εἰς
723 1556 789 1612 τὰ
844 1553 1262 1636 διατυπωθέντα,
1327 1559 1406 1633 μὴ
1455 1561 1963 1636 παρακρατουμένου

311 1643 626 1727 φαΑκιδίου,
674 1646 746 1702 Τὸ
789 1646 916 1702 αὐτό
960 1645 1098 1724 ἐστι,
1160 1645 1257 1702 κᾶν
1328 1648 1607 1718 προσάπαξ
1667 1672 1718 1706 τι
1777 1648 1961 1727 ληγα-

310 1737 507 1808 τευθῇ,
547 1723 607 1790 Ἠ
653 1731 708 1788 δὲ
738 1733 792 1810 γ’
836 1732 974 1796 διάτ,
1010 1723 1102 1792 τοῦ
1130 1735 1185 1811 β’
1223 1737 1326 1799 τίτ,
1375 1743 1481 1793 τῶν
1527 1741 1743 1815 Νεαρῶν
1775 1723 1958 1818 φησὶν,

313 1821 463 1878 εἴσω
495 1823 550 1887 ’ἐξ
607 1827 794 1898 μηνῶν
835 1827 970 1899 μετὰ
1029 1826 1129 1892 τὴν
1163 1827 1453 1905 ἐμφάνειαν
1483 1833 1582 1894 τῆς
1614 1827 1877 1898 διαθήκης
1911 1829 1963 1894 ἐξ

2052 676 2144 728 est
2169 667 2593 748 adimpleatur,
2639 685 2880 746 cogere,
2917 675 2974 728 et
3006 683 3436 746 quemcunque
3478 665 3700 726 civium

2051 755 2257 836 [posse
2278 758 2701 837 quaestionem]
2723 773 2986 819 movere:
3015 755 3066 814 si
3095 763 3228 835 post
3251 764 3503 816 mortem
3529 771 3698 815 suam

2050 845 2321 907 hzeredes
2342 846 2567 925 aliquid
2596 845 2739 907 dare
2761 853 2862 906 aut
2884 844 3080 906 facere
3100 843 3257 923 jussi
3275 843 3698 923 fuerint,prre-

2051 933 2381 1018 [denique],
2404 946 2473 996 ut
2504 936 2629 996 haec
2660 933 3052 1014 impleantur,
3087 935 3285 1014 [ipsos]
3322 932 3701 1011 magistratus

2129 1113 2376 1178 Τρωίας.
2413 1113 2618 1178 Const.
2652 1114 2710 1188 3,
2743 1115 2830 1175 tit.
2861 1114 2886 1174 1
2915 1112 3297 1175 Novellarum
3326 1111 3412 1173 ait
3436 1109 3696 1192 [aliquid

2048 1203 2244 1266 facere
2273 1213 2370 1266 aut
2401 1203 2564 1284 dare]
2587 1202 2906 1283 jussum,si
2933 1202 3006 1264 ab
3039 1203 3322 1282 episcopo
3355 1209 3412 1263 et
3443 1218 3573 1265 (Βοο
3589 1220 3694 1261 ηο-

2050 1311 2146 1354 mo
2178 1313 2285 1373 per
2334 1293 2602 1373 publicas
2655 1311 2943 1373 personas
2993 1291 3088 1353 bis
3117 1289 3463 1352 admonitus
3495 1290 3696 1351 adhuc

2047 1381 2352 1448 dilfertmb
2387 1385 2550 1443 omni
2579 1383 2746 1444 lucro
2785 1381 3154 1457 excidere,et
3187 1379 3536 1460 episcopum
3572 1397 3698 1439 om-

2047 1490 2182 1532 nem
2218 1473 2611 1534 snbstantiam
2661 1491 2796 1533 cum
2832 1471 3014 1532 medii
3065 1470 3359 1550 temporis
3389 1473 3695 1530 accessio-

2046 1560 2249 1635 nibus,
2286 1581 2403 1622 non
2433 1572 2666 1624 retenta
2696 1561 2798 1640 [ab
2832 1561 2956 1639 illo]
2990 1558 3252 1631 falcidia,
3287 1557 3349 1618 in
3380 1576 3513 1638 qua:
3537 1575 3690 1619 con-

2049 1653 2312 1713 stitutum
2369 1659 2457 1712 est
2488 1651 2799 1713 insumere
2830 1670 2844 1714 :
2881 1660 2939 1713 et
2967 1650 3017 1711 si
3050 1649 3475 1712 universaliter
3505 1648 3695 1729 quip-

2049 1741 2205 1820 piam
2242 1741 2495 1820 logetur,
2535 1741 2691 1802 idem
2729 1759 2884 1802 esse.
2930 1739 3158 1802 Eadem
3209 1746 3405 1801 const.
3433 1741 3492 1817 3,
3530 1737 3621 1799 tit.
3657 1738 3696 1798 2

2048 1831 2429 1893 Novellarum
2463 1831 2567 1902 ait,
2600 1833 2756 1891 intra
2788 1849 2887 1890 sex
2925 1846 3166 1890 menses
3195 1836 3327 1908 post
3353 1834 3697 1907 aperturam

313 1912 677 1988 ὑπερθέσεως,
736 1915 969 1991 καρπούς
1021 1919 1111 1971 καί
1156 1915 1345 1980 τόκους
1377 1915 1472 1972 καί
1511 1917 1829 1987 ὲπαυξήσεις
1861 1917 1954 1975 ἂιπέ

2055 1921 2396 1982 testamenti
2454 1920 2703 1998 [relictis
2759 1938 2878 1980 non
2931 1918 3139 1998 datis],
3181 1924 3424 1996 propter
3455 1915 3699 1976 dilatio-

316 2001 580 2069 τελευτῆς
633 2009 726 2059 τοῦ
782 2003 1172 2068 καταλιπόντος
1245 2006 1614 2069 ἀπαιτεῖσθαι.
1690 1999 1751 2064 Ἠ
1798 2006 1852 2064 δὲ
1911 2008 1964 2085 γ’

315 2090 469 2154 διάτ,
517 2099 609 2148 τοῦ
651 2091 704 2168 β’
761 2094 861 2150 τίτ.
937 2101 1032 2151 τοῦ
1086 2097 1246 2151 αὐτοῦ
1303 2098 1408 2151 τῶν
1476 2103 1692 2173 Νεαρῶν
1765 2098 1963 2157 συντά-

315 2201 534 2259 γματος
595 2182 780 2260 φησὶν,
814 2181 949 2237 εἴσω
1002 2186 1316 2244 πενταετίας
1362 2185 1458 2252 τὴν
1506 2185 1793 2252 ἐκκλησίαν
1822 2187 1969 2266 ὀφεί-

313 2268 438 2325 λειν
492 2267 824 2347 πληροῦσθαι
855 2287 869 2301 ”
930 2272 1053 2334 τοὺς
1112 2271 1166 2327 δὲ
1226 2271 1419 2335 ἄλλους
1471 2277 1687 2349 εὐαγεῖς
1746 2275 1960 2354 οἴκους,

315 2359 463 2414 εἴσω
504 2358 764 2416 ἐνιαυτοῦ.
822 2361 878 2417 Εἰ
922 2358 976 2416 δὲ
1037 2361 1114 2436 μὴ
1175 2363 1323 2422 ἐντὸς
1368 2369 1460 2418 τοῦ
1504 2365 1745 2420 ἐνιαυτοῦ
1792 2366 1963 2434 ποιή-

314 2470 506 2504 σουσιν
547 2450 596 2506 οἱ
639 2448 992 2530 κληρονόμοι,
1055 2450 1529 2529 ἆναγκαζέσθωσαν
1611 2457 1764 2509 οἶκον
1825 2453 1961 2530 ἀγο-

307 2539 497 2613 ράζειν
555 2537 592 2605 ἢ
637 2543 972 2613 μισθοῦσθαι,
1045 2540 1165 2597 ἔνθα
1235 2539 1448 2597 δύναται
1493 2543 1560 2598 τὰ
1614 2541 1962 2599 κελευσθέντα

309 2627 676 2704 πληροῦσθαι.
726 2630 804 2687 Τὰ
860 2627 916 2684 δὲ
972 2630 1230 2708 περὶτῆς
1281 2627 1598 2700 διοικήσεως
1632 2631 1833 2706 ὁμοίως
1891 2637 1959 2708 τῇ

309 2714 660 2793 προλαϐούσῃ
693 2716 949 2774 διατυποῐ
964 2766 976 2778 .

400 2807 560 2884 Λέγει
591 2805 658 2862 δὲ’
682 2805 895 2883 βιϐλ.α’
927 2813 1033 2862 τῶν
1065 2805 1322 2885 διγέστων
1353 2808 1455 2868 τίτ,
1481 2807 1528 2865 ν’
1550 2808 1742 2885 βιϐλ,ι’
1767 2811 1855 2866 καὶ
1877 2809 1954 2883 α’,

307 2895 399 2952 ὅτι
428 2897 496 2952 τὰ
525 2898 638 2972 ἱερὰ
665 2897 808 2953 θείου
836 2895 1039 2952 δικαίου
1070 2899 1286 2972 εὶσὶ,καὶ
1315 2900 1406 2954 ὑπ’
1433 2897 1643 2963 οὐδενὸς
1675 2898 1957 2970 δεσπόζον-

307 3003 429 3042 ται·
463 2988 604 3055 ἱερὸν
634 2985 687 3041 δὲ
720 2986 940 3063 πρᾶγμά
972 2986 1106 3061 ἐστι,
1137 2989 1198 3042 τὸ
1247 2987 1527 3064 ἀνιερωθὲν
1579 2987 1834 3061 δημοσίᾳ.
1881 2989 1956 3046 Τὰ

309 3077 424 3154 γὰρ
467 3075 708 3132 ἰδιωτικὰ
739 3076 835 3131 οὒκ
865 3077 993 3132 εἰσὶν
1027 3077 1166 3153 ἱερὰ,
1201 3075 1340 3132 ἀλλὰ
1374 3075 1600 3152 βέὸηλα·
1638 3080 1682 3134 εί
1707 3077 1762 3134 δὲ
1792 3101 1954 3134 κατα·

312 3165 463 3241 πέσῃ
508 3167 568 3221 τὸ
611 3165 976 3245 οίκοδόμημα,
1025 3165 1173 3240 μένει
1215 3169 1242 3222 ὁ
1285 3169 1450 3231 τόπος
1508 3171 1672 3246 ἱερὸς,
1702 3171 1776 3232 ὡς
1807 3167 1950 3245 βιϐλ.

2050 2028 2188 2071 nem
2244 2012 2497 2086 fructus,
2552 2026 2764 2071 usuras
2822 2018 3001 2089 atque
3031 2005 3414 2068 accessiones
3445 2023 3478 2064 a
3508 2012 3699 2065 morte

2050 2100 2182 2178 ejus
2208 2100 2308 2178 qni
2367 2099 2632 2180 reliquit,
2695 2098 2876 2176 exigi.
2931 2096 3156 2159 Eadem
3216 2102 3409 2156 const.
3439 2092 3498 2172 3,
3535 2092 3624 2153 tit.
3658 2092 3697 2152 2

2047 2189 2434 2250 Novellarum
2491 2191 2602 2260 ait,
2661 2188 2820 2248 intra
2849 2183 3335 2266 quinquennium
3372 2181 3693 2244 ecclesiam

2049 2278 2276 2340 debere
2338 2278 2600 2357 perﬁci:
2651 2277 2799 2339 alias
2858 2274 3233 2337 venerabiles
3290 2272 3507 2333 domus
3537 2270 3696 2331 intra

2045 2385 2294 2429 annum.
2330 2367 2392 2430 Si
2424 2384 2563 2429 vero
2594 2366 2754 2427 intra
2781 2382 3006 2426 annum
3064 2359 3336 2424 haeredes
3381 2359 3540 2440 [eas]
3573 2378 3695 2420 non

2047 2456 2306 2520 fecerint
2335 2457 2546 2538 [ipsos]
2572 2455 2705 2534 cogi
2735 2455 2976 2516 domum
3011 2452 3302 2532 [aliquam
3330 2451 3458 2530 aut]
3491 2466 3696 2510 emere

2045 2555 2148 2607 aut
2177 2548 2545 2619 conducere,
2578 2547 2676 2607 ubi
2697 2545 2868 2624 jussa
2892 2549 3117 2624 queant
3148 2539 3420 2620 exsequi.
3457 2541 3693 2602 Procu-

2043 2635 2342 2698 rationem
2376 2645 2574 2698 autem
2641 2633 2898 2716 perinde
2945 2639 3124 2712 atque
3155 2629 3467 2711 praemissa
3495 2635 3690 2692 const.

2042 2724 2327 2786 instituit.

2126 2815 2261 2876 109
2283 2812 2812 2886 Textus.Lib,vero
2837 2805 3689 2889 1,digest.tit.5(i,lib.n,dicit,

2040 2921 2140 2966 res
2156 2921 2361 2965 sacras
2379 2902 2834 2981 divinijuris,ac
2853 2900 2917 2960 in
2945 2898 3172 2960 nullius
3194 2895 3370 2958 bonis
3399 2897 3689 2958 esse.Res

2039 3002 2237 3055 autem
2271 3010 2444 3054 sacra
2474 3001 2723 3072 est,quae
2750 2989 2993 3070 publice
3022 2994 3377 3050 consecrata
3407 2983 3684 3068 est.N'am

2039 3101 2171 3163 quae
2207 3082 2519 3143 hominum
2554 3082 2922 3162 privatorum
2953 3088 3116 3150 sunt,
3173 3094 3292 3136 non
3319 3091 3488 3135 sacra
3521 3081 3683 3149 sunt,

2039 3172 2143 3232 sed
2172 3171 2512 3249 profana.Si
2543 3187 2676 3230 vero
2701 3168 3018 3229 aedificium
3039 3165 3328 3247 [sacrum]
3356 3163 3684 3243 collapsum

311 3255 425 3332 δίγ.
458 3255 561 3328 ς’·
596 3260 960 3334 καθιεροῦνται
990 3255 1043 3311 δὲ
1074 3257 1167 3312 καῖ
1201 3256 1253 3313 ἐν
1285 3257 1473 3313 πόλεσι
1502 3260 1588 3314 καὶ
1621 3257 1673 3314 ἐν
1706 3259 1949 3338 χωρίοις.

2043 3261 2240 3334 fuerit,
2277 3261 2444 3320 locus
2475 3276 2647 3320 sacer
2677 3265 2970 3330 manet,ut
2994 3256 3228 3334 digesto
3254 3255 3688 3317 6.00118ecran-

317 3347 598 3418 Δημόσιος
629 3344 684 3401 δὲ
713 3347 878 3406 τόπος
911 3346 1054 3422 παρὰ
1083 3344 1325 3402 κέλευσιν
1357 3344 1644 3421 βασιλέως,
1668 3346 1725 3402 οὗ
1755 3347 1956 3423 γίνεται

313 3435 486 3508 ἱερὸς,
533 3435 606 3496 ὡς
652 3431 891 3511 δίγεστον
934 3432 986 3499 η’
1044 3435 1128 3488 καὶ
1158 3433 1206 3489 θ’
1239 3452 1254 3466 ⁸
1287 3433 1636 3506 ἀδιατίμητον
1669 3434 1722 3491 δὲ
1756 3434 1866 3492 ἐστι
1895 3437 1957 3492 τὸ

309 3525 481 3600 ἱερὸν,
515 3525 589 3586 ὡς
619 3521 858 3599 δίγεστον
891 3522 951 3578 ι”
983 3523 1071 3578 καὶ
1102 3522 1567 3582 Ἰνστιτουτιώνων
1598 3522 1742 3600 βιϐ).
1762 3525 1867 3581 τίτ,
1903 3521 1953 3580 α’

310 3612 511 3691 φησίν,
568 3613 650 3668 ὅτι
700 3610 840 3687 ἱερόν
885 3614 1023 3685 ἐστι,
1070 3614 1132 3668 τὸ
1170 3613 1335 3690 ὀρθῶς
1393 3615 1488 3670 καί
1521 3611 1608 3670 διὰ
1639 3623 1730 3673 τοῦ
1769 3613 1954 3692 ἱερέως

308 3707 394 3776 τῷ
438 3709 555 3776 Θεῷ
595 3703 953 3780 ἆνιερωμένον
981 3722 992 3736 ·
1043 3706 1114 3764 ὡς
1162 3706 1210 3760 οἱ
1253 3705 1369 3759 ναοὶ
1400 3707 1489 3760 καὶ
1519 3706 1584 3760 τὰ
1617 3705 1783 3771 σκεύη
1815 3719 1828 3734 ⁸
1867 3702 1955 3760 καὶ

307 3800 406 3849 τοῦ
466 3798 592 3848 ναοῦ
633 3793 1058 3865 καταπεσόντος,
1121 3792 1270 3867 μένει
1315 3795 1342 3848 6
1407 3794 1570 3857 τόπος
1625 3797 1787 3869 ἱερός.
1846 3797 1954 3853 Οὐκ

308 3882 432 3938 ἔστι
477 3879 530 3936 δὲ
573 3883 738 3958 ἱερὸν,
794 3880 925 3959 ὅπερ
980 3903 1069 3944 τις
1128 3881 1250 3938 κατ’
1307 3884 1504 3938 οἰκείαν
1550 3883 1818 3942 αὐθεκτίαν
1879 3885 1950 3948 ὡς

306 3973 452 4048 ἱερὸν
509 3971 752 4039 ποιήσει·
786 3972 874 4026 καὶ
905 3970 1008 4032 τίτ,
1178 3969 1259 4026 ὅτι
1305 3971 1364 4027 οὒ
1416 3977 1605 4027 κτᾶται
1631 3994 1712 4036 τις
1742 3973 1808 4028 τὰ
1836 3973 1949 4048 ἱερὰ

307 4060 398 4116 διὰ
441 4060 537 4126 τῆς
583 4059 807 4138 χρονίας
863 4063 1032 4133 νομῆς
1068 4076 1081 4089 ’
1143 4058 1263 4115 οὕτε
1307 4061 1542 4139 ἰσχυρῶς
1598 4082 1678 4126 τις
1709 4060 1949 4138 ἐπερωτᾳ

310 4147 506 4206 λαϐεῖν
536 4150 700 4228 ἱερὸν,
732 4147 1197 4204 Ἰνστιτουτιώνων
1230 4149 1302 4224 ιγ’
1341 4151 1444 4210 τίτ,
1483 4148 1546 4204 ιε’
1580 4153 1665 4206 καὶ
1693 4150 1796 4211 τίτ,
1831 4150 1942 4227 κγ’·

306 4239 393 4296 ὅτι
427 4237 602 4300 οὖδείς
636 4237 691 4292 ἐν
723 4235 922 4305 εἰδήσει
954 4237 1199 4314 ἀγοράζει
1234 4237 1396 4314 ἱερόν*
1449 4239 1494 4293 εἷ
1549 4236 1604 4293 δὲ
1655 4241 1947 4306 ἀπατηθεὶς

309 4327 575 4404 ἠγόρασεν
618 4327 692 4390 ὡς
721 4323 1016 4396 ἰδιωτικὸν,
1049 4325 1194 4380 κινεῖ
1250 4325 1335 4380 ἐπὶ
1367 4332 1444 4399 τῷ
1475 4324 1774 4404 διαφέροντι
1813 4343 1825 4356 ·
1860 4329 1949 4383 καὶ

313 4413 781 4474 Ἰνστιτουτιώνων
839 4413 908 4468 ιδ’
954 4415 1058 4475 τίτ,
1118 4414 1209 4488 ιε’,
1256 4413 1338 4470 ὅτι
1369 4412 1712 4472 ἐπιϐλέπουσι
1743 4415 1808 4471 τὰ
1835 4417 1950 4492 ἱερὰ

308 4506 400 4562 καὶ
458 4503 944 4581 παρασκευάζουσιν
1001 4504 1133 4562 αὐτὰ
1177 4501 1610 4582 φιλοκαλεϊσθαι,
1658 4502 1808 4562 Βιϐλ.
1870 4504 1947 4578 β’,

2043 3360 2142 3410 tur
2181 3368 2320 3409 vero
2355 3348 2544 3428 [loca]
2579 3357 2636 3407 et
2697 3344 3041 3408 civitatibus
3093 3352 3152 3404 et
3183 3347 3241 3404 in
3276 3343 3458 3420 agris.
3495 3341 3686 3403 Locus

2040 3437 2316 3518 publicus
2337 3439 2487 3498 citra
2503 3438 2734 3514 jussum
2766 3433 3058 3514 principis
3079 3451 3197 3493 non
3225 3433 3288 3492 ﬁt
3311 3439 3579 3504 sacer,ut
3599 3429 3688 3490 di-

2038 3535 2204 3604 gesto
2226 3530 2355 3601 8,et
2385 3525 2572 3588 9.Res
2603 3542 2774 3584 sacra
2808 3541 2927 3583 non
2953 3521 3169 3601 recipit
3197 3519 3681 3593 mstimationem,

2039 3625 2103 3676 ut
2132 3614 2366 3692 digesto
2405 3615 2584 3675 t().Et
2615 3611 2784 3693 [lib]
2816 3610 3009 3672 lnstit.
3035 3610 3199 3682 ll,tit.
3245 3611 3265 3670 Ι
3301 3628 3316 3668 :
3349 3606 3542 3670 Sacraa
3571 3607 3686 3681 (in-

2037 3705 2191 3783 quit)
2228 3722 2326 3764 res
2357 3712 2514 3772 sunt,
2544 3721 2678 3782 quas
2703 3701 2815 3760 rite
2849 3717 2955 3780 per
2981 3696 3295 3779 pontiﬁces
3316 3696 3441 3758 Deo
3462 3713 3682 3756 conse-

2037 3802 2215 3856 cratae
2235 3802 2376 3854 sunt
2402 3815 2415 3850 :
2445 3791 2625 3854 veluti
2660 3791 2820 3851 aedes
2852 3807 3062 3862 sacra),
3096 3797 3154 3850 et
3185 3785 3422 3847 vasa.Et
3452 3784 3683 3846 aedibus

2034 3883 2223 3944 sacris
2243 3883 2275 3943 d
2289 3881 2695 3954 irutis,manet
2718 3880 2884 3940 locus
2911 3878 3254 3941 sacer.Non
3271 3883 3360 3936 est
3379 3884 3580 3937 autem
3596 3891 3684 3934 sa-

2031 3972 2390 4051 crum,quod
2420 3969 2716 4052 quispiam
2735 3985 2841 4030 sua
2863 3965 3223 4028 auctoritate
3246 3964 3417 4041 quasi
3443 3981 3680 4024 sacrum

2032 4051 2448 4122 constituerit.
2475 4058 2658 4121 Ettit.
2693 4059 2754 4128 9,
2790 4055 3096 4117 neminem
3129 4053 3527 4134 possessionis
3550 4051 3680 4112 suf-

2031 4149 2222 4226 fragio
2259 4168 2356 4210 res
2379 4166 2580 4209 sacras
2612 4143 3165 4224 usucapere.Nemo
3199 4143 3426 4204 utiliter
3456 4159 3554 4202 res
3581 4159 3682 4201 sa-

2034 4258 2167 4301 cras
2192 4239 2603 4320 stipulatur,ut
2631 4237 2826 4297 Instit.
2859 4237 2918 4308 3,
2955 4235 3044 4294 tit.
3080 4233 3151 4296 19
3187 4231 3255 4293 Ει
3286 4232 3376 4293 tit.
3404 4232 3483 4294 93
3512 4231 3680 4320 {Ne-

2036 4349 2132 4391 mo
2163 4319 2366 4391 sciens
2393 4329 2599 4406 [recte]
2629 4327 2775 4387 emit
2811 4343 2938 4385 rem
2972 4320 3305 4384 sacram.Si
3339 4337 3482 4381 vero
3506 4319 3680 4381 dece-

2037 4427 2172 4496 ptus
2193 4418 2339 4478 emit
2361 4422 2528 4497 quasi
2551 4415 2866 4494 privatam,
2892 4413 3013 4491 agit
3034 4413 3105 4472 ad
3132 4411 3187 4471 id
3214 4410 3373 4491 quod
3401 4411 3677 4472 interest.

2033 4509 2110 4568 Et
2141 4506 2377 4577 Instav,
2407 4507 2498 4566 tit.
2533 4506 2632 4578 15,
2659 4505 2718 4564 in
2751 4503 2922 4584 [loco]
2951 4519 3119 4562 sacro
3145 4500 3445 4560 aediﬁcare
3468 4498 3680 4578 prohi-

311 4596 414 4652 τίτ.
451 4592 542 4666 ιδ’,
573 4590 718 4669 βιϐλ,
755 4591 878 4666 ις’,
911 4591 977 4657 ξ¹⁶
1013 4593 1074 4648 οὔ
1105 4592 1284 4656 καλῶς
1314 4615 1394 4654 τις
1427 4591 1677 4649 πακτεόει
1709 4593 1784 4666 μή
1814 4597 1946 4649 καθ-

2043 4595 2272 4658 bemur.
2308 4594 2436 4656 Lib.
2472 4593 2660 4673 [dig.]
2694 4611 2736 4662 ι,
2765 4591 2855 4651 tit.
2887 4590 2981 4656 16.
3020 4588 3142 4667 dig.
3170 4589 3203 4648 ’ἱ
3245 4609 3258 4650 :
3303 4586 3681 4664 Magistratus

312 4686 484 4761 ιεροῦν
512 4685 603 4739 τὸν
635 4681 770 4739 ἴδιον
799 4684 962 4738 τόπον
988 4699 1002 4713 ⁸
1029 4681 1174 4759 βιϐλ.
1206 4683 1426 4762 ς’,τίτ.
1464 4682 1538 4757 α’,
1573 4681 1811 4758 δίγεστον
1834 4685 1943 4758 κγ’·

309 4775 376 4829 τὰ
405 4773 519 4849 ἱερᾶ
549 4775 622 4832 ὡς
651 4773 884 4849 ἡμέτερα
943 4771 1174 4829 ἐκδικεῖν
1224 4776 1284 4829 οὐ
1335 4770 1598 4846 δυνάμεθα
1631 4788 1644 4801 ·
1679 4769 1823 4848 βιϐλ,
1861 4771 1944 4845 η’,

308 4863 415 4923 τίτ,
452 4861 527 4932 α’,
559 4859 704 4938 βιϐλ,
736 4859 858 4939 ις’,
895 4859 985 4916 ιδ”
1019 4864 1162 4937 ἱεροῦ
1189 4863 1355 4918 τόπου
1381 4863 1942 4940 παρεντιθεμένου,καὶ

307 4953 343 5013 ἦ
388 4949 455 5007 δι’
501 4955 657 5010 αὑτοῦ
687 4950 918 5028 πάροδος
949 4954 1022 5012 εἷς
1055 4949 1322 5007 ἰδιωτικὸν
1367 4950 1706 5025 ἐμποδίζεται
1743 4971 1758 4988 ο
1817 4951 1942 5008 δου-

307 5041 424 5098 λεία
454 5042 553 5118 γὰρ
583 5045 642 5100 οὗ
672 5042 976 5097 συνίσταται
1021 5039 1106 5096 διὰ
1143 5049 1234 5097 τοῦ
1275 5041 1515 5097 τοιούτου
1548 5041 1712 5098 τόπου
1745 5057 1758 5071 ⁸
1794 5039 1938 5116 βιϐλ.

309 5131 404 5205 ια’,
432 5127 1112 5206 τίτ,ζ⁹,βι6λ.ις“’,λς”’⁰τὸι
1133 5131 1245 5208 ἱερὰ
1275 5131 1529 5208 γινόμενα
1549 5132 1650 5186 ὑπὸ
1681 5133 1802 5194 τοὺς
1834 5151 1941 5186 πο⁹

307 5221 542 5296 λεμίους,
573 5221 836 5278 παύονται
868 5220 1012 5276 εἶναι
1042 5221 1178 5297 ίερά’
1213 5219 1392 5294 ὥσπερ
1423 5221 1450 5275 6
1499 5219 1769 5296 ἐλεύθερος
1813 5217 1938 5275 δου-

309 5310 516 5374 λωθείς·
549 5308 878 5367 ἀπολυθέντα
909 5305 962 5362 δὲ
1021 5314 1119 5374 τῆς
1167 5314 1464 5387 συμφορᾶς,
1508 5307 1940 5381 ἀναλαμϐάνουσι

308 5400 409 5466 ’τὴν
451 5397 712 5474 προτέραν
744 5398 1093 5453 κατάστασιν⁹
1129 5399 1212 5452 καὶ
1235 5394 1377 5474 βιϐλ.
1416 5396 1507 5476 ιζ’,
1541 5418 1646 5457 τιτ.
1680 5398 1756 5472 β’,
1792 5397 1937 5472 βιὸλ,

311 5487 432 5562 ις’,
463 5485 568 5566 Ef-
603 5487 685 5543 ὅτι
717 5486 808 5542 ἐὰν
837 5486 1100 5562 ἆνιερωθῇ
1121 5488 1182 5542 τὸ
1213 5487 1391 5542 κοινὸν
1423 5491 1665 5563 πρᾶγμα,
1699 5483 1880 5541 λύεται
1905 5489 1938 5554 ἡ

308 5575 393 5634 ιη’
419 5575 562 5652 αότῷ
588 5571 1129 5649 κοινωνια.Βιϐλ.ιη’,
1159 5575 1258 5634 τίτ,
1287 5571 1361 5649 α’,
1394 5573 1540 5650 βιϐλ,
1577 5571 1698 5648 ις’,
1731 5573 1802 5649 ε’,
1834 5573 1936 5650 ς’.

2033 4685 2195 4746 aedes
2213 4701 2413 4744 sacras
2433 4682 2860 4762 inspiciunt,ac
2881 4677 3182 4738 ornandas
3205 4673 3584 4736 curant.Lib.
3614 4690 3675 4747 ll,

2035 4775 2124 4834 tit.
2161 4775 2260 4846 14,
2307 4772 2526 4848 digest.
2562 4771 2663 4833 60.
2702 4767 2832 4830 Non
2861 4776 3029 4828 recte
3061 4765 3196 4844 quis
3223 4762 3568 4843 paciscitur,
3601 4779 3680 4822 ne

2033 4863 2228 4924 locum
2253 4880 2427 4922 suum
2450 4859 2714 4921 dedicet.
2750 4856 2886 4919 Lib.
2911 4854 3084 4930 vn,tit.
3109 4851 3187 4913 23
3213 4869 3226 4912 :
3257 4850 3460 4931 [Loca]
3485 4867 3676 4930 sacra,

2032 4950 2201 5032 quasi
2229 4951 2522 5022 nostra,in
2548 4965 2674 5008 rem
2695 4946 2930 5006 actione
2951 4949 3160 5021 petere
3183 4959 3303 5000 non
3330 4955 3678 5020 possumus.

2025 5027 2703 5116 Ilib.vm,tit.1,dig.14:
2733 5032 2917 5096 Sacro
2941 5033 3070 5090 loco
3089 5027 3681 5103 interveniente,iter

2030 5147 2136 5209 per
2157 5129 2350 5207 ipsum
2378 5133 2435 5187 in
2464 5127 2753 5207 privatum
2779 5121 3018 5200 [locum]
3047 5117 3678 5209 impeditur.Servitiis

2027 5206 2313 5298 enim’per
2332 5214 2674 5278 istiusmodi
2697 5214 2893 5274 locum
2920 5227 3040 5270 non
3065 5208 3562 5298 consistit.Lib.x1
3583 5206 3674 5267 lit.

2031 5306 2177 5381 7,lib
2208 5295 2328 5374 im,
2360 5305 2576 5383 digest.
2602 5303 2700 5364 36:
2730 5303 2887 5364 Loca
2911 5315 3079 5360 sacra
3110 5297 3182 5357 ab
3202 5295 3474 5357 hostibus
3507 5303 3680 5375 capta

2028 5395 2456 5456 desinuntesse
2471 5391 2826 5461 sacra,sicut
2847 5389 3068 5465 [homo]
3087 5385 3314 5447 liberin
3330 5385 3676 5445 servitutem

2028 5480 2676 5566 pertractus.Ab|hac]
2702 5477 3040 5540 calamitate
3073 5474 3326 5566 liberata
3359 5473 3674 5566 pristinum

2030 5560 2249 5636 statum
2279 5560 2742 5655 recipiuhtlib.
2777 5581 2920 5644 xvn,
2957 5565 3048 5629 tit.
3074 5569 3136 5644 2,
3162 5564 3270 5627 lib.
3298 5578 3416 5638 XVI,
3451 5560 3668 5641 digest.
