4004 6230
465 340 578 406 567

460 567 644 628 cietas
674 565 940 626 solvitur.
976 559 1105 622 Lib.
1139 575 1302 639 XVI",
1333 557 1425 618 tit.
1469 557 1830 637 t,digest.5,
1867 558 1926 633 6,
1967 559 2104 619 ΗΟ

460 660 537 718 62
572 673 584 716 :
624 656 823 715 Sacrae
853 650 942 710 rei
975 650 1198 727 emptio
1258 645 1558 727 consistit,
1592 647 1642 707 si
1675 645 1836 706 illam
1871 665 2099 710 sacram

465 763 596 807 esse
631 750 864 821 emptor
898 741 1173 816 ignoret:
1207 736 1508 816 habetque
1530 735 1815 796 adversus
1841 739 2105 800 vendito-

462 852 588 896 rem
613 833 624 910 ι
650 832 968 906 actionem]
1005 828 1209 908 quanti
1245 827 1374 906 ejus
1405 824 1699 898 interfuit,
1735 843 1810 886 ne
1843 826 1943 905 [ea
1974 829 2100 907 res]

465 920 897 982 vindicaretur.
934 918 997 980 Si
1029 934 1168 977 vero
1203 914 1354 976 sciat
1384 922 1646 994 emptor,
1681 932 1801 974 non
1835 915 2107 977 consistit

463 1011 753 1073 venditio.
786 1008 857 1070 Et
887 1008 1110 1086 Iligest.
1155 1006 1257 1081 73,
1292 1005 1567 1084 ejusdem
1607 1003 1676 1063 tit
1710 1025 1722 1061 :
1759 1003 1908 1065 Ede
1937 1024 2106 1067 sacra

464 1101 688 1180 diruta,
721 1100 889 1161 locus
925 1115 1043 1157 non
1095 1095 1158 1154 fit
1207 1111 1380 1155 sacer
1412 1111 1424 1154 :
1461 1091 1620 1152 unde
1655 1110 1851 1172 neque
1885 1095 2106 1156 vaenire

504 1199 682 1253 otest.

460 1210 872 1342 “$551.33.
897 1275 1004 1339 lib.
1025 1274 1126 1350 οι,
1148 1273 1236 1334 tit.
1271 1281 1322 1345 ι,
1348 1272 1490 1333 dist.
1518 1272 1610 1346 t6,
1637 1271 1694 1330 ις.
1729 1270 1914 1334 Recte
1941 1271 2099 1334 dono

460 1370 632 1432 uxori
667 1386 815 1431 mete
847 1367 1069 1441 locum,
1103 1373 1168 1425 ut
1192 1363 1253 1424 in
1275 1363 1407 1442 ipso
1433 1364 1622 1424 tndem
1649 1378 1878 1422 sacram
1899 1361 2095 1438 faciat,

456 1471 635 1540 atque
658 1459 827 1518 locus
853 1456 915 1516 fit
937 1453 1568 1540 sacer.Lib.xxvu,tﬁit.
1601 1451 1696 1527 10,
1720 1449 1936 1530 digest.
1976 1452 2050 1513 12
2078 1470 2094 1514 :

459 1539 696 1609 Furiosi
731 1553 968 1605 curator
1026 1561 1154 1602 rem
1211 1542 1341 1619 ejus
1397 1539 1680 1600 dedicare
1730 1558 1848 1600 non
1883 1549 2097 1620 potest.

457 1637 595 1698 Lib.
630 1635 728 1714 30,
755 1635 974 1712 digest.
1003 1631 1077 1692 39
1105 1654 1117 1689 :
1147 1629 1259 1702 Qui
1281 1648 1410 1690 rem
1438 1647 1668 1691 sacram
1692 1629 1875 1709 legat,
1901 1629 2102 1692 furere

457 1725 716 1787 videtur:
743 1740 938 1799 neque
960 1718 1436 1798 zestimato[ejus]
1458 1725 1794 1798 praestatur;
1814 1720 2100 1796 quoniam

1654 332 1920 396 PHOTII
1961 333 2480 398 PATRIARGHIE
2519 336 2636 399 GP.

451 476 552 539 63.
587 474 647 537 Si
676 491 773 537 res
795 468 1133 536 communis
1165 474 1516 530 consecrata
1544 465 1830 542 fuerit,in
1859 467 1959 530 illa
1991 487 2092 530 so-
2116 476 2157 526 Α
2179 468 2256 546 Ep’
2297 488 2310 503 -

3642 334 3734 399 568

2357 472 2449 526 τοῦ
2497 473 2638 549 ίεροῦ
2677 471 2987 549 πράγματος
3048 472 3304 552 ἇγορασίσ
3349 472 3626 544 συνίσταται,
3669 471 3739 528 ειν

2183 561 2352 639 ἀγνοῇ
2395 563 2421 616 ὃ
2464 561 2764 639 ἆγοραστὴς
2813 563 2949 640 ἱερὸν
2982 562 3109 619 αὐτὸ
3161 564 3327 638 εἶναι,
3372 563 3450 619 καὶ
3489 561 3589 640 ἔχει
3632 559 3742 615 κατὰ

2182 658 2276 707 τοῦ
2330 651 2554 727 πράτου,
2602 652 2675 715 εἷς
2719 650 2849 728 ὅπερ
2884 651 3025 726 αὗτῷ
3065 649 3263 730 διέφερε
3296 654 3370 724 μὴ
3411 651 3696 716 ἀπατηθῆναι
3726 665 3740 683 ⁸

2184 741 2228 796 εἰ
2271 738 2326 795 δὲ
2370 740 2629 818 γινώσκες
2661 743 2688 796 6
2719 740 3049 819 ἆγοραστὴς,
3085 745 3145 800 οὗ
3175 740 3464 797 συνίσταται
3502 741 3532 806 ἡ
3574 738 3744 815 πράσις,

2185 829 2335 889 Βιόλ.
2385 829 2455 902 ζ’,
2503 831 2610 908 of,
2659 837 2749 886 τοῦ
2796 833 2954 887 αὐτοῦ
2998 833 3100 893 τίτ,
3156 840 3251 889 τοῦ
3307 832 3442 908 ἱεροῦ
3467 827 3680 887 πεσόντος
3726 829 3748 882 6

2183 919 2348 984 τόπος
2378 921 2438 974 οὗ
2477 919 2688 995 γίνηται
2723 918 2955 995 βέϐηλος
2988 935 3002 950 ⁸
3042 919 3158 975 ὅθεν
3191 917 3306 974 οὕδὲ
3337 917 3598 978 πωλεῖται,
3628 913 3748 974 Βιϐλ.

2185 1006 2290 1087 κδ’,
2323 1011 2426 1065 τίτ.
2462 1007 2515 1064 α’
2546 1007 2783 1086 δίγεστον
2817 1008 2941 1082 ις’,
2977 1007 3022 1064 ε’
3057 1028 3071 1042 ⁸
3104 1007 3280 1071 καλῶς
3313 1007 3562 1085 δωφοῦμαι
3666 1026 3749 1079 γα-

2187 1101 2324 1173 μετῇ
2363 1121 2465 1172 μου
2495 1099 2658 1156 τόπον
2689 1096 2770 1177 ἐφ’
2810 1103 2856 1172 ᾧ
2887 1103 3117 1165 ποιῆσαι
3148 1099 3272 1154 ναὸν
3313 1097 3366 1153 ἰν
3396 1098 3546 1173 αὖτῴ,
3575 1095 3648 1148 καὶ
3683 1093 3753 1169 γί-

2185 1209 2328 1244 νεται
2361 1191 2388 1244 6
2420 1189 2584 1246 τόπος
2615 1189 2776 1262 ἱερός.

2262 1276 2414 1340 Βιϐλ.
2473 1277 2577 1351 κζ’,
2624 1278 2726 1336 τίτ.
2794 1275 2852 1351 ι’,
2916 1278 3020 1356 δίγ.
3067 1277 3138 1354 ιβ’
3173 1296 3186 1311 ⁸
3255 1279 3281 1332 6
3341 1282 3431 1332 τοῦ
3483 1270 3758 1348 μαινομένου

2181 1368 2451 1445 κουράτωρ
2484 1367 2542 1423 οὗ
2573 1366 2785 1424 δύναται
2840 1374 3063 1446 πρᾶγμα
3118 1369 3276 1424 αὒτοῦ
3307 1369 3564 1442 καθιεροῦν
3595 1378 3608 1392 ⁸
3636 1357 3756 1436 βιὸλ.

2181 1454 2256 1529 λ’,
2311 1454 2415 1533 δίγ,
2459 1455 2544 1512 λθ⁹
2580 1473 2594 1488 ⁸
2658 1459 2684 1512 6
2742 1457 2884 1534 ἱερὸν
2943 1457 3282 1534 ληγατεόων,
3330 1453 3587 1529 μαίνεσθαι
3614 1448 3761 1524 δοκεῖ,

2183 1548 2281 1600 καὶ
2363 1544 2480 1603 οὔτε
2537 1547 2598 1601 τὸ
2656 1547 2867 1620 τίμημα
2941 1544 3160 1619 δίδοται,
3217 1545 3404 1611 ἒπειδὴ
3473 1539 3580 1598 οὔδε
3651 1538 3764 1597 ὅλως

2185 1633 2474 1696 πωλεῖται.
2525 1633 2678 1696 Βιϐλ.
2743 1634 2846 1706 λθ’,
2894 1636 2994 1691 τίτ.
3051 1635 3126 1707 α’,
3173 1632 3278 1711 δίγ.
3327 1633 3378 1690 α’
3416 1650 3429 1664 ⁸
3477 1629 3648 1705 ἠπερί
3683 1631 3764 1691 τῆς

2185 1725 2530 1799 καιτονομίας
2588 1723 2945 1804 παραγγελία,
2994 1725 3180 1802 χώραν
3239 1722 3380 1802 ἔχει,
3427 1725 3514 1778 ἳνα
3567 1720 3636 1795 μὴ
3688 1715 3768 1792 γέ·

457 1815 628 1875 nullo
661 1829 905 1893 prorsus
939 1809 1116 1870 modo
1149 1807 1519 1870 distrahitur.
1546 1806 1676 1867 Lib.
1707 1825 1864 1879 χχιχ,
1901 1811 1994 1871 tit.
2022 1812 2047 1870 1
2083 1828 2098 1886 ;

2187 1835 2344 1879 νηται
2404 1813 2546 1889 παρὰ
2605 1816 2695 1869 τὸν
2741 1813 2907 1887 νόμον
2950 1813 3104 1890 ἔργον
3157 1813 3210 1868 ἒν
3268 1814 3394 1890 ἱερῷ
3444 1811 3583 1881 τόπῳ
3617 1827 3628 1842 '
3683 1805 3766 1861 τίτ.

453 1904 674 1981 digest.
711 1904 736 1961 1
783 1921 796 1960 :
843 1898 989 1962 Novi
1015 1897 1218 1977 operis
1243 1895 1542 1956 nuntiatio
1568 1896 1765 1956 locum
1792 1897 1994 1973 habet,
2026 1917 2105 1960 ne

455 1990 925 2068 contralegesin
953 2006 1124 2048 sacro
1149 1985 1283 2046 loco
1315 2003 1462 2063 opus
1484 1985 1608 2045 fiat.
1645 1984 1764 2046 Tit.
1802 1985 2099 2064 3,digest.

455 2083 531 2143 t7
562 2099 575 2144 :
600 2079 782 2142 Sacro
809 2080 942 2140 loco
964 2074 1405 2138 interveniente
1430 2075 1685 2136 servitus
1709 2075 1883 2156 [non]
1909 2077 2104 2138 consi-

449 2169 573 2232 stit.
609 2167 738 2250 Lib.
771 2185 886 2242 xu,
924 2167 1017 2228 tit.
1054 2164 1342 2243 2,digest.
1377 2162 1445 2224 31
1481 2182 1494 2227 :
1535 2164 1882 2226 Desinimus
1908 2167 2102 2244 possi-

450 2259 598 2320 dere
622 2255 960 2328 locum,ubi
994 2255 1096 2316 ille
1121 2271 1294 2316 sacer
1325 2252 1518 2314 factus
1549 2261 1638 2315 est
1669 2275 1681 2316 :
1722 2255 1963 2316 tametsi
1984 2274 2102 2316 non

457 2355 523 2408 ut
552 2349 760 2422 talem,
795 2347 901 2408 sed
937 2354 1000 2405 ut
1032 2345 1324 2425 privatum
1359 2362 1496 2404 eum
1545 2343 1856 2405 habemus.
1886 2345 2003 2406 Tit.
2039 2343 2097 2418 3,

459 2436 676 2513 digest.
711 2438 749 2499 9
781 2454 798 2496 :
833 2437 954 2498 Res
985 2451 1188 2495 sacras
1245 2450 1364 2492 non
1396 2433 1770 2512 acquirimus
1803 2451 1909 2512 per
1939 2433 2102 2513 longi

453 2524 750 2604 temporis
771 2519 1383 2603 possessionem.Lib.
1409 2538 1583 2596 XLIII,
1606 2520 1730 2584 tit.l
1765 2531 1823 2582 et
1853 2524 1928 2584 Ξῖ
1967 2525 2101 2586 Non

453 2612 632 2673 debet
649 2612 876 2693 aliquid
900 2612 1026 2672 fieri
1052 2611 1112 2671 in
1137 2628 1308 2671 sacro
1328 2611 1554 2683 loco,et
1575 2611 1969 2690 quodfactum
1986 2620 2096 2688 est,

450 2699 1661 2779 restituitur.Tit.6ejusdem|ib.Digest.I
1694 2702 1822 2762 Non
1842 2700 2100 2764 licetall~

456 2791 602 2872 quid
645 2791 848 2852 facere
879 2791 939 2850 in
981 2790 1112 2850 loco
1162 2806 1360 2861 sacro,
1389 2789 1447 2847 in
1475 2807 1610 2850 eum
1636 2789 2094 2866 velimmittere,

455 2881 614 2960 quod
634 2879 1080 2942 deformitatem
1098 2877 1278 2954 illi,et
1297 2896 1413 2939 non
1430 2887 1853 2939 ornamentum
1868 2879 2100 2943 afferat.

2186 1899 2415 1979 γ’,βιϐλ,
2454 1901 2580 1976 ις’,
2615 1903 2682 1973 ιζ’
2715 1918 2728 1932 ⁸
2763 1904 2904 1980 ἱεροῦ
2925 1902 3091 1959 τόπου
3111 1901 3569 1980 παρεντιθεμένου,
3599 1893 3771 1980 δουλεία

2185 1995 2244 2050 οὗ
2273 1991 2603 2054 συνίσταται,
2650 1990 2803 2054 Βιϐλ,
2851 1991 2969 2066 μα’,
3019 1994 3126 2055 τῖτ,
3174 1979 3249 2068 β’,
3296 1989 3442 2067 βιϐλ,
3497 1986 3609 2064 ις’,
3654 1979 3726 2039 λα’
3755 1997 3766 2010 '

2184 2080 2462 2156 παυόμεθα
2533 2080 2782 2156 νέμεσθαι
2838 2081 3027 2155 τόπον,
3091 2081 3376 2157 γινομένου
3435 2081 3586 2135 αὖτου
3632 2075 3771 2143 ἱεροῦ,

2184 2169 2281 2224 κᾶν
2313 2169 2390 2242 μὴ
2416 2171 2490 2231 ὡς
2521 2177 2764 2227 τοιοῦτον
2795 2168 2916 2225 ἀλλ’
2948 2173 3022 2233 ὡς
3049 2170 3319 2226 ἰδιωτικὸν
3369 2169 3520 2227 αὐτὸν
3547 2165 3736 2242 ἔχωμεν
3757 2175 3771 2192 ⁸

2182 2260 2286 2317 τίτ.
2321 2257 2398 2335 γ’,
2440 2257 2586 2335 βιὸλ.
2629 2259 2752 2333 ις’,
2798 2259 2840 2316 θ’
2885 2277 2899 2291 ⁸
2947 2262 3012 2316 τὰ
3043 2261 3157 2334 ἱερὰ
3211 2263 3273 2318 οὗ
3329 2258 3572 2331 κτώμεθα
3601 2251 3674 2309 διὰ
3697 2255 3778 2315 τῆς

2183 2348 2408 2427 χρονίας
2439 2345 3123 2429 νομῆς.ΒιΕλ.μγ’,τίτ.α’,
3150 2347 3296 2425 βιϐλ,
3333 2343 3541 2422 ις’,α’,
3563 2341 3690 2420 β”οὺ
3714 2337 3781 2393 δεῖ

2185 2439 2420 2514 γίνεσθαι
2451 2459 2502 2493 τι
2534 2439 2669 2494 κατὰ
2724 2441 2866 2516 ἱεροῦ
2909 2439 3097 2510 τόπου,
3135 2441 3226 2494 καί
3259 2441 3548 2514 γενόμενον
3573 2431 3782 2488 ἀποκαθ-

2187 2529 2396 2581 ίσταται
2433 2545 2446 2560 ⁸
2473 2527 2576 2584 τίτ.
2608 2526 2687 2600 ς·’
2717 2534 2810 2584 τοῦ
2837 2530 2996 2586 αὖτοῦ
3023 2525 3254 2605 βιϐλίου,
3285 2525 3432 2601 βιϐλ.
3465 2522 3582 2598 ις’,
3615 2519 3684 2576 α’⁸
3706 2517 3784 2573 οὒκ

2184 2613 2352 2679 ἔξεστι
2398 2637 2447 2672 τι
2491 2629 2672 2671 ποιεῖν
2704 2617 2738 2684 ἢ
2786 2615 3079 2691 ἐμϐάλλειν
3125 2618 3251 2694 ἱερῴ
3278 2616 3450 2694 τόπῳ,
3484 2614 3609 2689 ὅπερ
3637 2610 3784 2684 ἀμορ-

2185 2706 2306 2782 φίαν
2349 2704 2437 2759 καὶ
2481 2705 2542 2760 οὗ
2597 2705 2801 2780 κόσμον
2846 2707 2988 2777 αὐτῳ
3032 2705 3176 2784 φέρει
3215 2721 3227 2734 ⁸
3284 2726 3441 2760 τουτο
3471 2702 3525 2758 δὲ
3565 2702 3684 2779 πρὸς
3733 2696 3787 2750 τά

2184 2793 2298 2869 ἱερὰ
2341 2793 2434 2848 οὐκ
2463 2793 2654 2862 ἀνήκει
2685 2796 2748 2850 τὰ
2779 2792 3020 2851 ἰδιωτικὰ
3053 2813 3067 2828 ⁸
3128 2796 3162 2862 ἡ
3192 2793 3244 2850 δὲ
3276 2793 3494 2872 φυλακή
3523 2799 3624 2847 τῶν
3655 2791 3784 2864 ἱερῶν

2182 2893 2300 2943 τοῖς
2343 2882 2676 2956 προεστῶσιν
2708 2885 2878 2939 αὐτῶν
2917 2883 3299 2958 ἐπιτέτραπται
3336 2899 3350 2912 ·
3407 2882 3512 2940 τίτ.
3545 2877 3622 2952 η’,
3665 2873 3786 2953 βιϐλ.

452 2969 580 3032 Ηοο
601 2980 800 3031 autem
818 2969 890 3030 ad
909 2969 1133 3049 privata
1147 2985 1317 3028 sacra
1331 2986 1447 3027 non
1473 2966 1866 3046 pertinet.Pla
1878 2987 1948 3030 ne
1961 2987 2098 3031 cura

2186 2967 2310 3044 ις’,
2344 2970 2396 3047 β’
2432 2985 2447 3000 ⁶
2499 2973 2592 3028 οὐκ
2651 2971 2821 3037 ἔξεστι
2873 2973 3008 3030 κατὰ
3056 2973 3220 3028 τόπου
3250 2973 3396 3046 ἱεροῦ
3427 2971 3634 3045 κτίζειν,
3677 2961 3790 3020 ἀλλᾶ

452 3077 753 3121 sacrorum
781 3063 1042 3119 locorum
1067 3060 1336 3117 mandata
1359 3069 1441 3115 est
1459 3059 1548 3115 his
1564 3060 1663 3129 qui
1691 3060 1811 3116 illis
1832 3073 2101 3130 piaesunt.

2185 3061 2275 3117 καὶ
2316 3061 2377 3114 τὸ
2420 3061 2627 3117 κτισθὲν
2658 3061 3011 3119 καταλύεται.
3048 3058 3198 3121 Βιόλ.
3235 3060 3348 3134 με’,
3396 3063 3500 3121 τίτ.
3536 3056 3635 3132 ς’,
3666 3052 3787 3132 βιϐλ-

450 3146 570 3208 Tit.
608 3145 1140 3249 8,digest.2‘:nNon
1168 3145 1310 3206 licet
1333 3150 1391 3204 in
1411 3145 1542 3249 loco
1568 3162 1739 3206 sacro
1763 3145 2098 3249 aediﬁcare:

2189 3147 2311 3228 ις’,
2351 3148 2424 3226 '1’"
2463 3155 2554 3209 οὒκ
2589 3149 2756 3216 ἔξεστι
2799 3153 2860 3207 τὸ
2892 3149 3125 3207 ἐπίδικον
3149 3153 3226 3224 τῷ
3257 3157 3376 3225 Θεῷ
3405 3149 3692 3226 καθιεροῦν
3721 3142 3792 3198 καὶ

453 3236 560 3298 sed
589 3244 648 3298 et
679 3237 838 3315 quod
870 3235 1232 3297 aediﬁcatum
1267 3241 1381 3304 est,
1447 3231 1734 3294 diruitur.
1766 3232 1902 3295 Lib.
1941 3251 2098 3317 XLIV,

451 3326 548 3386 tit.
580 3328 641 3400 6,
667 3325 886 3402 digest.
913 3323 950 3385 3
975 3345 988 3384 :
1013 3325 1147 3386 Non
1171 3321 1312 3384 licet
1336 3341 1463 3383 rem
1492 3321 1809 3400 litigiosam
1835 3322 1958 3384 Deo
1990 3323 2100 3386 de-

451 3414 678 3478 dicare:
704 3423 765 3476 et
785 3414 887 3495 qui
910 3413 1025 3475 hoc
1045 3413 1526 3492 fecerit,praestat
1546 3411 1792 3491 duplum
1814 3411 2098 3474 adversa-

450 3503 648 3575 rio,eo
673 3504 831 3585 quod
855 3503 1200 3564 adversario
1226 3501 1483 3563 traditus
1506 3501 1584 3561 sit
1616 3500 1718 3561 illo
1751 3502 2098 3578 potentiori.

538 3592 1070 3666 Temtus.Lib.x1.v,
1111 3592 1198 3654 tit.
1227 3590 1568 3670 Idigest.38
1595 3607 1610 3649 :
1638 3586 1818 3651 Recte
1843 3593 1965 3650 III
1990 3591 2097 3653 abs

454 3693 510 3745 te
542 3683 822 3762 stipulor.
850 3691 913 3743 ut
944 3681 1133 3742 aedem
1167 3697 1397 3741 sacram
1427 3679 1712 3740 aediﬁces.
1739 3679 1812 3741 Et
1833 3682 1892 3739 in
1922 3679 2098 3742 istius

453 3771 617 3834 modi
651 3772 765 3851 [re]
801 3770 1015 3833 locatio
1037 3768 1530 3848 valet.Digeslum
1555 3769 1665 3829 83:
1692 3767 1838 3829 Rem
1863 3787 2095 3832 sacram

452 3860 731 3941 stipulari
755 3879 872 3921 non
901 3857 1526 3939 possumus,quamvis
1550 3855 1796 3935 profana
1814 3857 1941 3916 fieri
1965 3875 2098 3936 pos-

449 3949 686 4012 sit.Non
711 3951 940 4011 tametsi
967 3949 1164 4009 locum
1190 3947 1505 4027 profanum
1526 3945 2100 4024 promisero,illum-

451 4058 571 4120 que
594 4039 744 4101 citra
768 4039 972 4099 dolum
1002 4055 1196 4098 meum
1214 4035 1563 4097 consecrari
1581 4036 1909 4113 contingat,
1939 4034 2097 4097 libe-

449 4146 576 4191 ror:
603 4147 715 4189 nec
739 4128 789 4188 si
815 4128 982 4188 locus
1020 4143 1232 4186 rursus
1252 4125 1383 4203 lege
1406 4124 1606 4203 aliqua
1631 4142 1799 4186 sacer
1815 4142 1952 4186 esse
1970 4143 2097 4186 cu:-

452 4217 701 4296 perit,in
726 4215 1157 4293 obligationem
1179 4231 1452 4275 revocor.
1479 4215 1689 4292 Neque
1710 4232 1837 4274 rem
1864 4231 2096 4275 sacram

454 4304 730 4384 stipulari
759 4321 1000 4383 possum
1026 4302 1136 4363 sub
1161 4302 1532 4376 conditione,
1568 4301 1805 4382 quando
1853 4303 2098 4382 profana

453 4411 586 4456 esse
610 4393 886 4472 cmperit.
923 4392 1030 4455 Illa
1047 4393 1206 4454 enim
1227 4391 1564 4473 [duntaxat]
1585 4392 1853 4472 stipulari
1880 4412 2096 4471 possu-

453 4499 611 4561 mus,
645 4501 780 4562 quze
795 4489 1067 4561 tempore
1085 4479 1491 4561 stipulationis
1513 4481 1729 4559 subjici
1755 4480 1962 4542 usibus
1981 4481 2096 4544 do-

2186 3240 2214 3294 6
2255 3241 2412 3294 τοῦτο
2457 3242 2715 3315 ποιήσας,
2749 3238 2924 3296 δίδωσι
2956 3242 3018 3297 τὸ
3049 3238 3269 3296 διπλοῦν
3321 3247 3400 3315 τῷ
3433 3237 3674 3310 ἀντιδίκῳ
3715 3235 3795 3290 αὖ·

2183 3335 2302 3408 τοῦ,
2333 3328 2461 3407 ὑπὲρ
2491 3332 2564 3386 ὧν
2597 3327 2925 3408 δυνατοτέρῷ
2954 3329 3112 3388 αδτοῦ
3140 3327 3394 3404 ἀντιδίκῳ
3424 3327 3704 3408 παρεδόθη.

2262 3593 2416 3655 Βιϐλ.
2450 3595 2560 3670 με’,
2593 3596 2697 3658 τίτ,
2735 3597 2808 3669 α’,
2855 3595 3002 3672 βιϐλ,
3050 3595 3172 3672 ις’,
3219 3596 3312 3664 λη’
3340 3613 3356 3629 ⁸
3403 3595 3584 3658 καλῶς
3612 3593 3797 3669 ἐπερω-

2179 3690 2256 3741 τῶ
2323 3705 2380 3740 σε
2449 3687 2627 3741 κτίσαι
2695 3688 2834 3764 ἱερόν
2869 3703 2883 3720 ⁸
2939 3687 3028 3741 καὶ
3082 3688 3116 3754 ἦ
3174 3686 3262 3742 ἐπὶ
3315 3694 3396 3760 τῷ
3443 3687 3666 3753 τοιούτῳ
3715 3679 3798 3756 γὰρ

2177 3774 2435 3844 μίσθωσις
2480 3773 2724 3852 ἕρῤιυται.
2762 3774 2910 3833 Βιϐλ.
2947 3777 3068 3848 ις’,
3105 3774 3198 3852 ny’
3235 3796 3248 3808 '
3311 3780 3372 3835 οὒ
3432 3775 3650 3832 δυνατὸν
3681 3769 3799 3844 ἱέρὸν

2181 3862 2475 3940 ἐπερωτᾷν,
2512 3864 2610 3919 κᾶν
2670 3864 2712 3918 at
2769 3861 2979 3919 δύναται
3013 3865 3255 3941 γενέσθαι
3287 3863 3565 3921 ἰδιωτικόν
3598 3880 3610 3893 ⁸
3645 3863 3685 3917 εἰ
3714 3863 3802 3935 γὰρ

2180 3953 2268 4008 καὶ
2309 3950 2578 4008 ἱ-διωτικὶν
2639 3951 2966 4028 ἐπερωτηθῶ
3017 3955 3207 4032 τόπον,
3266 3956 3355 4010 καὶ
3429 3952 3608 4028 συμϐῇ
3663 3948 3802 4004 αὐτὸν

2181 4042 2350 4120 χωρὶς
2407 4040 2564 4100 δόλου
2608 4063 2711 4115 μου
2756 4042 3140 4118 καθιερωθῆναι
3185 4041 3568 4119 ἐλευθεροῦμαι
3603 4061 3617 4078 ⁸
3664 4040 3742 4095 καὶ
3768 4038 3806 4090 εἷ

2181 4128 2359 4205 συμϐῇ
2402 4128 2460 4184 ἔκ
2505 4152 2649 4194 τινος
2695 4131 2863 4203 νόμου
2907 4132 3148 4208 γενέσθαι
3179 4129 3453 4188 ἰδιωτικὸν
3501 4133 3595 4186 τὸν
3636 4127 3803 4199 τόπον,

2180 4219 2277 4275 οὒκ
2333 4219 2619 4298 ἐνέχομαι.
2669 4224 2742 4278 Οὔ
2802 4218 3028 4293 δύναμαι
3071 4220 3124 4275 δὲ
3182 4223 3322 4298 ἱερὸν
3379 4222 3658 4300 ἐπερωτᾷν
3722 4213 3811 4271 ὑπό

2181 4308 2391 4386 αἵρεσιν
2427 4311 2527 4376 τὴν
2558 4309 2684 4366 ὅταν
2726 4307 2996 4365 ἰδιωτικὸν
3041 4309 3264 4386 γένηται
3298 4327 3312 4342 ⁸
3370 4313 3565 4368 ἐκεῖνα
3593 4312 3692 4386 γὰρ
3720 4307 3808 4360 ἑπ-

2179 4404 2380 4476 ερωτᾷν
2411 4397 2699 4478 δυνάμεθα,
2729 4397 2829 4453 ὅσα
2858 4400 2997 4454 κατὰ
3027 4400 3118 4454 τὸν
3150 4401 3338 4476 καιρὸν
3394 4407 3500 4466 τῆς
3547 4393 3810 4476 impend-

2178 4507 2339 4562 σεως,
2385 4489 2484 4554 τῆς
2531 4489 2784 4566 χρήσεως
2825 4488 2914 4542 καὶ
2956 4493 3054 4554 τῆς
3084 4486 3396 4553 δεσποτείας
3460 4493 3622 4563 ἡμῶν
3679 4487 3808 4541 εἶναι

453 4557 989 4653 minioquenostro
1017 4557 1522 4650 possunt.Digest.
1557 4557 1672 4632 9f:
1702 4569 1764 4632 Si
1787 4572 1961 4632 resin
1984 4572 2092 4632 sti-

2182 4557 2416 4634 δύνατσιι.
2451 4557 2604 4636 Βιόλί.
2641 4573 2764 4651 ις’,
2802 4574 2898 4652 4α¹
2939 4591 2952 4607 ⁸
2983 4577 3072 4632 ἐὰν
3104 4579 3164 4632 τὸ
3218 4557 3565 4655 ἐπερωτηθέν
3608 4582 3811 4654 πρᾶγμα

454 4662 828 4744 pulationem
852 4660 1112 4722 deducta
1133 4661 1194 4721 in
1219 4660 1402 4722 rebus
1424 4660 1704 4721 humanis
1725 4661 1822 4734 sit,
1840 4661 1944 4722 sed
1963 4661 2093 4724 dari

450 4772 573 4815 non
603 4757 816 4833 possit,
842 4750 1001 4832 quod
1026 4749 1179 4812 forte
1203 4767 1375 4811 sacra
1395 4750 1547 4810 facta
1565 4749 1661 4809 sit:
1689 4757 1744 4809 et
1767 4767 1906 4812 vero
1939 4758 2096 4812 tem-

449 4861 597 4922 pore
611 4839 1020 4924 stipulationis
1039 4839 1125 4899 vel
1153 4847 1361 4918 postea
1382 4837 1950 4920 promissoriis[illa]
1968 4839 2096 4902 fue-

448 4934 616 5006 rit,et
637 4931 858 4994 deinde
880 4949 1049 4992 sacra
1077 4928 1230 4991 facta
1251 4928 1348 5004 sit,
1389 4935 1631 4988 tenetur
1653 4926 2037 5009 [promissor]
2073 4951 2089 4991 :

451 5020 954 5101 quemadmodum
981 5015 1435 5099 etiam,quando
1462 5019 1578 5094 [res
1595 5015 1668 5077 ab
1691 5017 1841 5096 ipso]
1868 5017 2096 5079 aliena-

456 5119 514 5171 ta
539 5127 646 5188 per
662 5111 843 5170 alium
871 5127 1040 5171 sacra
1065 5110 1221 5170 facta
1248 5105 1428 5170 est.Si
1457 5126 1595 5169 vero
1615 5125 1715 5169 res
1737 5105 1934 5168 aliena
1956 5109 2092 5170 fue-

454 5197 626 5271 rit,et
646 5197 718 5258 ab
742 5197 858 5258 alio
884 5215 1012 5259 eam
1034 5216 1264 5260 sacram
1290 5196 1420 5258 fieri
1443 5196 1910 5275 contigerit,non
1935 5204 2097 5258 tene-

457 5295 555 5346 tur
579 5287 912 5366 promissor
940 5308 953 5344 :
981 5286 1096 5347 nisi
1121 5295 1508 5367 posteaquam
1550 5305 1775 5347 moram
1801 5285 1963 5362 fecit,
1995 5305 2093 5349 res

451 5393 625 5436 sacra
651 5374 803 5436 facta
826 5375 1170 5453 fuerit.Dig.
1203 5377 1311 5437 137
1346 5398 1357 5434 :
1387 5375 1685 5438 lnutiliter
1707 5377 1964 5458 stipulor
1982 5377 2093 5439 sub

459 5464 974 5543 conditione,quze
998 5482 1031 5524 a
1055 5464 1187 5543 lege
1219 5463 1520 5542 prohibita
1543 5475 1653 5527 est:
1683 5475 1768 5528 ut:
1793 5467 2005 5542 Dabis,
2041 5468 2098 5528 si

456 5556 595 5634 quis
625 5572 754 5616 rem
785 5570 1027 5614 sacram
1057 5552 1696 5616 vendiderit.Tametsi
1724 5556 1854 5617 fieri
1879 5556 2090 5635 possit,

452 5651 518 5706 ut
550 5642 928 5726 postmodum
961 5642 1209 5723 ejusjus
1244 5649 1526 5703 mutetur.

2175 4663 2286 4720 ἔστι
2330 4665 2428 4740 μὲν
2472 4668 2528 4720 'ev
2558 4665 2734 4744 φύσει,
2766 4668 2825 4722 οὒ
2854 4665 3068 4721 δύναται
3103 4664 3157 4722 δὲ
3189 4665 3408 4736 δοθῆναι
3439 4667 3531 4723 διὰ
3561 4668 3624 4722 τὸ
3655 4663 3807 4741 τυχὸν

2175 4753 2304 4810 αὒτὸ
2361 4755 2604 4830 γενέσθαι
2665 4756 2831 4832 ἱερὸν,
2879 4756 2924 4809 εἰ
2983 4755 3080 4829 μὲν
3127 4759 3181 4811 ἰν
3238 4763 3410 4828 καιρῷ
3470 4761 3574 4823 τῆς
3618 4755 3809 4831 smpti”

2174 4844 2410 4916 τήσεως,
2471 4844 2506 4912 ἢ
2552 4845 2690 4917 μετὰ
2746 4843 2936 4922 ταῧτα,
2999 4854 3092 4903 τοῦ
3146 4844 3589 4922 ἐπερωτηθέντος
3621 4846 3706 4916 ἦν,
3739 4841 3814 4896 καὶ

2175 4931 2345 4996 οὕτως
2403 4932 2622 5010 γέγονεν
2665 4935 2832 5011 ἱερὸν,
2892 4933 3138 5013 ἐνέχεται
3175 4956 3192 4971 ο
3241 4934 3421 5010 ὥσπερ
3477 4939 3574 4992 καὶ
3627 4933 3712 4989 ὅτε
3753 4925 3812 4983 δι’

2177 5021 2355 5097 ἑτέρου
2406 5021 2781 5100 πωλήσαντος,
2843 5015 2969 5081 αῧτὸ
3025 5021 3241 5101 γέγονεν
3297 5025 3463 5099 ἱερόν.
3517 5027 3578 5082 Εἰ
3623 5022 3677 5078 δὲ
3734 5025 3817 5075 τοῦ

2174 5111 2494 5187 πράγματος
2538 5110 2688 5174 ὄντος
2731 5110 3034 5190 ἀλλοτρίου,
3093 5110 3270 5188 συμϐῇ
3331 5111 3399 5167 δι’
3457 5115 3644 5190 ἐτέρου
3695 5109 3812 5166 σῦτὸ

2172 5201 2316 5276 ἱερὸν
2357 5200 2624 5278 γενέσθαι,
2692 5202 2788 5258 οὒκ
2851 5200 3098 5280 ἐνέχεται
3144 5205 3170 5258 6
3213 5204 3605 5281 ἐπερωτηθεὶς,
3656 5202 3700 5256 εἰ
3743 5198 3814 5264 μὴ

2175 5291 2311 5362 μετὰ
2354 5291 2414 5346 τὸ
2445 5291 2670 5356 ποιῆσαι
2705 5291 2862 5347 αὐτὸν
2892 5291 3193 5369 ὑπέρθεσιν,
3236 5293 3424 5369 γέγινε
3470 5295 3535 5346 τὸ
3595 5295 3811 5366 πρᾶγμα

2173 5381 2336 5457 ἱερὸν.
2373 5376 2524 5438 Βιϐλ.
2559 5379 2680 5453 ις’,
2715 5377 2828 5456 ρλζ’
2861 5395 2874 5408 ⁸
2938 5379 3245 5459 ἀνισχυρῷς
3306 5381 3569 5456 ἐπερωτῶ
3600 5380 3704 5436 ὑπὸ
3728 5375 3815 5432 αῖ-

2173 5490 2317 5546 ρεσιν
2359 5470 2462 5524 ὑπὸ
2505 5477 2598 5525 τοῦ
2656 5469 2821 5542 νόμου
2864 5469 3246 5544 κεκωλυμένὶδν
3286 5487 3298 5501 ⁸
3349 5473 3469 5525 οἷον
3519 5468 3679 5526 διδ-υς
3735 5467 3819 5522 ὲὰν

2172 5579 2252 5622 τις
2283 5555 2518 5632 πωλήσῃ
2550 5557 2610 5612 τὸ
2643 5557 2807 5634 ἱερὸν,
2843 5559 2886 5612 εἷ
2936 5559 3024 5613 καὶ
3075 5559 3150 5633 μὴ
3183 5557 3400 5615 δυνατόν
3429 5560 3584 5615 ἔστιν
3613 5556 3823 5630 ὕστερον

2173 5646 2533 5726 ἑναλλαγῆναι
2563 5647 2625 5702 τὸ
2655 5644 2855 5704 δίκαιον
2886 5648 3063 5708 αὐτοῦ.
