4148 6198
375 327 496 395 569

1246 327 1668 394 SYNTAGMA
1709 322 2108 390 CANONUM.
2155 355 2232 372 --
2285 323 2440 387 TIT.
2488 325 2568 404 II,
2616 325 2780 387 CAP.
2832 323 2882 386 I.

3639 318 3760 386 570

464 462 612 524 Βιϐλ.
645 462 758 542 μζ’,
779 464 884 525 τίτ.
911 461 1022 544 κβ’,
1054 460 1203 541 βιϐλ.
1226 463 1349 542 ις’,
1373 461 1448 540 β’⁶
1485 466 1530 521 οἱ
1553 463 1645 519 σὺν
1673 459 1860 525 ὅπλοις
1887 481 2023 517 κατ-

2131 543 2140 544 ,
2197 453 2439 520 Toxlus.
2479 457 2609 522 Lib.
2642 474 2828 534 XLVII,
2855 458 2944 519 tit.
2981 456 3079 535 39,
3116 455 3307 521 etlib.
3338 473 3544 534 XLVIII,
3566 457 3660 521 tit.
3696 457 3759 532 4,

379 555 608 637 ἔχοντες
654 557 820 613 τόπον
870 556 1034 632 ἱερὸν,
1068 553 1377 610 ὑπόκεινται
1422 559 1608 630 ποινῇσ
1665 565 1895 609 κινεῖται
1931 549 2026 630 γάρ

374 644 498 704 κατ’
551 645 727 702 αὐτῶν
772 648 800 701 ὁ
849 645 970 723 περὶ
1012 645 1408 723 καθοσιώσεως,
1441 645 1514 708 ὡς
1557 641 1701 720 βιϐλ.
1751 641 1873 718 μὴ’,
1919 643 2023 705 τίτ,

374 733 469 810 ιδ’,
530 734 677 811 βιϐλ.
737 734 858 815 ις’,
909 731 985 814 α’,
1047 732 1272 811 βιόλ,ν⁹,
1323 735 1426 794 τίτ.
1490 733 1613 810 ις’,
1657 731 1746 804 ιζ’,
1790 733 1858 790 τὰ
1915 731 2028 811 ἱερὰ

371 827 471 883 οὐκ
499 828 597 882 εἰσὶ
631 823 890 899 δημόσια.

456 913 610 975 Βιϐλ.
645 913 756 993 λγ⁹,
791 915 896 974 τίτ.
928 913 1008 988 α’,
1045 912 1146 990 δίγ,
1181 914 1274 970 καί
1319 913 1392 994 κ’,
1429 914 1520 970 ἐὰν
1561 913 1880 993 ληγατεύσω
1909 924 2027 980 τοῖς

371 1000 674 1084 ἱεροφύλαξι
705 1002 832 1059 δέκα
864 1004 1166 1078 νομίσματα
1193 1002 1421 1061 δίδοσθαι
1465 1010 1540 1078 τῷ
1570 1007 1740 1082 καιρῷ
1769 1008 1868 1070 τῆς
1901 1003 2024 1079 ἐορ-

369 1094 498 1172 τῆς,
528 1091 670 1163 αὐτῷ
691 1097 768 1164 τῷ
784 1094 908 1169 ἱερῷ
930 1089 1072 1149 δοκῶ
1096 1090 1356 1158 διηνεκῶς
1384 1091 1448 1148 τὰ
1482 1092 1517 1148 ι’
1545 1091 1867 1149 καταλιπεῖν
1890 1091 2021 1161 ἐτή-

373 1204 488 1242 σια.
520 1179 674 1245 Βιϐλ,
691 1179 773 1237 λδ’
805 1187 905 1242 τίτ.
933 1180 986 1239 α’
1011 1180 1116 1260 δίγ.
1140 1181 1230 1254 ιζ’⁶
1256 1182 1385 1239 Ἐὰν
1407 1182 1660 1262 ἀφορίσας
1682 1180 1898 1246 δούλους
1921 1203 2022 1255 μου

373 1274 451 1336 εἷς
511 1269 896 1351 παραφυλακὴν
958 1281 1053 1331 τοῦ
1123 1271 1251 1351 παρ’
1312 1273 1444 1348 ἐμοῦ
1500 1272 1810 1348 κτιζομὲνου
1853 1271 2018 1350 ἱεροῦ,

373 1361 692 1440 ληγατεόσω
754 1364 940 1426 αὐτοῖς
983 1361 1174 1432 ἐτήσια
1230 1364 1360 1440 πρὸς
1405 1364 1735 1444 ἀποτροφὴν,
1771 1362 1865 1420 καῖ
1925 1363 2020 1440 βε-

372 1453 614 1529 στιάριον
672 1450 1034 1528 λαμϐάνουσιν
1076 1452 1182 1508 ἀπὸ
1252 1453 1506 1520 τελευτῆς
1563 1475 1665 1528 μου
1722 1452 1917 1533 μέχρις
1963 1451 2024 1509 οὐ

373 1540 638 1620 πληρωθῇ
682 1543 710 1597 δ
755 1542 904 1616 ναὸς,
936 1539 1110 1598 δοῦλοι
1150 1539 1205 1597 δὲ
1249 1543 1464 1617 μένουσι
1516 1550 1611 1599 τοῦ
1663 1541 2021 1621 κληρονόμου,

377 1633 470 1696 οὖς
531 1633 558 1686 δ
615 1629 924 1705 διαθέμενος
984 1633 1059 1694 εἰς
1115 1630 1480 1711 περιφυλακὴν
1537 1641 1628 1692 τοῦ
1693 1634 1850 1690 αὐτοῦ
1900 1653 2023 1689 κτι-

367 1720 587 1784 σθέντος
632 1722 774 1798 ἱεροῦ
841 1720 1126 1800 ἀφώρισεν,
1179 1723 1224 1777 εἰ
1271 1722 1349 1796 μὴ
1400 1723 1588 1786 αὐτοὺς
1639 1720 2020 1800 ἠλευθέρωσεν,

2111 543 2326 624 digest.
2359 549 2382 610 1
2413 568 2428 609 :
2454 547 2566 621 Qui
2591 567 2724 610 cum
2751 549 2934 609 armis
2955 547 3153 610 locum
3179 565 3418 609 sacrum
3442 554 3756 630 occupant,

2109 633 2355 698 obnoxii
2384 654 2574 718 poenae
2600 645 2759 702 sunt.
2793 637 3058 701 Movetur
3090 636 3252 698 enim
3285 637 3569 700 adversus
3597 637 3762 718 ipsos

2110 725 2204 787 lex
2239 726 2450 808 [Julia]
2483 727 2838 808 majestatis.
2869 726 3000 789 Lib.
3034 744 3096 804 ιι,
3131 731 3218 789 ιιι.
3260 727 3354 810 16,
3390 727 3604 808 digest.
3641 727 3756 789 l7:

2111 814 2294 878 Sacra
2325 835 2447 878 non
2476 826 2612 879 sunt
2639 816 2902 898 publica.

2199 908 2437 969 Toxlus.
2471 906 2608 970 Lib.
2644 924 2852 981 XXXIII,
2881 907 2973 970 tit.
3007 907 3064 979 1,
3099 905 3309 987 digest.
3343 907 3462 971 20:
3499 908 3559 971 Si
3591 906 3756 987 lega-

2109 1013 2252 1060 vero
2284 1014 2589 1058 sacrarum
2619 1015 2824 1058 rerum
2859 995 3209 1058 custodibus
3241 996 3488 1060 denaria
3517 996 3755 1075 decem,

2112 1085 2243 1165 [ita]
2299 1095 2364 1148 nt
2395 1085 2612 1148 dentur
2643 1087 2745 1149 die
2793 1087 2949 1148 festo
2987 1107 3001 1145 :
3035 1085 3240 1148 videor
3270 1086 3481 1149 decem
3513 1087 3760 1150 denaria

2107 1193 2304 1238 annua
2330 1176 2700 1258 relinquere.
2735 1175 2869 1240 Lib.
2917 1192 3118 1252 xxxw,
3153 1176 3252 1239 tit.
3286 1177 3343 1253 1,
3378 1175 3592 1254 digest.
3626 1179 3702 1238 l7
3738 1195 3752 1241 :

2106 1265 2171 1329 Si
2220 1267 2415 1331 servis
2448 1267 2598 1330 meis
2628 1267 2701 1328 ad
2745 1265 3078 1328 custodiam
3115 1265 3319 1346 templi
3355 1284 3388 1328 α
3437 1285 3532 1329 me
3561 1265 3756 1328 aedili-

2106 1356 2283 1418 candi
2330 1355 2670 1432 destinatis,
2704 1355 2983 1434 legavero
3027 1372 3230 1417 annua
3260 1355 3481 1418 cibaria
3529 1365 3587 1418 et
3622 1357 3754 1418 [12

2107 1445 2388 1509 vestiaria
2416 1464 2430 1510 :
2466 1446 2710 1526 capiunt
2739 1445 2848 1528 [illi
2881 1445 3024 1526 ista]
3067 1464 3100 1506 a
3129 1453 3322 1508 morte
3355 1464 3509 1521 mea,
3541 1446 3755 1509 tantis-

2109 1553 2218 1616 per
2236 1535 2376 1598 dum
2403 1536 2693 1618 templum
2719 1543 3197 1598 consummatum
3222 1534 3498 1599 sit.Servi
3527 1544 3751 1614 tamen,

2108 1625 2270 1705 quod
2305 1634 2556 1689 testator
2577 1626 2650 1688 ad
2684 1625 2894 1706 templi
2921 1643 2956 1686 a
2978 1643 3043 1686 se
3064 1624 3403 1687 adiﬁcandi
3423 1625 3754 1688 custodiam

2109 1713 2584 1792 destinavit,nisi
2617 1715 2780 1796 ipsos
2812 1714 3178 1794 manumisit,
3204 1714 3460 1776 hazredis
3485 1724 3748 1780 manent:

366 1811 442 1875 ὡς
471 1808 620 1887 βιϐλ.
646 1809 730 1885 μ’,
751 1811 854 1870 τίτ.
886 1811 983 1888 ιβ’,
1017 1809 1121 1889 δίγ,
1147 1809 1253 1886 λε’,
1278 1809 1423 1888 βιϐλ,
1448 1809 1552 1884 κδ’,
1573 1813 1675 1870 τίτ.
1707 1812 1784 1890 α’,
1819 1810 1925 1888 διγ.
1951 1811 2019 1866 ε’⁶
2045 1878 2046 1883 η

2109 1812 2171 1866 ut
2201 1804 2305 1868 lib.
2335 1822 2434 1882 XL,
2458 1805 2548 1868 tit.
2584 1805 2683 1882 l2,
2713 1805 2830 1884 dig.
2856 1806 2961 1866 35.
2987 1803 3119 1867 Lib.
3145 1821 3299 1880 xxw,
3326 1804 3416 1865 tit.
3449 1821 3493 1880 ι,
3519 1804 3635 1884 dig.
3669 1805 3748 1869 5:

364 1899 548 1965 καλῶς
607 1897 982 1976 δωροῦμαιτῇ
1023 1907 1236 1978 γαμετῇ
1295 1922 1397 1976 μου
1449 1906 1690 1980 πρᾶγμα,
1736 1898 1819 1981 ἐφ’
1849 1904 1896 1975 ᾧ
1941 1906 2018 1974 τῷ

366 1989 486 2063 Θεῷ
541 2002 910 2067 προσαγαγεῖν
942 1990 1093 2048 αὐτό.
1131 1987 1285 2054 Βιϐλ,
1335 1989 1441 2069 λδ⁹,
1472 1991 1576 2052 τίτ,
1627 1990 1702 2068 β’.
1759 1990 1863 2068 δίγ.
1908 1988 2014 2062 λζ’·

364 2077 496 2135 Ἐὰν
537 2077 681 2135 εἴπω
711 2078 952 2156 γενέσθαι
1000 2081 1256 2156 σταυροὺς
1287 2080 1396 2136 ἀπὸ
1440 2081 1632 2137 ἑεατόν
1677 2079 1892 2158 λιτρῶν,
1929 2073 2018 2136 καὶ

367 2167 685 2235 ἀνατεθῆναι
742 2170 799 2223 ἐν
854 2166 990 2243 τῷδε
1047 2174 1124 2243 τῷ
1178 2172 1324 2248 ἱερῷ,
1373 2170 1568 2234 πάντες
1631 2168 1684 2226 δὲ
1745 2172 1791 2228 οἰ
1845 2172 1899 2226 ἐν
1941 2177 2018 2244 τῷ

2105 1892 2290 1957 Recte
2340 1894 2500 1957 dono
2535 1894 2704 1957 uxori
2761 1913 2913 1956 mea:
2941 1910 3094 1966 rem,
3133 1911 3309 1973 quam
3363 1893 3485 1954 Deo
3517 1894 3750 1957 olferat.

2101 1983 2238 2049 Lib.
2271 2001 2472 2060 xxxw,
2504 1985 2593 2062 tit,
2629 1985 2688 2060 2,
2721 1984 2933 2063 digest.
2967 1985 3080 2046 37:
3117 1981 3174 2046 Si
3203 1981 3481 2058 dixerim,
3515 1991 3578 2044 ut
3607 1984 3750 2046 (iant

2102 2089 2315 2137 cruces
2345 2093 2415 2136 ex
2447 2084 2690 2138 centum
2725 2072 2926 2146 libris,
2956 2080 3012 2135 et
3043 2072 3104 2134 in
3137 2071 3238 2133 illa
3268 2091 3436 2136 sacra
3464 2073 3591 2135 uade
3620 2081 3748 2134 sta-

2104 2171 2351 2227 tuantur
2380 2182 2393 2228 :
2427 2183 2499 2227 ac
2527 2183 2668 2227 vero
2697 2181 2830 2245 quin
2877 2161 2939 2224 in
2971 2180 3043 2224 ea
3077 2163 3338 2243 [cruces]
3371 2170 3508 2224 sunt
3537 2179 3747 2224 omnes

366 2258 513 2331 αὐτῷ
557 2259 682 2336 ἱερῷ
715 2255 902 2334 ὄντες,
925 2257 1150 2337 ἀργυροῖ
1196 2260 1284 2315 καὶ
1314 2257 1527 2338 χαλκοῖ
1576 2261 1729 2336 εἰσιν,
1761 2259 2015 2338 ἀργυροῦς

2107 2261 2398 2332 argenteas
2446 2265 2506 2316 et
2535 2272 2705 2316 aereas
2747 2252 2910 2315 sint:
2971 2259 3284 2330 argenteas
3327 2249 3526 2314 facere
3555 2251 3748 2313 haeres

367 2348 396 2402 ὁ
429 2347 764 2423 κληρονόμος
795 2346 1154 2424 ἀναγκάζεται
1187 2361 1391 2411 ποιεῖν,

2107 2351 2368 2423 cogetur.

451 2436 604 2500 Βιϐλ,
620 2435 833 2513 λε’,τίτ.
850 2435 923 2512 ϐ’,
941 2437 1044 2515 δίγ.
1063 2437 1139 2512 α’,
1157 2439 1242 2494 καὶ
1261 2440 1346 2495 ἐπὶ
1367 2451 1485 2504 τοῖς
1504 2445 1578 2512 τῷ
1592 2445 1708 2513 Θεῷ
1727 2437 2018 2516 ληγατευο-

2186 2431 2428 2496 Textm.
2462 2431 2594 2496 Lib.
2627 2450 2798 2506 xxxv,
2833 2431 2925 2494 tit.
2949 2431 3010 2506 2,
3046 2431 3262 2510 digest.
3298 2431 3322 2492 l
3361 2452 3374 2490 :
3410 2432 3477 2492 In
3514 2430 3592 2493 iis
3621 2447 3752 2510 qua;

373 2525 556 2602 μένοις
576 2526 734 2605 χώρα
750 2535 826 2600 τῷ
847 2525 1129 2606 φαλκιδίῳ.
1145 2526 1289 2603 pta.
1308 2526 1377 2602 v’,
1402 2529 1504 2586 τίτ.
1531 2529 1628 2604 ιβ’,
1654 2527 1760 2606 δίγ.
1783 2525 1858 2605 β’.
1887 2528 2012 2586 Ἐάν

2107 2521 2224 2585 Deo
2244 2522 2435 2602 legata
2456 2529 2618 2597 sunt,
2646 2522 2883 2584 locutus
2907 2523 3050 2602 [est]
3082 2520 3386 2584 Falcidiaa.
3413 2519 3547 2582 Lib.
3572 2537 3632 2593 L,
3660 2521 3750 2584 tit.

369 2638 454 2679 τις
487 2622 705 2695 πρᾶγμα
738 2619 1150 2696 καρποφορήσῃ,
1182 2618 1382 2695 γίνεται
1413 2617 1569 2678 αὐτὸς
1601 2616 1877 2698 ἕνοχος,οὐ
1908 2619 2013 2692 μὴν

2107 2613 2198 2686 l2,
2231 2612 2448 2692 digest.
2472 2611 2550 2676 Ξῖ
2586 2612 2646 2674 Si
2682 2611 2817 2692 quis
2846 2629 2974 2672 rem
3007 2610 3326 2692 [aliquam]
3357 2609 3602 2684 voverit,
3623 2609 3754 2690 ipse

369 2707 431 2762 τὸ
485 2711 728 2783 πρᾶγμα·
763 2706 852 2762 ὅτε
903 2705 957 2762 δὲ
1003 2708 1064 2762 τὸ
1107 2713 1328 2784 πρᾶγμα
1370 2704 1707 2783 καταϐληθῇ,
1738 2709 1865 2764 αὐτὸ
1917 2707 2014 2783 μὲν

2107 2702 2556 2782 nbiigatur,n0n
2583 2709 2780 2763 autem
2801 2701 3183 2775 res.Quand0
3205 2719 3343 2762 vero
3357 2719 3456 2762 res
3475 2698 3748 2774 solvitur,

363 2792 506 2872 ἱερὸν
561 2794 620 2850 οὐ
677 2795 901 2874 γίνεται,
937 2794 1297 2872 ἐλευθεροῦται
1346 2794 1400 2850 δὲ
1446 2798 1474 2851 ὁ
1527 2794 2008 2874 ἐπαγγειλάμενος’

2107 2793 2226 2872 ipsa
2256 2810 2426 2854 sacra
2457 2810 2576 2853 non
2607 2791 2888 2869 efﬁcitur,
2913 2790 3019 2853 sed
3054 2789 3406 2872 promissori
3434 2788 3748 2851 liberatur.

367 2885 430 2941 ἐκ
459 2882 515 2939 δὲ
557 2889 656 2952 τῆς
686 2885 940 2951 τδιαύτης
989 2883 1317 2963 ἐπαγγελίας
1351 2885 1633 2965 ἐνέχονται
1692 2884 2015 2951 αὐτεξούσιοι

2107 2881 2184 2944 Ex
2215 2881 2313 2943 tali
2338 2890 2536 2943 autem
2570 2881 2973 2960 promissione
3003 2883 3092 2942 sui
3117 2879 3268 2958 juris
3301 2880 3558 2959 puberes
3588 2877 3750 2939 obli-

366 2971 579 3053 ἔρηϐοι,
613 2975 675 3030 οὐ
717 2973 828 3044 μὴν
877 2971 1172 3038 ὑπεξούσιοι
1218 2975 1361 3052 παρὰ
1420 2975 1643 3053 γνώμην
1693 2982 1798 3032 τῶν
1843 2976 2015 3032 πατέ-

2107 2980 2337 3049 ganlur,
2367 2990 2486 3032 non
2525 2979 2724 3032 autem
2759 2970 2970 3032 alienae
3024 2970 3304 3052 potestati
3345 2967 3589 3031 obnoxii
3618 2968 3749 3028 sine

363 3087 474 3142 ρων
535 3063 571 3132 ἢ
633 3063 739 3119 τῶν
799 3061 1095 3124 δεσποτῶν.
1153 3065 1210 3120 Εἰ
1258 3061 1312 3120 δέ
1367 3085 1448 3128 τις
1497 3067 1558 3120 τὸ
1593 3063 1811 3121 δέκατον
1855 3065 2014 3144 μέρος

2107 3060 2287 3141 patris
2316 3060 2617 3123 dominive
2637 3060 3016 3124 auctoritate.
3052 3059 3114 3124 Si
3148 3059 3442 3122 decimam
3476 3056 3609 3138 quis
3639 3057 3741 3118 b0-

362 3154 769 3233 καρποφορήσει
824 3159 930 3209 τῶν
994 3153 1153 3210 αὐτοῦ
1218 3155 1574 3232 πραγμάτων,
1625 3153 1728 3219 ἕως
1783 3155 1846 3210 ἃν
1889 3157 2016 3214 αὐτὸ
2032 3207 2046 3255 1

2107 3169 2313 3212 norum
2345 3159 2574 3231 voveat,
2610 3169 2728 3211 non
2777 3151 2946 3230 prius
2975 3151 3111 3230 [illa]
3144 3153 3204 3211 in
3245 3151 3373 3227 ejus
3403 3146 3582 3209 bonis
3612 3161 3747 3257 esse

359 3244 598 3322 χωρίσῃ,
635 3243 693 3298 οὐ
748 3242 972 3298 παύεται
1031 3245 1174 3298 εἶναι
1230 3247 1331 3308 τῆς
1378 3243 1566 3308 οὐσίας
1622 3243 1802 3299 αὐτοῦ’
1859 3245 1904 3299 εἰ
1961 3235 2046 3300 δὲ1

2107 3240 2345 3316 desinit,
2378 3258 2557 3321 quam
2590 3240 2784 3318 ipsam
2810 3249 3088 3322 separet:
3126 3239 3176 3302 si
3210 3257 3351 3301 vero
3381 3255 3450 3300 ea
3475 3235 3743 3298 nondum

355 3331 671 3401 τελευτήσει
735 3331 812 3406 μη
883 3331 1153 3411 χωρίσας,
1211 3330 1488 3410 ἐνέχονται
1546 3333 1594 3388 οἱ
1663 3331 2010 3409 κληρονομοι·

2107 3337 2370 3409 separata
2399 3330 2752 3405 decesserit,
2787 3329 3243 3409 obstringuntur
3284 3327 3558 3390 haeredes
3586 3326 3743 3406 ejus.

355 3418 614 3476 διαϐαίνει
677 3420 776 3499 γὰρ
841 3421 913 3484 εἰς
981 3417 1353 3497 κληροδόμοδς
1411 3421 1447 3486 ³η
1492 3425 1590 3486 τῆς
1653 3422 2014 3500 καρποφορίας

2107 3417 2235 3481 Voti
2259 3418 2707 3498 enimobligatio
2729 3419 2802 3480 ad
2836 3420 3108 3482 haaredes
3133 3419 3360 3480 transit.
3386 3416 3512 3479 Lib.
3538 3434 3578 3492 ι,
3605 3414 3742 3478 cod.

360 3510 561 3590 ἐνοχή,
595 3507 745 3572 Βιϐλ,
781 3507 838 3565 ie’
865 3515 961 3565 τοῦ
1006 3507 1163 3589 κώδ,,
1197 3511 1299 3567 τίτ.
1345 3508 1421 3585 β’,
1455 3507 1594 3569 διάτ.
1628 3507 1708 3566 α⁹⁰
1740 3510 1908 3575 ἔξεστι
1940 3515 2016 3584 τῷ

2107 3507 2192 3570 tit.
2227 3509 2287 3583 2,
2323 3519 2520 3570 const.
2561 3512 2581 3569 Ι
2627 3529 2642 3569 :
2677 3509 2850 3572 Licet
2877 3510 3202 3590 unicuique
3234 3509 3294 3568 in
3323 3524 3606 3587 suprema
3635 3524 3742 3566 vo-

362 3599 674 3678 βουλομένῳ
755 3599 1180 3674 καταλιμπάνειν
1253 3599 1309 3655 ἐν
1380 3597 1664 3674 τελευταίᾳ
1735 3599 2012 3677 βουλήσει·

2107 3597 2331 3660 luntate
2361 3597 2584 3660 sanctis
2610 3598 2887 3660 ecclesiis
2925 3597 3296 3679 relinquere.
3321 3596 3552 3659 Firmas
3581 3593 3742 3656 enim

362 3695 466 3755 τῆς
513 3689 666 3764 ἁγίας
697 3686 1021 3752 Ἐκκλησίας
1079 3689 1180 3766 γὰρ
1229 3686 1490 3746 εἶναιδεῖ
1543 3691 1639 3753 τὰς
1672 3696 1780 3746 τῶν
1823 3689 2014 3746 τελευ-

2107 3687 2481 3749 morientium
2532 3688 2868 3749 voluntates
2909 3707 3042 3750 esse
3072 3694 3328 3768 oportet.
3373 3685 3576 3746 Const.
3613 3685 3688 3745 13
3724 3703 3738 3746 :

365 3779 582 3836 τώντων
624 3776 927 3854 βουλήσεις·
989 3773 1129 3839 διάτ.
1187 3778 1286 3855 ιγ’.
1361 3777 1633 3856 ἔῤῥωμένῃ
1697 3777 1921 3857 διαθήκῃ
1977 3779 2013 3847 ἢ

2107 3775 2262 3838 Licet
2302 3777 2518 3857 viduis,
2553 3776 2932 3854 diaconissis,
2964 3775 3296 3856 virginibus
3343 3774 3466 3836 Deo
3505 3772 3741 3848 dicati,

369 3865 677 3938 κωδικέλλῳ
726 3865 762 3933 ἢ
823 3866 1045 3947 ἀγράφῳ
1099 3865 1376 3943 βουλήσει,
1425 3866 1592 3933 ἔξεστι
1634 3881 1760 3932 ταῖς
1813 3869 2012 3948 χήραις

2107 3866 2686 3941 sanctimonialibus,
2722 3876 2778 3929 et
2827 3867 2962 3930 aliis
3008 3865 3310 3945 religiosis
3338 3861 3646 3946 [feminis],
3683 3872 3746 3924 ut

366 3959 456 4014 καὶ
511 3979 641 4034 ταγς
672 3954 1056 4028 διακονίσσαις,
1095 3957 1180 4012 καὶ
1223 3970 1346 4022 ταῖς
1399 3955 1586 4022 ἄλλαις
1619 3958 1792 4036 ἱεραῖς
1843 3979 2012 4014 κατα-

2107 3955 2186 4016 vel
2235 3956 2399 4036 justo
2434 3963 2813 4033 testamento,
2847 3958 2938 4018 vel
2981 3955 3281 4034 codicillo,
3315 3953 3402 4014 vel
3446 3950 3746 4013 voluntate

364 4043 650 4121 λιμπάνειν
688 4043 1025 4111 ἐκκλησίαις
1082 4047 1176 4100 καί
1210 4044 1456 4122 κληρικῷ
1509 4050 1596 4103 καὶ
1648 4054 1878 4126 μοναχῴ
1925 4049 2015 4104 καὶ

2107 4063 2216 4106 non
2257 4047 2499 4125 scripta,
2537 4047 2657 4107 sive
2688 4047 3080 4121 institutione,
3117 4047 3241 4107 sive
3291 4041 3742 4122 substitutione,

363 4142 575 4216 πτῶχῷ
618 4135 672 4191 ἐν
703 4135 946 4191 ἐνστάσει
983 4135 1078 4190 καί
1125 4135 1574 4194 ὑποκαταστάσει.
1611 4137 1698 4192 καὶ
1752 4136 2010 4215 ληγάτοις

2107 4133 2226 4197 sive
2276 4135 2494 4212 legato,
2533 4136 2621 4196 vel
2676 4135 3170 4210 ﬁdeicommisso,
3205 4151 3310 4196 seu
3359 4130 3606 4212 speciali
3635 4149 3743 4194 seu

361 4227 452 4282 καὶ
493 4224 952 4305 φειδικομμίσσοις
980 4221 1170 4286 ἰδικοῖς
1203 4225 1290 4281 καὶ
1321 4223 1438 4282 καθ’
1470 4223 1663 4301 ὁμάδα.

449 4403 602 4466 Διᾶτ,
625 4401 717 4467 ιθ’,
734 4405 786 4459 αἱ
808 4403 1082 4480 γινόμεναι
1109 4403 1273 4483 μέχρι
1297 4403 1353 4483 φ’
1375 4402 1598 4460 σολίδων
1622 4403 2002 4482 ἀνεμφάνιστοι

2096 4225 2440 4302 universali,
2477 4225 2751 4308 [aliquid]
2779 4227 3121 4307 relinquant
3151 4222 3447 4298 ecclesiis,
3473 4219 3738 4304 clericis,

2092 4315 2425 4390 monachis,
2459 4323 2560 4376 aut
2593 4316 2982 4396 pauperibus.

2151 4403 2693 4468 Textus.Const.49
2709 4406 2868 4478 Οοω
2881 4407 3240 4470 donationes
3268 4409 3300 4468 l
3318 4410 3342 4467 l
3358 4408 3402 4467 ὅ
3419 4409 3570 4468 citra
3584 4411 3746 4466 acto-

361 4495 553 4573 δωρεαὶ
585 4495 658 4557 εἷς
692 4492 1003 4567 ἐκκλησίαν,
1033 4493 1068 4560 ἢ
1101 4492 1466 4573 ξενοδοχεῖον,
1503 4493 1538 4560 ἢ
1570 4508 1943 4573 νοσοκομεῖον,
1967 4495 2001 4563 ἢ
2028 4573 2046 4577 Α

2107 4510 2220 4554 ἰιω
2251 4494 2689 4556 coniectionem
2719 4514 2922 4577 usque
2943 4496 3016 4558 ad
3049 4503 3409 4574 quingentos
3433 4496 3658 4560 solidos
3681 4494 3742 4554 in

360 4585 836 4662 ὀρφανοτροφεῖον,
868 4582 903 4650 ἢ
933 4595 1234 4662 πτωχεῖον,
1283 4581 1554 4660 ἕῤῥωνται.
1594 4586 1654 4638 Al
1685 4580 1741 4638 δὲ
1789 4573 2046 4658 λοιπαὶ,Ῑ

2107 4573 3746 4667 ecclesiam,xenodochiu—m,nosocomium,orphanotro-

363 4675 460 4730 κ’ὰν
517 4674 591 4736 εἷς
657 4670 894 4734 εὐσεϐεῖς
950 4672 1115 4734 αίτίας
1181 4673 1768 4751 γένωνται,χρῄζουοιν
1825 4672 2002 4752 ἐμφα..

362 4763 528 4827 νείας·
591 4761 678 4817 καὶ
723 4763 774 4816 αἱ
832 4759 1115 4838 λεχθεῖσαι
1173 4761 1304 4837 ὑπὲρ
1345 4761 1468 4824 τοὺς
1521 4761 1576 4839 φ’
1620 4759 1807 4841 φόλεις
1855 4762 2004 4820 οὖσαι

361 4850 702 4932 ἐξῃρημένων
731 4854 837 4905 τῶν
876 4847 1168 4925 βασιλικῶν
1213 4848 1444 4930 δωρεῶν.
1479 4847 1618 4912 διάτ.
1652 4851 1760 4928 κβ.

444 5030 518 5088 τὰ
576 5031 646 5092 εἷς
679 5030 894 5107 εὐαγεῖς
947 5028 1130 5090 οἴκους
1176 5027 1283 5084 ἀπὸ
1314 5026 1663 5105 βουλευτικῆς
1710 5029 2010 5110 φιλοτιμίας

337 5119 659 5201 ἐρχόμενα,
722 5117 826 5198 οὐχ
895 5119 1200 5176 ὑπόκεινται
1257 5123 1326 5194 τῇ
1381 5122 1487 5174 τῶν
1547 5117 1833 5196 ἐπικερδῶν
1888 5119 2006 5176 δια-

355 5215 562 5290 γραφῇ’
620 5207 762 5267 διάτ.
800 5208 912 5288 κγ’.
963 5209 1091 5265 Ἐάν
1123 5229 1174 5263 τι
1225 5204 1463 5285 δωρηθῇ,
1498 5207 1533 5276 ἢ
1583 5206 1934 5286 κληρονομία,
1972 5212 2008 5278 ἣ

355 5297 600 5377 ληγάτον
677 5298 865 5376 εὐαγεῖ
929 5298 1079 5371 τόπῳ
1161 5294 1517 5376 καταλειφθῇ,
1583 5298 1656 5358 είς
1730 5297 2006 5376 ἆνάρῤυσιν

356 5388 750 5470 αἰχμαλώτων,
781 5388 1001 5454 κινητὸν
1045 5387 1080 5454 ἢ
1115 5385 1390 5460 ἀκίνητον,
1425 5386 1744 5463 ἁρμόζουσιν
1784 5402 2002 5468 perso-

356 5477 539 5542 «alia
592 5478 682 5535 καὶ
707 5478 774 5538 in
803 5492 933 5539 rem
965 5477 1053 5532 καὶ
1083 5477 1458 5554 ὑποθηκαρίαι,
1495 5477 1582 5534 καὶ
1615 5477 1755 5553 μόνῃ
1788 5483 1852 5554 τῇ
1896 5483 2004 5534 τῶν

341 5569 556 5626 ’ἕκατδν
597 5566 850 5625 ἐνιαυτῶν
902 5564 1243 5623 ἐκϐάλλοννοι
1289 5572 1635 5644 παραγραφῇ·
1699 5567 1852 5633 οὗτος
1905 5570 2003 5647 γὰρ

358 5661 390 5724 ὃ
445 5657 645 5746 χρόνος
702 5654 814 5714 ἐστῖ
853 5662 945 5715 τοῦ
1009 5653 1296 5738 μακροϐίου
1347 5654 1643 5736 ἀνθρώπου⁶
1700 5653 1837 5734 διάτ,
1897 5658 1998 5725 κε’,

2092 4671 2324 4753 phium,
2351 4673 2444 4734 vel
2477 4673 2780 4754 ptochium
2819 4676 2991 4750 ﬁunt,
3018 4675 3238 4737 valent.
3281 4674 3549 4756 Reliquae
3577 4691 3738 4743 vero,

2092 4763 2326 4823 tametsi
2374 4761 2436 4822 in
2484 4762 2612 4843 pias
2664 4783 2875 4826 causas
2924 4766 3090 4840 ﬁant,
3124 4783 3375 4845 qumque
3430 4760 3740 4843 amplioris

2089 4850 2435 4930 quingentis
2459 4853 2672 4914 solidis
2694 4853 3046 4934 quantitatis
3064 4872 3195 4915 esse
3217 4853 3740 4932 dicuntur,excep-

2093 4940 2167 5001 tis
2192 4940 2607 5022 imperialibus
2631 4942 2950 5005 donatione
2977 4961 3125 5023 opus
3150 4943 3392 5004 habent.
3409 4940 3731 5005 Constﬂi’.

2176 5029 2318 5102 Quae
2345 5049 2418 5091 ex
2453 5029 2814 5095 liberalitate
2843 5031 3088 5094 curialis
3115 5032 3191 5095 ad
3223 5030 3596 5094 venerabiles
3627 5031 3737 5093 do-

2095 5137 2228 5180 mus
2277 5121 2659 5202 perveniunt,
2694 5139 2728 5182 a
2771 5120 3204 5184 lucratitiorum
3253 5119 3740 5202 inscriptionibus

2090 5207 2386 5270 immunia
2432 5220 2591 5272 sunt.
2626 5209 2828 5274 Const.
2883 5209 2980 5272 23.
3017 5209 3078 5272 Si
3110 5209 3253 5291 quid
3299 5209 3608 5285 donatum,
3638 5216 3741 5272 aut

2091 5297 2414 5360 haereditas
2468 5299 2803 5378 legatumve
2832 5318 3033 5361 rerum
3067 5298 3374 5362 mobilium
3405 5301 3494 5362 vel
3519 5300 3736 5362 immo-

2089 5387 2299 5449 bilium
2351 5388 2413 5449 in
2447 5388 2930 5470 redemptionem
2989 5389 3357 5470 captivorum
3407 5388 3738 5453 venerabili

2089 5476 2390 5558 [cuipiam]
2427 5479 2558 5541 loco
2585 5478 2864 5541 relictum
2907 5477 3005 5554 sit,
3043 5479 3248 5560 [actio]
3287 5479 3642 5560 personalis,
3672 5479 3735 5542 in

2087 5575 2304 5640 rem,et
2331 5567 2756 5648 hypotliecaria
2777 5569 3088 5647 competit,
3114 5576 3175 5632 et
3195 5569 3322 5631 sola
3347 5576 3584 5631 centum
3616 5586 3730 5630 an-

2087 5673 2300 5721 norum
2323 5658 2773 5742 pmscriptione
2797 5657 2922 5743 [qui
2950 5659 3161 5722 horum
3191 5657 3496 5744 quippiam
3529 5655 3728 5720 vindi-
