4004 6230
395 320 504 389 571

1589 323 1861 390 ΡΗΟΤΙΙ
1904 323 2422 391 PATRIARCHE
2465 327 2577 390 GP.

3619 327 3716 395 572

390 461 547 545 cant]
571 457 1084 544 rejiciunturJloc
1107 460 1268 526 enim
1303 470 1538 543 tempus
1567 462 1866 525 diuturnae
1895 461 2034 523 vitae

2126 463 2244 521 Ἐάν
2302 484 2381 528 τις
2425 464 2607 542 γράψῃ
2640 462 2985 545 κληρονόμον
3035 465 3127 523 τὸν
3178 465 3450 534 Δεσπότην
3505 468 3722 544 Χριστὸν,

388 554 656 626 hominis
677 555 1002 616 est.Const.
1021 553 1124 617 25.
1144 553 1207 616 Si
1231 555 1363 635 quis
1385 551 1687 616 Christum
1723 552 2042 614 Dominum

391 643 694 705 bzeredem
721 643 1057 722 scripserit,
1085 661 1282 724 neque
1313 645 1557 704 oratorii
1584 642 2042 724 appellationem

391 732 982 795 addideritzecclesia
1004 733 1212 809 loci,in
1235 752 1349 814 quo
1375 733 1693 795 defunctus
1714 730 2043 806 habitabat,

389 823 613 902 scripta
631 821 1059 886 videtur.ldem
1087 823 1267 885 etiam
1288 824 1347 884 in
1371 823 1588 900 legato.
1623 821 1903 886 Procedit
1933 840 2045 882 au-

390 919 509 973 tem
528 911 707 992 [quod
727 911 1119 995 relinquitur]
1148 913 1206 974 in
1235 913 1582 974 alimoniam
1609 909 2044 995 pauperum.Si

392 1019 526 1061 vero
557 1007 811 1076 cuipiam
844 1013 1180 1064 sanctorum
1213 1006 1560 1077 angelorum
1591 1015 1690 1063 aut
1723 1014 2042 1077 martyrum

386 1085 727 1166 reliquerit,
765 1105 964 1168 neque
1019 1087 1389 1149 mentionem
1439 1088 1650 1149 fecerit
1699 1087 2036 1147 domuum:

390 1175 566 1257 [tum]
608 1177 658 1237 si
692 1177 938 1258 quidem
976 1181 1035 1238 in
1073 1178 1176 1239 illa
1225 1177 1467 1240 civitate
1494 1178 1706 1256 ejusve
1735 1175 2040 1240 territorio

387 1265 725 1328 istiusmodi
758 1267 974 1328 domus
999 1269 1102 1343 sit,
1134 1267 1235 1329 illa
1266 1267 1443 1348 capit:
1476 1267 1568 1328 sin
1605 1267 1826 1344 minus,
1863 1263 2044 1346 [aedes

388 1359 576 1435 sacra]
610 1375 741 1437 qua
767 1357 828 1418 in
863 1358 1180 1438 metropoli
1214 1365 1328 1432 est,
1363 1357 1604 1430 accipit.
1639 1358 1717 1419 At
1765 1358 1812 1417 si
1849 1371 2045 1435 neque

385 1443 513 1506 illic
537 1446 877 1510 istiusmodi
910 1446 1070 1508 aedes
1101 1447 1319 1527 sit,loci
1345 1446 1767 1526 ecclesiae,illis
1796 1445 1931 1507 aliis
1952 1462 2046 1504 sa-

389 1535 506 1596 cris
524 1535 764 1599 aedibus
793 1535 1285 1604 cedentibus,isla
1307 1537 1626 1616 capiuntzsi
1648 1535 1824 1596 modo
1842 1534 2049 1596 defun-

388 1633 548 1685 ctum
602 1644 721 1686 non
755 1625 915 1688 aliud
951 1626 1272 1706 cogitasse,
1306 1644 1374 1688 ac
1405 1625 1566 1687 aliud
1618 1625 1882 1689 locutum
1914 1642 2048 1685 esse

390 1713 764 1775 ostendatur.
801 1717 966 1776 Tunc
1028 1714 1188 1776 enim
1221 1715 1379 1796 quod
1411 1733 1644 1791 verum,
1678 1733 1794 1775 non
1847 1723 2044 1774 autem

389 1803 549 1884 quod
573 1803 876 1896 scriptum,
893 1813 1005 1879 est,
1023 1803 1275 1896 obtinet.
1305 1804 1602 1896 Caeterum
1632 1803 1678 1864 si
1701 1810 1930 1896 certum
1951 1801 2042 1896 lo-
2072 1847 2108 1896 Β

390 1911 524 1953 cum
583 1893 823 1966 dixerit,
862 1893 1252 1955 inveniantur
1279 1902 1478 1955 autem
1529 1893 1590 1955 in
1623 1890 1883 1966 civitate,
1917 1890 2044 1952 sive

393 1983 423 2042 1
446 1982 529 2042 l4
552 1981 763 2044 vicinis
789 1983 941 2044 locis
969 1981 1158 2044 multa
1189 1982 1460 2062 ejusdem
1489 1981 1752 2042 nominis
1784 2001 1798 2044 :
1834 1987 1956 2041 tum
1992 1979 2044 2040 si

388 2089 528 2151 erga
558 2073 772 2133 horum
809 2071 1150 2153 quempiam
1199 2073 1487 2150 majorem
1521 2071 1897 2133 affectionem
1929 2069 2042 2131 ba-

387 2158 612 2236 buerit,
632 2167 929 2238 saepiusve
953 2160 1299 2234 accesserit,
1330 2159 1415 2222 illi
1438 2160 1760 2240 reliquisse
1783 2160 2039 2221 videtur.

386 2249 610 2312 Verum
671 2251 722 2312 si
782 2251 902 2312 talo
953 2249 1104 2312 nihil
1137 2250 1484 2312 inveniatur
1513 2271 1529 2323 ;
1561 2269 1694 2331 quae
1725 2267 1796 2312 ex
1829 2249 2040 2310 istius-

386 2340 552 2401 modi
583 2340 814 2402 aedibus
847 2340 1034 2418 magis
1065 2339 1317 2419 indiget,
1353 2340 1568 2420 accipit
1597 2339 1898 2402 relictum.

446 2427 695 2491 Textus.
718 2432 791 2492 Et
811 2430 901 2492 tit.
923 2429 957 2493 3
982 2430 1254 2510 ejusdem
1280 2429 1386 2490 lib.
1411 2449 1520 2491 cor:
1533 2437 1604 2489 st.
1622 2429 2033 2503 24,ait,ratum

387 2519 754 2599 ﬁrmumque
799 2537 954 2593 esse,
1006 2519 1170 2597 quod
1235 2518 1600 2599 pauperibus
1655 2519 2033 2599 relinquitur.

387 2607 679 2671 Const.°£8
697 2609 972 2687 ejusdem
998 2607 1454 2687 tit.Valet.quod
1479 2607 1536 2668 in
1555 2607 2034 2685 redemptionem

389 2699 764 2777 captivorum
817 2696 1207 2777 relinquitur.
1266 2696 1337 2758 Et
1393 2697 1440 2757 si
1492 2697 1734 2776 quidem
1791 2705 2039 2758 testator

388 2786 628 2861 dixerit,
666 2787 798 2868 quis
854 2785 993 2865 [isti]
1027 2784 1116 2848 rei
1148 2805 1392 2866 operam
1427 2803 1646 2847 navare
1693 2784 1952 2848 debeat:
1987 2785 2038 2846 is

389 2876 592 2956 exigit,
631 2885 689 2937 et
719 2895 828 2957 pro
863 2895 969 2937 sua
999 2875 1368 2937 conscientia
1403 2881 1682 2936 statutum
1718 2874 2036 2955 adimplet.

2128 552 2205 628 μὴ
2275 554 2518 632 προσθεὶς
2585 555 2862 634 εὖκτηρίου
2946 555 3332 634 προσηγορίαν,
3404 557 3436 625 ἡ
3503 555 3726 624 ἐκκλησία

2126 649 2220 699 τοῦ
2263 643 2453 722 τόπου,
2487 644 2603 700 καθ’
2661 644 2721 700 ’ὃν
2767 646 2834 712 ἦν
2893 648 2981 702 καὶ
3010 648 3038 703 6
3095 644 3431 724 τελευτήσας,
3461 645 3597 702 δοκεῖ
3643 668 3727 724 γε·

2131 731 2376 811 γράφθαι·
2438 734 2500 789 τὸ
2557 735 2686 791 αὐτὸ
2743 737 2830 792 καὶ
2883 734 2976 792 ἐπὶ
3037 734 3300 812 ληγάτου⁶
3345 734 3434 791 καί
3487 749 3730 816 προχωρεῖ

2130 823 2205 884 εἷς
2255 820 2564 900 ἂποτροφὴν
2595 830 2858 905 πτωχῶν.
2898 827 2955 883 Εἰ
3006 824 3062 882 δέ
3089 823 3190 882 τιδι
3250 824 3356 882 τῶν
3384 824 3536 903 ἁγίων
3586 825 3731 903 ἀγγέ-

2127 909 2237 967 λων
2290 910 2327 979 ἢ
2358 912 2635 990 μαρτύρων
2696 913 3007 996 καταλίποι,
3043 916 3122 990 μὴ
3169 915 3538 991 μνημονεύσατ
3576 915 3731 994 οἶκον,

2125 1001 2171 1057 εἰ
2215 1001 2313 1075 μὲν
2368 1000 2511 1057 ἔστιν
2540 1001 2595 1058 ἂν
2640 1001 2818 1082 halm
2859 1011 2927 1080 τῇ
2973 1003 3152 1079 πόλει,
3185 1005 3220 1072 ἢ
3278 1005 3348 1072 τῆ
3378 1005 3542 1080 ένορίᾳ
3597 1002 3734 1078 αὒτῇς

2123 1100 2360 1155 τοιοῦτος
2413 1091 2591 1167 οἶκος,
2627 1092 2784 1157 αὒτὸς
2819 1092 3104 1169 λαμϐάνει·
3152 1095 3196 1150 εἰ
3226 1093 3282 1150 δὲ
3328 1093 3405 1165 μὴ
3434 1093 3588 1168 ἔστιν,
3618 1095 3642 1148 6
3688 1095 3735 1147 tv

2124 1183 2191 1253 τῇ
2248 1179 2578 1253 μητροπόλει
2622 1180 2904 1257 λαμϐάνει·
2977 1184 3022 1239 εί
3076 1181 3131 1239 δὲ
3187 1181 3323 1258 μήτε
3366 1181 3479 1239 ἕκεῖ
3530 1181 3736 1244 τοιοῦτός

2128 1265 2273 1323 ἐστιν
2335 1269 2512 1348 οἶκος,
2548 1272 2599 1325 αἱ
2631 1272 2766 1328 κατὰ
2794 1272 2886 1327 τὸν
2940 1271 3106 1329 τόπον
3136 1271 3418 1340 ἐκκλησίαι
3465 1270 3738 1346 λαμϐάνου-

2127 1378 2206 1412 σιν
2263 1359 2414 1435 αὐτὸ,
2445 1363 2552 1414 τῶν
2589 1358 2765 1415 ἄλλων
2821 1360 2993 1418 οἴκων
3036 1361 3502 1440 παραχωρούντων
3550 1360 3739 1437 αὖταῖς,

2127 1445 2181 1501 εἷ’
2239 1467 2299 1521 γε
2359 1447 2436 1521 μὴ
2494 1445 2684 1526 δειχθῇ
2739 1451 2767 1504 6
2825 1448 3175 1524 τελευτήσας,
3206 1449 3386 1528 ἕτερον
3445 1447 3742 1524 ἐνθυμηθεὶς,

2128 1537 2224 1591 καί
2273 1535 2452 1616 ἕτερον
2496 1538 2683 1594 εἰπών⁶
2715 1539 2836 1596 τότε
2868 1541 2969 1616 γάρ
3012 1539 3073 1596 τὰ
3103 1538 3298 1608 ἀληθὲς
3361 1541 3446 1596 καὶ
3472 1539 3529 1594 οὒ
3559 1540 3613 1594 τὸ
3662 1557 3742 1613 γε·

2129 1626 2438 1702 γραμμένον
2496 1641 2710 1704 κρατεῖ.
2771 1630 2828 1687 El
2875 1627 2925 1684 δέ
2985 1630 3149 1686 τόπον
3195 1629 3342 1685 εἴποι
3405 1630 3583 1706 ῥητὸν,
3611 1626 3742 1706 εὗρε-

2127 1714 2258 1771 θῶσι
2321 1714 2376 1771 δὲ
2408 1716 2598 1774 πολλοῖ
2651 1725 2745 1775 τοῦ
2785 1719 2942 1775 αὐτοῦ
2999 1719 3260 1791 ὀνόματος
3294 1719 3348 1775 ἐν
3409 1724 3475 1794 τῇ
3529 1720 3669 1774 πόλει
3716 1717 3744 1783 ἢ

2129 1810 2198 1880 τῇ
2239 1805 2542 1880 περιοικίδι,
2591 1809 2634 1862 εί
2687 1808 2786 1882 μὲν
2821 1809 2950 1887 πρὸς
2981 1830 3100 1865 τινα
3144 1809 3345 1865 τούτων
3377 1809 3504 1887 εἶχε
3558 1808 3747 1883 μείζονα

2130 1895 2514 1976 προσπᾶθειαν,
2549 1896 2584 1964 ἢ
2640 1899 2881 1976 συνεχῶς
2935 1897 3111 1954 ἐκεῖσε
3169 1897 3378 1978 ἐφοίτα,
3414 1900 3553 1970 αὐτῷ
3606 1895 3750 1951 δωκετ

2123 1981 2564 2064 καταλελεῖφθαι.
2620 1988 2861 2044 Γοιούτου
2917 1984 2972 2042 δέ
3031 2009 3177 2050 τινος
3222 1987 3300 2060 μὴ
3374 1985 3744 2064 εὒρισκομένου,

2124 2073 2152 2128 6
2205 2071 2412 2146 μᾶλλον
2441 2074 2502 2130 ἐκ
2559 2081 2666 2132 tam
2700 2076 2953 2132 τοιούτων
3001 2077 3172 2134 οἴκων
3203 2073 3388 2143 ἐνδεὴς
3424 2072 3670 2150 λαμϐάνει
3696 2075 3749 2128 τὸ

2123 2161 2497 2242 καταλειφθέν,

2203 2431 2299 2488 Καὶ
2329 2431 2434 2491 τίτ.
2481 2429 2533 2509 γ’
2565 2439 2655 2490 τοῦ
2704 2436 2864 2491 αὖτοῦ
2891 2433 3066 2511 ML,
3101 2431 3240 2498 διάτ,
3273 2431 3380 2508 κδ’,
3414 2435 3571 2513 γησὶν

2120 2523 2235 2577 σθαι
2277 2522 2340 2577 τὸ
2394 2522 2520 2583 τοῖς
2551 2536 2803 2602 πτωχοῖς
2852 2523 3415 2600 καταλιμπανόμενον·
3462 2521 3618 2586 δωετζ
3677 2525 3754 2587 κη’

2119 2607 2212 2664 τοῧ
2269 2612 2428 2668 αὐτοῦ
2497 2609 2696 2667 τίτλου·
2761 2610 3026 2690 Ἔῤῥωται
3101 2613 3162 2669 τὰ
3233 2612 3754 2686 καταλιμπανόμενον

2119 2699 2192 2760 εἰς
2242 2697 2518 2777 ἆνάῤῥυσιν
2569 2701 2960 2780 αἰχμαλώτων
2997 2704 3086 2758 καὶ
3145 2704 3188 2757 εί
3248 2702 3344 2767 μὲν
3400 2703 3556 2760 εἶπεν
3586 2703 3612 2757 ὓ
3653 2698 3755 2754 δια·

2117 2786 2340 2863 θέμενος
2401 2790 2492 2844 τὸν
2575 2790 2858 2869 ὀφέίλοντα
2928 2793 3261 2870 ὑπουργῆσαί
3331 2799 3411 2865 τῷ
3469 2791 3751 2869 πράγματι,

2127 2878 2282 2938 αὐτὸς
2343 2879 2589 2956 ἀπαιτεῖ,
2663 2881 2757 2936 καί
2818 2881 2957 2936 κατὰ
3028 2881 3128 2947 τὴν
3189 2881 3390 2937 οἰκείαν
3481 2877 3754 2944 συνείδησιν

389 2964 494 3028 Sin
517 2974 714 3028 autem
751 2983 1066 3046 personam
1104 2984 1222 3026 non
1255 2965 1499 3045 dixerit,
1526 2964 1732 3042 [illius]
1762 2964 2035 3039 civitatis,

2126 2965 2333 3044 πληροῖ
2362 2969 2466 3023 τὼν
2500 2966 2844 3027 διατύπωσιν.
2881 2971 2941 3026 El
2997 2968 3052 3026 δὲ
3085 2971 3164 3040 μὴ
3193 2971 3321 3026 εἷπε
3369 2971 3431 3026 τὸ
3464 2971 3753 3048 πρόσωπον,

387 3053 447 3116 in
479 3073 593 3137 qua
617 3063 866 3117 testator
891 3061 1067 3116 natus
1091 3062 1204 3129 est,
1235 3053 1559 3136 episcopus
1589 3053 1863 3115 relictum
1897 3071 2035 3135 per-

2127 3059 2155 3112 6
2209 3061 2307 3126 τῆς
2341 3057 2550 3121 πόλεως
2609 3057 2928 3132 ἐπίσκοπος,
2960 3059 3016 3114 ἐν
3062 3061 3098 3127 ἦ
3134 3063 3161 3116 6
3194 3057 3503 3135 διαθέμενος
3552 3057 3753 3137 ἐτέχθη,

391 3143 556 3222 cipit:
577 3145 731 3207 dono
758 3144 914 3225 apud
938 3143 1260 3224 praesidem
1289 3143 1352 3204 in
1375 3152 1504 3205 acta
1530 3143 1848 3205 referendo
1870 3143 2035 3205 data-

2129 3143 2390 3221 λαμϐάνει
2433 3148 2494 3203 τὸ
2523 3147 2874 3226 καταλειφθὲν
2917 3150 3141 3228 φανερὸν
3193 3149 3279 3205 ἐπὶ
3326 3149 3568 3229 πράξεως
3613 3147 3758 3220 δῶρον

389 3215 520 3294 τυήι
548 3233 664 3295 sibi
693 3215 1084 3314 pecuniarum
1120 3233 1530 3314 quantitatem,
1557 3251 1625 3294 ac
1658 3241 1790 3311 post
1818 3250 2035 3294 annum

2131 3237 2271 3310 παρᾶ
2328 3245 2403 3312 τῷ
2437 3238 2660 3317 ἄρχοντι
2695 3238 3085 3314 συνισταμένης
3127 3241 3189 3295 τὸ
3223 3241 3394 3295 ποσὸν
3436 3244 3544 3294 τῶν
3598 3234 3759 3293 δοθέν-

390 3323 839 3404 redemptorum
893 3342 1214 3385 numerum
1249 3331 1308 3384 et
1357 3323 1493 3385 data
1532 3341 1637 3402 pro
1664 3322 1758 3383 his
1807 3321 2035 3405 [pretia]

2126 3347 2231 3382 των
2284 3328 2426 3400 αύτῷ
2477 3328 2804 3408 χρημάτων,
2839 3329 2928 3384 καὶ
2971 3330 3093 3402 μετ’
3139 3328 3378 3384 ἐνιαυτὸν
3413 3331 3509 3384 τὸν
3564 3324 3759 3405 ἀριθμὸν

390 3414 702 3476 manifesta
747 3413 1032 3475 facturus.
1068 3411 1238 3485 Quod
1266 3415 1313 3475 si
1346 3421 1599 3475 testator
1629 3411 1900 3475 barbarae
1932 3432 2035 3474 na-

2126 3415 2231 3471 τῶν
2289 3416 2736 3495 ἆναῤῥυσθέντων,
2777 3421 2866 3474 καὶ
2929 3424 3036 3473 τῶν
3097 3418 3226 3494 ὑπὲρ
3269 3421 3447 3476 αὐτῶν
3504 3415 3759 3474 δοθέντων.

388 3503 568 3565 tionis
598 3502 806 3578 fuerit,
842 3511 901 3565 et
931 3502 1006 3564 de
1039 3504 1170 3583 ejus
1217 3502 1407 3582 patria
1436 3501 1634 3582 aliqua
1683 3501 2035 3583 ambiguitas

2128 3505 2186 3561 Εἰ
2241 3503 2294 3559 δὲ
2328 3504 2590 3584 βάρϐαρος
2624 3507 2690 3573 ἦν
2738 3508 2766 3562 6
2819 3505 3152 3581 διαθέμενος,
3187 3507 3275 3562 καὶ
3333 3509 3455 3584 περὶ
3486 3511 3584 3571 τῆς
3623 3501 3762 3559 αύτοῦ

389 3593 727 3670 emerserit,
749 3593 1068 3673 episcopus
1091 3592 1206 3654 ioci
1233 3594 1292 3653 in
1317 3611 1433 3672 quo
1459 3591 1775 3653 defunctus
1800 3601 1909 3666 est,
1938 3611 2035 3673 pe-

2127 3591 2334 3652 πόλεως
2367 3593 2786 3674 ἀμφιϐάλλεται,
2821 3597 2849 3652 6
2882 3594 3174 3659 ἐπίσκοπος
3206 3603 3300 3652 τοῦ
3345 3595 3542 3674 τόπου,
3575 3590 3683 3649 καθ’
3710 3589 3760 3644 ’ὃν

386 3681 593 3744 cunias
613 3684 853 3762 accipit,
877 3690 936 3744 et
959 3682 1120 3759 quod
1158 3682 1575 3762 praescriptum
1608 3689 1696 3744 est
1719 3681 2034 3761 adimplet.

2126 3681 2459 3750 ἐτελεύτησε.
2520 3682 2792 3759 λαμϐάνει
2851 3685 2916 3742 τὰ
2974 3687 3235 3764 χρήματα
3295 3687 3386 3740 καὶ
3463 3683 3660 3760 πληροῖ
3709 3679 3760 3732 τὸ

384 3769 495 3845 Qui
521 3790 666 3834 vero
691 3771 968 3853 [aliquidl
1005 3771 1285 3834 relictum
1323 3773 1499 3849 [essel
1526 3773 1848 3843 scit,recte
1877 3769 2035 3845 facit,

2126 3769 2466 3830 διατυπωθέν·
2540 3775 2568 3828 6
2625 3772 2678 3828 δὲ
2735 3773 3015 3850 γινώσκων
3061 3774 3124 3830 τὸ
3179 3771 3568 3853 καταλειιρθὶν,
3600 3766 3758 3829 καλῶς

384 3859 434 3921 si
464 3860 576 3941 [id]
603 3861 826 3922 rectori
861 3859 1180 3938 provincia!
1215 3868 1274 3920 et
1304 3860 1590 3940 episcopo
1625 3858 1808 3932 dicat,
1842 3876 2035 3938 neque

2126 3876 2277 3917 ποιεῖ
2334 3860 2506 3937 λέγων
2543 3869 2620 3935 τῷ
2662 3861 2884 3942 ἄρχοντι
2946 3865 3034 3918 καὶ
3090 3870 3166 3935 τῷ
3211 3863 3520 3941 ἑπισκόπω,
3566 3861 3650 3917 καὶ
3679 3857 3761 3914 οὐκ

387 3950 645 4030 [idcirco
680 3950 914 4012 delator
946 3948 1228 4010 efﬁcitur.
1267 3949 1470 4011 Const.
1507 3951 1567 4020 3,
1603 3948 1690 4007 tit.
1725 3952 1785 4026 2,
1819 3946 2035 4009 Novel-

2126 3949 2235 4006 ἔστι
2266 3949 2534 4030 δηλάτωρ.
2585 3941 2642 4008 Ἠ
2673 3950 2728 4007 δὲ
2760 3941 2832 4029 ίγ’
2878 3949 3020 4012 διάτ.
3064 3954 3156 4008 τοῦ
3183 3949 3234 4026 β’
3269 3952 3374 4012 τίτ.
3425 3959 3532 4008 τῶν
3567 3953 3760 4025 Νεαρῶν

387 4039 576 4102 larum
607 4039 777 4113 dicit,
807 4038 1015 4117 [illius]
1039 4037 1320 4109 civitatis,
1347 4039 1406 4098 in
1438 4055 1555 4116 quo
1589 4044 1830 4098 testator
1853 4036 2035 4097 domi-

2126 4041 2251 4096 εἶπε
2287 4042 2378 4096 τὸν
2435 4042 2729 4098 ὶπίσκοπον
2775 4046 2874 4107 τῆς
2938 4041 3174 4116 πόλεως,
3207 4040 3262 4096 ἐν
3317 4045 3354 4117 ᾗ
3403 4043 3505 4108 τὴν
3556 4039 3761 4102 οἴκησιν

386 4129 587 4190 cilium
617 4127 1217 4206 babuit,episcopum
1249 4127 1539 4204 pecunias
1561 4143 1803 4205 capere,
1825 4135 1884 4188 et
1912 4144 2035 4206 qua

2126 4133 2282 4208 εἶχεν
2339 4133 2367 4186 6
2436 4128 2764 4204 διαθέμενος,
2838 4129 3130 4206 λαμϐάνειν
3195 4132 3259 4186 τὰ
3334 4133 3624 4210 χρήματα,
3674 4124 3756 4181 καὶ

387 4219 703 4278 constituta
725 4224 862 4277 sunt
891 4217 1108 4277 facere.
1129 4217 1336 4277 Const.
1354 4215 1455 4276 45.
1479 4213 1541 4276 Si
1563 4233 1784 4275 annum
1812 4215 2035 4302 [idque]

2127 4232 2305 4275 ποιεῖν
2367 4220 2431 4277 τὰ
2499 4218 2914 4276 διατυπωθέντα⁸
2989 4217 3130 4279 διάτ.
3191 4217 3301 4294 με’.
3374 4219 3510 4277 Ἐὰν
3567 4217 3762 4284 ἐτήσιον

388 4314 744 4385 perpetuum
779 4305 1034 4383 legatum
1069 4311 1169 4364 aut
1201 4321 1422 4364 munus
1453 4304 1547 4365 vel
1598 4302 2035 4364 venerabilibus

2127 4305 2369 4374 διηνεκὲς
2445 4308 2771 4386 ληγατευθῇ,
2824 4309 2860 4376 ἣ
2925 4308 3137 4385 δωρηθῇ
3191 4311 3379 4372 τόποις
3445 4302 3760 4386 εὖαγέσιν,ἣ

385 4393 658 4460 Ιοοίε,ν‹ιι
688 4391 976 4464 clero,ve|
1005 4391 1434 4466 monachis,vel
1457 4392 2035 4466 sanctimonialibus,

2126 4396 2332 4473 κλήρῳ,
2359 4397 2394 4465 ἢ
2439 4412 2736 4478 μοναχοτς,
2769 4399 2804 4466 ἢ
2860 4400 3237 4476 μοναστρίαις,
3272 4398 3307 4465 ἢ
3366 4409 3652 4477 πτωχοῖς,
3683 4390 3762 4448 καὶ

383 4484 472 4545 vel
508 4483 892 4564 pauperibus,
921 4482 1011 4544 vel
1049 4482 1311 4545 breviter
1343 4482 1792 4544 venerabiiibus
1829 4491 1887 4544 et
1920 4499 2035 4542 non

2126 4485 2309 4550 ἁπλῶς
2373 4486 2642 4564 εὐαγέσιν,
2678 4488 2713 4555 ἢ
2773 4491 2869 4546 οὒκ
2898 4486 3364 4565 ἆπηγορευμένοις
3417 4487 3758 4559 συστήμασιν,

384 4572 702 4654 prohibitis
738 4573 1032 4651 collegiis.
1073 4571 1348 4634 relictum
1383 4580 1485 4633 aut
1515 4573 1802 4633 donatum
1835 4571 2035 4646 fuerit,

2126 4575 2219 4630 οὒκ
2276 4575 2473 4642 ἔξεστιν
2505 4574 2589 4632 ἐπ’
2647 4580 2790 4650 αὺτῷ
2837 4575 3160 4649 διαλύεσθαι,
3193 4577 3238 4631 εί
3299 4576 3377 4650 μὴ
3411 4573 3543 4644 δοθῆ
3599 4571 3759 4649 πρόσ-

384 4653 505 4727 non
540 4664 680 4727 licet
710 4664 784 4726 de
809 4664 928 4724 illis
952 4662 1310 4741 transigere:
1334 4661 1447 4723 nisi
1473 4661 1523 4722 si
1544 4661 1712 4734 uber,
1739 4661 2035 4740 nullisque

2126 4662 2243 4729 οδος
2290 4663 2511 4732 εὕθαλὴς
2554 4663 2692 4739 μηδὲ
2721 4663 3066 4741 βεϐαρημένη
3110 4664 3416 4738 δημοσίοις,
3466 4664 3558 4719 καὶ
3605 4679 3760 4736 προσ-

387 4755 644 4836 poblicis
684 4751 1217 4836 [prmstationibus]
1267 4759 1549 4812 oneratus
1578 4751 1807 4812 reditus
1838 4750 2035 4812 detur.

2126 4753 2293 4821 θῆκην
2339 4756 2440 4832 οὐχ
2495 4755 2656 4822 ἧττον
2715 4764 2806 4813 τοῦ
2848 4754 3101 4820 τετάρτου
3143 4755 3242 4819 τῆς
3309 4756 3546 4830 καθαρᾶς
3602 4769 3758 4822 προσ-

385 4835 608 4924 [Detur]
633 4835 776 4908 item
804 4862 1106 4925 nunquam
1126 4841 1441 4904 alienanda
1464 4839 1906 4917 accessio.quae
1923 4858 2035 4900 non

2127 4841 2247 4898 όδου
2307 4842 2496 4919 μέρους
2559 4842 2784 4922 ἔχουσα,
2817 4841 3089 4917 μηδέποτε
3146 4840 3646 4916 εκποιηθησομένη⁸
3688 4835 3763 4891 δεῖ

385 4935 586 4996 minus
616 4935 951 5015 quadrante
976 4934 1108 5014 puri
1146 4930 1551 5013 [integrique]
1583 4931 1814 4992 reditus
1843 4929 2035 4990 conti-

2126 4930 2180 4988 δὲ
2223 4934 2307 4988 καῖ
2371 4931 2634 4998 συνθήκας
2680 4934 2769 4989 καὶ
2799 4931 3068 4997 διαλύσεις
3115 4932 3411 5009 ἐγγράφους
3472 4931 3560 4986 ἐπὶ
3608 4927 3761 5015 τούτω

383 5033 540 5084 neat.
597 5010 846 5104 oportet
878 5010 1075 5085 autem
1111 5010 1187 5084 de
1241 5010 1335 5082 his
1371 5010 1504 5080 ηδ
1529 5010 1720 5098 lpacta
1755 5027 1818 5082 et
1867 5026 2035 5079 tran-

2126 5022 2380 5098 γίνεσθαι,
2445 5023 2532 5077 καὶ
2586 5022 2641 5078 ἐν
2699 5023 3080 5097 ὑπομνήμασιν
3140 5021 3546 5100 ἐμφανίζεσθαι,
3591 5017 3664 5104 ,Εἰ
3714 5010 3763 5068 δὲ

382 5103 682 5174 sactiones
710 5114 964 5192 scriptas
999 5114 1156 5182 ﬁeri,
1192 5129 1416 5190 easque
1450 5110 1510 5172 in
1542 5109 1870 5190 [actorum]
1906 5127 2035 5169 mo-

2126 5112 2262 5186 παρὰ
2321 5117 2481 5167 ταῦτα
2516 5111 2763 5167 ἐκπίπτει
2821 5118 2914 5166 τοῦ
2943 5110 3183 5173 δοθέντος
3246 5109 3469 5188 χρυσίου
3500 5110 3529 5163 6
3582 5103 3760 5160 δια)υ·

382 5209 672 5263 numenta
699 5202 941 5262 referri.
976 5202 1038 5263 Si
1067 5211 1274 5263 contra
1299 5201 1428 5262 haec
1474 5199 1696 5262 factum
1742 5200 1861 5276 sit],
1895 5197 2035 5259 dato

385 5307 528 5350 auro
580 5291 681 5369 qui
715 5292 1174 5352 transactionem
1225 5289 1387 5364 fecit,
1421 5289 1672 5366 excidit,
1698 5296 1876 5369 atque
1905 5305 2030 5349 rem

381 5378 742 5441 venerabilis
767 5379 981 5440 domus
1008 5379 1644 5459 vindicat,hypothecae
1668 5377 1912 5439 nomine
1938 5397 2036 5439 res

382 5469 516 5549 ejus
546 5469 647 5549 qui
669 5468 939 5548 reliquit,
964 5470 1025 5528 in
1057 5467 1376 5540 fructibus,
1402 5467 1726 5542 reditibus,
1753 5468 2036 5548 omnique

381 5558 646 5636 legitima
670 5561 1016 5619 accessione
1037 5557 1174 5634 [sibi
1197 5556 1536 5633 obstrictas]
1563 5556 1812 5617 habens.
1831 5555 2037 5636 Neque

380 5648 554 5730 [vero
588 5649 739 5732 ejus]
775 5647 998 5711 actioni
1022 5645 1183 5726 longi
1217 5643 1507 5724 temporis
1539 5646 1912 5726 praescriptio
1934 5645 2034 5710 ad-

2119 5201 2375 5280 σάμενος,
2413 5200 2503 5256 καί
2531 5198 2736 5256 ἐκδικεῖ
2764 5200 2827 5255 τό
2880 5207 3102 5277 πρᾶγμα
3135 5201 3163 5256 6
3193 5199 3391 5274 εύαγὴς
3420 5198 3594 5264 οἶκος,
3628 5193 3764 5270 ’έχων

2119 5291 2192 5352 εἷς
2245 5290 2523 5358 ὑποθήκην
2579 5291 2645 5345 τὰ
2688 5289 2978 5367 πράγματα
3040 5289 3133 5346 τοῦ
3192 5286 3620 5362 καταλιπόντος,
3682 5282 3760 5336 καὶ

2118 5378 2202 5434 ἐπὶ
2258 5391 2485 5455 καρποῖς
2541 5380 2630 5446 κηὶ
2677 5377 2952 5456 προσόδοις
3009 5379 3097 5434 καὶ
3143 5377 3289 5452 πάσῃ
3335 5375 3550 5449 νομίμῳ
3601 5374 3760 5427 ἔπαυ-

2118 5466 2295 5541 ξήσει,
2345 5470 2432 5524 καὶ
2491 5467 2588 5524 οὔκ
2640 5467 2929 5524 ἀντίκειται
2974 5472 3041 5543 τῇ
3099 5466 3290 5545 ἀγωγῇ
3350 5464 3546 5544 χρονία
3593 5481 3760 5536 παρα-

2119 5558 2326 5638 γραψίο
2371 5558 2490 5614 κατ’
2550 5559 2794 5614 ἐνιαυτὸν
2843 5559 2943 5635 γὰρ
2987 5559 3243 5614 τίκτεται.
3305 5562 3390 5628 Τῷ
3447 5553 3632 5628 μέντοι
3674 5549 3758 5638 δεῇ

2120 5636 2335 5712 δωκότι.
2379 5649 2440 5705 τὸ
2475 5648 2715 5730 χρυσίον,
2752 5647 3026 5705 δπόκειται
3083 5648 3112 5704 6
3142 5642 3418 5704 συλλαϐὼν
3449 5641 3582 5700 αὐτὸ
3632 5636 3758 5719 μετᾶ
