4004 6230
405 312 522 379 575
534 354 547 364 --

1598 315 1870 380 PHOTII
1916 311 2440 378 PATRIARCHIE
2482 315 2598 379 GP.

3551 273 3558 280 ’
3611 310 3702 378 576

403 454 566 508 runt.
599 445 663 510 Si
693 453 894 512 autem
944 448 1225 514 monachi
1255 455 1356 513 aut
1386 452 1654 514 ascelrim
1685 450 2039 513 monasteria

2132 451 2423 530 πράγματα
2478 451 2618 527 μετὰ
2666 456 2774 509 τῶν
2807 448 2988 509 ἄλλων
3049 448 3375 530 πραγμάτων
3429 461 3534 512 τοῖς
3573 471 3712 514 μονα-

408 535 712 614 deserant,
746 539 1082 603 istiusmodi
1111 559 1214 604 res
1239 559 1376 603 cum
1409 540 1544 603 aliis
1575 541 1844 621 ipsorum
1878 539 2051 604 bonis

401 625 477 688 ad
510 633 871 691 monasteria
897 631 1227 711 pertinere.
1259 633 1321 694 Si
1354 639 1551 693 tamen
1585 629 1659 692 ad
1690 629 2054 710 redemptio-

404 734 542 777 nem
575 718 943 795 captivorum
971 729 1074 782 aut
1100 724 1132 783 ι
1151 724 1235 782 i7
1259 719 1688 783 exbibitionem
1722 738 2050 801 pauperum

403 804 704 885 praedictis
780 809 1228 873 conditionibus
1289 809 1628 872 substitutio
1701 809 1825 886 fiat,
1887 809 2050 872 nullo

400 894 825 975 praedictorum
860 899 1172 962 modorum
1212 900 1422 981 [hanc]
1455 898 1715 962 excludi.

481 983 636 1047 Dicit
671 1005 847 1066 porro
878 990 932 1064 1,
959 1008 1152 1067 eaque
1177 990 1354 1052 uuica
1374 997 1567 1055 const.
1600 991 1688 1052 tit.
1718 989 1933 1066 48,lib.
1964 1007 2047 1067 v1,

402 1074 538 1138 cod.
555 1075 751 1139 valere
778 1079 937 1160 quod
959 1080 1325 1162 relinquitur
1351 1079 1515 1142 licito
1541 1079 1844 1161 [cuipiam]
1869 1079 2050 1142 colle-

403 1166 496 1241 gio
519 1174 620 1226 aut
643 1169 1152 1248 corpori,clericis
1169 1169 1412 1249 collegis
1437 1178 1707 1250 puta,aut
1725 1171 1928 1246 curiae,
1951 1177 2051 1234 aut

402 1253 633 1316 cohorti
658 1259 955 1337 praesulis,
981 1267 1083 1321 aut
1115 1259 1392 1339 medicis,
1418 1268 1517 1322 aut
1546 1259 1918 1332 doctoribus,
1951 1267 2053 1322 aut

401 1343 724 1421 advocatis,
753 1356 853 1408 aut
878 1349 1194 1430 militibus,
1221 1357 1322 1412 aut
1351 1349 1620 1430 ejusdem
1647 1349 1791 1410 artis
1813 1349 2050 1429 opifici-

402 1430 645 1509 bus,aut
666 1437 1102 1515 sacerdotibus,
1127 1447 1228 1501 aut
1247 1439 1506 1518 cuipiam
1529 1438 1652 1501 alii:
1673 1447 1733 1500 et
1761 1438 1945 1500 dividi
1968 1440 2051 1500 vi-

398 1520 562 1584 ritim
588 1542 656 1585 ex
681 1527 972 1606 mquo[iis]
990 1528 1091 1607 qui
1118 1536 1388 1608 tempore
1411 1528 1690 1589 mortisin
1707 1527 1842 1590 albo
1870 1547 2047 1610 repe-

400 1611 1058 1696 rianturzpraeterquam
1073 1617 1124 1678 si
1141 1626 1362 1680 certam
1388 1617 1772 1698 quantitatem
1800 1627 2049 1680 testator

400 1700 725 1782 unicuique
750 1705 1179 1782 attribuerit,et
1199 1707 1260 1769 in
1287 1708 1405 1769 ﬁne
1428 1707 1697 1788 ejusdem
1715 1717 1904 1769 const.
1928 1708 2047 1788 [di-

400 1790 795 1871 citur],quod,
825 1795 875 1855 si
899 1797 1088 1858 semel
1115 1807 1215 1859 aut
1233 1815 1456 1858 annum
1485 1798 1546 1858 in
1570 1797 1701 1879 pios
1728 1815 1872 1859 usus
1896 1797 2039 1860 reli-

2132 1795 2267 1861 άπαξ
2339 1796 2375 1863 ii
2451 1795 2666 1864 ἐτήσιον
2740 1796 3069 1872 καταλειφθῇ
3141 1793 3399 1868 εὐσεϐῶς,
3457 1792 3490 1858 ii
3558 1788 3734 1854 ἐκκλη-

400 1885 559 1940 ctum
587 1881 665 1942 sit
695 1882 978 1967 [aliquid]
998 1896 1098 1949 aut
1133 1886 1913 1965 ecclesiis,autxenonibus,
1947 1896 2047 1950 aut

398 1969 677 2048 ptochiis,
703 1983 805 2034 aut
834 1976 1284 2039 venerabilibus
1308 1976 1722 2052 domibus,aut
1741 1978 2044 2039 communi

397 2057 738 2130 clerico.aut
759 2064 833 2126 ad
860 2066 1227 2144 captivorum
1246 2065 2048 2146 redemptionem,[aut]ipsis

394 2151 882 2228 pauperibus,vel
913 2157 1180 2236 captivis,
1207 2159 1397 2218 valeat
1425 2155 1718 2220 defunctis
1749 2154 2040 2217 voluntas.

477 2239 671 2324 [Lib.]
696 2243 882 2305 lnslit.
901 2245 1164 2320 3,tit.27.
1192 2246 1533 2328 [habeturz]
1552 2245 1861 2308 Interdum
1889 2244 2045 2326 quod

399 2345 506 2407 per
534 2349 800 2395 errorem
821 2355 940 2396 non
965 2336 1255 2410 debitum,
1280 2337 1538 2399 solutum
1563 2333 2044 2416 est,nonrepeti-

404 2425 519 2493 tur,
545 2430 610 2482 ut
637 2421 699 2484 in
721 2423 820 2504 iis,
848 2445 983 2506 qum
1004 2427 1444 2488 venerabilibus
1477 2425 1754 2487 domibus
1776 2425 1866 2487 vel
1897 2426 2042 2487 reli-

396 2505 592 2584 gionis
616 2512 703 2572 vel
729 2505 962 2592 pietatis
983 2514 1197 2577 intuitu
1231 2515 1426 2594 legata
1445 2523 1604 2576 sunt.
1633 2515 1815 2595 [Lib.]
1845 2514 2037 2578 Instit.

395 2612 474 2670 Ix,
502 2596 700 2660 tit.16.
726 2601 893 2672 Quod
917 2603 1359 2666 venerabilibus
1385 2604 1530 2665 locis
1550 2603 1804 2682 legatum
1834 2611 1948 2684 est,
1968 2623 2039 2667 ex

395 2685 764 2751 lnficiatione
789 2692 1147 2771 duplicatur.
1171 2692 1324 2756 Dicit
1349 2699 1522 2755 etiam
1547 2703 1742 2754 const.
1767 2695 1827 2767 ᾗ,
1858 2694 1947 2756 tit.
1975 2693 2034 2768 2,

395 2777 946 2854 Novellarum,quod
969 2787 1014 2842 si
1031 2788 1130 2856 qui
1147 2789 1476 2858 cuicunque
1501 2785 1819 2842 venerabili
1842 2787 2036 2843 domui

395 2861 646 2927 ubilibet
667 2871 993 2933 constituta;
1009 2872 1444 2935 infructuosam
1466 2871 1910 2954 possessionem
1935 2871 2038 2934 do-

391 2961 677 3026 naverint,
703 2963 1062 3021 vendiderint
1085 2966 1272 3024 aliove
1295 2966 1465 3022 modo
1488 2966 2037 3036 suppeditarint.aut

393 3041 617 3122 [etiam]
637 3046 1123 3128 reliquerintzilla
1145 3050 1520 3130 publicorum
1547 3048 1903 3112 tributorum
1926 3069 2037 3110 no-

2133 542 2372 620 στηρίοις
2428 540 2689 622 διαφέρει’
2727 542 2771 596 εί
2815 539 2870 596 δὲ
2927 538 3023 597 Eni
3055 537 3327 617 ἀναῤῥύσει
3381 535 3712 619 αἰχμαλώτων,

2132 629 2168 698 ἢ
2227 635 2466 711 πτωχῶν
2524 629 2807 710 ἀποστροφῇ
2851 630 2952 686 ὑπὸ
2994 629 3089 695 τὰς
3147 628 3424 708 εἰρημένας
3469 625 3718 700 αἱρέσειςῆ

2133 721 2565 785 ὑποκατάστασις
2633 719 2881 797 γένηται,
2942 718 2994 784 ἐξ
3066 715 3277 782 οὐδενὸς
3322 721 3421 776 τῶν
3475 716 3720 797 εἰρημένων

2134 809 2480 867 ἀποκλείεται
2511 811 2746 890 τρόπων,

2216 989 2372 1066 Λέγει
2405 988 2459 1045 δὲ
2490 988 2576 1045 κα’
2621 990 2656 1056 ἡ
2694 994 2748 1045 α’
2781 990 2869 1046 καὶ
2923 990 3065 1064 μόνη
3095 986 3236 1048 διάτ.
3281 993 3376 1044 τοῦ
3415 983 3506 1062 μὴ’
3533 985 3623 1049 τίτ,
3649 991 3725 1042 τοό

2131 1081 2192 1154 ς’
2198 1077 2212 1100 ’
2255 1077 2402 1156 βιϐλ.
2435 1085 2530 1136 τοῦ
2578 1076 2710 1138 κώδ.
2746 1077 2827 1134 ὅτι
2861 1077 3082 1157 ἕῤῥωται
3121 1079 3182 1134 τὸ
3239 1075 3726 1152 καταλιμπανόμενον

2133 1173 2335 1244 θεμιτῷ
2371 1170 2695 1246 συστήματι,
2731 1169 2768 1236 ἣ
2811 1171 3123 1243 σωματείῳ,
3170 1168 3292 1225 οἷον
3323 1165 3676 1245 συγκλητικῆς,
3699 1163 3728 1228 ἣ

2133 1257 2301 1335 βο.)λῇ
2349 1260 2385 1327 ᾖ
2426 1257 2569 1324 τάξει
2630 1257 2919 1338 ἄρχοντος,
2983 1257 3018 1323 ἢ
3068 1259 3274 1334 ίατροτς
3319 1257 3355 1324 ἢ
3410 1253 3727 1326 διδασκάλοις,

2130 1349 2166 1415 ἦ
2197 1348 2538 1425 συνηγόροις,
2572 1346 2608 1416 ἢ
2642 1347 3022 1425 στρατιώταις,
3057 1348 3091 1415 ii
3141 1346 3488 1426 ὁμοτέχνοις,
3527 1344 3558 1406 ἢ
3583 1345 3729 1417 ίερεῦ-

2134 1459 2240 1516 σιν,
2274 1438 2308 1505 ἢ
2369 1436 2530 1514 ἑτέρῳ
2573 1439 2696 1510 τινί’
2746 1439 2836 1493 καὶ
2864 1437 3167 1513 μερίζονται
3226 1437 3366 1492 κατὰ
3394 1434 3653 1512 πρόσωπον
3688 1428 3731 1495 ἐξ

2129 1525 2254 1582 ἴσου
2309 1529 2355 1582 oi
2389 1525 2441 1583 ἐν
2495 1534 2570 1600 τῷ
2613 1533 2784 1603 καιρῶ
2840 1526 2936 1594 τῆς
2967 1524 3221 1592 τελευτῆς
3281 1525 3334 1580 ἐν
3377 1531 3451 1598 τῷ
3482 1520 3730 1598 καταλόγῳ

2130 1618 2524 1696 εὑρισκόμενοι,
2557 1618 2601 1671 εἰ
2659 1617 2736 1691 μὴ
2765 1616 2928 1694 ῥητὸν
2957 1617 3128 1672 ποσὸν
3159 1618 3186 1671 ὁ
3228 1613 3523 1689 διαθέμενος
3553 1610 3730 1680 ἑκάστῳ

2130 1707 2318 1784 ὁρίσει⁶
2352 1707 2440 1762 καὶ
2478 1705 2533 1762 ἐν
2565 1712 2642 1780 τῷ
2685 1705 2823 1761 τέλει
2856 1705 2954 1772 τῆς
2984 1707 3153 1771 αὐτῆς
3194 1703 3334 1764 διατ.
3382 1703 3460 1760 ὅτι
3488 1703 3569 1764 ἑὰς
3599 1719 3735 1778 προσ-

2129 1887 2290 1960 σίαις,
2325 1885 2362 1953 ii
2406 1883 2649 1958 ξενῶσιν,
2683 1883 2719 1950 ἦ
2772 1886 3094 1963 πτωχείοις,
3126 1883 3162 1951 ἢ
3207 1882 3451 1961 εὖαγέσιν
3503 1875 3736 1952 οῗκοις,ἣ

2126 1981 2291 2047 κοινῷ
2335 1973 2543 2052 κληρῳ,
2605 1973 2641 2041 ἢ
2687 1974 2762 2036 εἷς
2828 1971 3198 2051 αἰχμαλωτων
3256 1971 3432 2044 λύσιν,
3491 1969 3526 2037 ἢ
3576 1967 3736 2028 αὺτοῖς

2126 2077 2244 2125 τοϊς
2283 2076 2535 2142 πτωχοῖς
2566 2063 2601 2130 ἢ
2657 2062 2777 2125 τὸϊς
2810 2063 3182 2141 αἰχμαλωτοις
3233 2074 3424 2140 κρατεῖ
3475 2059 3512 2125 ἦ
3539 2065 3622 2115 τοῦ
3659 2076 3739 2112 τε·

2127 2153 2487 2223 λευτήσαντος
2532 2151 2814 2229 βούλησις.

2207 2241 2669 2301 Ἰνστιτουτιώνων
2727 2240 2780 2320 γ’
2836 2243 2938 2302 τίτ.
3016 2243 3123 2314 κζ’,
3181 2241 3325 2297 ἔστιν
3371 2239 3459 2298 ὅτε
3501 2240 3558 2295 τὸ
3621 2232 3741 2293 κατὰ

2127 2331 2338 2400 πλάνην
2393 2329 2650 2388 ἶνδέϐιτον
2721 2329 3020 2406 διδόμενον,
3081 2336 3142 2390 οὔ
3214 2329 3623 2408 ῥεπετιτεύεται,
3679 2324 3741 2384 ὡς

2127 2420 2211 2476 ἐπὶ
2293 2427 2400 2480 τῶν
2471 2420 2916 2498 ληγατευομένων
2999 2422 3242 2500 εὖαγέσιν
3325 2421 3502 2482 οἴκοις
3580 2413 3742 2474 σκοπῶ

2124 2510 2405 2588 θρησκείας
2449 2510 2484 2578 ἢ
2515 2507 2807 2571 εὐσεϐείας⁶
2840 2510 3286 2567 ἰνστιτουτιῶνων
3335 2508 3382 2564 δ’
3431 2509 3533 2566 τίτ.
3579 2503 3666 2579 ις’
3693 2503 3742 2556 τὸ

2122 2599 2554 2676 ληγατευόμενον
2615 2599 2826 2677 sila-{sat
2871 2601 3054 2661 τόποις
3121 2599 3171 2664 ἐξ
3237 2600 3512 2677 ἀρνήσεως
3567 2592 3741 2650 διπλα-

2123 2691 2382 2759 σιάζεται.
2441 2690 2585 2756 Φησὶ
2637 2687 2692 2744 δὲ
2751 2689 2840 2744 καὶ
2888 2692 2922 2757 ἡ
2979 2689 3030 2766 β’
3064 2687 3203 2751 διάτ,
3264 2692 3360 2744 τοῦ
3401 2688 3454 2766 β’
3513 2687 3611 2743 τίτ,
3653 2687 3743 2739 τῶν

2121 2781 2339 2856 Νεαρών
2398 2780 2471 2842 ὡς
2532 2778 2620 2834 ἐάν
2677 2800 2816 2844 τινες
2880 2777 3176 2852 οίῳδήποτε
3221 2782 3518 2835 καθεστῶτι
3572 2776 3744 2850 ἄπορον

2120 2874 2310 2935 κτῆσιν
2375 2866 2744 2947 δωρήσωνται,
2793 2869 2827 2934 ii
2892 2867 3244 2946 πωλήσωσιν,
3371 2867 3535 2944 ἑτέρῳ
3589 2863 3748 2940 τρόπῳ

2121 2958 2499 3038 παράσχωσιν,
2535 2957 2571 3024 ii
2627 2956 2985 3030 καταλίπωσι,
3019 2959 3098 3031 μὴ
3157 2957 3496 3032 βλάπτεσθαι
3528 2956 3614 3010 τὸν
3665 2971 3750 3005 σε·

2120 3045 2350 3121 ϐάσμιον
2381 3046 2561 3116 οἶκον,
2609 3047 2646 3115 ἢ
2678 3045 2918 3122 δημοσίῳ
2963 3048 3210 3121 ὀνόματι,
3242 3047 3277 3113 ἦ
3329 3045 3505 3112 ἄλλης
3563 3044 3750 3100 οίασοῦν
3833 3067 3839 3074 ~

391 3137 550 3192 mine
573 3152 688 3196 non
715 3141 1246 3215 oblzedatur.neque
1275 3159 1620 3217 quacunque
1643 3144 1748 3200 alia
1773 3143 1842 3200 de
1863 3159 2034 3200 causa

2132 3137 2284 3216 χάριν
2329 3136 2494 3202 αἰτίας
2537 3137 2874 3212 βαρύνεσθαιο
2923 3134 3061 3192 ἀλλὰ
3103 3136 3246 3192 ἅπαν
3289 3137 3538 3192 τοιοῦτον
3586 3130 3750 3209 βάρος,

391 3233 833 3298 praegravetur:
871 3227 974 3289 sed
1025 3247 1204 3291 omne
1236 3229 1575 3291 istiusmodi
1606 3246 1922 3308 gravamen
1978 3228 2038 3290 in

395 3326 498 3400 eos
527 3312 628 3392 qui
678 3314 995 3392 dederunt,
1030 3336 1357 3400 earumque
1387 3318 1656 3380 bzeredes
1684 3317 1987 3379 redundet
2020 3339 2035 3399 ;

393 3398 639 3482 [quippe
658 3403 759 3485 qui
784 3414 841 3467 et
863 3406 1026 3469 datas
1053 3398 1466 3489 posses—siones
1480 3409 1846 3488 recipere,et
1861 3398 2039 3468 omne

389 3488 672 3554 damnum
734 3495 891 3576 quod
923 3488 1246 3560 venerabili
1278 3498 1482 3560 domui
1515 3496 1842 3572 obvenerit,
1881 3515 2036 3576 prae-

391 3586 550 3669 state
597 3593 903 3662 cogantur.
941 3585 1108 3660 Quod
1160 3588 1366 3669 [item]
1417 3595 1463 3650 si
1497 3588 1651 3650 forte
1695 3587 1831 3648 dolo
1883 3588 2035 3647 malo

389 3667 588 3749 aliquo
622 3692 731 3751 pro
760 3674 1098 3740 istiusmodi
1141 3667 1531 3740 infruciuosis
1560 3676 1832 3740 nonnihil
1865 3695 1898 3737 a
1929 3693 2036 3737 ve-

390 3761 750 3850 nerabilium
776 3765 1059 3828 domuum
1086 3767 1652 3850 [dispensatoribus]
1683 3767 1813 3828 I18
1830 3767 2032 3829 datum

387 3848 565 3912 fuerit
595 3871 610 3912 :
647 3853 700 3913 id
735 3854 891 3934 quod
924 3848 1122 3917 datum
1157 3867 1270 3932 est,
1307 3848 1664 3918 venerabilis
1697 3857 1910 3918 domus
1938 3856 2035 3916 lu-

391 3948 612 4013 eretur,
642 3952 699 4004 et
729 3962 826 4004 res
880 3945 1265 4008 infructuosa;
1323 3947 1377 4007 ei
1407 3947 1506 4026 qui
1559 3946 1748 4019 dedit,
1782 3948 2037 4024 ejusque

389 4027 730 4094 hazredihus
764 4034 1398 4098 restituantur.Const.
1434 4044 1632 4097 autem
1677 4037 1732 4114 i,
1765 4034 2034 4114 ejusdem

389 4117 479 4178 tit.
533 4119 634 4179 ait.
674 4121 856 4202 quod,
891 4123 991 4202 qui
1049 4141 1398 4185 teconomus
1447 4124 1888 4204 [religiosarum
1924 4123 2033 4183 do-

390 4209 653 4288 muum],
687 4211 1028 4289 praefactus,
1054 4212 1466 4286 xenodochus,
1502 4231 1884 4287 nosocomus,
1913 4222 2037 4292 pto-

387 4293 772 4375 cbotrophus,
832 4300 1379 4380 orphanotrophus,
1441 4311 1542 4364 aut
1575 4311 2038 4381 geront-momus

2122 3227 2192 3291 είς
2249 3226 2372 3289 τοὺς
2445 3223 2744 3290 δεδωκότας
2817 3227 2907 3282 καὶ
2977 3226 3099 3290 τοὺς
3167 3224 3344 3281 αὗτῶν
3408 3222 3754 3302 κληρονόμους

2123 3316 2420 3386 επανιέναι,
2453 3313 2917 3390 ἂναγγαζομένους
2971 3316 3056 3371 καὶ
3112 3315 3206 3377 τὰς
3261 3312 3504 3377 δοθείσας
3559 3312 3754 3380 κτήσεις

2122 3403 2438 3482 ἀναλαϐεῖν,
2498 3406 2586 3460 καὶ
2669 3410 2845 3461 πᾶσαν
2914 3405 3112 3478 ζημίαν
3197 3401 3632 3483 προσγενομένην
3697 3401 3757 3468 τῷ

2123 3497 2311 3571 εὖαγεϊ
2354 3493 2492 3567 οἴκῳ
2527 3493 2913 3566 ἀποκαθιστᾷν.
2965 3495 3023 3550 Εἰ
3068 3491 3122 3548 δὲ
3153 3494 3225 3556 ὡς
3285 3493 3435 3558 εἰκὸς
3469 3491 3604 3547 κατὰ
3654 3506 3757 3543 τινα

2120 3581 2298 3656 δόλον,
2343 3583 2433 3638 καί
2485 3605 2602 3638 τινα
2656 3581 2789 3658 ὑπὲρ
2861 3587 2971 3638 τῶν
3028 3583 3284 3639 τοιούτων
3338 3582 3561 3658 ἀπόρων
3617 3577 3754 3640 ἐδόθη

2120 3684 2234 3733 νοϊς
2283 3671 2526 3748 εὑαγὲσιν
2576 3670 2776 3743 οἴκοις,
2812 3673 2876 3727 τὰ
2920 3671 3018 3746 μὲν
3069 3669 3288 3728 δοθέντα
3330 3673 3429 3728 τὸν
3482 3669 3755 3742 σεϐάσμιον

2117 3762 2274 3819 οἷκον
2333 3760 2754 3840 ἀποκερδαίνειν·
2791 3763 2856 3818 τὰ
2911 3761 2964 3818 δὲ
2997 3761 3171 3842 ἄπορα
3229 3763 3526 3839 πράγματα
3573 3764 3646 3832 τῷ
3672 3755 3753 3810 δε·

2119 3851 2311 3907 δωκότι
2370 3854 2466 3906 καὶ
2499 3864 2617 3916 τοῖς
2670 3851 2830 3908 αὐτοῦ
2860 3851 3221 3928 κληρονόμοις
3279 3851 3752 3908 ἀποκαθίστασθαι’

2118 3943 2153 4008 ἡ
2203 3938 2257 3996 δὲ
2289 3940 2342 3996 α’
2395 3938 2533 4002 διάτ,
2569 3947 2661 3996 τοῦ
2692 3945 2852 3999 αὖτοῦ
2907 3941 3008 4000 τίτ.
3043 3943 3226 4020 φησὶν,
3261 3939 3342 3996 ὅτι
3375 3943 3403 3997 ὃ
3453 3937 3686 3996 τοιοῦτόν
3713 3956 3755 3988 τι

2118 4029 2314 4108 πράξας
2372 4030 2679 4105 οἰκονόμος,
2713 4029 2746 4097 ἢ
2797 4031 3116 4108 ἡγούμενος,
3152 4030 3186 4098 ἢ
3244 4027 3563 4109 Εενοδόχος,
3596 4026 3630 4093 ἦ
3673 4046 3756 4080 νο·

2119 4121 2378 4193 σοκόμος,
2411 4119 2446 4184 ἢ
2505 4119 2918 4198 πτωχοτράρος,
2953 4121 2988 4185 ἦ
3031 4119 3454 4199 ὀρφανοτρόςρος,
3491 4120 3528 4185 ἦ
3582 4136 3758 4194 γερον-

2118 4211 2376 4285 τοκὸμος,
2467 4207 2680 4265 οἴκοθεν
2763 4215 2839 4282 τῷ
2921 4207 3172 4265 δεδωκότι
3270 4209 3592 4286 θεραπεύσει
3670 4203 3759 4270 τὴν

2120 4296 2354 4354 ἒντεῦθεν
2385 4292 2529 4370 αὒτῷ
2559 4297 2836 4372 συμϐᾶσαν
2867 4299 3090 4371 ζημίαν,

391 4382 504 4472 tale
534 4385 836 4466 quippiam
872 4389 1084 4452 fecerit
1116 4408 1128 4453 :
1173 4391 1248 4452 de
1280 4409 1384 4451 suo
1417 4397 1471 4452 ei
1503 4393 1604 4472 qui
1635 4391 1801 4454 dedit
1830 4390 1986 4472 quod
2023 4386 2107 4451 illi
2135 4385 2293 4447 unde
2323 4385 2606 4447 damnum
2637 4385 2969 4460 obvenerit,
3003 4385 3317 4450 resarciat.

469 4471 630 4535 CAP.
664 4474 739 4539 ΙΙ.
775 4513 854 4522 -
885 4479 968 4542 De
997 4482 1191 4542 sacris
1219 4485 1384 4543 vasis
1418 4488 1476 4544 et
1506 4471 1808 4545 donariis.

808 4647 1231 4728 Apostolorum
1263 4669 1461 4714 canon-
1489 4651 1589 4714 73.

466 4739 682 4826 73I72]
715 4741 830 4807 Vas
862 4764 1134 4824 aureum,
1168 4745 1261 4807 vel
1305 4755 1678 4823 argenteum,
1707 4746 1795 4806 vel
1829 4745 2022 4808 velum

383 4833 815 4896 sanctiﬁcatum
852 4853 1027 4898 nemo
1069 4835 1330 4915 amplius
1360 4835 1420 4895 in
1457 4852 1631 4894 suum
1669 4853 1838 4895 usum
1873 4853 2022 4897 con-

381 4931 610 5001 vertat;
645 4925 758 4987 hoc
783 4926 845 4986 ﬁt
875 4927 1032 4988 enim
1068 4926 1409 5008 praeterjus
1437 4932 1494 4986 et
1517 4932 1724 4986 contra
1754 4925 1937 5003 leges.
1960 4924 2024 4989 Si

383 5011 518 5089 quis
550 5022 746 5075 autem
781 5015 1196 5096 deprehensus
1225 5013 1423 5088 fuerit,
1459 5014 1765 5077 multetur.

381 5115 675 5194 Synodus
693 5120 760 5180 in
785 5120 1002 5199 templo
1020 5122 1128 5186 SS.
1145 5119 1555 5202 apostolorum
1579 5119 1656 5180 ha
1665 5118 2024 5202 bitgprima

564 5208 624 5261 ει
653 5203 919 5264 secunda
950 5198 1327 5284 nuncupata,
1359 5217 1618 5263 canones
1651 5201 1710 5275 1,
1743 5198 1841 5264 10⁷.

461 5371 516 5427 i.
553 5366 669 5429 Res
695 5367 842 5430 adeo
865 5371 1292 5445 veneranda,et
1310 5367 1706 5444 honorabilis,
1729 5376 1786 5430 et
1810 5387 1842 5430 a
1873 5367 2019 5431 bea-

2057 4487 2098 4536 D
2202 4483 2450 4537 ΚΕΦΑΛ.
2510 4475 2592 4539 Β’,
2643 4509 2722 4520 -
2774 4479 2896 4556 Περὶ
2939 4479 3092 4556 ἱερῶν
3149 4484 3351 4534 σκενῶν
3409 4477 3504 4533 καὶ
3561 4477 3758 4540 ἀναθη-

2110 4566 2317 4640 μάτων,

2577 4655 2834 4715 Ἀποστόλ
2849 4680 2922 4714 ων
2951 4660 3128 4715 κανὼν
3172 4656 3279 4736 ογ’.

2187 4746 2296 4824 ογ’.
2319 4754 2517 4811 Σκεῦος
2549 4769 2778 4828 χρυσουν
2810 4751 2846 4815 ἦ
2872 4748 3129 4826 ἀργυροῦν
3159 4747 3446 4824 ἁγιασθὲν,
3478 4748 3518 4814 ἦ
3547 4745 3751 4811 ὀθόνην,

2107 4836 2293 4911 μηδεὶς
2353 4835 2430 4893 ἔτι
2488 4838 2558 4898 είς
2623 4837 2818 4893 οἰκείαν
2869 4836 3067 4916 χρῆσιν
3113 4836 3527 4915 σφετεριζέσθω·
3584 4832 3757 4910 παρά·

2107 4949 2271 5002 μονον
2328 4926 2448 5004 γάρ·
2524 4927 2569 4981 εί
2625 4924 2679 4982 δέ
2735 4949 2817 4991 τις
2887 4928 3176 5005 φωραθείη,
3236 4927 3579 5000 ἐπιτιμάσθω
3649 4922 3753 5000 ἀφ-

2107 5021 2333 5093 ορισμῷ.

2190 5102 2414 5161 Συνόδου
2465 5106 2518 5160 α’
2575 5106 2672 5162 καί
2730 5103 2783 5182 β’
2837 5107 3291 5183 συγκροτηθείσης
3347 5106 3402 5162 ἐν
3463 5115 3756 5162 Κωνσταν-

2109 5191 2416 5252 τινουπολει
2464 5193 2515 5251 ἐν
2573 5199 2650 5267 τῷ
2701 5201 2842 5269 ναοῴ
2901 5186 3093 5273 Ἃγίων
3152 5193 3533 5270 ’Λποστόλων,
3585 5191 3760 5251 κανὼν

2108 5284 2161 5340 α’
2196 5283 2286 5338 καί
2322 5279 2384 5346 ι’,

2185 5375 2258 5434 α’.
2306 5378 2532 5450 Πρᾶγμα
2563 5374 2757 5448 σεμνὸν
2802 5372 2942 5429 οὕτω
2996 5375 3082 5431 καὶ
3125 5373 3322 5449 τίμιον,
3369 5375 3621 5435 καὶτοῖς
3653 5392 3763 5443 μα-

382 5455 544 5532 tis,et
561 5460 782 5520 sanctis
805 5458 1076 5520 Patribus
1103 5458 1458 5537 nostrisjam
1482 5457 1623 5517 olim
1652 5457 1898 5538 pulchre
1915 5478 2020 5521 ex-

2137 5463 2302 5538 αρίοις
2375 5463 2462 5517 καὶ
2536 5463 2701 5525 ὁσίοις
2771 5462 3039 5541 Πατράσιν
3103 5465 3260 5537 ἡμῶν
3331 5460 3508 5518 πάλαι
3590 5461 3763 5522 καλῶς

381 5553 652 5632 cogitata,
704 5549 1198 5624 monasteriorum
1256 5549 1585 5622 aedificatio,
1635 5547 1812 5610 hodie
1865 5555 2016 5616 male

2132 5551 2400 5627 πινοηθὲν,
2458 5553 2490 5620 ἦ
2545 5556 2652 5607 τῶν
2722 5553 3090 5636 μοναστηρίων
3149 5549 3518 5633 ἀνοικοδομῆ,
3583 5555 3762 5612 κακῶς
