  <div class='ocr_page' id='page_1' title='image "/cluster/home/n/w/nwhite01/storage/ocr_20150623/104/hvd.32044073502163/309.png"; bbox 0 0 4148 6198; ppageno 0'>
   <div class='ocr_carea' id='block_1_1' title="bbox 505 295 626 369">
    <p class='ocr_par' dir='ltr' id='par_1_1' title="bbox 505 295 626 369">
     <span class='ocr_line' id='line_1_1' title="bbox 505 295 626 369; baseline -0.025 0"><span class='ocrx_word' id='word_1_1' title='bbox 505 295 626 369; x_wconf 82' lang='grc'><strong>579</strong></span> 
     </span>
    </p>
   </div>
   <div class='ocr_carea' id='block_1_2' title="bbox 1698 279 2684 352">
    <p class='ocr_par' dir='ltr' id='par_1_2' title="bbox 1698 279 2684 352">
     <span class='ocr_line' id='line_1_2' title="bbox 1698 279 2684 352; baseline -0.006 -2"><span class='ocrx_word' id='word_1_2' title='bbox 1698 286 1963 352; x_wconf 89' lang='lat' dir='ltr'><strong>PHOTIl</strong></span> <span class='ocrx_word' id='word_1_3' title='bbox 2008 279 2529 349; x_wconf 77' lang='lat' dir='ltr'><strong>PATRIARCH/E</strong></span> <span class='ocrx_word' id='word_1_4' title='bbox 2570 281 2684 345; x_wconf 84' lang='lat' dir='ltr'><strong>GP.</strong></span> 
     </span>
    </p>
   </div>
   <div class='ocr_carea' id='block_1_3' title="bbox 3751 265 3862 337">
    <p class='ocr_par' dir='ltr' id='par_1_3' title="bbox 3751 265 3862 337">
     <span class='ocr_line' id='line_1_3' title="bbox 3751 265 3862 337; baseline 0.018 -2"><span class='ocrx_word' id='word_1_5' title='bbox 3751 265 3862 337; x_wconf 84' lang='grc'><strong>580</strong></span> 
     </span>
    </p>
   </div>
   <div class='ocr_carea' id='block_1_4' title="bbox 506 403 2171 514">
    <p class='ocr_par' dir='ltr' id='par_1_4' title="bbox 506 418 2171 514">
     <span class='ocr_line' id='line_1_4' title="bbox 506 418 2171 514; baseline -0.017 -12"><span class='ocrx_word' id='word_1_6' title='bbox 506 438 869 512; x_wconf 91' lang='lat' dir='ltr'><strong>terium,suo</strong></span> <span class='ocrx_word' id='word_1_7' title='bbox 892 428 1136 514; x_wconf 87' lang='lat' dir='ltr'><strong>quidem</strong></span> <span class='ocrx_word' id='word_1_8' title='bbox 1159 435 1322 491; x_wconf 91' lang='lat' dir='ltr'><strong>certe</strong></span> <span class='ocrx_word' id='word_1_9' title='bbox 1337 423 1594 507; x_wconf 91' lang='lat' dir='ltr'><strong>judicio,</strong></span> <span class='ocrx_word' id='word_1_10' title='bbox 1621 421 2000 485; x_wconf 84' lang='lat' dir='ltr'><strong>venerabiles</strong></span> <span class='ocrx_word' id='word_1_11' title='bbox 2021 418 2171 480; x_wconf 29' lang='lat' dir='ltr'><strong>dis-.</strong></span> 
     </span>
    </p>
   </div>
   <div class='ocr_carea' id='block_1_5' title="bbox 2251 403 3869 514">
    <p class='ocr_par' dir='ltr' id='par_1_5' title="bbox 2251 403 3869 494">
     <span class='ocr_line' id='line_1_5' title="bbox 2251 403 3869 494; baseline -0.007 -22"><span class='ocrx_word' id='word_1_12' title='bbox 2251 417 2425 494; x_wconf 79' lang='grc' dir='ltr'>ιρίσει,</span> <span class='ocrx_word' id='word_1_13' title='bbox 2458 416 2583 477; x_wconf 70' lang='grc' dir='ltr'>τοζις</span> <span class='ocrx_word' id='word_1_14' title='bbox 2628 409 2949 487; x_wconf 82' lang='grc' dir='ltr'>σεϐασμίους</span> <span class='ocrx_word' id='word_1_15' title='bbox 3009 403 3218 470; x_wconf 68' lang='grc' dir='ltr'>δίσκοος</span> <span class='ocrx_word' id='word_1_16' title='bbox 3369 407 3436 464; x_wconf 76' lang='grc' dir='ltr'><strong>τὰ</strong></span> <span class='ocrx_word' id='word_1_17' title='bbox 3481 406 3595 484; x_wconf 77' lang='grc' dir='ltr'>ἱερᾶ</span> <span class='ocrx_word' id='word_1_18' title='bbox 3649 406 3869 481; x_wconf 73' lang='grc' dir='ltr'>ποτήρια</span> 
     </span>
    </p>
   </div>
   <div class='ocr_carea' id='block_1_6' title="bbox 509 509 2149 598">
    <p class='ocr_par' dir='ltr' id='par_1_6' title="bbox 509 509 2149 598">
     <span class='ocr_line' id='line_1_6' title="bbox 509 509 2149 598; baseline -0.015 -6"><span class='ocrx_word' id='word_1_19' title='bbox 509 537 610 592; x_wconf 75' lang='lat' dir='ltr'><strong>cus</strong></span> <span class='ocrx_word' id='word_1_20' title='bbox 634 537 692 590; x_wconf 91' lang='lat' dir='ltr'><strong>et</strong></span> <span class='ocrx_word' id='word_1_21' title='bbox 723 509 926 588; x_wconf 78' lang='lat' dir='ltr'><strong>sacros</strong></span> <span class='ocrx_word' id='word_1_22' title='bbox 958 521 1176 584; x_wconf 83' lang='lat' dir='ltr'><strong>calices</strong></span> <span class='ocrx_word' id='word_1_23' title='bbox 1206 519 1545 598; x_wconf 87' lang='lat' dir='ltr'><strong>inquinant,</strong></span> <span class='ocrx_word' id='word_1_24' title='bbox 1572 509 2149 593; x_wconf 84' lang='lat' dir='ltr'><strong>deponendosjudi-</strong></span> 
     </span>
    </p>
   </div>
   <div class='ocr_carea' id='block_1_7' title="bbox 509 597 2155 691">
    <p class='ocr_par' dir='ltr' id='par_1_7' title="bbox 509 597 2155 691">
     <span class='ocr_line' id='line_1_7' title="bbox 509 597 2155 691; baseline -0.014 -11"><span class='ocrx_word' id='word_1_25' title='bbox 509 627 669 690; x_wconf 88' lang='lat' dir='ltr'><strong>cant,</strong></span> <span class='ocrx_word' id='word_1_26' title='bbox 704 633 848 685; x_wconf 90' lang='lat' dir='ltr'><strong>non,</strong></span> <span class='ocrx_word' id='word_1_27' title='bbox 883 609 1152 691; x_wconf 78' lang='lat' dir='ltr'><strong>quamvis</strong></span> <span class='ocrx_word' id='word_1_28' title='bbox 1182 607 1260 668; x_wconf 91' lang='lat' dir='ltr'><strong>sit</strong></span> <span class='ocrx_word' id='word_1_29' title='bbox 1289 597 1562 686; x_wconf 83' lang='lat' dir='ltr'><strong>apertum</strong></span> <span class='ocrx_word' id='word_1_30' title='bbox 1598 600 1927 691; x_wconf 74' lang='lat' dir='ltr'><strong>piaculum,</strong></span> <span class='ocrx_word' id='word_1_31' title='bbox 1959 607 2017 659; x_wconf 90' lang='lat' dir='ltr'><strong>et</strong></span> <span class='ocrx_word' id='word_1_32' title='bbox 2037 597 2155 658; x_wconf 88' lang='lat' dir='ltr'><strong>cla-</strong></span> 
     </span>
    </p>
   </div>
   <div class='ocr_carea' id='block_1_8' title="bbox 507 688 2153 783">
    <p class='ocr_par' dir='ltr' id='par_1_8' title="bbox 507 688 2153 783">
     <span class='ocr_line' id='line_1_8' title="bbox 507 688 2153 783; baseline -0.014 -14"><span class='ocrx_word' id='word_1_33' title='bbox 507 688 947 783; x_wconf 31' lang='lat' dir='ltr'><strong>rum_est,quo—d</strong></span> <span class='ocrx_word' id='word_1_34' title='bbox 970 699 1071 779; x_wconf 87' lang='lat' dir='ltr'><strong>qui</strong></span> <span class='ocrx_word' id='word_1_35' title='bbox 1091 699 1214 759; x_wconf 70' lang='lat' dir='ltr'><strong>haec</strong></span> <span class='ocrx_word' id='word_1_36' title='bbox 1235 696 1484 770; x_wconf 78' lang='lat' dir='ltr'><strong>faciunt,</strong></span> <span class='ocrx_word' id='word_1_37' title='bbox 1522 710 1640 754; x_wconf 91' lang='lat' dir='ltr'><strong>non</strong></span> <span class='ocrx_word' id='word_1_38' title='bbox 1664 690 1856 783; x_wconf 87' lang='lat' dir='ltr'><strong>solum</strong></span> <span class='ocrx_word' id='word_1_39' title='bbox 1879 689 1936 748; x_wconf 91' lang='lat' dir='ltr'><strong>in</strong></span> <span class='ocrx_word' id='word_1_40' title='bbox 1963 688 2153 767; x_wconf 92' lang='lat' dir='ltr'><strong>depo-</strong></span> 
     </span>
    </p>
   </div>
   <div class='ocr_carea' id='block_1_9' title="bbox 511 779 2155 865">
    <p class='ocr_par' dir='ltr' id='par_1_9' title="bbox 511 779 2155 865">
     <span class='ocr_line' id='line_1_9' title="bbox 511 779 2155 865; baseline -0.013 -7"><span class='ocrx_word' id='word_1_41' title='bbox 511 779 821 865; x_wconf 68' lang='lat' dir='ltr'><strong>sitionem,</strong></span> <span class='ocrx_word' id='word_1_42' title='bbox 845 798 949 851; x_wconf 84' lang='lat' dir='ltr'><strong>seu</strong></span> <span class='ocrx_word' id='word_1_43' title='bbox 977 791 1037 849; x_wconf 91' lang='lat' dir='ltr'><strong>in</strong></span> <span class='ocrx_word' id='word_1_44' title='bbox 1064 796 1347 850; x_wconf 63' lang='lat' dir='ltr'><strong>extremae</strong></span> <span class='ocrx_word' id='word_1_45' title='bbox 1366 783 1544 846; x_wconf 91' lang='lat' dir='ltr'><strong>etiam</strong></span> <span class='ocrx_word' id='word_1_46' title='bbox 1571 779 1893 861; x_wconf 74' lang='lat' dir='ltr'><strong>impietatis</strong></span> <span class='ocrx_word' id='word_1_47' title='bbox 1925 779 2155 840; x_wconf 85' lang='lat' dir='ltr'><strong>crimen</strong></span> 
     </span>
    </p>
   </div>
   <div class='ocr_carea' id='block_1_10' title="bbox 511 864 2158 951">
    <p class='ocr_par' dir='ltr' id='par_1_10' title="bbox 511 864 2158 951">
     <span class='ocr_line' id='line_1_10' title="bbox 511 864 2158 951; baseline -0.013 -4"><span class='ocrx_word' id='word_1_48' title='bbox 511 864 806 947; x_wconf 80' lang='lat' dir='ltr'><strong>incidunt.</strong></span> <span class='ocrx_word' id='word_1_49' title='bbox 834 879 905 942; x_wconf 91' lang='lat' dir='ltr'><strong>Et</strong></span> <span class='ocrx_word' id='word_1_50' title='bbox 936 878 1095 940; x_wconf 88' lang='lat' dir='ltr'><strong>idem</strong></span> <span class='ocrx_word' id='word_1_51' title='bbox 1131 877 1334 937; x_wconf 88' lang='lat' dir='ltr'><strong>statuit</strong></span> <span class='ocrx_word' id='word_1_52' title='bbox 1365 883 1569 935; x_wconf 88' lang='lat' dir='ltr'><strong>sancta</strong></span> <span class='ocrx_word' id='word_1_53' title='bbox 1598 869 1884 951; x_wconf 84' lang='lat' dir='ltr'><strong>synodus,</strong></span> <span class='ocrx_word' id='word_1_54' title='bbox 1920 886 2022 930; x_wconf 90' lang='lat' dir='ltr'><strong>eos</strong></span> <span class='ocrx_word' id='word_1_55' title='bbox 2053 864 2158 944; x_wconf 91' lang='lat' dir='ltr'><strong>qui</strong></span> 
     </span>
    </p>
   </div>
   <div class='ocr_carea' id='block_1_11' title="bbox 511 957 2152 1047">
    <p class='ocr_par' dir='ltr' id='par_1_11' title="bbox 511 957 2152 1047">
     <span class='ocr_line' id='line_1_11' title="bbox 511 957 2152 1047; baseline -0.014 -9"><span class='ocrx_word' id='word_1_56' title='bbox 511 975 784 1047; x_wconf 83' lang='lat' dir='ltr'><strong>calicem,</strong></span> <span class='ocrx_word' id='word_1_57' title='bbox 821 979 920 1032; x_wconf 87' lang='lat' dir='ltr'><strong>aut</strong></span> <span class='ocrx_word' id='word_1_58' title='bbox 951 967 1210 1044; x_wconf 83' lang='lat' dir='ltr'><strong>discum,</strong></span> <span class='ocrx_word' id='word_1_59' title='bbox 1244 973 1344 1026; x_wconf 89' lang='lat' dir='ltr'><strong>aut</strong></span> <span class='ocrx_word' id='word_1_60' title='bbox 1380 960 1768 1031; x_wconf 80' lang='lat' dir='ltr'><strong>fuscinulam,</strong></span> <span class='ocrx_word' id='word_1_61' title='bbox 1801 967 1902 1019; x_wconf 89' lang='lat' dir='ltr'><strong>aut</strong></span> <span class='ocrx_word' id='word_1_62' title='bbox 1928 957 2152 1029; x_wconf 88' lang='lat' dir='ltr'><strong>velum,</strong></span> 
     </span>
    </p>
   </div>
   <div class='ocr_carea' id='block_1_12' title="bbox 511 1053 2155 1135">
    <p class='ocr_par' dir='ltr' id='par_1_12' title="bbox 511 1053 2155 1135">
     <span class='ocr_line' id='line_1_12' title="bbox 511 1053 2155 1135; baseline -0.014 -9"><span class='ocrx_word' id='word_1_63' title='bbox 511 1075 612 1126; x_wconf 82' lang='lat' dir='ltr'><strong>aut</strong></span> <span class='ocrx_word' id='word_1_64' title='bbox 633 1080 821 1124; x_wconf 91' lang='lat' dir='ltr'><strong>unum</strong></span> <span class='ocrx_word' id='word_1_65' title='bbox 846 1056 1091 1135; x_wconf 85' lang='lat' dir='ltr'><strong>aliquod</strong></span> <span class='ocrx_word' id='word_1_66' title='bbox 1119 1057 1178 1116; x_wconf 92' lang='lat' dir='ltr'><strong>in</strong></span> <span class='ocrx_word' id='word_1_67' title='bbox 1200 1053 1370 1115; x_wconf 84' lang='lat' dir='ltr'><strong>altari</strong></span> <span class='ocrx_word' id='word_1_68' title='bbox 1395 1067 1700 1113; x_wconf 88' lang='lat' dir='ltr'><strong>sacrorum</strong></span> <span class='ocrx_word' id='word_1_69' title='bbox 1732 1054 1791 1109; x_wconf 86' lang='lat' dir='ltr'><strong>et</strong></span> <span class='ocrx_word' id='word_1_70' title='bbox 1813 1055 2155 1107; x_wconf 87' lang='lat' dir='ltr'><strong>sanctorum</strong></span> 
     </span>
    </p>
   </div>
   <div class='ocr_carea' id='block_1_13' title="bbox 516 1135 2155 1224">
    <p class='ocr_par' dir='ltr' id='par_1_13' title="bbox 516 1135 2155 1224">
     <span class='ocr_line' id='line_1_13' title="bbox 516 1135 2155 1224; baseline -0.013 -10"><span class='ocrx_word' id='word_1_71' title='bbox 516 1169 816 1224; x_wconf 83' lang='lat' dir='ltr'><strong>vasorum,</strong></span> <span class='ocrx_word' id='word_1_72' title='bbox 855 1147 946 1209; x_wconf 90' lang='lat' dir='ltr'><strong>vel</strong></span> <span class='ocrx_word' id='word_1_73' title='bbox 1002 1143 1516 1215; x_wconf 85' lang='lat' dir='ltr'><strong>vestimentorum,</strong></span> <span class='ocrx_word' id='word_1_74' title='bbox 1541 1139 1612 1200; x_wconf 89' lang='lat' dir='ltr'><strong>ad</strong></span> <span class='ocrx_word' id='word_1_75' title='bbox 1635 1135 1952 1218; x_wconf 86' lang='lat' dir='ltr'><strong>proprium</strong></span> <span class='ocrx_word' id='word_1_76' title='bbox 1983 1149 2155 1194; x_wconf 91' lang='lat' dir='ltr'><strong>usum</strong></span> 
     </span>
    </p>
   </div>
   <div class='ocr_carea' id='block_1_14' title="bbox 514 1221 2157 1322">
    <p class='ocr_par' dir='ltr' id='par_1_14' title="bbox 514 1221 2157 1322">
     <span class='ocr_line' id='line_1_14' title="bbox 514 1221 2157 1322; baseline -0.015 -17"><span class='ocrx_word' id='word_1_77' title='bbox 514 1241 778 1322; x_wconf 89' lang='lat' dir='ltr'><strong>capiunt,</strong></span> <span class='ocrx_word' id='word_1_78' title='bbox 803 1221 896 1298; x_wconf 79' lang='lat' dir='ltr'><strong>vel</strong></span> <span class='ocrx_word' id='word_1_79' title='bbox 930 1233 1004 1297; x_wconf 91' lang='lat' dir='ltr'><strong>ad</strong></span> <span class='ocrx_word' id='word_1_80' title='bbox 1029 1233 1342 1313; x_wconf 83' lang='lat' dir='ltr'><strong>profanum</strong></span> <span class='ocrx_word' id='word_1_81' title='bbox 1369 1248 1537 1290; x_wconf 88' lang='lat' dir='ltr'><strong>usum</strong></span> <span class='ocrx_word' id='word_1_82' title='bbox 1563 1231 1942 1294; x_wconf 83' lang='lat' dir='ltr'><strong>convertunt,</strong></span> <span class='ocrx_word' id='word_1_83' title='bbox 1975 1221 2157 1284; x_wconf 87' lang='lat' dir='ltr'><strong>abso-</strong></span> 
     </span>
    </p>
   </div>
   <div class='ocr_carea' id='block_1_15' title="bbox 513 1312 2151 1409">
    <p class='ocr_par' dir='ltr' id='par_1_15' title="bbox 513 1312 2151 1409">
     <span class='ocr_line' id='line_1_15' title="bbox 513 1312 2151 1409; baseline -0.013 -16"><span class='ocrx_word' id='word_1_84' title='bbox 513 1312 655 1393; x_wconf 65' lang='lat' dir='ltr'><strong>lutae</strong></span> <span class='ocrx_word' id='word_1_85' title='bbox 685 1324 1054 1409; x_wconf 89' lang='lat' dir='ltr'><strong>depositioni</strong></span> <span class='ocrx_word' id='word_1_86' title='bbox 1086 1319 1463 1402; x_wconf 70' lang='lat' dir='ltr'><strong>subjicilloc</strong></span> <span class='ocrx_word' id='word_1_87' title='bbox 1488 1317 1648 1409; x_wconf 83' lang='lat' dir='ltr'><strong>enim</strong></span> <span class='ocrx_word' id='word_1_88' title='bbox 1674 1323 1762 1376; x_wconf 91' lang='lat' dir='ltr'><strong>est</strong></span> <span class='ocrx_word' id='word_1_89' title='bbox 1795 1312 2106 1409; x_wconf 76' lang='lat' dir='ltr'><strong>profanare</strong></span> <span class='ocrx_word' id='word_1_90' title='bbox 2137 1327 2151 1372; x_wconf 93' lang='lat'>:</span> 
     </span>
    </p>
   </div>
   <div class='ocr_carea' id='block_1_16' title="bbox 514 1401 2161 1494">
    <p class='ocr_par' dir='ltr' id='par_1_16' title="bbox 514 1401 2161 1494">
     <span class='ocr_line' id='line_1_16' title="bbox 514 1401 2161 1494; baseline -0.014 -12"><span class='ocrx_word' id='word_1_91' title='bbox 514 1421 658 1482; x_wconf 89' lang='lat' dir='ltr'><strong>illud</strong></span> <span class='ocrx_word' id='word_1_92' title='bbox 688 1401 828 1480; x_wconf 73' lang='lat' dir='ltr'><strong>vero</strong></span> <span class='ocrx_word' id='word_1_93' title='bbox 860 1401 1332 1494; x_wconf 11' lang='lat' dir='ltr'><strong>surripere.iEos</strong></span> <span class='ocrx_word' id='word_1_94' title='bbox 1365 1407 1606 1490; x_wconf 90' lang='lat' dir='ltr'><strong>quidem</strong></span> <span class='ocrx_word' id='word_1_95' title='bbox 1645 1411 1836 1478; x_wconf 91' lang='lat' dir='ltr'><strong>certe,</strong></span> <span class='ocrx_word' id='word_1_96' title='bbox 1860 1401 1959 1482; x_wconf 90' lang='lat' dir='ltr'><strong>qui</strong></span> <span class='ocrx_word' id='word_1_97' title='bbox 1993 1408 2161 1462; x_wconf 84' lang='lat' dir='ltr'><strong>extra</strong></span> 
     </span>
    </p>
   </div>
   <div class='ocr_carea' id='block_1_17' title="bbox 515 1490 2159 1586">
    <p class='ocr_par' dir='ltr' id='par_1_17' title="bbox 515 1490 2159 1586">
     <span class='ocr_line' id='line_1_17' title="bbox 515 1490 2159 1586; baseline -0.014 -13"><span class='ocrx_word' id='word_1_98' title='bbox 515 1512 871 1583; x_wconf 87' lang='lat' dir='ltr'><strong>altare,vasa</strong></span> <span class='ocrx_word' id='word_1_99' title='bbox 901 1490 1168 1586; x_wconf 66' lang='lat' dir='ltr'><strong>quaedam</strong></span> <span class='ocrx_word' id='word_1_100' title='bbox 1201 1510 1535 1579; x_wconf 82' lang='lat' dir='ltr'><strong>segregata,</strong></span> <span class='ocrx_word' id='word_1_101' title='bbox 1570 1495 1660 1556; x_wconf 91' lang='lat' dir='ltr'><strong>vel</strong></span> <span class='ocrx_word' id='word_1_102' title='bbox 1694 1490 2036 1573; x_wconf 84' lang='lat' dir='ltr'><strong>vestes,sibi</strong></span> <span class='ocrx_word' id='word_1_103' title='bbox 2064 1490 2159 1550; x_wconf 86' lang='lat' dir='ltr'><strong>vel</strong></span> 
     </span>
    </p>
   </div>
   <div class='ocr_carea' id='block_1_18' title="bbox 516 1589 2160 1679">
    <p class='ocr_par' dir='ltr' id='par_1_18' title="bbox 516 1589 2160 1679">
     <span class='ocr_line' id='line_1_18' title="bbox 516 1589 2160 1679; baseline -0.013 -17"><span class='ocrx_word' id='word_1_104' title='bbox 516 1601 651 1662; x_wconf 89' lang='lat' dir='ltr'><strong>aliis</strong></span> <span class='ocrx_word' id='word_1_105' title='bbox 679 1598 1076 1679; x_wconf 57' lang='lat' dir='ltr'><strong>praebenl,eos</strong></span> <span class='ocrx_word' id='word_1_106' title='bbox 1111 1609 1302 1654; x_wconf 91' lang='lat' dir='ltr'><strong>canon</strong></span> <span class='ocrx_word' id='word_1_107' title='bbox 1335 1605 1576 1679; x_wconf 77' lang='lat' dir='ltr'><strong>quoque</strong></span> <span class='ocrx_word' id='word_1_108' title='bbox 1609 1589 1890 1679; x_wconf 74' lang='lat' dir='ltr'><strong>segregat</strong></span> <span class='ocrx_word' id='word_1_109' title='bbox 1906 1604 1918 1640; x_wconf 93' lang='lat'>:</span> <span class='ocrx_word' id='word_1_110' title='bbox 1971 1589 2160 1643; x_wconf 90' lang='lat' dir='ltr'><strong>etnos</strong></span> 
     </span>
    </p>
   </div>
   <div class='ocr_carea' id='block_1_19' title="bbox 521 1671 2163 1766">
    <p class='ocr_par' dir='ltr' id='par_1_19' title="bbox 521 1671 2163 1766">
     <span class='ocr_line' id='line_1_19' title="bbox 521 1671 2163 1766; baseline -0.013 -15"><span class='ocrx_word' id='word_1_111' title='bbox 521 1707 636 1752; x_wconf 88' lang='lat' dir='ltr'><strong>una</strong></span> <span class='ocrx_word' id='word_1_112' title='bbox 656 1671 898 1766; x_wconf 76' lang='lat' dir='ltr'><strong>quoque</strong></span> <span class='ocrx_word' id='word_1_113' title='bbox 924 1698 1327 1761; x_wconf 79' lang='lat' dir='ltr'><strong>segregamus.</strong></span> <span class='ocrx_word' id='word_1_114' title='bbox 1353 1677 1468 1740; x_wconf 91' lang='lat' dir='ltr'><strong>Eos</strong></span> <span class='ocrx_word' id='word_1_115' title='bbox 1491 1686 1688 1737; x_wconf 88' lang='lat' dir='ltr'><strong>autem</strong></span> <span class='ocrx_word' id='word_1_116' title='bbox 1713 1671 1814 1752; x_wconf 86' lang='lat' dir='ltr'><strong>qui</strong></span> <span class='ocrx_word' id='word_1_117' title='bbox 1838 1671 2012 1750; x_wconf 91' lang='lat' dir='ltr'><strong>plane</strong></span> <span class='ocrx_word' id='word_1_118' title='bbox 2035 1687 2163 1730; x_wconf 88' lang='lat' dir='ltr'><strong>sur-</strong></span> 
     </span>
    </p>
   </div>
   <div class='ocr_carea' id='block_1_20' title="bbox 518 1760 2157 1861">
    <p class='ocr_par' dir='ltr' id='par_1_20' title="bbox 518 1760 2157 1861">
     <span class='ocr_line' id='line_1_20' title="bbox 518 1760 2157 1861; baseline -0.013 -19"><span class='ocrx_word' id='word_1_119' title='bbox 518 1760 772 1861; x_wconf 61' lang='lat' dir='ltr'><strong>ripiuitt,</strong></span> <span class='ocrx_word' id='word_1_120' title='bbox 802 1760 1228 1851; x_wconf 81' lang='lat' dir='ltr'><strong>sacrilegorum</strong></span> <span class='ocrx_word' id='word_1_121' title='bbox 1263 1761 1751 1830; x_wconf 87' lang='lat' dir='ltr'><strong>condemuationi</strong></span> <span class='ocrx_word' id='word_1_122' title='bbox 1781 1760 2157 1840; x_wconf 86' lang='lat' dir='ltr'><strong>subjicimus.</strong></span> 
     </span>
    </p>
   </div>
   <div class='ocr_carea' id='block_1_21' title="bbox 519 1848 2000 1950">
    <p class='ocr_par' dir='ltr' id='par_1_21' title="bbox 519 1848 2000 1950">
     <span class='ocr_line' id='line_1_21' title="bbox 519 1848 2000 1950; baseline -0.016 -23"><span class='ocrx_word' id='word_1_123' title='bbox 519 1870 778 1950; x_wconf 65' lang='grc' dir='ltr'>ἀφορίζει,</span> <span class='ocrx_word' id='word_1_124' title='bbox 853 1867 942 1920; x_wconf 86' lang='grc' dir='ltr'><strong>καὶ</strong></span> <span class='ocrx_word' id='word_1_125' title='bbox 1010 1867 1174 1936; x_wconf 77' lang='grc' dir='ltr'>ἡμεῖς</span> <span class='ocrx_word' id='word_1_126' title='bbox 1249 1861 1684 1938; x_wconf 54' lang='grc' dir='ltr'>συναφρίζομεν</span> <span class='ocrx_word' id='word_1_127' title='bbox 1760 1853 1879 1914; x_wconf 79' lang='grc' dir='ltr'>τοὺς</span> <span class='ocrx_word' id='word_1_128' title='bbox 1945 1848 2000 1905; x_wconf 71' lang='grc' dir='ltr'>δὲ</span> 
     </span>
    </p>
   </div>
   <div class='ocr_carea' id='block_1_22' title="bbox 518 1954 1020 2030">
    <p class='ocr_par' dir='ltr' id='par_1_22' title="bbox 518 1954 1020 2030">
     <span class='ocr_line' id='line_1_22' title="bbox 518 1954 1020 2030; baseline -0.01 -14"><span class='ocrx_word' id='word_1_129' title='bbox 518 1954 1020 2030; x_wconf 76' lang='grc' dir='ltr'>καθυποϐάλλομεν.</span> 
     </span>
    </p>
   </div>
   <div class='ocr_carea' id='block_1_23' title="bbox 674 2029 2008 2125">
    <p class='ocr_par' dir='ltr' id='par_1_23' title="bbox 674 2029 2008 2125">
     <span class='ocr_line' id='line_1_23' title="bbox 674 2029 2008 2125; baseline -0.013 -17"><span class='ocrx_word' id='word_1_130' title='bbox 674 2041 1005 2125; x_wconf 72' lang='lat' dir='ltr'><strong>Cyrilliex</strong></span> <span class='ocrx_word' id='word_1_131' title='bbox 1034 2037 1306 2120; x_wconf 71' lang='lat' dir='ltr'><strong>epistolw</strong></span> <span class='ocrx_word' id='word_1_132' title='bbox 1337 2036 1415 2098; x_wconf 86' lang='lat' dir='ltr'><strong>ad</strong></span> <span class='ocrx_word' id='word_1_133' title='bbox 1447 2035 1748 2096; x_wconf 84' lang='lat' dir='ltr'><strong>Damnum</strong></span> <span class='ocrx_word' id='word_1_134' title='bbox 1788 2047 1920 2110; x_wconf 85' lang='lat' dir='ltr'><strong>cap.</strong></span> <span class='ocrx_word' id='word_1_135' title='bbox 1947 2029 2008 2090; x_wconf 72' lang='grc'><strong>2.</strong></span> 
     </span>
    </p>
   </div>
   <div class='ocr_carea' id='block_1_24' title="bbox 601 2127 2164 2218">
    <p class='ocr_par' dir='ltr' id='par_1_24' title="bbox 601 2127 2164 2218">
     <span class='ocr_line' id='line_1_24' title="bbox 601 2127 2164 2218; baseline -0.015 -10"><span class='ocrx_word' id='word_1_136' title='bbox 601 2145 923 2208; x_wconf 85' lang='lat' dir='ltr'><strong>Pecuniam</strong></span> <span class='ocrx_word' id='word_1_137' title='bbox 956 2149 1152 2201; x_wconf 91' lang='lat' dir='ltr'><strong>autem</strong></span> <span class='ocrx_word' id='word_1_138' title='bbox 1188 2155 1317 2218; x_wconf 85' lang='lat' dir='ltr'><strong>quae</strong></span> <span class='ocrx_word' id='word_1_139' title='bbox 1352 2152 1458 2216; x_wconf 87' lang='lat' dir='ltr'><strong>per</strong></span> <span class='ocrx_word' id='word_1_140' title='bbox 1490 2131 1774 2211; x_wconf 88' lang='lat' dir='ltr'><strong>injuriam</strong></span> <span class='ocrx_word' id='word_1_141' title='bbox 1810 2127 1929 2218; x_wconf 84' lang='lat' dir='ltr'><strong>ipsi</strong></span> <span class='ocrx_word' id='word_1_142' title='bbox 1954 2132 2164 2206; x_wconf 87' lang='lat' dir='ltr'><strong>erepta</strong></span> 
     </span>
    </p>
   </div>
   <div class='ocr_carea' id='block_1_25' title="bbox 519 2216 2161 2312">
    <p class='ocr_par' dir='ltr' id='par_1_25' title="bbox 519 2216 2161 2312">
     <span class='ocr_line' id='line_1_25' title="bbox 519 2216 2161 2312; baseline -0.014 -15"><span class='ocrx_word' id='word_1_143' title='bbox 519 2246 632 2310; x_wconf 90' lang='lat' dir='ltr'><strong>est,</strong></span> <span class='ocrx_word' id='word_1_144' title='bbox 659 2232 882 2312; x_wconf 89' lang='lat' dir='ltr'><strong>duplici</strong></span> <span class='ocrx_word' id='word_1_145' title='bbox 919 2229 1166 2292; x_wconf 86' lang='lat' dir='ltr'><strong>nomine</strong></span> <span class='ocrx_word' id='word_1_146' title='bbox 1197 2216 1250 2288; x_wconf 83' lang='lat' dir='ltr'><strong>ei</strong></span> <span class='ocrx_word' id='word_1_147' title='bbox 1285 2223 1457 2286; x_wconf 89' lang='lat' dir='ltr'><strong>reddi</strong></span> <span class='ocrx_word' id='word_1_148' title='bbox 1491 2238 1724 2301; x_wconf 74' lang='lat' dir='ltr'><strong>aequum</strong></span> <span class='ocrx_word' id='word_1_149' title='bbox 1759 2226 1869 2280; x_wconf 91' lang='lat' dir='ltr'><strong>est.</strong></span> <span class='ocrx_word' id='word_1_150' title='bbox 1897 2216 2161 2278; x_wconf 70' lang='lat' dir='ltr'><strong>Primum</strong></span> 
     </span>
    </p>
   </div>
   <div class='ocr_carea' id='block_1_26' title="bbox 522 2306 2166 2408">
    <p class='ocr_par' dir='ltr' id='par_1_26' title="bbox 522 2306 2166 2408">
     <span class='ocr_line' id='line_1_26' title="bbox 522 2306 2166 2408; baseline -0.014 -21"><span class='ocrx_word' id='word_1_151' title='bbox 522 2306 764 2408; x_wconf 80' lang='lat' dir='ltr'><strong>quidem</strong></span> <span class='ocrx_word' id='word_1_152' title='bbox 793 2320 953 2404; x_wconf 92' lang='lat' dir='ltr'><strong>quod</strong></span> <span class='ocrx_word' id='word_1_153' title='bbox 979 2317 1232 2408; x_wconf 82' lang='lat' dir='ltr'><strong>nectale</strong></span> <span class='ocrx_word' id='word_1_154' title='bbox 1252 2317 1372 2408; x_wconf 63' lang='lat' dir='ltr'><strong>“ll</strong></span> <span class='ocrx_word' id='word_1_155' title='bbox 1395 2311 1544 2408; x_wconf 72' lang='lat' dir='ltr'><strong>quid</strong></span> <span class='ocrx_word' id='word_1_156' title='bbox 1571 2309 1813 2371; x_wconf 92' lang='lat' dir='ltr'><strong>omnino</strong></span> <span class='ocrx_word' id='word_1_157' title='bbox 1839 2306 1969 2369; x_wconf 84' lang='lat' dir='ltr'><strong>ﬁeri</strong></span> <span class='ocrx_word' id='word_1_158' title='bbox 1991 2321 2166 2406; x_wconf 77' lang='lat' dir='ltr'><strong>opor-</strong></span> 
     </span>
    </p>
   </div>
   <div class='ocr_carea' id='block_1_27' title="bbox 526 2393 2164 2492">
    <p class='ocr_par' dir='ltr' id='par_1_27' title="bbox 526 2393 2164 2492">
     <span class='ocr_line' id='line_1_27' title="bbox 526 2393 2164 2492; baseline -0.014 -16"><span class='ocrx_word' id='word_1_159' title='bbox 526 2393 690 2478; x_wconf 50' lang='lat' dir='ltr'><strong>t&#39;ebat</strong></span> <span class='ocrx_word' id='word_1_160' title='bbox 718 2435 730 2472; x_wconf 92' lang='lat'>:</span> <span class='ocrx_word' id='word_1_161' title='bbox 760 2393 1000 2492; x_wconf 70' lang='lat' dir='ltr'><strong>etquod</strong></span> <span class='ocrx_word' id='word_1_162' title='bbox 1023 2407 1192 2469; x_wconf 88' lang='lat' dir='ltr'><strong>valde</strong></span> <span class='ocrx_word' id='word_1_163' title='bbox 1217 2404 1371 2467; x_wconf 92' lang='lat' dir='ltr'><strong>male</strong></span> <span class='ocrx_word' id='word_1_164' title='bbox 1395 2401 1572 2463; x_wconf 86' lang='lat' dir='ltr'><strong>habet</strong></span> <span class='ocrx_word' id='word_1_165' title='bbox 1615 2412 1946 2478; x_wconf 85' lang='lat' dir='ltr'><strong>magnaque</strong></span> <span class='ocrx_word' id='word_1_166' title='bbox 1967 2393 2164 2492; x_wconf 75' lang='lat' dir='ltr'><strong>tristi-</strong></span> 
     </span>
    </p>
   </div>
   <div class='ocr_carea' id='block_1_28' title="bbox 525 2484 2168 2574">
    <p class='ocr_par' dir='ltr' id='par_1_28' title="bbox 525 2484 2168 2574">
     <span class='ocr_line' id='line_1_28' title="bbox 525 2484 2168 2574; baseline -0.012 -8"><span class='ocrx_word' id='word_1_167' title='bbox 525 2506 606 2566; x_wconf 93' lang='lat' dir='ltr'><strong>tia</strong></span> <span class='ocrx_word' id='word_1_168' title='bbox 636 2502 818 2563; x_wconf 77' lang='lat' dir='ltr'><strong>atﬁcit</strong></span> <span class='ocrx_word' id='word_1_169' title='bbox 848 2484 1266 2561; x_wconf 77' lang='lat' dir='ltr'><strong>sanctissimos</strong></span> <span class='ocrx_word' id='word_1_170' title='bbox 1297 2494 1616 2574; x_wconf 89' lang='lat' dir='ltr'><strong>episcopos</strong></span> <span class='ocrx_word' id='word_1_171' title='bbox 1648 2496 1748 2565; x_wconf 90' lang='lat' dir='ltr'><strong>qui</strong></span> <span class='ocrx_word' id='word_1_172' title='bbox 1781 2495 1918 2548; x_wconf 92' lang='lat' dir='ltr'><strong>sunt</strong></span> <span class='ocrx_word' id='word_1_173' title='bbox 1947 2484 2168 2564; x_wconf 86' lang='lat' dir='ltr'><strong>ubique</strong></span> 
     </span>
    </p>
   </div>
   <div class='ocr_carea' id='block_1_29' title="bbox 527 2574 2167 2669">
    <p class='ocr_par' dir='ltr' id='par_1_29' title="bbox 527 2574 2167 2669">
     <span class='ocr_line' id='line_1_29' title="bbox 527 2574 2167 2669; baseline -0.013 -15"><span class='ocrx_word' id='word_1_174' title='bbox 527 2603 849 2661; x_wconf 81' lang='lat' dir='ltr'><strong>terrarum,</strong></span> <span class='ocrx_word' id='word_1_175' title='bbox 885 2586 1042 2669; x_wconf 89' lang='lat' dir='ltr'><strong>quod</strong></span> <span class='ocrx_word' id='word_1_176' title='bbox 1077 2597 1418 2666; x_wconf 86' lang='lat' dir='ltr'><strong>sumptuum</strong></span> <span class='ocrx_word' id='word_1_177' title='bbox 1445 2581 1543 2662; x_wconf 89' lang='lat' dir='ltr'><strong>qui</strong></span> <span class='ocrx_word' id='word_1_178' title='bbox 1577 2579 1696 2640; x_wconf 91' lang='lat' dir='ltr'><strong>illis</strong></span> <span class='ocrx_word' id='word_1_179' title='bbox 1729 2576 2013 2639; x_wconf 88' lang='lat' dir='ltr'><strong>eveniunt</strong></span> <span class='ocrx_word' id='word_1_180' title='bbox 2041 2574 2167 2634; x_wconf 85' lang='lat' dir='ltr'><strong>(lis-</strong></span> 
     </span>
    </p>
   </div>
   <div class='ocr_carea' id='block_1_30' title="bbox 529 2664 2170 2763">
    <p class='ocr_par' dir='ltr' id='par_1_30' title="bbox 529 2664 2170 2763">
     <span class='ocr_line' id='line_1_30' title="bbox 529 2664 2170 2763; baseline -0.012 -19"><span class='ocrx_word' id='word_1_181' title='bbox 529 2664 1072 2763; x_wconf 44' lang='lat' dir='ltr'><strong>pensationis&#39;ratio</strong></span> <span class='ocrx_word' id='word_1_182' title='bbox 1096 2674 1169 2736; x_wconf 83' lang='lat' dir='ltr'><strong>ah</strong></span> <span class='ocrx_word' id='word_1_183' title='bbox 1193 2664 1278 2735; x_wconf 76' lang='lat' dir='ltr'><strong>eis</strong></span> <span class='ocrx_word' id='word_1_184' title='bbox 1305 2669 1724 2750; x_wconf 80' lang='lat' dir='ltr'><strong>exigatur,sive</strong></span> <span class='ocrx_word' id='word_1_185' title='bbox 1757 2684 1827 2728; x_wconf 83' lang='lat' dir='ltr'><strong>ex</strong></span> <span class='ocrx_word' id='word_1_186' title='bbox 1860 2664 2170 2727; x_wconf 89' lang='lat' dir='ltr'><strong>ecclesias-</strong></span> 
     </span>
    </p>
   </div>
   <div class='ocr_carea' id='block_1_31' title="bbox 527 2756 2166 2840">
    <p class='ocr_par' dir='ltr' id='par_1_31' title="bbox 527 2756 2166 2840">
     <span class='ocr_line' id='line_1_31' title="bbox 527 2756 2166 2840; baseline -0.01 -8"><span class='ocrx_word' id='word_1_187' title='bbox 527 2756 658 2834; x_wconf 79' lang='lat' dir='ltr'><strong>ticis</strong></span> <span class='ocrx_word' id='word_1_188' title='bbox 687 2766 1048 2840; x_wconf 88' lang='lat' dir='ltr'><strong>redditibus,</strong></span> <span class='ocrx_word' id='word_1_189' title='bbox 1083 2766 1210 2826; x_wconf 88' lang='lat' dir='ltr'><strong>sive</strong></span> <span class='ocrx_word' id='word_1_190' title='bbox 1243 2781 1313 2824; x_wconf 78' lang='lat' dir='ltr'><strong>ex</strong></span> <span class='ocrx_word' id='word_1_191' title='bbox 1345 2761 1542 2822; x_wconf 85' lang='lat' dir='ltr'><strong>fructu</strong></span> <span class='ocrx_word' id='word_1_192' title='bbox 1589 2756 1830 2819; x_wconf 88' lang='lat' dir='ltr'><strong>aliunde</strong></span> <span class='ocrx_word' id='word_1_193' title='bbox 1863 2761 2166 2836; x_wconf 88' lang='lat' dir='ltr'><strong>percepto.</strong></span> 
     </span>
    </p>
   </div>
   <div class='ocr_carea' id='block_1_32' title="bbox 530 2842 2169 2940">
    <p class='ocr_par' dir='ltr' id='par_1_32' title="bbox 530 2842 2169 2940">
     <span class='ocr_line' id='line_1_32' title="bbox 530 2842 2169 2940; baseline -0.013 -17"><span class='ocrx_word' id='word_1_194' title='bbox 530 2859 963 2940; x_wconf 84' lang='lat' dir='ltr'><strong>Unusquisque</strong></span> <span class='ocrx_word' id='word_1_195' title='bbox 991 2855 1152 2917; x_wconf 89' lang='lat' dir='ltr'><strong>enim</strong></span> <span class='ocrx_word' id='word_1_196' title='bbox 1187 2860 1459 2914; x_wconf 90' lang='lat' dir='ltr'><strong>nostrum</strong></span> <span class='ocrx_word' id='word_1_197' title='bbox 1494 2849 1657 2910; x_wconf 87' lang='lat' dir='ltr'><strong>dabit</strong></span> <span class='ocrx_word' id='word_1_198' title='bbox 1686 2863 1932 2907; x_wconf 90' lang='lat' dir='ltr'><strong>suorum</strong></span> <span class='ocrx_word' id='word_1_199' title='bbox 1976 2842 2169 2904; x_wconf 87' lang='lat' dir='ltr'><strong>malo-</strong></span> 
     </span>
    </p>
   </div>
   <div class='ocr_carea' id='block_1_33' title="bbox 529 2934 2173 3020">
    <p class='ocr_par' dir='ltr' id='par_1_33' title="bbox 529 2934 2173 3020">
     <span class='ocr_line' id='line_1_33' title="bbox 529 2934 2173 3020; baseline -0.012 -6"><span class='ocrx_word' id='word_1_200' title='bbox 529 2971 661 3014; x_wconf 87' lang='lat' dir='ltr'><strong>rum</strong></span> <span class='ocrx_word' id='word_1_201' title='bbox 695 2934 984 3012; x_wconf 71' lang='lat' dir='ltr'><strong>rationem</strong></span> <span class='ocrx_word' id='word_1_202' title='bbox 1013 2944 1282 3007; x_wconf 89' lang='lat' dir='ltr'><strong>omnium</strong></span> <span class='ocrx_word' id='word_1_203' title='bbox 1307 2939 1517 3020; x_wconf 87' lang='lat' dir='ltr'><strong>judici.</strong></span> <span class='ocrx_word' id='word_1_204' title='bbox 1537 2936 1689 2998; x_wconf 83' lang='lat' dir='ltr'><strong>Vasa</strong></span> <span class='ocrx_word' id='word_1_205' title='bbox 1720 2935 1880 2999; x_wconf 90' lang='lat' dir='ltr'><strong>enim</strong></span> <span class='ocrx_word' id='word_1_206' title='bbox 1911 2934 2173 3015; x_wconf 88' lang='lat' dir='ltr'><strong>pretiosa</strong></span> 
     </span>
    </p>
   </div>
   <div class='ocr_carea' id='block_1_34' title="bbox 529 3021 2169 3120">
    <p class='ocr_par' dir='ltr' id='par_1_34' title="bbox 529 3021 2169 3120">
     <span class='ocr_line' id='line_1_34' title="bbox 529 3021 2169 3120; baseline -0.013 -17"><span class='ocrx_word' id='word_1_207' title='bbox 529 3050 587 3102; x_wconf 93' lang='lat' dir='ltr'><strong>et</strong></span> <span class='ocrx_word' id='word_1_208' title='bbox 619 3036 1033 3120; x_wconf 85' lang='lat' dir='ltr'><strong>possessiones</strong></span> <span class='ocrx_word' id='word_1_209' title='bbox 1062 3031 1404 3094; x_wconf 87' lang='lat' dir='ltr'><strong>immobiles</strong></span> <span class='ocrx_word' id='word_1_210' title='bbox 1436 3036 1670 3108; x_wconf 88' lang='lat' dir='ltr'><strong>oportet</strong></span> <span class='ocrx_word' id='word_1_211' title='bbox 1701 3023 1926 3086; x_wconf 84' lang='lat' dir='ltr'><strong>servari</strong></span> <span class='ocrx_word' id='word_1_212' title='bbox 1959 3021 2169 3084; x_wconf 85' lang='lat' dir='ltr'><strong>Eccle-</strong></span> 
     </span>
    </p>
   </div>
   <div class='ocr_carea' id='block_1_35' title="bbox 528 3113 2168 3208">
    <p class='ocr_par' dir='ltr' id='par_1_35' title="bbox 528 3113 2168 3208">
     <span class='ocr_line' id='line_1_35' title="bbox 528 3113 2168 3208; baseline -0.012 -17"><span class='ocrx_word' id='word_1_213' title='bbox 528 3113 635 3192; x_wconf 78' lang='lat' dir='ltr'><strong>siis</strong></span> <span class='ocrx_word' id='word_1_214' title='bbox 660 3150 676 3207; x_wconf 88' lang='lat'><strong>;</strong></span> <span class='ocrx_word' id='word_1_215' title='bbox 708 3128 1008 3208; x_wconf 82' lang='lat' dir='ltr'><strong>episcopis</strong></span> <span class='ocrx_word' id='word_1_216' title='bbox 1035 3131 1232 3186; x_wconf 86' lang='lat' dir='ltr'><strong>autem</strong></span> <span class='ocrx_word' id='word_1_217' title='bbox 1259 3120 1360 3202; x_wconf 90' lang='lat' dir='ltr'><strong>qui</strong></span> <span class='ocrx_word' id='word_1_218' title='bbox 1395 3126 1536 3208; x_wconf 81' lang='lat' dir='ltr'><strong>tunc</strong></span> <span class='ocrx_word' id='word_1_219' title='bbox 1588 3114 1876 3208; x_wconf 80' lang='lat' dir='ltr'><strong>temporis</strong></span> <span class='ocrx_word' id='word_1_220' title='bbox 1905 3113 2168 3174; x_wconf 88' lang='lat' dir='ltr'><strong>divinum</strong></span> 
     </span>
    </p>
   </div>
   <div class='ocr_carea' id='block_1_36' title="bbox 529 3204 2172 3283">
    <p class='ocr_par' dir='ltr' id='par_1_36' title="bbox 529 3204 2172 3283">
     <span class='ocr_line' id='line_1_36' title="bbox 529 3204 2172 3283; baseline -0.012 -2"><span class='ocrx_word' id='word_1_221' title='bbox 529 3204 934 3280; x_wconf 83' lang='lat' dir='ltr'><strong>sacerdotium</strong></span> <span class='ocrx_word' id='word_1_222' title='bbox 993 3212 1443 3283; x_wconf 88' lang='lat' dir='ltr'><strong>administrant,</strong></span> <span class='ocrx_word' id='word_1_223' title='bbox 1507 3204 1900 3268; x_wconf 88' lang='lat' dir='ltr'><strong>incidentium</strong></span> <span class='ocrx_word' id='word_1_224' title='bbox 1961 3220 2172 3282; x_wconf 91' lang='lat' dir='ltr'><strong>sump-</strong></span> 
     </span>
    </p>
   </div>
   <div class='ocr_carea' id='block_1_37' title="bbox 533 3296 1721 3384">
    <p class='ocr_par' dir='ltr' id='par_1_37' title="bbox 533 3296 1721 3384">
     <span class='ocr_line' id='line_1_37' title="bbox 533 3296 1721 3384; baseline -0.008 -14"><span class='ocrx_word' id='word_1_225' title='bbox 533 3319 702 3371; x_wconf 88' lang='lat' dir='ltr'><strong>tuum</strong></span> <span class='ocrx_word' id='word_1_226' title='bbox 738 3301 1255 3384; x_wconf 87' lang='lat' dir='ltr'><strong>dispensationem</strong></span> <span class='ocrx_word' id='word_1_227' title='bbox 1288 3315 1502 3361; x_wconf 89' lang='lat' dir='ltr'><strong>secure</strong></span> <span class='ocrx_word' id='word_1_228' title='bbox 1532 3296 1721 3360; x_wconf 91' lang='lat' dir='ltr'><strong>credi.</strong></span> 
     </span>
    </p>
   </div>
   <div class='ocr_carea' id='block_1_38' title="bbox 609 3383 2234 3473">
    <p class='ocr_par' dir='ltr' id='par_1_38' title="bbox 609 3383 2234 3473">
     <span class='ocr_line' id='line_1_38' title="bbox 609 3383 2234 3473; baseline -0.011 -12"><span class='ocrx_word' id='word_1_229' title='bbox 609 3401 811 3461; x_wconf 88' lang='lat' dir='ltr'><strong>Const.</strong></span> <span class='ocrx_word' id='word_1_230' title='bbox 838 3383 942 3464; x_wconf 17' lang='lat'><strong>’17.</strong></span> <span class='ocrx_word' id='word_1_231' title='bbox 984 3395 1075 3456; x_wconf 90' lang='lat' dir='ltr'><strong>tit.</strong></span> <span class='ocrx_word' id='word_1_232' title='bbox 1109 3392 1170 3468; x_wconf 60' lang='grc' dir='ltr'>ἓ,</span> <span class='ocrx_word' id='word_1_233' title='bbox 1205 3389 1310 3451; x_wconf 91' lang='lat' dir='ltr'><strong>lib.</strong></span> <span class='ocrx_word' id='word_1_234' title='bbox 1348 3387 1480 3450; x_wconf 92' lang='lat' dir='ltr'><strong>cod.</strong></span> <span class='ocrx_word' id='word_1_235' title='bbox 1518 3388 1620 3463; x_wconf 87' lang='lat' dir='ltr'><strong>ait,</strong></span> <span class='ocrx_word' id='word_1_236' title='bbox 1655 3383 1813 3467; x_wconf 87' lang='lat' dir='ltr'><strong>quod</strong></span> <span class='ocrx_word' id='word_1_237' title='bbox 1847 3383 1991 3445; x_wconf 92' lang='lat' dir='ltr'><strong>dum</strong></span> <span class='ocrx_word' id='word_1_238' title='bbox 2011 3390 2234 3473; x_wconf 73' lang='lat' dir='ltr'><strong>extrac</strong></span> 
     </span>
    </p>
   </div>
   <div class='ocr_carea' id='block_1_39' title="bbox 532 3478 2175 3564">
    <p class='ocr_par' dir='ltr' id='par_1_39' title="bbox 532 3478 2175 3564">
     <span class='ocr_line' id='line_1_39' title="bbox 532 3478 2175 3564; baseline -0.01 -15"><span class='ocrx_word' id='word_1_239' title='bbox 532 3505 706 3549; x_wconf 86' lang='lat' dir='ltr'><strong>sacra</strong></span> <span class='ocrx_word' id='word_1_240' title='bbox 725 3504 862 3547; x_wconf 88' lang='lat' dir='ltr'><strong>vasa</strong></span> <span class='ocrx_word' id='word_1_241' title='bbox 887 3483 1067 3564; x_wconf 62' lang='lat' dir='ltr'><strong>[aliae]</strong></span> <span class='ocrx_word' id='word_1_242' title='bbox 1094 3499 1192 3542; x_wconf 89' lang='lat' dir='ltr'><strong>res</strong></span> <span class='ocrx_word' id='word_1_243' title='bbox 1217 3478 1473 3540; x_wconf 89' lang='lat' dir='ltr'><strong>mobiles</strong></span> <span class='ocrx_word' id='word_1_244' title='bbox 1495 3487 1870 3552; x_wconf 86' lang='lat' dir='ltr'><strong>sunt,rerum</strong></span> <span class='ocrx_word' id='word_1_245' title='bbox 1899 3489 2175 3534; x_wconf 88' lang='lat' dir='ltr'><strong>necessa-</strong></span> 
     </span>
    </p>
   </div>
   <div class='ocr_carea' id='block_1_40' title="bbox 531 3561 2174 3639">
    <p class='ocr_par' dir='ltr' id='par_1_40' title="bbox 531 3561 2174 3639">
     <span class='ocr_line' id='line_1_40' title="bbox 531 3561 2174 3639; baseline -0.012 1"><span class='ocrx_word' id='word_1_246' title='bbox 531 3577 757 3639; x_wconf 88' lang='lat' dir='ltr'><strong>riarum</strong></span> <span class='ocrx_word' id='word_1_247' title='bbox 783 3561 1182 3636; x_wconf 81' lang='lat' dir='ltr'><strong>immobilium</strong></span> <span class='ocrx_word' id='word_1_248' title='bbox 1215 3578 1273 3632; x_wconf 92' lang='lat' dir='ltr'><strong>et</strong></span> <span class='ocrx_word' id='word_1_249' title='bbox 1302 3585 1610 3630; x_wconf 88' lang='lat' dir='ltr'><strong>sacrorum</strong></span> <span class='ocrx_word' id='word_1_250' title='bbox 1640 3582 1919 3627; x_wconf 89' lang='lat' dir='ltr'><strong>vasorum</strong></span> <span class='ocrx_word' id='word_1_251' title='bbox 1950 3561 2174 3624; x_wconf 88' lang='lat' dir='ltr'><strong>aliena-</strong></span> 
     </span>
    </p>
   </div>
   <div class='ocr_carea' id='block_1_41' title="bbox 532 3642 2173 3737">
    <p class='ocr_par' dir='ltr' id='par_1_41' title="bbox 532 3642 2173 3737">
     <span class='ocr_line' id='line_1_41' title="bbox 532 3642 2173 3737; baseline -0.01 -19"><span class='ocrx_word' id='word_1_252' title='bbox 532 3659 613 3718; x_wconf 91' lang='lat' dir='ltr'><strong>tio</strong></span> <span class='ocrx_word' id='word_1_253' title='bbox 643 3667 820 3737; x_wconf 90' lang='lat' dir='ltr'><strong>atque</strong></span> <span class='ocrx_word' id='word_1_254' title='bbox 853 3653 1192 3735; x_wconf 88' lang='lat' dir='ltr'><strong>hypotheca</strong></span> <span class='ocrx_word' id='word_1_255' title='bbox 1224 3647 1524 3712; x_wconf 88' lang='lat' dir='ltr'><strong>cessat.Et</strong></span> <span class='ocrx_word' id='word_1_256' title='bbox 1553 3647 1846 3737; x_wconf 67' lang='lat' dir='ltr'><strong>const._2l</strong></span> <span class='ocrx_word' id='word_1_257' title='bbox 1866 3642 2173 3737; x_wconf 84' lang='lat' dir='ltr'><strong>,ejusdem</strong></span> 
     </span>
    </p>
   </div>
   <div class='ocr_carea' id='block_1_42' title="bbox 531 3732 2172 3824">
    <p class='ocr_par' dir='ltr' id='par_1_42' title="bbox 531 3732 2172 3824">
     <span class='ocr_line' id='line_1_42' title="bbox 531 3732 2172 3824; baseline -0.011 -13"><span class='ocrx_word' id='word_1_258' title='bbox 531 3749 626 3812; x_wconf 90' lang='lat' dir='ltr'><strong>tit.</strong></span> <span class='ocrx_word' id='word_1_259' title='bbox 662 3732 766 3821; x_wconf 84' lang='lat' dir='ltr'><strong>ait,</strong></span> <span class='ocrx_word' id='word_1_260' title='bbox 796 3732 962 3823; x_wconf 83' lang='lat' dir='ltr'><strong>quod</strong></span> <span class='ocrx_word' id='word_1_261' title='bbox 989 3743 1089 3824; x_wconf 88' lang='lat' dir='ltr'><strong>qui</strong></span> <span class='ocrx_word' id='word_1_262' title='bbox 1121 3758 1240 3802; x_wconf 89' lang='lat' dir='ltr'><strong>non</strong></span> <span class='ocrx_word' id='word_1_263' title='bbox 1277 3757 1384 3820; x_wconf 90' lang='lat' dir='ltr'><strong>per</strong></span> <span class='ocrx_word' id='word_1_264' title='bbox 1413 3755 1652 3800; x_wconf 87' lang='lat' dir='ltr'><strong>causam</strong></span> <span class='ocrx_word' id='word_1_265' title='bbox 1674 3732 2172 3824; x_wconf 83' lang='lat' dir='ltr'><strong>redimendorum</strong></span> 
     </span>
    </p>
   </div>
   <div class='ocr_carea' id='block_1_43' title="bbox 537 3820 2176 3919">
    <p class='ocr_par' dir='ltr' id='par_1_43' title="bbox 537 3820 2176 3919">
     <span class='ocr_line' id='line_1_43' title="bbox 537 3820 2176 3919; baseline -0.012 -19"><span class='ocrx_word' id='word_1_266' title='bbox 537 3820 906 3919; x_wconf 80' lang='lat' dir='ltr'><strong>captivorum</strong></span> <span class='ocrx_word' id='word_1_267' title='bbox 964 3820 1136 3896; x_wconf 71' lang='lat' dir='ltr'><strong>sacra</strong></span> <span class='ocrx_word' id='word_1_268' title='bbox 1184 3847 1322 3891; x_wconf 87' lang='lat' dir='ltr'><strong>vasa</strong></span> <span class='ocrx_word' id='word_1_269' title='bbox 1368 3828 1462 3890; x_wconf 90' lang='lat' dir='ltr'><strong>vel</strong></span> <span class='ocrx_word' id='word_1_270' title='bbox 1506 3826 1753 3888; x_wconf 89' lang='lat' dir='ltr'><strong>donaria</strong></span> <span class='ocrx_word' id='word_1_271' title='bbox 1783 3823 1950 3897; x_wconf 91' lang='lat' dir='ltr'><strong>emit,</strong></span> <span class='ocrx_word' id='word_1_272' title='bbox 1984 3830 2083 3883; x_wconf 88' lang='lat' dir='ltr'><strong>aut</strong></span> <span class='ocrx_word' id='word_1_273' title='bbox 2113 3820 2176 3881; x_wconf 88' lang='lat' dir='ltr'><strong>in</strong></span> 
     </span>
    </p>
   </div>
   <div class='ocr_carea' id='block_1_44' title="bbox 535 3909 2176 4008">
    <p class='ocr_par' dir='ltr' id='par_1_44' title="bbox 535 3909 2176 4008">
     <span class='ocr_line' id='line_1_44' title="bbox 535 3909 2176 4008; baseline -0.012 -18"><span class='ocrx_word' id='word_1_274' title='bbox 535 3909 931 4008; x_wconf 76' lang='lat' dir='ltr'><strong>hypothecam</strong></span> <span class='ocrx_word' id='word_1_275' title='bbox 993 3923 1281 4002; x_wconf 88' lang='lat' dir='ltr'><strong>pignusve</strong></span> <span class='ocrx_word' id='word_1_276' title='bbox 1339 3916 1522 3998; x_wconf 86' lang='lat' dir='ltr'><strong>capit,</strong></span> <span class='ocrx_word' id='word_1_277' title='bbox 1557 3915 1734 3977; x_wconf 89' lang='lat' dir='ltr'><strong>etiam</strong></span> <span class='ocrx_word' id='word_1_278' title='bbox 1789 3912 1978 3990; x_wconf 87' lang='lat' dir='ltr'><strong>pretio</strong></span> <span class='ocrx_word' id='word_1_279' title='bbox 2011 3909 2176 3972; x_wconf 86' lang='lat' dir='ltr'><strong>exci-</strong></span> 
     </span>
    </p>
   </div>
   <div class='ocr_carea' id='block_1_45' title="bbox 538 4008 2175 4095">
    <p class='ocr_par' dir='ltr' id='par_1_45' title="bbox 538 4008 2175 4095">
     <span class='ocr_line' id='line_1_45' title="bbox 538 4008 2175 4095; baseline -0.011 -18"><span class='ocrx_word' id='word_1_280' title='bbox 538 4017 680 4080; x_wconf 88' lang='lat' dir='ltr'><strong>dat:</strong></span> <span class='ocrx_word' id='word_1_281' title='bbox 743 4031 934 4095; x_wconf 88' lang='lat' dir='ltr'><strong>eaque</strong></span> <span class='ocrx_word' id='word_1_282' title='bbox 983 4029 1089 4093; x_wconf 89' lang='lat' dir='ltr'><strong>per</strong></span> <span class='ocrx_word' id='word_1_283' title='bbox 1127 4008 1470 4090; x_wconf 86' lang='lat' dir='ltr'><strong>episcopos,</strong></span> <span class='ocrx_word' id='word_1_284' title='bbox 1504 4020 1879 4081; x_wconf 70' lang='lat' dir='ltr'><strong>mconomos,</strong></span> <span class='ocrx_word' id='word_1_285' title='bbox 1913 4009 1971 4062; x_wconf 91' lang='lat' dir='ltr'><strong>et</strong></span> <span class='ocrx_word' id='word_1_286' title='bbox 2003 4017 2175 4060; x_wconf 88' lang='lat' dir='ltr'><strong>vaso-</strong></span> 
     </span>
    </p>
   </div>
   <div class='ocr_carea' id='block_1_46' title="bbox 534 4089 2172 4170">
    <p class='ocr_par' dir='ltr' id='par_1_46' title="bbox 534 4089 2172 4170">
     <span class='ocr_line' id='line_1_46' title="bbox 534 4089 2172 4170; baseline -0.013 -1"><span class='ocrx_word' id='word_1_287' title='bbox 534 4124 666 4169; x_wconf 90' lang='lat' dir='ltr'><strong>rum</strong></span> <span class='ocrx_word' id='word_1_288' title='bbox 698 4089 1415 4170; x_wconf 26' lang='lat' dir='ltr'><strong>custodes‘vindicantur,</strong></span> <span class='ocrx_word' id='word_1_289' title='bbox 1453 4093 1686 4156; x_wconf 87' lang='lat' dir='ltr'><strong>etiamsi</strong></span> <span class='ocrx_word' id='word_1_290' title='bbox 1717 4092 1973 4154; x_wconf 83' lang='lat' dir='ltr'><strong>conﬂata</strong></span> <span class='ocrx_word' id='word_1_291' title='bbox 2004 4089 2124 4150; x_wconf 91' lang='lat' dir='ltr'><strong>sint</strong></span> <span class='ocrx_word' id='word_1_292' title='bbox 2159 4106 2172 4148; x_wconf 92' lang='lat'><strong>:</strong></span> 
     </span>
    </p>
   </div>
   <div class='ocr_carea' id='block_1_47' title="bbox 534 4184 2174 4269">
    <p class='ocr_par' dir='ltr' id='par_1_47' title="bbox 534 4184 2174 4269">
     <span class='ocr_line' id='line_1_47' title="bbox 534 4184 2174 4269; baseline -0.009 -12"><span class='ocrx_word' id='word_1_293' title='bbox 534 4204 635 4257; x_wconf 78' lang='lat' dir='ltr'><strong>aut</strong></span> <span class='ocrx_word' id='word_1_294' title='bbox 663 4195 906 4256; x_wconf 91' lang='lat' dir='ltr'><strong>illorum</strong></span> <span class='ocrx_word' id='word_1_295' title='bbox 939 4191 1252 4269; x_wconf 81' lang='lat' dir='ltr'><strong>exigantur</strong></span> <span class='ocrx_word' id='word_1_296' title='bbox 1283 4187 1501 4268; x_wconf 88' lang='lat' dir='ltr'><strong>pretia,</strong></span> <span class='ocrx_word' id='word_1_297' title='bbox 1535 4184 1585 4245; x_wconf 90' lang='lat' dir='ltr'><strong>si</strong></span> <span class='ocrx_word' id='word_1_298' title='bbox 1619 4201 1739 4244; x_wconf 89' lang='lat' dir='ltr'><strong>non</strong></span> <span class='ocrx_word' id='word_1_299' title='bbox 1762 4189 2174 4262; x_wconf 87' lang='lat' dir='ltr'><strong>compareant.</strong></span> 
     </span>
    </p>
   </div>
   <div class='ocr_carea' id='block_1_48' title="bbox 537 4271 2180 4355">
    <p class='ocr_par' dir='ltr' id='par_1_48' title="bbox 537 4271 2180 4355">
     <span class='ocr_line' id='line_1_48' title="bbox 537 4271 2180 4355; baseline -0.011 -8"><span class='ocrx_word' id='word_1_300' title='bbox 537 4285 696 4347; x_wconf 89' lang='lat' dir='ltr'><strong>Dicit</strong></span> <span class='ocrx_word' id='word_1_301' title='bbox 729 4282 834 4345; x_wconf 89' lang='lat' dir='ltr'><strong>lib.</strong></span> <span class='ocrx_word' id='word_1_302' title='bbox 863 4299 1025 4354; x_wconf 77' lang='lat' dir='ltr'><strong>xvm,</strong></span> <span class='ocrx_word' id='word_1_303' title='bbox 1064 4281 1152 4340; x_wconf 87' lang='lat' dir='ltr'><strong>tit.</strong></span> <span class='ocrx_word' id='word_1_304' title='bbox 1193 4281 1246 4352; x_wconf 82' lang='lat' dir='ltr'><strong>t,</strong></span> <span class='ocrx_word' id='word_1_305' title='bbox 1283 4277 1401 4355; x_wconf 86' lang='lat' dir='ltr'><strong>dig.</strong></span> <span class='ocrx_word' id='word_1_306' title='bbox 1436 4275 1536 4348; x_wconf 70' lang='lat'><strong>62,</strong></span> <span class='ocrx_word' id='word_1_307' title='bbox 1565 4273 1726 4354; x_wconf 94' lang='lat' dir='ltr'><strong>quod</strong></span> <span class='ocrx_word' id='word_1_308' title='bbox 1768 4271 1870 4352; x_wconf 92' lang='lat' dir='ltr'><strong>qui</strong></span> <span class='ocrx_word' id='word_1_309' title='bbox 1903 4271 2180 4332; x_wconf 86' lang='lat' dir='ltr'><strong>nesciens</strong></span> 
     </span>
    </p>
   </div>
   <div class='ocr_carea' id='block_1_49' title="bbox 535 4359 2180 4450">
    <p class='ocr_par' dir='ltr' id='par_1_49' title="bbox 535 4359 2180 4450">
     <span class='ocr_line' id='line_1_49' title="bbox 535 4359 2180 4450; baseline -0.01 -14"><span class='ocrx_word' id='word_1_310' title='bbox 535 4392 664 4437; x_wconf 88' lang='lat' dir='ltr'><strong>rem</strong></span> <span class='ocrx_word' id='word_1_311' title='bbox 695 4389 925 4434; x_wconf 85' lang='lat' dir='ltr'><strong>sacram</strong></span> <span class='ocrx_word' id='word_1_312' title='bbox 962 4388 1066 4450; x_wconf 88' lang='lat' dir='ltr'><strong>pro</strong></span> <span class='ocrx_word' id='word_1_313' title='bbox 1115 4370 1340 4450; x_wconf 88' lang='lat' dir='ltr'><strong>privata</strong></span> <span class='ocrx_word' id='word_1_314' title='bbox 1370 4371 1698 4444; x_wconf 89' lang='lat' dir='ltr'><strong>comparat,</strong></span> <span class='ocrx_word' id='word_1_315' title='bbox 1746 4361 1888 4424; x_wconf 87' lang='lat' dir='ltr'><strong>licet</strong></span> <span class='ocrx_word' id='word_1_316' title='bbox 1919 4359 2180 4422; x_wconf 88' lang='lat' dir='ltr'><strong>venditio</strong></span> 
     </span>
    </p>
   </div>
   <div class='ocr_carea' id='block_1_50' title="bbox 538 4450 2182 4536">
    <p class='ocr_par' dir='ltr' id='par_1_50' title="bbox 538 4450 2182 4536">
     <span class='ocr_line' id='line_1_50' title="bbox 538 4450 2182 4536; baseline -0.01 -10"><span class='ocrx_word' id='word_1_317' title='bbox 538 4481 660 4526; x_wconf 88' lang='lat' dir='ltr'><strong>non</strong></span> <span class='ocrx_word' id='word_1_318' title='bbox 684 4471 904 4534; x_wconf 87' lang='lat' dir='ltr'><strong>teneat,</strong></span> <span class='ocrx_word' id='word_1_319' title='bbox 939 4468 1138 4521; x_wconf 88' lang='lat' dir='ltr'><strong>tamen</strong></span> <span class='ocrx_word' id='word_1_320' title='bbox 1193 4455 1540 4536; x_wconf 85' lang='lat' dir='ltr'><strong>[actionem]</strong></span> <span class='ocrx_word' id='word_1_321' title='bbox 1586 4454 1873 4515; x_wconf 90' lang='lat' dir='ltr'><strong>adversus</strong></span> <span class='ocrx_word' id='word_1_322' title='bbox 1905 4450 2182 4513; x_wconf 90' lang='lat' dir='ltr'><strong>vendito-</strong></span> 
     </span>
    </p>
   </div>
   <div class='ocr_carea' id='block_1_51' title="bbox 537 4538 2182 4628">
    <p class='ocr_par' dir='ltr' id='par_1_51' title="bbox 537 4538 2182 4628">
     <span class='ocr_line' id='line_1_51' title="bbox 537 4538 2182 4628; baseline -0.009 -13"><span class='ocrx_word' id='word_1_323' title='bbox 537 4570 668 4615; x_wconf 90' lang='lat' dir='ltr'><strong>rem</strong></span> <span class='ocrx_word' id='word_1_324' title='bbox 703 4552 942 4624; x_wconf 89' lang='lat' dir='ltr'><strong>habeat,</strong></span> <span class='ocrx_word' id='word_1_325' title='bbox 975 4551 1034 4610; x_wconf 92' lang='lat' dir='ltr'><strong>in</strong></span> <span class='ocrx_word' id='word_1_326' title='bbox 1066 4555 1352 4628; x_wconf 89' lang='lat' dir='ltr'><strong>quantum</strong></span> <span class='ocrx_word' id='word_1_327' title='bbox 1388 4547 1519 4626; x_wconf 87' lang='lat' dir='ltr'><strong>ejus</strong></span> <span class='ocrx_word' id='word_1_328' title='bbox 1567 4540 1863 4613; x_wconf 84' lang='lat' dir='ltr'><strong>interfuit,</strong></span> <span class='ocrx_word' id='word_1_329' title='bbox 1901 4560 1977 4603; x_wconf 90' lang='lat' dir='ltr'><strong>ne</strong></span> <span class='ocrx_word' id='word_1_330' title='bbox 2009 4538 2182 4601; x_wconf 89' lang='lat' dir='ltr'><strong>deci-</strong></span> 
     </span>
    </p>
   </div>
   <div class='ocr_carea' id='block_1_52' title="bbox 542 4631 2185 4725">
    <p class='ocr_par' dir='ltr' id='par_1_52' title="bbox 542 4631 2185 4725">
     <span class='ocr_line' id='line_1_52' title="bbox 542 4631 2185 4725; baseline -0.01 -20"><span class='ocrx_word' id='word_1_331' title='bbox 542 4651 816 4725; x_wconf 86' lang='lat' dir='ltr'><strong>peretur.</strong></span> <span class='ocrx_word' id='word_1_332' title='bbox 850 4640 922 4704; x_wconf 88' lang='lat' dir='ltr'><strong>Et</strong></span> <span class='ocrx_word' id='word_1_333' title='bbox 958 4637 1113 4719; x_wconf 91' lang='lat' dir='ltr'><strong>[lib.]</strong></span> <span class='ocrx_word' id='word_1_334' title='bbox 1147 4636 1297 4700; x_wconf 91' lang='lat' dir='ltr'><strong>Inst.</strong></span> <span class='ocrx_word' id='word_1_335' title='bbox 1330 4653 1396 4711; x_wconf 80' lang='lat' dir='ltr'><strong>II,</strong></span> <span class='ocrx_word' id='word_1_336' title='bbox 1433 4635 1520 4697; x_wconf 90' lang='lat' dir='ltr'><strong>tit.</strong></span> <span class='ocrx_word' id='word_1_337' title='bbox 1557 4631 1797 4725; x_wconf 74' lang='lat' dir='ltr'><strong>1,dicit_,</strong></span> <span class='ocrx_word' id='word_1_338' title='bbox 1824 4631 1981 4711; x_wconf 90' lang='lat' dir='ltr'><strong>quod</strong></span> <span class='ocrx_word' id='word_1_339' title='bbox 2014 4647 2185 4725; x_wconf 78' lang='lat' dir='ltr'><strong>sacra</strong></span> 
     </span>
    </p>
   </div>
   <div class='ocr_carea' id='block_1_53' title="bbox 538 4717 2184 4812">
    <p class='ocr_par' dir='ltr' id='par_1_53' title="bbox 538 4717 2184 4812">
     <span class='ocr_line' id='line_1_53' title="bbox 538 4717 2184 4812; baseline -0.01 -17"><span class='ocrx_word' id='word_1_340' title='bbox 538 4717 680 4795; x_wconf 70' lang='lat' dir='ltr'><strong>vasa</strong></span> <span class='ocrx_word' id='word_1_341' title='bbox 730 4749 926 4812; x_wconf 85' lang='lat' dir='ltr'><strong>neque</strong></span> <span class='ocrx_word' id='word_1_342' title='bbox 960 4717 1353 4801; x_wconf 63' lang='lat' dir='ltr'><strong>alieneutur,</strong></span> <span class='ocrx_word' id='word_1_343' title='bbox 1415 4741 1614 4805; x_wconf 89' lang='lat' dir='ltr'><strong>neque</strong></span> <span class='ocrx_word' id='word_1_344' title='bbox 1668 4721 2036 4800; x_wconf 82' lang='lat' dir='ltr'><strong>obligentur,</strong></span> <span class='ocrx_word' id='word_1_345' title='bbox 2069 4717 2184 4780; x_wconf 89' lang='lat' dir='ltr'><strong>nisi</strong></span> 
     </span>
    </p>
   </div>
   <div class='ocr_carea' id='block_1_54' title="bbox 2235 496 3866 580">
    <p class='ocr_par' dir='ltr' id='par_1_54' title="bbox 2235 496 3866 580">
     <span class='ocr_line' id='line_1_54' title="bbox 2235 496 3866 580; baseline -0.007 -18"><span class='ocrx_word' id='word_1_346' title='bbox 2235 503 2703 580; x_wconf 82' lang='grc' dir='ltr'>καταμολύνοντας</span> <span class='ocrx_word' id='word_1_347' title='bbox 2763 501 2799 567; x_wconf 75' lang='grc' dir='ltr'>ἢ</span> <span class='ocrx_word' id='word_1_348' title='bbox 2856 498 3244 578; x_wconf 67' lang='grc' dir='ltr'><strong>καταλύοντας,</strong></span> <span class='ocrx_word' id='word_1_349' title='bbox 3306 497 3683 574; x_wconf 79' lang='grc' dir='ltr'>ἀκαθαιρέτους</span> <span class='ocrx_word' id='word_1_350' title='bbox 3759 496 3866 550; x_wconf 78' lang='grc' dir='ltr'>εἰσ-</span> 
     </span>
    </p>
   </div>
   <div class='ocr_carea' id='block_1_55' title="bbox 2237 585 3860 673">
    <p class='ocr_par' dir='ltr' id='par_1_55' title="bbox 2237 585 3860 673">
     <span class='ocr_line' id='line_1_55' title="bbox 2237 585 3860 673; baseline -0.008 -22"><span class='ocrx_word' id='word_1_351' title='bbox 2237 597 2448 673; x_wconf 81' lang='grc' dir='ltr'>άγουσι,</span> <span class='ocrx_word' id='word_1_352' title='bbox 2510 593 2684 650; x_wconf 86' lang='grc' dir='ltr'>καίτοι</span> <span class='ocrx_word' id='word_1_353' title='bbox 2730 597 2957 670; x_wconf 73' lang='grc' dir='ltr'>φανεροῦ</span> <span class='ocrx_word' id='word_1_354' title='bbox 2987 587 3386 653; x_wconf 72' lang='grc' dir='ltr'><strong>καθεστηκότος</strong></span> <span class='ocrx_word' id='word_1_355' title='bbox 3417 593 3511 642; x_wconf 79' lang='grc' dir='ltr'>τοῦ</span> <span class='ocrx_word' id='word_1_356' title='bbox 3543 585 3860 660; x_wconf 78' lang='grc' dir='ltr'>μιάσματος·</span> 
     </span>
    </p>
   </div>
   <div class='ocr_carea' id='block_1_56' title="bbox 2237 674 3868 755">
    <p class='ocr_par' dir='ltr' id='par_1_56' title="bbox 2237 674 3868 755">
     <span class='ocr_line' id='line_1_56' title="bbox 2237 674 3868 755; baseline -0.008 -13"><span class='ocrx_word' id='word_1_357' title='bbox 2237 687 2326 743; x_wconf 90' lang='grc' dir='ltr'>καὶ</span> <span class='ocrx_word' id='word_1_358' title='bbox 2369 683 2532 751; x_wconf 83' lang='grc' dir='ltr'>δῆλον</span> <span class='ocrx_word' id='word_1_359' title='bbox 2575 685 2648 746; x_wconf 87' lang='grc' dir='ltr'>ὡς</span> <span class='ocrx_word' id='word_1_360' title='bbox 2682 684 2728 738; x_wconf 84' lang='grc' dir='ltr'>οἱ</span> <span class='ocrx_word' id='word_1_361' title='bbox 2772 682 2839 736; x_wconf 75' lang='grc' dir='ltr'><strong>τὰ</strong></span> <span class='ocrx_word' id='word_1_362' title='bbox 2895 685 3115 735; x_wconf 81' lang='grc' dir='ltr'>τοιαῦτα</span> <span class='ocrx_word' id='word_1_363' title='bbox 3188 677 3544 755; x_wconf 78' lang='grc' dir='ltr'><strong>πράσσοντες,</strong></span> <span class='ocrx_word' id='word_1_364' title='bbox 3598 679 3657 732; x_wconf 69' lang='grc' dir='ltr'>οὗ</span> <span class='ocrx_word' id='word_1_365' title='bbox 3715 674 3868 748; x_wconf 73' lang='grc' dir='ltr'>μόνον</span> 
     </span>
    </p>
   </div>
   <div class='ocr_carea' id='block_1_57' title="bbox 2238 761 3872 850">
    <p class='ocr_par' dir='ltr' id='par_1_57' title="bbox 2238 761 3872 850">
     <span class='ocr_line' id='line_1_57' title="bbox 2238 761 3872 850; baseline -0.009 -19"><span class='ocrx_word' id='word_1_366' title='bbox 2238 773 2617 850; x_wconf 65' lang='grc' dir='ltr'><strong>καθαιρέσεως,</strong></span> <span class='ocrx_word' id='word_1_367' title='bbox 2682 770 2819 827; x_wconf 76' lang='grc' dir='ltr'><strong>ἀλλά</strong></span> <span class='ocrx_word' id='word_1_368' title='bbox 2876 771 2973 826; x_wconf 81' lang='grc' dir='ltr'><strong>καί</strong></span> <span class='ocrx_word' id='word_1_369' title='bbox 3017 773 3115 837; x_wconf 76' lang='grc' dir='ltr'>τῆς</span> <span class='ocrx_word' id='word_1_370' title='bbox 3157 768 3402 846; x_wconf 69' lang='grc' dir='ltr'>ἓσχάτης</span> <span class='ocrx_word' id='word_1_371' title='bbox 3461 761 3761 826; x_wconf 77' lang='grc' dir='ltr'>δυσσεϐείας</span> <span class='ocrx_word' id='word_1_372' title='bbox 3803 769 3872 837; x_wconf 82' lang='grc' dir='ltr'>τῷ</span> 
     </span>
    </p>
   </div>
   <div class='ocr_carea' id='block_1_58' title="bbox 2237 853 3872 940">
    <p class='ocr_par' dir='ltr' id='par_1_58' title="bbox 2237 853 3872 940">
     <span class='ocr_line' id='line_1_58' title="bbox 2237 853 3872 940; baseline -0.006 -19"><span class='ocrx_word' id='word_1_373' title='bbox 2237 864 2545 940; x_wconf 71' lang='grc' dir='ltr'>ἒγκλήιιατι</span> <span class='ocrx_word' id='word_1_374' title='bbox 2621 861 3018 934; x_wconf 81' lang='grc' dir='ltr'>περιπίπτουσι.</span> <span class='ocrx_word' id='word_1_375' title='bbox 3112 859 3310 934; x_wconf 81' lang='grc' dir='ltr'>Διόπερ</span> <span class='ocrx_word' id='word_1_376' title='bbox 3392 861 3586 935; x_wconf 80' lang='grc' dir='ltr'>ὥρισεν</span> <span class='ocrx_word' id='word_1_377' title='bbox 3652 857 3685 921; x_wconf 70' lang='grc' dir='ltr'>ἡ</span> <span class='ocrx_word' id='word_1_378' title='bbox 3759 853 3872 929; x_wconf 66' lang='grc' dir='ltr'>ἀγίςι</span> 
     </span>
    </p>
   </div>
   <div class='ocr_carea' id='block_1_59' title="bbox 2239 941 3874 1028">
    <p class='ocr_par' dir='ltr' id='par_1_59' title="bbox 2239 941 3874 1028">
     <span class='ocr_line' id='line_1_59' title="bbox 2239 941 3874 1028; baseline -0.008 -19"><span class='ocrx_word' id='word_1_379' title='bbox 2239 952 2477 1027; x_wconf 75' lang='grc' dir='ltr'><strong>σύνοδος,</strong></span> <span class='ocrx_word' id='word_1_380' title='bbox 2514 954 2637 1016; x_wconf 80' lang='grc' dir='ltr'>τοὺς</span> <span class='ocrx_word' id='word_1_381' title='bbox 2672 955 2732 1008; x_wconf 82' lang='grc' dir='ltr'>τὸ</span> <span class='ocrx_word' id='word_1_382' title='bbox 2776 951 2928 1028; x_wconf 73' lang='grc' dir='ltr'>ἅγιον</span> <span class='ocrx_word' id='word_1_383' title='bbox 2959 949 3242 1025; x_wconf 70' lang='grc' dir='ltr'>ποτήριον,</span> <span class='ocrx_word' id='word_1_384' title='bbox 3277 945 3312 1013; x_wconf 72' lang='grc' dir='ltr'>ἢ</span> <span class='ocrx_word' id='word_1_385' title='bbox 3346 947 3440 1002; x_wconf 81' lang='grc' dir='ltr'>τὸν</span> <span class='ocrx_word' id='word_1_386' title='bbox 3480 944 3686 1016; x_wconf 74' lang='grc' dir='ltr'>δίσκον,</span> <span class='ocrx_word' id='word_1_387' title='bbox 3719 941 3754 1008; x_wconf 73' lang='grc' dir='ltr'><strong>ἤ</strong></span> <span class='ocrx_word' id='word_1_388' title='bbox 3783 944 3874 1008; x_wconf 79' lang='grc' dir='ltr'><strong>τὴν</strong></span> 
     </span>
    </p>
   </div>
   <div class='ocr_carea' id='block_1_60' title="bbox 2239 1033 3874 1117">
    <p class='ocr_par' dir='ltr' id='par_1_60' title="bbox 2239 1033 3874 1117">
     <span class='ocr_line' id='line_1_60' title="bbox 2239 1033 3874 1117; baseline -0.009 -17"><span class='ocrx_word' id='word_1_389' title='bbox 2239 1042 2449 1117; x_wconf 80' lang='grc' dir='ltr'>λαϐίδα,</span> <span class='ocrx_word' id='word_1_390' title='bbox 2510 1044 2546 1111; x_wconf 74' lang='grc' dir='ltr'>ἢ</span> <span class='ocrx_word' id='word_1_391' title='bbox 2605 1044 2705 1109; x_wconf 72' lang='grc' dir='ltr'>τὴν</span> <span class='ocrx_word' id='word_1_392' title='bbox 2760 1039 3058 1114; x_wconf 78' lang='grc' dir='ltr'>σεϐασμίαν</span> <span class='ocrx_word' id='word_1_393' title='bbox 3103 1035 3346 1110; x_wconf 76' lang='grc' dir='ltr'>ἐνδυτην,</span> <span class='ocrx_word' id='word_1_394' title='bbox 3381 1036 3416 1101; x_wconf 73' lang='grc' dir='ltr'>ἢ</span> <span class='ocrx_word' id='word_1_395' title='bbox 3463 1037 3557 1090; x_wconf 79' lang='grc' dir='ltr'>τὸν</span> <span class='ocrx_word' id='word_1_396' title='bbox 3592 1033 3874 1110; x_wconf 85' lang='grc' dir='ltr'>λεγόμενον</span> 
     </span>
    </p>
   </div>
   <div class='ocr_carea' id='block_1_61' title="bbox 2239 1121 3875 1210">
    <p class='ocr_par' dir='ltr' id='par_1_61' title="bbox 2239 1121 3875 1210">
     <span class='ocr_line' id='line_1_61' title="bbox 2239 1121 3875 1210; baseline -0.009 -22"><span class='ocrx_word' id='word_1_397' title='bbox 2239 1133 2391 1210; x_wconf 88' lang='grc' dir='ltr'>ἀέρα,</span> <span class='ocrx_word' id='word_1_398' title='bbox 2430 1133 2460 1200; x_wconf 70' lang='grc' dir='ltr'>ἢ</span> <span class='ocrx_word' id='word_1_399' title='bbox 2517 1130 2702 1194; x_wconf 81' lang='grc' dir='ltr'>ἀπλῶς</span> <span class='ocrx_word' id='word_1_400' title='bbox 2762 1130 2884 1194; x_wconf 82' lang='grc' dir='ltr'>τοὺς</span> <span class='ocrx_word' id='word_1_401' title='bbox 2924 1127 2978 1183; x_wconf 77' lang='grc' dir='ltr'>ἕν</span> <span class='ocrx_word' id='word_1_402' title='bbox 3022 1150 3071 1182; x_wconf 90' lang='grc' dir='ltr'><strong>τι</strong></span> <span class='ocrx_word' id='word_1_403' title='bbox 3117 1133 3222 1182; x_wconf 82' lang='grc' dir='ltr'>τῶν</span> <span class='ocrx_word' id='word_1_404' title='bbox 3268 1125 3321 1180; x_wconf 80' lang='grc' dir='ltr'>ἐν</span> <span class='ocrx_word' id='word_1_405' title='bbox 3391 1129 3471 1197; x_wconf 84' lang='grc' dir='ltr'>τῷ</span> <span class='ocrx_word' id='word_1_406' title='bbox 3528 1121 3875 1193; x_wconf 82' lang='grc' dir='ltr'>θυσιαστηρίῳ</span> 
     </span>
    </p>
   </div>
   <div class='ocr_carea' id='block_1_62' title="bbox 2239 1208 3874 1304">
    <p class='ocr_par' dir='ltr' id='par_1_62' title="bbox 2239 1208 3874 1304">
     <span class='ocr_line' id='line_1_62' title="bbox 2239 1208 3874 1304; baseline -0.009 -27"><span class='ocrx_word' id='word_1_407' title='bbox 2239 1223 2392 1300; x_wconf 72' lang='grc' dir='ltr'>ἱερῶν</span> <span class='ocrx_word' id='word_1_408' title='bbox 2433 1221 2737 1304; x_wconf 43' lang='grc' dir='ltr'>καῖμὶγίων</span> <span class='ocrx_word' id='word_1_409' title='bbox 2787 1222 2988 1276; x_wconf 78' lang='grc' dir='ltr'>σκευῶν</span> <span class='ocrx_word' id='word_1_410' title='bbox 3034 1216 3070 1284; x_wconf 77' lang='grc' dir='ltr'>ἢ</span> <span class='ocrx_word' id='word_1_411' title='bbox 3131 1216 3557 1294; x_wconf 75' lang='grc' dir='ltr'>ἀμφιασμάτων,</span> <span class='ocrx_word' id='word_1_412' title='bbox 3617 1213 3690 1274; x_wconf 83' lang='grc' dir='ltr'>εἷς</span> <span class='ocrx_word' id='word_1_413' title='bbox 3748 1208 3874 1264; x_wconf 82' lang='grc' dir='ltr'>ἴδιον</span> 
     </span>
    </p>
   </div>
   <div class='ocr_carea' id='block_1_63' title="bbox 2244 1298 3876 1390">
    <p class='ocr_par' dir='ltr' id='par_1_63' title="bbox 2244 1298 3876 1390">
     <span class='ocr_line' id='line_1_63' title="bbox 2244 1298 3876 1390; baseline -0.009 -23"><span class='ocrx_word' id='word_1_414' title='bbox 2244 1298 2425 1390; x_wconf 81' lang='grc' dir='ltr'>κέρδος</span> <span class='ocrx_word' id='word_1_415' title='bbox 2471 1298 2896 1388; x_wconf 72' lang='grc' dir='ltr'>ὑφαρπάζοντας,</span> <span class='ocrx_word' id='word_1_416' title='bbox 2957 1306 2993 1374; x_wconf 78' lang='grc' dir='ltr'>ἢ</span> <span class='ocrx_word' id='word_1_417' title='bbox 3052 1306 3125 1368; x_wconf 77' lang='grc' dir='ltr'>εἷς</span> <span class='ocrx_word' id='word_1_418' title='bbox 3199 1307 3399 1384; x_wconf 75' lang='grc' dir='ltr'>χρῆσιν</span> <span class='ocrx_word' id='word_1_419' title='bbox 3460 1298 3876 1380; x_wconf 82' lang='grc' dir='ltr'>ἀποχρωμένους</span> 
     </span>
    </p>
   </div>
   <div class='ocr_carea' id='block_1_64' title="bbox 2241 1389 3877 1478">
    <p class='ocr_par' dir='ltr' id='par_1_64' title="bbox 2241 1389 3877 1478">
     <span class='ocr_line' id='line_1_64' title="bbox 2241 1389 3877 1478; baseline -0.007 -23"><span class='ocrx_word' id='word_1_420' title='bbox 2241 1400 2471 1478; x_wconf 88' lang='grc' dir='ltr'>ἀνίερον,</span> <span class='ocrx_word' id='word_1_421' title='bbox 2537 1397 2799 1454; x_wconf 76' lang='grc' dir='ltr'>παντελεῖ</span> <span class='ocrx_word' id='word_1_422' title='bbox 2873 1395 3172 1470; x_wconf 73' lang='grc' dir='ltr'><strong>καθαιρέσει</strong></span> <span class='ocrx_word' id='word_1_423' title='bbox 3226 1389 3777 1449; x_wconf 74' lang='grc' dir='ltr'>καθυποϐάλλεσθαιο</span> <span class='ocrx_word' id='word_1_424' title='bbox 3822 1389 3877 1443; x_wconf 79' lang='grc' dir='ltr'>τὸ</span> 
     </span>
    </p>
   </div>
   <div class='ocr_carea' id='block_1_65' title="bbox 2243 1477 3875 1568">
    <p class='ocr_par' dir='ltr' id='par_1_65' title="bbox 2243 1477 3875 1568">
     <span class='ocr_line' id='line_1_65' title="bbox 2286 1477 3768 1510; baseline -0.01 0"><span class='ocrx_word' id='word_1_425' title='bbox 2286 1490 2300 1507; x_wconf 59' lang='grc' dir='ltr'><strong>ς</strong></span> <span class='ocrx_word' id='word_1_426' title='bbox 2360 1477 2366 1478; x_wconf 45' lang='grc'><strong><em>⁷</em></strong></span> <span class='ocrx_word' id='word_1_427' title='bbox 2452 1491 2464 1510; x_wconf 79' lang='grc'><strong><em>1</em></strong></span> <span class='ocrx_word' id='word_1_428' title='bbox 2565 1488 2579 1508; x_wconf 75' lang='lat' dir='ltr'><strong>s</strong></span> <span class='ocrx_word' id='word_1_429' title='bbox 2919 1492 2944 1501; x_wconf 75' lang='grc' dir='ltr'>ι-</span> <span class='ocrx_word' id='word_1_430' title='bbox 3170 1484 3184 1501; x_wconf 67' lang='grc' dir='ltr'><strong>ι</strong></span> <span class='ocrx_word' id='word_1_431' title='bbox 3467 1481 3494 1491; x_wconf 80' lang='lat'><strong>-</strong></span> <span class='ocrx_word' id='word_1_432' title='bbox 3678 1480 3692 1495; x_wconf 61' lang='grc' dir='ltr'><strong><em>κ</em></strong></span> <span class='ocrx_word' id='word_1_433' title='bbox 3744 1477 3768 1495; x_wconf 72' lang='grc' dir='ltr'><em>η</em></span> 
     </span>
     <span class='ocr_line' id='line_1_66' title="bbox 2243 1479 3875 1568; baseline -0.009 -22"><span class='ocrx_word' id='word_1_434' title='bbox 2243 1513 2340 1564; x_wconf 84' lang='grc' dir='ltr'><strong>μεν</strong></span> <span class='ocrx_word' id='word_1_435' title='bbox 2399 1513 2502 1568; x_wconf 87' lang='grc' dir='ltr'><strong>γαρ</strong></span> <span class='ocrx_word' id='word_1_436' title='bbox 2563 1509 2674 1543; x_wconf 89' lang='grc' dir='ltr'>εστι</span> <span class='ocrx_word' id='word_1_437' title='bbox 2734 1484 3070 1563; x_wconf 79' lang='grc' dir='ltr'>βεϐηλωσαι,</span> <span class='ocrx_word' id='word_1_438' title='bbox 3136 1505 3196 1538; x_wconf 86' lang='grc' dir='ltr'><strong>το</strong></span> <span class='ocrx_word' id='word_1_439' title='bbox 3253 1479 3306 1537; x_wconf 72' lang='grc' dir='ltr'>δὲ</span> <span class='ocrx_word' id='word_1_440' title='bbox 3362 1480 3595 1548; x_wconf 87' lang='grc' dir='ltr'>συλησαι</span> <span class='ocrx_word' id='word_1_441' title='bbox 3642 1502 3706 1534; x_wconf 79' lang='grc' dir='ltr'><strong>τα</strong></span> <span class='ocrx_word' id='word_1_442' title='bbox 3733 1500 3875 1555; x_wconf 85' lang='grc' dir='ltr'>αγια.</span> 
     </span>
    </p>
   </div>
   <div class='ocr_carea' id='block_1_66' title="bbox 2241 1567 3879 1652">
    <p class='ocr_par' dir='ltr' id='par_1_66' title="bbox 2241 1567 3879 1652">
     <span class='ocr_line' id='line_1_67' title="bbox 2241 1567 3879 1652; baseline -0.009 -16"><span class='ocrx_word' id='word_1_443' title='bbox 2241 1581 2374 1643; x_wconf 84' lang='grc' dir='ltr'>Τοὺς</span> <span class='ocrx_word' id='word_1_444' title='bbox 2455 1577 2639 1652; x_wconf 88' lang='grc' dir='ltr'>μέντοι</span> <span class='ocrx_word' id='word_1_445' title='bbox 2725 1578 2791 1632; x_wconf 78' lang='grc' dir='ltr'><strong>τὰ</strong></span> <span class='ocrx_word' id='word_1_446' title='bbox 2853 1574 3039 1640; x_wconf 76' lang='grc' dir='ltr'>ἔξωθεν</span> <span class='ocrx_word' id='word_1_447' title='bbox 3107 1575 3201 1628; x_wconf 76' lang='grc' dir='ltr'>τοῦ</span> <span class='ocrx_word' id='word_1_448' title='bbox 3269 1570 3654 1647; x_wconf 77' lang='grc' dir='ltr'>θυσιαστηρίου</span> <span class='ocrx_word' id='word_1_449' title='bbox 3718 1567 3879 1646; x_wconf 70' lang='grc' dir='ltr'>ἄμφια</span> 
     </span>
    </p>
   </div>
   <div class='ocr_carea' id='block_1_67' title="bbox 2242 1657 3878 1748">
    <p class='ocr_par' dir='ltr' id='par_1_67' title="bbox 2242 1657 3878 1748">
     <span class='ocr_line' id='line_1_68' title="bbox 2242 1657 3878 1748; baseline -0.008 -25"><span class='ocrx_word' id='word_1_450' title='bbox 2242 1667 2614 1748; x_wconf 74' lang='grc' dir='ltr'>ἀφωρισμένα,</span> <span class='ocrx_word' id='word_1_451' title='bbox 2706 1666 2741 1733; x_wconf 75' lang='grc' dir='ltr'>ἢ</span> <span class='ocrx_word' id='word_1_452' title='bbox 2811 1666 2977 1731; x_wconf 79' lang='grc' dir='ltr'>σκεύη</span> <span class='ocrx_word' id='word_1_453' title='bbox 3051 1663 3196 1741; x_wconf 76' lang='grc' dir='ltr'>τινὰ,</span> <span class='ocrx_word' id='word_1_454' title='bbox 3271 1662 3345 1724; x_wconf 85' lang='grc' dir='ltr'>εἷς</span> <span class='ocrx_word' id='word_1_455' title='bbox 3423 1664 3627 1739; x_wconf 77' lang='grc' dir='ltr'>χρῆσιν</span> <span class='ocrx_word' id='word_1_456' title='bbox 3687 1657 3878 1735; x_wconf 75' lang='grc' dir='ltr'>ἀνίερον</span> 
     </span>
    </p>
   </div>
   <div class='ocr_carea' id='block_1_68' title="bbox 2245 1746 3878 1832">
    <p class='ocr_par' dir='ltr' id='par_1_68' title="bbox 2245 1746 3878 1832">
     <span class='ocr_line' id='line_1_69' title="bbox 2245 1746 3878 1832; baseline -0.009 -19"><span class='ocrx_word' id='word_1_457' title='bbox 2245 1758 2460 1818; x_wconf 75' lang='grc' dir='ltr'>ἑαυτοῖς</span> <span class='ocrx_word' id='word_1_458' title='bbox 2513 1769 2548 1824; x_wconf 76' lang='grc' dir='ltr'><strong>η</strong></span> <span class='ocrx_word' id='word_1_459' title='bbox 2605 1755 2804 1832; x_wconf 81' lang='grc' dir='ltr'>ἑτέροις</span> <span class='ocrx_word' id='word_1_460' title='bbox 2856 1753 3224 1832; x_wconf 71' lang='grc' dir='ltr'>παρέχοντας,</span> <span class='ocrx_word' id='word_1_461' title='bbox 3272 1751 3492 1812; x_wconf 77' lang='grc' dir='ltr'>τούτους</span> <span class='ocrx_word' id='word_1_462' title='bbox 3525 1751 3627 1804; x_wconf 63' lang='grc' dir='ltr'>κα¹ι</span> <span class='ocrx_word' id='word_1_463' title='bbox 3660 1751 3686 1804; x_wconf 85' lang='grc' dir='ltr'>ὁ</span> <span class='ocrx_word' id='word_1_464' title='bbox 3716 1746 3878 1802; x_wconf 85' lang='grc' dir='ltr'>κανὼν</span> 
     </span>
    </p>
   </div>
   <div class='ocr_carea' id='block_1_69' title="bbox 2084 1833 3877 1926">
    <p class='ocr_par' dir='ltr' id='par_1_69' title="bbox 2084 1833 3877 1926">
     <span class='ocr_line' id='line_1_70' title="bbox 2084 1833 3877 1926; baseline -0.009 -20"><span class='ocrx_word' id='word_1_465' title='bbox 2084 1845 2361 1909; x_wconf 81' lang='grc' dir='ltr'>παντελῶς</span> <span class='ocrx_word' id='word_1_466' title='bbox 2434 1845 2863 1926; x_wconf 68' lang='grc' dir='ltr'>ἀφαρπάζοντας,</span> <span class='ocrx_word' id='word_1_467' title='bbox 2937 1849 3005 1920; x_wconf 82' lang='grc' dir='ltr'><strong>τῇ</strong></span> <span class='ocrx_word' id='word_1_468' title='bbox 3089 1842 3197 1898; x_wconf 81' lang='grc' dir='ltr'>τῶν</span> <span class='ocrx_word' id='word_1_469' title='bbox 3268 1837 3559 1918; x_wconf 79' lang='grc' dir='ltr'>ἱεροσύλων</span> <span class='ocrx_word' id='word_1_470' title='bbox 3633 1833 3877 1909; x_wconf 75' lang='grc' dir='ltr'>καταδίκῃ</span> 
     </span>
    </p>
   </div>
   <div class='ocr_carea' id='block_1_70' title="bbox 2182 2013 3803 2102">
    <p class='ocr_par' dir='ltr' id='par_1_70' title="bbox 2182 2013 3803 2102">
     <span class='ocr_line' id='line_1_71' title="bbox 2182 2013 3803 2102; baseline -0.006 -20"><span class='ocrx_word' id='word_1_471' title='bbox 2182 2031 2220 2082; x_wconf 86' lang='grc' dir='ltr'>Β</span> <span class='ocrx_word' id='word_1_472' title='bbox 2327 2022 2585 2096; x_wconf 75' lang='grc' dir='ltr'>Κυρίλλου</span> <span class='ocrx_word' id='word_1_473' title='bbox 2617 2023 2676 2080; x_wconf 80' lang='grc' dir='ltr'>ἐκ</span> <span class='ocrx_word' id='word_1_474' title='bbox 2704 2028 2802 2091; x_wconf 75' lang='grc' dir='ltr'>τῆς</span> <span class='ocrx_word' id='word_1_475' title='bbox 2830 2022 2962 2102; x_wconf 81' lang='grc' dir='ltr'>πρὸς</span> <span class='ocrx_word' id='word_1_476' title='bbox 3002 2021 3209 2096; x_wconf 87' lang='grc' dir='ltr'>Δόμνον</span> <span class='ocrx_word' id='word_1_477' title='bbox 3240 2016 3539 2084; x_wconf 77' lang='grc' dir='ltr'>ἐπιστολῆς</span> <span class='ocrx_word' id='word_1_478' title='bbox 3570 2038 3694 2096; x_wconf 75' lang='grc' dir='ltr'>κεφ.</span> <span class='ocrx_word' id='word_1_479' title='bbox 3727 2013 3803 2090; x_wconf 80' lang='grc' dir='ltr'><strong>β’.</strong></span> 
     </span>
    </p>
   </div>
   <div class='ocr_carea' id='block_1_71' title="bbox 2328 2117 3877 2200">
    <p class='ocr_par' dir='ltr' id='par_1_71' title="bbox 2328 2117 3877 2200">
     <span class='ocr_line' id='line_1_72' title="bbox 2328 2117 3877 2200; baseline -0.007 -21"><span class='ocrx_word' id='word_1_480' title='bbox 2328 2122 2404 2179; x_wconf 85' lang='grc' dir='ltr'>Τοί</span> <span class='ocrx_word' id='word_1_481' title='bbox 2463 2121 2520 2177; x_wconf 80' lang='grc' dir='ltr'>δὲ</span> <span class='ocrx_word' id='word_1_482' title='bbox 2598 2121 2790 2187; x_wconf 82' lang='grc' dir='ltr'>ἀδίκως</span> <span class='ocrx_word' id='word_1_483' title='bbox 2878 2119 3147 2200; x_wconf 65' lang='grc' dir='ltr'>ληφθέντα</span> <span class='ocrx_word' id='word_1_484' title='bbox 3207 2118 3330 2195; x_wconf 87' lang='grc' dir='ltr'>παρ’</span> <span class='ocrx_word' id='word_1_485' title='bbox 3394 2119 3557 2174; x_wconf 75' lang='grc' dir='ltr'>αὐτοῦ</span> <span class='ocrx_word' id='word_1_486' title='bbox 3611 2117 3877 2195; x_wconf 72' lang='grc' dir='ltr'>χρήματα,</span> 
     </span>
    </p>
   </div>
   <div class='ocr_carea' id='block_1_72' title="bbox 2246 2204 3880 2286">
    <p class='ocr_par' dir='ltr' id='par_1_72' title="bbox 2246 2204 3880 2286">
     <span class='ocr_line' id='line_1_73' title="bbox 2246 2204 3880 2286; baseline -0.007 -18"><span class='ocrx_word' id='word_1_487' title='bbox 2246 2210 2567 2279; x_wconf 73' lang='grc' dir='ltr'>ἀναδοθῆναι</span> <span class='ocrx_word' id='word_1_488' title='bbox 2609 2211 2810 2269; x_wconf 81' lang='grc' dir='ltr'>δίκαιον</span> <span class='ocrx_word' id='word_1_489' title='bbox 2869 2212 3012 2267; x_wconf 87' lang='grc' dir='ltr'><strong>κατά</strong></span> <span class='ocrx_word' id='word_1_490' title='bbox 3069 2207 3160 2266; x_wconf 86' lang='grc' dir='ltr'><strong>δύο</strong></span> <span class='ocrx_word' id='word_1_491' title='bbox 3206 2209 3464 2286; x_wconf 78' lang='grc' dir='ltr'>τρόπουςο</span> <span class='ocrx_word' id='word_1_492' title='bbox 3529 2213 3741 2284; x_wconf 82' lang='grc' dir='ltr'>πρῶτον</span> <span class='ocrx_word' id='word_1_493' title='bbox 3793 2204 3880 2278; x_wconf 80' lang='grc' dir='ltr'>μὲν</span> 
     </span>
    </p>
   </div>
   <div class='ocr_carea' id='block_1_73' title="bbox 2247 2294 3882 2382">
    <p class='ocr_par' dir='ltr' id='par_1_73' title="bbox 2247 2294 3882 2382">
     <span class='ocr_line' id='line_1_74' title="bbox 2247 2294 3882 2382; baseline -0.006 -24"><span class='ocrx_word' id='word_1_494' title='bbox 2247 2301 2328 2358; x_wconf 81' lang='grc' dir='ltr'><strong>ὅτι</strong></span> <span class='ocrx_word' id='word_1_495' title='bbox 2361 2301 2479 2361; x_wconf 71' lang='grc' dir='ltr'>οὐδὲ</span> <span class='ocrx_word' id='word_1_496' title='bbox 2513 2301 2683 2382; x_wconf 67' lang='grc' dir='ltr'>ἴχρην</span> <span class='ocrx_word' id='word_1_497' title='bbox 2709 2301 2849 2364; x_wconf 82' lang='grc' dir='ltr'>ὅλως</span> <span class='ocrx_word' id='word_1_498' title='bbox 2884 2300 3128 2377; x_wconf 88' lang='grc' dir='ltr'>γενέσθαι</span> <span class='ocrx_word' id='word_1_499' title='bbox 3160 2322 3212 2355; x_wconf 89' lang='grc' dir='ltr'><strong>τι</strong></span> <span class='ocrx_word' id='word_1_500' title='bbox 3231 2301 3503 2370; x_wconf 69' lang='grc' dir='ltr'>τοιοῦτον,</span> <span class='ocrx_word' id='word_1_501' title='bbox 3538 2299 3718 2352; x_wconf 85' lang='grc' dir='ltr'>καθότι</span> <span class='ocrx_word' id='word_1_502' title='bbox 3736 2294 3882 2349; x_wconf 72' lang='grc' dir='ltr'>λυπεῖ</span> 
     </span>
    </p>
   </div>
   <div class='ocr_carea' id='block_1_74' title="bbox 2249 2382 3878 2472">
    <p class='ocr_par' dir='ltr' id='par_1_74' title="bbox 2249 2382 3878 2472">
     <span class='ocr_line' id='line_1_75' title="bbox 2249 2382 3878 2472; baseline -0.007 -25"><span class='ocrx_word' id='word_1_503' title='bbox 2249 2389 2473 2472; x_wconf 76' lang='grc' dir='ltr'>σφόδρα,</span> <span class='ocrx_word' id='word_1_504' title='bbox 2533 2393 2622 2447; x_wconf 85' lang='grc' dir='ltr'><strong>καὶ</strong></span> <span class='ocrx_word' id='word_1_505' title='bbox 2680 2392 2754 2452; x_wconf 88' lang='grc' dir='ltr'>εἷς</span> <span class='ocrx_word' id='word_1_506' title='bbox 2811 2388 3055 2469; x_wconf 76' lang='grc' dir='ltr'>ἐσχάτην</span> <span class='ocrx_word' id='word_1_507' title='bbox 3146 2385 3368 2454; x_wconf 81' lang='grc' dir='ltr'>ἀκηδίαν</span> <span class='ocrx_word' id='word_1_508' title='bbox 3430 2383 3716 2464; x_wconf 72' lang='grc' dir='ltr'>καταφέρει</span> <span class='ocrx_word' id='word_1_509' title='bbox 3767 2382 3878 2444; x_wconf 79' lang='grc' dir='ltr'>τοὺς</span> 
     </span>
    </p>
   </div>
   <div class='ocr_carea' id='block_1_75' title="bbox 2249 2472 3878 2559">
    <p class='ocr_par' dir='ltr' id='par_1_75' title="bbox 2249 2472 3878 2559">
     <span class='ocr_line' id='line_1_76' title="bbox 2249 2472 3878 2559; baseline -0.006 -23"><span class='ocrx_word' id='word_1_510' title='bbox 2249 2479 2598 2559; x_wconf 74' lang='grc' dir='ltr'>ἁπανταχόσε</span> <span class='ocrx_word' id='word_1_511' title='bbox 2658 2480 2758 2552; x_wconf 74' lang='grc' dir='ltr'><strong>γῆς</strong></span> <span class='ocrx_word' id='word_1_512' title='bbox 2819 2479 2975 2542; x_wconf 76' lang='grc' dir='ltr'>ὄντας</span> <span class='ocrx_word' id='word_1_513' title='bbox 3038 2475 3486 2539; x_wconf 76' lang='grc' dir='ltr'>θεοσεϐεστοίτους</span> <span class='ocrx_word' id='word_1_514' title='bbox 3545 2472 3878 2541; x_wconf 66' lang='grc' dir='ltr'>ἓπισκόπους,</span> 
     </span>
    </p>
   </div>
   <div class='ocr_carea' id='block_1_76' title="bbox 2250 2566 3877 2646">
    <p class='ocr_par' dir='ltr' id='par_1_76' title="bbox 2250 2566 3877 2646">
     <span class='ocr_line' id='line_1_77' title="bbox 2250 2566 3877 2646; baseline -0.006 -20"><span class='ocrx_word' id='word_1_515' title='bbox 2250 2572 2311 2626; x_wconf 78' lang='grc' dir='ltr'>τὸ</span> <span class='ocrx_word' id='word_1_516' title='bbox 2367 2571 2711 2626; x_wconf 75' lang='grc' dir='ltr'>ἀπαιτεῖσθαι</span> <span class='ocrx_word' id='word_1_517' title='bbox 2757 2567 2950 2646; x_wconf 83' lang='grc' dir='ltr'>λόγους</span> <span class='ocrx_word' id='word_1_518' title='bbox 3010 2567 3108 2635; x_wconf 76' lang='grc' dir='ltr'><strong>τῆς</strong></span> <span class='ocrx_word' id='word_1_519' title='bbox 3168 2566 3483 2640; x_wconf 74' lang='grc' dir='ltr'>οἰκονομίας</span> <span class='ocrx_word' id='word_1_520' title='bbox 3526 2569 3633 2621; x_wconf 81' lang='grc' dir='ltr'>τῶν</span> <span class='ocrx_word' id='word_1_521' title='bbox 3661 2583 3877 2640; x_wconf 86' lang='grc' dir='ltr'>παραπι-</span> 
     </span>
    </p>
   </div>
   <div class='ocr_carea' id='block_1_77' title="bbox 2250 2649 3877 2732">
    <p class='ocr_par' dir='ltr' id='par_1_77' title="bbox 2250 2649 3877 2732">
     <span class='ocr_line' id='line_1_78' title="bbox 2250 2649 3877 2732; baseline -0.008 -15"><span class='ocrx_word' id='word_1_522' title='bbox 2250 2664 2494 2717; x_wconf 82' lang='grc' dir='ltr'>πτόντων</span> <span class='ocrx_word' id='word_1_523' title='bbox 2565 2660 2748 2722; x_wconf 74' lang='grc' dir='ltr'>αὐτοῖς</span> <span class='ocrx_word' id='word_1_524' title='bbox 2837 2657 3234 2732; x_wconf 76' lang='grc' dir='ltr'>ἀναλωμάτων,</span> <span class='ocrx_word' id='word_1_525' title='bbox 3314 2655 3428 2711; x_wconf 75' lang='grc' dir='ltr'>εἴτε</span> <span class='ocrx_word' id='word_1_526' title='bbox 3509 2655 3570 2712; x_wconf 77' lang='grc' dir='ltr'>ἐκ</span> <span class='ocrx_word' id='word_1_527' title='bbox 3626 2649 3877 2731; x_wconf 72' lang='grc' dir='ltr'>προσόδων</span> 
     </span>
    </p>
   </div>
   <div class='ocr_carea' id='block_1_78' title="bbox 2252 2747 3877 2820">
    <p class='ocr_par' dir='ltr' id='par_1_78' title="bbox 2252 2747 3877 2820">
     <span class='ocr_line' id='line_1_79' title="bbox 2252 2747 3877 2820; baseline -0.005 -16"><span class='ocrx_word' id='word_1_528' title='bbox 2252 2748 2738 2820; x_wconf 76' lang='grc' dir='ltr'>ἑκκλησιαστικῶν,</span> <span class='ocrx_word' id='word_1_529' title='bbox 2787 2747 2894 2803; x_wconf 76' lang='grc' dir='ltr'>εἴτ’</span> <span class='ocrx_word' id='word_1_530' title='bbox 2951 2749 3042 2803; x_wconf 79' lang='grc' dir='ltr'><strong>οὖν</strong></span> <span class='ocrx_word' id='word_1_531' title='bbox 3084 2749 3171 2803; x_wconf 88' lang='grc' dir='ltr'><strong>καὶ</strong></span> <span class='ocrx_word' id='word_1_532' title='bbox 3215 2747 3321 2802; x_wconf 81' lang='grc' dir='ltr'>ἀπὸ</span> <span class='ocrx_word' id='word_1_533' title='bbox 3377 2751 3480 2812; x_wconf 77' lang='grc' dir='ltr'>τῆς</span> <span class='ocrx_word' id='word_1_534' title='bbox 3544 2766 3704 2800; x_wconf 88' lang='grc' dir='ltr'>τινων</span> <span class='ocrx_word' id='word_1_535' title='bbox 3755 2762 3877 2817; x_wconf 83' lang='grc' dir='ltr'>καρ-</span> 
     </span>
    </p>
   </div>
   <div class='ocr_carea' id='block_1_79' title="bbox 2252 2833 3876 2918">
    <p class='ocr_par' dir='ltr' id='par_1_79' title="bbox 2252 2833 3876 2918">
     <span class='ocr_line' id='line_1_80' title="bbox 2252 2833 3876 2918; baseline -0.006 -23"><span class='ocrx_word' id='word_1_536' title='bbox 2252 2838 2511 2918; x_wconf 67' lang='grc' dir='ltr'>ποφορίας</span> <span class='ocrx_word' id='word_1_537' title='bbox 2549 2855 2562 2869; x_wconf 86' lang='grc'><strong><em>⁸</em></strong></span> <span class='ocrx_word' id='word_1_538' title='bbox 2638 2835 2864 2898; x_wconf 78' lang='grc' dir='ltr'>ἕκαστος</span> <span class='ocrx_word' id='word_1_539' title='bbox 2938 2837 3038 2914; x_wconf 78' lang='grc' dir='ltr'><strong>γὰρ</strong></span> <span class='ocrx_word' id='word_1_540' title='bbox 3097 2837 3255 2910; x_wconf 76' lang='grc' dir='ltr'>ἡμῶν</span> <span class='ocrx_word' id='word_1_541' title='bbox 3314 2835 3422 2891; x_wconf 80' lang='grc' dir='ltr'><strong>τῶν</strong></span> <span class='ocrx_word' id='word_1_542' title='bbox 3496 2833 3640 2889; x_wconf 75' lang='grc' dir='ltr'>ἰδίων</span> <span class='ocrx_word' id='word_1_543' title='bbox 3725 2834 3876 2908; x_wconf 80' lang='grc' dir='ltr'>καιρῷ</span> 
     </span>
    </p>
   </div>
   <div class='ocr_carea' id='block_1_80' title="bbox 2253 2919 3876 3006">
    <p class='ocr_par' dir='ltr' id='par_1_80' title="bbox 2253 2919 3876 3006">
     <span class='ocr_line' id='line_1_81' title="bbox 2253 2919 3876 3006; baseline -0.005 -23"><span class='ocrx_word' id='word_1_544' title='bbox 2253 2926 2412 2983; x_wconf 83' lang='grc' dir='ltr'>δώσει</span> <span class='ocrx_word' id='word_1_545' title='bbox 2473 2924 2637 3005; x_wconf 84' lang='grc' dir='ltr'>λόγον</span> <span class='ocrx_word' id='word_1_546' title='bbox 2695 2933 2769 3000; x_wconf 76' lang='grc' dir='ltr'>τῷ</span> <span class='ocrx_word' id='word_1_547' title='bbox 2815 2927 3031 3006; x_wconf 80' lang='grc' dir='ltr'>πάντων</span> <span class='ocrx_word' id='word_1_548' title='bbox 3080 2931 3259 3003; x_wconf 72' lang='grc' dir='ltr'>κριτῇ.</span> <span class='ocrx_word' id='word_1_549' title='bbox 3315 2921 3587 2998; x_wconf 79' lang='grc' dir='ltr'>Κειμήλια</span> <span class='ocrx_word' id='word_1_550' title='bbox 3644 2920 3735 2996; x_wconf 73' lang='grc' dir='ltr'>μὲν</span> <span class='ocrx_word' id='word_1_551' title='bbox 3789 2919 3876 2994; x_wconf 76' lang='grc' dir='ltr'><strong>γὰρ</strong></span> 
     </span>
    </p>
   </div>
   <div class='ocr_carea' id='block_1_81' title="bbox 2251 3008 3876 3087">
    <p class='ocr_par' dir='ltr' id='par_1_81' title="bbox 2251 3008 3876 3087">
     <span class='ocr_line' id='line_1_82' title="bbox 2251 3008 3876 3087; baseline -0.009 -12"><span class='ocrx_word' id='word_1_552' title='bbox 2251 3019 2338 3076; x_wconf 82' lang='grc' dir='ltr'><strong>καὶ</strong></span> <span class='ocrx_word' id='word_1_553' title='bbox 2370 3017 2588 3087; x_wconf 77' lang='grc' dir='ltr'>κτήσεις</span> <span class='ocrx_word' id='word_1_554' title='bbox 2648 3015 2961 3087; x_wconf 75' lang='grc' dir='ltr'>ἀκινήτους,</span> <span class='ocrx_word' id='word_1_555' title='bbox 3022 3015 3394 3083; x_wconf 76' lang='grc' dir='ltr'>ἀνεκποιήτως</span> <span class='ocrx_word' id='word_1_556' title='bbox 3427 3026 3554 3074; x_wconf 75' lang='grc' dir='ltr'>ταῖς</span> <span class='ocrx_word' id='word_1_557' title='bbox 3585 3008 3876 3075; x_wconf 79' lang='grc' dir='ltr'>ἐκκλησίαις</span> 
     </span>
    </p>
   </div>
   <div class='ocr_carea' id='block_1_82' title="bbox 2255 3097 3875 3186">
    <p class='ocr_par' dir='ltr' id='par_1_82' title="bbox 2255 3097 3875 3186">
     <span class='ocr_line' id='line_1_83' title="bbox 2255 3097 3875 3186; baseline -0.009 -21"><span class='ocrx_word' id='word_1_558' title='bbox 2255 3110 2514 3179; x_wconf 79' lang='grc' dir='ltr'>σώζεσθαι</span> <span class='ocrx_word' id='word_1_559' title='bbox 2559 3108 2670 3186; x_wconf 78' lang='grc' dir='ltr'>χρή</span> <span class='ocrx_word' id='word_1_560' title='bbox 2703 3121 2717 3136; x_wconf 87' lang='grc'>⁶</span> <span class='ocrx_word' id='word_1_561' title='bbox 2767 3109 3080 3182; x_wconf 79' lang='grc' dir='ltr'>θαρσεϊσθαι</span> <span class='ocrx_word' id='word_1_562' title='bbox 3137 3101 3198 3162; x_wconf 73' lang='grc' dir='ltr'><em>δὲ</em></span> <span class='ocrx_word' id='word_1_563' title='bbox 3219 3105 3339 3165; x_wconf 78' lang='grc' dir='ltr'>τοὺς</span> <span class='ocrx_word' id='word_1_564' title='bbox 3371 3104 3511 3160; x_wconf 76' lang='grc' dir='ltr'>κατὰ</span> <span class='ocrx_word' id='word_1_565' title='bbox 3574 3099 3753 3179; x_wconf 67' lang='grc' dir='ltr'>καιρὸν</span> <span class='ocrx_word' id='word_1_566' title='bbox 3791 3097 3875 3163; x_wconf 78' lang='grc' dir='ltr'>τὴν</span> 
     </span>
    </p>
   </div>
   <div class='ocr_carea' id='block_1_83' title="bbox 2251 3191 3877 3274">
    <p class='ocr_par' dir='ltr' id='par_1_83' title="bbox 2251 3191 3877 3274">
     <span class='ocr_line' id='line_1_84' title="bbox 2251 3191 3877 3274; baseline -0.008 -20"><span class='ocrx_word' id='word_1_567' title='bbox 2251 3198 2394 3255; x_wconf 76' lang='grc' dir='ltr'>θείαν</span> <span class='ocrx_word' id='word_1_568' title='bbox 2465 3195 2750 3260; x_wconf 85' lang='grc' dir='ltr'>διέποντας</span> <span class='ocrx_word' id='word_1_569' title='bbox 2847 3195 3161 3274; x_wconf 76' lang='grc' dir='ltr'>ἱερωσύνην,</span> <span class='ocrx_word' id='word_1_570' title='bbox 3223 3200 3356 3261; x_wconf 13' lang='grc' dir='ltr'>,τῶν</span> <span class='ocrx_word' id='word_1_571' title='bbox 3443 3191 3877 3271; x_wconf 87' lang='grc' dir='ltr'>παραπιπτόντων</span> 
     </span>
    </p>
   </div>
   <div class='ocr_carea' id='block_1_84' title="bbox 2255 3285 3118 3362">
    <p class='ocr_par' dir='ltr' id='par_1_84' title="bbox 2255 3285 3118 3362">
     <span class='ocr_line' id='line_1_85' title="bbox 2255 3285 3118 3362; baseline -0.005 -19"><span class='ocrx_word' id='word_1_572' title='bbox 2255 3285 2625 3362; x_wconf 76' lang='grc' dir='ltr'>ἀναλωμάτων</span> <span class='ocrx_word' id='word_1_573' title='bbox 2656 3286 2756 3352; x_wconf 58' lang='grc' dir='ltr'>τὴν</span> <span class='ocrx_word' id='word_1_574' title='bbox 2789 3285 3118 3359; x_wconf 78' lang='grc' dir='ltr'>οἰκονομίαν,</span> 
     </span>
    </p>
   </div>
   <div class='ocr_carea' id='block_1_85' title="bbox 2341 3364 3877 3450">
    <p class='ocr_par' dir='ltr' id='par_1_85' title="bbox 2341 3364 3877 3450">
     <span class='ocr_line' id='line_1_86' title="bbox 2341 3364 3877 3450; baseline -0.008 -18"><span class='ocrx_word' id='word_1_575' title='bbox 2341 3369 2403 3432; x_wconf 62' lang='grc' dir='ltr'><em>Ἠ</em></span> <span class='ocrx_word' id='word_1_576' title='bbox 2438 3375 2507 3447; x_wconf 74' lang='grc' dir='ltr'><strong>ιζ’</strong></span> <span class='ocrx_word' id='word_1_577' title='bbox 2569 3373 2802 3440; x_wconf 80' lang='grc' dir='ltr'>διαταξις</span> <span class='ocrx_word' id='word_1_578' title='bbox 2833 3381 2927 3432; x_wconf 81' lang='grc' dir='ltr'>τοῦ</span> <span class='ocrx_word' id='word_1_579' title='bbox 2979 3373 3034 3450; x_wconf 85' lang='grc' dir='ltr'><strong>β’</strong></span> <span class='ocrx_word' id='word_1_580' title='bbox 3070 3374 3174 3435; x_wconf 86' lang='grc' dir='ltr'>τίτ,</span> <span class='ocrx_word' id='word_1_581' title='bbox 3235 3381 3328 3431; x_wconf 74' lang='grc' dir='ltr'><strong>τοῦ</strong></span> <span class='ocrx_word' id='word_1_582' title='bbox 3372 3371 3428 3428; x_wconf 83' lang='grc' dir='ltr'>α’</span> <span class='ocrx_word' id='word_1_583' title='bbox 3465 3370 3615 3448; x_wconf 77' lang='grc' dir='ltr'>βιϐλ,</span> <span class='ocrx_word' id='word_1_584' title='bbox 3644 3377 3734 3428; x_wconf 76' lang='grc' dir='ltr'>τοῦ</span> <span class='ocrx_word' id='word_1_585' title='bbox 3761 3364 3877 3427; x_wconf 78' lang='grc' dir='ltr'>κώδ,</span> 
     </span>
    </p>
   </div>
   <div class='ocr_carea' id='block_1_86' title="bbox 2256 3460 3880 3547">
    <p class='ocr_par' dir='ltr' id='par_1_86' title="bbox 2256 3460 3880 3547">
     <span class='ocr_line' id='line_1_87' title="bbox 2256 3460 3880 3547; baseline -0.006 -24"><span class='ocrx_word' id='word_1_586' title='bbox 2256 3467 2442 3547; x_wconf 78' lang='grc' dir='ltr'>φησὶν,</span> <span class='ocrx_word' id='word_1_587' title='bbox 2528 3465 2615 3522; x_wconf 80' lang='grc' dir='ltr'><strong>ὅτι</strong></span> <span class='ocrx_word' id='word_1_588' title='bbox 2692 3472 2931 3532; x_wconf 76' lang='grc' dir='ltr'>κινητῶν</span> <span class='ocrx_word' id='word_1_589' title='bbox 3005 3464 3245 3520; x_wconf 81' lang='grc' dir='ltr'>ὑπόντων</span> <span class='ocrx_word' id='word_1_590' title='bbox 3319 3461 3514 3528; x_wconf 77' lang='grc' dir='ltr'>ἔξωθεν</span> <span class='ocrx_word' id='word_1_591' title='bbox 3573 3467 3677 3518; x_wconf 83' lang='grc' dir='ltr'>τῶν</span> <span class='ocrx_word' id='word_1_592' title='bbox 3741 3460 3880 3537; x_wconf 75' lang='grc' dir='ltr'>ἱερῶν</span> 
     </span>
    </p>
   </div>
   <div class='ocr_carea' id='block_1_87' title="bbox 2256 3549 3880 3633">
    <p class='ocr_par' dir='ltr' id='par_1_87' title="bbox 2256 3549 3880 3633">
     <span class='ocr_line' id='line_1_88' title="bbox 2256 3549 3880 3633; baseline -0.008 -20"><span class='ocrx_word' id='word_1_593' title='bbox 2256 3555 2486 3616; x_wconf 78' lang='grc' dir='ltr'>σκευῶν,</span> <span class='ocrx_word' id='word_1_594' title='bbox 2551 3553 2712 3633; x_wconf 80' lang='grc' dir='ltr'>ἀργεῖ</span> <span class='ocrx_word' id='word_1_595' title='bbox 2786 3555 2894 3611; x_wconf 74' lang='grc' dir='ltr'><strong>τῶν</strong></span> <span class='ocrx_word' id='word_1_596' title='bbox 2952 3552 3255 3631; x_wconf 79' lang='grc' dir='ltr'>ἀναγκαίων</span> <span class='ocrx_word' id='word_1_597' title='bbox 3311 3551 3586 3620; x_wconf 77' lang='grc' dir='ltr'>ἀκινήτων</span> <span class='ocrx_word' id='word_1_598' title='bbox 3641 3549 3726 3605; x_wconf 87' lang='grc' dir='ltr'><strong>καὶ</strong></span> <span class='ocrx_word' id='word_1_599' title='bbox 3789 3550 3880 3601; x_wconf 78' lang='grc' dir='ltr'>τῶν</span> 
     </span>
    </p>
   </div>
   <div class='ocr_carea' id='block_1_88' title="bbox 2255 3633 3879 3724">
    <p class='ocr_par' dir='ltr' id='par_1_88' title="bbox 2255 3633 3879 3724">
     <span class='ocr_line' id='line_1_89' title="bbox 2255 3633 3879 3724; baseline -0.004 -22"><span class='ocrx_word' id='word_1_600' title='bbox 2255 3645 2428 3724; x_wconf 77' lang='grc' dir='ltr'>ἄρτων</span> <span class='ocrx_word' id='word_1_601' title='bbox 2475 3647 2509 3713; x_wconf 75' lang='grc' dir='ltr'>ἡ</span> <span class='ocrx_word' id='word_1_602' title='bbox 2554 3644 2838 3711; x_wconf 79' lang='grc' dir='ltr'>ἐκποίησις</span> <span class='ocrx_word' id='word_1_603' title='bbox 2871 3643 2958 3700; x_wconf 83' lang='grc' dir='ltr'><strong>καὶ</strong></span> <span class='ocrx_word' id='word_1_604' title='bbox 3011 3643 3044 3710; x_wconf 74' lang='grc' dir='ltr'>ἡ</span> <span class='ocrx_word' id='word_1_605' title='bbox 3098 3642 3344 3712; x_wconf 73' lang='grc' dir='ltr'>δποθήκη</span> <span class='ocrx_word' id='word_1_606' title='bbox 3382 3660 3396 3675; x_wconf 88' lang='grc'><strong>·</strong></span> <span class='ocrx_word' id='word_1_607' title='bbox 3435 3643 3526 3696; x_wconf 83' lang='grc' dir='ltr'><strong>καὶ</strong></span> <span class='ocrx_word' id='word_1_608' title='bbox 3570 3642 3604 3708; x_wconf 83' lang='grc' dir='ltr'>ἡ</span> <span class='ocrx_word' id='word_1_609' title='bbox 3635 3637 3722 3694; x_wconf 82' lang='grc' dir='ltr'>κα¹</span> <span class='ocrx_word' id='word_1_610' title='bbox 3755 3633 3879 3695; x_wconf 73' lang='grc' dir='ltr'>διᾶτ.</span> 
     </span>
    </p>
   </div>
   <div class='ocr_carea' id='block_1_89' title="bbox 2254 3727 3879 3814">
    <p class='ocr_par' dir='ltr' id='par_1_89' title="bbox 2254 3727 3879 3814">
     <span class='ocr_line' id='line_1_90' title="bbox 2254 3727 3879 3814; baseline -0.006 -22"><span class='ocrx_word' id='word_1_611' title='bbox 2254 3745 2346 3794; x_wconf 82' lang='grc' dir='ltr'>τοῦ</span> <span class='ocrx_word' id='word_1_612' title='bbox 2392 3735 2550 3794; x_wconf 67' lang='grc' dir='ltr'>αυτοῦ</span> <span class='ocrx_word' id='word_1_613' title='bbox 2592 3735 2697 3797; x_wconf 83' lang='grc' dir='ltr'>τίτ.</span> <span class='ocrx_word' id='word_1_614' title='bbox 2746 3735 2932 3814; x_wconf 71' lang='grc' dir='ltr'>φησὶν,</span> <span class='ocrx_word' id='word_1_615' title='bbox 2966 3733 3048 3789; x_wconf 74' lang='grc' dir='ltr'><strong>ὅτι</strong></span> <span class='ocrx_word' id='word_1_616' title='bbox 3101 3735 3128 3789; x_wconf 83' lang='grc' dir='ltr'>ὁ</span> <span class='ocrx_word' id='word_1_617' title='bbox 3161 3732 3238 3807; x_wconf 79' lang='grc' dir='ltr'>μὴ</span> <span class='ocrx_word' id='word_1_618' title='bbox 3288 3727 3356 3788; x_wconf 80' lang='grc' dir='ltr'>δι’</span> <span class='ocrx_word' id='word_1_619' title='bbox 3403 3731 3683 3810; x_wconf 80' lang='grc' dir='ltr'>ἀνάῤῥυσιν</span> <span class='ocrx_word' id='word_1_620' title='bbox 3724 3728 3879 3806; x_wconf 81' lang='grc' dir='ltr'>αἰχμ-</span> 
     </span>
    </p>
   </div>
   <div class='ocr_carea' id='block_1_90' title="bbox 2259 3815 3880 3906">
    <p class='ocr_par' dir='ltr' id='par_1_90' title="bbox 2259 3815 3880 3906">
     <span class='ocr_line' id='line_1_91' title="bbox 2259 3815 3880 3906; baseline -0.007 -25"><span class='ocrx_word' id='word_1_621' title='bbox 2259 3824 2481 3882; x_wconf 78' lang='grc' dir='ltr'>αλώτων</span> <span class='ocrx_word' id='word_1_622' title='bbox 2512 3824 2795 3906; x_wconf 67' lang='grc' dir='ltr'>ἀγοράζων</span> <span class='ocrx_word' id='word_1_623' title='bbox 2823 3823 2938 3904; x_wconf 72' lang='grc' dir='ltr'>ἱεροὶ</span> <span class='ocrx_word' id='word_1_624' title='bbox 2967 3824 3157 3898; x_wconf 86' lang='grc' dir='ltr'>σκεύη,</span> <span class='ocrx_word' id='word_1_625' title='bbox 3190 3821 3225 3889; x_wconf 71' lang='grc' dir='ltr'><strong>ἢ</strong></span> <span class='ocrx_word' id='word_1_626' title='bbox 3284 3819 3618 3898; x_wconf 85' lang='grc' dir='ltr'>ἀπλώματα,</span> <span class='ocrx_word' id='word_1_627' title='bbox 3663 3819 3696 3887; x_wconf 76' lang='grc' dir='ltr'>ἣ</span> <span class='ocrx_word' id='word_1_628' title='bbox 3749 3815 3880 3890; x_wconf 86' lang='grc' dir='ltr'>λαμ-</span> 
     </span>
    </p>
   </div>
   <div class='ocr_carea' id='block_1_91' title="bbox 2258 3903 3881 3990">
    <p class='ocr_par' dir='ltr' id='par_1_91' title="bbox 2258 3903 3881 3990">
     <span class='ocr_line' id='line_1_92' title="bbox 2258 3903 3881 3990; baseline -0.005 -20"><span class='ocrx_word' id='word_1_629' title='bbox 2258 3912 2433 3970; x_wconf 76' lang='grc' dir='ltr'>ϐάνων</span> <span class='ocrx_word' id='word_1_630' title='bbox 2464 3916 2537 3980; x_wconf 81' lang='grc' dir='ltr'>εἷς</span> <span class='ocrx_word' id='word_1_631' title='bbox 2565 3903 2572 3904; x_wconf 17' lang='lat'><em>7</em></span> <span class='ocrx_word' id='word_1_632' title='bbox 2597 3903 2882 3980; x_wconf 78' lang='grc' dir='ltr'>ὑποθήκην</span> <span class='ocrx_word' id='word_1_633' title='bbox 2923 3913 2958 3981; x_wconf 79' lang='grc' dir='ltr'>ἢ</span> <span class='ocrx_word' id='word_1_634' title='bbox 3019 3911 3293 3990; x_wconf 78' lang='grc' dir='ltr'>ἐνέχυρον,</span> <span class='ocrx_word' id='word_1_635' title='bbox 3334 3913 3421 3966; x_wconf 79' lang='grc' dir='ltr'><strong>καί</strong></span> <span class='ocrx_word' id='word_1_636' title='bbox 3464 3916 3574 3966; x_wconf 82' lang='grc' dir='ltr'><strong>τῶν</strong></span> <span class='ocrx_word' id='word_1_637' title='bbox 3605 3908 3768 3983; x_wconf 80' lang='grc' dir='ltr'>τιμῶν</span> <span class='ocrx_word' id='word_1_638' title='bbox 3806 3903 3881 3958; x_wconf 77' lang='grc' dir='ltr'><strong>καὶ</strong></span> 
     </span>
    </p>
   </div>
   <div class='ocr_carea' id='block_1_92' title="bbox 2257 3996 3878 4085">
    <p class='ocr_par' dir='ltr' id='par_1_92' title="bbox 2257 3996 3878 4085">
     <span class='ocr_line' id='line_1_93' title="bbox 2257 3996 3878 4085; baseline -0.007 -25"><span class='ocrx_word' id='word_1_639' title='bbox 2257 4011 2350 4061; x_wconf 81' lang='grc' dir='ltr'>τοῦ</span> <span class='ocrx_word' id='word_1_640' title='bbox 2406 4005 2598 4085; x_wconf 72' lang='grc' dir='ltr'>χρέους</span> <span class='ocrx_word' id='word_1_641' title='bbox 2658 4003 2931 4079; x_wconf 81' lang='grc' dir='ltr'>ἐκπίπτει,</span> <span class='ocrx_word' id='word_1_642' title='bbox 2979 4004 3066 4058; x_wconf 86' lang='grc' dir='ltr'>καὶ</span> <span class='ocrx_word' id='word_1_643' title='bbox 3123 3999 3456 4057; x_wconf 77' lang='grc' dir='ltr'>ὲκδικοῦνται</span> <span class='ocrx_word' id='word_1_644' title='bbox 3505 3999 3592 4056; x_wconf 78' lang='grc' dir='ltr'>διὰ</span> <span class='ocrx_word' id='word_1_645' title='bbox 3623 4005 3723 4054; x_wconf 84' lang='grc' dir='ltr'><strong>τῶν</strong></span> <span class='ocrx_word' id='word_1_646' title='bbox 3769 3996 3878 4051; x_wconf 84' lang='grc' dir='ltr'>ἐπι-</span> 
     </span>
    </p>
   </div>
   <div class='ocr_carea' id='block_1_93' title="bbox 2260 4083 3879 4171">
    <p class='ocr_par' dir='ltr' id='par_1_93' title="bbox 2260 4083 3879 4171">
     <span class='ocr_line' id='line_1_94' title="bbox 2260 4083 3879 4171; baseline -0.007 -19"><span class='ocrx_word' id='word_1_647' title='bbox 2260 4095 2478 4152; x_wconf 82' lang='grc' dir='ltr'>σκόπων</span> <span class='ocrx_word' id='word_1_648' title='bbox 2535 4093 2628 4151; x_wconf 77' lang='grc' dir='ltr'><strong>καί</strong></span> <span class='ocrx_word' id='word_1_649' title='bbox 2685 4093 2986 4168; x_wconf 79' lang='grc' dir='ltr'>οἰκονόμων</span> <span class='ocrx_word' id='word_1_650' title='bbox 3052 4092 3139 4148; x_wconf 85' lang='grc' dir='ltr'><strong>καὶ</strong></span> <span class='ocrx_word' id='word_1_651' title='bbox 3213 4089 3652 4171; x_wconf 68' lang='grc' dir='ltr'>σκευοφδλάκων,</span> <span class='ocrx_word' id='word_1_652' title='bbox 3713 4089 3753 4143; x_wconf 82' lang='grc' dir='ltr'><strong>εἰ</strong></span> <span class='ocrx_word' id='word_1_653' title='bbox 3803 4083 3879 4138; x_wconf 78' lang='grc' dir='ltr'><strong>καὶ</strong></span> 
     </span>
    </p>
   </div>
   <div class='ocr_carea' id='block_1_94' title="bbox 2261 4176 3875 4263">
    <p class='ocr_par' dir='ltr' id='par_1_94' title="bbox 2261 4176 3875 4263">
     <span class='ocr_line' id='line_1_95' title="bbox 2261 4176 3875 4263; baseline -0.007 -25"><span class='ocrx_word' id='word_1_654' title='bbox 2261 4183 2637 4263; x_wconf 69' lang='grc' dir='ltr'>ἐχωνεύθησαν</span> <span class='ocrx_word' id='word_1_655' title='bbox 2673 4201 2687 4215; x_wconf 84' lang='grc'>⁶</span> <span class='ocrx_word' id='word_1_656' title='bbox 2751 4181 2786 4251; x_wconf 76' lang='grc' dir='ltr'><strong>ἢ</strong></span> <span class='ocrx_word' id='word_1_657' title='bbox 2841 4183 2930 4237; x_wconf 86' lang='grc' dir='ltr'><strong>καὶ</strong></span> <span class='ocrx_word' id='word_1_658' title='bbox 2977 4183 3028 4237; x_wconf 75' lang='grc' dir='ltr'>αἱ</span> <span class='ocrx_word' id='word_1_659' title='bbox 3080 4182 3230 4255; x_wconf 86' lang='grc' dir='ltr'>τιμαὶ</span> <span class='ocrx_word' id='word_1_660' title='bbox 3291 4181 3462 4237; x_wconf 76' lang='grc' dir='ltr'>αὐτῶν</span> <span class='ocrx_word' id='word_1_661' title='bbox 3524 4176 3875 4249; x_wconf 79' lang='grc' dir='ltr'>ἀπαιτοῦνται,</span> 
     </span>
    </p>
   </div>
   <div class='ocr_carea' id='block_1_95' title="bbox 2262 4261 3874 4354">
    <p class='ocr_par' dir='ltr' id='par_1_95' title="bbox 2262 4261 3874 4354">
     <span class='ocr_line' id='line_1_96' title="bbox 2262 4261 3874 4354; baseline -0.003 -25"><span class='ocrx_word' id='word_1_662' title='bbox 2262 4275 2307 4329; x_wconf 84' lang='grc' dir='ltr'><strong>εί</strong></span> <span class='ocrx_word' id='word_1_663' title='bbox 2365 4274 2442 4350; x_wconf 78' lang='grc' dir='ltr'>μὴ</span> <span class='ocrx_word' id='word_1_664' title='bbox 2501 4275 2803 4354; x_wconf 64' lang='grc' dir='ltr'>φαίνονται.</span> <span class='ocrx_word' id='word_1_665' title='bbox 2864 4273 3036 4338; x_wconf 83' lang='grc' dir='ltr'>Φησὶν</span> <span class='ocrx_word' id='word_1_666' title='bbox 3094 4267 3242 4347; x_wconf 77' lang='grc' dir='ltr'>βιϐΛ.</span> <span class='ocrx_word' id='word_1_667' title='bbox 3297 4268 3376 4337; x_wconf 88' lang='grc' dir='ltr'><strong>ιη’</strong></span> <span class='ocrx_word' id='word_1_668' title='bbox 3404 4271 3511 4332; x_wconf 85' lang='grc' dir='ltr'>τίτ,</span> <span class='ocrx_word' id='word_1_669' title='bbox 3547 4261 3874 4338; x_wconf 77' lang='grc' dir='ltr'>α’διάτ.ξβ’,</span> 
     </span>
    </p>
   </div>
   <div class='ocr_carea' id='block_1_96' title="bbox 2262 4353 3878 4442">
    <p class='ocr_par' dir='ltr' id='par_1_96' title="bbox 2262 4353 3878 4442">
     <span class='ocr_line' id='line_1_97' title="bbox 2262 4353 3878 4442; baseline -0.007 -24"><span class='ocrx_word' id='word_1_670' title='bbox 2262 4361 2344 4419; x_wconf 78' lang='grc' dir='ltr'><strong>ὅτι</strong></span> <span class='ocrx_word' id='word_1_671' title='bbox 2375 4366 2402 4419; x_wconf 77' lang='grc' dir='ltr'>ὁ</span> <span class='ocrx_word' id='word_1_672' title='bbox 2437 4362 2491 4418; x_wconf 79' lang='grc' dir='ltr'>ὲν</span> <span class='ocrx_word' id='word_1_673' title='bbox 2525 4363 2710 4442; x_wconf 69' lang='grc' dir='ltr'>ἀγνοία</span> <span class='ocrx_word' id='word_1_674' title='bbox 2748 4364 2808 4418; x_wconf 84' lang='grc' dir='ltr'>τὸ</span> <span class='ocrx_word' id='word_1_675' title='bbox 2840 4363 2980 4439; x_wconf 74' lang='grc' dir='ltr'>ἱερὸν</span> <span class='ocrx_word' id='word_1_676' title='bbox 3011 4363 3083 4422; x_wconf 81' lang='grc' dir='ltr'>ὡς</span> <span class='ocrx_word' id='word_1_677' title='bbox 3107 4358 3377 4416; x_wconf 81' lang='grc' dir='ltr'>ἰδιωτικὸν</span> <span class='ocrx_word' id='word_1_678' title='bbox 3408 4359 3704 4438; x_wconf 82' lang='grc' dir='ltr'>ἀγοράζων,</span> <span class='ocrx_word' id='word_1_679' title='bbox 3737 4353 3878 4410; x_wconf 83' lang='grc' dir='ltr'>εἶκαὶ</span> 
     </span>
    </p>
   </div>
   <div class='ocr_carea' id='block_1_97' title="bbox 2267 4445 3877 4529">
    <p class='ocr_par' dir='ltr' id='par_1_97' title="bbox 2267 4445 3877 4529">
     <span class='ocr_line' id='line_1_98' title="bbox 2267 4445 3877 4529; baseline -0.008 -20"><span class='ocrx_word' id='word_1_680' title='bbox 2267 4455 2344 4529; x_wconf 78' lang='grc' dir='ltr'>μὴ</span> <span class='ocrx_word' id='word_1_681' title='bbox 2376 4454 2680 4510; x_wconf 80' lang='grc' dir='ltr'>συνίσταται</span> <span class='ocrx_word' id='word_1_682' title='bbox 2712 4454 2746 4520; x_wconf 80' lang='grc' dir='ltr'>ἡ</span> <span class='ocrx_word' id='word_1_683' title='bbox 2790 4453 3014 4529; x_wconf 81' lang='grc' dir='ltr'>πράσις,</span> <span class='ocrx_word' id='word_1_684' title='bbox 3069 4449 3219 4524; x_wconf 80' lang='grc' dir='ltr'>ὅμως</span> <span class='ocrx_word' id='word_1_685' title='bbox 3253 4449 3367 4529; x_wconf 77' lang='grc' dir='ltr'>ἔχει</span> <span class='ocrx_word' id='word_1_686' title='bbox 3398 4450 3538 4506; x_wconf 78' lang='grc' dir='ltr'>κατὰ</span> <span class='ocrx_word' id='word_1_687' title='bbox 3569 4455 3659 4505; x_wconf 77' lang='grc' dir='ltr'>τοῦ</span> <span class='ocrx_word' id='word_1_688' title='bbox 3697 4445 3877 4524; x_wconf 73' lang='grc' dir='ltr'>πράτου</span> 
     </span>
    </p>
   </div>
   <div class='ocr_carea' id='block_1_98' title="bbox 2266 4538 3876 4621">
    <p class='ocr_par' dir='ltr' id='par_1_98' title="bbox 2266 4538 3876 4621">
     <span class='ocr_line' id='line_1_99' title="bbox 2266 4538 3876 4621; baseline -0.004 -23"><span class='ocrx_word' id='word_1_689' title='bbox 2266 4545 2338 4608; x_wconf 81' lang='grc' dir='ltr'><strong>είς</strong></span> <span class='ocrx_word' id='word_1_690' title='bbox 2369 4542 2501 4620; x_wconf 83' lang='grc' dir='ltr'>ὅπερ</span> <span class='ocrx_word' id='word_1_691' title='bbox 2532 4545 2675 4616; x_wconf 73' lang='grc' dir='ltr'>αὒτῷ</span> <span class='ocrx_word' id='word_1_692' title='bbox 2705 4539 2910 4621; x_wconf 71' lang='grc' dir='ltr'>διέφερε</span> <span class='ocrx_word' id='word_1_693' title='bbox 2943 4543 3022 4616; x_wconf 82' lang='grc' dir='ltr'>μὴ</span> <span class='ocrx_word' id='word_1_694' title='bbox 3055 4540 3398 4608; x_wconf 76' lang='grc' dir='ltr'>ἀπατηθῆναι</span> <span class='ocrx_word' id='word_1_695' title='bbox 3419 4557 3432 4570; x_wconf 90' lang='grc'><strong>·</strong></span> <span class='ocrx_word' id='word_1_696' title='bbox 3469 4541 3558 4597; x_wconf 78' lang='grc' dir='ltr'>καὶ</span> <span class='ocrx_word' id='word_1_697' title='bbox 3592 4538 3876 4595; x_wconf 84' lang='grc' dir='ltr'>Ἰνστιτουτ.</span> 
     </span>
    </p>
   </div>
   <div class='ocr_carea' id='block_1_99' title="bbox 2269 4627 3876 4711">
    <p class='ocr_par' dir='ltr' id='par_1_99' title="bbox 2269 4627 3876 4711">
     <span class='ocr_line' id='line_1_100' title="bbox 2269 4627 3876 4711; baseline -0.005 -25"><span class='ocrx_word' id='word_1_698' title='bbox 2269 4632 2365 4708; x_wconf 88' lang='grc' dir='ltr'>ιβ’,</span> <span class='ocrx_word' id='word_1_699' title='bbox 2399 4635 2502 4694; x_wconf 88' lang='grc' dir='ltr'>τίτ.</span> <span class='ocrx_word' id='word_1_700' title='bbox 2538 4632 2588 4687; x_wconf 85' lang='grc' dir='ltr'>α’</span> <span class='ocrx_word' id='word_1_701' title='bbox 2619 4631 2892 4711; x_wconf 81' lang='grc' dir='ltr'>φησὶν,δτι</span> <span class='ocrx_word' id='word_1_702' title='bbox 2925 4632 2988 4687; x_wconf 82' lang='grc' dir='ltr'><strong>τὰ</strong></span> <span class='ocrx_word' id='word_1_703' title='bbox 3018 4631 3132 4707; x_wconf 82' lang='grc' dir='ltr'>ἱερά</span> <span class='ocrx_word' id='word_1_704' title='bbox 3165 4631 3357 4703; x_wconf 84' lang='grc' dir='ltr'>σκεύη,</span> <span class='ocrx_word' id='word_1_705' title='bbox 3393 4627 3512 4686; x_wconf 70' lang='grc' dir='ltr'>οὕτε</span> <span class='ocrx_word' id='word_1_706' title='bbox 3552 4627 3876 4705; x_wconf 75' lang='grc' dir='ltr'>πιπράσκεται</span> 
     </span>
    </p>
   </div>
   <div class='ocr_carea' id='block_1_100' title="bbox 2269 4707 3875 4801">
    <p class='ocr_par' dir='ltr' id='par_1_100' title="bbox 2269 4707 3875 4801">
     <span class='ocr_line' id='line_1_101' title="bbox 2269 4707 3875 4801; baseline -0.009 -22"><span class='ocrx_word' id='word_1_707' title='bbox 2269 4720 2386 4779; x_wconf 69' lang='grc' dir='ltr'>οὔτε</span> <span class='ocrx_word' id='word_1_708' title='bbox 2431 4721 2760 4801; x_wconf 74' lang='grc' dir='ltr'>ὑποτίθεται,</span> <span class='ocrx_word' id='word_1_709' title='bbox 2792 4723 2834 4777; x_wconf 84' lang='grc' dir='ltr'><strong>εἰ</strong></span> <span class='ocrx_word' id='word_1_710' title='bbox 2865 4723 2944 4795; x_wconf 79' lang='grc' dir='ltr'>μὴ</span> <span class='ocrx_word' id='word_1_711' title='bbox 2972 4717 3058 4777; x_wconf 80' lang='grc' dir='ltr'><strong>διὰ</strong></span> <span class='ocrx_word' id='word_1_712' title='bbox 3081 4719 3232 4776; x_wconf 80' lang='grc' dir='ltr'>λύσιν</span> <span class='ocrx_word' id='word_1_713' title='bbox 3264 4717 3632 4798; x_wconf 77' lang='grc' dir='ltr'>αἰχμαλώτων</span> <span class='ocrx_word' id='word_1_714' title='bbox 3657 4735 3670 4749; x_wconf 76' lang='grc' dir='ltr'><strong><em>ο</em></strong></span> <span class='ocrx_word' id='word_1_715' title='bbox 3702 4717 3733 4782; x_wconf 80' lang='grc' dir='ltr'>ἡ</span> <span class='ocrx_word' id='word_1_716' title='bbox 3764 4711 3812 4767; x_wconf 73' lang='grc' dir='ltr'><strong>δὲ</strong></span> <span class='ocrx_word' id='word_1_717' title='bbox 3834 4707 3875 4765; x_wconf 85' lang='grc' dir='ltr'>α’</span> 
     </span>
    </p>
   </div>
   <div class='ocr_carea' id='block_1_101' title="bbox 543 4788 2171 4904">
    <p class='ocr_par' dir='ltr' id='par_1_101' title="bbox 543 4788 2171 4904">
     <span class='ocr_line' id='line_1_102' title="bbox 543 4788 2171 4904; baseline -0.01 -18"><span class='ocrx_word' id='word_1_718' title='bbox 543 4830 791 4904; x_wconf 88' lang='lat' dir='ltr'><strong>propter</strong></span> <span class='ocrx_word' id='word_1_719' title='bbox 819 4788 1296 4902; x_wconf 61' lang='lat' dir='ltr'><strong>redemptionem</strong></span> <span class='ocrx_word' id='word_1_720' title='bbox 1329 4788 1720 4896; x_wconf 68' lang='lat' dir='ltr'><strong>captivorum.</strong></span> <span class='ocrx_word' id='word_1_721' title='bbox 1745 4788 1951 4874; x_wconf 69' lang='lat' dir='ltr'><strong>Gonst.</strong></span> <span class='ocrx_word' id='word_1_722' title='bbox 1983 4788 2171 4871; x_wconf 82' lang='lat' dir='ltr'><strong>autem</strong></span> 
     </span>
    </p>
   </div>
   <div class='ocr_carea' id='block_1_102' title="bbox 2251 4788 3878 4904">
    <p class='ocr_par' dir='ltr' id='par_1_102' title="bbox 2268 4788 3878 4904">
     <span class='ocr_line' id='line_1_103' title="bbox 2268 4788 3878 4904; baseline -0.007 -38"><span class='ocrx_word' id='word_1_723' title='bbox 2268 4811 2405 4904; x_wconf 74' lang='grc' dir='ltr'>διάτ.</span> <span class='ocrx_word' id='word_1_724' title='bbox 2440 4821 2533 4904; x_wconf 85' lang='grc' dir='ltr'><strong>του</strong></span> <span class='ocrx_word' id='word_1_725' title='bbox 2561 4810 2640 4904; x_wconf 66' lang='grc' dir='ltr'><strong>β’Δ</strong></span> <span class='ocrx_word' id='word_1_726' title='bbox 2671 4788 2774 4873; x_wconf 47' lang='grc' dir='ltr'><strong>τίτ,⁸</strong></span> <span class='ocrx_word' id='word_1_727' title='bbox 2820 4788 2927 4867; x_wconf 64' lang='grc' dir='ltr'><strong>των</strong></span> <span class='ocrx_word' id='word_1_728' title='bbox 2978 4816 3220 4886; x_wconf 82' lang='grc' dir='ltr'>Νεαρῶν,</span> <span class='ocrx_word' id='word_1_729' title='bbox 3267 4788 3559 4885; x_wconf 70' lang='grc' dir='ltr'>ἐπίτιμίοις</span> <span class='ocrx_word' id='word_1_730' title='bbox 3614 4799 3878 4863; x_wconf 80' lang='grc' dir='ltr'>ὑποϐάλλει</span> 
     </span>
    </p>
   </div>
   <div class='ocr_carea' id='block_1_103' title="bbox 547 4899 2188 4989">
    <p class='ocr_par' dir='ltr' id='par_1_103' title="bbox 547 4899 2188 4989">
     <span class='ocr_line' id='line_1_104' title="bbox 547 4899 2188 4989; baseline -0.01 -13"><span class='ocrx_word' id='word_1_731' title='bbox 547 4899 602 4988; x_wconf 70' lang='grc' dir='ltr'>ἰ,</span> <span class='ocrx_word' id='word_1_732' title='bbox 641 4899 728 4974; x_wconf 84' lang='lat' dir='ltr'><strong>tit.</strong></span> <span class='ocrx_word' id='word_1_733' title='bbox 762 4914 804 4974; x_wconf 74' lang='grc'><strong>2</strong></span> <span class='ocrx_word' id='word_1_734' title='bbox 832 4899 1219 4974; x_wconf 84' lang='lat' dir='ltr'><strong>Novellarum</strong></span> <span class='ocrx_word' id='word_1_735' title='bbox 1256 4906 1450 4989; x_wconf 72' lang='lat' dir='ltr'><strong>poenis</strong></span> <span class='ocrx_word' id='word_1_736' title='bbox 1480 4902 1723 4982; x_wconf 88' lang='lat' dir='ltr'><strong>subjicit</strong></span> <span class='ocrx_word' id='word_1_737' title='bbox 1752 4899 1985 4981; x_wconf 87' lang='lat' dir='ltr'><strong>eos,qui</strong></span> <span class='ocrx_word' id='word_1_738' title='bbox 2017 4917 2188 4989; x_wconf 81' lang='lat' dir='ltr'><strong>sacra</strong></span> 
     </span>
    </p>
   </div>
   <div class='ocr_carea' id='block_1_104' title="bbox 547 4987 2187 5080">
    <p class='ocr_par' dir='ltr' id='par_1_104' title="bbox 547 4987 2187 5080">
     <span class='ocr_line' id='line_1_105' title="bbox 547 4987 2187 5080; baseline -0.009 -17"><span class='ocrx_word' id='word_1_739' title='bbox 547 4987 686 5064; x_wconf 88' lang='lat' dir='ltr'><strong>vasa</strong></span> <span class='ocrx_word' id='word_1_740' title='bbox 712 5009 918 5064; x_wconf 88' lang='lat' dir='ltr'><strong>contra</strong></span> <span class='ocrx_word' id='word_1_741' title='bbox 951 5000 1141 5080; x_wconf 87' lang='lat' dir='ltr'><strong>legem</strong></span> <span class='ocrx_word' id='word_1_742' title='bbox 1195 4987 1441 5078; x_wconf 78' lang='lat' dir='ltr'><strong>propter</strong></span> <span class='ocrx_word' id='word_1_743' title='bbox 1487 4991 1962 5074; x_wconf 88' lang='lat' dir='ltr'><strong>redemptionem</strong></span> <span class='ocrx_word' id='word_1_744' title='bbox 1993 4987 2187 5070; x_wconf 84' lang='lat' dir='ltr'><strong>capti-</strong></span> 
     </span>
    </p>
   </div>
   <div class='ocr_carea' id='block_1_105' title="bbox 543 5109 777 5154">
    <p class='ocr_par' dir='ltr' id='par_1_105' title="bbox 543 5109 777 5154">
     <span class='ocr_line' id='line_1_106' title="bbox 543 5109 777 5154; baseline -0.017 0"><span class='ocrx_word' id='word_1_745' title='bbox 543 5109 752 5154; x_wconf 85' lang='lat' dir='ltr'><strong>vorum</strong></span> <span class='ocrx_word' id='word_1_746' title='bbox 765 5136 777 5150; x_wconf 90' lang='lat'><strong>.</strong></span> 
     </span>
    </p>
   </div>
   <div class='ocr_carea' id='block_1_106' title="bbox 589 5173 2191 5258">
    <p class='ocr_par' dir='ltr' id='par_1_106' title="bbox 589 5173 2191 5258">
     <span class='ocr_line' id='line_1_107' title="bbox 589 5173 2191 5258; baseline -0.006 -18"><span class='ocrx_word' id='word_1_747' title='bbox 589 5175 1396 5258; x_wconf 74' lang='lat' dir='ltr'><strong>Tecctus.Const.2,ejusdem</strong></span> <span class='ocrx_word' id='word_1_748' title='bbox 1415 5175 1504 5237; x_wconf 90' lang='lat' dir='ltr'><strong>tit.</strong></span> <span class='ocrx_word' id='word_1_749' title='bbox 1529 5173 1767 5249; x_wconf 89' lang='lat' dir='ltr'><strong>dicit,ut</strong></span> <span class='ocrx_word' id='word_1_750' title='bbox 1782 5189 1856 5233; x_wconf 91' lang='lat' dir='ltr'><strong>ne</strong></span> <span class='ocrx_word' id='word_1_751' title='bbox 1872 5187 2040 5232; x_wconf 88' lang='lat' dir='ltr'><strong>sacra</strong></span> <span class='ocrx_word' id='word_1_752' title='bbox 2055 5186 2191 5230; x_wconf 85' lang='lat' dir='ltr'><strong>vasa</strong></span> 
     </span>
    </p>
   </div>
   <div class='ocr_carea' id='block_1_107' title="bbox 550 5260 2190 5347">
    <p class='ocr_par' dir='ltr' id='par_1_107' title="bbox 550 5260 2190 5347">
     <span class='ocr_line' id='line_1_108' title="bbox 550 5260 2190 5347; baseline -0.009 -13"><span class='ocrx_word' id='word_1_753' title='bbox 550 5271 688 5334; x_wconf 75' lang='grc'><strong>122</strong></span> <span class='ocrx_word' id='word_1_754' title='bbox 715 5269 1004 5332; x_wconf 64' lang='lat' dir='ltr'><strong>Ecclesia;</strong></span> <span class='ocrx_word' id='word_1_755' title='bbox 1018 5265 1823 5347; x_wconf 63' lang='lat' dir='ltr'><strong>Constantinopolitanaa,aut</strong></span> <span class='ocrx_word' id='word_1_756' title='bbox 1842 5260 2190 5340; x_wconf 79' lang='lat' dir='ltr'><strong>ubicunque</strong></span> 
     </span>
    </p>
   </div>
   <div class='ocr_carea' id='block_1_108' title="bbox 546 5351 2190 5429">
    <p class='ocr_par' dir='ltr' id='par_1_108' title="bbox 546 5351 2190 5429">
     <span class='ocr_line' id='line_1_109' title="bbox 546 5351 2190 5429; baseline -0.009 -6"><span class='ocrx_word' id='word_1_757' title='bbox 546 5360 1006 5423; x_wconf 75' lang='lat' dir='ltr'><strong>constitutorum</strong></span> <span class='ocrx_word' id='word_1_758' title='bbox 1031 5357 1427 5417; x_wconf 85' lang='lat' dir='ltr'><strong>oratoriorum</strong></span> <span class='ocrx_word' id='word_1_759' title='bbox 1452 5353 1625 5419; x_wconf 85' lang='lat' dir='ltr'><strong>aliter</strong></span> <span class='ocrx_word' id='word_1_760' title='bbox 1645 5351 2190 5429; x_wconf 80' lang='lat' dir='ltr'><strong>vendantur,oppo-</strong></span> 
     </span>
    </p>
   </div>
   <div class='ocr_carea' id='block_1_109' title="bbox 548 5439 2189 5530">
    <p class='ocr_par' dir='ltr' id='par_1_109' title="bbox 548 5439 2189 5530">
     <span class='ocr_line' id='line_1_110' title="bbox 548 5439 2189 5530; baseline -0.008 -19"><span class='ocrx_word' id='word_1_761' title='bbox 548 5458 888 5530; x_wconf 86' lang='lat' dir='ltr'><strong>nanturque</strong></span> <span class='ocrx_word' id='word_1_762' title='bbox 921 5446 1177 5528; x_wconf 89' lang='lat' dir='ltr'><strong>pignori,</strong></span> <span class='ocrx_word' id='word_1_763' title='bbox 1201 5464 1378 5522; x_wconf 89' lang='lat' dir='ltr'><strong>quam</strong></span> <span class='ocrx_word' id='word_1_764' title='bbox 1407 5463 1514 5525; x_wconf 88' lang='lat' dir='ltr'><strong>pro</strong></span> <span class='ocrx_word' id='word_1_765' title='bbox 1547 5442 1914 5524; x_wconf 87' lang='lat' dir='ltr'><strong>captivorum</strong></span> <span class='ocrx_word' id='word_1_766' title='bbox 1947 5439 2189 5530; x_wconf 81' lang='lat' dir='ltr'><strong>redem-</strong></span> 
     </span>
    </p>
   </div>
   <div class='ocr_carea' id='block_1_110' title="bbox 548 5527 2190 5622">
    <p class='ocr_par' dir='ltr' id='par_1_110' title="bbox 548 5527 2190 5622">
     <span class='ocr_line' id='line_1_111' title="bbox 548 5527 2190 5622; baseline -0.01 -19"><span class='ocrx_word' id='word_1_767' title='bbox 548 5527 972 5622; x_wconf 39' lang='lat' dir='ltr'><strong>ptione—Sane</strong></span> <span class='ocrx_word' id='word_1_768' title='bbox 1004 5538 1055 5598; x_wconf 90' lang='lat' dir='ltr'><strong>si</strong></span> <span class='ocrx_word' id='word_1_769' title='bbox 1087 5535 1256 5616; x_wconf 89' lang='lat' dir='ltr'><strong>plura</strong></span> <span class='ocrx_word' id='word_1_770' title='bbox 1288 5553 1422 5596; x_wconf 86' lang='lat' dir='ltr'><strong>vasa</strong></span> <span class='ocrx_word' id='word_1_771' title='bbox 1452 5537 1598 5610; x_wconf 88' lang='lat' dir='ltr'><strong>sint,</strong></span> <span class='ocrx_word' id='word_1_772' title='bbox 1619 5551 1751 5613; x_wconf 67' lang='lat' dir='ltr'><strong>quae</strong></span> <span class='ocrx_word' id='word_1_773' title='bbox 1779 5527 2190 5593; x_wconf 86' lang='lat' dir='ltr'><strong>necessarium</strong></span> 
     </span>
    </p>
   </div>
   <div class='ocr_carea' id='block_1_111' title="bbox 551 5617 2193 5712">
    <p class='ocr_par' dir='ltr' id='par_1_111' title="bbox 551 5617 2193 5712">
     <span class='ocr_line' id='line_1_112' title="bbox 551 5617 2193 5712; baseline -0.009 -18"><span class='ocrx_word' id='word_1_774' title='bbox 551 5617 645 5712; x_wconf 74' lang='lat' dir='ltr'><strong>[de</strong></span> <span class='ocrx_word' id='word_1_775' title='bbox 663 5632 745 5709; x_wconf 88' lang='lat' dir='ltr'><strong>se]</strong></span> <span class='ocrx_word' id='word_1_776' title='bbox 769 5647 941 5692; x_wconf 90' lang='lat' dir='ltr'><strong>usum</strong></span> <span class='ocrx_word' id='word_1_777' title='bbox 966 5631 1085 5690; x_wconf 75' lang='lat' dir='ltr'><strong>nan</strong></span> <span class='ocrx_word' id='word_1_778' title='bbox 1107 5625 1434 5708; x_wconf 76' lang='lat' dir='ltr'><strong>praebeant,</strong></span> <span class='ocrx_word' id='word_1_779' title='bbox 1467 5631 1526 5686; x_wconf 88' lang='lat' dir='ltr'><strong>et</strong></span> <span class='ocrx_word' id='word_1_780' title='bbox 1545 5621 1885 5700; x_wconf 89' lang='lat' dir='ltr'><strong>usuveniat,</strong></span> <span class='ocrx_word' id='word_1_781' title='bbox 1911 5617 2193 5699; x_wconf 86' lang='lat' dir='ltr'><strong>utaliqua</strong></span> 
     </span>
    </p>
   </div>
   <div class='ocr_carea' id='block_1_112' title="bbox 2267 4897 3877 4980">
    <p class='ocr_par' dir='ltr' id='par_1_112' title="bbox 2267 4897 3877 4980">
     <span class='ocr_line' id='line_1_113' title="bbox 2267 4897 3877 4980; baseline -0.003 -21"><span class='ocrx_word' id='word_1_782' title='bbox 2267 4902 2392 4966; x_wconf 78' lang='grc' dir='ltr'>τοὺς</span> <span class='ocrx_word' id='word_1_783' title='bbox 2435 4902 2502 4957; x_wconf 82' lang='grc' dir='ltr'><strong>τὰ</strong></span> <span class='ocrx_word' id='word_1_784' title='bbox 2545 4901 2658 4980; x_wconf 79' lang='grc' dir='ltr'>ἱερά</span> <span class='ocrx_word' id='word_1_785' title='bbox 2716 4902 2881 4969; x_wconf 79' lang='grc' dir='ltr'>σκεύη</span> <span class='ocrx_word' id='word_1_786' title='bbox 2927 4902 3071 4978; x_wconf 82' lang='grc' dir='ltr'><strong>παρά</strong></span> <span class='ocrx_word' id='word_1_787' title='bbox 3110 4901 3200 4956; x_wconf 78' lang='grc' dir='ltr'><strong>τὸν</strong></span> <span class='ocrx_word' id='word_1_788' title='bbox 3259 4901 3424 4975; x_wconf 92' lang='grc' dir='ltr'>νόμον</span> <span class='ocrx_word' id='word_1_789' title='bbox 3470 4897 3877 4979; x_wconf 74' lang='grc' dir='ltr'>ἐνεχυράζοντας,</span> 
     </span>
    </p>
   </div>
   <div class='ocr_carea' id='block_1_113' title="bbox 2269 4979 3878 5072">
    <p class='ocr_par' dir='ltr' id='par_1_113' title="bbox 2269 4979 3878 5072">
     <span class='ocr_line' id='line_1_114' title="bbox 2269 4979 3878 5072; baseline -0.002 -24"><span class='ocrx_word' id='word_1_790' title='bbox 2269 4992 2304 5060; x_wconf 72' lang='grc' dir='ltr'>ἢ</span> <span class='ocrx_word' id='word_1_791' title='bbox 2347 4989 2688 5072; x_wconf 82' lang='grc' dir='ltr'>πωλοῦντας,</span> <span class='ocrx_word' id='word_1_792' title='bbox 2745 4992 2780 5060; x_wconf 77' lang='grc' dir='ltr'>ἢ</span> <span class='ocrx_word' id='word_1_793' title='bbox 2839 4991 3206 5071; x_wconf 82' lang='grc' dir='ltr'>χωνεύοντας,</span> <span class='ocrx_word' id='word_1_794' title='bbox 3254 4989 3290 5058; x_wconf 72' lang='grc' dir='ltr'>ἢ</span> <span class='ocrx_word' id='word_1_795' title='bbox 3348 4988 3718 5063; x_wconf 80' lang='grc' dir='ltr'>ἑκποιοὺντας,</span> <span class='ocrx_word' id='word_1_796' title='bbox 3749 4979 3878 5057; x_wconf 75' lang='grc' dir='ltr'>εἷμῆ</span> 
     </span>
    </p>
   </div>
   <div class='ocr_carea' id='block_1_114' title="bbox 2271 5079 2962 5161">
    <p class='ocr_par' dir='ltr' id='par_1_114' title="bbox 2271 5079 2962 5161">
     <span class='ocr_line' id='line_1_115' title="bbox 2271 5079 2962 5161; baseline 0.001 -24"><span class='ocrx_word' id='word_1_797' title='bbox 2271 5079 2356 5137; x_wconf 79' lang='grc' dir='ltr'><strong>διὰ</strong></span> <span class='ocrx_word' id='word_1_798' title='bbox 2385 5080 2534 5138; x_wconf 88' lang='grc' dir='ltr'>λύσιν</span> <span class='ocrx_word' id='word_1_799' title='bbox 2570 5079 2962 5161; x_wconf 71' lang='grc' dir='ltr'>αἰχμαλώτων.</span> 
     </span>
    </p>
   </div>
   <div class='ocr_carea' id='block_1_115' title="bbox 2357 5157 3878 5251">
    <p class='ocr_par' dir='ltr' id='par_1_115' title="bbox 2357 5157 3878 5251">
     <span class='ocr_line' id='line_1_116' title="bbox 2357 5157 3878 5251; baseline -0.024 -3"><span class='ocrx_word' id='word_1_800' title='bbox 2357 5163 2421 5226; x_wconf 50' lang='grc' dir='ltr'><strong>Ἠ</strong></span> <span class='ocrx_word' id='word_1_801' title='bbox 2448 5167 2501 5226; x_wconf 66' lang='grc' dir='ltr'>δὲ</span> <span class='ocrx_word' id='word_1_802' title='bbox 2535 5171 2585 5244; x_wconf 73' lang='grc' dir='ltr'>β’</span> <span class='ocrx_word' id='word_1_803' title='bbox 2618 5169 2758 5234; x_wconf 79' lang='grc' dir='ltr'>διάτ.</span> <span class='ocrx_word' id='word_1_804' title='bbox 2790 5171 2886 5228; x_wconf 69' lang='grc' dir='ltr'><strong>τοῦ</strong></span> <span class='ocrx_word' id='word_1_805' title='bbox 2918 5170 3076 5228; x_wconf 74' lang='grc' dir='ltr'><strong>αὒτοῦ</strong></span> <span class='ocrx_word' id='word_1_806' title='bbox 3106 5170 3211 5233; x_wconf 85' lang='grc' dir='ltr'>τίτ.</span> <span class='ocrx_word' id='word_1_807' title='bbox 3266 5171 3453 5251; x_wconf 68' lang='grc' dir='ltr'>φησὶν,</span> <span class='ocrx_word' id='word_1_808' title='bbox 3501 5170 3635 5227; x_wconf 83' lang='grc' dir='ltr'>ὥστε</span> <span class='ocrx_word' id='word_1_809' title='bbox 3677 5164 3737 5221; x_wconf 77' lang='grc' dir='ltr'><strong>τὰ</strong></span> <span class='ocrx_word' id='word_1_810' title='bbox 3781 5157 3878 5236; x_wconf 76' lang='grc' dir='ltr'><strong>ἱερᾶ</strong></span> 
     </span>
    </p>
   </div>
   <div class='ocr_carea' id='block_1_116' title="bbox 2271 5254 3877 5335">
    <p class='ocr_par' dir='ltr' id='par_1_116' title="bbox 2271 5254 3877 5335">
     <span class='ocr_line' id='line_1_117' title="bbox 2271 5254 3877 5335; baseline -0.016 -6"><span class='ocrx_word' id='word_1_811' title='bbox 2271 5261 2436 5327; x_wconf 75' lang='grc' dir='ltr'>σκεύη</span> <span class='ocrx_word' id='word_1_812' title='bbox 2467 5260 2563 5329; x_wconf 72' lang='grc' dir='ltr'><strong>τῆς</strong></span> <span class='ocrx_word' id='word_1_813' title='bbox 2625 5260 2956 5328; x_wconf 84' lang='grc' dir='ltr'>Ἐκκλησίας</span> <span class='ocrx_word' id='word_1_814' title='bbox 3005 5259 3642 5335; x_wconf 80' lang='grc' dir='ltr'>Κωνσταντινουπόλεως,</span> <span class='ocrx_word' id='word_1_815' title='bbox 3672 5254 3754 5311; x_wconf 80' lang='grc' dir='ltr'><strong>καὶ</strong></span> <span class='ocrx_word' id='word_1_816' title='bbox 3788 5255 3877 5305; x_wconf 76' lang='grc' dir='ltr'>τῶν</span> 
     </span>
    </p>
   </div>
   <div class='ocr_carea' id='block_1_117' title="bbox 2272 5337 3878 5430">
    <p class='ocr_par' dir='ltr' id='par_1_117' title="bbox 2272 5337 3878 5430">
     <span class='ocr_line' id='line_1_118' title="bbox 2272 5337 3878 5430; baseline 0.002 -22"><span class='ocrx_word' id='word_1_817' title='bbox 2272 5349 2613 5421; x_wconf 77' lang='grc' dir='ltr'>ὁπουδήποτε</span> <span class='ocrx_word' id='word_1_818' title='bbox 2671 5350 2933 5427; x_wconf 72' lang='grc' dir='ltr'>κειμένων</span> <span class='ocrx_word' id='word_1_819' title='bbox 2992 5353 3312 5430; x_wconf 78' lang='grc' dir='ltr'>εὖκτηρίων,</span> <span class='ocrx_word' id='word_1_820' title='bbox 3369 5352 3450 5426; x_wconf 78' lang='grc' dir='ltr'>μὴ</span> <span class='ocrx_word' id='word_1_821' title='bbox 3500 5348 3670 5410; x_wconf 79' lang='grc' dir='ltr'>ἄλλως</span> <span class='ocrx_word' id='word_1_822' title='bbox 3700 5337 3878 5418; x_wconf 74' lang='grc' dir='ltr'>πιπρά-</span> 
     </span>
    </p>
   </div>
   <div class='ocr_carea' id='block_1_118' title="bbox 2274 5433 3876 5520">
    <p class='ocr_par' dir='ltr' id='par_1_118' title="bbox 2274 5433 3876 5520">
     <span class='ocr_line' id='line_1_119' title="bbox 2274 5433 3876 5520; baseline -0.007 -22"><span class='ocrx_word' id='word_1_823' title='bbox 2274 5444 2492 5498; x_wconf 83' lang='grc' dir='ltr'>σκεσθαι</span> <span class='ocrx_word' id='word_1_824' title='bbox 2535 5440 2571 5508; x_wconf 71' lang='grc' dir='ltr'><strong>ἥ</strong></span> <span class='ocrx_word' id='word_1_825' title='bbox 2629 5443 2989 5520; x_wconf 76' lang='grc' dir='ltr'>ὁποτίθεσθαι,</span> <span class='ocrx_word' id='word_1_826' title='bbox 3052 5443 3097 5497; x_wconf 82' lang='grc' dir='ltr'><strong>εἰ</strong></span> <span class='ocrx_word' id='word_1_827' title='bbox 3155 5443 3233 5516; x_wconf 79' lang='grc' dir='ltr'><strong>μὴ</strong></span> <span class='ocrx_word' id='word_1_828' title='bbox 3298 5441 3372 5507; x_wconf 80' lang='grc' dir='ltr'><strong>εἰς</strong></span> <span class='ocrx_word' id='word_1_829' title='bbox 3412 5438 3682 5517; x_wconf 66' lang='grc' dir='ltr'>ἀνέῤῥυσιν</span> <span class='ocrx_word' id='word_1_830' title='bbox 3724 5433 3876 5510; x_wconf 77' lang='grc' dir='ltr'>αἰχμ-</span> 
     </span>
    </p>
   </div>
   <div class='ocr_carea' id='block_1_119' title="bbox 2272 5521 3878 5606">
    <p class='ocr_par' dir='ltr' id='par_1_119' title="bbox 2272 5521 3878 5606">
     <span class='ocr_line' id='line_1_120' title="bbox 2272 5521 3878 5606; baseline -0.008 -18"><span class='ocrx_word' id='word_1_831' title='bbox 2272 5531 2496 5588; x_wconf 84' lang='grc' dir='ltr'>αλώτων</span> <span class='ocrx_word' id='word_1_832' title='bbox 2529 5552 2546 5571; x_wconf 88' lang='grc'>⁶</span> <span class='ocrx_word' id='word_1_833' title='bbox 2581 5533 2626 5587; x_wconf 83' lang='grc' dir='ltr'>εἷ</span> <span class='ocrx_word' id='word_1_834' title='bbox 2655 5531 2710 5588; x_wconf 78' lang='grc' dir='ltr'>δὲ</span> <span class='ocrx_word' id='word_1_835' title='bbox 2759 5530 2983 5588; x_wconf 81' lang='grc' dir='ltr'>πλείονα</span> <span class='ocrx_word' id='word_1_836' title='bbox 3024 5531 3141 5588; x_wconf 72' lang='grc' dir='ltr'>εἶεν</span> <span class='ocrx_word' id='word_1_837' title='bbox 3197 5531 3386 5605; x_wconf 85' lang='grc' dir='ltr'>σκεύη,</span> <span class='ocrx_word' id='word_1_838' title='bbox 3436 5527 3691 5606; x_wconf 82' lang='grc' dir='ltr'>μηδεμίαν</span> <span class='ocrx_word' id='word_1_839' title='bbox 3728 5521 3878 5593; x_wconf 81' lang='grc' dir='ltr'>ἀναγ-</span> 
     </span>
    </p>
   </div>
   <div class='ocr_carea' id='block_1_120' title="bbox 2273 5610 3877 5704">
    <p class='ocr_par' dir='ltr' id='par_1_120' title="bbox 2273 5610 3877 5704">
     <span class='ocr_line' id='line_1_121' title="bbox 2273 5610 3877 5704; baseline -0.006 -27"><span class='ocrx_word' id='word_1_840' title='bbox 2273 5622 2430 5678; x_wconf 89' lang='grc' dir='ltr'>καίαν</span> <span class='ocrx_word' id='word_1_841' title='bbox 2475 5629 2728 5681; x_wconf 80' lang='grc' dir='ltr'>ποιοῦντα</span> <span class='ocrx_word' id='word_1_842' title='bbox 2773 5628 3001 5704; x_wconf 78' lang='grc' dir='ltr'>χρῆσιν,</span> <span class='ocrx_word' id='word_1_843' title='bbox 3058 5617 3236 5700; x_wconf 81' lang='grc' dir='ltr'>συμϐῇ</span> <span class='ocrx_word' id='word_1_844' title='bbox 3286 5618 3340 5679; x_wconf 81' lang='grc' dir='ltr'><strong>δέ</strong></span> <span class='ocrx_word' id='word_1_845' title='bbox 3400 5641 3517 5678; x_wconf 89' lang='grc' dir='ltr'>τινα</span> <span class='ocrx_word' id='word_1_846' title='bbox 3559 5615 3659 5674; x_wconf 80' lang='grc' dir='ltr'>τῶν</span> <span class='ocrx_word' id='word_1_847' title='bbox 3699 5610 3877 5689; x_wconf 76' lang='grc' dir='ltr'>εὖαγῶν</span> 
     </span>
    </p>
   </div>
  </div>
