2074 3099
189 149 245 186 581

188 224 274 252 οἴκων
310 224 466 262 βαρύνεπθαι
509 223 629 263 χρέεαιν,
662 224 684 251 εἰ
717 223 757 261 μὴ
796 222 905 251 ὕπεστιν
934 222 1009 260 ἔτερα

188 269 286 302 κινητὰ
315 270 470 308 πράγματα,
495 269 522 301 ἐξ
543 270 582 296 ὧν
606 268 707 309 δφείλει
736 267 843 300 δοθῆναι
865 269 898 296 τὰ
929 267 1009 307 χρέα,

190 312 266 342 ἄδεια
294 314 369 342 ἔσται
399 313 594 351 συνισταμένης
631 313 750 352 πράξεως
785 312 916 352 ἀξημίως,
948 312 1009 339 ἐπι-

188 358 290 386 σκόπου
333 359 381 396 μὲν
422 358 593 389 ὲγποιοῠντος
633 359 704 397 παρὰ
742 361 780 395 τῷ
810 356 1007 395 μητροπολίτῃ,

188 402 389 442 μητροπολίτου
413 403 440 431 δὲ
470 403 540 441 παρὰ
573 406 610 440 τῷ
636 402 693 438 ἰδίῳ
707 403 876 441 πκτριάρχῃ,
893 402 925 430 τὰ
953 401 1010 439 ἱερὰ

188 449 273 481 σκεύη
301 449 334 476 τὰ
367 448 477 486 περιττὰ
507 447 599 479 ἄλλοις
638 448 760 485 ιῦαγὲσιν
793 446 882 478 οἴκοις
917 447 1010 486 χρείαν

188 492 283 532 ἔχουσι
307 493 408 521 πωλεῖν
435 492 454 525 ἧ
479 495 610 531 χωνεύειν
635 493 679 520 καὶ
695 492 871 531 πεπράσκειν,
890 493 932 520 καὶ
960 492 1009 525 τὴν

187 538 274 565 αὖτών
302 538 385 574 τιμὴν
415 538 452 569 εἷς
481 538 512 564 τὸ
541 538 623 576 χρέος
651 537 794 576 παρέχεινι
825 536 893 564 ὥστε
923 536 961 574 μὴ
976 535 1010 564 τὰ

187 582 301 615 ἀκίνητα
319 582 498 612 ἐκποιεῖσθιι,

229 671 308 709 Λέγει
328 670 355 698 δὲ
370 670 445 708 βιϐλ,
467 670 507 710 α’,
524 681 577 700 ιιτ.
593 669 644 710 ιη’,
667 669 738 702 ὂιάτ,
754 670 802 709 ιγ’⁷
818 669 858 698 ὅτι
873 670 897 698 οἱ
912 668 1010 709 ἄρχον-

189 725 233 746 τες
249 715 409 750 ἀναζητοῧσι
424 716 485 747 τοὺς
501 715 652 754 ἱεροσύλους
670 723 677 730 ⁸
695 715 743 743 καί
759 714 832 753 βιϐλ,
852 715 885 755 ι’,
901 725 952 744 τιτ.
969 713 1007 752 β’,

188 758 242 798 δίγ,
259 759 295 795 δ’,
311 760 352 787 ὅτι
378 761 410 787 τὰ
439 760 465 792 ἐξ
494 760 642 799 ἱεροσυλίας
671 759 815 795 κτηθέντα⁹
831 759 861 787 οὔ
875 758 1009 796 διαιροῦν-

188 815 232 832 ται
254 805 278 832 οἱ
294 803 459 843 κληρονόμοι
474 813 480 820 “
498 805 541 833 καὶ
557 804 630 842 βιϐλ,
647 804 677 841 ι’,
701 804 753 835 τίτ,
769 804 807 839 α’,
824 803 949 842 δίγ.κς’,
968 803 1008 831 ὅτι

188 849 340 889 ἆνισχύρως
356 860 396 881 τις
412 849 543 888 ὁμολογεῖ
572 848 734 888 ἱεροσυλεῖν,
752 850 796 877 καὶ
826 850 877 888 οὐχ
899 848 1008 888 ἁρμόζει

187 894 218 921 ἐκ
232 894 327 923 τούτου
348 894 443 933 ἀγωγή
462 904 469 911 ⁶
485 894 532 922 καί
546 892 619 932 pta.
637 893 699 931 μη¹,
717 893 769 924 τίτ,
786 893 822 933 δ’,
839 893 907 924 διάτ.
925 893 1007 930 α’,ὅτι

187 937 282 974 ὅμοιόν
305 941 361 966 ἐστι
389 939 420 966 τὸ
448 938 574 977 ἔγκλημα
596 939 646 972 τῆς
668 938 866 976 καθοσιώσεως,
890 939 929 975 τῷ
950 939 1008 974 περὶ

187 986 237 1017 τῆς
251 983 400 1022 ἱεροσυλίας
418 992 425 1001 ·
441 984 485 1012 καὶ
501 984 552 1013 τίτ,
569 983 605 1022 ιγ’
622 988 669 1013 τοῦ
686 983 764 1012 αὑτοῦ
778 983 865 1021 βιϐλ.,
881 982 951 1013 διάτ,
967 982 1004 1020 α’,

188 1029 203 1056 ὸ
226 1029 285 1067 περὶ
313 1030 361 1061 τῆς
389 1027 547 1067 ’ἱεροσυλίας
586 1028 669 1065 νόμος
699 1035 829 1066 κινεῖται,
859 1028 926 1056 κατὰ
962 1032 1008 1056 τοῦ

186 1072 351 1111 δφελομένου
380 1073 410 1101 ἑκ
431 1075 484 1101 τῶν
512 1074 588 1112 ἱερῶν
616 1073 778 1113 χρημάτων,
795 1073 813 1106 ἥ
843 1072 1006 1111 στρέψαντος

185 1118 223 1148 εἰς
237 1116 302 1149 ἰδίας
319 1118 426 1157 χρείας,
443 1118 460 1151 ἢ
489 1117 741 1155 παρασκευάσαντος
770 1118 839 1146 κατὰ
859 1117 936 1145 δόλον
958 1127 1006 1156 γε-

187 1162 276 1190 νέσθαι
299 1163 402 1190 τούτων
421 1174 447 1190 τι
464 1170 472 1178 ⁸
499 1162 569 1191 διάτ.
600 1162 637 1199 δ’,
668 1163 691 1190 οἱ
719 1162 851 1200 ἱερόσυλοι
882 1163 947 1200 πρὸς
980 1162 1008 1189 τὸ

188 1208 265 1235 ποιὸν
286 1208 332 1234 τοῦ
353 1207 547 1246 ἁμαρτήματος
577 1211 756 1246 τιμωροῦνται
773 1217 779 1223 '
798 1206 868 1236 διέτ.
882 1207 922 1243 ς’
935 1208 965 1234 τὸ
980 1206 1007 1240 ἐξ

187 1253 259 1290 ἱεροῦ
279 1251 399 1280 ἰδιωτικὰ
428 1253 559 1292 χρήματα
588 1251 741 1291 ὑφελέσθαι,
761 1254 809 1281 οὐκ
832 1251 888 1279 ἔστι
903 1253 1004 1290 ἱεροσυ-

187 1296 231 1324 λία
252 1296 321 1325 ἀλλὰ
341 1296 430 1332 κλοπή
448 1307 456 1315 ⁶
488 1297 515 1325 ἐν
531 1297 557 1324 δὲ
579 1298 618 1334 τῷ
644 1296 693 1333 ις’
717 1296 879 1335 διατάγματι
901 1300 947 1325 τοῦ
972 1296 1005 1325 ιϐ’

184 1341 237 1372 τίτ.
255 1345 302 1370 τοῦ
316 1341 366 1378 ,ιη’
388 1340 503 1381 βιϐλίου,
520 1341 593 1380 λέγει
613 1342 659 1369 τὸν
687 1342 769 1369 τόπον
798 1341 939 1380 διακρίνειν
960 1342 1006 1370 τὸν

186 1386 308 1419 κλέπτην
323 1386 376 1414 ἀπὸ
391 1390 438 1415 τοῦ
460 1385 597 1425 ἱεροσύλου
614 1395 620 1402 ⁸
647 1387 690 1414 καὶ
712 1385 785 1424 βιὸλ,
802 1386 840 1422 ς’
858 1387 903 1413 to")
924 1385 1004 1423 κώὸ,,

184 1431 236 1459 τίτ.
255 1430 293 1468 β’,
324 1430 394 1461 διάτ,
423 1433 463 1471 γ’,
486 1430 528 1459 ὅτι
553 1432 567 1458 ὁ
597 1430 720 1459 κλέπτων
750 1431 779 1458 τὸ
796 1432 880 1468 μήπω
895 1434 932 1468 τῷ
948 1433 1007 1467 Θεῷ

186 1476 359 1515 καθιερωθὲν,
375 1476 410 1507 ὡς
428 1476 546 1509 κλέπτης
564 1475 701 1514 ἐνάγεται,

230 1518 305 1552 Βιϐλ,
322 1520 383 1558 μη⁹,
400 1522 451 1551 τίτ,
469 1521 517 1560 ιγ’,
536 1520 605 1551 διάτ,
624 1519 659 1557 ζ’,
676 1521 693 1554 ἡ
714 1525 760 1550 τοῦ
774 1520 909 1558 ἱεροσύλου
925 1520 1005 1555 ποινῆ

615 149 822 184 SYNTAGMA
843 151 1040 183 CANONUM.
1068 168 1104 173 —-
1137 147 1211 182 Tl'l'.
1236 152 1277 192 II,
1299 151 1381 184 CAP.
1406 150 1445 183 ΙΙ.

1815 149 1872 185 582

1020 225 1040 248 Α
1054 219 1271 251 venerabilium
1284 219 1426 250 domuum
1440 229 1500 251 aere
1512 219 1609 250 alieno
1621 223 1873 260 gravetur,neque

1053 269 1214 305 suppetant
1228 264 1295 295 aliae
1309 273 1357 295 res
1369 264 1506 303 mobiles,
1519 274 1555 296 ex
1567 265 1675 305 quibus
1688 274 1728 295 tes
1739 264 1872 295 alienum

1052 310 1126 340 solvi
1142 310 1269 340 debeat:
1284 309 1408 340 facultas
1426 310 1532 345 erit,ut
1545 315 1678 341 actorum
1696 319 1874 341 monumen-

1052 355 1089 385 tis
1108 355 1248 395 episcopo
1263 354 1428 392 alienante,
1449 355 1526 395 apud
1543 354 1763 395 metropolitnm
1782 364 1788 384 :
1806 363 1872 385 me—

1052 399 1194 440 tropolita
1211 399 1375 440 vero,apud
1385 399 1480 439 ipsius
1492 400 1691 440 patriarcham
1704 400 1776 430 citra
1792 399 1873 430 dam-

1051 453 1122 474 num
1136 444 1447 484 cont‘eclis,supertlua
1460 444 1526 475 aliis
1542 444 1764 476 venerabilibus
1779 444 1873 475 domi-

1051 489 1117 525 bus,
1132 498 1198 529 quae
1213 488 1288 529 [his]
1304 498 1380 529 opus
1398 489 1520 527 habent,
1538 490 1715 526 vendantur,
1732 493 1784 520 aut
1798 499 1872 520 con-

1052 534 1173 570 ﬂentur,
1190 542 1224 564 ac
1236 533 1356 573 [deinde
1368 534 1550 572 vendantur,
1565 534 1755 575 pretiumque
1766 543 1870 564 eorum

1048 578 1087 608 ad
1104 577 1327 609 dissolvendum
1347 587 1387 609 res
1402 578 1535 609 alienum
1551 579 1734 616 conferatur,
1751 588 1788 610 ne
1803 578 1872 609 illa-

1051 631 1117 653 rum
1132 631 1182 653 res
1196 621 1369 653 immobiles
1383 622 1564 654 alienantur.

1091 666 1169 697 Dicit
1182 677 1275 708 porro.
1288 667 1340 699 lib.
1358 677 1380 706 ι,
1397 667 1442 699 tit.
1461 667 1509 706 18,
1527 668 1635 707 digest.
1652 668 1785 709 13,quod
1798 677 1872 708 prae-

1051 711 1130 742 sides
1144 713 1324 752 conquirere
1334 712 1464 744 debeant
1475 712 1692 753 sacrilegosEt
1705 712 1756 743 lib.
1771 713 1870 750 x,tit.2

1051 756 1159 795 digest.
1176 757 1206 793 4,
1224 757 1300 797 quod
1318 766 1384 797 quin
1399 757 1556 795 sacrilegio
1572 757 1697 797 quaesita
1712 761 1790 795 sunt,
1809 758 1871 788 hae-

1052 800 1140 831 redes
1159 801 1251 840 [inter
1266 802 1313 842 se]
1329 811 1389 832 non
1405 801 1590 832 dividant.Et
1606 802 1659 833 lib.
1683 810 1754 839 XLV,
1772 802 1820 832 tit.
1839 803 1868 838 1,

1050 845 1159 885 digest.
1172 846 1305 886 26,quod
1323 846 1454 877 invalide
1467 846 1616 887 quispiam
1630 856 1662 877 se
1675 846 1869 887 sacrilegium

1020 882 1038 908 Β
1050 882 1194 921 factorum
1213 882 1377 931 promittat,
1392 882 1484 932 atque
1496 882 1566 922 inde
1581 891 1658 922 actio
1673 901 1733 922 non
1747 882 1871 932 compe-

1050 940 1103 967 tat.
1123 934 1243 968 Textus.
1261 935 1297 966 Et
1307 935 1360 967 lib.
1377 944 1480 972 vam,
1499 936 1542 968 tit.
1560 937 1590 973 4,
1619 936 1727 976 digest.
1746 937 1774 975 1,
1791 936 1871 977 quod

1049 980 1162 1011 crimen
1179 981 1256 1011 lmsm
1286 981 1449 1020 majestatis
1472 980 1629 1020 sacrilegio
1659 981 1758 1012 simile
1772 981 1821 1013 sit.
1836 981 1872 1011 Et

1049 1025 1093 1057 tit.
1114 1025 1150 1056 13
1164 1025 1298 1065 ejusdem
1314 1025 1483 1065 lib.digest.
1501 1030 1529 1064 1,
1546 1025 1649 1066 [quod]
1665 1025 1816 1064 sacrilegii
1824 1035 1872 1056 ac-

1049 1069 1089 1100 tio
1102 1074 1254 1100 moveatur
1267 1070 1410 1101 adversus
1422 1079 1502 1108 eum,
1517 1070 1568 1110 qui
1580 1079 1615 1100 ex
1628 1070 1723 1100 sacris
1735 1070 1870 1110 pecuniis

1049 1113 1228 1155 [quippiam]
1243 1115 1377 1153 abstulit,
1395 1115 1440 1146 vel
1457 1115 1486 1145 in
1508 1124 1571 1145 rem
1588 1124 1670 1145 suam
1683 1114 1782 1152 vertit,
1799 1114 1868 1145 dolo

1048 1160 1191 1200 fecit,quo
1208 1160 1313 1190 herum
1330 1159 1401 1200 quid
1419 1160 1516 1191 ﬁeret.
1533 1159 1646 1199 Digest.
1662 1159 1691 1196 1,
1707 1159 1752 1191 tit.
1773 1160 1803 1197 4,
1820 1168 1870 1190 sa-

1049 1204 1152 1244 crilegi
1164 1214 1218 1244 pro
1230 1204 1373 1245 qualitate
1387 1204 1491 1235 dilecti
1508 1204 1681 1244 puniuntur.
1698 1203 1755 1236 Jus
1766 1204 1872 1244 positi-

1046 1257 1128 1279 vum.
1145 1249 1256 1289 Digest.
1273 1249 1304 1281 6.
1320 1248 1361 1279 Ex
1378 1258 1463 1280 sacra
1485 1249 1549 1279 aede
1574 1248 1702 1290 privatas
1728 1248 1870 1289 pecunias

1048 1293 1219 1334 subripere,
1237 1303 1297 1324 non
1322 1293 1526 1333 sacrilegium,
1553 1293 1605 1324 sed
1634 1293 1745 1324 furtum
1762 1297 1819 1324 est.
1837 1292 1871 1324 In

1048 1338 1156 1378 digest.
1177 1339 1261 1377 l6,tit
1292 1339 1341 1375 19,
1359 1338 1413 1369 lib.
1430 1338 1647 1378 va1u,dicitur
1662 1338 1760 1369 locum
1772 1338 1870 1369 furem

1048 1382 1220 1423 asacrilego
1233 1383 1459 1415 discernere.Et
1473 1383 1526 1413 lib.
1546 1391 1588 1421 VI,
1604 1383 1671 1414 cod.
1689 1383 1868 1420 tit.2,const.

1048 1430 1078 1468 3,
1097 1437 1164 1459 eum
1178 1428 1230 1468 qui
1247 1427 1362 1459 furatur
1377 1428 1456 1468 quod
1474 1427 1606 1458 nondum
1620 1428 1681 1459 Deo
1697 1427 1869 1458 dedicatum

1049 1478 1105 1510 est,
1119 1477 1151 1503 ut
1166 1473 1263 1504 furem
1280 1473 1318 1512 [in
1332 1471 1458 1514 judicio]
1475 1472 1639 1503 conveniri.

1092 1519 1159 1549 125
1174 1516 1871 1556 Textus.Lib.xt.vm,tit.13,consl.7.Sacrilegii

185 1565 240 1593 ἀπὸ
266 1565 312 1599 τῆς
334 1565 478 1599 ποιότητος
505 1568 559 1593 τῶν
581 1565 743 1604 προσώπων,
759 1566 803 1593 καὶ
817 1565 865 1594 τοῦ
880 1565 1005 1605 ἁμαρτή-

1051 1572 1138 1603 pcena
1153 1572 1205 1603 pro
1215 1563 1357 1603 qualitate
1369 1571 1579 1603 personarum,
1597 1562 1868 1602 delicti,temporis,

187 1620 281 1647 ματος,
306 1611 350 1638 καὶ
373 1613 419 1638 τοῦ
440 1611 540 1648 καιροῦ,
569 1611 613 1638 καὶ
630 1612 678 1643 τῆς
695 1609 814 1646 ἡλικίας,
830 1611 874 1638 καὶ
888 1609 937 1644 τῆς
954 1611 1006 1650 φύ-

188 1665 269 1691 σεως,
302 1654 321 1688 ἤ
350 1654 479 1694 βαρυτέρα
503 1654 518 1688 ἥ
551 1654 713 1694 ἐλαφροτέρα
742 1654 904 1695 ἐπιφέρεται.
931 1655 1006 1687 Τινὲς

187 1700 237 1738 γὰρ
267 1700 368 1738 Θηρίοις
385 1698 584 1739 παραδίδονται,
601 1699 671 1731 τινὲς
689 1700 819 1739 καίονται,
835 1700 906 1732 τινὲς
924 1711 1004 1739 φουρ-

186 1745 302 1780 κίζονται
320 1753 327 1759 ⁸
345 1744 538 1784 μιμετρημένη
555 1743 581 1772 δὲ
597 1744 680 1778 ποινῆ
703 1745 772 1782 εστι,
798 1746 828 1772 τὸ
849 1743 1005 1782 παραδοθῆ-

187 1800 229 1816 ναι
255 1788 354 1825 θηρίοις
377 1790 421 1817 τὸν
452 1790 602 1828 νυκτερινὸν
630 1788 765 1828 ἱερόσυλον
784 1797 790 1804 ’
819 1790 865 1817 τὸν
884 1788 1007 1828 ἡμερινὸν

188 1832 215 1860 δὲ
243 1832 352 1871 μέτριόν
382 1845 408 1861 τι
437 1828 622 1873 ἱεροσυλοῦντᾶ
651 1832 853 1872 μεταλλίζεσθαι
870 1842 880 1852 ⁸
907 1834 952 1862 τὸν
981 1832 1008 1861 δὲ

186 1879 274 1915 τίμιον
301 1877 537 1916 δεπορτατιύεσθαι
554 1886 562 1893 ·
590 1877 642 1918 ὁίγ.
670 1877 718 1918 ια’,
735 1878 758 1905 οἱ
775 1878 908 1917 ἱερόσυλοι
923 1889 1009 1918 κεφα-

187 1921 271 1954 λικῶς
300 1922 471 1958 κολάζονται,
502 1923 646 1962 Ἰερόσυλοι
669 1922 696 1952 δέ
718 1924 796 1960 εἶσιν,
819 1925 843 1951 οἱ
871 1929 931 1956 τους
953 1922 1005 1957 δη-

189 1968 298 2005 μοσίους
327 1968 406 2000 ναοὺς
430 1968 592 2001 κλέπτοντες
614 1976 620 1983 ⁸
654 1969 678 1996 οἱ
699 1966 727 1996 δὲ
742 1968 775 1996 τὰ
803 1967 922 1997 ἰδιωτικὰ
937 1969 1006 2007 ἱερὰ,

187 2013 231 2040 καὶ
253 2013 313 2044 τοὺς
336 2013 446 2052 μικροὺς
463 2013 542 2045 ναοὺς
570 2012 737 2052 ἀφυλάκτους
769 2012 846 2044 ὄντας
872 2013 1006 2042 κλέπτον-

187 2068 243 2093 τες,
267 2059 348 2091 ἦττον
373 2057 422 2094 μὲν
450 2060 502 2086 τῶν
531 2056 685 2096 ἱεροσύλων,
716 2057 796 2085 πλέον
823 2056 849 2085 δὲ
872 2061 924 2085 τῶν
941 2057 1005 2086 κλε-

187 2103 261 2130 πτῶν
284 2106 486 2140 τιμωροῦνται·
522 2103 535 2130 ὁ
565 2102 592 2131 δὲ
621 2101 745 2135 ἐξωτικὸς
773 2101 947 2131 ὒποκλέπτων
974 2104 1007 2132 τὰ

187 2147 255 2185 ἱερὰ,
285 2146 424 2175 ὑπόκειται
453 2150 492 2184 τῷ
529 2150 578 2181 τῆς
608 2147 754 2187 ἱεροσυλίας
783 2147 945 2186 ἰγκλήματι.
978 2143 1006 2177 Ὀ

188 2192 237 2230 γὰρ
267 2192 315 2225 τὴν
346 2194 432 2220 αὐτῶν
458 2192 578 2231 φυλακὴν
602 2192 825 2231 πεπιστεδμένος,
841 2194 889 2219 κᾶν
905 2192 1007 2233 ὖφέλη-

1048 1608 1153 1646 zetatis,
1171 1613 1200 1639 et
1211 1617 1310 1643 sexus,
1327 1608 1445 1647 gravior
1455 1611 1505 1639 aut
1521 1607 1615 1639 levior
1628 1606 1870 1647 inﬂigitur.Non—

1048 1653 1123 1684 nulli
1136 1653 1217 1684 enim
1234 1652 1338 1684 bestiis
1353 1653 1523 1690 traduntur,
1540 1652 1678 1684 nonnulli
1692 1656 1870 1689 exuruntur,

1046 1698 1137 1739 aliqui
1149 1699 1180 1728 in
1191 1698 1289 1729 furcas
1298 1697 1689 1737 suspenduntur.Moderata
1701 1706 1770 1727 vero
1782 1706 1871 1737 poena

1051 1748 1107 1781 est,
1121 1742 1146 1773 si
1158 1747 1321 1774 nocturnus
1332 1742 1499 1782 sacrilegus
1515 1742 1619 1772 bestiis
1631 1742 1775 1772 tradatur:
1790 1742 1872 1772 diur-

1050 1798 1107 1820 nus
1121 1797 1203 1825 vero,
1220 1787 1270 1827 qui
1302 1787 1452 1818 modicum
1476 1786 1589 1827 aliquid
1613 1786 1776 1826 extemplo
1793 1786 1869 1822 tulit,

1051 1833 1162 1864 metalli
1179 1841 1266 1873 paena
1282 1836 1457 1863 coerceatur
1476 1842 1483 1861 :
1501 1836 1550 1862 aut
1566 1831 1591 1862 si
1614 1831 1789 1862 honestiore
1804 1831 1870 1861 loco

1051 1882 1137 1909 natus
1150 1878 1199 1915 sit,
1217 1877 1405 1917 deportatur.
1424 1877 1534 1916 Digest.
1551 1877 1601 1908 ll.
1617 1875 1760 1915 Sacrilegi
1775 1875 1872 1915 capite

1048 1921 1305 1964 puniuntur.Sunt
1315 1926 1413 1953 autem
1428 1921 1637 1961 sacrilegi,qui
1653 1920 1773 1961 publica
1786 1928 1871 1951 sacra

1049 1968 1213 2005 compilant
1228 1977 1235 1998 :
1249 1971 1278 1998 at
1289 1966 1340 2007 qui
1357 1967 1467 2007 privata
1476 1975 1560 1997 sacra
1569 1966 1769 2006 mdiculasque
1781 1965 1869 1996 incu-

1049 2014 1172 2045 stoditas
1197 2012 1338 2053 spoliant,
1356 2014 1454 2042 minus
1469 2020 1556 2051 quam
1573 2010 1722 2049 sacrilegi,
1739 2009 1870 2049 amplius

1050 2067 1138 2099 quain
1153 2057 1234 2088 fures
1263 2057 1513 2097 puniuntur.ltem
1538 2055 1588 2096 qui
1611 2056 1770 2096 peregrina
1785 2064 1870 2086 sacra

1049 2103 1220 2139 suﬂ‘uratur,
1239 2101 1388 2141 sacrilegii
1409 2100 1528 2132 crimini
1541 2101 1687 2131 obnoxius
1702 2104 1758 2131 est.
1772 2099 1870 2130 Caete-

1049 2157 1115 2179 rum
1134 2147 1159 2177 si
1175 2147 1200 2177 is
1215 2146 1262 2178 cui
1288 2155 1441 2177 sacrorum
1466 2145 1603 2176 custodia
1622 2144 1794 2176 concredita
1811 2151 1870 2185 est,

1049 2201 1083 2223 ex
1115 2192 1175 2222 illis
1199 2190 1313 2231 aliquid
1341 2190 1536 2230 subripuerit,
1562 2190 1620 2230 legi
1649 2189 1796 2220 obnoxius
1811 2198 1872 2220 non

188 2237 230 2264 ταί
244 2247 268 2264 τι
290 2236 315 2269 ἐξ
332 2239 429 2276 ιιῦτῶν,
447 2239 498 2276 οὐχ
522 2238 659 2266 ὑπόκειται
686 2239 771 2273 τούτῳ
787 2241 824 2273 τῷ
840 2238 912 2273 νόμῳ
930 2247 936 2254 ·
953 2237 1006 2276 δίγ,

1051 2242 1105 2269 est.
1123 2236 1235 2276 Digest.
1256 2236 1304 2266 12.
1330 2235 1511 2276 Deportatur
1538 2234 1591 2275 qui
1606 2235 1757 2266 hominem
1773 2235 1804 2265 in
1820 2242 1871 2265 ar-

189 2280 237 2319 ιβ²,
255 2280 472 2320 δεπορτατεύιται
489 2284 502 2309 ὁ

188 2327 231 2355 καὶ
248 2327 441 2364 παρενθέμενος
472 2327 549 2354 αὗτόι
579 2327 605 2354 ὲν
631 2330 697 2363 ναῷ,
729 2328 774 2353 ἑὰν
804 2327 908 2358 ἐκεῖνος
932 2326 1008 2359 ἐξιὼν

187 2374 237 2405 τῆς
260 2370 385 2408 κιϐωτοῦ,
404 2371 492 2409 κλέψῃ
509 2372 568 2399 τινα
585 2376 630 2399 τοῦ
647 2373 717 2409 ἱεροῦ
735 2381 741 2388 ·
766 2370 816 2409 δέχ’,
837 2371 897 2408 ις’,
916 2372 945 2399 τὸ
960 2371 1007 2405 τῆς

187 2416 332 2455 ἱεροσυλίας
359 2418 486 2444 καὶκατὰ
509 2416 684 2454 κληρονόμων
712 2416 820 2455 ἁρμόζει
838 2424 844 2430 ‘
870 2417 928 2454 περὶ
958 2417 1008 2456 γὰρ

531 2281 653 2319 ἐμϐαλὼν
685 2282 820 2320 ἄνθρωπον
837 2282 863 2309 ἐν
879 2281 1006 2319 κιϐωτίῳ,

187 2462 336 2500 χρημάτων
354 2461 544 2500 ὅφαιρεθέντων
560 2461 628 2488 ἔστιν
644 2462 714 2497 αν)τῴ
731 2463 746 2493 ἡ
763 2461 810 2495 ζήτ
818 2468 886 2494 nam,

303 2505 416 2533 Συνόδου
432 2506 621 2542 οἶκουμενικῆς
639 2506 719 2538 ἕκτης
737 2506 823 2533 κανὼν
840 2505 893 2538 Ξη’.

229 2551 281 2584 En’.
307 2552 367 2590 Περὶ
383 2555 428 2578 τοῦ
451 2551 490 2589 μὴ
506 2550 604 2583 ἱξεῖναι
621 2561 671 2578 τινι
696 2554 749 2578 τῶν
773 2552 890 2586 πάντων,
907 2550 1009 2587 βιϐλίον

187 2599 235 2629 της
254 2596 372 2628 [Ιαλαιᾶς
394 2597 438 2623 καὶ
469 2599 568 2628 Καινῆς
601 2596 737 2630 Διαοήκτις
753 2600 806 2623 τῶν
822 2607 850 2623 τε
865 2597 947 2635 ἁγίων
963 2596 1007 2624 καὶ

189 2641 314 2679 ἐκκρίτων
331 2642 408 2677 ἡμῶν
436 2641 557 2680 κηρύκωι
582 2643 624 2668 καὶ
652 2640 817 2668 διδασκάλων
847 2641 1008 2681 διαφθείρειν

188 2688 205 2722 ἤ
221 2688 406 2723 κατατέμνειν,
428 2685 442 2718 ἥ
468 2692 527 2716 τοῖς
558 2684 793 2725 βιϐλιοκαπήλοις,
822 2685 835 2718 ἥ
855 2693 910 2718 τοῖς
926 2686 1008 2725 λεγο-

190 2732 279 2768 μένοις
308 2733 450 2770 μυρεψοῖς,
479 2729 493 2762 ἥ
524 2730 597 2767 ἄλλῳ
628 2732 676 2758 τινὶ
705 2742 755 2758 των
790 2731 913 2758 ἁπάντων
943 2733 1008 2771 πρὸς

189 2776 339 2815 ἀφανισμὸν
369 2774 511 2811 ἐκδιδόναι,
535 2776 556 2802 εἰ
582 2776 619 2812 μή
643 2786 669 2802 τι
695 2775 742 2814 ἔρα
766 2775 866 2814 τέλεον,
886 2776 941 2803 εἴτε
957 2776 1009 2804 ὒπὸ

189 2823 293 2858 σητὼν,
328 2820 343 2854 i'.
367 2819 472 2861 ὓδατος,
491 2819 505 2854 ἤ
522 2820 603 2860 ἑτέρῳ
620 2822 710 2860 τρόπῳ
725 2819 873 2861 ἆχρειωοῃ,
899 2817 926 2850 ¹Ο
942 2820 970 2849 δέ
984 2832 1009 2850 τι

1049 2282 1146 2313 culam
1162 2281 1300 2316 includit,
1314 2290 1441 2321 eamque
1452 2280 1482 2311 in
1499 2281 1611 2320 templo
1628 2279 1761 2320 deponit,
1778 2279 1803 2309 si
1819 2279 1871 2310 ille

1049 2327 1087 2357 de
1116 2326 1168 2357 illa
1195 2326 1299 2357 exiens
1326 2324 1472 2356 nonnulla
1499 2324 1537 2355 de
1565 2324 1676 2363 templo
1692 2323 1869 2354 suﬂ‘uretur.

1051 2371 1162 2410 Digest.
1190 2371 1238 2402 16.
1267 2369 1422 2408 Sacrilegii
1451 2368 1597 2409 judicium
1622 2368 1711 2398 etiam
1728 2367 1871 2398 adversus

1049 2416 1200 2447 haeredem
1217 2414 1376 2455 competit;
1396 2423 1462 2445 nam
1489 2413 1526 2444 de
1541 2413 1666 2443 sublatis
1682 2411 1819 2452 pecuniis
1840 2412 1871 2442 in

1050 2470 1085 2491 eo
1100 2465 1144 2492 est
1159 2459 1297 2500 quaestio.

1158 2504 1293 2537 Cancilii
1307 2503 1484 2535 wcumenici
1498 2503 1580 2533 sexti
1596 2510 1696 2533 canon
1712 2501 1761 2533 68.

1091 2549 1226 2582 68.Nulli
1240 2559 1276 2580 ex
1290 2548 1431 2580 omnibus
1444 2547 1536 2578 licere
1551 2546 1669 2578 Veteris
1684 2552 1716 2578 et
1729 2546 1804 2578 Novi
1817 2547 1873 2578 Te-

1051 2597 1190 2628 stamenti
1202 2594 1385 2631 librum,nec
1397 2596 1566 2624 sanctorum
1577 2596 1746 2624 nostrorum
1758 2602 1874 2633 praeco-

1050 2650 1121 2673 num
1137 2649 1170 2671 ac
1189 2639 1345 2670 doctorum
1362 2647 1561 2678 corrumpere
1589 2637 1635 2669 vel
1660 2637 1873 2678 conscindere,

1051 2686 1095 2717 vel
1112 2686 1257 2716 librorum
1274 2682 1539 2723 cauponatoribus,
1551 2682 1596 2714 vel
1612 2683 1650 2713 iis
1666 2683 1716 2723 qui
1733 2683 1874 2714 dicuntur

1052 2730 1248 2770 unguentarii,
1266 2728 1357 2760 alicui
1374 2728 1424 2759 alii
1439 2737 1473 2759 ex
1492 2728 1631 2758 omnibus
1643 2728 1679 2758 ad
1692 2737 1760 2759 eum
1773 2727 1876 2758 delen-

1052 2777 1121 2808 dum
1133 2774 1250 2806 tradere
1267 2785 1274 2804 :
1298 2773 1355 2804 nisi
1379 2773 1481 2813 utique
1494 2772 1536 2804 vel
1549 2782 1565 2804 a
1577 2772 1724 2810 tineis,vel
1737 2772 1773 2803 ab
1786 2782 1872 2813 aqua,

1051 2821 1097 2853 vel
1113 2820 1149 2852 ab
1164 2819 1263 2861 aliquo
1280 2818 1370 2851 modo
1397 2817 1532 2850 redditus
1559 2818 1651 2850 fuerit
1675 2817 1802 2849 inutilis.
1817 2816 1875 2854 Qui
