4148 6198
507 260 622 334 583
1373 260 1376 262 ’
1691 260 1794 332 PH
1801 263 1960 332 OTI‘I
2003 267 2115 331 PA'.

2207 261 2523 352 unum
2566 263 2683 334 GP.
3295 274 3304 280 ’
3721 274 3816 345 584

499 414 701 471 autem
753 408 872 470 tale
929 398 1074 484 quid
1135 397 1332 468 facere
1383 401 1669 486 deinceps
1721 404 2115 486 deprehensus

2215 411 2424 462 τοιοῦτο
2467 417 2646 461 ποιεῖν
2677 404 2782 461 ἀπὸ
2815 402 2907 461 τοῦ
2937 411 3023 462 νῦν
3067 401 3444 480 ἁλισκόμενος,
3478 404 3561 464 ἐπὶ
3601 405 3814 469 ἐνιαυτὸν

499 497 698 573 fuerit,
731 515 887 559 anno
923 515 1043 558 uno
1101 504 1468 574 segregetur.
1518 494 1814 559 Similiter
1843 501 1900 556 et
1929 494 2027 574 qui
2065 493 2115 554 lit

2226 491 2555 572 ἆφοριζέσθω
2591 509 2606 526 ⁶
2662 495 2863 568 ὁμοίως
2916 495 3008 550 καί
3071 496 3098 550 ὁ
3176 496 3273 558 τὰς
3349 497 3586 560 τοιαύτας
3636 497 3823 574 βίϐλους

501 588 643 650 bros
680 587 812 648 124
842 585 892 647 si
923 605 1025 648 eos
1074 585 1319 666 quidem
1351 585 1480 665 ipse
1514 603 1634 646 non
1666 584 1740 646 ad
1774 602 1939 646 suam
1970 583 2115 645 utili

2224 583 2551 656 ὠνούμενος,
2587 584 2630 639 εἰ
2663 586 2802 657 μήτε
2835 583 2992 645 αὐτὸς
3024 584 3217 646 ταύτας
3249 583 3473 663 κατέχει
3503 587 3624 664 πρὸς
3651 589 3822 646 οἰκείαν

505 685 683 738 tatem
713 677 989 749 retineat,
1029 694 1141 738 nec
1173 675 1357 738 altera
1387 676 1461 737 ad
1523 675 1654 756 ejus
1684 673 2048 737 beneﬁcium
2084 691 2115 734 e

2225 671 2542 750 ἀσφάλειαν,
2578 673 2717 748 μήτε
2754 674 2916 751 ἑτέρῳ
2963 674 3094 742 πρὸς
3152 676 3456 751 εὐεργεσίαν
3502 677 3584 732 καὶ
3637 678 3692 732 τὸ
3721 676 3825 734 δια-

499 775 568 828 ut
591 766 634 826 ii
668 773 1060 847 permaneant
1091 765 1212 838 dat,
1242 776 1618 846 segregetur.

2226 774 2408 836 μεῖναι
2440 761 2740 837 ἀποδῶται,
2773 761 2911 818 ἀλλᾶ
2937 770 3104 820 ταῦτα
3133 761 3452 844 διαφθείρειν
3482 765 3823 844 ἐπιχειρήσαι,

2203 850 2576 932 οᾶφοριζὲσθω.

2307 947 2558 999 ΚΕΦΑΛ.
2609 941 2695 1001 Γ¹.
2729 975 2807 989 ο-
2846 943 2970 1020 Περὶ
3014 942 3296 1022 κληρικῶν
3341 943 3726 1023 ἂποσχιζόντων
3752 947 3829 1003 καὶ

2221 1031 2365 1108 παρὰ
2409 1031 2630 1109 γνώμην
2702 1039 2795 1088 τοῦ
2865 1032 3167 1090 ἐπισκόπου
3236 1034 3505 1090 ἱστώντων
3558 1037 3829 1106 θυσιαστή-

2222 1141 2330 1198 ρια.

579 942 744 1007 CAP.
779 943 880 1008 ΙΙΙ.
912 979 990 990 --
1021 945 1104 1006 De
1134 943 1377 1007 clericis
1422 945 1526 1023 qui
1576 945 1842 1006 schisma
1871 943 2135 1021 faciunt,

497 1041 554 1098 et
581 1038 816 1115 praeter
862 1036 1232 1098 sententiam
1281 1035 1548 1114 episcOpi
1573 1032 1803 1096 altaria
1833 1037 2134 1094 statuunt.

2699 1206 2757 1266 Ἀ
2767 1209 3045 1267 ποστόλων
3075 1211 3254 1267 κανὼν
3285 1209 3375 1272 λά.

2298 1294 2408 1356 λα’.
2462 1298 2529 1356 Εἴ
2585 1320 2667 1362 τις
2711 1298 3062 1377 πρεσϐύτερος
3119 1303 3528 1379 καταφρονήσας
3590 1309 3677 1360 τοῦ
3715 1301 3830 1360 ἰδίου

2219 1385 2539 1460 ἐπισκόπου,
2571 1389 2739 1466 χωρὶς
2771 1388 3074 1465 συναγάγῃ,
3123 1389 3212 1445 καὶ
3262 1392 3631 1466 θυσιαστήριον
3671 1390 3831 1463 ἕτερον

925 1211 1355 1294 Apostolorum
1385 1229 1581 1275 canon
1613 1210 1712 1272 31.

577 1305 646 1367 31
688 1303 840 1386 [30].
871 1303 934 1366 Si
965 1306 1096 1384 quis
1141 1301 1474 1382 presbyter,
1515 1306 1858 1379 contempto
1893 1298 2134 1379 proprio

494 1395 802 1474 episcopo,
837 1410 1108 1455 seorsum
1141 1390 1659 1470 congregationem
1694 1388 1927 1460 fecerit,
1964 1395 2024 1449 et
2050 1387 2136 1448 al-

495 1473 686 1545 terum
707 1473 907 1545 altare
957 1480 1467 1561 ﬁxerit,episcopo
1499 1497 1605 1540 suo
1637 1479 1696 1540 in
1728 1477 2020 1557 religione
2063 1495 2115 1538 at

2215 1473 2398 1550 πήξει,
2432 1474 2600 1549 μηδὲν
2631 1478 2986 1552 κατεγνωκὼς
3034 1486 3130 1536 τοῦ
3182 1477 3480 1536 ἐπισκόπου
3523 1479 3575 1535 ἐν
3616 1477 3834 1552 εὐσεϐείᾳ

485 1573 717 1652 justitia
738 1571 901 1634 nulla
918 1573 976 1634 in
995 1590 1060 1633 re
1083 1589 1116 1632 a
1139 1589 1202 1632 se
1226 1570 1650 1644 condemnato,
1680 1569 2037 1650 deponatur.
2072 1587 2107 1629 u

2213 1566 2304 1621 καὶ
2333 1564 2667 1645 δικαιοσύνῃ,
2717 1567 3066 1644 καθαιρείσθω
3116 1570 3187 1629 ὡς
3235 1567 3497 1649 φίλαρχος
3534 1590 3547 1604 ·
3603 1572 3833 1648 τύραννος

490 1661 807 1742 imperium
842 1660 1157 1724 obtinendi
1185 1659 1438 1740 cupidus
1474 1680 1487 1722 :
1519 1667 1608 1722 est
1631 1659 1792 1720 enim
1821 1669 2115 1738 tyrannus.

2213 1655 2312 1742 γάρ
2344 1653 2456 1712 ἐστι
2492 1675 2506 1690 ·
2539 1657 2790 1720 ὡσαύτως
2821 1654 2877 1712 δὲ
2920 1655 3103 1714 λα’ἰκοὶ
3150 1657 3576 1737 ἀφοριζέσθωσαν
3608 1681 3623 1698 ο
3682 1668 3832 1717 ταῦτα

490 1741 782 1814 Similiter
802 1759 859 1813 et
887 1750 1109 1832 reliqui
1133 1749 1430 1826 clerici,et
1452 1756 1747 1829 quotquot
1775 1747 1830 1808 ei
1859 1765 2115 1809 accesse-

2213 1741 2268 1798 δὲ
2313 1743 2450 1818 μετοί
2509 1747 2632 1819 μίαν
2690 1745 2783 1802 καί
2840 1743 3086 1824 δευτέραν
3141 1748 3228 1804 καὶ
3288 1750 3473 1826 τρίτην
3517 1748 3833 1826 παράκλησιν

488 1847 650 1904 runt.
685 1840 848 1904 Laici
870 1848 1067 1902 autem
1104 1847 1518 1919 segregentur,
1553 1856 1744 1918 eaque
1796 1845 1928 1915 post
1950 1854 2115 1900 unam

2214 1841 2307 1891 τοῦ
2338 1833 2634 1892 ἐπισκόπου
2665 1834 2912 1913 γινέσθω.

485 1929 854 2011 alteramque
883 1948 953 1991 ac
979 1931 1217 1992 tertiam
1244 1927 1722 1990 admonitionem
1757 1927 1923 1990 ﬁant.

815 2018 1078 2082 Concilii
1104 2018 1461 2080 Antiocheni
1488 2034 1689 2080 canon
1719 2017 1781 2079 5.

563 2108 620 2170 5.
651 2107 712 2170 Si
746 2108 884 2190 quis
918 2107 1043 2188 (35)
1081 2108 1399 2188 presbyter
1427 2106 1517 2167 vel
1544 2106 1832 2168 diaconus
1887 2104 2124 2186 preprio

479 2206 824 2279 contempto
859 2197 1172 2278 episcopo,
1209 2195 1283 2258 ab
1316 2195 1585 2258 Ecclesia
1614 2196 1883 2276 seipsum
1914 2213 2124 2274 segre-

481 2291 728 2366 gaverit,
763 2295 822 2350 et
869 2287 1143 2368 privatim
1189 2286 1711 2364 congregationem
1742 2285 2034 2364 effecerit,
2069 2293 2126 2345 et

481 2376 668 2439 altare
696 2381 979 2448 erexerit,
1012 2389 1072 2439 et
1101 2375 1387 2456 episcopo
1429 2381 1781 2436 accersente
1820 2391 1938 2435 non
1971 2371 2122 2435 obe-

482 2465 685 2540 dierit,
745 2484 857 2528 nec
905 2465 1049 2526 velit
1099 2469 1150 2525 ei
1207 2481 1438 2544 parere,
1476 2483 1590 2526 nec
1649 2481 1879 2525 morem
1911 2479 2122 2540 gerere

481 2554 674 2634 primo
707 2563 764 2616 et
793 2553 1057 2616 secundo
1088 2553 1346 2628 vocanti,
1383 2551 1435 2613 is
1479 2553 1726 2614 omnino
1753 2552 2116 2632 deponatur,

479 2652 540 2706 et
588 2662 707 2705 non
765 2643 1024 2723 amplius
1082 2643 1456 2704 curationem
1507 2642 1768 2722 assequi,
1803 2660 1916 2703 nec
1944 2660 2118 2703 suum

477 2732 662 2815 possit
719 2733 1007 2796 honorem
1069 2749 1307 2813 capere.
1370 2730 1478 2792 Sin
1530 2739 1725 2794 autem
1779 2739 2122 2811 perseverat

477 2823 831 2904 perturbare
884 2833 943 2886 et
987 2821 1317 2885 Ecclesiam
1373 2830 1667 2897 evertere,
1703 2821 1753 2883 is
1785 2839 1893 2902 per
1920 2829 2119 2884 exter-

475 2930 610 2976 nam
645 2913 975 2994 potentiam
1009 2919 1073 2974 ut
1096 2911 1418 2974 seditiosus
1444 2911 1794 2991 castigetur.

707 3090 975 3155 Concilii
1008 3091 1520 3172 Carthaginiensis
1550 3107 1749 3154 canon
1778 3091 1877 3153 10.

559 3181 640 3244 De
690 3181 1079 3262 presbyteris,
1137 3183 1244 3261 qui
1299 3198 1338 3244 a
1385 3181 1660 3263 propriis
1712 3180 2120 3261 corripiantur

472 3288 789 3350 episcopis.

501 3289 905 3440 p‘i‘ggljpius
932 3359 1253 3440 episcopus
1273 3359 1352 3435 95,
1380 3360 1608 3440 legatus
1640 3359 1961 3438 provinciae
1986 3361 2114 3424 Nu-

473 3449 695 3530 midiae,
723 3448 870 3510 dixit
895 3467 909 3512 :
938 3450 1064 3512 Nec
1086 3448 1233 3510 illud
1256 3449 1371 3530 (36)
1401 3449 1975 3530 praetermittendum
1999 3458 2110 3525 est,

471 3547 536 3602 ut
565 3538 615 3600 si
670 3538 800 3619 quis
859 3538 1012 3600 forte
1074 3537 1210 3600 125
1241 3538 1553 3621 presbyter
1580 3538 1655 3602 ab
1685 3539 1967 3621 episcopo
2002 3558 2112 3602 suo

469 3635 804 3709 correptus,
839 3635 1077 3692 tumore
1103 3629 1195 3691 vel
1241 3628 1526 3711 superbia
1551 3630 1792 3691 inﬂatus
1825 3631 2115 3704 putaverit

470 3717 788 3798 separatim
823 3716 1116 3780 sacriﬁcia
1147 3717 1270 3781 Deo
1304 3719 1635 3794 oﬂ‘erenda,
1673 3720 1766 3783 vel
1795 3718 1958 3781 aliud
1989 3719 2113 3782 eri-

469 3808 731 3888 gendum
755 3807 942 3870 altare
965 3815 1171 3871 contra
1195 3810 1664 3872 ecclesiasticam
1708 3809 1886 3872 ﬁdem
1920 3809 2110 3872 disci-

467 3898 814 3979 plinamque
835 3898 1310 3974 crediderit,non
1339 3909 1508 3962 exeat
1528 3898 2112 3980 impunitus.Valen-

466 3990 625 4050 tinus
651 3988 856 4068 prima;
877 3988 1041 4050 sedis
1077 3988 1400 4070 provincia;
1423 3987 1740 4063 Numidiae,
1775 3989 1924 4051 dixit
1950 4010 1964 4050 :
1995 3987 2107 4051 Ne-

465 4078 729 4140 cessario
761 4077 1543 4158 disciplinwecclesiasticae
1575 4087 1635 4140 et
1669 4079 1810 4141 ﬁdei
1837 4096 2108 4158 congrua

2560 2011 2786 2070 Συνόδου
2830 2012 3169 2094 Ἀντιοχείας
3217 2017 3390 2073 κανὼν
3425 2016 3510 2076 ἐ’.

2291 2100 2360 2161 ε’.
2408 2100 2478 2158 Εἴ
2520 2124 2602 2167 τις
2645 2101 2998 2181 πρεσϐύτερος
3045 2106 3078 2173 ἢ
3135 2105 3409 2180 διάκονος,
3442 2107 3831 2186 καταφρονήσας

2207 2200 2300 2250 τοῦ
2358 2189 2485 2248 ίδίου
2536 2191 2857 2267 ἐπισκόπου,
2905 2194 3174 2274 ἀφώρισεν
3217 2197 3405 2252 ἑαυτὸν
3457 2200 3556 2265 τῆς
3618 2195 3835 2264 Ἐκκλη-

2208 2281 2352 2362 σίας,
2396 2284 2483 2338 καὶ
2547 2279 2646 2354 ἰδίᾳ
2697 2285 2990 2363 συνήγαγε,
3037 2286 3125 2341 καὶ
3186 2287 3564 2365 θυσιαστήριον
3627 2285 3828 2365 ἔστησε,

2206 2370 2294 2426 καὶ
2377 2377 2470 2428 τοῦ
2558 2370 2854 2429 ἐπισκόπου
2931 2373 3470 2454 προσκαλεσαμένου,
3572 2375 3825 2449 ἀπειθοίη,

2206 2458 2302 2516 καὶ
2398 2459 2477 2533 μὴ
2573 2459 2821 2536 βούλοιτο
2909 2467 3053 2535 αὐτῷ
3154 2467 3448 2540 πείθεσθαι,
3521 2463 3658 2540 μηδὲ
3733 2467 3828 2521 ὑπ-

2203 2549 2440 2628 ακούειν,
2488 2550 2575 2606 καὶ
2629 2553 2842 2626 πρῶτον
2899 2552 3151 2612 καλοῦντι
3209 2554 3305 2611 καῖ
3350 2553 3618 2636 δεύτερον,
3658 2562 3830 2612 τοῦτον

2208 2641 2568 2718 καθαιρεῖσθαι
2630 2641 2936 2718 παντελῶς,
2983 2646 3072 2700 καὶ
3121 2647 3316 2720 μηκέτι
3379 2647 3656 2722 θεραπείας
3707 2666 3830 2723 τυγ-

2200 2728 2414 2806 χάνειν,
2449 2727 2588 2804 μηδὲ
2618 2728 2862 2788 δύνασθαι
2923 2731 3212 2808 λαμϐάνειν
3247 2735 3355 2812 ¹τὴν
3407 2735 3596 2794 ἑαυτοῦ
3655 2736 3829 2810 τιμήν.

2203 2817 2262 2874 Εἰ
2293 2815 2349 2873 δὲ
2382 2817 2678 2896 παραμένοι
2708 2818 2937 2897 θορυϐῶν
2971 2824 3057 2879 καὶ
3117 2823 3431 2880 ἀναστατῶν
3475 2828 3576 2890 τὴν
3607 2822 3830 2891 Ἐκκλη-

2201 2907 2317 2962 σίαν
2361 2904 2446 2962 διὰ
2501 2913 2601 2974 τῆς
2640 2907 2829 2973 ἔξωθεν
2889 2909 3162 2990 ἐξουσίας,
3223 2915 3298 2977 ὡς
3356 2911 3633 2982 στασιώδη
3686 2914 3830 2971 αὺτὸν

2201 2994 2626 3076 ἀποστρέφεσθαι
2637 3045 2650 3060 ,

2551 3085 2782 3142 Συνόδου
2815 3089 3190 3168 Καρθαγέννης
3221 3092 3400 3148 κανὼν
3432 3092 3494 3156 ι’.

2283 3174 2415 3253 Περὶ
2486 3173 2854 3254 πρεσϐυτέρων
2912 3185 3018 3234 τῶν
3076 3180 3182 3238 ἀπὸ
3240 3182 3348 3238 τῶν
3415 3183 3626 3240 οἰκείων
3671 3205 3830 3240 κατα-

2202 3265 2617 3344 γινωσκομὲνων
2660 3265 2992 3327 ἐπισκόπων.

2282 3364 2339 3423 ι’.
2366 3361 2622 3426 Ἀλύπιος
2643 3362 2935 3429 ἐπίσκοπος
2962 3371 3345 3450 τοποτηρητὴς
3370 3376 3475 3441 τῆς
3500 3371 3832 3448 Νουμηδικῆς

2199 3453 2386 3534 χώρας
2433 3452 2591 3540 εἶπεν
2628 3470 2642 3484 ⁶
2678 3453 2750 3511 Οὐ
2776 3452 2820 3510 δ’
2852 3458 3055 3516 ἐκεῖνοι
3087 3456 3172 3515 δεῖ
3199 3466 3494 3540 παρεᾶσαι,
3526 3461 3625 3520 ἵνα
3651 3462 3736 3522 ἐάν
3759 3484 3832 3528 τις

2197 3543 2365 3622 τυχὸν
2423 3539 2775 3621 πρεσϐύτερος
2831 3543 2936 3602 ἀπὸ
2992 3553 3087 3604 τοῦ
3127 3539 3614 3609 ἰδίουέπισκόπου
3671 3573 3829 3609 κατα-

2197 3630 2476 3708 γνωσθεὶς,
2535 3632 2816 3710 φυσιότητι
2884 3657 2993 3692 τινι
3037 3638 3125 3693 καὶ
3186 3639 3522 3720 ὓπερῆφανίᾳ
3568 3640 3828 3719 ἐπαρθείς,

2195 3721 2472 3810 ἡγήσηται
2502 3720 2732 3810 ὀφείλειν
2761 3726 3182 3803 κεχωρισμένως
3210 3728 3340 3806 ἅγια
3367 3737 3446 3804 τῷ
3504 3739 3622 3806 Θεῷ
3669 3753 3830 3810 προσ·

2193 3811 2394 3890 φέρειν,
2520 3809 2654 3867 ἄλλο
2704 3813 2954 3891 ἀνορθοῦν
3002 3819 3378 3898 θυσιαστήριον
3437 3821 3650 3888 οἰηθείη
3705 3809 3832 3878 κατά

2191 3899 2288 3968 τῆς
2366 3897 2828 3968 ἐκκλησιαστικῆς
2885 3905 3117 3968 πίστεως
3183 3897 3278 3965 καί
3341 3919 3752 3988 καταστάσεως,
3805 3911 3829 3966 ὁ

2192 3997 2429 4055 τοιοῦτος
2460 3989 2800 4071 ἀτιμώρητος
2833 3994 2912 4068 μὴ
2943 3992 3150 4074 ἐξέλθῃ,

458 4177 620 4256 sunt,
655 4184 789 4256 quas
817 4167 1003 4229 frater
1033 4179 1236 4229 noster
1266 4167 1512 4248 Alypius
1545 4169 1711 4249 [9133.
1745 4169 1930 4231 frater
1962 4167 2256 4250 Alypsius]
2312 4169 2665 4250 prosecutus
2697 4177 2812 4251 est,
2847 4170 3100 4251 proinde
3132 4173 3278 4256 quid
3321 4174 3599 4242 videatur
3627 4184 3827 4242 vestrae

464 4255 799 4331 dilectioni,
839 4256 1057 4318 edicite
1091 4256 1266 4336 [Mss.
1302 4256 1531 4337 dicite].

689 4344 955 4408 Concilii
983 4349 1339 4409 wcnmenici
1365 4349 1527 4410 serti
1555 4366 1755 4412 canon
1785 4349 1850 4411 3|
1869 4391 1886 4410 .

543 4436 645 4499 31.
677 4433 967 4511 Clericos,
995 4438 1095 4518 qui
1130 4436 1191 4499 in
1223 4437 1503 4499 oratoriis
1533 4437 1754 4519 θέλουσι
1783 4445 1925 4501 sunt
1952 4439 2108 4501 intra

464 4525 699 4602 domos,
726 4543 896 4588 sacra
927 4525 1178 4599 faciunt,
1208 4527 1298 4589 vel
1331 4527 1781 4608 baptizant,hoc
1809 4528 1968 4590 illius
1990 4527 2107 4590 loci

460 4615 731 4699 episcopi
786 4616 1086 4679 sententia
1143 4616 1344 4680 facere
1409 4617 1633 4682 debere
1689 4618 2099 4683 decernimus.

460 4705 658 4779 Quare
687 4705 738 4768 si
765 4705 899 4788 quis
930 4705 1188 4770 clericus
1220 4707 1334 4770 hoc
1367 4726 1488 4771 non
1518 4709 1604 4773 sic
1636 4708 2106 4788 servaverit,de-

461 4805 739 4877 ponatur.

459 4885 698 4966 Synodi
720 4885 1259 4970 _Co_nstantinopoli
1287 4889 1352 4950 in
1387 4891 1607 4970 templo
1639 4889 1761 4954 SS.
1795 4888 2104 4970 Apostolo-

540 4985 683 5030 rum
713 4965 966 5048 habita’,
998 4965 1364 5052 qyceprimo
1395 4965 1750 5052 etsecunda
1781 4965 2103 5052 nuneupa-

541 5053 664 5123 tur,
695 5063 960 5110 canones
992 5047 1089 5122 t2,
1128 5047 1226 5123 l3,
1257 5050 1358 5130 t4,
1393 5050 1489 5113 15.

540 5136 638 5198 12.
668 5136 817 5198 Cum
845 5143 1072 5213 sancta,
1097 5145 1158 5199 et
1186 5137 1546 5204 universalis
1578 5147 1782 5205 sancta
1811 5140 2095 5224 synodus,

537 5257 600 5311 35
626 5256 900 5340 Carthag.
931 5275 992 5338 η,
1031 5278 1164 5343 cap.
1197 5260 1258 5324 8.
1345 5262 1406 5315 ³6
1439 5264 1690 5330 Laodic.
1725 5284 1860 5332 can.
1899 5266 1998 5329 58.

2434 4347 2663 4409 Συνόδου
2691 4351 3061 4427 οἰκουμενικῆς
3093 4351 3254 4422 ἕκτης
3283 4357 3461 4414 κανὼν
3489 4357 3605 4423 λα’.

2269 4437 2383 4501 λα’.
2432 4440 2568 4505 Τοὺς
2625 4440 2681 4496 ἐν
2737 4455 2852 4508 τοῖς
2910 4444 3209 4524 εύκτηρίοις
3255 4445 3431 4511 οἴκοις
3478 4449 3627 4509 ἔνδον
3669 4450 3824 4513 οἰκίας

2187 4528 2515 4608 τυγχάνουσι
2575 4529 3014 4610 λειτουργούντας
3083 4533 3372 4614 κληρικοὺς
3433 4539 3538 4596 ὑπὸ
3611 4539 3823 4618 γνώμην

2185 4626 2341 4676 τοῦτο
2384 4620 2636 4699 πράττειν
2679 4628 2775 4679 τοῦ
2817 4624 2957 4680 κατὰ
3001 4626 3093 4681 τὸν
3136 4624 3301 4683 τόπον
3331 4626 3632 4688 ἐπισκόπου
3661 4630 3824 4706 ὁρίζο-

2187 4730 2286 4785 μεν
2321 4727 2336 4743 ·
2371 4707 2508 4801 ὥστε
2539 4709 2594 4765 εἴ
2623 4732 2703 4776 τις
2748 4710 3003 4792 κληρικὸς
3052 4716 3131 4791 μὴ
3191 4718 3344 4775 τούτο
3375 4716 3550 4785 οὕτως
3588 4717 3820 4801 φυλάξει,

2186 4799 2559 4874 καθαιρείσθω.

2188 4886 2414 4948 Συνόδου
2473 4888 2531 4972 ⁸α’
2605 4889 2696 4972 καὶ
2751 4891 2803 4968 β’
2883 4896 3336 4972 συγκροτηθείσης
3393 4897 3449 4954 ἐν
3539 4909 3824 4960 Κωνσταν-

2264 4967 2569 5057 τινοςδπόξει
2627 4968 2684 5057 ἐν
2886 4967 3032 5049 ναῷ⁷
3065 4982 3174 5032 τῶν
3260 4979 3426 5057 ἁγίων
3508 4980 3821 5038 ἀποστόλων

2377 5050 2390 5070 \
2527 5048 2542 5070 ν
2659 5049 2673 5070 ι
2757 5051 2797 5076 ευ
2903 5053 2920 5078 ν

2263 5071 2440 5108 κανων
2469 5050 2564 5127 ιβ,
2601 5073 2654 5128 ιγ
2680 5069 2779 5126 ,ιο
2808 5074 2901 5133 ,ιε
2928 5097 2944 5114 .

2265 5139 2361 5216 ιβ’,
2389 5144 2500 5207 Τῆς
2531 5139 2685 5218 ἁγίας
2717 5143 2807 5199 καὶ
2836 5144 3212 5222 οἶκοομενικῆς
3242 5146 3408 5218 ἕκτης
3439 5149 3684 5226 συνόδου,
3709 5149 3823 5212 τοὺς

565 5462 671 5544 35)
699 5461 852 5528 Vide
873 5462 1170 5544 actionem
1195 5483 1328 5528 mox
1354 5467 1592 5532 citatam
1631 5469 1882 5534 Concilii
1913 5364 2388 5534 CbiPT‘gbos.

457 5543 819 5630 cedonensis
837 5543 942 5608 ubi
961 5564 1444 5630 ex_numerorum
1465 5549 1625 5630 serie
1648 5551 1869 5614 dicitur
1897 5552 1997 5630 84,
2035 5560 2096 5616 et

2257 5558 2383 5646 (3_6)
2442 5559 2790 5626 Ferrandus
2846 5579 2981 5645 cap.
3035 5563 3178 5646 401,
3235 5584 3308 5632 οι
3369 5585 3544 5635 conc.
3612 5569 3816 5637 Cartb.

454 5624 658 5707 Vigilii
686 5626 867 5710 epist.
923 5626 999 5691 ad
1027 5625 1339 5692 Rusticum
1395 5637 1453 5694 et
1508 5627 1929 5697 Sebastianum
1960 5624 2092 5697 dia-
2175 5624 2363 5703 tit.‘7.
