  <div class='ocr_page' id='page_1' title='image "/cluster/home/n/w/nwhite01/storage/ocr_20150623/104/hvd.32044073502163/312.png"; bbox 0 0 4148 6198; ppageno 0'>
   <div class='ocr_carea' id='block_1_1' title="bbox 204 357 3614 445">
    <p class='ocr_par' dir='ltr' id='par_1_1' title="bbox 204 357 3614 445">
     <span class='ocr_line' id='line_1_1' title="bbox 204 357 3614 445; baseline -0.001 -15"><span class='ocrx_word' id='word_1_1' title='bbox 204 366 324 431; x_wconf 83' lang='lat'><strong>585</strong></span> <span class='ocrx_word' id='word_1_2' title='bbox 1057 369 1474 435; x_wconf 74' lang='lat' dir='ltr'><strong>SYNTAGMA</strong></span> <span class='ocrx_word' id='word_1_3' title='bbox 1518 358 1918 435; x_wconf 79' lang='lat' dir='ltr'><strong>CANONUM.</strong></span> <span class='ocrx_word' id='word_1_4' title='bbox 1953 401 2026 414; x_wconf 87' lang='grc'><strong><em>-</em></strong></span> <span class='ocrx_word' id='word_1_5' title='bbox 2074 363 2228 428; x_wconf 89' lang='lat' dir='ltr'><strong>TIT.</strong></span> <span class='ocrx_word' id='word_1_6' title='bbox 2277 365 2358 445; x_wconf 88' lang='lat' dir='ltr'><strong>Il,</strong></span> <span class='ocrx_word' id='word_1_7' title='bbox 2403 366 2566 428; x_wconf 83' lang='lat' dir='ltr'><strong>CAP.</strong></span> <span class='ocrx_word' id='word_1_8' title='bbox 2614 361 2724 427; x_wconf 86' lang='lat' dir='ltr'><strong>III.</strong></span> <span class='ocrx_word' id='word_1_9' title='bbox 3466 357 3614 426; x_wconf 81' lang='lat'><strong>586&#39;</strong></span> 
     </span>
    </p>
   </div>
   <div class='ocr_carea' id='block_1_2' title="bbox 203 495 1897 584">
    <p class='ocr_par' dir='ltr' id='par_1_2' title="bbox 203 502 1897 584">
     <span class='ocr_line' id='line_1_2' title="bbox 203 502 1897 584; baseline 0.002 -27"><span class='ocrx_word' id='word_1_10' title='bbox 203 502 267 557; x_wconf 84' lang='grc' dir='ltr'>ἐν</span> <span class='ocrx_word' id='word_1_11' title='bbox 322 516 442 566; x_wconf 85' lang='grc' dir='ltr'>τοῖς</span> <span class='ocrx_word' id='word_1_12' title='bbox 477 504 771 583; x_wconf 77' lang='grc' dir='ltr'>εὐκτηρίοις</span> <span class='ocrx_word' id='word_1_13' title='bbox 821 504 994 570; x_wconf 75' lang='grc' dir='ltr'>οἴκοις</span> <span class='ocrx_word' id='word_1_14' title='bbox 1030 503 1174 561; x_wconf 77' lang='grc' dir='ltr'>ἔνδον</span> <span class='ocrx_word' id='word_1_15' title='bbox 1219 506 1382 568; x_wconf 85' lang='grc' dir='ltr'>οἰκίας</span> <span class='ocrx_word' id='word_1_16' title='bbox 1429 503 1897 584; x_wconf 70' lang='grc' dir='ltr'><strong>λειτουργοῦντας)</strong></span> 
     </span>
    </p>
   </div>
   <div class='ocr_carea' id='block_1_3' title="bbox 1981 495 3587 584">
    <p class='ocr_par' dir='ltr' id='par_1_3' title="bbox 1981 495 3587 582">
     <span class='ocr_line' id='line_1_3' title="bbox 1981 495 3587 582; baseline -0.004 -18"><span class='ocrx_word' id='word_1_17' title='bbox 1981 501 2220 577; x_wconf 89' lang='lat' dir='ltr'><strong>lericos,</strong></span> <span class='ocrx_word' id='word_1_18' title='bbox 2251 500 2353 582; x_wconf 89' lang='lat' dir='ltr'><strong>qui</strong></span> <span class='ocrx_word' id='word_1_19' title='bbox 2385 500 2445 561; x_wconf 91' lang='lat' dir='ltr'><strong>in</strong></span> <span class='ocrx_word' id='word_1_20' title='bbox 2476 500 2772 573; x_wconf 81' lang='lat' dir='ltr'><strong>oratoriis,</strong></span> <span class='ocrx_word' id='word_1_21' title='bbox 2801 515 2933 575; x_wconf 77' lang='lat' dir='ltr'><strong>quae</strong></span> <span class='ocrx_word' id='word_1_22' title='bbox 2965 505 3102 559; x_wconf 86' lang='lat' dir='ltr'><strong>sunt</strong></span> <span class='ocrx_word' id='word_1_23' title='bbox 3132 499 3286 560; x_wconf 90' lang='lat' dir='ltr'><strong>intra</strong></span> <span class='ocrx_word' id='word_1_24' title='bbox 3315 495 3587 570; x_wconf 74' lang='lat' dir='ltr'><strong>domum,</strong></span> 
     </span>
    </p>
   </div>
   <div class='ocr_carea' id='block_1_4' title="bbox 202 587 1897 672">
    <p class='ocr_par' dir='ltr' id='par_1_4' title="bbox 202 591 1865 672">
     <span class='ocr_line' id='line_1_4' title="bbox 202 591 1865 672; baseline 0.003 -25"><span class='ocrx_word' id='word_1_25' title='bbox 202 591 242 659; x_wconf 79' lang='grc' dir='ltr'><strong>ἢ</strong></span> <span class='ocrx_word' id='word_1_26' title='bbox 296 594 648 668; x_wconf 70' lang='grc' dir='ltr'>βαπτίζοντας</span> <span class='ocrx_word' id='word_1_27' title='bbox 705 594 1015 672; x_wconf 82' lang='grc' dir='ltr'>κληρικοὺς,</span> <span class='ocrx_word' id='word_1_28' title='bbox 1053 595 1197 672; x_wconf 76' lang='grc' dir='ltr'>παρὰ</span> <span class='ocrx_word' id='word_1_29' title='bbox 1241 595 1464 671; x_wconf 77' lang='grc' dir='ltr'>γνώμην</span> <span class='ocrx_word' id='word_1_30' title='bbox 1509 601 1600 652; x_wconf 85' lang='lat'><strong>106</strong></span> <span class='ocrx_word' id='word_1_31' title='bbox 1641 596 1865 653; x_wconf 80' lang='grc' dir='ltr'>ἐπισκό-</span> 
     </span>
    </p>
   </div>
   <div class='ocr_carea' id='block_1_5' title="bbox 1981 587 3592 672">
    <p class='ocr_par' dir='ltr' id='par_1_5' title="bbox 1985 587 3592 670">
     <span class='ocr_line' id='line_1_5' title="bbox 1985 587 3592 670; baseline -0.003 -17"><span class='ocrx_word' id='word_1_32' title='bbox 1985 591 2278 664; x_wconf 87' lang='lat' dir='ltr'><strong>elehrant,</strong></span> <span class='ocrx_word' id='word_1_33' title='bbox 2311 591 2399 652; x_wconf 88' lang='lat' dir='ltr'><strong>vel</strong></span> <span class='ocrx_word' id='word_1_34' title='bbox 2435 589 2755 670; x_wconf 87' lang='lat' dir='ltr'><strong>baptizant,</strong></span> <span class='ocrx_word' id='word_1_35' title='bbox 2776 594 2992 668; x_wconf 66' lang='lat' dir='ltr'><strong>praeter</strong></span> <span class='ocrx_word' id='word_1_36' title='bbox 3020 587 3285 668; x_wconf 80' lang='lat' dir='ltr'><strong>episcopi</strong></span> <span class='ocrx_word' id='word_1_37' title='bbox 3312 588 3592 650; x_wconf 89' lang='lat' dir='ltr'><strong>volunta-</strong></span> 
     </span>
    </p>
   </div>
   <div class='ocr_carea' id='block_1_6' title="bbox 199 682 1867 758">
    <p class='ocr_par' dir='ltr' id='par_1_6' title="bbox 199 682 1867 758">
     <span class='ocr_line' id='line_1_6' title="bbox 199 682 1867 758; baseline 0.002 -22"><span class='ocrx_word' id='word_1_38' title='bbox 199 703 335 754; x_wconf 83' lang='grc' dir='ltr'>που,</span> <span class='ocrx_word' id='word_1_39' title='bbox 383 683 682 758; x_wconf 78' lang='grc' dir='ltr'>καθαιρέσει</span> <span class='ocrx_word' id='word_1_40' title='bbox 738 682 1267 757; x_wconf 76' lang='grc' dir='ltr'>καθυποϐαλλούσης,</span> <span class='ocrx_word' id='word_1_41' title='bbox 1332 685 1420 740; x_wconf 85' lang='grc' dir='ltr'><strong>καὶ</strong></span> <span class='ocrx_word' id='word_1_42' title='bbox 1470 685 1637 758; x_wconf 82' lang='grc' dir='ltr'>ἡμεῖς</span> <span class='ocrx_word' id='word_1_43' title='bbox 1709 707 1867 742; x_wconf 85' lang='grc' dir='ltr'>τουτο</span> 
     </span>
    </p>
   </div>
   <div class='ocr_carea' id='block_1_7' title="bbox 200 772 1868 854">
    <p class='ocr_par' dir='ltr' id='par_1_7' title="bbox 200 772 1868 854">
     <span class='ocr_line' id='line_1_7' title="bbox 200 772 1868 854; baseline 0.004 -29"><span class='ocrx_word' id='word_1_44' title='bbox 200 772 686 851; x_wconf 72' lang='grc' dir='ltr'>σύμψηφιζόμεθα·</span> <span class='ocrx_word' id='word_1_45' title='bbox 747 778 846 839; x_wconf 77' lang='grc' dir='ltr'>τῆς</span> <span class='ocrx_word' id='word_1_46' title='bbox 909 775 1009 850; x_wconf 72' lang='grc' dir='ltr'><strong>γὰρ</strong></span> <span class='ocrx_word' id='word_1_47' title='bbox 1059 774 1210 848; x_wconf 81' lang='grc' dir='ltr'>ἁγίας</span> <span class='ocrx_word' id='word_1_48' title='bbox 1274 773 1592 839; x_wconf 71' lang='grc' dir='ltr'>Ἐκκλησία(</span> <span class='ocrx_word' id='word_1_49' title='bbox 1646 776 1868 854; x_wconf 77' lang='grc' dir='ltr'>ὀρθοτο-</span> 
     </span>
    </p>
   </div>
   <div class='ocr_carea' id='block_1_8' title="bbox 201 861 1870 944">
    <p class='ocr_par' dir='ltr' id='par_1_8' title="bbox 201 861 1870 944">
     <span class='ocr_line' id='line_1_8' title="bbox 201 861 1870 944; baseline 0.004 -29"><span class='ocrx_word' id='word_1_50' title='bbox 201 861 445 934; x_wconf 82' lang='grc' dir='ltr'>μούσης,</span> <span class='ocrx_word' id='word_1_51' title='bbox 480 862 703 917; x_wconf 79' lang='grc' dir='ltr'>καὶτὸν</span> <span class='ocrx_word' id='word_1_52' title='bbox 761 861 932 929; x_wconf 82' lang='grc' dir='ltr'><strong>ἀληθῆ</strong></span> <span class='ocrx_word' id='word_1_53' title='bbox 991 861 1382 938; x_wconf 77' lang='grc' dir='ltr'>πρεσϐευούσης</span> <span class='ocrx_word' id='word_1_54' title='bbox 1445 862 1632 944; x_wconf 84' lang='grc' dir='ltr'>λόγον,</span> <span class='ocrx_word' id='word_1_55' title='bbox 1664 866 1751 920; x_wconf 80' lang='grc' dir='ltr'><strong>καὶ</strong></span> <span class='ocrx_word' id='word_1_56' title='bbox 1811 869 1870 922; x_wconf 78' lang='grc' dir='ltr'>τὸ</span> 
     </span>
    </p>
   </div>
   <div class='ocr_carea' id='block_1_9' title="bbox 201 949 1872 1030">
    <p class='ocr_par' dir='ltr' id='par_1_9' title="bbox 201 949 1872 1030">
     <span class='ocr_line' id='line_1_9' title="bbox 201 949 1872 1030; baseline 0.002 -25"><span class='ocrx_word' id='word_1_57' title='bbox 201 953 411 1024; x_wconf 72' lang='grc' dir='ltr'>σεμιὸν</span> <span class='ocrx_word' id='word_1_58' title='bbox 464 955 562 1019; x_wconf 77' lang='grc' dir='ltr'>τῆς</span> <span class='ocrx_word' id='word_1_59' title='bbox 636 949 909 1013; x_wconf 88' lang='grc' dir='ltr'>πολιτείας</span> <span class='ocrx_word' id='word_1_60' title='bbox 967 953 1330 1030; x_wconf 79' lang='grc' dir='ltr'>συντηρούσης</span> <span class='ocrx_word' id='word_1_61' title='bbox 1391 973 1450 1008; x_wconf 91' lang='grc' dir='ltr'><strong>τε</strong></span> <span class='ocrx_word' id='word_1_62' title='bbox 1510 956 1596 1009; x_wconf 89' lang='grc' dir='ltr'>καὶ</span> <span class='ocrx_word' id='word_1_63' title='bbox 1659 952 1872 1010; x_wconf 78' lang='grc' dir='ltr'>ἐκδιδα-</span> 
     </span>
    </p>
   </div>
   <div class='ocr_carea' id='block_1_10' title="bbox 199 1039 1873 1120">
    <p class='ocr_par' dir='ltr' id='par_1_10' title="bbox 199 1039 1873 1120">
     <span class='ocr_line' id='line_1_10' title="bbox 199 1039 1873 1120; baseline 0.001 -25"><span class='ocrx_word' id='word_1_64' title='bbox 199 1041 476 1118; x_wconf 83' lang='grc' dir='ltr'>σκούσης,</span> <span class='ocrx_word' id='word_1_65' title='bbox 522 1039 743 1118; x_wconf 76' lang='grc' dir='ltr'>ἆπηχες</span> <span class='ocrx_word' id='word_1_66' title='bbox 785 1041 875 1096; x_wconf 87' lang='grc' dir='ltr'><strong>καὶ</strong></span> <span class='ocrx_word' id='word_1_67' title='bbox 914 1039 1126 1096; x_wconf 76' lang='grc' dir='ltr'>ἀνόσιον</span> <span class='ocrx_word' id='word_1_68' title='bbox 1161 1054 1511 1120; x_wconf 69' lang='grc' dir='ltr'><strong>παραχωρεῖν</strong></span> <span class='ocrx_word' id='word_1_69' title='bbox 1555 1045 1676 1107; x_wconf 84' lang='grc' dir='ltr'>τοὺς</span> <span class='ocrx_word' id='word_1_70' title='bbox 1708 1043 1873 1099; x_wconf 80' lang='grc' dir='ltr'>ἀπαι-</span> 
     </span>
    </p>
   </div>
   <div class='ocr_carea' id='block_1_11' title="bbox 196 1128 1873 1208">
    <p class='ocr_par' dir='ltr' id='par_1_11' title="bbox 196 1128 1873 1208">
     <span class='ocr_line' id='line_1_11' title="bbox 196 1128 1873 1208; baseline 0.002 -24"><span class='ocrx_word' id='word_1_71' title='bbox 196 1128 393 1200; x_wconf 78' lang='grc' dir='ltr'>δευσίᾳ</span> <span class='ocrx_word' id='word_1_72' title='bbox 448 1131 536 1184; x_wconf 88' lang='grc' dir='ltr'>καὶ</span> <span class='ocrx_word' id='word_1_73' title='bbox 592 1129 823 1208; x_wconf 73' lang='grc' dir='ltr'>ἀναρχίᾳ</span> <span class='ocrx_word' id='word_1_74' title='bbox 883 1137 1167 1204; x_wconf 78' lang='grc' dir='ltr'>συζῶντας,</span> <span class='ocrx_word' id='word_1_75' title='bbox 1233 1133 1306 1196; x_wconf 88' lang='grc' dir='ltr'><strong>εἰς</strong></span> <span class='ocrx_word' id='word_1_76' title='bbox 1361 1132 1458 1196; x_wconf 78' lang='grc' dir='ltr'><strong>τὰς</strong></span> <span class='ocrx_word' id='word_1_77' title='bbox 1521 1133 1686 1194; x_wconf 82' lang='grc' dir='ltr'>οἰκίας</span> <span class='ocrx_word' id='word_1_78' title='bbox 1735 1134 1873 1187; x_wconf 76' lang='grc' dir='ltr'>ὕπο-</span> 
     </span>
    </p>
   </div>
   <div class='ocr_carea' id='block_1_12' title="bbox 198 1217 1868 1299">
    <p class='ocr_par' dir='ltr' id='par_1_12' title="bbox 198 1217 1868 1299">
     <span class='ocr_line' id='line_1_12' title="bbox 198 1217 1868 1299; baseline 0.001 -26"><span class='ocrx_word' id='word_1_79' title='bbox 198 1217 523 1297; x_wconf 84' lang='grc' dir='ltr'>δυομένους,</span> <span class='ocrx_word' id='word_1_80' title='bbox 558 1219 654 1285; x_wconf 79' lang='grc' dir='ltr'>τὴν</span> <span class='ocrx_word' id='word_1_81' title='bbox 705 1219 906 1283; x_wconf 80' lang='grc' dir='ltr'><strong>ταύτης</strong></span> <span class='ocrx_word' id='word_1_82' title='bbox 942 1218 1180 1285; x_wconf 72' lang='grc' dir='ltr'><strong>εὐταξίαν</strong></span> <span class='ocrx_word' id='word_1_83' title='bbox 1238 1218 1490 1299; x_wconf 83' lang='grc' dir='ltr'>διασπᾷν,</span> <span class='ocrx_word' id='word_1_84' title='bbox 1523 1223 1612 1277; x_wconf 86' lang='grc' dir='ltr'><strong>καὶ</strong></span> <span class='ocrx_word' id='word_1_85' title='bbox 1659 1219 1868 1286; x_wconf 77' lang='grc' dir='ltr'>πολλῆς</span> 
     </span>
    </p>
   </div>
   <div class='ocr_carea' id='block_1_13' title="bbox 199 1306 1874 1388">
    <p class='ocr_par' dir='ltr' id='par_1_13' title="bbox 199 1306 1874 1388">
     <span class='ocr_line' id='line_1_13' title="bbox 199 1306 1874 1388; baseline 0.002 -26"><span class='ocrx_word' id='word_1_86' title='bbox 199 1310 467 1385; x_wconf 73' lang='grc' dir='ltr'>ταραχῆς</span> <span class='ocrx_word' id='word_1_87' title='bbox 512 1309 602 1364; x_wconf 85' lang='grc' dir='ltr'><strong>καὶ</strong></span> <span class='ocrx_word' id='word_1_88' title='bbox 663 1306 971 1363; x_wconf 76' lang='grc' dir='ltr'>σκανδάλων</span> <span class='ocrx_word' id='word_1_89' title='bbox 1018 1308 1392 1385; x_wconf 81' lang='grc' dir='ltr'>ἀποπληροῦν.</span> <span class='ocrx_word' id='word_1_90' title='bbox 1452 1312 1646 1388; x_wconf 83' lang='grc' dir='ltr'>Διόπερ</span> <span class='ocrx_word' id='word_1_91' title='bbox 1693 1315 1727 1376; x_wconf 83' lang='grc' dir='ltr'>ὴ</span> <span class='ocrx_word' id='word_1_92' title='bbox 1787 1317 1874 1365; x_wconf 76' lang='grc' dir='ltr'><strong>νῦν</strong></span> 
     </span>
    </p>
   </div>
   <div class='ocr_carea' id='block_1_14' title="bbox 200 1395 1876 1474">
    <p class='ocr_par' dir='ltr' id='par_1_14' title="bbox 200 1395 1876 1474">
     <span class='ocr_line' id='line_1_14' title="bbox 200 1395 1876 1474; baseline 0.003 -25"><span class='ocrx_word' id='word_1_93' title='bbox 200 1395 335 1474; x_wconf 70' lang='grc' dir='ltr'>ἱερὰ</span> <span class='ocrx_word' id='word_1_94' title='bbox 392 1399 480 1452; x_wconf 79' lang='grc' dir='ltr'>καὶ</span> <span class='ocrx_word' id='word_1_95' title='bbox 522 1396 936 1473; x_wconf 85' lang='grc' dir='ltr'>θεοσυνὲργητος</span> <span class='ocrx_word' id='word_1_96' title='bbox 996 1396 1232 1466; x_wconf 79' lang='grc' dir='ltr'>σύνοδος,</span> <span class='ocrx_word' id='word_1_97' title='bbox 1291 1399 1358 1465; x_wconf 70' lang='grc' dir='ltr'><strong>τῇ</strong></span> <span class='ocrx_word' id='word_1_98' title='bbox 1403 1400 1745 1474; x_wconf 78' lang='grc' dir='ltr'>οἰκουμενικῇ</span> <span class='ocrx_word' id='word_1_99' title='bbox 1787 1400 1876 1454; x_wconf 86' lang='grc' dir='ltr'>καὶ</span> 
     </span>
    </p>
   </div>
   <div class='ocr_carea' id='block_1_15' title="bbox 202 1483 1875 1566">
    <p class='ocr_par' dir='ltr' id='par_1_15' title="bbox 202 1483 1875 1566">
     <span class='ocr_line' id='line_1_15' title="bbox 202 1483 1875 1566; baseline 0.003 -26"><span class='ocrx_word' id='word_1_100' title='bbox 202 1485 346 1562; x_wconf 70' lang='grc' dir='ltr'>ἁγίᾳ</span> <span class='ocrx_word' id='word_1_101' title='bbox 417 1483 548 1561; x_wconf 79' lang='grc' dir='ltr'>ἕκτῃ</span> <span class='ocrx_word' id='word_1_102' title='bbox 621 1484 822 1559; x_wconf 73' lang='grc' dir='ltr'>συνόδῳ</span> <span class='ocrx_word' id='word_1_103' title='bbox 900 1495 1252 1566; x_wconf 74' lang='grc' dir='ltr'>συμφωνοῦσα</span> <span class='ocrx_word' id='word_1_104' title='bbox 1323 1487 1875 1566; x_wconf 82' lang='grc' dir='ltr'>ἀποκεκληρωμὲνους</span> 
     </span>
    </p>
   </div>
   <div class='ocr_carea' id='block_1_16' title="bbox 207 1575 1878 1651">
    <p class='ocr_par' dir='ltr' id='par_1_16' title="bbox 207 1575 1878 1651">
     <span class='ocr_line' id='line_1_16' title="bbox 207 1575 1878 1651; baseline 0.001 -21"><span class='ocrx_word' id='word_1_105' title='bbox 207 1576 369 1631; x_wconf 76' lang='grc' dir='ltr'>εἶναι</span> <span class='ocrx_word' id='word_1_106' title='bbox 411 1577 534 1638; x_wconf 86' lang='grc' dir='ltr'>τοὺς</span> <span class='ocrx_word' id='word_1_107' title='bbox 565 1575 620 1630; x_wconf 80' lang='grc' dir='ltr'>ἐν</span> <span class='ocrx_word' id='word_1_108' title='bbox 663 1589 783 1639; x_wconf 87' lang='grc' dir='ltr'>τοῖς</span> <span class='ocrx_word' id='word_1_109' title='bbox 815 1577 1112 1651; x_wconf 79' lang='grc' dir='ltr'>εύκτηρίοις</span> <span class='ocrx_word' id='word_1_110' title='bbox 1160 1578 1333 1640; x_wconf 63' lang='grc' dir='ltr'>οἴκοις</span> <span class='ocrx_word' id='word_1_111' title='bbox 1380 1577 1530 1635; x_wconf 79' lang='grc' dir='ltr'>ἔνδον</span> <span class='ocrx_word' id='word_1_112' title='bbox 1563 1579 1730 1642; x_wconf 87' lang='grc' dir='ltr'>οἰκίας</span> <span class='ocrx_word' id='word_1_113' title='bbox 1763 1579 1878 1633; x_wconf 71' lang='grc' dir='ltr'>οὖσι</span> 
     </span>
    </p>
   </div>
   <div class='ocr_carea' id='block_1_17' title="bbox 207 1664 1879 1746">
    <p class='ocr_par' dir='ltr' id='par_1_17' title="bbox 207 1664 1879 1746">
     <span class='ocr_line' id='line_1_17' title="bbox 207 1664 1879 1746; baseline 0.001 -26"><span class='ocrx_word' id='word_1_114' title='bbox 207 1664 663 1743; x_wconf 69' lang='grc' dir='ltr'>λειτουργοῦντας</span> <span class='ocrx_word' id='word_1_115' title='bbox 718 1664 1021 1746; x_wconf 79' lang='grc' dir='ltr'>διωρίσατο,</span> <span class='ocrx_word' id='word_1_116' title='bbox 1054 1672 1149 1732; x_wconf 77' lang='grc' dir='ltr'>τῆς</span> <span class='ocrx_word' id='word_1_117' title='bbox 1191 1666 1624 1745; x_wconf 80' lang='grc' dir='ltr'>ἀποκληρώσεως</span> <span class='ocrx_word' id='word_1_118' title='bbox 1682 1665 1879 1732; x_wconf 82' lang='grc' dir='ltr'>δηλον-</span> 
     </span>
    </p>
   </div>
   <div class='ocr_carea' id='block_1_18' title="bbox 211 1755 1880 1831">
    <p class='ocr_par' dir='ltr' id='par_1_18' title="bbox 211 1755 1880 1831">
     <span class='ocr_line' id='line_1_18' title="bbox 211 1755 1880 1831; baseline -0.001 -21"><span class='ocrx_word' id='word_1_119' title='bbox 211 1755 328 1827; x_wconf 83' lang='grc' dir='ltr'>ότι,</span> <span class='ocrx_word' id='word_1_120' title='bbox 356 1755 502 1831; x_wconf 76' lang='grc' dir='ltr'>παρὰ</span> <span class='ocrx_word' id='word_1_121' title='bbox 530 1761 623 1810; x_wconf 80' lang='grc' dir='ltr'>τοῦ</span> <span class='ocrx_word' id='word_1_122' title='bbox 654 1756 790 1810; x_wconf 83' lang='grc' dir='ltr'>κατᾶ</span> <span class='ocrx_word' id='word_1_123' title='bbox 819 1756 909 1811; x_wconf 80' lang='grc' dir='ltr'><strong>τὸν</strong></span> <span class='ocrx_word' id='word_1_124' title='bbox 940 1757 1102 1812; x_wconf 84' lang='grc' dir='ltr'>τόπον</span> <span class='ocrx_word' id='word_1_125' title='bbox 1137 1756 1432 1812; x_wconf 80' lang='grc' dir='ltr'>ἐπισκόπου</span> <span class='ocrx_word' id='word_1_126' title='bbox 1463 1757 1646 1818; x_wconf 78' lang='grc' dir='ltr'>αὐτοῖς</span> <span class='ocrx_word' id='word_1_127' title='bbox 1679 1756 1880 1812; x_wconf 82' lang='grc' dir='ltr'>ἀπονε-</span> 
     </span>
    </p>
   </div>
   <div class='ocr_carea' id='block_1_19' title="bbox 217 1842 1880 1926">
    <p class='ocr_par' dir='ltr' id='par_1_19' title="bbox 217 1842 1880 1926">
     <span class='ocr_line' id='line_1_19' title="bbox 217 1842 1880 1926; baseline 0.002 -30"><span class='ocrx_word' id='word_1_128' title='bbox 217 1843 517 1918; x_wconf 81' lang='grc' dir='ltr'>μηθέίσης.</span> <span class='ocrx_word' id='word_1_129' title='bbox 594 1846 650 1900; x_wconf 82' lang='grc' dir='ltr'>Εἰ</span> <span class='ocrx_word' id='word_1_130' title='bbox 693 1842 748 1899; x_wconf 79' lang='grc' dir='ltr'>δέ</span> <span class='ocrx_word' id='word_1_131' title='bbox 807 1866 947 1908; x_wconf 88' lang='grc' dir='ltr'>τινες</span> <span class='ocrx_word' id='word_1_132' title='bbox 1000 1847 1143 1924; x_wconf 79' lang='grc' dir='ltr'>παρὰ</span> <span class='ocrx_word' id='word_1_133' title='bbox 1213 1848 1454 1926; x_wconf 88' lang='grc' dir='ltr'>τούτους,</span> <span class='ocrx_word' id='word_1_134' title='bbox 1507 1849 1600 1902; x_wconf 82' lang='lat'><strong>106</strong></span> <span class='ocrx_word' id='word_1_135' title='bbox 1657 1844 1880 1901; x_wconf 74' lang='grc' dir='ltr'>ἐπισκό-</span> 
     </span>
    </p>
   </div>
   <div class='ocr_carea' id='block_1_20' title="bbox 215 1929 1875 2005">
    <p class='ocr_par' dir='ltr' id='par_1_20' title="bbox 215 1929 1875 2005">
     <span class='ocr_line' id='line_1_20' title="bbox 215 1929 1875 2005; baseline 0.002 -21"><span class='ocrx_word' id='word_1_136' title='bbox 215 1952 331 1988; x_wconf 86' lang='grc' dir='ltr'><strong>πσυ</strong></span> <span class='ocrx_word' id='word_1_137' title='bbox 407 1935 486 2004; x_wconf 69' lang='grc' dir='ltr'>μὴ</span> <span class='ocrx_word' id='word_1_138' title='bbox 551 1929 912 2004; x_wconf 71' lang='grc' dir='ltr'>εὐδοκοῦντος,</span> <span class='ocrx_word' id='word_1_139' title='bbox 974 1933 1047 1994; x_wconf 90' lang='grc' dir='ltr'><strong>εἰς</strong></span> <span class='ocrx_word' id='word_1_140' title='bbox 1107 1933 1201 1993; x_wconf 75' lang='grc' dir='ltr'>τὰς</span> <span class='ocrx_word' id='word_1_141' title='bbox 1262 1935 1428 1995; x_wconf 79' lang='grc' dir='ltr'>οἰκίας</span> <span class='ocrx_word' id='word_1_142' title='bbox 1489 1936 1875 2005; x_wconf 84' lang='grc' dir='ltr'>εἰσπίπτοντες,</span> 
     </span>
    </p>
   </div>
   <div class='ocr_carea' id='block_1_21' title="bbox 217 2016 1881 2098">
    <p class='ocr_par' dir='ltr' id='par_1_21' title="bbox 217 2016 1881 2098">
     <span class='ocr_line' id='line_1_21' title="bbox 217 2016 1881 2098; baseline 0.001 -24"><span class='ocrx_word' id='word_1_143' title='bbox 217 2016 488 2075; x_wconf 74' lang='grc' dir='ltr'>ἅπτεσθαι</span> <span class='ocrx_word' id='word_1_144' title='bbox 548 2027 648 2087; x_wconf 80' lang='grc' dir='ltr'>τῆς</span> <span class='ocrx_word' id='word_1_145' title='bbox 708 2019 1044 2098; x_wconf 70' lang='grc' dir='ltr'>λειτουργίας</span> <span class='ocrx_word' id='word_1_146' title='bbox 1102 2021 1476 2097; x_wconf 76' lang='grc' dir='ltr'>ἀποτολμῶσι,</span> <span class='ocrx_word' id='word_1_147' title='bbox 1510 2023 1727 2084; x_wconf 79' lang='grc' dir='ltr'>τούτους</span> <span class='ocrx_word' id='word_1_148' title='bbox 1783 2022 1881 2094; x_wconf 77' lang='grc' dir='ltr'>μὲν</span> 
     </span>
    </p>
   </div>
   <div class='ocr_carea' id='block_1_22' title="bbox 219 2109 1879 2187">
    <p class='ocr_par' dir='ltr' id='par_1_22' title="bbox 219 2109 1879 2187">
     <span class='ocr_line' id='line_1_22' title="bbox 219 2109 1879 2187; baseline 0.001 -23"><span class='ocrx_word' id='word_1_149' title='bbox 219 2112 619 2187; x_wconf 67' lang='grc' dir='ltr'>καθαιρεῖσθαν</span> <span class='ocrx_word' id='word_1_150' title='bbox 678 2111 799 2174; x_wconf 83' lang='grc' dir='ltr'>τοὺς</span> <span class='ocrx_word' id='word_1_151' title='bbox 861 2109 915 2166; x_wconf 80' lang='grc' dir='ltr'>δὲ</span> <span class='ocrx_word' id='word_1_152' title='bbox 973 2116 1072 2177; x_wconf 80' lang='grc' dir='ltr'>τῆς</span> <span class='ocrx_word' id='word_1_153' title='bbox 1133 2111 1303 2166; x_wconf 87' lang='grc' dir='ltr'>αύτῶν</span> <span class='ocrx_word' id='word_1_154' title='bbox 1365 2113 1639 2174; x_wconf 73' lang='grc' dir='ltr'>κοινωνίας</span> <span class='ocrx_word' id='word_1_155' title='bbox 1707 2132 1879 2186; x_wconf 86' lang='grc' dir='ltr'>μετα-</span> 
     </span>
    </p>
   </div>
   <div class='ocr_carea' id='block_1_23' title="bbox 219 2197 1462 2278">
    <p class='ocr_par' dir='ltr' id='par_1_23' title="bbox 219 2197 1462 2278">
     <span class='ocr_line' id='line_1_23' title="bbox 219 2197 1462 2278; baseline 0.001 -24"><span class='ocrx_word' id='word_1_156' title='bbox 219 2200 493 2277; x_wconf 83' lang='grc' dir='ltr'>σχόντας⁶</span> <span class='ocrx_word' id='word_1_157' title='bbox 526 2206 604 2273; x_wconf 86' lang='grc' dir='ltr'>τῷ</span> <span class='ocrx_word' id='word_1_158' title='bbox 636 2199 916 2278; x_wconf 72' lang='grc' dir='ltr'>ἀφορισμῷ</span> <span class='ocrx_word' id='word_1_159' title='bbox 945 2197 1462 2260; x_wconf 79' lang='grc' dir='ltr'>καθυποϐάλλεσθαι.</span> 
     </span>
    </p>
   </div>
   <div class='ocr_carea' id='block_1_24' title="bbox 315 2288 1886 2365">
    <p class='ocr_par' dir='ltr' id='par_1_24' title="bbox 315 2288 1886 2365">
     <span class='ocr_line' id='line_1_24' title="bbox 315 2288 1886 2365; baseline -0.001 -22"><span class='ocrx_word' id='word_1_160' title='bbox 315 2288 413 2365; x_wconf 83' lang='grc' dir='ltr'>ιγ’.</span> <span class='ocrx_word' id='word_1_161' title='bbox 477 2289 581 2352; x_wconf 76' lang='grc' dir='ltr'><strong>Τὰς</strong></span> <span class='ocrx_word' id='word_1_162' title='bbox 656 2291 762 2344; x_wconf 85' lang='grc' dir='ltr'><strong>τῶν</strong></span> <span class='ocrx_word' id='word_1_163' title='bbox 829 2291 1106 2365; x_wconf 77' lang='grc' dir='ltr'>αἱρετικῶν</span> <span class='ocrx_word' id='word_1_164' title='bbox 1182 2290 1424 2359; x_wconf 78' lang='grc' dir='ltr'>ζιζανίων</span> <span class='ocrx_word' id='word_1_165' title='bbox 1481 2289 1771 2365; x_wconf 79' lang='grc' dir='ltr'>ἐπισπορὰς</span> <span class='ocrx_word' id='word_1_166' title='bbox 1833 2288 1886 2343; x_wconf 78' lang='grc' dir='ltr'>ἐν</span> 
     </span>
    </p>
   </div>
   <div class='ocr_carea' id='block_1_25' title="bbox 224 2376 1886 2460">
    <p class='ocr_par' dir='ltr' id='par_1_25' title="bbox 224 2376 1886 2460">
     <span class='ocr_line' id='line_1_25' title="bbox 224 2376 1886 2460; baseline -0.001 -27"><span class='ocrx_word' id='word_1_167' title='bbox 224 2384 300 2453; x_wconf 77' lang='grc' dir='ltr'><strong>τῇ</strong></span> <span class='ocrx_word' id='word_1_168' title='bbox 330 2385 422 2435; x_wconf 85' lang='lat'><strong>106</strong></span> <span class='ocrx_word' id='word_1_169' title='bbox 468 2385 700 2454; x_wconf 79' lang='grc' dir='ltr'>Χριστοῦ</span> <span class='ocrx_word' id='word_1_170' title='bbox 744 2376 1042 2449; x_wconf 78' lang='grc' dir='ltr'>Ἐκκλησίᾳ</span> <span class='ocrx_word' id='word_1_171' title='bbox 1085 2380 1112 2434; x_wconf 84' lang='grc' dir='ltr'>ὁ</span> <span class='ocrx_word' id='word_1_172' title='bbox 1145 2377 1492 2456; x_wconf 69' lang='grc' dir='ltr'>παμπόνηρος</span> <span class='ocrx_word' id='word_1_173' title='bbox 1543 2376 1886 2460; x_wconf 67' lang='grc' dir='ltr'>καταϐαλὼν,</span> 
     </span>
    </p>
   </div>
   <div class='ocr_carea' id='block_1_26' title="bbox 225 2468 1891 2545">
    <p class='ocr_par' dir='ltr' id='par_1_26' title="bbox 225 2468 1891 2545">
     <span class='ocr_line' id='line_1_26' title="bbox 225 2468 1891 2545; baseline -0.002 -21"><span class='ocrx_word' id='word_1_174' title='bbox 225 2471 330 2525; x_wconf 78' lang='grc' dir='ltr'><strong>καί</strong></span> <span class='ocrx_word' id='word_1_175' title='bbox 376 2469 568 2528; x_wconf 86' lang='grc' dir='ltr'>ταύτας</span> <span class='ocrx_word' id='word_1_176' title='bbox 624 2468 761 2545; x_wconf 84' lang='grc' dir='ltr'>ὁρῶν</span> <span class='ocrx_word' id='word_1_177' title='bbox 810 2470 876 2543; x_wconf 72' lang='grc' dir='ltr'><strong>τῇ</strong></span> <span class='ocrx_word' id='word_1_178' title='bbox 922 2468 1165 2545; x_wconf 69' lang='grc' dir='ltr'>μαχαίρᾳ</span> <span class='ocrx_word' id='word_1_179' title='bbox 1193 2475 1283 2523; x_wconf 86' lang='lat'><strong>106</strong></span> <span class='ocrx_word' id='word_1_180' title='bbox 1332 2470 1638 2542; x_wconf 86' lang='grc' dir='ltr'>Πνεύματος</span> <span class='ocrx_word' id='word_1_181' title='bbox 1698 2488 1891 2541; x_wconf 90' lang='grc' dir='ltr'>τεμνο-</span> 
     </span>
    </p>
   </div>
   <div class='ocr_carea' id='block_1_27' title="bbox 232 2555 1892 2636">
    <p class='ocr_par' dir='ltr' id='par_1_27' title="bbox 232 2555 1892 2636">
     <span class='ocr_line' id='line_1_27' title="bbox 232 2555 1892 2636; baseline -0.002 -23"><span class='ocrx_word' id='word_1_182' title='bbox 232 2557 409 2632; x_wconf 77' lang='grc' dir='ltr'>μένας</span> <span class='ocrx_word' id='word_1_183' title='bbox 477 2556 776 2635; x_wconf 77' lang='grc' dir='ltr'>πορῤίζους,</span> <span class='ocrx_word' id='word_1_184' title='bbox 824 2555 904 2636; x_wconf 77' lang='grc' dir='ltr'><strong>ἐφ’</strong></span> <span class='ocrx_word' id='word_1_185' title='bbox 975 2557 1157 2630; x_wconf 85' lang='grc' dir='ltr'>ἑτέραν</span> <span class='ocrx_word' id='word_1_186' title='bbox 1214 2555 1345 2623; x_wconf 79' lang='grc' dir='ltr'>ἦλθε</span> <span class='ocrx_word' id='word_1_187' title='bbox 1407 2555 1678 2632; x_wconf 82' lang='grc' dir='ltr'>μεθοδείας</span> <span class='ocrx_word' id='word_1_188' title='bbox 1749 2555 1892 2626; x_wconf 83' lang='grc' dir='ltr'>ὁδὸν,</span> 
     </span>
    </p>
   </div>
   <div class='ocr_carea' id='block_1_28' title="bbox 231 2645 1898 2725">
    <p class='ocr_par' dir='ltr' id='par_1_28' title="bbox 231 2645 1898 2725">
     <span class='ocr_line' id='line_1_28' title="bbox 231 2645 1898 2725; baseline -0.002 -23"><span class='ocrx_word' id='word_1_189' title='bbox 231 2653 308 2723; x_wconf 81' lang='grc' dir='ltr'><strong>τῇ</strong></span> <span class='ocrx_word' id='word_1_190' title='bbox 355 2653 461 2702; x_wconf 87' lang='grc' dir='ltr'><strong>τῶν</strong></span> <span class='ocrx_word' id='word_1_191' title='bbox 514 2652 897 2725; x_wconf 86' lang='grc' dir='ltr'>σχισματικῶν</span> <span class='ocrx_word' id='word_1_192' title='bbox 959 2645 1122 2718; x_wconf 72' lang='grc' dir='ltr'>μανία</span> <span class='ocrx_word' id='word_1_193' title='bbox 1181 2646 1242 2700; x_wconf 70' lang='grc' dir='ltr'>τὸ</span> <span class='ocrx_word' id='word_1_194' title='bbox 1300 2648 1392 2700; x_wconf 74' lang='lat'><strong>105</strong></span> <span class='ocrx_word' id='word_1_195' title='bbox 1453 2653 1680 2722; x_wconf 75' lang='grc' dir='ltr'>Χριστοῦ</span> <span class='ocrx_word' id='word_1_196' title='bbox 1742 2652 1898 2718; x_wconf 89' lang='grc' dir='ltr'>σῶμα</span> 
     </span>
    </p>
   </div>
   <div class='ocr_carea' id='block_1_29' title="bbox 231 2733 1898 2814">
    <p class='ocr_par' dir='ltr' id='par_1_29' title="bbox 231 2733 1898 2814">
     <span class='ocr_line' id='line_1_29' title="bbox 231 2733 1898 2814; baseline -0.001 -24"><span class='ocrx_word' id='word_1_197' title='bbox 231 2739 469 2811; x_wconf 80' lang='grc' dir='ltr'>μερίζειν</span> <span class='ocrx_word' id='word_1_198' title='bbox 519 2735 834 2814; x_wconf 79' lang='grc' dir='ltr'>ἐπιχειρῶν·</span> <span class='ocrx_word' id='word_1_199' title='bbox 873 2733 1011 2789; x_wconf 72' lang='grc' dir='ltr'>ἀλλὰ</span> <span class='ocrx_word' id='word_1_200' title='bbox 1070 2736 1159 2789; x_wconf 86' lang='grc' dir='ltr'><strong>καὶ</strong></span> <span class='ocrx_word' id='word_1_201' title='bbox 1203 2735 1400 2800; x_wconf 85' lang='grc' dir='ltr'>ταύτην</span> <span class='ocrx_word' id='word_1_202' title='bbox 1433 2735 1590 2792; x_wconf 71' lang='grc' dir='ltr'><strong>αύτοῦ</strong></span> <span class='ocrx_word' id='word_1_203' title='bbox 1633 2735 1728 2801; x_wconf 65' lang='grc' dir='ltr'>τὴν</span> <span class='ocrx_word' id='word_1_204' title='bbox 1774 2736 1898 2788; x_wconf 69' lang='lat' dir='ltr'><strong>iam-</strong></span> 
     </span>
    </p>
   </div>
   <div class='ocr_carea' id='block_1_30' title="bbox 232 2821 1899 2901">
    <p class='ocr_par' dir='ltr' id='par_1_30' title="bbox 232 2821 1899 2901">
     <span class='ocr_line' id='line_1_30' title="bbox 232 2821 1899 2901; baseline -0.001 -21"><span class='ocrx_word' id='word_1_205' title='bbox 232 2825 434 2892; x_wconf 69' lang='grc' dir='ltr'>ϐουλὴν</span> <span class='ocrx_word' id='word_1_206' title='bbox 489 2827 524 2891; x_wconf 78' lang='grc' dir='ltr'>ἡ</span> <span class='ocrx_word' id='word_1_207' title='bbox 570 2825 692 2900; x_wconf 73' lang='grc' dir='ltr'>ἁγία</span> <span class='ocrx_word' id='word_1_208' title='bbox 732 2821 944 2887; x_wconf 82' lang='grc' dir='ltr'>σύνοδος</span> <span class='ocrx_word' id='word_1_209' title='bbox 988 2822 1394 2880; x_wconf 79' lang='grc' dir='ltr'>ἀναστέλλουσα</span> <span class='ocrx_word' id='word_1_210' title='bbox 1424 2823 1698 2888; x_wconf 78' lang='grc' dir='ltr'>παντελῶς</span> <span class='ocrx_word' id='word_1_211' title='bbox 1741 2823 1899 2901; x_wconf 79' lang='grc' dir='ltr'>ὥρισε</span> 
     </span>
    </p>
   </div>
   <div class='ocr_carea' id='block_1_31' title="bbox 237 2910 1896 2989">
    <p class='ocr_par' dir='ltr' id='par_1_31' title="bbox 237 2910 1896 2989">
     <span class='ocr_line' id='line_1_31' title="bbox 237 2910 1896 2989; baseline -0.001 -20"><span class='ocrx_word' id='word_1_212' title='bbox 237 2923 331 2970; x_wconf 92' lang='lat'><strong>106</strong></span> <span class='ocrx_word' id='word_1_213' title='bbox 374 2913 590 2988; x_wconf 72' lang='grc' dir='ltr'>λοιποῦ,</span> <span class='ocrx_word' id='word_1_214' title='bbox 627 2911 718 2968; x_wconf 84' lang='grc' dir='ltr'><strong>ίνα</strong></span> <span class='ocrx_word' id='word_1_215' title='bbox 778 2913 830 2968; x_wconf 76' lang='grc' dir='ltr'><strong>εἴ</strong></span> <span class='ocrx_word' id='word_1_216' title='bbox 874 2936 956 2976; x_wconf 89' lang='grc' dir='ltr'><strong>τις</strong></span> <span class='ocrx_word' id='word_1_217' title='bbox 1021 2910 1375 2989; x_wconf 76' lang='grc' dir='ltr'>πρεσϐύτερος</span> <span class='ocrx_word' id='word_1_218' title='bbox 1429 2913 1464 2979; x_wconf 77' lang='grc' dir='ltr'><strong>ἢ</strong></span> <span class='ocrx_word' id='word_1_219' title='bbox 1509 2910 1776 2988; x_wconf 68' lang='grc' dir='ltr'>διάκονος,</span> <span class='ocrx_word' id='word_1_220' title='bbox 1825 2914 1896 2972; x_wconf 82' lang='grc' dir='ltr'>ὼς</span> 
     </span>
    </p>
   </div>
   <div class='ocr_carea' id='block_1_32' title="bbox 237 3001 1900 3080">
    <p class='ocr_par' dir='ltr' id='par_1_32' title="bbox 237 3001 1900 3080">
     <span class='ocr_line' id='line_1_32' title="bbox 237 3001 1900 3080; baseline -0.001 -21"><span class='ocrx_word' id='word_1_221' title='bbox 237 3003 399 3071; x_wconf 77' lang='grc' dir='ltr'>δῆθεν</span> <span class='ocrx_word' id='word_1_222' title='bbox 459 3003 546 3060; x_wconf 80' lang='grc' dir='ltr'><strong>ἐπ’</strong></span> <span class='ocrx_word' id='word_1_223' title='bbox 600 3001 909 3080; x_wconf 64' lang='grc' dir='ltr'>ἐγκλήμασί</span> <span class='ocrx_word' id='word_1_224' title='bbox 968 3024 1074 3057; x_wconf 87' lang='grc' dir='ltr'>τισι</span> <span class='ocrx_word' id='word_1_225' title='bbox 1131 3011 1224 3060; x_wconf 88' lang='lat'><strong>106</strong></span> <span class='ocrx_word' id='word_1_226' title='bbox 1295 3003 1490 3058; x_wconf 88' lang='grc' dir='ltr'>οἰκείου</span> <span class='ocrx_word' id='word_1_227' title='bbox 1549 3003 1900 3079; x_wconf 76' lang='grc' dir='ltr'>κατεγνωκὼς</span> 
     </span>
    </p>
   </div>
   <div class='ocr_carea' id='block_1_33' title="bbox 236 3089 1899 3170">
    <p class='ocr_par' dir='ltr' id='par_1_33' title="bbox 236 3089 1899 3170">
     <span class='ocr_line' id='line_1_33' title="bbox 236 3089 1899 3170; baseline -0.003 -20"><span class='ocrx_word' id='word_1_228' title='bbox 236 3092 563 3170; x_wconf 71' lang='grc' dir='ltr'>ἐπισκόπου,</span> <span class='ocrx_word' id='word_1_229' title='bbox 597 3095 698 3167; x_wconf 80' lang='grc' dir='ltr'>πρὸ</span> <span class='ocrx_word' id='word_1_230' title='bbox 752 3089 1030 3156; x_wconf 77' lang='grc' dir='ltr'>συνοδικῆς</span> <span class='ocrx_word' id='word_1_231' title='bbox 1089 3089 1376 3154; x_wconf 77' lang='grc' dir='ltr'>ἐξετάσεώς</span> <span class='ocrx_word' id='word_1_232' title='bbox 1437 3112 1494 3146; x_wconf 89' lang='grc' dir='ltr'><strong>τε</strong></span> <span class='ocrx_word' id='word_1_233' title='bbox 1535 3093 1621 3146; x_wconf 87' lang='grc' dir='ltr'>καὶ</span> <span class='ocrx_word' id='word_1_234' title='bbox 1667 3089 1899 3167; x_wconf 80' lang='grc' dir='ltr'>διαγνώ-</span> 
     </span>
    </p>
   </div>
   <div class='ocr_carea' id='block_1_34' title="bbox 237 3177 1896 3262">
    <p class='ocr_par' dir='ltr' id='par_1_34' title="bbox 237 3177 1896 3262">
     <span class='ocr_line' id='line_1_34' title="bbox 237 3177 1896 3262; baseline -0.003 -23"><span class='ocrx_word' id='word_1_235' title='bbox 237 3205 406 3262; x_wconf 83' lang='grc' dir='ltr'>σεως,</span> <span class='ocrx_word' id='word_1_236' title='bbox 456 3182 544 3237; x_wconf 87' lang='grc' dir='ltr'>καὶ</span> <span class='ocrx_word' id='word_1_237' title='bbox 601 3185 699 3246; x_wconf 79' lang='grc' dir='ltr'>τῆς</span> <span class='ocrx_word' id='word_1_238' title='bbox 755 3178 838 3234; x_wconf 82' lang='grc' dir='ltr'><strong>ἐπ’</strong></span> <span class='ocrx_word' id='word_1_239' title='bbox 871 3183 1014 3252; x_wconf 75' lang='grc' dir='ltr'>αὐτῷ</span> <span class='ocrx_word' id='word_1_240' title='bbox 1074 3177 1280 3240; x_wconf 79' lang='grc' dir='ltr'>τελείας</span> <span class='ocrx_word' id='word_1_241' title='bbox 1341 3182 1725 3256; x_wconf 76' lang='grc' dir='ltr'>κατακρίσεως,</span> <span class='ocrx_word' id='word_1_242' title='bbox 1759 3179 1896 3234; x_wconf 84' lang='grc' dir='ltr'>ἀπο-</span> 
     </span>
    </p>
   </div>
   <div class='ocr_carea' id='block_1_35' title="bbox 1954 677 3594 761">
    <p class='ocr_par' dir='ltr' id='par_1_35' title="bbox 1954 677 3594 761">
     <span class='ocr_line' id='line_1_35' title="bbox 1954 677 3594 761; baseline -0.002 -18"><span class='ocrx_word' id='word_1_243' title='bbox 1954 679 2469 761; x_wconf 90' lang='lat' dir='ltr'><strong>tem,depositioni</strong></span> <span class='ocrx_word' id='word_1_244' title='bbox 2495 678 2915 757; x_wconf 86' lang='lat' dir='ltr'><strong>subjiciat,nos</strong></span> <span class='ocrx_word' id='word_1_245' title='bbox 2938 695 3178 758; x_wconf 88' lang='lat' dir='ltr'><strong>quoque</strong></span> <span class='ocrx_word' id='word_1_246' title='bbox 3200 677 3360 739; x_wconf 90' lang='lat' dir='ltr'><strong>idem</strong></span> <span class='ocrx_word' id='word_1_247' title='bbox 3384 677 3594 740; x_wconf 79' lang='lat' dir='ltr'><strong>decer—</strong></span> 
     </span>
    </p>
   </div>
   <div class='ocr_carea' id='block_1_36' title="bbox 1951 766 3593 846">
    <p class='ocr_par' dir='ltr' id='par_1_36' title="bbox 1951 766 3593 846">
     <span class='ocr_line' id='line_1_36' title="bbox 1951 766 3593 846; baseline -0.001 -15"><span class='ocrx_word' id='word_1_248' title='bbox 1951 772 2170 833; x_wconf 84' lang='lat' dir='ltr'><strong>nimus.</strong></span> <span class='ocrx_word' id='word_1_249' title='bbox 2199 769 2343 831; x_wconf 87' lang='lat' dir='ltr'><strong>Cum</strong></span> <span class='ocrx_word' id='word_1_250' title='bbox 2369 769 2529 831; x_wconf 90' lang='lat' dir='ltr'><strong>enim</strong></span> <span class='ocrx_word' id='word_1_251' title='bbox 2554 775 2755 828; x_wconf 88' lang='lat' dir='ltr'><strong>sancta</strong></span> <span class='ocrx_word' id='word_1_252' title='bbox 2775 766 3040 828; x_wconf 85' lang='lat' dir='ltr'><strong>Ecclesia</strong></span> <span class='ocrx_word' id='word_1_253' title='bbox 3064 778 3230 829; x_wconf 89' lang='lat' dir='ltr'><strong>recte</strong></span> <span class='ocrx_word' id='word_1_254' title='bbox 3259 766 3593 846; x_wconf 92' lang='lat' dir='ltr'><strong>dispertiat,</strong></span> 
     </span>
    </p>
   </div>
   <div class='ocr_carea' id='block_1_37' title="bbox 1957 855 3597 939">
    <p class='ocr_par' dir='ltr' id='par_1_37' title="bbox 1957 855 3597 939">
     <span class='ocr_line' id='line_1_37' title="bbox 1957 855 3597 939; baseline -0.001 -17"><span class='ocrx_word' id='word_1_255' title='bbox 1957 878 2276 939; x_wconf 86' lang='lat' dir='ltr'><strong>veramque</strong></span> <span class='ocrx_word' id='word_1_256' title='bbox 2329 859 2618 920; x_wconf 84' lang='lat' dir='ltr'><strong>rationem</strong></span> <span class='ocrx_word' id='word_1_257' title='bbox 2654 856 2957 932; x_wconf 91' lang='lat' dir='ltr'><strong>defendat,</strong></span> <span class='ocrx_word' id='word_1_258' title='bbox 2995 866 3052 917; x_wconf 94' lang='lat' dir='ltr'><strong>et</strong></span> <span class='ocrx_word' id='word_1_259' title='bbox 3101 855 3500 918; x_wconf 89' lang='lat' dir='ltr'><strong>venerabilem</strong></span> <span class='ocrx_word' id='word_1_260' title='bbox 3527 875 3597 920; x_wconf 86' lang='lat' dir='ltr'><strong>ac</strong></span> 
     </span>
    </p>
   </div>
   <div class='ocr_carea' id='block_1_38' title="bbox 1957 945 3599 1021">
    <p class='ocr_par' dir='ltr' id='par_1_38' title="bbox 1957 945 3599 1021">
     <span class='ocr_line' id='line_1_38' title="bbox 1957 945 3599 1021; baseline -0.001 -11"><span class='ocrx_word' id='word_1_261' title='bbox 1957 950 2266 1011; x_wconf 76' lang='lat' dir='ltr'><strong>honestam</strong></span> <span class='ocrx_word' id='word_1_262' title='bbox 2319 947 2490 1008; x_wconf 62' lang='lat' dir='ltr'><strong>bona)</strong></span> <span class='ocrx_word' id='word_1_263' title='bbox 2521 945 2915 1008; x_wconf 83' lang='lat' dir='ltr'><strong>institutionis</strong></span> <span class='ocrx_word' id='word_1_264' title='bbox 2973 945 3220 1009; x_wconf 87' lang='lat' dir='ltr'><strong>formam</strong></span> <span class='ocrx_word' id='word_1_265' title='bbox 3271 946 3506 1021; x_wconf 86' lang='lat' dir='ltr'><strong>doceat,</strong></span> <span class='ocrx_word' id='word_1_266' title='bbox 3541 955 3599 1008; x_wconf 90' lang='lat' dir='ltr'><strong>et</strong></span> 
     </span>
    </p>
   </div>
   <div class='ocr_carea' id='block_1_39' title="bbox 1957 1035 3600 1115">
    <p class='ocr_par' dir='ltr' id='par_1_39' title="bbox 1957 1035 3600 1115">
     <span class='ocr_line' id='line_1_39' title="bbox 1957 1035 3600 1115; baseline -0.002 -15"><span class='ocrx_word' id='word_1_267' title='bbox 1957 1046 2295 1110; x_wconf 88' lang='lat' dir='ltr'><strong>conservet,</strong></span> <span class='ocrx_word' id='word_1_268' title='bbox 2326 1035 2752 1098; x_wconf 84' lang='lat' dir='ltr'><strong>inconcinnum</strong></span> <span class='ocrx_word' id='word_1_269' title='bbox 2784 1045 2899 1110; x_wconf 88' lang='lat' dir='ltr'><strong>est,</strong></span> <span class='ocrx_word' id='word_1_270' title='bbox 2923 1043 2979 1096; x_wconf 91' lang='lat' dir='ltr'><strong>et</strong></span> <span class='ocrx_word' id='word_1_271' title='bbox 3005 1037 3289 1115; x_wconf 88' lang='lat' dir='ltr'><strong>ineptum,</strong></span> <span class='ocrx_word' id='word_1_272' title='bbox 3317 1044 3380 1096; x_wconf 88' lang='lat' dir='ltr'><strong>ut</strong></span> <span class='ocrx_word' id='word_1_273' title='bbox 3410 1037 3511 1115; x_wconf 86' lang='lat' dir='ltr'><strong>qui</strong></span> <span class='ocrx_word' id='word_1_274' title='bbox 3537 1037 3600 1098; x_wconf 92' lang='lat' dir='ltr'><strong>in</strong></span> 
     </span>
    </p>
   </div>
   <div class='ocr_carea' id='block_1_40' title="bbox 1959 1123 3598 1208">
    <p class='ocr_par' dir='ltr' id='par_1_40' title="bbox 1959 1123 3598 1208">
     <span class='ocr_line' id='line_1_40' title="bbox 1959 1123 3598 1208; baseline -0.002 -18"><span class='ocrx_word' id='word_1_275' title='bbox 1959 1127 2312 1208; x_wconf 83' lang='lat' dir='ltr'><strong>petulantia,</strong></span> <span class='ocrx_word' id='word_1_276' title='bbox 2356 1135 2412 1186; x_wconf 92' lang='lat' dir='ltr'><strong>et</strong></span> <span class='ocrx_word' id='word_1_277' title='bbox 2444 1125 2765 1186; x_wconf 87' lang='lat' dir='ltr'><strong>insolentia</strong></span> <span class='ocrx_word' id='word_1_278' title='bbox 2793 1143 2862 1186; x_wconf 90' lang='lat' dir='ltr'><strong>ac</strong></span> <span class='ocrx_word' id='word_1_279' title='bbox 2894 1123 2956 1185; x_wconf 91' lang='lat' dir='ltr'><strong>in</strong></span> <span class='ocrx_word' id='word_1_280' title='bbox 2985 1123 3394 1187; x_wconf 86' lang='lat' dir='ltr'><strong>inobedientia</strong></span> <span class='ocrx_word' id='word_1_281' title='bbox 3427 1128 3598 1188; x_wconf 75' lang='lat' dir='ltr'><strong>vitam</strong></span> 
     </span>
    </p>
   </div>
   <div class='ocr_carea' id='block_1_41' title="bbox 1956 1213 3602 1296">
    <p class='ocr_par' dir='ltr' id='par_1_41' title="bbox 1956 1213 3602 1296">
     <span class='ocr_line' id='line_1_41' title="bbox 1956 1213 3602 1296; baseline -0.002 -16"><span class='ocrx_word' id='word_1_282' title='bbox 1956 1217 2380 1296; x_wconf 79' lang='lat' dir='ltr'><strong>agunt,domos</strong></span> <span class='ocrx_word' id='word_1_283' title='bbox 2399 1213 2978 1288; x_wconf 89' lang='lat' dir='ltr'><strong>subeuntes,bonum</strong></span> <span class='ocrx_word' id='word_1_284' title='bbox 3008 1213 3139 1292; x_wconf 88' lang='lat' dir='ltr'><strong>ejus</strong></span> <span class='ocrx_word' id='word_1_285' title='bbox 3161 1213 3434 1276; x_wconf 89' lang='lat' dir='ltr'><strong>ordinem</strong></span> <span class='ocrx_word' id='word_1_286' title='bbox 3459 1234 3602 1277; x_wconf 82' lang='lat' dir='ltr'><strong>con-</strong></span> 
     </span>
    </p>
   </div>
   <div class='ocr_carea' id='block_1_42' title="bbox 1955 1302 3602 1384">
    <p class='ocr_par' dir='ltr' id='par_1_42' title="bbox 1955 1302 3602 1384">
     <span class='ocr_line' id='line_1_42' title="bbox 1955 1302 3602 1384; baseline 0.001 -19"><span class='ocrx_word' id='word_1_287' title='bbox 1955 1306 2196 1379; x_wconf 90' lang='lat' dir='ltr'><strong>vellant,</strong></span> <span class='ocrx_word' id='word_1_288' title='bbox 2231 1314 2288 1367; x_wconf 92' lang='lat' dir='ltr'><strong>et</strong></span> <span class='ocrx_word' id='word_1_289' title='bbox 2342 1306 2527 1366; x_wconf 92' lang='lat' dir='ltr'><strong>multa</strong></span> <span class='ocrx_word' id='word_1_290' title='bbox 2560 1302 3033 1384; x_wconf 87' lang='lat' dir='ltr'><strong>perturbatione,</strong></span> <span class='ocrx_word' id='word_1_291' title='bbox 3068 1310 3128 1363; x_wconf 91' lang='lat' dir='ltr'><strong>et</strong></span> <span class='ocrx_word' id='word_1_292' title='bbox 3169 1302 3602 1366; x_wconf 83' lang='lat' dir='ltr'><strong>offensionibus</strong></span> 
     </span>
    </p>
   </div>
   <div class='ocr_carea' id='block_1_43' title="bbox 1957 1391 3606 1474">
    <p class='ocr_par' dir='ltr' id='par_1_43' title="bbox 1957 1391 3606 1474">
     <span class='ocr_line' id='line_1_43' title="bbox 1957 1391 3606 1474; baseline -0.001 -18"><span class='ocrx_word' id='word_1_293' title='bbox 1957 1395 2273 1474; x_wconf 85' lang='lat' dir='ltr'><strong>impleant.</strong></span> <span class='ocrx_word' id='word_1_294' title='bbox 2309 1396 2379 1454; x_wconf 87' lang='lat' dir='ltr'><strong>Et</strong></span> <span class='ocrx_word' id='word_1_295' title='bbox 2411 1393 2543 1455; x_wconf 85' lang='lat' dir='ltr'><strong>ideo</strong></span> <span class='ocrx_word' id='word_1_296' title='bbox 2576 1411 2745 1455; x_wconf 90' lang='lat' dir='ltr'><strong>sacra</strong></span> <span class='ocrx_word' id='word_1_297' title='bbox 2779 1409 2961 1468; x_wconf 92' lang='lat' dir='ltr'><strong>nunc,</strong></span> <span class='ocrx_word' id='word_1_298' title='bbox 2999 1398 3057 1453; x_wconf 89' lang='lat' dir='ltr'><strong>et</strong></span> <span class='ocrx_word' id='word_1_299' title='bbox 3087 1391 3379 1454; x_wconf 90' lang='lat' dir='ltr'><strong>divinitus</strong></span> <span class='ocrx_word' id='word_1_300' title='bbox 3399 1402 3606 1458; x_wconf 89' lang='lat' dir='ltr'><strong>coacta</strong></span> 
     </span>
    </p>
   </div>
   <div class='ocr_carea' id='block_1_44' title="bbox 1960 1481 3608 1564">
    <p class='ocr_par' dir='ltr' id='par_1_44' title="bbox 1960 1481 3608 1564">
     <span class='ocr_line' id='line_1_44' title="bbox 1960 1481 3608 1564; baseline -0.001 -18"><span class='ocrx_word' id='word_1_301' title='bbox 1960 1483 2240 1564; x_wconf 82' lang='lat' dir='ltr'><strong>synodus,</strong></span> <span class='ocrx_word' id='word_1_302' title='bbox 2278 1483 2602 1545; x_wconf 87' lang='lat' dir='ltr'><strong>universali</strong></span> <span class='ocrx_word' id='word_1_303' title='bbox 2636 1489 2814 1544; x_wconf 70' lang='lat' dir='ltr'><strong>sexta:</strong></span> <span class='ocrx_word' id='word_1_304' title='bbox 2837 1481 3061 1562; x_wconf 80' lang='lat' dir='ltr'><strong>synodo</strong></span> <span class='ocrx_word' id='word_1_305' title='bbox 3087 1483 3608 1562; x_wconf 84' lang='lat' dir='ltr'><strong>consentiens,eos</strong></span> 
     </span>
    </p>
   </div>
   <div class='ocr_carea' id='block_1_45' title="bbox 1962 1570 3604 1654">
    <p class='ocr_par' dir='ltr' id='par_1_45' title="bbox 1962 1570 3604 1654">
     <span class='ocr_line' id='line_1_45' title="bbox 1962 1570 3604 1654; baseline 0.002 -22"><span class='ocrx_word' id='word_1_306' title='bbox 1962 1573 2063 1654; x_wconf 91' lang='lat' dir='ltr'><strong>qui</strong></span> <span class='ocrx_word' id='word_1_307' title='bbox 2099 1571 2160 1632; x_wconf 92' lang='lat' dir='ltr'><strong>in</strong></span> <span class='ocrx_word' id='word_1_308' title='bbox 2198 1571 2644 1652; x_wconf 72' lang='lat' dir='ltr'><strong>oratoriis,quae</strong></span> <span class='ocrx_word' id='word_1_309' title='bbox 2673 1578 2808 1632; x_wconf 92' lang='lat' dir='ltr'><strong>sunt</strong></span> <span class='ocrx_word' id='word_1_310' title='bbox 2833 1570 2990 1631; x_wconf 88' lang='lat' dir='ltr'><strong>intra</strong></span> <span class='ocrx_word' id='word_1_311' title='bbox 3009 1571 3238 1642; x_wconf 89' lang='lat' dir='ltr'><strong>domos,</strong></span> <span class='ocrx_word' id='word_1_312' title='bbox 3275 1572 3604 1647; x_wconf 83' lang='lat' dir='ltr'><strong>celebrant,</strong></span> 
     </span>
    </p>
   </div>
   <div class='ocr_carea' id='block_1_46' title="bbox 1963 1659 3607 1734">
    <p class='ocr_par' dir='ltr' id='par_1_46' title="bbox 1963 1659 3607 1734">
     <span class='ocr_line' id='line_1_46' title="bbox 1963 1659 3607 1734; baseline -0.001 -10"><span class='ocrx_word' id='word_1_313' title='bbox 1963 1663 2124 1724; x_wconf 90' lang='lat' dir='ltr'><strong>clero</strong></span> <span class='ocrx_word' id='word_1_314' title='bbox 2157 1668 2388 1722; x_wconf 89' lang='lat' dir='ltr'><strong>amotos</strong></span> <span class='ocrx_word' id='word_1_315' title='bbox 2421 1679 2555 1721; x_wconf 89' lang='lat' dir='ltr'><strong>esse</strong></span> <span class='ocrx_word' id='word_1_316' title='bbox 2589 1660 2820 1734; x_wconf 84' lang='lat' dir='ltr'><strong>statuit,</strong></span> <span class='ocrx_word' id='word_1_317' title='bbox 2856 1678 2888 1720; x_wconf 92' lang='lat' dir='ltr'><strong>a</strong></span> <span class='ocrx_word' id='word_1_318' title='bbox 2919 1659 3079 1721; x_wconf 90' lang='lat' dir='ltr'><strong>clero</strong></span> <span class='ocrx_word' id='word_1_319' title='bbox 3129 1660 3410 1723; x_wconf 82' lang='lat' dir='ltr'><strong>videlicet</strong></span> <span class='ocrx_word' id='word_1_320' title='bbox 3437 1681 3607 1723; x_wconf 88' lang='lat' dir='ltr'><strong>amo-</strong></span> 
     </span>
    </p>
   </div>
   <div class='ocr_carea' id='block_1_47' title="bbox 1965 1748 3610 1832">
    <p class='ocr_par' dir='ltr' id='par_1_47' title="bbox 1965 1748 3610 1832">
     <span class='ocr_line' id='line_1_47' title="bbox 1965 1748 3610 1832; baseline 0.001 -20"><span class='ocrx_word' id='word_1_321' title='bbox 1965 1753 2124 1812; x_wconf 91' lang='lat' dir='ltr'><strong>tione</strong></span> <span class='ocrx_word' id='word_1_322' title='bbox 2173 1752 2262 1810; x_wconf 90' lang='lat' dir='ltr'><strong>eis</strong></span> <span class='ocrx_word' id='word_1_323' title='bbox 2292 1749 2364 1810; x_wconf 86' lang='lat' dir='ltr'><strong>ab</strong></span> <span class='ocrx_word' id='word_1_324' title='bbox 2397 1750 2527 1828; x_wconf 87' lang='lat' dir='ltr'><strong>ejus</strong></span> <span class='ocrx_word' id='word_1_325' title='bbox 2576 1749 2694 1811; x_wconf 92' lang='lat' dir='ltr'><strong>loci</strong></span> <span class='ocrx_word' id='word_1_326' title='bbox 2729 1749 3012 1830; x_wconf 89' lang='lat' dir='ltr'><strong>episcopo</strong></span> <span class='ocrx_word' id='word_1_327' title='bbox 3055 1748 3233 1812; x_wconf 84' lang='lat' dir='ltr'><strong>edita.</strong></span> <span class='ocrx_word' id='word_1_328' title='bbox 3272 1750 3333 1813; x_wconf 89' lang='lat' dir='ltr'><strong>Si</strong></span> <span class='ocrx_word' id='word_1_329' title='bbox 3366 1751 3466 1832; x_wconf 92' lang='lat' dir='ltr'><strong>qui</strong></span> <span class='ocrx_word' id='word_1_330' title='bbox 3499 1769 3610 1813; x_wconf 91' lang='lat' dir='ltr'><strong>au-</strong></span> 
     </span>
    </p>
   </div>
   <div class='ocr_carea' id='block_1_48' title="bbox 1908 1841 3613 1921">
    <p class='ocr_par' dir='ltr' id='par_1_48' title="bbox 1908 1841 3613 1921">
     <span class='ocr_line' id='line_1_48' title="bbox 1908 1841 3613 1921; baseline 0 -18"><span class='ocrx_word' id='word_1_331' title='bbox 1908 1849 2084 1916; x_wconf 74' lang='lat' dir='ltr'><strong>Btem</strong></span> <span class='ocrx_word' id='word_1_332' title='bbox 2141 1850 2361 1920; x_wconf 57' lang='lat' dir='ltr'><strong>praeter</strong></span> <span class='ocrx_word' id='word_1_333' title='bbox 2393 1857 2517 1913; x_wconf 88' lang='lat' dir='ltr'><strong>eos,</strong></span> <span class='ocrx_word' id='word_1_334' title='bbox 2555 1857 2675 1900; x_wconf 92' lang='lat' dir='ltr'><strong>non</strong></span> <span class='ocrx_word' id='word_1_335' title='bbox 2721 1845 3138 1900; x_wconf 84' lang='lat' dir='ltr'><strong>consentiente</strong></span> <span class='ocrx_word' id='word_1_336' title='bbox 3187 1841 3493 1921; x_wconf 78' lang='lat' dir='ltr'><strong>episcopo,</strong></span> <span class='ocrx_word' id='word_1_337' title='bbox 3551 1842 3613 1903; x_wconf 89' lang='lat' dir='ltr'><strong>in</strong></span> 
     </span>
    </p>
   </div>
   <div class='ocr_carea' id='block_1_49' title="bbox 1967 1927 3610 2002">
    <p class='ocr_par' dir='ltr' id='par_1_49' title="bbox 1967 1927 3610 2002">
     <span class='ocr_line' id='line_1_49' title="bbox 1967 1927 3610 2002; baseline 0.001 -10"><span class='ocrx_word' id='word_1_338' title='bbox 1967 1932 2176 1992; x_wconf 90' lang='lat' dir='ltr'><strong>domos</strong></span> <span class='ocrx_word' id='word_1_339' title='bbox 2229 1931 2549 2002; x_wconf 88' lang='lat' dir='ltr'><strong>irruentes,</strong></span> <span class='ocrx_word' id='word_1_340' title='bbox 2589 1927 3026 1990; x_wconf 89' lang='lat' dir='ltr'><strong>celebrationis</strong></span> <span class='ocrx_word' id='word_1_341' title='bbox 3072 1928 3467 1991; x_wconf 88' lang='lat' dir='ltr'><strong>ministerium</strong></span> <span class='ocrx_word' id='word_1_342' title='bbox 3513 1942 3610 1993; x_wconf 89' lang='lat' dir='ltr'><strong>at-</strong></span> 
     </span>
    </p>
   </div>
   <div class='ocr_carea' id='block_1_50' title="bbox 1964 2016 3611 2100">
    <p class='ocr_par' dir='ltr' id='par_1_50' title="bbox 1964 2016 3611 2100">
     <span class='ocr_line' id='line_1_50' title="bbox 1964 2016 3611 2100; baseline 0.001 -20"><span class='ocrx_word' id='word_1_343' title='bbox 1964 2020 2197 2098; x_wconf 77' lang='lat' dir='ltr'><strong>tingere</strong></span> <span class='ocrx_word' id='word_1_344' title='bbox 2259 2018 2539 2090; x_wconf 83' lang='lat' dir='ltr'><strong>audeant,</strong></span> <span class='ocrx_word' id='word_1_345' title='bbox 2602 2018 2645 2076; x_wconf 87' lang='lat' dir='ltr'><strong>ii</strong></span> <span class='ocrx_word' id='word_1_346' title='bbox 2705 2017 2948 2096; x_wconf 90' lang='lat' dir='ltr'><strong>quidem</strong></span> <span class='ocrx_word' id='word_1_347' title='bbox 3007 2016 3427 2096; x_wconf 89' lang='lat' dir='ltr'><strong>deponantur:</strong></span> <span class='ocrx_word' id='word_1_348' title='bbox 3506 2019 3611 2100; x_wconf 92' lang='lat' dir='ltr'><strong>qui</strong></span> 
     </span>
    </p>
   </div>
   <div class='ocr_carea' id='block_1_51' title="bbox 1964 2106 3605 2188">
    <p class='ocr_par' dir='ltr' id='par_1_51' title="bbox 1964 2106 3605 2188">
     <span class='ocr_line' id='line_1_51' title="bbox 1964 2106 3605 2188; baseline 0.002 -21"><span class='ocrx_word' id='word_1_349' title='bbox 1964 2127 2104 2170; x_wconf 90' lang='lat' dir='ltr'><strong>vero</strong></span> <span class='ocrx_word' id='word_1_350' title='bbox 2159 2108 2290 2168; x_wconf 70' lang='lat'><strong>126</strong></span> <span class='ocrx_word' id='word_1_351' title='bbox 2320 2126 2523 2168; x_wconf 90' lang='lat' dir='ltr'><strong>eorum</strong></span> <span class='ocrx_word' id='word_1_352' title='bbox 2577 2106 3016 2168; x_wconf 90' lang='lat' dir='ltr'><strong>communionis</strong></span> <span class='ocrx_word' id='word_1_353' title='bbox 3067 2117 3206 2167; x_wconf 90' lang='lat' dir='ltr'><strong>sunt</strong></span> <span class='ocrx_word' id='word_1_354' title='bbox 3259 2107 3605 2188; x_wconf 86' lang='lat' dir='ltr'><strong>participes,</strong></span> 
     </span>
    </p>
   </div>
   <div class='ocr_carea' id='block_1_52' title="bbox 1967 2195 2808 2275">
    <p class='ocr_par' dir='ltr' id='par_1_52' title="bbox 1967 2195 2808 2275">
     <span class='ocr_line' id='line_1_52' title="bbox 1967 2195 2808 2275; baseline 0.001 -17"><span class='ocrx_word' id='word_1_355' title='bbox 1967 2197 2360 2275; x_wconf 75' lang='lat' dir='ltr'><strong>segregationi</strong></span> <span class='ocrx_word' id='word_1_356' title='bbox 2392 2195 2808 2274; x_wconf 85' lang='lat' dir='ltr'><strong>subjiciantur.</strong></span> 
     </span>
    </p>
   </div>
   <div class='ocr_carea' id='block_1_53' title="bbox 2051 2284 3616 2348">
    <p class='ocr_par' dir='ltr' id='par_1_53' title="bbox 2051 2284 3616 2348">
     <span class='ocr_line' id='line_1_53' title="bbox 2051 2284 3616 2348; baseline 0.001 -3"><span class='ocrx_word' id='word_1_357' title='bbox 2051 2286 2151 2348; x_wconf 81' lang='grc'><strong>13.</strong></span> <span class='ocrx_word' id='word_1_358' title='bbox 2185 2285 2606 2346; x_wconf 74' lang='lat' dir='ltr'><strong>llzereticorum</strong></span> <span class='ocrx_word' id='word_1_359' title='bbox 2641 2285 2999 2346; x_wconf 88' lang='lat' dir='ltr'><strong>zizaniorum</strong></span> <span class='ocrx_word' id='word_1_360' title='bbox 3023 2284 3252 2346; x_wconf 84' lang='lat' dir='ltr'><strong>semina</strong></span> <span class='ocrx_word' id='word_1_361' title='bbox 3280 2285 3340 2347; x_wconf 90' lang='lat' dir='ltr'><strong>in</strong></span> <span class='ocrx_word' id='word_1_362' title='bbox 3374 2287 3483 2348; x_wconf 90' lang='lat' dir='ltr'><strong>Dei</strong></span> <span class='ocrx_word' id='word_1_363' title='bbox 3508 2285 3616 2347; x_wconf 86' lang='lat' dir='ltr'><strong>Ec-</strong></span> 
     </span>
    </p>
   </div>
   <div class='ocr_carea' id='block_1_54' title="bbox 1975 2373 3614 2454">
    <p class='ocr_par' dir='ltr' id='par_1_54' title="bbox 1975 2373 3614 2454">
     <span class='ocr_line' id='line_1_54' title="bbox 1975 2373 3614 2454; baseline 0.001 -19"><span class='ocrx_word' id='word_1_364' title='bbox 1975 2375 2156 2435; x_wconf 84' lang='lat' dir='ltr'><strong>clesia</strong></span> <span class='ocrx_word' id='word_1_365' title='bbox 2207 2374 2511 2452; x_wconf 82' lang='lat' dir='ltr'><strong>malignus</strong></span> <span class='ocrx_word' id='word_1_366' title='bbox 2561 2373 2879 2454; x_wconf 83' lang='lat' dir='ltr'><strong>dejiciens,</strong></span> <span class='ocrx_word' id='word_1_367' title='bbox 2933 2381 2993 2435; x_wconf 91' lang='lat' dir='ltr'><strong>et</strong></span> <span class='ocrx_word' id='word_1_368' title='bbox 3051 2391 3122 2434; x_wconf 86' lang='lat' dir='ltr'><strong>ea</strong></span> <span class='ocrx_word' id='word_1_369' title='bbox 3171 2373 3374 2435; x_wconf 86' lang='lat' dir='ltr'><strong>videns</strong></span> <span class='ocrx_word' id='word_1_370' title='bbox 3420 2375 3614 2452; x_wconf 79' lang='lat' dir='ltr'><strong>gladio</strong></span> 
     </span>
    </p>
   </div>
   <div class='ocr_carea' id='block_1_55' title="bbox 1976 2462 3615 2542">
    <p class='ocr_par' dir='ltr' id='par_1_55' title="bbox 1976 2462 3615 2542">
     <span class='ocr_line' id='line_1_55' title="bbox 1976 2462 3615 2542; baseline -0.001 -18"><span class='ocrx_word' id='word_1_371' title='bbox 1976 2464 2218 2542; x_wconf 85' lang='lat' dir='ltr'><strong>spiritus</strong></span> <span class='ocrx_word' id='word_1_372' title='bbox 2251 2463 2521 2524; x_wconf 89' lang='lat' dir='ltr'><strong>exscindi</strong></span> <span class='ocrx_word' id='word_1_373' title='bbox 2553 2462 2941 2537; x_wconf 85' lang='lat' dir='ltr'><strong>radicitus,ad</strong></span> <span class='ocrx_word' id='word_1_374' title='bbox 2973 2462 3144 2524; x_wconf 87' lang='lat' dir='ltr'><strong>aliam</strong></span> <span class='ocrx_word' id='word_1_375' title='bbox 3172 2463 3333 2523; x_wconf 90' lang='lat' dir='ltr'><strong>venit</strong></span> <span class='ocrx_word' id='word_1_376' title='bbox 3362 2463 3615 2524; x_wconf 87' lang='lat' dir='ltr'><strong>insidia-</strong></span> 
     </span>
    </p>
   </div>
   <div class='ocr_carea' id='block_1_56' title="bbox 1977 2551 3620 2632">
    <p class='ocr_par' dir='ltr' id='par_1_56' title="bbox 1977 2551 3620 2632">
     <span class='ocr_line' id='line_1_56' title="bbox 1977 2551 3620 2632; baseline 0 -18"><span class='ocrx_word' id='word_1_377' title='bbox 1977 2572 2108 2614; x_wconf 90' lang='lat' dir='ltr'><strong>rum</strong></span> <span class='ocrx_word' id='word_1_378' title='bbox 2143 2551 2858 2632; x_wconf 79' lang='lat' dir='ltr'><strong>viam,schismaticorum</strong></span> <span class='ocrx_word' id='word_1_379' title='bbox 2891 2551 3123 2612; x_wconf 87' lang='lat' dir='ltr'><strong>insania</strong></span> <span class='ocrx_word' id='word_1_380' title='bbox 3153 2551 3371 2613; x_wconf 88' lang='lat' dir='ltr'><strong>Christi</strong></span> <span class='ocrx_word' id='word_1_381' title='bbox 3401 2569 3620 2632; x_wconf 87' lang='lat' dir='ltr'><strong>corpus</strong></span> 
     </span>
    </p>
   </div>
   <div class='ocr_carea' id='block_1_57' title="bbox 1981 2639 3620 2720">
    <p class='ocr_par' dir='ltr' id='par_1_57' title="bbox 1981 2639 3620 2720">
     <span class='ocr_line' id='line_1_57' title="bbox 1981 2639 3620 2720; baseline 0.001 -18"><span class='ocrx_word' id='word_1_382' title='bbox 1981 2642 2253 2702; x_wconf 85' lang='lat' dir='ltr'><strong>dividere</strong></span> <span class='ocrx_word' id='word_1_383' title='bbox 2303 2640 2681 2720; x_wconf 78' lang='lat' dir='ltr'><strong>aggrediens.</strong></span> <span class='ocrx_word' id='word_1_384' title='bbox 2744 2639 2858 2702; x_wconf 90' lang='lat' dir='ltr'><strong>Sed</strong></span> <span class='ocrx_word' id='word_1_385' title='bbox 2921 2647 2981 2702; x_wconf 87' lang='lat' dir='ltr'><strong>et</strong></span> <span class='ocrx_word' id='word_1_386' title='bbox 3037 2640 3143 2700; x_wconf 89' lang='lat' dir='ltr'><strong>has</strong></span> <span class='ocrx_word' id='word_1_387' title='bbox 3190 2641 3322 2718; x_wconf 90' lang='lat' dir='ltr'><strong>ejus</strong></span> <span class='ocrx_word' id='word_1_388' title='bbox 3373 2640 3620 2703; x_wconf 89' lang='lat' dir='ltr'><strong>insidias</strong></span> 
     </span>
    </p>
   </div>
   <div class='ocr_carea' id='block_1_58' title="bbox 1982 2729 3620 2810">
    <p class='ocr_par' dir='ltr' id='par_1_58' title="bbox 1982 2729 3620 2810">
     <span class='ocr_line' id='line_1_58' title="bbox 1982 2729 3620 2810; baseline 0.001 -20"><span class='ocrx_word' id='word_1_389' title='bbox 1982 2740 2191 2792; x_wconf 87' lang='lat' dir='ltr'><strong>sancta</strong></span> <span class='ocrx_word' id='word_1_390' title='bbox 2224 2730 2486 2810; x_wconf 79' lang='lat' dir='ltr'><strong>synodus</strong></span> <span class='ocrx_word' id='word_1_391' title='bbox 2516 2729 2877 2810; x_wconf 86' lang='lat' dir='ltr'><strong>reprimens,</strong></span> <span class='ocrx_word' id='word_1_392' title='bbox 2914 2729 3156 2790; x_wconf 88' lang='lat' dir='ltr'><strong>omnino</strong></span> <span class='ocrx_word' id='word_1_393' title='bbox 3188 2729 3417 2792; x_wconf 83' lang='lat' dir='ltr'><strong>definiit</strong></span> <span class='ocrx_word' id='word_1_394' title='bbox 3447 2730 3620 2792; x_wconf 86' lang='lat' dir='ltr'><strong>dein-</strong></span> 
     </span>
    </p>
   </div>
   <div class='ocr_carea' id='block_1_59' title="bbox 1985 2817 3621 2898">
    <p class='ocr_par' dir='ltr' id='par_1_59' title="bbox 1985 2817 3621 2898">
     <span class='ocr_line' id='line_1_59' title="bbox 1985 2817 3621 2898; baseline 0 -18"><span class='ocrx_word' id='word_1_395' title='bbox 1985 2838 2124 2898; x_wconf 91' lang='lat' dir='ltr'><strong>ceps</strong></span> <span class='ocrx_word' id='word_1_396' title='bbox 2169 2827 2252 2894; x_wconf 89' lang='lat' dir='ltr'><strong>ut,</strong></span> <span class='ocrx_word' id='word_1_397' title='bbox 2289 2819 2338 2878; x_wconf 90' lang='lat' dir='ltr'><strong>si</strong></span> <span class='ocrx_word' id='word_1_398' title='bbox 2370 2819 2501 2898; x_wconf 91' lang='lat' dir='ltr'><strong>quis</strong></span> <span class='ocrx_word' id='word_1_399' title='bbox 2551 2817 2886 2898; x_wconf 81' lang='lat' dir='ltr'><strong>presbyter,</strong></span> <span class='ocrx_word' id='word_1_400' title='bbox 2923 2817 3014 2878; x_wconf 87' lang='lat' dir='ltr'><strong>vel</strong></span> <span class='ocrx_word' id='word_1_401' title='bbox 3066 2817 3375 2893; x_wconf 88' lang='lat' dir='ltr'><strong>diaconus,</strong></span> <span class='ocrx_word' id='word_1_402' title='bbox 3409 2826 3473 2879; x_wconf 94' lang='lat' dir='ltr'><strong>ut</strong></span> <span class='ocrx_word' id='word_1_403' title='bbox 3515 2823 3621 2895; x_wconf 90' lang='lat' dir='ltr'><strong>qui</strong></span> 
     </span>
    </p>
   </div>
   <div class='ocr_carea' id='block_1_60' title="bbox 1981 2906 3617 2987">
    <p class='ocr_par' dir='ltr' id='par_1_60' title="bbox 1981 2906 3617 2987">
     <span class='ocr_line' id='line_1_60' title="bbox 1981 2906 3617 2987; baseline 0 -19"><span class='ocrx_word' id='word_1_404' title='bbox 1981 2910 2190 2987; x_wconf 90' lang='lat' dir='ltr'><strong>utique</strong></span> <span class='ocrx_word' id='word_1_405' title='bbox 2235 2906 2310 2966; x_wconf 91' lang='lat' dir='ltr'><strong>ob</strong></span> <span class='ocrx_word' id='word_1_406' title='bbox 2361 2907 2561 2986; x_wconf 77' lang='lat' dir='ltr'><strong>aliqua</strong></span> <span class='ocrx_word' id='word_1_407' title='bbox 2619 2907 2872 2968; x_wconf 88' lang='lat' dir='ltr'><strong>crimina</strong></span> <span class='ocrx_word' id='word_1_408' title='bbox 2918 2907 3222 2986; x_wconf 84' lang='lat' dir='ltr'><strong>proprium</strong></span> <span class='ocrx_word' id='word_1_409' title='bbox 3269 2907 3617 2986; x_wconf 88' lang='lat' dir='ltr'><strong>episcopum</strong></span> 
     </span>
    </p>
   </div>
   <div class='ocr_carea' id='block_1_61' title="bbox 1983 2994 3626 3075">
    <p class='ocr_par' dir='ltr' id='par_1_61' title="bbox 1983 2994 3626 3075">
     <span class='ocr_line' id='line_1_61' title="bbox 1983 2994 3626 3075; baseline 0 -17"><span class='ocrx_word' id='word_1_410' title='bbox 1983 2996 2564 3071; x_wconf 83' lang='lat' dir='ltr'><strong>condcmnarit,ante</strong></span> <span class='ocrx_word' id='word_1_411' title='bbox 2596 2994 2938 3075; x_wconf 89' lang='lat' dir='ltr'><strong>synodalem</strong></span> <span class='ocrx_word' id='word_1_412' title='bbox 2963 2994 3384 3072; x_wconf 86' lang='lat' dir='ltr'><strong>cognitionem,</strong></span> <span class='ocrx_word' id='word_1_413' title='bbox 3414 3004 3472 3056; x_wconf 90' lang='lat' dir='ltr'><strong>et</strong></span> <span class='ocrx_word' id='word_1_414' title='bbox 3494 3015 3626 3058; x_wconf 81' lang='lat' dir='ltr'><strong>exa-</strong></span> 
     </span>
    </p>
   </div>
   <div class='ocr_carea' id='block_1_62' title="bbox 1984 3082 3623 3163">
    <p class='ocr_par' dir='ltr' id='par_1_62' title="bbox 1984 3082 3623 3163">
     <span class='ocr_line' id='line_1_62' title="bbox 1984 3082 3623 3163; baseline 0.001 -17"><span class='ocrx_word' id='word_1_415' title='bbox 1984 3086 2398 3155; x_wconf 87' lang='lat' dir='ltr'><strong>minationem,</strong></span> <span class='ocrx_word' id='word_1_416' title='bbox 2426 3093 2484 3145; x_wconf 93' lang='lat' dir='ltr'><strong>et</strong></span> <span class='ocrx_word' id='word_1_417' title='bbox 2517 3084 2841 3163; x_wconf 80' lang='lat' dir='ltr'><strong>perfectam</strong></span> <span class='ocrx_word' id='word_1_418' title='bbox 2876 3083 3006 3162; x_wconf 89' lang='lat' dir='ltr'><strong>ejus</strong></span> <span class='ocrx_word' id='word_1_419' title='bbox 3037 3082 3623 3162; x_wconf 87' lang='lat' dir='ltr'><strong>condemnationem,</strong></span> 
     </span>
    </p>
   </div>
   <div class='ocr_carea' id='block_1_63' title="bbox 1985 3171 3629 3248">
    <p class='ocr_par' dir='ltr' id='par_1_63' title="bbox 1985 3171 3629 3248">
     <span class='ocr_line' id='line_1_63' title="bbox 1985 3171 3629 3248; baseline 0.001 -12"><span class='ocrx_word' id='word_1_420' title='bbox 1985 3175 2057 3236; x_wconf 90' lang='lat' dir='ltr'><strong>ab</strong></span> <span class='ocrx_word' id='word_1_421' title='bbox 2092 3175 2251 3234; x_wconf 90' lang='lat' dir='ltr'><strong>illius</strong></span> <span class='ocrx_word' id='word_1_422' title='bbox 2299 3174 2718 3234; x_wconf 88' lang='lat' dir='ltr'><strong>communione</strong></span> <span class='ocrx_word' id='word_1_423' title='bbox 2765 3172 3077 3233; x_wconf 86' lang='lat' dir='ltr'><strong>discedere</strong></span> <span class='ocrx_word' id='word_1_424' title='bbox 3106 3189 3284 3232; x_wconf 89' lang='lat' dir='ltr'><strong>ausus</strong></span> <span class='ocrx_word' id='word_1_425' title='bbox 3333 3171 3530 3248; x_wconf 86' lang='lat' dir='ltr'><strong>fuerit,</strong></span> <span class='ocrx_word' id='word_1_426' title='bbox 3567 3185 3629 3239; x_wconf 87' lang='lat' dir='ltr'><strong>et</strong></span> 
     </span>
    </p>
   </div>
   <div class='ocr_carea' id='block_1_64' title="bbox 239 3261 1897 3344">
    <p class='ocr_par' dir='ltr' id='par_1_64' title="bbox 239 3264 1897 3343">
     <span class='ocr_line' id='line_1_64' title="bbox 239 3264 1897 3343; baseline -0.006 -13"><span class='ocrx_word' id='word_1_427' title='bbox 239 3273 436 3339; x_wconf 73' lang='grc' dir='ltr'>στῆναι</span> <span class='ocrx_word' id='word_1_428' title='bbox 481 3270 746 3343; x_wconf 71' lang='grc' dir='ltr'>τολμήσοι</span> <span class='ocrx_word' id='word_1_429' title='bbox 777 3273 873 3334; x_wconf 75' lang='grc' dir='ltr'>τῆς</span> <span class='ocrx_word' id='word_1_430' title='bbox 934 3270 1092 3324; x_wconf 73' lang='grc' dir='ltr'><strong>αύτοῦ</strong></span> <span class='ocrx_word' id='word_1_431' title='bbox 1136 3269 1440 3340; x_wconf 83' lang='grc' dir='ltr'>κοινωνίας,</span> <span class='ocrx_word' id='word_1_432' title='bbox 1477 3270 1563 3323; x_wconf 82' lang='grc' dir='ltr'>καὶ</span> <span class='ocrx_word' id='word_1_433' title='bbox 1619 3269 1680 3322; x_wconf 77' lang='grc' dir='ltr'>τὸ</span> <span class='ocrx_word' id='word_1_434' title='bbox 1737 3264 1897 3340; x_wconf 74' lang='grc' dir='ltr'>ὄνομα</span> 
     </span>
    </p>
   </div>
   <div class='ocr_carea' id='block_1_65' title="bbox 1981 3261 3630 3344">
    <p class='ocr_par' dir='ltr' id='par_1_65' title="bbox 1985 3261 3630 3344">
     <span class='ocr_line' id='line_1_65' title="bbox 1985 3261 3630 3344; baseline 0 -18"><span class='ocrx_word' id='word_1_435' title='bbox 1985 3266 2116 3344; x_wconf 86' lang='lat' dir='ltr'><strong>ejus</strong></span> <span class='ocrx_word' id='word_1_436' title='bbox 2149 3281 2367 3324; x_wconf 90' lang='lat' dir='ltr'><strong>nomen</strong></span> <span class='ocrx_word' id='word_1_437' title='bbox 2401 3263 2459 3323; x_wconf 90' lang='lat' dir='ltr'><strong>in</strong></span> <span class='ocrx_word' id='word_1_438' title='bbox 2493 3263 2677 3324; x_wconf 84' lang='lat' dir='ltr'><strong>sacris</strong></span> <span class='ocrx_word' id='word_1_439' title='bbox 2731 3261 3197 3324; x_wconf 89' lang='lat' dir='ltr'><strong>celebrationum</strong></span> <span class='ocrx_word' id='word_1_440' title='bbox 3233 3262 3532 3340; x_wconf 87' lang='lat' dir='ltr'><strong>precibus,</strong></span> <span class='ocrx_word' id='word_1_441' title='bbox 3565 3273 3630 3326; x_wconf 91' lang='lat' dir='ltr'><strong>ut</strong></span> 
     </span>
    </p>
   </div>
   <div class='ocr_carea' id='block_1_66' title="bbox 238 3354 1905 3434">
    <p class='ocr_par' dir='ltr' id='par_1_66' title="bbox 238 3354 1905 3434">
     <span class='ocr_line' id='line_1_66' title="bbox 238 3354 1905 3434; baseline -0.006 -16"><span class='ocrx_word' id='word_1_442' title='bbox 238 3363 407 3418; x_wconf 73' lang='grc' dir='ltr'><strong>αὒτοῦ</strong></span> <span class='ocrx_word' id='word_1_443' title='bbox 464 3359 516 3414; x_wconf 86' lang='grc' dir='ltr'>ὲν</span> <span class='ocrx_word' id='word_1_444' title='bbox 566 3371 686 3420; x_wconf 81' lang='grc' dir='ltr'>ταῖς</span> <span class='ocrx_word' id='word_1_445' title='bbox 724 3359 896 3433; x_wconf 77' lang='grc' dir='ltr'>ἱεραῖς</span> <span class='ocrx_word' id='word_1_446' title='bbox 941 3364 1046 3413; x_wconf 69' lang='grc' dir='ltr'><strong>τῶι</strong></span> <span class='ocrx_word' id='word_1_447' title='bbox 1099 3355 1454 3434; x_wconf 80' lang='grc' dir='ltr'>λειτουργιῶν</span> <span class='ocrx_word' id='word_1_448' title='bbox 1503 3360 1726 3433; x_wconf 80' lang='grc' dir='ltr'>εὐχαῖς,</span> <span class='ocrx_word' id='word_1_449' title='bbox 1773 3354 1905 3408; x_wconf 77' lang='grc' dir='ltr'>κατὰ</span> 
     </span>
    </p>
   </div>
   <div class='ocr_carea' id='block_1_67' title="bbox 239 3443 1906 3526">
    <p class='ocr_par' dir='ltr' id='par_1_67' title="bbox 239 3443 1906 3526">
     <span class='ocr_line' id='line_1_67' title="bbox 239 3443 1906 3526; baseline -0.007 -21"><span class='ocrx_word' id='word_1_450' title='bbox 239 3455 303 3507; x_wconf 74' lang='grc' dir='ltr'>τὸ</span> <span class='ocrx_word' id='word_1_451' title='bbox 335 3445 763 3526; x_wconf 79' lang='grc' dir='ltr'>παραδεδομένον</span> <span class='ocrx_word' id='word_1_452' title='bbox 803 3451 871 3520; x_wconf 73' lang='grc' dir='ltr'><strong>τῇ</strong></span> <span class='ocrx_word' id='word_1_453' title='bbox 916 3443 1236 3523; x_wconf 80' lang='grc' dir='ltr'>Ἐκκλησίᾳ,</span> <span class='ocrx_word' id='word_1_454' title='bbox 1272 3466 1351 3518; x_wconf 81' lang='grc' dir='ltr'>μη</span> <span class='ocrx_word' id='word_1_455' title='bbox 1416 3444 1686 3521; x_wconf 67' lang='grc' dir='ltr'>ἀναφέροι,</span> <span class='ocrx_word' id='word_1_456' title='bbox 1721 3449 1906 3498; x_wconf 80' lang='grc' dir='ltr'>τοῦτον</span> 
     </span>
    </p>
   </div>
   <div class='ocr_carea' id='block_1_68' title="bbox 247 3533 1904 3612">
    <p class='ocr_par' dir='ltr' id='par_1_68' title="bbox 247 3533 1904 3612">
     <span class='ocr_line' id='line_1_68' title="bbox 247 3533 1904 3612; baseline -0.008 -14"><span class='ocrx_word' id='word_1_457' title='bbox 247 3541 578 3598; x_wconf 72' lang='grc' dir='ltr'>ὑποκεῖσθαι</span> <span class='ocrx_word' id='word_1_458' title='bbox 636 3537 962 3612; x_wconf 77' lang='grc' dir='ltr'>καθαιρέσει,</span> <span class='ocrx_word' id='word_1_459' title='bbox 995 3535 1091 3590; x_wconf 77' lang='grc' dir='ltr'><strong>καί</strong></span> <span class='ocrx_word' id='word_1_460' title='bbox 1125 3535 1302 3600; x_wconf 78' lang='grc' dir='ltr'>πάσης</span> <span class='ocrx_word' id='word_1_461' title='bbox 1361 3533 1633 3611; x_wconf 69' lang='grc' dir='ltr'>ἱερατικῆς</span> <span class='ocrx_word' id='word_1_462' title='bbox 1670 3534 1904 3587; x_wconf 77' lang='grc' dir='ltr'>ἀποστε-</span> 
     </span>
    </p>
   </div>
   <div class='ocr_carea' id='block_1_69' title="bbox 251 3618 1905 3709">
    <p class='ocr_par' dir='ltr' id='par_1_69' title="bbox 251 3618 1905 3709">
     <span class='ocr_line' id='line_1_69' title="bbox 251 3618 1905 3709; baseline -0.008 -22"><span class='ocrx_word' id='word_1_463' title='bbox 251 3633 464 3709; x_wconf 84' lang='grc' dir='ltr'>ρεῖσθαι</span> <span class='ocrx_word' id='word_1_464' title='bbox 509 3629 698 3701; x_wconf 81' lang='grc' dir='ltr'>τιμῆς.</span> <span class='ocrx_word' id='word_1_465' title='bbox 763 3618 820 3680; x_wconf 66' lang='grc' dir='ltr'><strong>Ὀ</strong></span> <span class='ocrx_word' id='word_1_466' title='bbox 866 3623 967 3700; x_wconf 82' lang='grc' dir='ltr'><strong>γὰρ</strong></span> <span class='ocrx_word' id='word_1_467' title='bbox 1013 3622 1067 3677; x_wconf 75' lang='grc' dir='ltr'>ἓν</span> <span class='ocrx_word' id='word_1_468' title='bbox 1120 3619 1474 3700; x_wconf 77' lang='grc' dir='ltr'>πρεσϐυτέρου</span> <span class='ocrx_word' id='word_1_469' title='bbox 1533 3621 1681 3698; x_wconf 61' lang='grc' dir='ltr'>τάξει</span> <span class='ocrx_word' id='word_1_470' title='bbox 1741 3640 1905 3676; x_wconf 87' lang='grc' dir='ltr'>τετα-</span> 
     </span>
    </p>
   </div>
   <div class='ocr_carea' id='block_1_70' title="bbox 249 3709 1902 3797">
    <p class='ocr_par' dir='ltr' id='par_1_70' title="bbox 249 3709 1902 3797">
     <span class='ocr_line' id='line_1_70' title="bbox 249 3709 1902 3797; baseline -0.004 -27"><span class='ocrx_word' id='word_1_471' title='bbox 249 3720 475 3797; x_wconf 78' lang='grc' dir='ltr'>γμένος.</span> <span class='ocrx_word' id='word_1_472' title='bbox 534 3716 621 3770; x_wconf 81' lang='grc' dir='ltr'><strong>καὶ</strong></span> <span class='ocrx_word' id='word_1_473' title='bbox 651 3719 756 3768; x_wconf 91' lang='grc' dir='ltr'><strong>τῶν</strong></span> <span class='ocrx_word' id='word_1_474' title='bbox 817 3709 1234 3788; x_wconf 86' lang='grc' dir='ltr'>μητροπολιτῶν</span> <span class='ocrx_word' id='word_1_475' title='bbox 1280 3710 1523 3789; x_wconf 72' lang='grc' dir='ltr'>ἀρπάξπν</span> <span class='ocrx_word' id='word_1_476' title='bbox 1555 3711 1652 3776; x_wconf 78' lang='grc' dir='ltr'>τὴν</span> <span class='ocrx_word' id='word_1_477' title='bbox 1711 3711 1902 3787; x_wconf 87' lang='grc' dir='ltr'>κρίσιν,</span> 
     </span>
    </p>
   </div>
   <div class='ocr_carea' id='block_1_71' title="bbox 255 3797 1905 3884">
    <p class='ocr_par' dir='ltr' id='par_1_71' title="bbox 255 3797 1905 3884">
     <span class='ocr_line' id='line_1_71' title="bbox 255 3797 1905 3884; baseline -0.007 -18"><span class='ocrx_word' id='word_1_478' title='bbox 255 3811 342 3866; x_wconf 70' lang='grc' dir='ltr'>καὶ</span> <span class='ocrx_word' id='word_1_479' title='bbox 395 3807 498 3884; x_wconf 77' lang='grc' dir='ltr'><strong>πρὸ</strong></span> <span class='ocrx_word' id='word_1_480' title='bbox 529 3806 761 3882; x_wconf 84' lang='grc' dir='ltr'>κρίσεως</span> <span class='ocrx_word' id='word_1_481' title='bbox 813 3803 965 3866; x_wconf 78' lang='grc' dir='ltr'>αὐτὸς</span> <span class='ocrx_word' id='word_1_482' title='bbox 1009 3801 1360 3876; x_wconf 80' lang='grc' dir='ltr'>κατακρίνων,</span> <span class='ocrx_word' id='word_1_483' title='bbox 1395 3798 1521 3855; x_wconf 81' lang='grc' dir='ltr'>ὅσον</span> <span class='ocrx_word' id='word_1_484' title='bbox 1572 3800 1632 3854; x_wconf 82' lang='grc' dir='ltr'>τὸ</span> <span class='ocrx_word' id='word_1_485' title='bbox 1658 3797 1746 3854; x_wconf 67' lang='grc' dir='ltr'><strong>ἔπ’</strong></span> <span class='ocrx_word' id='word_1_486' title='bbox 1805 3801 1905 3856; x_wconf 76' lang='grc' dir='ltr'>αύ-</span> 
     </span>
    </p>
   </div>
   <div class='ocr_carea' id='block_1_72' title="bbox 254 3885 1907 3973">
    <p class='ocr_par' dir='ltr' id='par_1_72' title="bbox 254 3885 1907 3973">
     <span class='ocr_line' id='line_1_72' title="bbox 254 3885 1907 3973; baseline -0.008 -19"><span class='ocrx_word' id='word_1_487' title='bbox 254 3905 360 3973; x_wconf 84' lang='grc' dir='ltr'>τῷ,</span> <span class='ocrx_word' id='word_1_488' title='bbox 392 3896 482 3951; x_wconf 79' lang='grc' dir='ltr'>τὸν</span> <span class='ocrx_word' id='word_1_489' title='bbox 527 3894 730 3948; x_wconf 87' lang='grc' dir='ltr'>οἰκεῖον</span> <span class='ocrx_word' id='word_1_490' title='bbox 760 3892 962 3969; x_wconf 76' lang='grc' dir='ltr'>πατέρα</span> <span class='ocrx_word' id='word_1_491' title='bbox 995 3891 1082 3945; x_wconf 83' lang='grc' dir='ltr'>καὶ</span> <span class='ocrx_word' id='word_1_492' title='bbox 1138 3887 1451 3960; x_wconf 74' lang='grc' dir='ltr'>ἐπίσκοπον,</span> <span class='ocrx_word' id='word_1_493' title='bbox 1487 3889 1632 3951; x_wconf 79' lang='grc' dir='ltr'>οὗτος</span> <span class='ocrx_word' id='word_1_494' title='bbox 1664 3885 1778 3945; x_wconf 76' lang='grc' dir='ltr'>οὒδὲ</span> <span class='ocrx_word' id='word_1_495' title='bbox 1809 3892 1907 3952; x_wconf 81' lang='grc' dir='ltr'>τῆς</span> 
     </span>
    </p>
   </div>
   <div class='ocr_carea' id='block_1_73' title="bbox 259 3975 1909 4062">
    <p class='ocr_par' dir='ltr' id='par_1_73' title="bbox 259 3975 1909 4062">
     <span class='ocr_line' id='line_1_73' title="bbox 259 3975 1909 4062; baseline -0.007 -20"><span class='ocrx_word' id='word_1_496' title='bbox 259 3993 358 4044; x_wconf 79' lang='lat'><strong>106</strong></span> <span class='ocrx_word' id='word_1_497' title='bbox 399 3979 753 4062; x_wconf 75' lang='grc' dir='ltr'>πρεσϐυτέρσυ</span> <span class='ocrx_word' id='word_1_498' title='bbox 783 3979 923 4036; x_wconf 80' lang='grc' dir='ltr'>ἐστὶν</span> <span class='ocrx_word' id='word_1_499' title='bbox 962 3977 1105 4042; x_wconf 65' lang='grc' dir='ltr'>ἄξιοσ</span> <span class='ocrx_word' id='word_1_500' title='bbox 1137 3977 1296 4052; x_wconf 74' lang='grc' dir='ltr'>τιμῆς</span> <span class='ocrx_word' id='word_1_501' title='bbox 1329 3977 1363 4044; x_wconf 69' lang='grc' dir='ltr'><strong>ἢ</strong></span> <span class='ocrx_word' id='word_1_502' title='bbox 1419 3978 1728 4052; x_wconf 86' lang='grc' dir='ltr'>ὀνομασίας.</span> <span class='ocrx_word' id='word_1_503' title='bbox 1765 3986 1824 4034; x_wconf 92' lang='grc' dir='ltr'>Οι</span> <span class='ocrx_word' id='word_1_504' title='bbox 1855 3975 1909 4031; x_wconf 81' lang='grc' dir='ltr'>δὲ</span> 
     </span>
    </p>
   </div>
   <div class='ocr_carea' id='block_1_74' title="bbox 261 4066 1910 4148">
    <p class='ocr_par' dir='ltr' id='par_1_74' title="bbox 261 4066 1910 4148">
     <span class='ocr_line' id='line_1_74' title="bbox 261 4066 1910 4148; baseline -0.008 -15"><span class='ocrx_word' id='word_1_505' title='bbox 261 4077 472 4136; x_wconf 87' lang='grc' dir='ltr'>τούτοις</span> <span class='ocrx_word' id='word_1_506' title='bbox 545 4071 920 4148; x_wconf 81' lang='grc' dir='ltr'>συνεπόμενοι,</span> <span class='ocrx_word' id='word_1_507' title='bbox 993 4069 1037 4122; x_wconf 88' lang='grc' dir='ltr'><strong>εἰ</strong></span> <span class='ocrx_word' id='word_1_508' title='bbox 1098 4067 1197 4142; x_wconf 84' lang='grc' dir='ltr'>μὲν</span> <span class='ocrx_word' id='word_1_509' title='bbox 1266 4070 1367 4123; x_wconf 86' lang='grc' dir='ltr'><strong>τῶν</strong></span> <span class='ocrx_word' id='word_1_510' title='bbox 1443 4066 1744 4144; x_wconf 72' lang='grc' dir='ltr'>ἱερωμένων</span> <span class='ocrx_word' id='word_1_511' title='bbox 1797 4066 1910 4122; x_wconf 73' lang='grc' dir='ltr'>εἶὲν</span> 
     </span>
    </p>
   </div>
   <div class='ocr_carea' id='block_1_75' title="bbox 259 4155 1912 4242">
    <p class='ocr_par' dir='ltr' id='par_1_75' title="bbox 259 4155 1912 4242">
     <span class='ocr_line' id='line_1_75' title="bbox 259 4155 1912 4242; baseline -0.008 -20"><span class='ocrx_word' id='word_1_512' title='bbox 259 4187 428 4242; x_wconf 85' lang='grc' dir='ltr'>τινες,</span> <span class='ocrx_word' id='word_1_513' title='bbox 461 4163 549 4217; x_wconf 82' lang='grc' dir='ltr'>καὶ</span> <span class='ocrx_word' id='word_1_514' title='bbox 600 4161 748 4217; x_wconf 76' lang='grc' dir='ltr'>αὖτοὶ</span> <span class='ocrx_word' id='word_1_515' title='bbox 780 4164 880 4225; x_wconf 76' lang='grc' dir='ltr'>τῆς</span> <span class='ocrx_word' id='word_1_516' title='bbox 933 4157 1129 4218; x_wconf 82' lang='grc' dir='ltr'>οἰκείας</span> <span class='ocrx_word' id='word_1_517' title='bbox 1175 4160 1338 4228; x_wconf 76' lang='grc' dir='ltr'>τιμῆς</span> <span class='ocrx_word' id='word_1_518' title='bbox 1395 4155 1819 4212; x_wconf 76' lang='grc' dir='ltr'>ἑκπιπτέτωσαν·</span> <span class='ocrx_word' id='word_1_519' title='bbox 1867 4156 1912 4209; x_wconf 91' lang='grc' dir='ltr'><strong>εἰ</strong></span> 
     </span>
    </p>
   </div>
   <div class='ocr_carea' id='block_1_76' title="bbox 263 4243 1910 4330">
    <p class='ocr_par' dir='ltr' id='par_1_76' title="bbox 263 4243 1910 4330">
     <span class='ocr_line' id='line_1_76' title="bbox 263 4243 1910 4330; baseline -0.009 -18"><span class='ocrx_word' id='word_1_520' title='bbox 263 4256 320 4313; x_wconf 76' lang='grc' dir='ltr'>δὲ</span> <span class='ocrx_word' id='word_1_521' title='bbox 380 4252 616 4330; x_wconf 83' lang='grc' dir='ltr'>μοναχοὶ</span> <span class='ocrx_word' id='word_1_522' title='bbox 674 4250 709 4317; x_wconf 73' lang='grc' dir='ltr'>ἢ</span> <span class='ocrx_word' id='word_1_523' title='bbox 761 4248 966 4321; x_wconf 82' lang='grc' dir='ltr'>λαῖκοὶ,</span> <span class='ocrx_word' id='word_1_524' title='bbox 1017 4244 1439 4323; x_wconf 73' lang='grc' dir='ltr'>ἂφοριζὲσθωσαν</span> <span class='ocrx_word' id='word_1_525' title='bbox 1484 4243 1756 4310; x_wconf 81' lang='grc' dir='ltr'>παντελῶς</span> <span class='ocrx_word' id='word_1_526' title='bbox 1811 4245 1910 4310; x_wconf 74' lang='grc' dir='ltr'>τῆς</span> 
     </span>
    </p>
   </div>
   <div class='ocr_carea' id='block_1_77' title="bbox 265 4335 1911 4417">
    <p class='ocr_par' dir='ltr' id='par_1_77' title="bbox 265 4335 1911 4417">
     <span class='ocr_line' id='line_1_77' title="bbox 265 4335 1911 4417; baseline -0.005 -18"><span class='ocrx_word' id='word_1_527' title='bbox 265 4341 625 4413; x_wconf 83' lang='grc' dir='ltr'>Ἐκκλησίας,</span> <span class='ocrx_word' id='word_1_528' title='bbox 663 4338 862 4417; x_wconf 73' lang='grc' dir='ltr'>μέχρις</span> <span class='ocrx_word' id='word_1_529' title='bbox 907 4337 970 4392; x_wconf 77' lang='grc' dir='ltr'>ἂν</span> <span class='ocrx_word' id='word_1_530' title='bbox 1026 4337 1126 4401; x_wconf 75' lang='grc' dir='ltr'>τὴν</span> <span class='ocrx_word' id='word_1_531' title='bbox 1184 4335 1314 4409; x_wconf 85' lang='grc' dir='ltr'>πρὸς</span> <span class='ocrx_word' id='word_1_532' title='bbox 1347 4335 1465 4398; x_wconf 83' lang='grc' dir='ltr'>τοὺς</span> <span class='ocrx_word' id='word_1_533' title='bbox 1522 4335 1911 4413; x_wconf 76' lang='grc' dir='ltr'>σχισματικοὺς</span> 
     </span>
    </p>
   </div>
   <div class='ocr_carea' id='block_1_78' title="bbox 268 4422 1914 4512">
    <p class='ocr_par' dir='ltr' id='par_1_78' title="bbox 268 4422 1914 4512">
     <span class='ocr_line' id='line_1_78' title="bbox 268 4422 1914 4512; baseline -0.005 -23"><span class='ocrx_word' id='word_1_534' title='bbox 268 4432 558 4512; x_wconf 72' lang='grc' dir='ltr'>συνάφειαν</span> <span class='ocrx_word' id='word_1_535' title='bbox 619 4425 1022 4505; x_wconf 84' lang='grc' dir='ltr'>διαπτύσαντες,</span> <span class='ocrx_word' id='word_1_536' title='bbox 1070 4424 1200 4500; x_wconf 77' lang='grc' dir='ltr'>πρὸς</span> <span class='ocrx_word' id='word_1_537' title='bbox 1253 4425 1343 4479; x_wconf 80' lang='grc' dir='ltr'>τὸν</span> <span class='ocrx_word' id='word_1_538' title='bbox 1375 4424 1574 4480; x_wconf 86' lang='grc' dir='ltr'>οἰκεῖον</span> <span class='ocrx_word' id='word_1_539' title='bbox 1623 4422 1914 4480; x_wconf 71' lang='grc' dir='ltr'>ἐπίσκοπον</span> 
     </span>
    </p>
   </div>
   <div class='ocr_carea' id='block_1_79' title="bbox 268 4527 673 4598">
    <p class='ocr_par' dir='ltr' id='par_1_79' title="bbox 268 4527 673 4598">
     <span class='ocr_line' id='line_1_79' title="bbox 268 4527 673 4598; baseline -0.012 -17"><span class='ocrx_word' id='word_1_540' title='bbox 268 4527 673 4598; x_wconf 70' lang='grc' dir='ltr'>ἐπιστραφεῖεν.</span> 
     </span>
    </p>
   </div>
   <div class='ocr_carea' id='block_1_80' title="bbox 357 4600 1922 4681">
    <p class='ocr_par' dir='ltr' id='par_1_80' title="bbox 357 4600 1922 4681">
     <span class='ocr_line' id='line_1_80' title="bbox 357 4600 1922 4681; baseline -0.008 -15"><span class='ocrx_word' id='word_1_541' title='bbox 357 4608 448 4671; x_wconf 85' lang='grc' dir='ltr'>ιδ’.</span> <span class='ocrx_word' id='word_1_542' title='bbox 497 4606 568 4665; x_wconf 74' lang='lat' dir='ltr'><strong>E’t’</strong></span> <span class='ocrx_word' id='word_1_543' title='bbox 596 4629 675 4671; x_wconf 90' lang='grc' dir='ltr'><strong>τις</strong></span> <span class='ocrx_word' id='word_1_544' title='bbox 723 4606 1012 4668; x_wconf 62' lang='grc' dir='ltr'>ἐπίσκοπος</span> <span class='ocrx_word' id='word_1_545' title='bbox 1057 4601 1396 4681; x_wconf 77' lang='grc' dir='ltr'>ἐγκλήματος</span> <span class='ocrx_word' id='word_1_546' title='bbox 1429 4600 1690 4680; x_wconf 75' lang='grc' dir='ltr'>πρόφασιν</span> <span class='ocrx_word' id='word_1_547' title='bbox 1727 4605 1922 4660; x_wconf 87' lang='grc' dir='ltr'>ποιού-</span> 
     </span>
    </p>
   </div>
   <div class='ocr_carea' id='block_1_81' title="bbox 269 4689 1922 4780">
    <p class='ocr_par' dir='ltr' id='par_1_81' title="bbox 269 4689 1922 4780">
     <span class='ocr_line' id='line_1_81' title="bbox 269 4689 1922 4780; baseline -0.005 -23"><span class='ocrx_word' id='word_1_548' title='bbox 269 4721 462 4780; x_wconf 82' lang='grc' dir='ltr'>μενος,</span> <span class='ocrx_word' id='word_1_549' title='bbox 496 4696 633 4754; x_wconf 79' lang='grc' dir='ltr'>κατὰ</span> <span class='ocrx_word' id='word_1_550' title='bbox 685 4702 776 4752; x_wconf 82' lang='grc' dir='ltr'>τοῦ</span> <span class='ocrx_word' id='word_1_551' title='bbox 807 4694 999 4751; x_wconf 77' lang='grc' dir='ltr'>οἰκείου</span> <span class='ocrx_word' id='word_1_552' title='bbox 1057 4689 1454 4768; x_wconf 83' lang='grc' dir='ltr'>μητροπολίτσυ</span> <span class='ocrx_word' id='word_1_553' title='bbox 1484 4693 1586 4769; x_wconf 79' lang='grc' dir='ltr'><strong>πρὸ</strong></span> <span class='ocrx_word' id='word_1_554' title='bbox 1643 4691 1922 4762; x_wconf 77' lang='grc' dir='ltr'>συνοδικῆς</span> 
     </span>
    </p>
   </div>
   <div class='ocr_carea' id='block_1_82' title="bbox 272 4781 1923 4868">
    <p class='ocr_par' dir='ltr' id='par_1_82' title="bbox 272 4781 1923 4868">
     <span class='ocr_line' id='line_1_82' title="bbox 272 4781 1923 4868; baseline -0.005 -21"><span class='ocrx_word' id='word_1_555' title='bbox 272 4787 616 4868; x_wconf 79' lang='grc' dir='ltr'>διαγνώσεως</span> <span class='ocrx_word' id='word_1_556' title='bbox 677 4784 973 4852; x_wconf 76' lang='grc' dir='ltr'>ἀποστήσει</span> <span class='ocrx_word' id='word_1_557' title='bbox 1034 4781 1216 4837; x_wconf 73' lang='grc' dir='ltr'>ἐαύτὸν</span> <span class='ocrx_word' id='word_1_558' title='bbox 1258 4782 1356 4846; x_wconf 77' lang='grc' dir='ltr'>τῆς</span> <span class='ocrx_word' id='word_1_559' title='bbox 1413 4781 1542 4857; x_wconf 84' lang='grc' dir='ltr'>πρὸς</span> <span class='ocrx_word' id='word_1_560' title='bbox 1590 4781 1745 4838; x_wconf 74' lang='grc' dir='ltr'>αὐτὸν</span> <span class='ocrx_word' id='word_1_561' title='bbox 1802 4805 1923 4840; x_wconf 88' lang='grc' dir='ltr'>κοι-</span> 
     </span>
    </p>
   </div>
   <div class='ocr_carea' id='block_1_83' title="bbox 274 4869 1922 4952">
    <p class='ocr_par' dir='ltr' id='par_1_83' title="bbox 274 4869 1922 4952">
     <span class='ocr_line' id='line_1_83' title="bbox 274 4869 1922 4952; baseline -0.006 -14"><span class='ocrx_word' id='word_1_562' title='bbox 274 4881 492 4951; x_wconf 85' lang='grc' dir='ltr'>νωνίας,</span> <span class='ocrx_word' id='word_1_563' title='bbox 527 4877 617 4932; x_wconf 78' lang='grc' dir='ltr'><strong>καὶ</strong></span> <span class='ocrx_word' id='word_1_564' title='bbox 675 4875 753 4951; x_wconf 78' lang='grc' dir='ltr'>μὴ</span> <span class='ocrx_word' id='word_1_565' title='bbox 811 4871 1056 4952; x_wconf 63' lang='grc' dir='ltr'>ἀναφέροι</span> <span class='ocrx_word' id='word_1_566' title='bbox 1115 4874 1175 4926; x_wconf 75' lang='grc' dir='ltr'>τὸ</span> <span class='ocrx_word' id='word_1_567' title='bbox 1229 4869 1396 4944; x_wconf 71' lang='grc' dir='ltr'>ὄνομα</span> <span class='ocrx_word' id='word_1_568' title='bbox 1454 4873 1613 4928; x_wconf 68' lang='grc' dir='ltr'>αὐτοῦ</span> <span class='ocrx_word' id='word_1_569' title='bbox 1676 4870 1812 4927; x_wconf 66' lang='grc' dir='ltr'>κατὰ</span> <span class='ocrx_word' id='word_1_570' title='bbox 1862 4873 1922 4930; x_wconf 81' lang='grc' dir='ltr'>τὸ</span> 
     </span>
    </p>
   </div>
   <div class='ocr_carea' id='block_1_84' title="bbox 275 4959 1919 5044">
    <p class='ocr_par' dir='ltr' id='par_1_84' title="bbox 275 4959 1919 5044">
     <span class='ocr_line' id='line_1_84' title="bbox 275 4959 1919 5044; baseline -0.007 -16"><span class='ocrx_word' id='word_1_571' title='bbox 275 4968 572 5044; x_wconf 80' lang='grc' dir='ltr'>εἰθισμένον</span> <span class='ocrx_word' id='word_1_572' title='bbox 633 4965 687 5020; x_wconf 74' lang='grc' dir='ltr'>ἐν</span> <span class='ocrx_word' id='word_1_573' title='bbox 721 4969 790 5040; x_wconf 80' lang='grc' dir='ltr'><strong>τῇ</strong></span> <span class='ocrx_word' id='word_1_574' title='bbox 845 4964 957 5034; x_wconf 81' lang='grc' dir='ltr'>θείᾳ</span> <span class='ocrx_word' id='word_1_575' title='bbox 1009 4960 1375 5037; x_wconf 85' lang='grc' dir='ltr'>μυσταγωγίᾳ,</span> <span class='ocrx_word' id='word_1_576' title='bbox 1421 4969 1607 5018; x_wconf 75' lang='grc' dir='ltr'>τοῦτον</span> <span class='ocrx_word' id='word_1_577' title='bbox 1653 4959 1843 5039; x_wconf 81' lang='grc' dir='ltr'>ὥρισεν</span> <span class='ocrx_word' id='word_1_578' title='bbox 1885 4963 1919 5028; x_wconf 76' lang='grc' dir='ltr'>ἡ</span> 
     </span>
    </p>
   </div>
   <div class='ocr_carea' id='block_1_85' title="bbox 277 5047 1921 5138">
    <p class='ocr_par' dir='ltr' id='par_1_85' title="bbox 277 5047 1921 5138">
     <span class='ocr_line' id='line_1_85' title="bbox 277 5047 1921 5138; baseline -0.002 -27"><span class='ocrx_word' id='word_1_579' title='bbox 277 5061 406 5138; x_wconf 79' lang='grc' dir='ltr'>ἁγία</span> <span class='ocrx_word' id='word_1_580' title='bbox 451 5053 669 5116; x_wconf 86' lang='grc' dir='ltr'>σύνοδος</span> <span class='ocrx_word' id='word_1_581' title='bbox 714 5050 1084 5131; x_wconf 77' lang='grc' dir='ltr'>καθῃρημένον</span> <span class='ocrx_word' id='word_1_582' title='bbox 1147 5049 1312 5138; x_wconf 71' lang='grc' dir='ltr'>εἰναι,</span> <span class='ocrx_word' id='word_1_583' title='bbox 1346 5050 1390 5104; x_wconf 86' lang='grc' dir='ltr'><strong>εἰ</strong></span> <span class='ocrx_word' id='word_1_584' title='bbox 1422 5050 1585 5124; x_wconf 90' lang='grc' dir='ltr'>μόνον</span> <span class='ocrx_word' id='word_1_585' title='bbox 1639 5047 1921 5129; x_wconf 74' lang='grc' dir='ltr'>ἐλεγχθείῆ</span> 
     </span>
    </p>
   </div>
   <div class='ocr_carea' id='block_1_86' title="bbox 282 5137 1920 5218">
    <p class='ocr_par' dir='ltr' id='par_1_86' title="bbox 282 5137 1920 5218">
     <span class='ocr_line' id='line_1_86' title="bbox 282 5137 1920 5218; baseline -0.006 -11"><span class='ocrx_word' id='word_1_586' title='bbox 282 5137 523 5209; x_wconf 76' lang='grc' dir='ltr'>ἂποστας</span> <span class='ocrx_word' id='word_1_587' title='bbox 566 5147 662 5202; x_wconf 78' lang='grc' dir='ltr'>τοῦ</span> <span class='ocrx_word' id='word_1_588' title='bbox 696 5143 888 5199; x_wconf 85' lang='grc' dir='ltr'>οἰκείου</span> <span class='ocrx_word' id='word_1_589' title='bbox 941 5137 1360 5218; x_wconf 83' lang='grc' dir='ltr'>μητροπολίτου,</span> <span class='ocrx_word' id='word_1_590' title='bbox 1397 5140 1483 5194; x_wconf 86' lang='grc' dir='ltr'><strong>καὶ</strong></span> <span class='ocrx_word' id='word_1_591' title='bbox 1514 5140 1721 5218; x_wconf 84' lang='grc' dir='ltr'>σχίσμα</span> <span class='ocrx_word' id='word_1_592' title='bbox 1751 5139 1920 5206; x_wconf 69' lang='grc' dir='ltr'>ποιό-</span> 
     </span>
    </p>
   </div>
   <div class='ocr_carea' id='block_1_87' title="bbox 283 5227 1922 5313">
    <p class='ocr_par' dir='ltr' id='par_1_87' title="bbox 283 5227 1922 5313">
     <span class='ocr_line' id='line_1_87' title="bbox 283 5227 1922 5313; baseline -0.007 -16"><span class='ocrx_word' id='word_1_593' title='bbox 283 5263 406 5304; x_wconf 88' lang='grc' dir='ltr'>σας,</span> <span class='ocrx_word' id='word_1_594' title='bbox 446 5247 544 5292; x_wconf 81' lang='grc' dir='ltr'>Δεῖ</span> <span class='ocrx_word' id='word_1_595' title='bbox 569 5255 668 5313; x_wconf 84' lang='grc' dir='ltr'><strong>γαρ</strong></span> <span class='ocrx_word' id='word_1_596' title='bbox 721 5232 946 5288; x_wconf 77' lang='grc' dir='ltr'>ἕκαστον</span> <span class='ocrx_word' id='word_1_597' title='bbox 978 5230 1044 5284; x_wconf 79' lang='grc' dir='ltr'><strong>τὰ</strong></span> <span class='ocrx_word' id='word_1_598' title='bbox 1077 5229 1252 5286; x_wconf 81' lang='grc' dir='ltr'>οἰκεῖα</span> <span class='ocrx_word' id='word_1_599' title='bbox 1300 5227 1468 5307; x_wconf 83' lang='grc' dir='ltr'>μέτρα</span> <span class='ocrx_word' id='word_1_600' title='bbox 1497 5229 1802 5306; x_wconf 85' lang='grc' dir='ltr'>γινώσκειν,</span> <span class='ocrx_word' id='word_1_601' title='bbox 1834 5230 1922 5287; x_wconf 78' lang='grc' dir='ltr'>καὶ</span> 
     </span>
    </p>
   </div>
   <div class='ocr_carea' id='block_1_88' title="bbox 283 5317 1924 5407">
    <p class='ocr_par' dir='ltr' id='par_1_88' title="bbox 283 5317 1924 5407">
     <span class='ocr_line' id='line_1_88' title="bbox 283 5317 1924 5407; baseline -0.004 -23"><span class='ocrx_word' id='word_1_602' title='bbox 283 5331 427 5407; x_wconf 77' lang='grc' dir='ltr'>μήτε</span> <span class='ocrx_word' id='word_1_603' title='bbox 495 5327 588 5380; x_wconf 80' lang='grc' dir='ltr'>τὸν</span> <span class='ocrx_word' id='word_1_604' title='bbox 688 5317 1042 5400; x_wconf 78' lang='grc' dir='ltr'>πρεσϐύτερον</span> <span class='ocrx_word' id='word_1_605' title='bbox 1121 5330 1475 5396; x_wconf 72' lang='grc' dir='ltr'>καταφρονεῖν</span> <span class='ocrx_word' id='word_1_606' title='bbox 1558 5327 1649 5375; x_wconf 83' lang='grc' dir='ltr'><strong>τοῦ</strong></span> <span class='ocrx_word' id='word_1_607' title='bbox 1731 5318 1924 5377; x_wconf 83' lang='grc' dir='ltr'>οἰκείου</span> 
     </span>
    </p>
   </div>
   <div class='ocr_carea' id='block_1_89' title="bbox 286 5408 1922 5493">
    <p class='ocr_par' dir='ltr' id='par_1_89' title="bbox 286 5408 1922 5493">
     <span class='ocr_line' id='line_1_89' title="bbox 286 5408 1922 5493; baseline -0.008 -17"><span class='ocrx_word' id='word_1_608' title='bbox 286 5415 611 5493; x_wconf 73' lang='grc' dir='ltr'>ἐπισκόπου,</span> <span class='ocrx_word' id='word_1_609' title='bbox 662 5412 800 5487; x_wconf 77' lang='grc' dir='ltr'>μήτε</span> <span class='ocrx_word' id='word_1_610' title='bbox 856 5411 947 5466; x_wconf 80' lang='grc' dir='ltr'>τὸν</span> <span class='ocrx_word' id='word_1_611' title='bbox 988 5409 1278 5464; x_wconf 65' lang='grc' dir='ltr'>ὶπίσκοπον</span> <span class='ocrx_word' id='word_1_612' title='bbox 1320 5415 1411 5464; x_wconf 81' lang='grc' dir='ltr'>τοῦ</span> <span class='ocrx_word' id='word_1_613' title='bbox 1467 5408 1658 5466; x_wconf 79' lang='grc' dir='ltr'>οἰκείου</span> <span class='ocrx_word' id='word_1_614' title='bbox 1711 5429 1922 5487; x_wconf 82' lang='grc' dir='ltr'>μητρο-</span> 
     </span>
    </p>
   </div>
   <div class='ocr_carea' id='block_1_90' title="bbox 290 5496 1928 5586">
    <p class='ocr_par' dir='ltr' id='par_1_90' title="bbox 290 5496 1928 5586">
     <span class='ocr_line' id='line_1_90' title="bbox 290 5496 1928 5586; baseline -0.009 -20"><span class='ocrx_word' id='word_1_615' title='bbox 290 5507 537 5586; x_wconf 87' lang='grc' dir='ltr'>πολίτου,</span> <span class='ocrx_word' id='word_1_616' title='bbox 589 5504 730 5581; x_wconf 76' lang='grc' dir='ltr'>μήτε</span> <span class='ocrx_word' id='word_1_617' title='bbox 781 5501 872 5558; x_wconf 79' lang='grc' dir='ltr'><strong>τὸν</strong></span> <span class='ocrx_word' id='word_1_618' title='bbox 917 5496 1316 5578; x_wconf 75' lang='grc' dir='ltr'>μητροπολίτην</span> <span class='ocrx_word' id='word_1_619' title='bbox 1347 5506 1438 5556; x_wconf 82' lang='grc' dir='ltr'>τοῦ</span> <span class='ocrx_word' id='word_1_620' title='bbox 1492 5496 1682 5556; x_wconf 84' lang='grc' dir='ltr'>οἰκείου</span> <span class='ocrx_word' id='word_1_621' title='bbox 1732 5518 1928 5577; x_wconf 84' lang='grc' dir='ltr'>πατρι-</span> 
     </span>
    </p>
   </div>
   <div class='ocr_carea' id='block_1_91' title="bbox 287 5597 486 5680">
    <p class='ocr_par' dir='ltr' id='par_1_91' title="bbox 287 5597 486 5680">
     <span class='ocr_line' id='line_1_91' title="bbox 287 5597 486 5680; baseline 0 0"><span class='ocrx_word' id='word_1_622' title='bbox 287 5597 486 5680; x_wconf 77' lang='grc' dir='ltr'><strong>ἀρχουο</strong></span> 
     </span>
    </p>
   </div>
   <div class='ocr_carea' id='block_1_92' title="bbox 375 5676 1934 5762">
    <p class='ocr_par' dir='ltr' id='par_1_92' title="bbox 375 5676 1934 5762">
     <span class='ocr_line' id='line_1_92' title="bbox 375 5676 1934 5762; baseline -0.005 -16"><span class='ocrx_word' id='word_1_623' title='bbox 375 5676 468 5752; x_wconf 67' lang='grc' dir='ltr'>ίε’.</span> <span class='ocrx_word' id='word_1_624' title='bbox 517 5685 594 5744; x_wconf 80' lang='grc' dir='ltr'><strong>Τὰ</strong></span> <span class='ocrx_word' id='word_1_625' title='bbox 623 5681 892 5762; x_wconf 76' lang='grc' dir='ltr'>ὁρισθέντα</span> <span class='ocrx_word' id='word_1_626' title='bbox 936 5679 1028 5738; x_wconf 74' lang='grc' dir='ltr'>ἒπΐ</span> <span class='ocrx_word' id='word_1_627' title='bbox 1073 5676 1440 5760; x_wconf 80' lang='grc' dir='ltr'>πρεσϐυτέρων</span> <span class='ocrx_word' id='word_1_628' title='bbox 1485 5678 1573 5739; x_wconf 83' lang='grc' dir='ltr'>καὶ</span> <span class='ocrx_word' id='word_1_629' title='bbox 1626 5677 1934 5738; x_wconf 67' lang='grc' dir='ltr'>ἐπισκόπων</span> 
     </span>
    </p>
   </div>
   <div class='ocr_carea' id='block_1_93' title="bbox 612 5770 1231 5838">
    <p class='ocr_par' dir='ltr' id='par_1_93' title="bbox 612 5770 1231 5838">
     <span class='ocr_line' id='line_1_93' title="bbox 612 5770 1231 5838; baseline -0.003 0"><span class='ocrx_word' id='word_1_630' title='bbox 612 5774 873 5838; x_wconf 71' lang='grc' dir='ltr'>Ρλτιιοι.</span> <span class='ocrx_word' id='word_1_631' title='bbox 921 5771 1034 5836; x_wconf 77' lang='lat' dir='ltr'><strong>Gn.</strong></span> <span class='ocrx_word' id='word_1_632' title='bbox 1080 5770 1231 5837; x_wconf 87' lang='lat' dir='ltr'><strong>CIV.</strong></span> 
     </span>
    </p>
   </div>
   <div class='ocr_carea' id='block_1_94' title="bbox 1986 3353 3632 3435">
    <p class='ocr_par' dir='ltr' id='par_1_94' title="bbox 1986 3353 3632 3435">
     <span class='ocr_line' id='line_1_94' title="bbox 1986 3353 3632 3435; baseline 0.001 -18"><span class='ocrx_word' id='word_1_633' title='bbox 1986 3356 2272 3417; x_wconf 65' lang='lat' dir='ltr'><strong>Ecclesiae</strong></span> <span class='ocrx_word' id='word_1_634' title='bbox 2304 3354 2588 3416; x_wconf 90' lang='lat' dir='ltr'><strong>traditum</strong></span> <span class='ocrx_word' id='word_1_635' title='bbox 2623 3363 2733 3429; x_wconf 92' lang='lat' dir='ltr'><strong>est,</strong></span> <span class='ocrx_word' id='word_1_636' title='bbox 2769 3372 2886 3415; x_wconf 91' lang='lat' dir='ltr'><strong>non</strong></span> <span class='ocrx_word' id='word_1_637' title='bbox 2918 3353 3161 3428; x_wconf 76' lang='lat' dir='ltr'><strong>referat,</strong></span> <span class='ocrx_word' id='word_1_638' title='bbox 3196 3353 3246 3413; x_wconf 88' lang='lat' dir='ltr'><strong>is</strong></span> <span class='ocrx_word' id='word_1_639' title='bbox 3273 3354 3632 3435; x_wconf 90' lang='lat' dir='ltr'><strong>depositioni</strong></span> 
     </span>
    </p>
   </div>
   <div class='ocr_carea' id='block_1_95' title="bbox 1987 3441 3625 3524">
    <p class='ocr_par' dir='ltr' id='par_1_95' title="bbox 1987 3441 3625 3524">
     <span class='ocr_line' id='line_1_95' title="bbox 1987 3441 3625 3524; baseline 0.001 -19"><span class='ocrx_word' id='word_1_640' title='bbox 1987 3444 2366 3524; x_wconf 88' lang='lat' dir='ltr'><strong>subjiciatur,</strong></span> <span class='ocrx_word' id='word_1_641' title='bbox 2405 3451 2461 3503; x_wconf 87' lang='lat' dir='ltr'><strong>et</strong></span> <span class='ocrx_word' id='word_1_642' title='bbox 2493 3443 2656 3504; x_wconf 91' lang='lat' dir='ltr'><strong>omni</strong></span> <span class='ocrx_word' id='word_1_643' title='bbox 2685 3441 3036 3504; x_wconf 88' lang='lat' dir='ltr'><strong>sacerdotali</strong></span> <span class='ocrx_word' id='word_1_644' title='bbox 3080 3442 3310 3503; x_wconf 87' lang='lat' dir='ltr'><strong>honore</strong></span> <span class='ocrx_word' id='word_1_645' title='bbox 3342 3445 3625 3523; x_wconf 86' lang='lat' dir='ltr'><strong>privetur.</strong></span> 
     </span>
    </p>
   </div>
   <div class='ocr_carea' id='block_1_96' title="bbox 1990 3528 3626 3605">
    <p class='ocr_par' dir='ltr' id='par_1_96' title="bbox 1990 3528 3626 3605">
     <span class='ocr_line' id='line_1_96' title="bbox 1990 3528 3626 3605; baseline 0.002 -12"><span class='ocrx_word' id='word_1_646' title='bbox 1990 3534 2101 3605; x_wconf 84' lang='lat' dir='ltr'><strong>Qui</strong></span> <span class='ocrx_word' id='word_1_647' title='bbox 2157 3532 2316 3592; x_wconf 89' lang='lat' dir='ltr'><strong>enim</strong></span> <span class='ocrx_word' id='word_1_648' title='bbox 2374 3541 2464 3593; x_wconf 90' lang='lat' dir='ltr'><strong>est</strong></span> <span class='ocrx_word' id='word_1_649' title='bbox 2522 3533 2582 3593; x_wconf 92' lang='lat' dir='ltr'><strong>in</strong></span> <span class='ocrx_word' id='word_1_650' title='bbox 2627 3529 2985 3593; x_wconf 81' lang='lat' dir='ltr'><strong>sacerdotali</strong></span> <span class='ocrx_word' id='word_1_651' title='bbox 3017 3528 3230 3591; x_wconf 90' lang='lat' dir='ltr'><strong>ordine</strong></span> <span class='ocrx_word' id='word_1_652' title='bbox 3275 3531 3626 3598; x_wconf 83' lang='lat' dir='ltr'><strong>collocatus.</strong></span> 
     </span>
    </p>
   </div>
   <div class='ocr_carea' id='block_1_97' title="bbox 1991 3618 3632 3701">
    <p class='ocr_par' dir='ltr' id='par_1_97' title="bbox 1991 3618 3632 3701">
     <span class='ocr_line' id='line_1_97' title="bbox 1991 3618 3632 3701; baseline 0 -18"><span class='ocrx_word' id='word_1_653' title='bbox 1991 3630 2049 3683; x_wconf 92' lang='lat' dir='ltr'><strong>et</strong></span> <span class='ocrx_word' id='word_1_654' title='bbox 2099 3620 2694 3701; x_wconf 84' lang='lat' dir='ltr'><strong>metropolitanorum</strong></span> <span class='ocrx_word' id='word_1_655' title='bbox 2721 3619 3018 3698; x_wconf 91' lang='lat' dir='ltr'><strong>judicium</strong></span> <span class='ocrx_word' id='word_1_656' title='bbox 3069 3618 3352 3698; x_wconf 69' lang='lat' dir='ltr'><strong>praeripit,</strong></span> <span class='ocrx_word' id='word_1_657' title='bbox 3390 3628 3449 3681; x_wconf 90' lang='lat' dir='ltr'><strong>et</strong></span> <span class='ocrx_word' id='word_1_658' title='bbox 3494 3630 3632 3684; x_wconf 89' lang='lat' dir='ltr'><strong>ante</strong></span> 
     </span>
    </p>
   </div>
   <div class='ocr_carea' id='block_1_98' title="bbox 1983 3708 3632 3791">
    <p class='ocr_par' dir='ltr' id='par_1_98' title="bbox 1983 3708 3632 3791">
     <span class='ocr_line' id='line_1_98' title="bbox 1983 3708 3632 3791; baseline -0.001 -19"><span class='ocrx_word' id='word_1_659' title='bbox 1983 3711 2297 3791; x_wconf 86' lang='lat' dir='ltr'><strong>judicium,</strong></span> <span class='ocrx_word' id='word_1_660' title='bbox 2334 3710 2462 3788; x_wconf 90' lang='lat' dir='ltr'><strong>ipse</strong></span> <span class='ocrx_word' id='word_1_661' title='bbox 2509 3717 2796 3790; x_wconf 89' lang='lat' dir='ltr'><strong>quantum</strong></span> <span class='ocrx_word' id='word_1_662' title='bbox 2829 3709 2888 3768; x_wconf 91' lang='lat' dir='ltr'><strong>in</strong></span> <span class='ocrx_word' id='word_1_663' title='bbox 2918 3725 2983 3769; x_wconf 91' lang='lat' dir='ltr'><strong>se</strong></span> <span class='ocrx_word' id='word_1_664' title='bbox 3031 3715 3141 3783; x_wconf 89' lang='lat' dir='ltr'><strong>est,</strong></span> <span class='ocrx_word' id='word_1_665' title='bbox 3179 3708 3485 3788; x_wconf 90' lang='lat' dir='ltr'><strong>proprium</strong></span> <span class='ocrx_word' id='word_1_666' title='bbox 3519 3728 3632 3790; x_wconf 81' lang='lat' dir='ltr'><strong>pa-</strong></span> 
     </span>
    </p>
   </div>
   <div class='ocr_carea' id='block_1_99' title="bbox 1991 3795 3636 3880">
    <p class='ocr_par' dir='ltr' id='par_1_99' title="bbox 1991 3795 3636 3880">
     <span class='ocr_line' id='line_1_99' title="bbox 1991 3795 3636 3880; baseline 0.001 -20"><span class='ocrx_word' id='word_1_667' title='bbox 1991 3810 2142 3860; x_wconf 87' lang='lat' dir='ltr'><strong>trem</strong></span> <span class='ocrx_word' id='word_1_668' title='bbox 2178 3808 2236 3859; x_wconf 93' lang='lat' dir='ltr'><strong>et</strong></span> <span class='ocrx_word' id='word_1_669' title='bbox 2265 3801 2614 3877; x_wconf 89' lang='lat' dir='ltr'><strong>episcopum</strong></span> <span class='ocrx_word' id='word_1_670' title='bbox 2661 3795 3040 3872; x_wconf 82' lang='lat' dir='ltr'><strong>condemnat,</strong></span> <span class='ocrx_word' id='word_1_671' title='bbox 3076 3796 3126 3856; x_wconf 90' lang='lat' dir='ltr'><strong>is</strong></span> <span class='ocrx_word' id='word_1_672' title='bbox 3155 3814 3267 3859; x_wconf 89' lang='lat' dir='ltr'><strong>nec</strong></span> <span class='ocrx_word' id='word_1_673' title='bbox 3298 3798 3636 3880; x_wconf 74' lang='lat' dir='ltr'><strong>presbyteri</strong></span> 
     </span>
    </p>
   </div>
   <div class='ocr_carea' id='block_1_100' title="bbox 1992 3885 3633 3965">
    <p class='ocr_par' dir='ltr' id='par_1_100' title="bbox 1992 3885 3633 3965">
     <span class='ocr_line' id='line_1_100' title="bbox 1992 3885 3633 3965; baseline 0.001 -15"><span class='ocrx_word' id='word_1_674' title='bbox 1992 3890 2247 3964; x_wconf 90' lang='lat' dir='ltr'><strong>honore,</strong></span> <span class='ocrx_word' id='word_1_675' title='bbox 2287 3905 2400 3949; x_wconf 92' lang='lat' dir='ltr'><strong>nec</strong></span> <span class='ocrx_word' id='word_1_676' title='bbox 2452 3886 2696 3948; x_wconf 89' lang='lat' dir='ltr'><strong>nomine</strong></span> <span class='ocrx_word' id='word_1_677' title='bbox 2725 3886 2940 3965; x_wconf 81' lang='lat' dir='ltr'><strong>dignus</strong></span> <span class='ocrx_word' id='word_1_678' title='bbox 2996 3893 3106 3946; x_wconf 90' lang='lat' dir='ltr'><strong>est.</strong></span> <span class='ocrx_word' id='word_1_679' title='bbox 3141 3885 3250 3957; x_wconf 90' lang='lat' dir='ltr'><strong>Qui</strong></span> <span class='ocrx_word' id='word_1_680' title='bbox 3280 3896 3475 3950; x_wconf 90' lang='lat' dir='ltr'><strong>autem</strong></span> <span class='ocrx_word' id='word_1_681' title='bbox 3528 3907 3633 3951; x_wconf 82' lang='lat' dir='ltr'><strong>eos</strong></span> 
     </span>
    </p>
   </div>
   <div class='ocr_carea' id='block_1_101' title="bbox 1994 3974 3636 4058">
    <p class='ocr_par' dir='ltr' id='par_1_101' title="bbox 1994 3974 3636 4058">
     <span class='ocr_line' id='line_1_101' title="bbox 1994 3974 3636 4058; baseline 0 -18"><span class='ocrx_word' id='word_1_682' title='bbox 1994 3985 2462 4058; x_wconf 89' lang='lat' dir='ltr'><strong>consequuntur,</strong></span> <span class='ocrx_word' id='word_1_683' title='bbox 2497 3976 2546 4036; x_wconf 86' lang='lat' dir='ltr'><strong>si</strong></span> <span class='ocrx_word' id='word_1_684' title='bbox 2575 3976 2695 4037; x_wconf 91' lang='lat' dir='ltr'><strong>sint</strong></span> <span class='ocrx_word' id='word_1_685' title='bbox 2741 3974 2980 4055; x_wconf 91' lang='lat' dir='ltr'><strong>quidem</strong></span> <span class='ocrx_word' id='word_1_686' title='bbox 3016 3993 3084 4035; x_wconf 84' lang='lat' dir='ltr'><strong>ex</strong></span> <span class='ocrx_word' id='word_1_687' title='bbox 3115 3975 3186 4035; x_wconf 89' lang='lat' dir='ltr'><strong>iis</strong></span> <span class='ocrx_word' id='word_1_688' title='bbox 3235 3975 3335 4055; x_wconf 93' lang='lat' dir='ltr'><strong>qui</strong></span> <span class='ocrx_word' id='word_1_689' title='bbox 3363 3986 3502 4039; x_wconf 90' lang='lat' dir='ltr'><strong>sunt</strong></span> <span class='ocrx_word' id='word_1_690' title='bbox 3529 3996 3636 4040; x_wconf 85' lang='lat' dir='ltr'><strong>sa-</strong></span> 
     </span>
    </p>
   </div>
   <div class='ocr_carea' id='block_1_102' title="bbox 1995 4063 3632 4147">
    <p class='ocr_par' dir='ltr' id='par_1_102' title="bbox 1995 4063 3632 4147">
     <span class='ocr_line' id='line_1_102' title="bbox 1995 4063 3632 4147; baseline 0.001 -18"><span class='ocrx_word' id='word_1_691' title='bbox 1995 4069 2113 4130; x_wconf 87' lang='lat' dir='ltr'><strong>cris</strong></span> <span class='ocrx_word' id='word_1_692' title='bbox 2162 4066 2400 4139; x_wconf 89' lang='lat' dir='ltr'><strong>initiati,</strong></span> <span class='ocrx_word' id='word_1_693' title='bbox 2433 4065 2546 4146; x_wconf 84' lang='lat' dir='ltr'><strong>ipsi</strong></span> <span class='ocrx_word' id='word_1_694' title='bbox 2577 4082 2813 4147; x_wconf 90' lang='lat' dir='ltr'><strong>quoque</strong></span> <span class='ocrx_word' id='word_1_695' title='bbox 2841 4081 2875 4124; x_wconf 90' lang='lat' dir='ltr'><strong>a</strong></span> <span class='ocrx_word' id='word_1_696' title='bbox 2930 4063 3172 4143; x_wconf 90' lang='lat' dir='ltr'><strong>proprio</strong></span> <span class='ocrx_word' id='word_1_697' title='bbox 3204 4063 3433 4127; x_wconf 88' lang='lat' dir='ltr'><strong>honore</strong></span> <span class='ocrx_word' id='word_1_698' title='bbox 3462 4070 3632 4130; x_wconf 83' lang='lat' dir='ltr'><strong>exci-</strong></span> 
     </span>
    </p>
   </div>
   <div class='ocr_carea' id='block_1_103' title="bbox 1996 4151 3634 4234">
    <p class='ocr_par' dir='ltr' id='par_1_103' title="bbox 1996 4151 3634 4234">
     <span class='ocr_line' id='line_1_103' title="bbox 1996 4151 3634 4234; baseline 0.001 -17"><span class='ocrx_word' id='word_1_699' title='bbox 1996 4157 2136 4217; x_wconf 89' lang='lat' dir='ltr'><strong>dant</strong></span> <span class='ocrx_word' id='word_1_700' title='bbox 2170 4175 2183 4215; x_wconf 93' lang='lat'>:</span> <span class='ocrx_word' id='word_1_701' title='bbox 2235 4155 2327 4216; x_wconf 91' lang='lat' dir='ltr'><strong>sin</strong></span> <span class='ocrx_word' id='word_1_702' title='bbox 2360 4163 2559 4218; x_wconf 90' lang='lat' dir='ltr'><strong>autem</strong></span> <span class='ocrx_word' id='word_1_703' title='bbox 2605 4153 2726 4215; x_wconf 88' lang='lat' dir='ltr'><strong>sint</strong></span> <span class='ocrx_word' id='word_1_704' title='bbox 2753 4152 2890 4213; x_wconf 80' lang='lat' dir='ltr'><strong>laici</strong></span> <span class='ocrx_word' id='word_1_705' title='bbox 2937 4151 3027 4213; x_wconf 86' lang='lat' dir='ltr'><strong>vel</strong></span> <span class='ocrx_word' id='word_1_706' title='bbox 3062 4153 3362 4234; x_wconf 88' lang='lat' dir='ltr'><strong>monachi,</strong></span> <span class='ocrx_word' id='word_1_707' title='bbox 3396 4172 3468 4216; x_wconf 83' lang='lat' dir='ltr'><strong>ex</strong></span> <span class='ocrx_word' id='word_1_708' title='bbox 3514 4155 3634 4218; x_wconf 88' lang='lat' dir='ltr'><strong>Ec-</strong></span> 
     </span>
    </p>
   </div>
   <div class='ocr_carea' id='block_1_104' title="bbox 1996 4241 3634 4322">
    <p class='ocr_par' dir='ltr' id='par_1_104' title="bbox 1996 4241 3634 4322">
     <span class='ocr_line' id='line_1_104' title="bbox 1996 4241 3634 4322; baseline 0.001 -15"><span class='ocrx_word' id='word_1_709' title='bbox 1996 4246 2177 4308; x_wconf 87' lang='lat' dir='ltr'><strong>clesia</strong></span> <span class='ocrx_word' id='word_1_710' title='bbox 2209 4243 2454 4306; x_wconf 88' lang='lat' dir='ltr'><strong>omnino</strong></span> <span class='ocrx_word' id='word_1_711' title='bbox 2486 4250 2899 4322; x_wconf 75' lang='lat' dir='ltr'><strong>segregentur,</strong></span> <span class='ocrx_word' id='word_1_712' title='bbox 2936 4241 3129 4303; x_wconf 89' lang='lat' dir='ltr'><strong>donec</strong></span> <span class='ocrx_word' id='word_1_713' title='bbox 3159 4259 3292 4302; x_wconf 91' lang='lat' dir='ltr'><strong>cum</strong></span> <span class='ocrx_word' id='word_1_714' title='bbox 3337 4244 3634 4308; x_wconf 80' lang='lat' dir='ltr'><strong>schisma-</strong></span> 
     </span>
    </p>
   </div>
   <div class='ocr_carea' id='block_1_105' title="bbox 1996 4330 3633 4415">
    <p class='ocr_par' dir='ltr' id='par_1_105' title="bbox 1996 4330 3633 4415">
     <span class='ocr_line' id='line_1_105' title="bbox 1996 4330 3633 4415; baseline 0.001 -19"><span class='ocrx_word' id='word_1_715' title='bbox 1996 4335 2130 4396; x_wconf 89' lang='lat' dir='ltr'><strong>ticis</strong></span> <span class='ocrx_word' id='word_1_716' title='bbox 2193 4332 2678 4411; x_wconf 85' lang='lat' dir='ltr'><strong>conjunctionem</strong></span> <span class='ocrx_word' id='word_1_717' title='bbox 2736 4339 3118 4412; x_wconf 86' lang='lat' dir='ltr'><strong>respuentes,</strong></span> <span class='ocrx_word' id='word_1_718' title='bbox 3179 4330 3254 4392; x_wconf 88' lang='lat' dir='ltr'><strong>ad</strong></span> <span class='ocrx_word' id='word_1_719' title='bbox 3321 4333 3633 4415; x_wconf 90' lang='lat' dir='ltr'><strong>proprium</strong></span> 
     </span>
    </p>
   </div>
   <div class='ocr_carea' id='block_1_106' title="bbox 1998 4421 2873 4505">
    <p class='ocr_par' dir='ltr' id='par_1_106' title="bbox 1998 4421 2873 4505">
     <span class='ocr_line' id='line_1_106' title="bbox 1998 4421 2873 4505; baseline -0.003 -18"><span class='ocrx_word' id='word_1_720' title='bbox 1998 4426 2340 4505; x_wconf 86' lang='lat' dir='ltr'><strong>episcopum</strong></span> <span class='ocrx_word' id='word_1_721' title='bbox 2374 4422 2598 4486; x_wconf 89' lang='lat' dir='ltr'><strong>reversi</strong></span> <span class='ocrx_word' id='word_1_722' title='bbox 2628 4421 2873 4485; x_wconf 88' lang='lat' dir='ltr'><strong>fuerint.</strong></span> 
     </span>
    </p>
   </div>
   <div class='ocr_carea' id='block_1_107' title="bbox 1933 4535 1980 4586">
    <p class='ocr_par' dir='ltr' id='par_1_107' title="bbox 1933 4535 1980 4586">
     <span class='ocr_line' id='line_1_107' title="bbox 1933 4535 1980 4586; baseline 0 0"><span class='ocrx_word' id='word_1_723' title='bbox 1933 4535 1980 4586; x_wconf 91' lang='lat' dir='ltr'><strong>D</strong></span> 
     </span>
    </p>
   </div>
   <div class='ocr_carea' id='block_1_108' title="bbox 2088 4599 3637 4682">
    <p class='ocr_par' dir='ltr' id='par_1_108' title="bbox 2088 4599 3637 4682">
     <span class='ocr_line' id='line_1_108' title="bbox 2088 4599 3637 4682; baseline 0.001 -19"><span class='ocrx_word' id='word_1_724' title='bbox 2088 4601 2184 4664; x_wconf 76' lang='lat' dir='ltr'><strong>l4.</strong></span> <span class='ocrx_word' id='word_1_725' title='bbox 2243 4599 2305 4663; x_wconf 91' lang='lat' dir='ltr'><strong>Si</strong></span> <span class='ocrx_word' id='word_1_726' title='bbox 2353 4601 2486 4682; x_wconf 89' lang='lat' dir='ltr'><strong>quis</strong></span> <span class='ocrx_word' id='word_1_727' title='bbox 2541 4599 2858 4681; x_wconf 90' lang='lat' dir='ltr'><strong>episcopus</strong></span> <span class='ocrx_word' id='word_1_728' title='bbox 2912 4599 3350 4680; x_wconf 88' lang='lat' dir='ltr'><strong>metropolitani</strong></span> <span class='ocrx_word' id='word_1_729' title='bbox 3409 4600 3637 4666; x_wconf 87' lang='lat' dir='ltr'><strong>crimen</strong></span> 
     </span>
    </p>
   </div>
   <div class='ocr_carea' id='block_1_109' title="bbox 2005 4688 3638 4772">
    <p class='ocr_par' dir='ltr' id='par_1_109' title="bbox 2005 4688 3638 4772">
     <span class='ocr_line' id='line_1_109' title="bbox 2005 4688 3638 4772; baseline -0.001 -19"><span class='ocrx_word' id='word_1_730' title='bbox 2005 4698 2355 4772; x_wconf 70' lang='lat' dir='ltr'><strong>praetexens,</strong></span> <span class='ocrx_word' id='word_1_731' title='bbox 2379 4698 2515 4752; x_wconf 89' lang='lat' dir='ltr'><strong>ante</strong></span> <span class='ocrx_word' id='word_1_732' title='bbox 2545 4690 2883 4770; x_wconf 89' lang='lat' dir='ltr'><strong>synodalem</strong></span> <span class='ocrx_word' id='word_1_733' title='bbox 2918 4688 3342 4767; x_wconf 78' lang='lat' dir='ltr'><strong>cognitionem,</strong></span> <span class='ocrx_word' id='word_1_734' title='bbox 3372 4691 3638 4769; x_wconf 85' lang='lat' dir='ltr'><strong>seipsum</strong></span> 
     </span>
    </p>
   </div>
   <div class='ocr_carea' id='block_1_110' title="bbox 2005 4776 3636 4859">
    <p class='ocr_par' dir='ltr' id='par_1_110' title="bbox 2005 4776 3636 4859">
     <span class='ocr_line' id='line_1_110' title="bbox 2005 4776 3636 4859; baseline -0.001 -18"><span class='ocrx_word' id='word_1_735' title='bbox 2005 4781 2080 4841; x_wconf 88' lang='lat' dir='ltr'><strong>ab</strong></span> <span class='ocrx_word' id='word_1_736' title='bbox 2110 4780 2237 4859; x_wconf 87' lang='lat' dir='ltr'><strong>ejus</strong></span> <span class='ocrx_word' id='word_1_737' title='bbox 2268 4785 2689 4840; x_wconf 90' lang='lat' dir='ltr'><strong>communione</strong></span> <span class='ocrx_word' id='word_1_738' title='bbox 2741 4776 3120 4850; x_wconf 84' lang='lat' dir='ltr'><strong>subduxerit,</strong></span> <span class='ocrx_word' id='word_1_739' title='bbox 3150 4786 3209 4838; x_wconf 93' lang='lat' dir='ltr'><strong>et</strong></span> <span class='ocrx_word' id='word_1_740' title='bbox 3239 4795 3457 4840; x_wconf 86' lang='lat' dir='ltr'><strong>nomen</strong></span> <span class='ocrx_word' id='word_1_741' title='bbox 3481 4779 3636 4859; x_wconf 84' lang='lat' dir='ltr'><strong>ejus,</strong></span> 
     </span>
    </p>
   </div>
   <div class='ocr_carea' id='block_1_111' title="bbox 2008 4865 3642 4949">
    <p class='ocr_par' dir='ltr' id='par_1_111' title="bbox 2008 4865 3642 4949">
     <span class='ocr_line' id='line_1_111' title="bbox 2008 4865 3642 4949; baseline -0.002 -18"><span class='ocrx_word' id='word_1_742' title='bbox 2008 4889 2152 4943; x_wconf 90' lang='lat' dir='ltr'><strong>non,</strong></span> <span class='ocrx_word' id='word_1_743' title='bbox 2188 4876 2361 4949; x_wconf 88' lang='lat' dir='ltr'><strong>prout</strong></span> <span class='ocrx_word' id='word_1_744' title='bbox 2412 4867 2594 4931; x_wconf 90' lang='lat' dir='ltr'><strong>divini</strong></span> <span class='ocrx_word' id='word_1_745' title='bbox 2628 4866 2894 4948; x_wconf 88' lang='lat' dir='ltr'><strong>mysterii</strong></span> <span class='ocrx_word' id='word_1_746' title='bbox 2955 4867 3084 4926; x_wconf 76' lang='grc'><strong>127</strong></span> <span class='ocrx_word' id='word_1_747' title='bbox 3117 4865 3503 4928; x_wconf 88' lang='lat' dir='ltr'><strong>celebrationi</strong></span> <span class='ocrx_word' id='word_1_748' title='bbox 3551 4875 3642 4931; x_wconf 89' lang='lat' dir='ltr'><strong>est</strong></span> 
     </span>
    </p>
   </div>
   <div class='ocr_carea' id='block_1_112' title="bbox 2007 4955 3640 5036">
    <p class='ocr_par' dir='ltr' id='par_1_112' title="bbox 2007 4955 3640 5036">
     <span class='ocr_line' id='line_1_112' title="bbox 2007 4955 3640 5036; baseline -0.003 -14"><span class='ocrx_word' id='word_1_749' title='bbox 2007 4967 2384 5031; x_wconf 90' lang='lat' dir='ltr'><strong>consuetum,</strong></span> <span class='ocrx_word' id='word_1_750' title='bbox 2417 4957 2658 5029; x_wconf 83' lang='lat' dir='ltr'><strong>referat,</strong></span> <span class='ocrx_word' id='word_1_751' title='bbox 2694 4963 2896 5017; x_wconf 87' lang='lat' dir='ltr'><strong>sancta</strong></span> <span class='ocrx_word' id='word_1_752' title='bbox 2926 4955 3182 5035; x_wconf 84' lang='lat' dir='ltr'><strong>synodus</strong></span> <span class='ocrx_word' id='word_1_753' title='bbox 3213 4973 3351 5016; x_wconf 89' lang='lat' dir='ltr'><strong>eum</strong></span> <span class='ocrx_word' id='word_1_754' title='bbox 3391 4956 3640 5036; x_wconf 89' lang='lat' dir='ltr'><strong>deposi-</strong></span> 
     </span>
    </p>
   </div>
   <div class='ocr_carea' id='block_1_113' title="bbox 2006 5045 3642 5121">
    <p class='ocr_par' dir='ltr' id='par_1_113' title="bbox 2006 5045 3642 5121">
     <span class='ocr_line' id='line_1_113' title="bbox 2006 5045 3642 5121; baseline -0.002 -11"><span class='ocrx_word' id='word_1_755' title='bbox 2006 5059 2129 5111; x_wconf 90' lang='lat' dir='ltr'><strong>tum</strong></span> <span class='ocrx_word' id='word_1_756' title='bbox 2180 5065 2314 5108; x_wconf 88' lang='lat' dir='ltr'><strong>esse</strong></span> <span class='ocrx_word' id='word_1_757' title='bbox 2365 5046 2590 5121; x_wconf 90' lang='lat' dir='ltr'><strong>statuit,</strong></span> <span class='ocrx_word' id='word_1_758' title='bbox 2643 5045 2692 5106; x_wconf 94' lang='lat' dir='ltr'><strong>si</strong></span> <span class='ocrx_word' id='word_1_759' title='bbox 2751 5052 2974 5105; x_wconf 87' lang='lat' dir='ltr'><strong>tantum</strong></span> <span class='ocrx_word' id='word_1_760' title='bbox 3034 5046 3338 5105; x_wconf 87' lang='lat' dir='ltr'><strong>convictus</strong></span> <span class='ocrx_word' id='word_1_761' title='bbox 3379 5045 3559 5107; x_wconf 89' lang='lat' dir='ltr'><strong>fuerit</strong></span> <span class='ocrx_word' id='word_1_762' title='bbox 3607 5065 3642 5108; x_wconf 94' lang='lat' dir='ltr'><strong>a</strong></span> 
     </span>
    </p>
   </div>
   <div class='ocr_carea' id='block_1_114' title="bbox 2007 5133 3642 5218">
    <p class='ocr_par' dir='ltr' id='par_1_114' title="bbox 2007 5133 3642 5218">
     <span class='ocr_line' id='line_1_114' title="bbox 2007 5133 3642 5218; baseline -0.002 -19"><span class='ocrx_word' id='word_1_763' title='bbox 2007 5142 2245 5218; x_wconf 92' lang='lat' dir='ltr'><strong>proprio</strong></span> <span class='ocrx_word' id='word_1_764' title='bbox 2280 5134 2739 5215; x_wconf 90' lang='lat' dir='ltr'><strong>metropolitano</strong></span> <span class='ocrx_word' id='word_1_765' title='bbox 2797 5133 3142 5206; x_wconf 84' lang='lat' dir='ltr'><strong>recessisse,</strong></span> <span class='ocrx_word' id='word_1_766' title='bbox 3175 5141 3234 5194; x_wconf 91' lang='lat' dir='ltr'><strong>et</strong></span> <span class='ocrx_word' id='word_1_767' title='bbox 3260 5133 3520 5196; x_wconf 89' lang='lat' dir='ltr'><strong>schisma</strong></span> <span class='ocrx_word' id='word_1_768' title='bbox 3547 5135 3642 5197; x_wconf 89' lang='lat' dir='ltr'><strong>fe-</strong></span> 
     </span>
    </p>
   </div>
   <div class='ocr_carea' id='block_1_115' title="bbox 2005 5223 3646 5305">
    <p class='ocr_par' dir='ltr' id='par_1_115' title="bbox 2005 5223 3646 5305">
     <span class='ocr_line' id='line_1_115' title="bbox 2005 5223 3646 5305; baseline -0.002 -16"><span class='ocrx_word' id='word_1_769' title='bbox 2005 5226 2186 5289; x_wconf 90' lang='lat' dir='ltr'><strong>cisse.</strong></span> <span class='ocrx_word' id='word_1_770' title='bbox 2222 5223 2470 5304; x_wconf 89' lang='lat' dir='ltr'><strong>Oportet</strong></span> <span class='ocrx_word' id='word_1_771' title='bbox 2499 5226 2656 5286; x_wconf 90' lang='lat' dir='ltr'><strong>enim</strong></span> <span class='ocrx_word' id='word_1_772' title='bbox 2691 5240 3180 5302; x_wconf 86' lang='lat' dir='ltr'><strong>unumquemque</strong></span> <span class='ocrx_word' id='word_1_773' title='bbox 3211 5224 3483 5304; x_wconf 84' lang='lat' dir='ltr'><strong>proprias</strong></span> <span class='ocrx_word' id='word_1_774' title='bbox 3506 5243 3646 5305; x_wconf 88' lang='lat' dir='ltr'><strong>par-</strong></span> 
     </span>
    </p>
   </div>
   <div class='ocr_carea' id='block_1_116' title="bbox 2007 5310 3643 5394">
    <p class='ocr_par' dir='ltr' id='par_1_116' title="bbox 2007 5310 3643 5394">
     <span class='ocr_line' id='line_1_116' title="bbox 2007 5310 3643 5394; baseline 0 -17"><span class='ocrx_word' id='word_1_775' title='bbox 2007 5323 2097 5378; x_wconf 90' lang='lat' dir='ltr'><strong>tes</strong></span> <span class='ocrx_word' id='word_1_776' title='bbox 2156 5330 2544 5392; x_wconf 83' lang='lat' dir='ltr'><strong>cognoscere,</strong></span> <span class='ocrx_word' id='word_1_777' title='bbox 2598 5322 2658 5373; x_wconf 92' lang='lat' dir='ltr'><strong>et</strong></span> <span class='ocrx_word' id='word_1_778' title='bbox 2705 5330 2816 5374; x_wconf 90' lang='lat' dir='ltr'><strong>nec</strong></span> <span class='ocrx_word' id='word_1_779' title='bbox 2874 5310 3288 5392; x_wconf 89' lang='lat' dir='ltr'><strong>presbyterum</strong></span> <span class='ocrx_word' id='word_1_780' title='bbox 3336 5314 3643 5394; x_wconf 91' lang='lat' dir='ltr'><strong>proprium</strong></span> 
     </span>
    </p>
   </div>
   <div class='ocr_carea' id='block_1_117' title="bbox 2007 5401 3644 5484">
    <p class='ocr_par' dir='ltr' id='par_1_117' title="bbox 2007 5401 3644 5484">
     <span class='ocr_line' id='line_1_117' title="bbox 2007 5401 3644 5484; baseline 0.001 -18"><span class='ocrx_word' id='word_1_781' title='bbox 2007 5403 2353 5484; x_wconf 88' lang='lat' dir='ltr'><strong>episcopum</strong></span> <span class='ocrx_word' id='word_1_782' title='bbox 2385 5409 2798 5480; x_wconf 88' lang='lat' dir='ltr'><strong>contemnere,</strong></span> <span class='ocrx_word' id='word_1_783' title='bbox 2822 5419 2934 5465; x_wconf 90' lang='lat' dir='ltr'><strong>nec</strong></span> <span class='ocrx_word' id='word_1_784' title='bbox 2961 5401 3310 5484; x_wconf 87' lang='lat' dir='ltr'><strong>episcopum</strong></span> <span class='ocrx_word' id='word_1_785' title='bbox 3334 5404 3644 5484; x_wconf 90' lang='lat' dir='ltr'><strong>proprium</strong></span> 
     </span>
    </p>
   </div>
   <div class='ocr_carea' id='block_1_118' title="bbox 2009 5491 2556 5574">
    <p class='ocr_par' dir='ltr' id='par_1_118' title="bbox 2009 5491 2556 5574">
     <span class='ocr_line' id='line_1_118' title="bbox 2009 5491 2556 5574; baseline -0.004 -18"><span class='ocrx_word' id='word_1_786' title='bbox 2009 5491 2556 5574; x_wconf 88' lang='lat' dir='ltr'><strong>metropolitanum.</strong></span> 
     </span>
    </p>
   </div>
   <div class='ocr_carea' id='block_1_119' title="bbox 2099 5669 3649 5829">
    <p class='ocr_par' dir='ltr' id='par_1_119' title="bbox 2099 5669 3649 5829">
     <span class='ocr_line' id='line_1_119' title="bbox 2099 5669 3649 5829; baseline 0.001 -90"><span class='ocrx_word' id='word_1_787' title='bbox 2099 5672 2199 5739; x_wconf 78' lang='grc'><strong>15.</strong></span> <span class='ocrx_word' id='word_1_788' title='bbox 2231 5669 2374 5748; x_wconf 62' lang='lat' dir='ltr'><strong>Qum</strong></span> <span class='ocrx_word' id='word_1_789' title='bbox 2401 5670 2480 5739; x_wconf 85' lang='lat' dir='ltr'><strong>de</strong></span> <span class='ocrx_word' id='word_1_790' title='bbox 2503 5670 2891 5758; x_wconf 81' lang='lat' dir='ltr'><strong>presbyteris,</strong></span> <span class='ocrx_word' id='word_1_791' title='bbox 2915 5678 2975 5740; x_wconf 89' lang='lat' dir='ltr'><strong>et</strong></span> <span class='ocrx_word' id='word_1_792' title='bbox 2993 5671 3397 5829; x_wconf 57' lang='lat' dir='ltr'><strong>episcopilséet</strong></span> <span class='ocrx_word' id='word_1_793' title='bbox 3415 5678 3649 5741; x_wconf 54' lang='lat' dir='ltr'><strong>metro.</strong></span> 
     </span>
    </p>
   </div>
  </div>
