4148 6198
569 325 695 394 587

1764 271 2032 382 Pnorit
2077 312 2593 381 PATRIARCHIE
2634 310 2748 378 op.

3780 314 3882 383 588

570 466 852 550 politanis
899 458 1219 550 constituta
1270 464 1433 550 sunt,
1469 456 1655 550 multo
1713 454 1901 550 magis
1932 454 2108 550 etiam
2149 449 2205 511 in

2295 452 2384 506 καὶ
2432 447 2873 527 μητροπολιτῶν,
2904 446 3092 522 πολλῷ
3147 447 3354 515 μᾶλλον
3396 450 3483 505 καὶ
3532 447 3611 506 ἐπὶ
3656 474 3887 529 πατριαρ-

568 543 925 637 patriarchis
954 543 1750 637 conveniunt.Quamobre_m
1792 544 1841 603 si
1875 543 2009 622 quis
2041 559 2216 637 pres-

570 632 767 725 byter,
797 641 886 701 vel
915 638 1259 720 episcopus,
1285 638 1372 698 vel
1406 633 1902 725 metrOpolitanus
1929 650 1962 725 ξι
1993 632 2085 725 sui
2118 648 2217 710 pa-

568 719 844 795 triarchae
898 719 1325 790 communione
1367 724 1654 785 recedere
1699 739 1879 782 ausus
1925 719 2128 792 fuerit,
2159 726 2218 779 et

567 839 789 885 nomen
819 818 954 898 ejus
976 825 1194 895 non,ut
1225 815 1285 875 in
1312 813 1495 874 divini
1523 810 1784 892 mysterii
1815 808 2219 870 celebratione

566 909 951 973 constitutum
986 913 1163 981 est,et
1199 898 1925 972 ordinatum,referat,sed
1956 905 2090 958 ante
2121 914 2215 976 sy-

563 998 780 1062 nodale
833 996 1168 1066 decretum,
1210 999 1268 1052 et
1312 990 1632 1070 perfectam
1669 988 1798 1067 ejus
1845 986 2217 1048 condemna—

564 1084 1084 1156 tionem,schisma
1109 1078 1554 1152 fecerit,statuit
1570 1085 1771 1137 sancta
1794 1075 2053 1155 synodus
2074 1092 2213 1137 eum

564 1196 697 1240 esse
726 1174 801 1237 ab
835 1172 998 1235 omni
1031 1168 1369 1233 sacerdotio
1401 1167 1685 1238 alienum,
1721 1166 1768 1226 si
1791 1164 1850 1226 in
1884 1165 1997 1227 hoc
2018 1163 2213 1225 solum

564 1264 892 1346 deliquisse
922 1260 1229 1323 convictus
1259 1257 1459 1346 fuerit.
1511 1256 1579 1346 Et
1612 1254 1735 1346 haec
1763 1254 2012 1346 quidem
2045 1270 2215 1346 cons-

562 1341 756 1429 tituta,
792 1361 851 1414 et
878 1350 1191 1426 obsignata
1219 1354 1378 1421 sunt,
1415 1344 1490 1405 de
1514 1344 1584 1405 iis
1601 1344 1705 1423 qui
1726 1343 2060 1423 aliquorum
2095 1341 2208 1402 cri.

564 1443 794 1506 minum
830 1446 1114 1520 prmtextu
1144 1454 1177 1498 a
1207 1433 1465 1516 propriis
1510 1431 1864 1512 praesulibus
1894 1430 2207 1520 recedunt,

564 1541 627 1593 et
656 1518 919 1592 schisma
968 1524 1215 1599 faciunt,
1252 1532 1310 1584 et
1339 1521 1621 1583 Ecclesia}
1650 1520 1933 1581 unionem
1967 1518 2210 1581 convel-

564 1621 717 1681 lunt.
743 1614 856 1690 Qui
889 1616 1047 1678 enim
1078 1620 1321 1694 propter
1343 1611 1619 1672 hmresim
1646 1610 1904 1689 aliquam
1939 1627 1971 1668 a
1993 1606 2211 1669 sanctis

563 1707 844 1772 Patribus
879 1705 967 1765 Vel
998 1702 1238 1783 synodis
1265 1699 1752 1777 condemnatam,
1785 1716 1850 1758 se
1879 1716 1911 1757 a
1943 1695 2211 1775 praesulis

2270 545 2417 619 .15»:
2468 539 2712 615 ἁρμόζειο
2745 537 2884 593 ὥστε
2914 538 2967 592 εἴ
3002 559 3081 598 τις
3140 537 3512 615 πρεσϐύτερος,
3543 540 3577 604 ἦ
3614 540 3887 615 ἐπίσκοπος,

2298 630 2334 693 ἢ
2406 626 2833 706 μητροπολίτης,
2882 624 3203 697 τολμησειεν
3272 627 3565 693 ἀποστῆναι
3630 629 3715 695 τῆς
3780 635 3890 705 πρὸς

2300 718 2391 771 τὸν
2448 719 2648 773 οἰκεῖον
2692 716 3037 794 πατριάρχην
3096 717 3398 795 κοινωνίας,
3429 717 3514 771 καὶ
3559 717 3631 791 μὴ
3676 719 3890 797 ἀναφέροι

2303 808 2362 861 τὸ
2406 805 2573 877 ὄνομα
2612 809 2794 880 αὐτοῦ,
2841 806 2978 861 κατὰ
3031 807 3092 861 τὸ
3147 807 3443 882 ὡρισμένον
3478 808 3563 862 καὶ
3605 809 3893 885 τεταγμένον

2301 895 2356 950 ἐν
2409 901 2476 970 τῇ
2530 897 2642 966 θείᾳ
2692 894 3063 970 μυσταγωγίᾳ,
3124 894 3264 950 ἀλλὰ
3317 897 3417 971 πρὸ
3465 894 3733 973 ἐμφανείας
3783 918 3893 953 συν-

2301 983 2506 1057 οδικῆς,
2538 983 2636 1040 καί
2672 982 2870 1046 τελείας
2905 985 3063 1040 αὖτοὺ
3105 986 3491 1061 κατακρίσεως,
3521 986 3716 1064 σχίσμα
3752 989 3896 1055 ποιή-

2299 1094 2409 1147 σει,
2444 1076 2629 1130 τεῦτον
2687 1073 2882 1148 ὥρισεν
2912 1075 2946 1140 ἡ
2994 1074 3117 1148 ἁγία
3178 1073 3415 1145 σύνοδος,
3447 1075 3619 1139 πάσης
3670 1078 3896 1153 ἱερατείας

2298 1162 2573 1225 παντελῶς
2632 1161 2913 1239 ἀλλότριον
2958 1166 3123 1234 εἶναι,
3159 1163 3203 1217 εἰ
3252 1164 3415 1236 μόνον
3444 1162 3717 1242 ἐλεγχθείη
3763 1173 3898 1221 τοῦτο

2296 1253 2707 1328 παρανομήσας·
2767 1253 3057 1307 καὶταῦτα
3119 1252 3215 1325 μὲν
3274 1251 3491 1327 ὥρισται
3547 1253 3630 1308 καὶ
3670 1252 3897 1331 ἐσφράγι-

2295 1362 2416 1397 σται
2488 1342 2606 1415 περὶ
2666 1347 2795 1411 τῶν,
2860 1341 3121 1418 προφάσει
3180 1346 3338 1395 τινῶν
3396 1339 3763 1420 ἒγκλημᾶτων,
3809 1346 3897 1398 τῶν

2293 1430 2499 1486 οἰκείων
2554 1429 2931 1507 ἀφισταμένων
2987 1428 3259 1504 προέδρον,
3314 1430 3401 1483 καὶ
3460 1430 3674 1508 κσχίσμα
3711 1433 3897 1488 ποιούνν

2292 1540 2424 1596 των,
2472 1518 2559 1572 καὶ
2590 1518 2690 1583 τὴν
2742 1516 2928 1572 ἕνωσιν
2959 1517 3055 1584 τῆς
3109 1515 3430 1581 Ἐκκλησίας
3459 1515 3809 1579 διασπώντων.
3847 1530 3899 1595 Οι

2291 1608 2392 1683 γὰρ
2447 1604 2520 1661 δι’
2585 1605 2789 1682 α’ἷρεσίν
2848 1628 2964 1660 τινα
3023 1607 3165 1681 παρὰ
3236 1606 3350 1661 τῶκ
3390 1605 3553 1683 ἁγίων
3610 1606 3822 1663 συνόδων
3868 1611 3897 1676 ἧ

2292 1695 2539 1772 Πατέρων
2612 1693 3084 1771 κατεγνωσμένην,
3159 1699 3257 1760 τῆς
3335 1697 3460 1770 πρὸς
3525 1696 3615 1750 τὸν
3672 1696 3898 1776 πρόεδρον

564 1796 992 1861 communione
1035 1781 1345 1871 separant,
1380 1788 1481 1849 illo
1515 1788 1788 1849 haeresim
1835 1786 2064 1848 scilicet
2096 1804 2205 1866 pu-

2293 1787 2568 1847 κοινωνίας
2621 1785 2837 1847 ἑαυτοὺς
2880 1781 3301 1856 διαστέλλοντες,
3336 1783 3538 1840 Exstant)
3583 1786 3680 1854 τήν
3719 1787 3900 1861 αἵρεσιν

564 1886 723 1948 blice
770 1882 1153 1964 praedicante,
1190 1886 1248 1939 et
1279 1877 1440 1939 nudo
1483 1876 1676 1956 capite
1718 1875 1779 1935 in
1820 1873 2209 1964 ecclesiado-

564 1961 839 2048 cente,'ii
892 1989 1012 2032 non
1044 1970 1236 2030 solum
1290 1967 1592 2027 canonica:
1624 1983 1817 2046 preme
1849 1981 1964 2024 non
2014 1961 2211 2041 subji-.

506 2082 513 2087 '
564 2064 821 2134 cientur,
854 2068 992 2122 ante
1039 2054 1384 2137 synodalem
1440 2053 1867 2131 cognitionem,
1904 2053 2134 2131 scipsos
2176 2069 2210 2112 a

566 2150 989 2215 communione
1040 2148 1195 2226 ejus,
1229 2146 1327 2225 qui
1380 2142 1701 2222 episcopus
1740 2142 1978 2218 dicitur,
2013 2141 2211 2221 sejun-

566 2251 775 2324 gentes
808 2259 822 2299 :
860 2238 965 2300 sed
1019 2244 1079 2298 et
1109 2236 1337 2324 honore
1380 2232 1479 2324 qui
1514 2230 1861 2324 ortbodoxis
1907 2230 2206 2324 convenit,

565 2319 731 2410 digni
761 2326 1165 2391 habebuntur.
1191 2321 1320 2410 Non
1355 2320 1514 2381 enim
1550 2319 1886 2410 episcopos,
1914 2319 2016 2381 sed
2042 2338 2211 2400 pseu-

566 2408 926 2497 de'piscopos
955 2424 1011 2475 et
1042 2409 1552 2493 pseudodoctores
1605 2408 2081 2469 condemnarunt
2107 2426 2121 2470 :
2154 2417 2212 2470 et

566 2525 691 2568 non
739 2502 1061 2567 schismate
1106 2498 1388 2559 Ecclesia:
1432 2501 1709 2557 unionem
1757 2497 2208 2569 consciderunt,

566 2595 670 2657 sed
727 2611 762 2654 a
818 2587 1261 2662 schismatibus,
1316 2594 1374 2648 et
1425 2584 1828 2647 divisionibus
1880 2585 2210 2647 Ecclesiam

565 2683 827 2746 liberare
855 2679 1233 2741 studuerunt.

2291 1871 2540 1939 δηλονότι
2590 1871 2823 1947 δημοσίᾳ
2856 1876 3234 1949 κηρύττοντος,
3268 1873 3354 1927 καὶ
3408 1880 3585 1950 γυμνῆ
3628 1896 3693 1949 τῃ
3722 1880 3900 1954 κειραλῇ

2292 1959 2377 2017 ἐπ’
2436 1961 2726 2027 ἐκκλησίας
2782 1959 3147 2040 διδάσκοντος,
3190 1963 3237 2016 οἱ
3283 1968 3515 2018 τοιοῦτοι
3546 1964 3604 2019 οὗ
3653 1967 3803 2034 μόνον
3840 1970 3897 2039 τῇ

2291 2057 2547 2127 κανονικῇ
2605 2050 2915 2125 ἐπιτιμήσει
2948 2053 3053 2129 οὐχ
3103 2050 3477 2106 ὑποκείσονται
3507 2052 3607 2125 πρὸ
3648 2050 3894 2117 συνοδικῆς

2292 2138 2626 2218 διαγνώσεως
2682 2136 2899 2202 ἑαυτοὺς
2930 2140 3025 2206 τῆς
3085 2141 3217 2209 πρὸς
3249 2140 3341 2195 τὸν
3383 2138 3705 2215 καλούμενον
3761 2140 3894 2198 ἐπίσ-

2291 2251 2459 2287 κοπον
2515 2231 2791 2289 κοινωνίας
2850 2230 3311 2308 ἀποτειχίζοντες,
3342 2228 3483 2285 ἀλλὰ
3539 2231 3744 2297 καὶτῆς
3781 2253 3897 2309 πρε-

2292 2320 2497 2385 πούσης
2530 2321 2693 2394 τιμῆς
2739 2317 3029 2397 ὀρθοδόξοις
3083 2317 3492 2386 ἆξιωθήσονται’
3543 2319 3602 2375 οὗ
3646 2325 3741 2399 γὰρ
3793 2321 3897 2377 ἐπι-

2293 2408 2532 2480 σκόπων,
2596 2407 2731 2463 ἀλλὰ
2794 2406 3234 2484 ψευδεπισκὸπων
3275 2411 3360 2463 καὶ
3433 2407 3901 2483 ψευδοδιδασκάλων

2293 2496 2657 2575 κατέγνωσαν’
2703 2500 2785 2554 καὶ
2818 2501 2878 2555 οὗ
2908 2498 3173 2576 σχίσματι
3225 2497 3323 2563 τὴν
3351 2496 3543 2554 ἕνωσιν
3571 2501 3664 2565 τῆς
3692 2498 3903 2567 Ἐκκλη-

2294 2589 2411 2650 σίας
2483 2587 2799 2666 κατέτεμον,
2859 2586 2998 2642 ἆ).λά
3079 2587 3400 2666 σχισμέτων
3471 2591 3565 2644 καὶ
3635 2597 3899 2668 μερισμῶν,

2294 2678 2394 2744 τὴν
2429 2676 2750 2747 Ἐκκλησίαν
2781 2674 3110 2733 ἐσπούδασαν
3141 2674 3419 2754 ῥύσασθαι.

1944 2996 2344 3082 ΤΙΤνΟΣ
2419 2998 2542 3080 Γ’.

687 3183 837 3234 ΠΕΡΙ
885 3180 1132 3249 ΕΥΧΩΝ,
1182 3178 1293 3231 ΚΑΙ
1338 3176 1774 3251 ΨΑΛΜῼΔΙΩΝ,
1828 3180 1937 3230 ΚΑΙ
1985 3179 2463 3245 ΑΝΑΓΝΩΣΕΩΣ,
2515 3180 2626 3230 ΚΑΙ
2672 3176 3055 3247 ΑΝᾹΦΟΡΑΣ,
3104 3180 3211 3232 ΚΑΙ
3261 3179 3655 3249 ΚΟΙΝΩΝΙΛΣ,
3694 3179 3797 3231 ΚΑΙ

1057 3259 1418 3327 ΦΟΡΕΣΙΑΣ,
1473 3261 1583 3308 ΚΑΙ
1632 3256 2000 3309 ΥΠΟΥΡΙἾᾹΣ
2050 3259 2529 3331 ΑΝΑΓΝΩΣΤΩΝ,
2562 3257 2849 3310 ΨΑΛΤΩΝ
2894 3260 3005 3310 ΚΑΙ
3054 3257 3437 3315 ΥΠΗΡΕΤΩΝ.

1811 3624 1946 3686 ¹²θ
1990 3642 2463 3729 TITULUS
2535 3645 2686 3730 III.

558 3847 655 3913 DE
685 3844 1076 3927 PRECIBUS,
1109 3843 1205 3927 ET
1226 3841 1703 3927 BSALMQDHS.
1742 3843 2135 3927 LEGIIQNEt
2159 3842 2607 3927 OBLAI‘EONE.
2640 3844 2767 3927 El
2781 3841 3291 3927 COMMIJNQNE,
3324 3848 3419 3911 ET
3448 3850 3552 3914 DE
3580 3840 3901 3921 VESTITU,

1114 3923 1363 3997 ATQUE
1393 3922 1688 3989 0FFICIO
1734 3923 2163 4005 LECTORUM,
2197 3922 2641 4004 CANTORUM,
2674 3924 2768 3988 ET
2810 3922 3361 3993 MINISTRORUM.

638 4297 881 4363 CAPUT
932 4295 1243 4362 PRIMUM.
1300 4333 1372 4344 —
1429 4299 1653 4373 Quales
1694 4316 1899 4379 pretes
1944 4297 2202 4380 papulas

2367 4307 2753 4362 ΚΕΦΑΛᾹΙΟΝ
2806 4309 3098 4366 ΠΡΩΤΟΝ.
3134 4337 3201 4349 -
3257 4305 3428 4363 Ποίων
3488 4309 3670 4388 εὐχῶν
3713 4309 3740 4364 ὁ
3791 4305 3903 4366 λαὸς

556 4389 795 4466 audiat,
830 4396 889 4451 et
936 4394 1309 4468 quapropter
1340 4389 1407 4450 in
1442 4393 1731 4450 orientem
1758 4389 2196 4468 prospicientes

553 4494 901 4559 precemur.

795 4565 1059 4630 Consilii
1087 4566 1423 4628 Daodiceni
1462 4583 1724 4628 canones
1753 4567 1814 4637 5,
1847 4566 1945 4628 19.

631 4675 692 4735 5.
724 4674 858 4736 Non
907 4679 1188 4753 oportere
1217 4670 1625 4733 ordinationes
1656 4671 1785 4733 ﬁeri
1834 4669 1894 4732 in
1928 4689 2194 4753 praesen-

549 4765 630 4827 tia
661 4781 869 4824 eorum
904 4762 1005 4842 qui
1037 4761 1310 4824 audiunt.

629 4854 730 4915 19.
759 4852 1056 4932 Oportere
1085 4869 1356 4911 seorsum
1383 4852 1661 4930 primem,
1691 4858 1821 4930 post
1850 4850 2193 4929 episcopum

547 4959 884 5020 sermones,
941 4940 1511 5001 catechumenorum
1571 4937 1900 5000 orationem
1954 4939 2193 5020 peragi;

548 5038 612 5091 et
639 5037 953 5109 postquam
983 5028 1241 5090 exierint
1271 5026 1926 5106 catechumeni,eorum
1953 5028 2052 5107 qui
2078 5045 2195 5107 pce-

546 5117 861 5179 nitentiam
896 5115 1236 5196 agunt,ﬁeri
1261 5116 1683 5178 orationemzet
1708 5134 1837 5177 cum
1866 5115 1908 5176 ii
1929 5116 2039 5177 sub
2063 5135 2194 5177 ma-

542 5224 685 5268 num
732 5207 1121 5281 accesserint,
1159 5216 1217 5268 et
1264 5206 1650 5280 secesserint,
1686 5204 1949 5265 ﬁdelium
1984 5223 2195 5286 preces

541 5296 631 5357 sic
670 5303 759 5357 ter
788 5295 916 5355 fieri
945 5315 959 5353 :
1023 5313 1199 5356 unam
1233 5294 1503 5375 quidem,
1535 5294 1769 5356 scilicet
1801 5293 2077 5372 primam,
2111 5295 2191 5356 si-

539 5383 764 5461 lentio;
789 5382 1115 5445 secundam
1148 5392 1345 5444 autem
1373 5392 1431 5444 et
1454 5384 1687 5445 tertiam
1723 5400 1830 5463 per
1850 5384 2192 5463 pronuntia-

537 5473 760 5536 tionem
794 5471 1054 5552 impleri,
1090 5471 1311 5534 deinde
1360 5472 1445 5533 sic
1479 5490 1683 5552 pacem
1719 5472 1871 5533 dari.
1907 5474 1979 5535 Et
2022 5481 2189 5554 post-

536 5581 711 5644 quam
767 5559 1098 5644 presbyteri
1130 5578 1335 5641 pacem
1383 5559 1664 5642 episcopo
1713 5558 2012 5636 dederint,
2051 5571 2190 5626 tunc

532 5652 723 5726 laicos
751 5650 931 5717 etiam
968 5669 1177 5736 pacem
1208 5648 1391 5716 dare:
1430 5656 1489 5715 et
1513 5648 1603 5732 sic
1632 5657 1895 5714 sanctam
1925 5647 2185 5716 oblatio-

2277 4388 2532 4466 ἀκροᾶται

2278 4478 2509 4558 χόμεθα.

2588 4569 2817 4631 Συνόδου
2844 4572 3154 4636 Λαοδικείας
3198 4575 3375 4631 κανὼν
3412 4574 3483 4656 ε’,
3519 4576 3612 4640 ιϐ’.

2618 4393 2706 4449 καὶ
2775 4391 2860 4450 διὰ
2924 4393 2974 4450 τί
3044 4394 3176 4474 πρὸς
3248 4393 3512 4460 ἀνατολὰς
3560 4397 3782 4475 ὁρῶντες
3821 4392 3901 4449 εὒο

2361 4673 2428 4738 ε’,
2492 4679 2617 4756 Περῖ
2649 4684 2741 4735 τοῦ
2775 4679 2852 4754 μὴ
2891 4679 3004 4736 δεῖν
3034 4681 3126 4746 τὰς
3169 4682 3504 4761 χειροτονίας
3534 4684 3622 4741 ἐπὶ
3666 4700 3903 4761 παρουσιᾳ

2278 4765 2634 4843 ἀκροωμένων
2670 4769 2902 4844 γίνεσθαι
2914 4818 2927 4832 ,

2358 4853 2444 4913 ιθ’.
2507 4856 2638 4934 Περί
2679 4864 2772 4913 τοῦ
2814 4856 2927 4916 δεῖν
2980 4856 3080 4931 ἰδίᾳ
3124 4865 3358 4941 πρῶτον,
3394 4862 3531 4937 μετὰ
3574 4863 3671 4927 τὰς
3714 4859 3905 4937 ὁμιλίας

2278 4948 2384 4999 τῶν
2438 4943 2773 5027 ἐπισκόπων,
2806 4952 2912 5004 τῶν
2940 4949 3371 5027 κατηχουμένων
3430 4952 3606 5031 εὐχὴν
3650 4948 3907 5008 ἐπιτελεῖ-

2278 5035 2451 5121 σθαιξ
2501 5036 2588 5091 καὶ
2648 5037 2784 5111 μετὰ
2838 5039 2899 5093 τὸ
2982 5036 3217 5102 ἐξελθεῖν
3275 5040 3396 5105 τοὺς
3452 5042 3902 5121 κατηχουμένους,

2275 5125 2382 5177 τῶν
2439 5120 2494 5177 ἓν
2549 5125 2803 5197 μετανοίᾳ
2859 5125 2959 5191 τὴν
3042 5124 3214 5205 εὐχὴν
3272 5128 3528 5204 γίνεσθαι’
3579 5120 3667 5187 καὶ
3722 5128 3905 5184 τούτων

2276 5211 2676 5283 προσελθόντων
2733 5213 2834 5268 ὑπὸ
2865 5225 3032 5292 χεῖρα
3092 5215 3179 5269 καὶ
3222 5216 3721 5295 ὑποχωρησάντων,
3754 5215 3905 5275 οὕτως

2274 5300 2379 5353 τῶν
2437 5306 2643 5356 πιστῶν
2671 5302 2767 5363 τὰς
2817 5301 2982 5381 εὐχὰς
3013 5303 3245 5381 γίνεσθαι
3288 5319 3462 5383 τρετςσ
3516 5308 3645 5380 μίαν
3674 5306 3773 5382 μὲν
3819 5302 3905 5370 τὴν

2274 5386 2493 5464 πρώτην
2552 5386 2635 5446 διὰ
2668 5388 2898 5464 σιώπῆς,
2944 5399 3045 5458 τὴν
3075 5389 3129 5447 δὲ
3182 5390 3427 5472 δευτέραν
3478 5397 3564 5453 καὶ
3598 5396 3780 5473 τρίτην
3829 5389 3905 5447 διὰ

2272 5478 2706 5554 προσφωνήσεως
2748 5477 3101 5559 πληροῦσθαι⁶
3164 5480 3270 5539 εἶθ’
3331 5484 3496 5546 οὓτως
3554 5485 3657 5552 τὴν
3700 5483 3902 5562 εἰρήνην

2272 5562 2530 5643 δίδοσθαι,
2564 5567 2659 5623 καὶ
2717 5568 2856 5644 μετὰ
2902 5571 2964 5627 τὸ
3010 5568 3391 5651 πρεσϐυτέρους
3434 5571 3613 5631 δοῦναι
3670 5578 3748 5646 τῷ
3788 5571 3900 5627 ἑπι-

2271 5658 2457 5731 σκόπῳ
2512 5656 2611 5726 τὴν
2648 5657 2885 5739 εἰρήνην,
2921 5660 3042 5722 τότε
3100 5661 3220 5730 τοὺς
3283 5660 3505 5732 λαϊκοὺς
3548 5662 3653 5734 τὴν
3699 5661 3902 5744 εἰρήνην
