4004 6230
228 260 347 333 589

962 260 983 339 ζ
1029 261 1449 334 SYNTAGMA
1492 244 1888 331 CANONUM.
1935 301 2015 313 -
2064 268 2218 334 TIT.
2265 262 2376 352 III,
2420 266 2584 335 CAP.
2630 266 2797 353 1,11.

3479 230 3617 335 590?

228 403 426 461 διδόναι
448 422 461 435 ⁸
500 403 589 460 καὶ
617 401 756 460 οὕτω
784 403 883 471 τὴν
913 403 1067 483 ἁγίαν
1125 403 1430 483 προσφορὰν
1473 403 1863 483 ὶπιτελεϊσθαι,

1977 421 2086 465 lem
2121 405 2348 487 perﬁci,
2390 414 2449 467 et
2474 404 2619 466 solis
2651 403 2838 467 licere
2886 405 3138 468 sacratis
3164 404 3239 467 ad
3271 386 3460 475 altare
3489 416 3595 467 ac-‘

225 494 313 550 καὶ
343 494 531 568 μόνοις
575 491 689 557 ἐξὸν
724 493 869 548 εἶναι
914 505 1035 556 τοῖς
1094 494 1389 573 ἱερατικοῖς
1422 492 1644 549 εἰσιέναι
1688 494 1762 556 είς
1810 494 1870 549 τὸ

221 581 595 660 θυσιαστήριον
625 583 714 637 καὶ
742 585 1047 641 κοινωνεῖν.

304 671 587 728 Βασιλτίου
641 671 704 727 ἐκ
757 678 851 728 τοῦ
910 671 993 743 κζ’
1052 693 1176 751 κεφ.
1251 678 1358 728 τῶν
1404 673 1522 748 περὶ
1583 678 1675 728 τοῦ
1718 672 1868 750 ἁγίου

1955 494 2174 556 cedere
2207 504 2265 557 et
2297 495 2769 557 communicare.

2035 673 2169 733 £99
2202 671 2429 735 Basilii
2479 690 2618 753 cap.
2678 672 2750 734 27
2784 689 2993 734 eorum
3037 689 3173 753 quae
3222 671 3297 733 de
3345 669 3598 752 Spiritu

228 762 536 835 Πνεύματος
613 762 742 835 πρὸς
835 763 926 817 τὸν
1008 761 1270 840 μακάριον
1330 759 1692 841 Ἀμφιλόχιον
1765 784 1862 839 γε-

1977 768 2150 824 ancto
2180 764 2262 822 ad
2295 761 2538 825 beatum
2565 761 3063 840 Amphilochium
3091 761 3362 841 scripsit.

222 850 575 928 γραμμένων,

302 946 425 997 Τῶν
454 939 508 995 ἐν
546 945 608 1014 τῇ
633 935 929 1011 Ἐκκλησίᾳ
959 937 1381 1017 πεφυλαγμένων
1404 937 1861 1017 δογμάτων,θῑο.,

222 1046 418 1109 usque
447 1027 520 1089 aii
548 1027 767 1105 δύναμιν
799 1028 1202 1108 εἰσφερομένην,
1240 1051 1295 1090 κ,
1328 1051 1380 1091 τ,
1417 1028 1472 1089 λ.

301 1121 371 1177 Ἦ
410 1117 479 1190 ιζ’
519 1116 751 1185 διάταξις
780 1125 874 1176 τοῦ
903 1117 954 1174 α’
986 1119 1093 1180 τίτ.
1150 1123 1256 1174 τῶν
1313 1118 1532 1196 Νεαρῶν
1572 1115 1719 1195 λέγει
1768 1117 1865 1184 τὴν

2026 936 2109 999 Ex
2141 939 2455 1002 asservatis
2486 940 2549 1001 in
2580 938 2852 1002 Ecclesia
2880 938 3283 1018 dogmatibus,
3307 955 3498 1019 usque
3518 941 3598 1003 ad

1948 1026 2064 1087 vim
2096 1027 2477 1110 efferentem,
2509 1038 2656 1109 etc.,
2689 1036 2760 1091 ut
2788 1047 2928 1108 pag.
2964 1029 3107 1091 462.

2036 1117 2276 1181 Textus.
2312 1117 2513 1181 Const.
2550 1120 2650 1193 17,
2683 1118 2771 1181 tit.
2820 1120 2847 1180 1
2876 1116 3256 1181 Novellarum
3279 1119 3427 1183 dicit
3452 1138 3595 1201 pre-

220 1209 399 1284 εὖγην
432 1214 533 1275 τῆς
564 1209 715 1285 ἁγίας
747 1209 1024 1272 κοινωνίας
1076 1211 1165 1263 καὶ
1217 1214 1308 1264 τοῦ
1360 1207 1519 1285 ἁγίου
1559 1208 1868 1284 βαπτίσμα-

1977 1223 2049 1267 .es
2082 1217 2479 1269 sacrosancta;
2508 1208 2957 1269 communionis
2989 1215 3048 1270 et
3077 1198 3596 1274 sacrosanctiba-
3644 1198 3653 1207 κ

222 1320 340 1370 τος,
376 1298 606 1376 ὀφείλειν
637 1297 972 1363 ἐξακούεσθαι
1004 1302 1082 1369 τῷ
1114 1294 1253 1368 λαῷ.

309 1392 568 1447 ΚΕΦΛΛ.
603 1384 688 1450 Β’,
736 1386 967 1463 -Περὶ
997 1392 1090 1441 τοῦ
1130 1386 1295 1463 τίνας,
1329 1383 1415 1440 καὶ
1449 1383 1589 1458 πῶς,
1619 1384 1704 1440 καὶ
1737 1395 1871 1441 ποῖα

222 1475 309 1533 δεῖ
341 1473 596 1556 ψάλλειν,
628 1476 664 1543 ἢ
698 1474 976 1554 εὔχεσθαι,
1008 1474 1044 1542 ἢ
1074 1473 1482 1551 ἀναγινώσκειν,

654 1569 1003 1625 Ἀποστόλων
1031 1569 1205 1625 κανὼν
1237 1568 1308 1643 ξ’,
1339 1566 1450 1629 πε’.

306 1662 378 1729 ξ’.
416 1662 485 1720 Εἴ
512 1683 594 1728 τις
622 1663 690 1719 τὰ
720 1660 1118 1741 ψευδεπίγραφοι
1164 1668 1269 1720 τῶν
1317 1658 1524 1721 ἀσεϐῶν
1581 1660 1760 1737 βιϐλία
1799 1664 1873 1724 ὡς

1950 1294 2247 1376 ptismatis
2278 1314 2312 1357 a
2346 1297 2567 1378 populo
2601 1297 2873 1360 exaudiri
2918 1296 3170 1361 debere.

2034 1385 2198 1448 CAP.
2231 1385 2307 1449 ll.
2342 1421 2421 1432 —
2448 1386 2723 1462 Quinam
2755 1393 2813 1450 et
2856 1388 3152 1467 quomodo
3202 1396 3257 1451 et
3314 1407 3600 1470 quamam

1950 1473 2218 1552 psallere
2240 1475 2520 1555 debeant,
2554 1481 2662 1538 aut
2689 1479 2960 1556 precari,
2999 1483 3107 1539 aut
3136 1476 3354 1557 legere.

2282 1568 2714 1646 Apostolorum
2744 1587 3004 1632 canones
3035 1569 3136 1645 60,
3171 1571 3271 1633 85.

2037 1662 2115 1725 60
2147 1662 2298 1742 [59].
2335 1661 2398 1726 Si
2449 1663 2585 1743 quis
2635 1663 2786 1725 falso
2820 1664 3138 1744 inscriptos
3170 1664 3491 1745 impiorum
3524 1665 3605 1728 li-

222 1754 359 1832 ἅγια
392 1752 480 1808 ἒπὶ
509 1756 608 1819 τῆς
659 1751 950 1817 ἐκιλησίας
983 1751 1300 1826 δημοσιεύοι
1328 1750 1414 1807 ἐπὶ
1445 1751 1587 1828 λύμῃ
1621 1756 1715 1808 τοῦ
1743 1750 1875 1807 λαου

1977 1769 2120 1826 )ros,
2158 1760 2438 1832 tanquam
2502 1761 2762 1826 sanctos,
2826 1753 2888 1815 in
2939 1752 3198 1815 ecclesia
3236 1752 3502 1834 publicat
3528 1754 3604 1818 ad

222 1842 324 1899 καί
370 1849 465 1899 1:03
505 1840 730 1918 κλήρου,
775 1843 1148 1920 καθαιρείσθω,

310 1930 427 1988 πε’.
481 1930 666 1987 ζἘστω
711 1928 766 1986 δὲ
812 1932 940 2003 iiva
997 1936 1125 1986 πᾶσι
1184 1928 1470 2007 κληρικοϊς
1520 1931 1608 1986 καὶ
1655 1927 1874 1990 λα’ίκοϊς

226 2017 415 2097 βιῦλία
465 2017 730 2095 σεϐάσμια
773 2020 862 2076 καὶ
891 2019 1015 2096 ἅγια
1050 2034 1065 2049 ⁸
1115 2017 1212 2086 τῆς
1245 2019 1344 2093 μὲν
1376 2017 1614 2079 Παλαιᾶς
1670 2019 1875 2087 Διαθή-

227 2134 369 2185 κης,
421 2109 655 2173 Μωσέως
716 2108 900 2184 πέντε,
966 2108 1196 2181 Γένεσις,
1262 2106 1507 2185 ”Εδοξος,
1568 2108 1871 2185 Λευῖτικὸν,

228 2199 497 2277 Ἀριθμοὶ,
562 2198 976 2274 Δευτερονόμιον
1007 2213 1020 2227 ⁶
1066 2197 1245 2263 Ἰησοῦ
1291 2199 1403 2252 υἱοῦ
1431 2196 1581 2264 Noui
1612 2196 1690 2270 ἓν,
1743 2206 1873 2274 Κρι-

224 2311 337 2345 των
371 2288 452 2366 ἓν,
486 2280 630 2347 Ῥοὺθ
661 2287 739 2360 α’,
796 2286 1088 2343 Βασιλειῶν
1147 2284 1217 2359 δ’,
1254 2284 1735 2362 Παραλειπομένων
1778 2285 1873 2352 τῆς

223 2375 417 2454 βίϐλου
454 2379 562 2433 τῶν
605 2378 821 2453 ἡμερῶν
882 2376 958 2452 β’,
1005 2372 1209 2453 ’Ἑσδρα
1239 2372 1313 2453 β’,
1348 2374 1545 2451 Ἐσοηρ
1589 2376 1669 2454 ἓν,
1716 2381 1872 2429 Μακ-

227 2464 466 2524 καϐαίων
496 2463 571 2544 γ’,
605 2463 727 2522 Ἰὼϐ
756 2464 837 2537 ἓν,
872 2463 1207 2541 Ψαλτήριον,
1244 2462 1599 2539 Σολομῶντος
1631 2462 1702 2540 γ’,
1738 2468 1876 2539 Παρ-

225 2557 432 2629 οιμίαι,
476 2553 934 2621 Ἐκκλησιαστὴς,
998 2548 1177 2625 Ἰ’ᾼσμα
1238 2552 1514 2631 ᾀσμάτων,
1578 2552 1874 2630 Προφητῶν

223 2642 478 2721 δεκαδύο,
538 2642 594 2698 ἓν
645 2642 895 2717 Ἠσαίου,
942 2642 997 2697 ἓν
1030 2641 1309 2713 ἰεζεκιὴλ,
1336 2640 1392 2697 ἓν
1429 2640 1654 2717 λανιῆλι
1703 2639 1873 2705 Ἐξω¹⁹

222 2738 319 2789 θεν
374 2729 432 2786 δὲ
486 2732 619 2806 ὑμῖν
690 2730 1138 2809 προσιστορήσθω
1200 2730 1483 2804 μανθάνειν
1552 2730 1673 2790 τοὺς
1729 2728 1876 2792 νέους

224 2824 387 2895 ὑμῶν
442 2826 534 2877 τοῦ
599 2819 931 2894 πολυμαθοῦς
984 2821 1162 2899 Σιρὰχ
1217 2819 1314 2886 τὴν
1360 2820 1546 2897 σοφίαν
1581 2833 1595 2847 ’
1642 2818 1879 2893 ἡμέτερα

222 2908 312 2989 δὲ,
376 2909 617 2965 τουτέστι
666 2914 764 2976 τῆς
828 2913 1027 2976 Καινῆς
1077 2910 1372 2987 Διαθήκης,
1424 2907 1723 2986 Εὐαγγέλια
1753 2907 1877 2962 τέσ-

220 3023 400 3078 σαρα,
437 2999 721 3074 Ματθαίω,
782 2999 1021 3076 Μάρκου,
1081 3002 1279 3071 Λουκᾶ,
1340 2996 1613 3067 Ἰωάννου,
1673 2996 1880 3052 Παύλου

1963 1840 2165 1921 populi
2198 1850 2254 1902 et
2287 1840 2437 1902 cleri
2470 1843 2827 1922 perniciem,
2859 1842 3219 1922 deponatur,

2038 1931 2118 1992 85
2142 1930 2616 2010 [8i].Sintvobis
2634 1930 2919 1992 omnibus
2942 1931 3181 1992 clericis
3197 1941 3255 1994 et
3276 1931 3444 1995 laicis
3461 1932 3604 1997 libri

1959 2021 2286 2082 venerandi
2301 2018 2823 2088 etsancti.Veteris
2834 2019 3076 2101 quidem
3092 2019 3604 2098 Testamenti,Mo~

1958 2110 2041 2170 eis
2068 2109 2357 2190 quinque,
2391 2108 2665 2184 Genesis,
2693 2111 2954 2183 Exodus,
2984 2108 3300 2185 Leviticus,
3323 2112 3598 2192 Numeri,

1955 2198 2485 2261 Deuteronomium
2517 2198 2865 2274 ;JesuNave
2885 2218 3065 2275 unus;
3089 2198 3372 2262 Iudicum
3402 2220 3598 2277 unus;

1956 2287 2113 2350 Ruth
2139 2307 2317 2363 unus;
2338 2287 2681 2366 Regnorum
2704 2297 2985 2368 quatuor;
3008 2286 3603 2368 Paralipomenon,id

1958 2387 2049 2439 est
2071 2378 2497 2439 derelictorum
2527 2377 2669 2439 libri
2697 2376 3606 2452 dierum,duo;Esdra3duo.Es-

1958 2468 2096 2527 ther
2119 2485 2308 2546 unus;
2337 2465 2815 2528 Machabaaorum
2844 2475 2985 2528 tres:
3010 2464 3125 2529 Job
3148 2485 3304 2528 unus
3330 2488 3345 2548 ;
3373 2467 3602 2531 Psalte-

1959 2557 2112 2618 rium
2136 2575 2288 2617 unus
2321 2554 2660 2619 Salomonis
2684 2554 3601 2634 tres,Proverbia,Ecclesiastes.

1960 2642 2200 2708 Cantica
2221 2645 2615 2727 canticorum;
2635 2646 3065 2726 Prophetarum
3086 2644 3404 2708 duodecim
3430 2666 3608 2723 unus;

1959 2732 2129 2796 Isaias
2152 2753 2327 2808 unus,
2359 2733 2648 2797 Jeremiae
2673 2753 2849 2809 unus,
2885 2732 3158 2797 Ezechiel
3182 2754 3359 2816 unus,
3393 2735 3604 2801 Daniel

1961 2840 2138 2886 unus.
2164 2822 2548 2884 Extrinsecus
2577 2833 2773 2885 autem
2805 2842 2839 2885 a
2868 2822 3041 2885 vobis
3069 2823 3457 2902 intelligatur,
3491 2827 3604 2887 de-

1961 2911 2108 2974 bere
2130 2919 2358 2973 vestros
2378 2912 2800 2975 adolescentes
2824 2912 3063 2975 discere
3082 2913 3436 2993 sapientiam
3457 2932 3602 2978 eru-

1962 3001 2245 3065 ditissimi
2279 2999 2512 3066 Siracb.
2546 3004 2767 3064 Nostra
2797 3011 3024 3075 autem,
3057 3001 3117 3063 id
3148 3011 3259 3075 est,
3292 3004 3446 3067 Novi
3466 3004 3609 3068 Tes-

220 3087 520 3146 ἐπιστολαὶ
563 3087 655 3168 ιδ’,
720 3088 915 3165 Πέτρου
973 3086 1256 3146 ἐπιστολαὶ
1312 3085 1427 3162 δύο,
1489 3086 1741 3143 Ἰωάννου
1796 3084 1873 3163 γ’,

1977 3088 2566 3169 Lamenti,Evangelia
2594 3101 2874 3171 quatuor,
2904 3090 3603 3169 Matthaei,Marci,Lucaa,

218 3177 492 3237 ἰακώῖου
547 3175 623 3257 α’,
670 3174 842 3233 Ἰούδα
900 3174 978 3256 α’,
1040 3176 1354 3250 Κλήμεντος
1422 3173 1703 3231 ἐπιστολαί
1760 3172 1873 3243 δύο,

1977 3181 2207 3241 Ioannis
2232 3197 2251 3254 ;
2278 3179 2450 3241 Pauli
2475 3178 2747 3258 epistolas
2778 3179 3256 3259 quatuordecim,
3282 3181 3446 3245 Petri
3471 3184 3611 3262 Epi-

215 3270 312 3325 καί
346 3268 409 3322 αἱ
450 3264 704 3342 διαταγαῗ
739 3267 868 3339 ὑμῖν
911 3279 1001 3322 τοϊ
1045 3264 1357 3329 ἕπισκόποις
1418 3262 1485 3320 δι’
1531 3266 1663 3339 ὶμοῦ
1722 3265 1875 3333 Κλή-

222 3375 435 3432 μεντος
486 3354 541 3409 ἐν
603 3353 745 3409 ὀκτὼ
800 3350 1023 3429 βιϐλίοις
1082 3352 1628 3432 προσπεφωνημὲναι,
1691 3350 1752 3416 ἃς
1820 3352 1880 3408 οὗ

214 3447 342 3526 χρὴ
373 3441 712 3519 δημοσιεύειν
755 3441 841 3498 ἐπὶ
872 3444 1112 3521 πάντων,
1163 3439 1249 3497 διὰ
1290 3442 1356 3497 τὰ
1404 3440 1458 3497 ἐν
1519 3442 1710 3505 αὐταῖς
1769 3463 1876 3515 μυ-

220 3534 397 3592 στικά
429 3547 446 3564 ⁹
492 3535 581 3589 καὶ
614 3535 665 3589 αἱ
696 3531 916 3602 Πράξεις
958 3534 1114 3606 ἡμῶν
1146 3535 1252 3586 τῶν
1299 3528 1615 3586 ἀποστόλων
1649 3549 1666 3566 ο
1717 3530 1880 3587 ταῦνα

222 3626 319 3682 καὶ
368 3622 491 3701 περὶ
554 3621 795 3678 κανόνων
854 3619 1190 3700 διατετάχθω
1244 3620 1373 3695 δμτν
1414 3616 1541 3696 παρ’
1598 3621 1777 3696 ἡμῶν,
1835 3618 1882 3676 ὦ

229 3715 551 3772 ὶπίσκοποι.
607 3701 792 3784 ιΥριεῒς
834 3708 891 3765 δὲ
934 3709 1255 3785 ἐμμένοντες
1313 3710 1522 3784 αὒτοῖς,
1581 3712 1882 3778 σωθήσεσθε

226 3804 322 3860 καὶ
386 3802 604 3880 εἰρήνην
663 3797 805 3865 ἕξετε
840 3817 855 3833 ⁸
919 3798 1257 3880 ἀπειθοῦντες
1320 3796 1400 3872 δὲ,
1462 3798 1879 3880 κολασθήσεσθε,

228 3897 324 3949 καὶ
386 3878 629 3964 πόλεμον
686 3889 804 3964 μετ’
862 3878 1114 3959 ἀλλήλων
1158 3886 1334 3945 ἀΐδιον
1391 3878 1753 3961 ἕξετε,’δίκην
1782 3893 1882 3956 τῆς

229 3980 511 4048 ἁνηκοίας
573 3978 673 4045 τὴν
738 3978 1109 4056 προσήκουσαν
1163 3977 1450 4040 τιννύντες.
1485 3969 1543 4035 Ὀ
1575 3979 1705 4041 Θεὸς
1756 3975 1811 4033 δὲ
1856 3979 1884 4034 ὁ

233 4072 407 4147 μόνος
460 4064 637 4131 ἀίδιος
681 4068 769 4123 καὶ
811 4072 915 4123 τῶν
966 4063 1105 4124 ὅλων
1149 4076 1405 4140 ποιητὴς,
1459 4066 1699 4134 ἅπαντας
1745 4067 1884 4142 ὑμᾶς

236 4157 325 4217 διὰ
367 4163 472 4226 τῆς
522 4157 737 4236 εἰρήνης
769 4155 825 4213 ἰν
856 4156 1124 4231 Πνεῦματι
1182 4155 1317 4234 ἁγίῳ
1373 4154 1569 4213 ἐνώσαι
1612 4157 1701 4213 καὶ
1749 4178 1884 4213 κατ·-

234 4251 452 4328 αρτίσαι
506 4249 581 4312 εἰς
650 4253 756 4304 πᾶν
809 4244 966 4326 ’ἔργον
1043 4246 1266 4326 ἀγαθὸν,
1330 4244 1646 4323 ἀτρέπτους,
1701 4246 1886 4321 ἀμέμ-

232 4352 435 4417 πτου),
508 4333 897 4414 ἆνεγκλήτοδς,
968 4336 1055 4391 καὶ
1127 4332 1456 4400 καταξιώσαι
1515 4334 1616 4403 τῆς
1675 4336 1888 4392 αίωνίου

1962 3267 2127 3329 stolas
2144 3267 2554 3341 duaz,.loannis
2583 3267 2943 3342 tres,.lacobi
2958 3286 3072 3329 una
3094 3269 3279 3346 [Judae
3298 3273 3437 3348 una]
3455 3270 3604 3335 .Cle-

1964 3356 2182 3418 mentis
2202 3356 2473 3436 epistolae
2495 3357 2649 3431 dure,
2677 3366 2737 3418 et
2755 3357 3160 3419 ordinationes
3182 3358 3346 3420 vobis
3368 3361 3607 3441 episco-

1963 3446 2051 3525 pis
2076 3464 2182 3525 per
2200 3463 2295 3506 me
2316 3443 2687 3507 Clementem
2715 3445 2774 3507 in
2792 3452 2923 3507 octo
2947 3444 3119 3507 libris
3132 3448 3466 3529 editae,quaa
3487 3468 3608 3512 non

1962 3543 2098 3597 sunt
2121 3534 2399 3595 omnibus
2423 3532 2819 3614 divulgandae,
2848 3542 3091 3616 propter
3121 3552 3192 3597 ea
3220 3553 3353 3617 quas
3381 3546 3523 3598 sunt
3542 3538 3608 3602 in

1964 3624 2053 3685 eis
2086 3624 2328 3703 mystica
2360 3646 2373 3682 :
2413 3632 2470 3685 et
2527 3624 2713 3685 Actus
2763 3623 2955 3685 nostri
2998 3623 3432 3703 apostolorum.
3466 3624 3607 3692 Hac

1964 3730 2105 3774 vero
2134 3712 2259 3793 (37)
2296 3712 2371 3773 de
2396 3713 2621 3791 regulis
2643 3713 2964 3775 constituta
2994 3712 3162 3796 vobis
3189 3713 3311 3776 sint
3347 3716 3481 3775 [30
3502 3733 3609 3796 per

1966 3820 2100 3882 nos,
2134 3821 2168 3862 ο
2201 3800 2491 3881 episcopi.
2526 3802 2648 3864 Vos
2679 3811 2879 3863 autem
2938 3801 3448 3883 obtemperantes,
3482 3804 3609 3867 sal-

1966 3888 2276 3966 vabimini,
2312 3900 2371 3953 et
2401 3909 2607 3971 pacem
2658 3890 3064 3954 habebitis.At
3097 3892 3149 3954 si
3179 3911 3299 3955 non
3329 3893 3609 3974 parueri-

1969 3986 2066 4053 tis,
2099 3979 2525 4061 puniemini,et
2552 3979 2776 4043 bellum
2802 3988 3008 4043 mutuo
3041 3992 3398 4062 perpetuum
3428 3981 3613 4046 babe-

1969 4069 2132 4147 bitis,
2195 4087 2428 4150 poenam
2515 4069 2941 4132 inobedientiaa
3000 4088 3325 4150 congruam
3388 4072 3609 4135 daturi.

1968 4156 2128 4221 Deus
2159 4159 2467 4241 porro,qui
2493 4160 2655 4222 solus
2686 4168 2775 4222 est
2803 4167 3063 4222 aeternus
3092 4177 3163 4222 ac
3191 4161 3610 4224 universorum

1970 4257 2231 4323 creator,
2283 4267 2385 4309 vos
2433 4267 2643 4311 omnes
2693 4266 2838 4328 pace
2870 4248 2930 4309 in
2962 4247 3190 4329 Spiritu
3219 4258 3435 4313 sancto
3458 4269 3610 4314 con-

1968 4336 2232 4411 fortabit,
2267 4346 2326 4398 et
2370 4346 2543 4418 aptos
2593 4337 2809 4399 reddet
2862 4337 2939 4400 ad
2970 4356 3149 4401 omne
3179 4358 3329 4420 opus
3359 4339 3607 4417 bonum,

234 4426 386 4500 ζωῆς
430 4426 527 4482 σὺν
577 4427 743 4503 ἡμῖν,
787 4421 874 4480 διὰ
928 4423 1019 4490 τῆς
1077 4425 1345 4487 μεσιτείσς
1388 4430 1482 4481 τοὺ
1533 4422 1877 4502 ἠγαπημένοι

1977 4424 2403 4495 immutabiles.
2440 4426 3032 4509 irreprebensibiles,
3066 4428 3200 4490 sine
3231 4429 3612 4511 crimine,di-

235 4513 436 4579 παιδος
496 4513 659 4572 αὐτοῦ
707 4512 887 4581 Ἰησοῦ
946 4518 1172 4586 Χριστοῦ
1217 4519 1311 4568 τοῦ
1356 4519 1486 4570 Θεοῦ
1516 4516 1604 4570 καὶ
1635 4520 1886 4591 Σωτῆρος

238 4605 428 4680 ἡμῶν,
460 4603 580 4680 μεθ’
626 4605 688 4660 οὗ
716 4604 750 4670 ἡ
780 4599 901 4667 δόξα
933 4604 1076 4676 αὖτῷ
1103 4608 1181 4676 τῷ
1212 4600 1305 4658 sui
1352 4602 1565 4660 πάντων
1622 4610 1737 4677 Θεῷ
1791 4604 1886 4660 καί

238 4698 412 4772 Πατρὶ
438 4695 534 4749 σὺν
562 4691 700 4771 ἁγίῳ
728 4691 996 4766 Πνεύματι
1024 4697 1103 4765 τῷ
1135 4690 1489 4771 παρσχλήτῴ,
1545 4693 1631 4749 νῦν
1679 4691 1767 4748 καὶ
1809 4691 1891 4749 ἀεὶ

240 4785 337 4838 καὶ
366 4783 439 4847 εἰς
466 4781 591 4845 τοὺς
623 4780 818 4845 αἰῶνας
847 4778 955 4837 τῶν
986 4778 1214 4839 αἰώνων.
1249 4778 1448 4856 Ἀμήν.

243 4874 479 4933 me
517 4872 833 4938 Λαοδικείας
875 4875 1052 4931 κανὼν
1103 4873 1197 4948 ιε’,
1249 4873 1340 4955 ιζ’,
1377 4874 1481 4952 ιη’,
1513 4873 1603 4949 ιϐ’,
1638 4872 1749 4953 κγ’,
1784 4873 1886 4938 νϐ’.

338 5058 426 5118 ιε’.
472 5060 598 5138 Περὶ
650 5066 746 5116 τοῦ
793 5056 873 5133 μὴ
930 5054 1045 5113 δεῖν
1088 5055 1231 5125 πλὴν
1272 5062 1378 5116 τῶν
1416 5063 1709 5115 κανονικῶν
1742 5056 1887 5133 ψαλ-

1971 4533 2241 4596 gnosque
2270 4512 2451 4577 faciet
2480 4524 2705 4577 acterna
2748 4516 2860 4578 vita
2910 4517 3249 4593 nobiscum,
3285 4536 3395 4597 per
3424 4518 3615 4581 inter-

1972 4607 2306 4666 cessionem
2340 4603 2546 4667 dilecti
2570 4604 2706 4667 Filii
2735 4606 2827 4668 sui
2857 4607 2998 4668 .lesu
3028 4605 3385 4681 Christi,Dei
3408 4614 3467 4668 et
3487 4608 3614 4669 Sal-

1973 4693 2191 4755 vatoris
2225 4694 2412 4755 nostri
2442 4711 2458 4770 ;
2484 4711 2620 4756 cum
2653 4713 2769 4776 quo
2801 4694 2994 4774 gloria
3025 4700 3102 4754 sit
3132 4693 3247 4775 ipsi
3276 4713 3459 4775 supra
3487 4714 3616 4757 om.

1973 4782 2073 4845 nia
2104 4782 2224 4844 Deo
2280 4780 2443 4845 Patri
2495 4803 2628 4847 cum
2683 4795 2891 4846 sancto
2947 4782 3176 4865 Spiritu
3204 4783 3611 4862 consolatore,

1973 4889 2132 4933 nunc
2154 4879 2213 4932 et
2244 4888 2511 4953 semper,
2545 4886 2606 4935 et
2636 4873 2697 4935 in
2730 4872 2948 4934 saecula
2976 4872 3357 4936 saeculorum.
3389 4875 3611 4937 Amen.

1974 4963 2241 5029 Cone-itii
2267 4966 2599 5029 Laodiceni
2615 4981 2875 5028 canones
2896 4963 2989 5039 15,
3020 4965 3113 5040 t7,
3142 4965 3236 5047 18,
3267 4967 3361 5040 19,
3384 4964 3487 5049 23,
3510 4967 3615 5033 59.

2056 5059 2154 5122 15.
2190 5055 2321 5119 Non
2353 5066 2633 5139 oportere
2665 5069 2879 5140 praeter
2936 5059 3259 5123 canonicos
3313 5071 3614 5140 cantores,

246 5154 388 5235 τῶν,
430 5154 535 5206 τῶν
591 5147 680 5205 ἐπὶ
721 5148 814 5204 τὸν
871 5142 1097 5235 ἅμϐωνα
1165 5143 1582 5235 ἀναϐαινόντων,
1642 5147 1731 5205 καὶ
1786 5147 1877 5235 ἀπὶ

1977 5147 2080 5230 qui
2101 5156 2444 5228 suggestum
2464 5147 2889 5224 ascendunt,et
2912 5166 2983 5211 ex
3006 5148 3356 5214 membrana
3382 5151 3612 5235 legunt,

246 5230 495 5315 διφθέρας
549 5235 894 5314 ψαλλόντων,
956 5234 1167 5316 ἐτέρους
1225 5237 1375 5319 τινὰς
1424 5234 1648 5313 ψάλλειν
1693 5236 1749 5294 ἐν
1797 5234 1877 5294 ἐκ·

1977 5237 2207 5318 aliquos
2237 5237 2389 5300 alios
2418 5254 2642 5301 canere
2670 5239 2731 5302 in
2765 5236 3048 5302 ecclesia.

246 5326 473 5404 κλησίᾳ.

1824 5433 2075 5503 NOTAE.

352 5613 468 5703 (37)
496 5616 581 5684 Bx
610 5616 883 5685 editione
909 5615 1130 5683 Crabbi
1159 5618 1224 5682 in
1253 5616 1403 5686 alias
1431 5617 1719 5705 deinceps
1750 5615 2084 5706 permeavit
2099 5616 2225 5690 ista
2253 5614 2555 5703 appendix
2580 5614 2709 5690 sive
2736 5621 2997 5706 coronis,
3030 5628 3096 5690 ut
3127 5630 3319 5692 vocat.
