4148 6198
449 237 568 307 599

454 460 716 549 mentes,
752 464 1094 530 sacerdotes
1144 481 1274 526 eam
1325 480 1598 525 seorsum
1630 460 2086 541 benedicentes,

455 556 798 640 petentibus
848 553 1160 636 impertire
1221 551 1295 613 ad
1355 551 1656 612 fructuum
1689 549 1917 614 datoris
1949 571 2088 631 gra-

457 649 672 711 tiarum
703 647 1023 715 actionem,
1058 660 1166 725 per
1199 659 1348 721 quos
1379 657 1634 720 corpora
1664 649 1865 702 nostra
1895 641 2094 704 divina

459 734 855 817 dispositione
904 740 1198 812 augentur
1259 739 1318 792 et
1361 729 1620 791 aluntur.
1681 729 1741 791 Si
1791 730 1924 810 quis
1980 749 2090 792 an-

459 835 578 887 tem
614 823 870 887 clericus
895 831 1116 903 praeter
1136 821 1262 883 hinc
1294 818 1536 881 decreta
1556 817 1791 894 fecerit,
1824 818 2091 901 depona-

460 927 578 978 llll‘.

536 1004 638 1068 32.
671 1002 971 1081 Quoniam
990 1000 1067 1063 ad
1091 1006 1357 1062 nostram
1384 998 1787 1079 cognitionem
1821 1000 2098 1080 pervenit

458 1094 617 1177 quod
641 1094 701 1154 in
719 1090 1147 1154 Armeniorum
1172 1089 1420 1167 regione
1442 1088 1644 1148 vinum
1673 1095 1894 1177 tantum
1921 1089 1981 1150 in
2003 1107 2094 1152 sa-

459 1176 561 1248 cra
582 1201 791 1246 mensa
814 1181 1097 1251 offerunt,
1122 1195 1334 1259 aquam
1378 1176 1466 1238 illi
1492 1195 1609 1238 non
1643 1176 1965 1239 miscentes
1992 1179 2093 1259 qui

454 1274 837 1338 incruentum
869 1268 1230 1333 sacriﬁcium
1266 1266 1959 1348 peragunt,adducentes
1977 1267 2095 1330 Ec-

461 1363 662 1427 clesiae
682 1362 984 1425 doctorem
1009 1358 1307 1422 Joannem
1321 1355 1832 1436 Chrysostomum,
1853 1357 1979 1420 haec
2010 1358 2097 1420 di-

461 1461 696 1516 centem
711 1452 773 1513 in
786 1445 1594 1530 interpretationeEvangelii
1610 1447 1936 1508 secundum
1955 1450 2097 1511 Mat-

460 1545 687 1609 thaeum
717 1563 731 1604 :
763 1566 791 1597 α
817 1537 1217 1613 Quamobrem
1242 1554 1362 1597 non
1385 1553 1596 1617 aquam
1622 1534 1773 1596 bibit
1804 1537 1935 1597 I58
1961 1556 2096 1600 cum

461 1628 857 1704 surrexit,sed
882 1624 1152 1689 vinum?»
1177 1623 1511 1706 improbam
1535 1642 1683 1686 sane
1703 1624 1961 1688 haeresin
1997 1644 2095 1689 ra-

1636 235 1905 299 PHOTII
1938 214 2461 299 PATRIARGHE
2501 235 2617 301 CP.

451 396 633 459 quam
696 376 1237 461 primitias'autem
1300 389 1426 434 uvae
1474 370 1818 461 allationem
1879 374 2085 437 existi-

2186 381 2471 454 τροσφορᾶς
2517 375 2686 451 μόνης
2731 373 3069 461 μεταδιδόναι
3111 393 3127 410 ⁸

3704 238 3822 306 600

3193 378 3264 442 ὡς
3305 376 3586 457 ἀπαρχὴν
3629 375 3687 434 δὲ
3727 380 3824 447 τὴν

2171 470 2271 531 τῆς
2317 465 2592 545 σταφυὶῆς
2647 458 3025 543 λογιζομένους
3081 465 3419 544 προσένεξιν,
3469 464 3662 530 ίδικῶς
3708 474 3826 533 τοῦς

2172 556 2336 633 ἱερεῖς
2382 554 2757 634 εὖλογοῦντας,
2804 568 2922 619 τοῖς
2967 557 3171 613 αἰτοῦσι
3215 557 3423 624 ταύτης
3485 555 3827 631 μεταδιδόναι

2173 645 2307 722 πρὸς
2352 645 2453 712 τὴν
2495 651 2591 701 τοῦ
2633 643 2854 722 δοτῆρος
2914 650 3021 701 τῶν
3075 652 3296 724 καρπῶν
3340 647 3732 726 εὐχαριστίαν,
3763 645 3829 703 δι’

2174 735 2252 788 ὧν
2282 735 2347 790 τὰ
2379 734 2604 809 σώματα
2645 735 2800 811 ἡμῶν
2852 735 2987 792 κατὰ
3027 736 3117 791 τὸν
3163 739 3308 793 θετον
3355 735 3517 815 ὅρον,
3574 734 3719 801 αὔξει
3776 759 3831 793 τε

2179 823 2277 879 καί
2305 822 2644 903 ἐκτρέφεται.
2691 823 2763 882 E’t’
2791 845 2871 889 τις
2906 827 2995 880 οὖν
3025 822 3279 903 κληρικδς
3324 825 3481 902 παρὰ
3538 825 3607 882 τὰ
3652 822 3834 881 διατε-

2178 912 2419 991 ταγμένα
2449 919 2607 989 ποιῇ,
2638 915 3008 990 καθαιρείσθω.

2259 1000 2368 1078 λβ’,
2422 1001 2644 1071 Ἐπειδὴ
2684 1004 2755 1064 εἰς
2790 1009 2986 1080 γνῶσιν
3018 1002 3283 1082 ἡμετέραν
3328 1004 3527 1076 ἦλθεν,
3563 1007 3641 1067 ὡς
3669 1007 3727 1060 ἓν
3769 1007 3836 1080 τῇ

2176 1091 2471 1169 Ἀρμενίων
2512 1091 2671 1172 χώρᾳ
2728 1093 2882 1149 οἶνον
2946 1094 3114 1167 μόνον
3171 1092 3225 1149 έν
3276 1100 3346 1170 τῇ
3409 1098 3533 1170 ἱερᾷ
3597 1093 3835 1173 τραπέζῃ

2178 1185 2557 1260 προσάγουσιν,
2592 1180 2729 1258 ὕδωρ
2764 1184 2907 1255 αὒτῷ
2936 1183 3013 1257 μὴ
3062 1184 3360 1260 μιγνύντες,
3415 1185 3467 1240 οἱ
3513 1183 3618 1250 τὴν
3680 1183 3834 1239 ἀναί-

2179 1292 2381 1344 μακτον
2424 1271 2602 1327 Θυσίαν
2659 1270 3052 1346 ἐπιτελοῦντες,
3134 1272 3523 1349 προτιθέμενοι
3584 1274 3682 1329 τὸν
3738 1275 3835 1339 τῆς

2180 1357 2507 1427 Ἐκκλησίας
2564 1359 2887 1421 διδάσκαλον
2931 1359 3186 1428 Ἰωάννην
3259 1363 3348 1418 τὸν
3416 1362 3832 1441 Χρυσόστομον,

2179 1447 2448 1528 φάσκοντα
2487 1446 2569 1505 8ιᾶ
2611 1455 2711 1517 τῆς
2743 1451 2815 1512 εἷς
2861 1451 2922 1506 τὸ
2980 1451 3115 1506 κατᾶ
3170 1454 3453 1508 Ματθατον
3504 1449 3833 1529 Εὖαγγέλιον

2180 1538 2466 1614 ἑρμηνείας
2523 1539 2691 1596 ταῦτα
2726 1560 2743 1577 θ
2794 1559 2824 1600 (
2860 1543 3011 1601 Τίνος
3069 1538 3251 1596 ἕνεκεν
3309 1544 3421 1620 οῦχ
3482 1538 3627 1617 ὕδωρ
3684 1539 3831 1596 ἔπιεν

2180 1625 2433 1697 ἀναστὰς,
2495 1627 2613 1684 ἀλλ’
2676 1628 2826 1686 οἶνον
2861 1647 2876 1708 ;
2924 1628 3095 1696 ἄλλην
3137 1629 3346 1707 α’ίρεσιν
3377 1630 3634 1707 πονηρὰν
3666 1627 3835 1709 πρόῤ-

463 1719 682 1783 dicitus
698 1712 1362 1797 exstirpans.Quoniam
1383 1713 1544 1775 enim
1568 1713 1840 1774 nonnulli
1863 1731 2015 1795 aqua
2035 1714 2097 1776 in

2186 1718 2326 1795 ῥιζον
2375 1717 2666 1774 ἀνασπῶνο
2716 1716 2901 1785 έπειδὴ
2946 1719 3047 1796 γάρ
3078 1720 3216 1783 τινές
3269 1720 3403 1775 εἰσιν
3454 1719 3515 1775 ἐν
3558 1735 3682 1784 τοῖς
3728 1742 3831 1794 μυ-

462 1808 763 1891 mysteriis
778 1806 871 1870 usi
890 1802 1386 1885 sunt,ostendens
1411 1802 1572 1883 quod
1595 1810 1655 1864 et
1675 1804 1917 1879 quando
1941 1822 2102 1884 mys-

465 1904 617 1961 teria
638 1896 907 1977 tradidit,
941 1902 999 1957 et
1023 1892 1260 1975 quando
1292 1899 1605 1973 postquam
1649 1893 2097 1969 resurrexisset,

464 1987 693 2069 absque
729 1984 1032 2067 mysteriis
1053 1982 1241 2044 solam
1264 1999 1332 2043 ac
1356 1981 1575 2043 nudam
1621 1998 1885 2044 mensam
1918 2001 2104 2063 appo-

464 2078 609 2151 suit,
634 2094 775 2139 usus
797 2082 891 2138 est
910 2073 1074 2149 vino,
1101 2090 1170 2133 ex
1192 2069 1524 2150 genimine,
1555 2069 1936 2152 inquit,vitis;
1969 2072 2107 2135 vitis

463 2174 663 2229 autem
686 2166 1043 2234 vinum,non
1067 2179 1281 2242 aquam
1305 2167 1550 2239 generat
1582 2158 1653 2221 Et
1674 2178 1741 2221 ex
1764 2178 1835 2222 eo
1853 2179 2022 2240 aqum
2044 2162 2105 2223 in

468 2273 638 2319 sacro
661 2250 959 2317 sacrificio
981 2250 1435 2330 adjuncttonem
1461 2248 1771 2310 doctorem
1797 2249 2107 2313 subverte-

462 2363 535 2407 re
555 2341 918 2406 existimant:
945 2347 1012 2401 ut
1033 2357 1155 2400 non
1183 2337 1257 2399 ab
1282 2339 1395 2400 hoc
1422 2347 1695 2418 tempore
1719 2338 1779 2399 in
1802 2348 2104 2420 posterum

467 2432 804 2515 ignorantia
824 2428 1373 2504 teneantur,Patris
1394 2427 1754 2489 sententiam
1780 2429 2109 2492 orthodoxe

470 2522 798 2604 aperimus.
824 2517 967 2582 Cum
992 2517 1154 2579 enim
1180 2514 1476 2596 improba.
1509 2514 2104 2604 Hydroparastarum,

469 2603 586 2674 hoc
611 2616 935 2683 est,eorum
960 2608 1059 2687 qui
1083 2622 1300 2685 aquam
1323 2603 1921 2687 oﬂ‘erebant,antiqua
1951 2617 2113 2671 esset

473 2697 750 2771 haeresis,
786 2694 890 2779 qui
914 2696 1046 2757 loco
1073 2694 1193 2756 vini
1217 2692 1346 2756 sola
1365 2711 1519 2774 aqua
1536 2693 1597 2755 in
1621 2695 1865 2776 proprio
1887 2699 2113 2759 sacriﬁ-

474 2788 569 2854 cio
591 2788 682 2850 usi
700 2794 859 2863 sunt;
884 2783 1181 2847 refellens
1202 2782 1300 2844 hic
1322 2782 1412 2845 vir
1432 2781 1670 2846 divinus
1694 2783 2108 2850 detestabilem

477 2875 776 2960 ejusmodi
798 2875 1047 2937 haeresis
1065 2872 1488 2949 doctrinam,et
1505 2872 1833 2937 ostendens
1845 2876 2001 2957 quod
2026 2876 2114 2938 di-

472 2975 641 3030 recte
663 2962 1009 3046 apostolicaa
1030 2960 1333 3024 traditioni
1355 2961 1790 3037 adversatur,id
1812 2964 1971 3044 quod
1987 2966 2111 3045 jam

2185 1807 2423 1885 στηρίοις
2467 1805 2612 1863 ὕδατι
2658 1806 3016 1887 κεχρημένοι,
3049 1806 3251 1873 δεικνὺς
3284 1808 3365 1864 ὅτι
3401 1808 3505 1867 καΐ
3565 1810 3729 1878 ἡνίκα
3773 1809 3838 1865 τὰ

2185 1897 2452 1974 μυστήρια
2524 1896 2826 1974 παρέδωκεν
2904 1897 3056 1953 οἶνον
3134 1896 3413 1974 παρέδωκε
3453 1919 3468 1934 ·
3532 1899 3626 1954 καὶ
3683 1897 3836 1966 ἡνίκα

2186 1986 2416 2051 ἀναστὰς
2472 1987 2640 2066 χωρὶς
2672 1986 2976 2063 μυστηρίων
3007 1985 3100 2042 καί
3149 1986 3316 2062 ψιλὴν
3374 1988 3653 2066 τράπεζαν
3699 2009 3838 2065 παρ-

2188 2076 2408 2150 ετίθετο,
2444 2073 2579 2149 οἴνῳ
2609 2075 2836 2154 ἐχρῆτο,
2889 2075 2948 2130 ἐκ
2998 2084 3090 2134 τοῦ
3131 2077 3499 2154 γεννήματος,
3535 2076 3692 2156 φησὶ,
3739 2081 3834 2143 τῆς

2188 2164 2433 2241 ἀμπέλου
2467 2185 2482 2199 ⁸
2521 2163 2764 2240 ἄμπελος
2796 2162 2851 2219 δὲ
2881 2168 3054 2239 οἶνον,
3090 2167 3194 2245 οὔχ
3243 2163 3404 2244 ὕδωρ,
3452 2172 3643 2244 γεννᾷ,
3684 2190 3711 2221 ι
3745 2163 3838 2223 Ἐκ

2190 2256 2374 2311 τούτου
2444 2252 2500 2310 δὲ
2563 2254 2650 2310 τὸν
2707 2252 3026 2310 διδάσκαλον
3085 2255 3292 2312 οἴονται
3360 2255 3689 2336 ἀνατρέπειν
3742 2256 3835 2323 τὴν

2188 2353 2283 2403 τοῦ
2327 2343 2513 2407 ὕδατος
2560 2345 2614 2400 ἐν
2651 2349 2719 2421 τῇ
2758 2346 2871 2421 ἱερᾷ
2906 2345 3055 2415 θυσίᾳ
3107 2346 3496 2423 προσαγωγὴν,
3534 2347 3608 2411 ὡς
3655 2346 3717 2401 ἃν
3760 2344 3834 2419 μὴ

2190 2435 2280 2492 καὶ
2337 2433 2444 2491 ἀπὸ
2476 2443 2570 2493 τοῦ
2600 2432 2686 2490 νῦν
2733 2432 3057 2513 κατέχοιντο
3086 2440 3154 2510 τῇ
3182 2434 3392 2511 ἀγνοίᾳ,
3420 2437 3525 2503 τήν
3571 2441 3666 2491 τοῦ
3722 2441 3831 2490 Πα-

2191 2525 2313 2602 τρὸς
2366 2521 2601 2580 διάνοιαν
2666 2521 2951 2601 ὀρθοδόξως
3008 2522 3490 2600 ἆποκαλύπτομεν.
3567 2530 3676 2590 Τῆς
3739 2524 3833 2601 γὰρ

2191 2619 2433 2693 πονηρᾶς
2509 2619 2616 2669 τῶν
2698 2611 3178 2689 ὑδροπαραστατῶν
3261 2613 3519 2691 αἱρέσεως
3605 2614 3830 2677 παλαιᾶς

2193 2703 2567 2782 ὑπαρχούσης,
2609 2705 2665 2758 οἳ
2704 2702 2821 2758 ἀντὶ
2870 2701 3018 2758 οἴνου
3050 2702 3200 2778 μόνῳ
3240 2709 3316 2777 τῷ
3342 2702 3498 2761 ὕδατι
3544 2705 3599 2761 ἑν
3643 2709 3710 2780 τῇ
3751 2706 3828 2761 οἱ-

2194 2792 2309 2864 κείᾳ
2348 2792 2498 2864 θυσίᾳ
2554 2791 2878 2871 κέχρηνται,
2937 2790 3305 2862 ἇνασκευᾶζων
3356 2795 3385 2849 ὁ
3437 2794 3697 2873 θεοφόρος
3739 2792 3828 2850 οὗ·

2193 2903 2286 2945 τος
2332 2880 2466 2957 ἀνὴρ
2509 2881 2609 2949 τὴν
2654 2880 2963 2960 παράνομον
3019 2880 3117 2948 τῆς
3161 2882 3419 2948 τοιαύτης
3464 2883 3717 2957 αἱρέσεως
3748 2881 3828 2939 δι-

2195 2969 2396 3051 δαχὴν,
2459 2970 2548 3026 καὶ
2618 2967 2822 3032 δεικνὺς
2885 2971 2959 3031 ὡς
3017 2968 3253 3032 ἐναντίας
3306 2970 3408 3038 τῆς
3470 2971 3827 3038 ἀποστολικῆς

476 3056 702 3119 dictum
728 3061 819 3116 est
838 3048 1326 3152 afﬁrm‘avityam
1350 3058 1411 3151 et
1429 3068 1552 3113 suae
1570 3050 1873 3152 Ecclesiae,
1898 3053 2001 3115 ubi
2027 3069 2100 3116 est

2198 3048 2372 3116 ἵενται
2419 3055 2787 3138 παραδόσεως,
2834 3060 2927 3114 τὸν
2983 3059 3264 3136 εἰρημένοι
3317 3062 3681 3118 κατεσκεύασε
3735 3057 3828 3116 λό-

476 3146 569 3208 illi
613 3141 931 3225 pastoralis
967 3139 1408 3202 administratio
1460 3140 1695 3213 tradita,
1731 3160 1943 3223 aquam
1973 3146 2100 3207 vin:

2201 3172 2294 3228 γον
2328 3168 2345 3186 ο
2379 3148 2494 3205 ἐπεὶ
2524 3150 2609 3205 καὶ
2641 3153 2709 3225 τῇ
2749 3146 2869 3204 κατ’
2901 3150 3057 3207 αὐτὸν
3092 3146 3412 3223 Ἐκκλησίᾳ,
3447 3150 3569 3207 ἔνθα
3601 3151 3696 3217 τὴν
3726 3152 3837 3207 πόι-

479 3231 852 3296 miscendam
876 3228 1391 3318 tradidit,quando
1413 3227 1795 3318 incruentum
1814 3235 2009 3312 peragi
2034 3252 2100 3296 sai

2202 3227 2464 3315 μαντικὴν
2498 3237 2830 3318 ἐνεχειρίσθη
2876 3236 3191 3316 ἡγεμονίαν,
3223 3235 3360 3315 ὕδωρ
3416 3239 3554 3315 οἴνῳ
3600 3240 3832 3317 μιγνύναι

479 3320 770 3385 oriﬁcium
787 3324 1125 3400 oportet,ex
1146 3316 1408 3406 pretioso
1424 3316 1645 3380 Christi
1663 3320 1847 3381 nostri
1865 3321 2093 3384 Redem

2202 3327 2530 3406 παρέδωκεν,
2590 3316 2749 3398 {vim
2811 3327 2912 3394 τὴν
2968 3326 3295 3400 ἀναίμακτον
3337 3329 3527 3385 θυσίαν
3570 3327 3834 3385 ἒπίτελεϊ-

480 3410 672 3493 ptoris
708 3410 894 3471 latere
938 3425 1009 3469 ex
1052 3405 1343 3496 sanguine
1366 3415 1424 3468 et
1447 3416 2100 3496 aquacontemperatio

2203 3405 2320 3475 σθαι
2350 3417 2584 3496 δεήσειε,
2615 3418 2713 3484 τὴν
2762 3417 2821 3472 ἐκ
2849 3415 2945 3483 τῆς
2979 3417 3158 3491 τιμίας
3191 3414 3422 3494 πλευρᾶς
3473 3425 3571 3476 τοῦ
3626 3424 3833 3493 Λυτρω-

477 3517 617 3561 nem
641 3496 1132 3577 ostendensque;
1150 3495 1212 3556 in
1234 3495 1415 3558 totius
1430 3495 1637 3558 mundi
1660 3497 2100 3562 vivificationen

2198 3514 2292 3564 τοῦ
2353 3508 2511 3582 ἡμῶν
2541 3495 2637 3562 καί
2684 3510 2935 3583 Σωτῆρος
2982 3507 3207 3584 Χριστοῦ
3238 3513 3329 3563 τοῦ
3360 3513 3501 3565 Θεοῦ
3535 3506 3587 3573 ἐξ
3619 3506 3832 3582 α’ίματος

479 3589 667 3653 etl‘usa
688 3594 869 3662 est,et
891 3593 1272 3674 peccatorum
1295 3585 2100 3667 redemptionem,etinomn:

2197 3597 2289 3653 καὶ
2330 3593 2515 3660 ὕδατος
2559 3600 2744 3673 κρᾶσιν
2800 3592 3174 3674 παραδεικνὺς,
3232 3594 3350 3662 ἥτις
3416 3597 3497 3660 εἰς
3567 3596 3828 3668 ζωοποίη-

477 3678 655 3741 etiam
682 3676 974 3750 Ecclesia,
1000 3673 1103 3736 ubi
1124 3674 1422 3755 spiritalia
1450 3676 1675 3737 lumine
1727 3677 2100 3756 refulserunt1

2199 3707 2283 3741 σιν
2326 3685 2526 3748 παντὸς
2568 3692 2661 3741 τοῦ
2699 3685 2905 3759 κόσμου
2963 3673 3212 3764 έξεχέθη,
3246 3686 3332 3740 καὶ
3389 3684 3667 3763 ἁμαρτιῶν
3698 3684 3825 3740 ἀπο-

477 3767 578 3830 hic
598 3766 744 3828 ordo
763 3764 1043 3828 divinitus
1056 3764 1310 3827 traditus
1327 3763 1770 3853 servatur.Nam
1788 3775 1846 3827 et
1862 3766 2100 3830 Jacobu:

2201 3773 2461 3853 λύτρωσιν
2496 3792 2512 3809 ’
2556 3775 2646 3830 καὶ
2697 3774 2836 3831 κατὰ
2878 3773 3057 3839 πάσης
3118 3772 3173 3828 δὲ
3200 3763 3204 3764 ί
3229 3771 3589 3845 Ἐκκλησίας,
3624 3772 3739 3830 ἔνθα
3782 3772 3824 3826 οἱ

477 3855 703 3918 Christi
727 3854 964 3918 Domini
987 3853 1176 3915 nostri
1195 3852 1522 3916 secundum
1550 3872 1790 3917 carnem
1809 3856 2100 3933 ἡδίω-,ου

2201 3852 2551 3939 πνευματικοὶ
2598 3867 2877 3942 φωστῆρες
2930 3861 3259 3941 ἐξέλαμψαν,
3296 3864 3325 3931 ἡ
3371 3863 3649 3925 θεόσδοτος
3700 3859 3822 3925 αὕτη

479 3943 1040 4031 Hierosolymitanas
1084 3942 1361 4031 ecclesia;
1414 3944 1668 4004 thronus
1722 3944 1978 4019 primum
2032 3965 2100 4008 es

2202 3951 2345 4017 τάξις
2394 3963 2603 4029 κρατεῖ.
2659 3951 2758 4009 Καὶ
2814 3952 2913 4026 γὰρ
2962 3950 3057 4007 καί
3093 3948 3371 4031 Ἰάκωϐος,
3410 3954 3438 4008 ὁ
3475 3953 3615 4009 κατὰ
3668 3950 3822 4026 σάρκα

481 4032 745 4096 creditus
763 4030 1089 4094 etBasilius
1112 4029 1569 4094 Cmsariensium
1584 4032 1871 4094 Ecclesia),
1891 4036 2100 4097 archie

2202 4047 2430 4119 Χριστοῦ
2462 4044 2593 4097 Θεοῦ
2621 4040 2775 4114 ἡμῶν
2835 4038 3084 4118 ἀδελφὸς,
3130 4040 3186 4101 ὃς
3245 4029 3363 4108 τῆς
3396 4040 3822 4120 ἰεροσολῦμιτῶν

480 4122 787 4204 piscOpus,
820 4120 991 4199 cujus
1037 4120 1236 4199 gloria
1289 4138 1531 4182 omnem
1583 4129 1882 4183 terrarum
1909 4123 2100 4186 orben

2204 4129 2529 4196 Ἐκκλησίας
2602 4132 2813 4207 πρῶτος
2901 4131 2992 4185 τὸν
3070 4129 3253 4206 θρόνον
3307 4131 3675 4203 ἓνεπιστεύθη,
3744 4124 3823 4182 καὶ

478 4210 762 4292 pervasit,
797 4209 1047 4290 mystico
1070 4208 1272 4298 nobis
1291 4209 1356 4298 in
1375 4209 1616 4290 scriptis
1642 4211 1858 4272 tradito
1890 4214 2100 4276 sacriﬁ-

2203 4218 2480 4280 Βασίλειος
2540 4220 2567 4274 ὁ
2619 4222 2719 4286 τῆς
2781 4218 3087 4297 Καισαρέων
3149 4220 3576 4298 ἀρχιεπίσιιοπος
3612 4236 3626 4250 ⁵
3672 4215 3727 4272 οῦ
3767 4214 3821 4269 τὸ

480 4299 687 4372 cio,ita
711 4296 1191 4360 consecrandum
1216 4298 1280 4359 in
1329 4297 1531 4360 divina
1577 4298 1753 4362 Missa
1795 4319 1866 4363 ex
1889 4320 2041 4380 aqua
2065 4322 2098 4365 e

2202 4307 2360 4372 κλέος
2402 4308 2539 4365 κατὰ
2569 4307 2744 4363 πᾶσαν
2773 4307 2874 4374 τὴν
2931 4306 3249 4381 οἰκουμένην
3291 4305 3588 4382 διέδραμεν,
3638 4300 3821 4382 ἐγγρά-

482 4387 620 4449 vino
643 4402 881 4449 sacrum
906 4386 1043 4448 £39
1083 4386 1340 4460 calicem
1375 4387 1719 4450 ediderunt.
1745 4388 1817 4451 Et
1838 4391 1941 4472 qui
1973 4392 2100 4455 Car-

2186 4419 2314 4478 lcpco;
2369 4397 2470 4464 τὴν
2526 4397 2791 4471 μυστικὴν
2840 4398 2976 4470 ἡμῖν
3034 4397 3326 4475 ἱερουργίαν
3376 4393 3816 4475 παραδεδωκότες,

481 4479 729 4559 thagine
749 4485 1163 4540 convenerunt
1182 4458 1371 4541 sancti
1394 4479 1600 4545 Patres
1624 4482 1717 4543 his
1736 4454 1935 4546 verbis
1955 4503 2099 4567 aper

2186 4454 2348 4545 ⁵δύτω
2376 4485 2612 4544 τελειοῦν
2655 4488 2712 4542 ἐν
2758 4492 2829 4559 vi
2883 4487 2994 4558 θείᾳ
3037 4454 3322 4565 ἱερουργίᾳ,
3389 4454 3466 4551 ἐξ⁸
3502 4485 3680 4545 ὕδατος
3733 4478 3817 4534 καί

481 4576 542 4631 te
564 4577 623 4631 et
646 4571 897 4649 praecise
920 4568 1291 4632 mentionem
1314 4568 1512 4632 fecere
1527 4571 1589 4621 62
1614 4593 1627 4630 :
1654 4596 1681 4627 α
1707 4572 1784 4635 Ut
1807 4572 1867 4634 in
1900 4576 2100 4636 sancti:

2207 4575 2358 4635 οἴνου
2401 4576 2464 4632 τὸ
2493 4576 2631 4654 ἱερὸν
2662 4576 2918 4653 ποτήριον
2961 4572 3283 4631 ἐπιδεδώκασι
3320 4593 3336 4611 '
3384 4580 3473 4633 καὶ
3509 4580 3555 4632 οἱ
3593 4575 3645 4630 έν
3689 4580 3816 4645 Καρ·-

480 4658 634 4721 nihil
666 4658 996 4739 plus-quam
1020 4676 1239 4739 corpus
1279 4668 1339 4721 et
1359 4660 1605 4737 sanguis
1639 4660 1878 4724 Domini
1900 4664 2100 4726 offera-

2205 4666 2435 4745 θαγέννῃ
2521 4663 2872 4743 συναχθέντες
2945 4663 3083 4720 ὅσιοι
3156 4664 3385 4743 Πιτέρες
3474 4666 3608 4722 οὕτω
3662 4659 3817 4739 ῥῃτνῦς

480 4754 675 4831 tur,ut
690 4746 820 4829 ipse
834 4746 1130 4810 Dominus
1146 4748 1531 4818 tradidit.hoc
1546 4751 1830 4829 est,panis
1851 4751 2100 4814 etvinun

2207 4754 2643 4831 ἐπεμνήσθησαν,
2702 4752 2795 4809 ’ίνα
2851 4754 2906 4808 ὲν
2951 4765 3069 4815 τοῖς
3114 4752 3287 4830 ἁγίοις
3339 4752 3506 4826 μηδὲν
3557 4750 3710 4809 πλέον
3736 4750 3817 4801 τοῦ

479 4855 636 4919 aqua
657 4835 925 4899 mistum.
953 4838 1014 4901 Si
1033 4836 1171 4918 quis
1196 4855 1337 4917 ergo
1361 4839 1678 4919 episcopus
1700 4840 1790 4903 vel
1816 4842 2100 4923 presbyte:

2209 4845 2456 4919 σώματος
2500 4844 2587 4899 καὶ
2631 4844 2724 4898 τοῦ
2768 4842 3000 4906 αἵματος
3031 4850 3126 4898 τοῦ
3181 4844 3369 4921 Κυρίου
3406 4842 3550 4908 ξένον
3580 4854 3814 4915 προσενε-

481 4932 603 4988 non
627 4925 960 4989 secundum
987 4925 1271 4989 traditum
1299 4926 1373 4988 ab
1408 4927 1694 5008 apostolis
1733 4928 2005 4991 ordinem
2039 4932 2094 4992 fa

2208 4934 2391 5013 χθείη,
2423 4935 2497 4997 ὡς
2528 4933 2615 4988 καὶ
2647 4932 2805 4995 αὐτὸς
2836 4932 2863 4987 ὀ
2919 4932 3107 5009 Κύριος
3160 4930 3522 5011 παραδέδωκε,
3566 4925 3817 4987 τουτέστιν

481 5014 586 5091 cit,
623 5023 683 5077 et
702 5033 916 5096 aquam
942 5016 1078 5077 vino
1129 5016 1413 5092 miscens,
1439 5016 1526 5077 sic
1557 5017 2000 5080 immaculatum
2031 5022 2100 5085 ot"

2212 5009 2250 5043 3;
2378 5009 2388 5013 ’
2488 5024 2502 5044 ς
2582 5020 2606 5041 ν
2755 5020 2813 5039 μοι
3190 5020 3199 5037 σ
3242 5009 3246 5010 ⁷
3377 5021 3423 5043 ,ν
3508 5009 3516 5011 '
3601 5017 3625 5039 ν
3774 5009 3784 5029 ι

2211 5046 2370 5102 αρτου
2418 5045 2506 5080 και
2550 5044 2700 5081 οινου
2754 5036 2900 5076 υοατι
2960 5042 3319 5098 μεμιγμενου.
3357 5029 3419 5077 Ει
3452 5043 3529 5083 τις
3570 5042 3652 5076 ουν
3706 5013 3814 5068 ἐπι·

484 5104 602 5165 fert
629 5103 1386 5184 sacriftcium,deponatur,
1420 5115 1483 5167 ut
1522 5105 1875 5186 imperfecte
1906 5118 2100 5190 myste

2210 5134 2414 5177 σκοπος
2455 5113 2492 5179 ἢ
2550 5109 2923 5191 πρεσϐύτερος,
2989 5111 3068 5185 μὴ
3117 5111 3255 5167 κατὰ
3294 5110 3395 5177 τὴν
3455 5105 3814 5187 παραδοθεῖσαν

486 5193 647 5255 rium
676 5198 1086 5269 enuntians,et
1115 5210 1249 5274 quae
1278 5194 1497 5257 tradita
1525 5205 1664 5257 sunt
1693 5196 2009 5264 innovans.
2034 5224 2062 5257 n

2212 5203 2316 5261 ὐπὸ
2345 5208 2451 5259 τῶν
2482 5199 2796 5258 ἀποστόλων
2838 5199 2987 5265 τάξιν
3030 5212 3202 5272 ποιεῖ,
3250 5200 3338 5255 καὶ
3386 5196 3520 5278 ὕδωρ
3566 5196 3688 5265 οἴνῳ
3726 5210 3810 5278 μιῇ

486 5281 817 5428 γνὺς,δοὲτυξ
840 5283 940 5349 τὴν
982 5281 1253 5361 ἄχραντον
1297 5286 1531 5364 προσάγε
1563 5287 1767 5367 θυσίαν,
1792 5290 2158 5368 καθαιρείσθω·
2211 5294 2284 5357 ὡς
2317 5290 2518 5355 ἀτελῶς
2551 5292 2613 5347 τὸ
2663 5289 2952 5368 μυστηρίον
2985 5285 3342 5367 ἐξαγγέλλων,
3392 5274 3733 5355 καῖ’καινίζωι
3760 5274 3816 5331 τὰ

486 5394 629 5428 παρα
662 5393 682 5428 ε
720 5393 908 5428 ομενα.

486 5393 908 5450 παραοεοομενα,

569 5574 632 5626 42
660 5572 887 5643 Concil.
922 5575 1117 5643 Carth.
1153 5595 1238 5653 In,
1272 5595 1410 5659 cap.
1442 5575 1540 5642 24.
