4148 6198
351 333 462 404 601

1125 342 1544 408 SYNTAGMA
1586 295 1987 412 CANONUM.
2033 375 2099 394 -
2141 345 2301 414 TlT.
2349 347 2457 428 Ill,
2499 303 2666 414 CAP.
2717 349 2791 423 v,
2825 345 2961 413 VII.

3500 291 3502 295 ’
3615 337 3732 407 602

428 473 536 545 νζ¹.
590 474 719 534 ⁹Ὀτι
763 475 824 532 οὔ
883 474 995 556 χρὴ
1039 477 1092 534 ἂν
1143 490 1262 544 τοῖς
1303 478 1700 560 θυσιαστηρίοις
1746 479 1870 557 μέλι
1919 482 1992 537 κα’

2172 483 2270 544 57.
2330 481 2499 555 Quod
2549 479 2621 544 ad
2685 481 2870 545 altare
2929 479 3046 543 mel
3080 487 3138 542 vt
3180 478 3272 541 lac
3331 477 3549 540 diferre
3605 487 3731 538 non

363 563 498 644 γάλα
529 563 939 643 προσφέρεσθαι,

429 652 540 720 νη’.
579 653 788 722 Μηδεὶς
819 657 926 711 τῶν
969 653 1024 711 ἐν
1054 655 1271 724 λα’ἱκοῖς
1312 659 1654 738 τεταγμένων
1683 660 1854 735 ἑαυτῷ
1895 662 2002 721 τῶν

353 746 508 802 θείων
567 747 871 824 μυστηρίων
941 743 1290 828 μεταδιδότω,
1365 750 1627 828 παρόντος
1684 750 1999 826 ἐπισκόπου,

345 834 383 903 ἢ
434 831 810 913 πρεσϐυτέρου,
857 833 892 902 ἢ
938 831 1200 894 διακόνου.
1238 827 1293 894 ’0
1338 837 1392 893 δέ
1434 860 1484 894 τι
1527 839 1734 895 τοιοῦτο
1762 838 1999 920 τολμῶν,

343 925 422 987 ὡς
455 923 596 1000 παρὰ
646 925 709 980 τὸ
751 921 1165 1002 διατεταγμένον
1207 931 1402 1002 ποιῶν,
1437 926 1523 984 ἐπὶ
1571 925 1834 1005 ἑϐδομάδα
1877 930 2003 1005 μίαν

353 1011 706 1088 ἀφιιριζέσθω,
753 1012 986 1071 ἐντεῦθεν
1048 1012 1579 1097 παιδαγωγούμενος,
1638 1023 1716 1094 μῆ
1788 1032 2002 1098 φρονεῖν

348 1099 480 1178 παρ’
509 1101 538 1156 ’ὃ
581 1100 666 1158 δεῖ
700 1114 933 1179 φρονεῖν.

427 1188 533 1268 ρα’,
589 1191 758 1268 Σῶμα
791 1199 1021 1270 Χριστοῦ
1063 1191 1156 1250 καί
1191 1195 1318 1250 ναὸν
1350 1195 1440 1251 τὸν
1494 1196 1614 1254 κατ’
1646 1197 1825 1254 εἰκόνα
1870 1203 2002 1255 Θεοῦ

341 1283 629 1336 κτισθέντα
689 1281 992 1359 ἄνθρωπον,
1030 1286 1057 1339 ὁ
1114 1287 1257 1349 θεῖος
1289 1285 1616 1352 Ἀπόστολος
1673 1286 1999 1366 μεγαλοφώ-

341 1391 448 1433 νως
491 1369 787 1432 ἀποκαλεῖ.
869 1373 1055 1440 Πάσης
1101 1376 1190 1430 οὖν
1239 1376 1500 1442 αἰσθητῆς
1569 1377 1792 1441 κτίσεως
1833 1379 1997 1456 ὅπερ·

339 1460 610 1535 κείμενος,
658 1461 686 1516 ὑ
741 1467 818 1534 τῷ
863 1463 1112 1539 σωτηρίῳ
1166 1463 1320 1520 πάθει
1369 1471 1462 1521 τοῦ
1518 1467 1759 1545 οὗρανίου
1817 1468 2000 1546 τυχὼν

2089 579 2345 634 onortet.

2171 588 2345 634 ortet.

2129 588 2268 724 p58.
2300 662 2490 726 Nemo
2521 679 2754 740 eorum,
2785 661 2886 742 qui
2917 667 3056 725 sunt
3085 660 3146 723 in
3177 659 3388 721 ordine
3411 656 3726 730 laicorum,

2088 748 2287 812 divina
2317 751 2429 814 sibi
2468 752 2748 832 mysteria
2777 751 3084 833 impertiat
3129 757 3422 830 praesente
3452 748 3732 828 episcopo

2087 840 2182 902 vel
2225 840 2573 921 presbytero
2615 842 2707 904 vel
2740 841 3018 905 diacono.
3053 840 3164 914 Qui
3194 846 3392 902 autem
3443 837 3559 900 tale
3589 833 3733 917 quid

2085 946 2265 991 ausus
2293 930 2494 1006 fuerit,
2528 938 2591 991 ut
2621 939 2838 1012 praeter
2869 949 2938 992 ea
2967 949 3097 1011 quae
3125 936 3266 991 sunt
3293 925 3614 990 constituta
3646 924 3732 986 fa-

2087 1016 2274 1098 ciens,
2311 1037 2432 1080 una
2458 1019 2789 1100 septima-na
2817 1026 3166 1100 segregetur
3193 1038 3209 1094 ;
3238 1025 3296 1080 et
3321 1035 3388 1080 ex
3413 1035 3484 1078 eo
3510 1015 3733 1076 docea-

2088 1114 2185 1168 tur
2214 1126 2336 1168 non
2365 1108 2623 1190 amplius
2653 1129 2888 1192 sapere,
2927 1128 3101 1191 quam
3133 1122 3345 1189 sapere
3375 1112 3630 1186 oportet.

2167 1196 2306 1259 lOl.
2354 1199 2584 1278 Corpus
2613 1191 2836 1263 Christi
2870 1209 2929 1262 et
2969 1197 3286 1278 templum,
3316 1197 3616 1257 hominem
3661 1191 3736 1256 ad

2084 1284 2410 1365 imaginem
2446 1288 2550 1350 Dei
2604 1298 2896 1364 creatum,
2933 1287 3168 1351 divinus
3201 1304 3411 1363 magna
3453 1301 3598 1345 voce
3621 1300 3733 1362 ap-

2086 1375 2268 1455 pellat
2313 1375 2656 1459 Apostolus.
2688 1377 2940 1442 Omnem
2992 1396 3133 1456 ergo
3166 1373 3518 1438 sensibilem
3563 1389 3734 1433 crea-

2087 1473 2276 1526 turam
2310 1484 2627 1548 superans,
2653 1468 2704 1529 is
2733 1469 2834 1550 qui
2859 1468 3103 1531 salutari
3130 1465 3407 1547 passione
3427 1461 3734 1526 ccelestem

338 1546 677 1624 ἆξιώματος,
736 1548 916 1606 ισόίων
976 1553 1063 1608 καί
1131 1553 1292 1608 πίνων
1350 1555 1600 1633 Χριστὸν,
1660 1557 1792 1634 πρὸς
1865 1555 1992 1626 ζωὴ,

2100 1553 2448 1632 dignitatem
2481 1564 2576 1620 est
2606 1546 2942 1632 assecutus,
2967 1546 3239 1620 Christus
3269 1554 3482 1616 bibens
3506 1550 3596 1613 vel
3627 1569 3734 1612 co-
3821 1605 3828 1607 _

338 1637 435 1694 διὰ
495 1639 692 1701 παντὸς
782 1640 1168 1716 μεθαρμόζεται
1237 1643 1337 1710 τὴν
1407 1642 1601 1718 ἀίδιον,
1657 1645 1840 1725 ψυχὴν
1912 1653 2008 1710 καὶ

337 1727 502 1801 σῶμα
575 1732 645 1802 τῇ
717 1729 920 1804 μετοκῇ
976 1735 1076 1796 τῆς
1139 1733 1280 1794 θείας
1339 1732 1692 1810 ἀγιαζόμινος
1753 1734 2002 1814 χάριτοςο

2095 1643 2346 1706 medens
2380 1653 2618 1709 aeterna:
2649 1647 2778 1708 vita;
2808 1646 3142 1727 adaptatam
3197 1643 3456 1706 animam
3488 1648 3547 1702 et
3593 1656 3734 1702 cor-

2090 1750 2201 1811 pus
2261 1732 2476 1796 divinae
2529 1736 2736 1816 gratiie
2797 1736 3251 1817 participatione
3319 1729 3732 1794 sanctificans.

337 1816 482 1873 ὥστε
508 1814 563 1871 εἴ
607 1838 688 1878 τις
717 1823 814 1872 τοῦ
871 1817 1143 1896 ἆχράντου
1194 1821 1448 1887 σώματος
1488 1837 1789 1902 μετασχεῖν
1821 1823 1874 1880 ιν
1926 1831 1992 1898 τῷ

377 1910 405 1921 ..
622 1903 665 1922 ην
834 1907 862 1922 η
931 1906 950 1922 ς
1006 1911 1029 1922 ,.
1072 1909 1083 1922 ,
1321 1917 1348 1922 _
1517 1912 1528 1922 .
1592 1912 1612 1922 ..
1766 1913 1778 1922 .
1915 1914 1927 1922 .
1976 1915 1986 1922 .

2100 1820 2286 1894 Quare
2310 1824 2362 1884 si
2395 1814 2926 1907 quisﬁimmaculati
2957 1814 3227 1906 corporis
3256 1824 3313 1884 in
3337 1819 3572 1922 sinaxis
3593 1825 3738 1922 tem:

337 1910 442 1972 τῆς
508 1903 773 1971 συνάξεως
831 1906 1120 1982 βουληθείη
1185 1917 1381 1988 καιρῷ,
1445 1912 1533 1968 καὶ
1592 1912 1646 1969 ἓν
1692 1913 1824 1990 πρὸς
1877 1914 1992 1970 αὒτέ

2100 1929 2236 1991 pore
2261 1930 2394 1975 esse
2412 1903 2728 1996 particeps
2767 1915 3038 1990 voluerit,
3064 1903 3196 1975 MO
3226 1919 3286 1975 et
3314 1911 3531 1973 atl‘erre
3553 1924 3620 1969 se
3661 1904 3734 1967 ad

337 1997 411 2070 τῇ
467 1997 718 2070 μετοῦσίᾳ
775 1995 1043 2072 γενέσθαι,
1100 1997 1196 2062 τὰς
1270 2012 1467 2078 χεῖρας
1527 2001 1882 2080 σχηματίζων
1932 2003 2006 2068 εἰς

337 2085 504 2141 τύπον
548 2091 797 2163 σταυροῦ,
834 2083 973 2141 οὕτω
1023 2087 1260 2163 προσίτω
1305 2089 1390 2144 καί
1450 2087 1692 2169 δεχέσθω
1721 2089 1819 2158 τήν
1877 2114 2005 2148 κοι-

336 2173 527 2228 νωνίαν
584 2177 684 2239 τῆς
744 2174 990 2252 χάριτος,
1050 2177 1183 2240 Τοὺς
1241 2178 1338 2255 γὰρ
1385 2178 1444 2234 ἰκ
1506 2180 1773 2258 χρυσοῦἢ
1830 2179 2004 2248 ἄλλης

334 2260 497 2340 ὕλης,
530 2261 646 2318 ἀντὶ
694 2265 901 2342 χειρὸς,
949 2266 1066 2320 τινὰ
1097 2263 1298 2345 δόχεῖα
1345 2269 1836 2340 κατασκευάζοντας
1869 2273 2000 2350 πρὸς

335 2354 438 2419 τὴν
482 2350 574 2407 τοῦ
633 2354 771 2408 θείου
828 2351 995 2432 δώρου
1052 2353 1353 2435 ὑποδοχὴν,
1414 2362 1508 2413 καῖ
1570 2355 1638 2413 δι’
1688 2359 1862 2414 αὐτῶν
1897 2362 1999 2427 τῆς

335 2441 610 2521 ἄχραντου
692 2443 971 2507 κοινωνίας
1064 2443 1430 2524 ἀξιουμένους,
1499 2444 1740 2522 οὐδαμῶς
1826 2470 1999 2527 προσ-

341 2529 550 2597 ιέμεθα⁹
583 2531 654 2596 ὡς
712 2533 1087 2606 προτιμῶντας
1159 2540 1261 2602 τῆς
1321 2538 1416 2592 τοῦ
1445 2542 1575 2592 Θεοῦ
1632 2535 1860 2611 εἰκόνος,
1894 2538 1996 2605 την

340 2618 558 2699 ἔψυχον
589 2617 724 2687 ὓλην
749 2623 838 2677 καὶ
866 2623 1203 2702 ὑποχείριον.
1238 2627 1293 2682 Ei
1323 2625 1377 2680 δέ
1407 2646 1486 2691 τις
1521 2624 1635 2699 ἀλῷ
1667 2633 1765 2694 τῆς
1789 2627 2000 2708 ἄχραν-

337 2729 435 2764 του
480 2709 759 2773 κοινωνίας
792 2710 1102 2786 μεταδιδοὺς
1148 2726 1266 2779 τοῖς
1317 2722 1537 2771 κοιαῦτα
1569 2712 1764 2795 δοχεῖα
1824 2739 1997 2794 προσ-

338 2797 610 2878 φέρουσιν,
678 2799 1007 2880 ἀφοριζέσθω
1074 2803 1160 2859 καὶ
1219 2803 1375 2869 αυτὸς
1433 2804 1530 2861 καί
1580 2807 1608 2861 ὁ
1664 2805 1827 2862 ταῦτα
1872 2807 1994 2863 ἐπι-

337 2887 658 2966 φερόμενος.

422 2982 677 3040 ΚΕΦΑΛ.
732 2977 818 3038 Ε¹.
857 3011 931 3023 —
966 2981 1086 3045 Πῶς
1141 2979 1340 3039 διδόασι
1373 2983 1590 3061 εἰρήνην
1621 2984 1667 3040 οἱ
1714 2982 1991 3062 κληρικοί,

701 3069 929 3127 Συνόδου
974 3071 1286 3140 Λαοδικείας
1331 3076 1505 3132 κανὼν
1539 3074 1632 3133 ιϐ’.

421 3162 511 3226 ιθ’,
562 3164 685 3241 Περὶ
729 3171 823 3222 τοῦ
867 3163 980 3222 δεῖν
1037 3165 1138 3240 ἰδίᾳ
1191 3173 1426 3248 πρῶτον,
1459 3169 1596 3244 μετὰ
1644 3169 1736 3234 τας
1777 3169 1992 3244 ὁμιλίας

333 3258 446 3309 τῶν
476 3252 809 3328 ἐπισκόπων,
845 3276 896 3315 κ.
930 3277 983 3319 τ,
1015 3254 1069 3318 λ.

418 3347 671 3405 ΚΕΦΑΛ,
704 3333 811 3417 g".
867 3378 947 3388 —
978 3347 1100 3423 Περὶ
1156 3349 1261 3404 τῶν
1293 3345 1706 3426 διακρινομένων
1759 3361 1990 3406 κοιννεῖν

334 3430 452 3488 ἀπὸ
483 3429 835 3512 πρεσϐυτέρου
866 3437 1258 3512 γεγαμηκότος.

727 3527 954 3584 Συνόδου
1001 3535 1251 3608 Γαγγρῶν
1297 3538 1472 3588 κανῶν
1515 3531 1586 3594 δ’.

415 3617 484 3696 δ’,
542 3619 611 3678 Εἴ
651 3642 732 3683 τις
765 3619 1084 3699 διακρίνοιτο
1126 3625 1269 3700 παρὰ
1321 3623 1669 3704 πρεσϐυτέρου
1724 3649 1977 3706 γεγαμη-

339 3709 521 3788 κότος,
554 3713 632 3784 μη
689 3713 891 3790 χρῆναι
951 3709 1436 3790 λειτουργήσαντος
1469 3717 1626 3773 αὐτοῦ
1679 3725 1979 3798 προσφορᾶς

337 3797 792 3878 μεταλαμϐάνειν,
825 3799 1063 3871 ἆναθεμα
1107 3801 1266 3862 ἔστω.

419 3892 669 3946 ΚΕΦΑΛ.
718 3892 802 3949 Ζ¹.
863 3921 939 3933 -
996 3893 1119 3968 Περὶ
1169 3899 1255 3948 τοῦ
1301 3893 1486 3967 μόνοις
1525 3909 1640 3961 τοῖς
1698 3898 1989 3972 ἱερατικοῖς

337 3974 534 4040 ἐξεῖναι
603 3989 880 4035 κοινωνεῖν
950 3978 1003 4035 ἰν
1070 3987 1148 4054 τῷ
1227 3985 1623 4062 θυσιαστηρίω“,
1699 3988 1785 4043 καὶ
1865 3983 1990 4066 περῖ

333 4073 426 4122 τοῦ
455 4065 536 4140 μη
569 4067 785 4122 εἰσιέναι
832 4081 1062 4144 γυναῖκα
1098 4071 1171 4133 εἰς
1201 4072 1262 4125 τὸ
1293 4074 1692 4150 θυσιαστήριον.

618 4155 848 4214 Συνόδου
892 4159 1207 4226 Λαοδικείας
1251 4165 1428 4220 κανὼν
1475 4164 1566 4240 ιϐ’,
1601 4164 1711 4239 μδ’,

416 4249 506 4312 ιϐ’.
571 4252 696 4327 Περὶ
744 4253 839 4308 τοῦ
864 4249 978 4308 δεῖν
1039 4251 1138 4326 ἰδίᾳ
1195 4258 1428 4333 πρῶτον,
1462 4259 1598 4333 μετὰ
1626 4259 1719 4323 τὰς
1772 4261 1988 4338 ὁμιλίας

331 4340 440 4395 τῶν
484 4339 814 4401 ἐπισκόπων.
851 4362 904 4403 κ,
939 4363 992 4404 τ.
1040 4340 1097 4403 λ.

412 4425 526 4502 μδ’.
573 4428 698 4487 ’Ὅτι
744 4431 803 4485 οὐ
852 4427 936 4486 δεῖ
962 4434 1222 4509 γυναῖκας
1256 4433 1310 4492 ἐν
1342 4440 1418 4508 τῷ
1466 4439 1822 4516 θυσιαστηρίῳ
1866 4443 1980 4498 εἰσ-

331 4517 609 4598 ἄρχεσθαι.

519 4611 744 4669 Συνόδοτ
776 4613 1150 4688 οἰκουμενικῆς
1183 4616 1346 4684 ἕκτης
1377 4619 1553 4676 κανὼν
1583 4610 1679 4694 ξθ’,
1702 4613 1785 4694 ,ο’.

409 4701 509 4768 ξθ’.
555 4705 642 4771 Μὴ
692 4705 887 4771 ἐξέστω
928 4707 1036 4762 τινΐ
1089 4715 1193 4765 τῶν
1257 4711 1475 4767 ἆπάτων
1523 4713 1579 4768 ἐν
1623 4693 1841 4782 λαίκοῖς
1893 4740 1988 4774 τε·

326 4789 529 4864 λοῦντι,
585 4791 728 4850 ἔνδον
784 4796 923 4870 ἱεροῦ
989 4796 1205 4854 εἰσιέναι
1265 4803 1655 4879 θυσιαστηρίου’
1723 4804 1986 4880 μηδαμῶς

325 4881 417 4937 ἐπὶ
467 4888 621 4938 τοῦτο
653 4883 746 4950 τῆς
790 4883 1076 4960 βασιλικῆς
1129 4889 1439 4966 εἰργομένης
1489 4890 1723 4958 ἐξουσίας
1755 4898 1842 4952 καὶ
1886 4898 1985 4953 αὒ-

325 4971 556 5063 θεντίας,
606 4973 785 5063 ἡνιγα,
841 4971 886 5027 δ’
945 4972 1007 5029 ἂν
1053 4975 1338 5051 βουληθείη
1411 4978 1551 5059 δῶρα
1609 4983 1866 5063 προσάξαι
1909 5008 1984 5061 τῳ

326 5057 620 5133 πλάσαντι,
655 5062 790 5118 κατά
834 5083 953 5119 τινα
983 5063 1352 5143 ἀρχαιοτάτην
1382 5057 1694 5146 παράδοσιν.

404 5145 477 5210 θ’.
510 5149 596 5214 Μὴ
627 5148 822 5214 ἐξέστω
849 5163 972 5214 ταῖς
1011 5152 1246 5228 γυναιξὶν
1277 5155 1332 5211 ἐν
1363 5145 1532 5235 καιρῷ
1561 5166 1657 5229 τῆς
1687 5164 1828 5227 θείας
1860 5163 1978 5220 λει-

320 5237 577 5316 τουργίας
636 5236 848 5312 λαλεῖν,
884 5238 1023 5296 ἀλλὰ
1080 5244 1214 5299 κατὰ
1268 5246 1366 5312 τὴν
1418 5249 1601 5326 φωνὴν
1631 5251 1838 5308 Παύλου
1886 5261 1977 5311 τοῦ

321 5325 626 5383 ἀποστόλου
679 5327 1023 5406 Σιγάτωσαν.
1071 5333 1143 5389 Οὐ
1201 5334 1300 5412 γὰρ
1343 5325 1720 5415 ἒπιτέτραπται
1779 5340 1974 5406 αὐταῖς

319 5414 536 5490 λαλεῖν,
570 5413 1145 5508 ἆλλῖθποτάττεσθαι,
1180 5424 1352 5486 καθὼς
1397 5425 1489 5480 καί
1524 5413 1552 5482 δ
1596 5427 1758 5502 νόμος
1803 5427 1970 5508 λέγειν

319 5506 461 5581 Πρὸς
518 5505 612 5600 τὸν
683 5503 842 5600 ἄνδρα
915 5529 1009 5564 σου
1078 5511 1200 5600 γὰρ,
1261 5514 1443 5590 φησὶν,
1515 5514 1551 5582 ἡ
1623 5503 1974 5600 ἀποστροφή..

2001 4599 2048 4652 D

2090 2003 2605 2080 communionem,
2633 2023 2848 2067 manus
2869 2005 2929 2066 in
2961 2004 3159 2066 crucis
3186 2003 3439 2064 formam
3474 1999 3737 2077 ﬁgurans

2089 2095 2174 2150 sic
2203 2093 2473 2169 accedat,
2502 2101 2562 2155 et
2591 2093 2796 2173 gratiae
2814 2096 3302 2157 communionem
3336 2083 3736 2173 accipiat.Eos

2089 2178 2250 2240 enim
2282 2181 2384 2261 qui
2416 2200 2484 2243 ex
2526 2172 2696 2263 auro,
2733 2183 2823 2245 vel
2873 2203 2942 2245 ex
2974 2183 3089 2245 alia
3139 2179 3388 2243 materia
3418 2193 3550 2259 qua
3597 2172 3732 2234 loco

2087 2286 2300 2330 manus
2321 2271 2701 2352 receptacula
2725 2273 2990 2335 efﬁciunt
3012 2273 3084 2335 ad
3103 2269 3291 2333 divini
3314 2264 3582 2330 muneris
3604 2279 3733 2364 aus-

2085 2358 2451 2437 captionem,
2478 2367 2537 2421 et
2567 2379 2674 2441 per
2721 2362 2851 2441 ipsa
2879 2361 3317 2423 immaculatam
3357 2358 3734 2451 communio-

2085 2463 2222 2507 nem
2255 2448 2580 2529 recipiunt,
2614 2450 2863 2514 minime
2892 2450 3285 2523 admittimus,
3310 2454 3369 2510 et
3396 2444 3500 2524 qui
3529 2443 3729 2504 inani-

2085 2543 2298 2596 matam
2333 2537 2789 2619 subjectamque
2821 2540 3130 2603 materiam
3173 2538 3279 2600 Dei
3310 2532 3551 2612 imagini
3584 2547 3732 2612 prae-

2083 2625 2371 2721 i‘erant.Si
2399 2629 2530 2709 quis
2553 2637 2752 2721 autem
2785 2630 3198 2721 deprehensus
3226 2626 3406 2721 inierit
3432 2624 3729 2721 immacu:

2083 2713 2259 2775 latam
2291 2718 2786 2780 communionem
2815 2709 2891 2781 iis
2920 2715 3400 2801 impertiens,qui
3433 2709 3729 2810 ejusmodi

2081 2804 2463 2884 receptacula
2495 2807 2776 2890 alierum,
2811 2819 2869 2873 et
2898 2800 3022 2893 ipse
3052 2816 3422 2888 segregetur,
3457 2811 3515 2864 et
3544 2800 3594 2862 is
3627 2800 3728 2880 qui

2076 2894 2250 2955 aﬂ‘ert
2267 2942 2282 2959 .

2157 2986 2326 3050 CAP.
2341 2988 2808 3064 V.—Quomodo
2830 2991 3043 3054 clerici
3073 2995 3128 3053 et
3159 2987 3309 3051 laici
3325 2999 3537 3067 pacem
3555 2981 3722 3044 dent.

2406 3082 2667 3146 Concilii
2694 3083 3032 3146 Laodiceni
3074 3098 3272 3146 canon
3302 3079 3399 3141 19.

2163 3170 2258 3234 19.
2292 3170 2586 3254 Oportere
2615 3194 2884 3239 seorsum
2929 3177 3210 3258 primum,
3246 3178 3378 3255 post
3407 3169 3722 3253 episcopo-

2075 3277 2206 3321 rum
2246 3280 2578 3339 sermones,
2617 3276 2760 3347 etc.,
2791 3276 2856 3329 ut
2879 3285 3026 3348 pag.
3061 3266 3204 3328 587.

2155 3348 2320 3414 CAP.
2347 3351 2448 3418 VI.
2485 3387 2563 3400 --
2591 3354 2681 3418 De
2701 3357 2778 3418 iis
2801 3374 2935 3438 qua;
2965 3356 3392 3436 indifferenter
3415 3369 3453 3414 α
3473 3348 3724 3431 presby-

2073 3445 2204 3502 tero
2225 3443 2552 3522 coniugata
2575 3448 3059 3509 communionem
3081 3461 3205 3506 non
3229 3443 3560 3521 accipiunt.

2393 3534 2661 3601 Consilii
2705 3538 3085 3620 Gangrensis
3113 3553 3310 3600 canon
3340 3538 3400 3594 4.

2144 3625 2205 3688 4.
2228 3625 2293 3688 Si
2326 3629 2459 3707 quis
2489 3630 2564 3691 de
2594 3631 2951 3710 presbytero
2973 3633 3072 3712 qui
3103 3645 3350 3694 uxorem
3374 3623 3714 3699 duxit,con-

2066 3715 2304 3792 tendat,
2339 3735 2458 3779 non
2509 3730 2794 3798 oportere
2824 3739 2896 3783 eo
2954 3738 3124 3781 sacra
3155 3715 3501 3780 celebrante
3547 3712 3720 3774 obla-

2069 3803 2224 3864 tioni
2255 3808 2730 3883 communicare,
2764 3809 2842 3872 sit
2867 3809 3203 3871 anathema.

2156 3892 2325 3958 CAP.
2362 3895 2570 3961 Vll.—
2597 3898 2767 3974 Quod
2786 3900 3028 3961 ordinis
3052 3905 3289 3960 tantum
3319 3890 3723 3957 sacerdotalis

2073 3983 2230 4045 viris
2257 3989 2714 4050 communicare
2744 3988 2930 4051 liceat
2955 3989 3022 4050 in
3053 3987 3266 4061 altari,
3289 3991 3349 4047 et
3378 3980 3540 4062 quod
3572 3978 3722 4042 illuc

2073 4071 2326 4136 mulieri
2351 4077 2597 4156 ingredi
2627 4095 2748 4139 non
2776 4077 2979 4142 liceat.

2311 4169 2581 4233 Concilii
2611 4171 2944 4235 Laodiceni
2971 4187 3229 4235 canones
3265 4169 3360 4244 19,
3392 4167 3492 4231 44.

2163 4265 2255 4323 19.
2292 4259 2588 4344 Oportere
2615 4281 2891 4329 seorsum
2925 4265 3205 4345 primum,
3241 4271 3372 4344 post
3399 4261 3719 4344 episcopo-

2068 4365 2202 4411 rum
2235 4369 2570 4428 sermones,
2599 4362 2741 4426 etc.,
2777 4360 2843 4416 ut
2872 4371 3018 4433 pag.
3051 4355 3193 4416 587.

2143 4439 2248 4503 44.
2303 4440 2474 4513 Quod
2509 4460 2629 4504 non
2660 4451 2898 4524 oportet
2953 4443 3270 4505 mulierem
3303 4441 3378 4503 ad
3409 4439 3593 4502 altare
3620 4438 3721 4501 in-

2062 4528 2255 4605 gredi.

2197 4622 2464 4684 Concilii
2491 4627 2853 4687 mmmenici
2886 4627 3045 4688 sexti
3073 4641 3332 4688 canones
3362 4623 3463 4696 69,
3500 4620 3596 4683 70.

2153 4713 2254 4776 69.
2284 4713 2446 4776 Nulli
2477 4717 2746 4777 omnium
2780 4717 2981 4791 liccat,
3017 4719 3119 4794 qui
3151 4715 3392 4796 quidem
3423 4711 3580 4773 sitin
3604 4709 3716 4771 lai-

2070 4823 2279 4867 corum
2316 4826 2594 4889 numero,
2635 4810 2761 4869 Ml
2801 4813 2959 4870 intra
2987 4817 3154 4888 septa
3203 4806 3356 4868 sacri
3386 4803 3588 4865 altaris
3616 4801 3716 4863 in-

2067 4895 2258 4973 gredi,
2284 4915 2658 4977 nequaquam
2689 4907 2885 4959 tamen
2909 4898 2983 4959 ab
3007 4916 3079 4958 eo
3103 4895 3403 4976 prohibita
3427 4899 3720 4973 potestate

2068 4993 2126 5045 et
2173 4987 2530 5048 auctoritate
2561 4987 2887 5066 imperiali,
2919 4984 3408 5064 quandoquidem
3463 4977 3720 5041 voluerit

2066 5073 2333 5137 Creatori
2368 5077 2523 5136 dona
2554 5077 2793 5152 oll'erre,
2831 5095 2901 5138 ex
2925 5073 3346 5155 antiquissima
3371 5070 3714 5133 traditione.

2142 5164 2348 5228 70.Ne
2371 5164 2554 5226 liceat
2585 5165 2945 5227 mulieribus
2971 5164 3031 5225 in
3064 5163 3248 5225 divini
3271 5159 3549 5223 sacriﬁcii
3573 5169 3716 5222 tem-

2061 5271 2208 5333 pore
2239 5255 2427 5333 loqui,
2450 5254 2555 5315 sed
2590 5265 2653 5315 ut
2674 5273 2781 5316 vox
2814 5264 2907 5317 eat
2934 5253 3185 5335 apostoli
3219 5252 3410 5325 Pauli,
3435 5249 3670 5315 Sileaat
3692 5273 3717 5323 ,-

2060 5360 2198 5404 nom
2221 5350 2386 5404 enim
2417 5343 2509 5404 eia
2527 5342 2694 5424 loqui
2714 5350 3076 5424 permissum
3100 5349 3208 5411 est.
3236 5341 3338 5403 sed
3356 5337 3600 5419 subjici,
3621 5345 3714 5401 si-

2060 5438 2165 5493 cut
2192 5431 2358 5493 diarit
2381 5430 2478 5494 lea:
2499 5433 2582 5495 4³.
2606 5432 2674 5495 Si
2703 5433 2852 5514 quid
2876 5442 3076 5496 autem
3105 5436 3316 5494 volunt
3337 5428 3714 5507 discere,d0-

2059 5520 2146 5583 mi
2171 5523 2461 5601 proprios
2485 5531 2746 5586 maritos
2773 5524 3150 5603 interrogent
3178 5523 3259 5578 ιι.

319 5613 438 5668 σου,
474 5594 563 5650 καὶ
607 5595 762 5660 αὑτός
794 5617 887 5653 σου
922 5599 1208 5675 κυριεύσει.
1242 5601 1312 5659 Εἴ
1349 5624 1403 5658 τι
1435 5602 1488 5660 δὲ
1518 5609 1712 5680 μαθεῖν
1757 5607 2020 5688 θέλουσιν,
2067 5608 2122 5670 ἐν
2154 5608 2296 5687 οἴκῳ
2339 5613 2461 5682 τοὺς
2492 5612 2644 5679 ἰδίους
2687 5610 2874 5694 ἄνδρας
2907 5610 3346 5696 ἐπερωτάτωσαν,

401 5698 465 5752 45
492 5696 642 5764 Gen.
676 5715 762 5781 ιιι,
799 5699 896 5764 16.
985 5703 1047 5755 Η
1077 5705 1099 5768 l
1131 5703 1266 5772 Cor.
1303 5723 1420 5788 xtv,
1457 5709 1560 5788 34,
1593 5710 1694 5783 35.
