4148 6198
322 390 444 461 605
481 358 489 368 ’

1032 391 1454 459 SYNTAGMA
1472 388 1893 459 :CANONUM.
1945 422 1972 433 -

2067 387 2221 455 TIT.
2268 388 2374 472 III,
2422 362 2585 456 CAP.
2636 393 2803 474 vm,
2848 392 2984 458 xu.

3572 388 3691 463 606
3730 402 3741 407 “

412 539 667 591 ΚΕΦΑΛ.
726 526 837 595 IA’,
898 559 965 575 --
1018 530 1140 608 Περῖ
1186 529 1293 587 τῶν
1336 527 1625 607 διαγόιτων
1682 527 1735 585 ἐν
1780 523 1954 598 πόλει,

2124 521 2291 586 CAP.
2325 522 2511 586 XL—
2547 526 2635 589 De
2663 529 3030 609 iis,quicum
3068 530 3133 591 in
3167 526 3311 591 urbe
3339 535 3685 608 versentur,

322 623 416 681 καὶ
460 622 547 679 ἐπὶ
577 634 722 701 τρεῖς
753 617 1049 694 ἑϐδομάδας
1079 620 1159 694 μὴ
1187 619 1609 682 κοινωνούντων,

712 709 943 768 Συνόδου
983 706 1247 788 Σαρδικῆς
1279 709 1456 766 κανὼν
1485 707 1582 768 ια’.

408 800 504 862 ια’.
566 800 755 865 δοσιος
805 799 1095 865 ἐπίσκοπος
1155 802 1279 856 εἷπε
1312 814 1326 829 ’
1381 800 1478 857 Καὶ
1509 805 1663 855 τοῦτο
1693 794 1747 853 δὲ
1795 794 1966 874 ὁρίσαι

324 891 634 973 ὀφείλομεν,
685 890 779 948 ἵνα
840 892 865 947 ὃ
918 889 1207 953 ἐπίσκοπος
1253 887 1377 944 ὅταν
1432 886 1483 953 ἐξ
1515 887 1697 965 ἐτέρας
1755 883 1966 946 πόλεως

328 981 694 1059 παραγένηται
726 981 799 1044 εἰς
832 978 1015 1059 ἑτέραν
1059 978 1240 1057 πόλιν,
1287 977 1323 1045 ἢ
1357 977 1462 1035 ἀπὸ
1490 978 1669 1056 ἑτέρας
1701 974 1965 1055 ἐπαρχίας

326 1075 403 1138 είς
473 1070 658 1148 ἑτέραν
726 1068 991 1149 ἐπαρχίαν
1048 1068 1261 1144 κόμπου
1314 1068 1498 1147 χάριν,
1550 1066 1836 1145 ἐγκωμίοις
1882 1067 1963 1120 οἱ-

324 1162 490 1224 κείοις
539 1160 989 1237 ὑπηρετοόμενος,
1038 1159 1074 1225 ἢ
1131 1158 1415 1235 θρησκείας
1472 1156 1815 1229 καθοσιώσει,
1873 1155 1968 1211 καί

324 1250 548 1310 πλείονα
590 1251 788 1329 χρόνον
827 1245 1070 1324 βούλοιτο
1099 1244 1331 1323 διάγειν,
1369 1246 1460 1302 καὶ
1504 1245 1582 1319 μὴ
1626 1247 1653 1301 ὁ
1722 1250 1813 1311 τῆς
1859 1247 1966 1299 πό-

323 1340 464 1406 λεως
510 1338 717 1404 ἐκείνης
780 1338 1072 1399 ἐπίσκοπος
1134 1333 1453 1411 ἔμπειροςῇ
1493 1332 1854 1405 διδασκαλίας,
1888 1332 1965 1407 μὴ

323 1435 637 1508 καταφρονῇ
692 1427 916 1503 ἐκείνου,
963 1427 1052 1484 καὶ
1109 1424 1491 1505 συνεχέστερον
1534 1423 1721 1501 ὁμιλῇ,
1769 1444 1962 1480 καται-

325 1521 550 1601 σχύνειν
604 1520 694 1577 καὶ
746 1514 1128 1588 κατεδτελίζειν
1185 1518 1246 1571 τὸ
1290 1516 1578 1593 πρόσωπον
1641 1520 1730 1571 τοῦ
1785 1512 1963 1569 αὐτόθι

321 1600 622 1668 ἐπισκόπου
666 1605 997 1677 σπουδάζων.
1056 1602 1200 1671 Αὕτη
1272 1605 1372 1683 γὰρ
1413 1605 1449 1672 ἡ
1496 1603 1758 1682 πρόφασις
1804 1600 1963 1658 εἴωθε

320 1699 598 1778 ταράχους
628 1696 886 1776 παρέχείν
917 1710 932 1725 ⁰
981 1697 1070 1752 καὶ
1100 1693 1163 1751 ἐκ
1211 1699 1311 1760 τῆς
1356 1694 1608 1761 τοιαύτης
1645 1693 1965 1770 πανουργίας

322 1790 426 1856 τὴν
477 1785 761 1859 ἀλλοτρίαν
801 1781 1054 1860 καθέδραν
1110 1784 1284 1859 ἑαυτῷ
1336 1783 1826 1861 προμνηστεύεσθαι
1870 1780 1965 1837 καί

2045 617 2247 676 tamen
2274 630 2387 695 per
2420 621 2541 677 tres
2571 616 2970 679 hebdomadas
2999 635 3119 680 non
3153 622 3630 684 communicant.

2350 710 2611 773 Concilti
2638 711 3031 775 Sardicensis
3059 731 3258 776 canon
3299 716 3391 777 Η.

2131 800 2451 865 11.Ηοείυε
2470 801 2789 883 episcopus
2813 804 2961 865 dixit
2988 823 3001 867 :
3029 803 3153 867 Hoc
3175 824 3413 887 quoque
3436 807 3690 871 deﬁnire

2052 887 2365 971 debemus;
2394 900 2454 953 ut
2484 893 2725 973 quando
2753 895 3067 975 episcopus
3098 914 3166 957 ex
3213 895 3325 957 alia
3356 897 3595 959 civitate
3624 896 3687 959 in

2049 980 2223 1042 aliam
2248 980 2675 1055 civitatem,vel
2700 1001 2770 1044 ex
2793 984 2908 1045 alia
2929 984 3233 1064 provincia
3256 986 3317 1046 in
3341 986 3518 1047 aliam
3546 1004 3689 1066 pro-

2050 1068 2302 1130 vinciam
2330 1071 3029 1152 accesserit,jactatiunis
3054 1076 3245 1154 gratia
3273 1075 3529 1155 propriis
3555 1076 3690 1136 lan-

2050 1156 2227 1220 dibus
2251 1158 2518 1221 serviens
2539 1169 2639 1222 aut
2657 1162 2966 1239 religionis
2985 1174 3252 1238 causa,et
3276 1164 3415 1225 velit
3436 1164 3689 1243 longiori

2050 1255 2319 1327 tempore
2344 1248 2473 1309 illic
2497 1268 2676 1328 agere
2702 1272 2717 1327 ;
2745 1251 2907 1313 illius
2938 1259 3139 1315 autem
3174 1254 3431 1315 civitatis
3460 1254 3689 1331 episco-

2049 1355 2161 1416 pus
2190 1337 2480 1399 doctrinaa
2513 1357 2629 1399 non
2664 1338 2840 1401 fuerit
2868 1342 3142 1421 peritus:
3193 1361 3268 1405 ne
3302 1343 3466 1403 illum
3492 1342 3691 1423 despi-

2046 1426 2253 1506 ciat,et
2273 1427 2644 1508 frequentius
2676 1429 3092 1504 concionetur,
3122 1432 3371 1493 studens
3396 1432 3692 1494 dedecore

2046 1515 2282 1577 afﬁcere
2307 1525 2365 1577 et
2388 1517 2764 1598 vilipendere
2790 1538 3107 1599 personam
3129 1521 3399 1601 episcopi
3425 1521 3695 1599 I44(hic

2050 1605 2209 1666 enirn
2234 1616 2554 1684 praetextas
2576 1608 3367 1686 soletturbasexcitare).nec
3388 1610 3690 1689 ejusmodi

2050 1694 2373 1756 calliditate
2388 1696 2643 1758 alienam
2660 1700 2866 1760 sedem
2881 1698 2995 1760 sibi
3020 1699 3351 1761 conciliare
3368 1709 3427 1761 et
3440 1699 3698 1761 attrahe-

2051 1800 2118 1845 re
2141 1783 2950 1859 studeat,nondubitanssibi
2973 1788 3249 1849 traditam
3274 1789 3586 1851 ecclesiam
3604 1807 3693 1851 re-

324 1898 613 1954 παρασπαν
660 1872 961 1947 σπουδάζει,
1024 1874 1100 1949 μὴ
1143 1871 1400 1944 διστάζων
1442 1873 1543 1940 τὴν
1591 1873 1733 1945 αὐτῷ
1789 1891 1968 1948 παραε-

2067 1873 2422 1970 |_inqu_ere,_et
2443 1875 2505 1936 in
2532 1876 2709 1970 aliam
2742 1877 3119 1970 transire.Ad
3146 1879 3260 1940 hoc
3285 1897 3427 1957 ergo
3460 1887 3697 1958 tempus

324 1965 577 2024 δοθεῖσαν
639 1964 928 2031 ἐκκλησίαν
998 1960 1446 2037 καταλιμπάνειν,
1512 1963 1598 2017 καὶ
1658 1962 1730 2026 εἰς
1788 1959 1971 2036 ἑτέραν

327 2056 695 2131 μεθίστασθαι.
771 2044 1038 2131 Ὀριστέον
1116 2053 1291 2108 τοίνυν
1375 2051 1461 2107 ἐπὶ
1520 2051 1691 2124 τούτῳ
1762 2050 1968 2129 χρόνῳ,

327 2143 515 2211 ἐπειδὴ
544 2144 632 2199 καὶ
661 2143 722 2198 τὸ
751 2142 830 2218 μὴ
856 2139 1212 2220 ὑποδέχεσθαι
1281 2141 1594 2213 ἐπίσιιοπον,
1632 2146 1738 2196 τῶν
1793 2141 1972 2195 ἀπαν-

325 2232 551 2311 θρώπων
608 2232 698 2288 καὶ
740 2237 940 2288 σκαιῶν
997 2230 1144 2287 εἶναι
1191 2230 1525 2303 νενόμισται.
1590 2228 1871 2304 Μέμνησθε
1916 2226 1971 2284 δὲ

326 2323 385 2379 ἐν
431 2326 508 2395 τῷ
550 2321 839 2399 προάγοντι
885 2319 1069 2399 χρόνῳ
1111 2318 1233 2383 τοὺς
1289 2318 1526 2389 Πατέρας
1584 2320 1738 2394 ἡμῶν
1784 2339 1969 2394 κεκρι-

326 2411 503 2484 κέναι,
550 2409 644 2466 ἵνα
687 2408 743 2466 εἴ
783 2431 870 2475 τις
914 2408 1106 2473 λαῒκὸς
1152 2408 1207 2464 ἐν
1239 2408 1393 2465 πόλει
1437 2407 1635 2485 διάγων
1678 2420 1824 2487 τρεῖς
1860 2417 1969 2466 Κυ-

331 2502 516 2580 ριακας
558 2498 787 2578 ἡμέρας,
836 2498 890 2554 ἐν
941 2498 1110 2576 τρισὶν
1169 2495 1449 2573 ἑϐδομάσι,
1509 2498 1587 2572 μὴ
1619 2498 1966 2577 συοέρχοιτο,

327 2590 646 2648 ἆποκινοττο
687 2592 787 2657 τῆς
838 2587 1137 2653 κοινωνίας,
1177 2588 1237 2644 Ei
1294 2588 1464 2644 τοίνυν
1504 2587 1627 2666 περὶ
1672 2593 1778 2643 τῶν
1834 2586 1969 2642 λαϊ-

324 2687 439 2737 κῶν
494 2686 650 2736 τοῦτο
705 2676 1072 2752 τεθέσπισται,
1134 2676 1195 2732 οὗ
1266 2676 1378 2755 χρὴ
1450 2672 1567 2733 οὐδὲ
1611 2676 1800 2753 πρέπει
1846 2674 1967 2733 ἀλλ’

329 2768 450 2829 οὐδὲ
504 2767 761 2850 συμφέρει
846 2766 1161 2841 ἐπίσκοπον,
1221 2767 1264 2821 εἰ
1333 2764 1599 2841 μηδεμίαν
1677 2766 1968 2846 βαρυτέραν

325 2858 570 2936 ἀνάγκην
632 2857 780 2936 ἔχοι,
840 2855 876 2924 ἢ
932 2862 1155 2934 πρᾶγμα
1224 2851 1510 2936 δυσχερὲς,
1554 2855 1646 2912 ἐπὶ
1707 2855 1970 2913 πλεῖστοι

325 2946 709 3005 ἄπολείπεσθαι
788 2945 883 3013 τῆς
970 2946 1158 3002 ἑαυτοῦ
1244 2943 1559 3025 ἐκκλησίας,
1630 2945 1719 3002 καὶ
1778 2944 1970 3003 λυπεῖν

2058 1962 2468 2027 deliniendam
2494 1966 2758 2030 est.Nam
2783 1966 3139 2047 episcopum
3165 1986 3285 2029 non
3309 1967 3702 2048 recipi,inhu-

2058 2071 2298 2116 manum
2323 2065 2383 2117 et
2407 2055 2646 2119 incivile
2669 2058 3073 2119 existimatum
3119 2065 3232 2118 est.
3270 2055 3698 2121 Recordemiui

2055 2153 2489 2225 autem,patres
2515 2148 2827 2208 nostrosin
2853 2154 3129 2226 tempore
3153 2148 3454 2225 praeterito
3469 2145 3699 2225 judica-

2054 2232 2235 2307 visse,
2267 2234 2394 2295 utsi
2417 2235 2553 2316 quis
2576 2235 2767 2297 laicus
2791 2236 2851 2297 in
2870 2236 3071 2315 aliqua
3090 2235 3240 2299 urbe
3261 2254 3466 2315 agens,
3502 2234 3697 2296 tribus

2055 2320 2267 2383 diebus
2279 2323 2599 2385 dominicis
2622 2325 2683 2385 in
2709 2325 2901 2386 tribus
2924 2316 3403 2386 hebdomadibus
3425 2343 3542 2384 non
3556 2341 3697 2384 con-

2050 2413 2271 2484 veniat,
2306 2413 2357 2473 is
2380 2414 2811 2475 communione
2841 2421 3167 2477 moveatur.
3206 2412 3268 2475 Si
3303 2415 3418 2474 hoc
3447 2430 3591 2488 ergo
3622 2412 3698 2473 de

2050 2498 2220 2562 laicis
2239 2509 2520 2564 statutum
2560 2513 2806 2577 est,uon
2830 2513 3090 2584 oportet,
3116 2522 3227 2564 nec
3255 2501 3556 2576 convenit,
3589 2501 3696 2561 sed

2051 2607 2251 2669 neque
2276 2599 2366 2653 est
2386 2592 2533 2655 utile
2555 2592 2990 2673 episcopum,si
3018 2592 3241 2654 nullam
3267 2592 3447 2653 habet
3465 2591 3700 2670 gravio-

2049 2695 2178 2739 rem
2212 2683 2663 2755 necessitatem,
2696 2683 2790 2744 vel
2822 2682 3131 2761 negotium
3160 2681 3492 2751 difﬁcilius,
3526 2698 3560 2740 a
3591 2696 3699 2741 sua

2054 2767 2309 2831 ecclesia
2330 2770 2552 2832 diutius
2582 2771 2818 2845 abesse,
2846 2784 2907 2833 et
2939 2770 3054 2832 sibi
3087 2770 3474 2831 commissum
3510 2787 3699 2849 popu-

2053 2856 2174 2918 lum
2208 2860 2594 2923 contristare.
2627 2859 2852 2923 Omnes
2882 2859 3151 2939 episcopi
3200 2859 3510 2931 dixerunt,
3542 2857 3699 2919 hanc

2052 2964 2292 3027 quoque
2323 2949 2684 3011 sententiam
2716 2968 2852 3012 esse
2882 2947 3537 3010 convenientissimam.

321 3040 418 3095 τὸν
464 3034 958 3110 ἐμπεπιστευμένον
1002 3036 1145 3108 αὒτῷ
1202 3032 1354 3095 λαόν.
1408 3034 1679 3101 ’θἈπαντες
1732 3039 1779 3094 οἱ
1838 3036 2123 3096 ἐπισκοποι
2168 3035 2417 3112 εἴρηκαν·
2484 3042 2583 3099 Καὶ
2628 3042 2826 3108 ταύτην
2863 3040 2963 3108 τὴν
3019 3041 3247 3117 γνώμην
3296 3034 3494 3115 σφόδρα
3549 3035 3695 3091 εἶναι

324 3124 777 3207 πρεπωδεστάτην
825 3127 884 3199 ὁρ
897 3125 1118 3199 ιζόμεθα
1131 3169 1146 3184 .

573 3212 804 3271 Συνόδου
835 3216 1209 3288 οἷκουμενικῆς
1237 3213 1399 3281 ἕγτης
1428 3215 1606 3271 κανὼν
1638 3214 1698 3272 π’
1712 3263 1727 3279 .

411 3308 494 3373 π’.
536 3308 607 3367 Εἴ
636 3331 715 3369 τις
750 3309 1064 3386 ἐπίσκοπος,
1115 3309 1151 3377 ἢ
1197 3306 1569 3386 πρεσϐύτερος,
1621 3308 1658 3377 ἢ
1702 3308 1970 3381 διάκονος,

335 3399 369 3468 ἢ
426 3401 531 3458 τῶν
574 3398 629 3454 ἐν
670 3396 858 3474 κλήρῳ
909 3396 1378 3476 καταλεγομένων,
1444 3397 1479 3465 ἢ
1523 3396 1741 3473 λα’ίκὸς,
1774 3400 1819 3455 εἰ
1860 3421 1975 3473 μη·-

335 3486 521 3565 δεμίαν
564 3488 800 3566 ἀνάγκην
846 3486 1133 3566 βαρυτέραν
1201 3487 1345 3566 ἔχει,
1402 3486 1438 3554 ἢ
1502 3493 1724 3564 πρᾶγμα
1770 3486 1977 3568 δυσχε-

337 3578 448 3658 ρὲς,
507 3577 647 3635 ὥστε
719 3575 814 3633 ἐπὶ
869 3574 1132 3632 πλεῖστον
1188 3576 1568 3633 ἀπολείπεσθαι
1644 3582 1746 3643 τῆς
1817 3579 1975 3634 αὐτοῦ

337 3665 692 3737 Ἐκκλησιας,
752 3663 875 3721 ἀλλ’
935 3663 992 3720 ἐν
1046 3664 1200 3722 πόλει
1264 3663 1462 3743 διοίγων
1524 3677 1672 3742 τρεῖς
1706 3668 1974 3744 Κυριακὰς

334 3756 565 3833 ἡμέρας,
628 3755 683 3811 ἐν
717 3755 887 3832 τρισὶν
946 3751 1223 3830 ἑϐδομάσι,
1270 3756 1348 3830 μὴ
1402 3755 1741 3835 συνέρχοιτο,
1776 3758 1820 3811 εἰ
1877 3756 1977 3830 μὲν

334 3845 594 3921 κληρικὸς
624 3843 746 3917 εἴη,
781 3844 1131 3921 καθαιρείσθω
1165 3860 1179 3875 ·
1212 3846 1254 3900 εί
1287 3842 1342 3901 δὲ
1374 3849 1594 3919 λα’ίκος,
1627 3844 1978 3902 ἆποκινείσθω

335 3938 436 4002 τῆς
481 3934 787 3996 κοινωνίας.

420 4029 672 4086 ΚΕΦΑΛ.
706 4012 817 4081 ΙΒ’.
879 4055 958 4068 -—
1021 4023 1144 4099 Περὶ
1171 4028 1281 4080 τῶν
1324 4024 1629 4079 ἀκουόντων
1669 4029 1775 4081 τῶν
1835 4028 1974 4100 Γρα-

334 4114 471 4193 φῶν,
560 4114 655 4170 καί
737 4113 1269 4192 προσκαρτερούντων
1328 4118 1396 4189 τῇ
1462 4111 1740 4185 τελευταίᾳ
1809 4115 1974 4193 εὐχῇ,

333 4201 433 4259 καί
474 4200 1026 4278 μεταλαμϐανόντων.

774 4294 1120 4353 Ἀποστόλων
1145 4297 1319 4353 κανὼν
1345 4297 1433 4369 η’,
1465 4287 1537 4356 θ’.

416 4378 497 4457 η’.
529 4388 597 4447 Εἴ
640 4411 721 4452 τις
754 4388 1071 4464 ἐπίσκοπος,
1104 4388 1141 4458 ἢ
1171 4389 1552 4468 πρεσϐύτερος,
1586 4390 1622 4459 ἢ
1653 4390 1917 4466 διάκονος,
1946 4390 1982 4459 ἢ

333 4479 397 4536 ἐκ
439 4485 532 4537 τοῦ
585 4477 888 4556 καταλόγου
956 4484 1039 4535 τοῦ
1114 4480 1407 4557 ἱερατικοῦ,
1467 4487 1772 4559 προσφορᾶς
1821 4502 1979 4559 γενο-

2322 3218 2589 3282 Concilis'
2618 3218 2968 3283 wcumenici
3002 3234 3054 3279 vt
3085 3233 3288 3280 canon
3317 3216 3419 3279 80.

2138 3314 2238 3376 80.
2271 3312 2332 3375 Si
2364 3313 2498 3393 quis
2528 3314 2868 3393 episcopus,
2925 3311 3014 3373 vel
3063 3309 3404 3391 presbyter,
3439 3307 3530 3369 vel
3561 3308 3696 3369 dia—

2060 3419 2270 3482 conus,
2304 3403 2395 3463 vel
2427 3420 2634 3463 eorum
2676 3404 2778 3477 qui
2831 3402 2893 3461 in
2925 3401 3089 3462 clero
3118 3407 3573 3472 enumerantur,
3605 3398 3696 3459 vel

2061 3490 2252 3551 laicus
2284 3492 2504 3553 nullam
2539 3491 2873 3570 graviorem
2909 3488 3089 3551 habet
3121 3488 3568 3560 necessitatem,
3602 3486 3699 3549 vel

2062 3579 2367 3657 negotium
2399 3579 2671 3660 difﬁcile,
2714 3588 2775 3639 ut
2804 3597 2838 3639 a
2867 3597 2974 3639 sua
3008 3577 3266 3638 ecclesia
3296 3576 3450 3636 absit
3480 3576 3699 3635 diutis-

2058 3668 2209 3729 sime
2245 3685 2259 3730 :
2293 3669 2399 3729 sed
2434 3669 2493 3728 in
2522 3669 2756 3730 civitate
2781 3685 2987 3745 agens,
3025 3664 3217 3727 tribus
3250 3663 3466 3725 diebus
3491 3662 3699 3724 Domi-

2058 3757 2214 3819 nicis
2241 3759 2302 3818 in
2334 3756 2525 3818 tribus
2587 3756 2941 3837 septimanis
2974 3772 3090 3814 una
3122 3771 3240 3814 non
3273 3751 3614 3824 conveniat,
3651 3751 3701 3811 si

2060 3846 2406 3927 sitquidem
2468 3847 2753 3920 clericus,
2788 3846 3124 3925 deponatur
3163 3862 3174 3903 :
3213 3842 3264 3902 si
3316 3860 3453 3903 vero
3486 3839 3700 3916 laicus,

2062 3949 2434 4013 segregetur.

2140 4024 2310 4087 CAP.
2344 4023 2478 4088 XII.
2511 4059 2591 4071 —
2620 4024 2710 4087 De
2740 4025 2832 4103 iis
2861 4028 2971 4102 qui
2991 4021 3205 4083 audita
3235 4020 3701 4099 Scripturarum

2062 4114 2339 4185 lectione,
2374 4132 2566 4195 usque
2617 4115 2702 4176 ad
2729 4122 3035 4175 extremos
3066 4127 3276 4190 preces
3305 4125 3421 4171 non
3447 4125 3700 4188 perma-

2065 4210 2236 4278 nent,
2266 4221 2465 4284 neque
2492 4205 2967 4267 communicant.

2429 4300 2870 4380 Apostolorum
2901 4310 3159 4358 canones
3186 4293 3245 4365 8,
3280 4289 3341 4352 9.

2146 4394 2275 4458 8.Si
2307 4393 2443 4475 quis
2475 4385 3267 4474 episcopus,presbyter,vel
3298 4384 3707 4475 diaconus,vel

2067 4502 2137 4545 ex
2168 4474 2525 4547 sacerdotali
2557 4483 2851 4561 catalogo,
2890 4478 3026 4540 145
3050 4477 3200 4538 facta
3245 4474 3547 4536 oblatione
3587 4492 3705 4535 non

335 4568 508 4643 μένης
568 4569 646 4642 μὴ
704 4566 1024 4647 μεταλάϐοι,
1071 4567 1172 4635 την
1216 4568 1385 4625 αἰτίαν
1445 4569 1647 4625 εἰπάτω
1686 4586 1698 4600 ⁸
1746 4574 1835 4627 καὶ
1891 4569 1972 4626 ἐὰν

2067 4572 2623 4647 communicaverit,
2660 4588 2899 4633 causam
2933 4568 3092 4628 dicat
3127 4585 3141 4627 :
3201 4573 3262 4625 et
3292 4564 3342 4627 si
3376 4561 3705 4640 probabilis

333 4658 373 4734 ᾗ
402 4656 648 4736 εὔλογος,
698 4658 1025 4736 συγγνώμης
1071 4656 1390 4737 τυγχανέτω
1425 4674 1439 4690 ⁸
1493 4660 1537 4714 εί
1581 4657 1635 4715 δὲ
1676 4660 1754 4731 μὴ
1814 4658 1980 4737 λέγει,

338 4747 690 4826 ἅφοριζέσθω,
751 4750 825 4810 ὡς
871 4744 1050 4811 αἴτιος
1106 4744 1310 4822 βλάϐης
1392 4747 1679 4825 γενόμενος
1726 4753 1804 4822 τῷ
1844 4748 1982 4829 λαῷ,

336 4836 427 4893 καὶ
487 4837 741 4893 ὑπόνοιαν
798 4836 1101 4910 ἐμποιήσας
1161 4836 1295 4893 κατά
1349 4836 1443 4893 τοῦ
1502 4839 1979 4916 προσενεγκόντος,

337 4928 414 4988 ὡς
444 4926 522 4998 μὴ
552 4925 716 5002 ὑγιῶς
747 4924 1152 5003 ἀνενέγκαντος.

420 5005 491 5074 θ’.
534 5020 744 5080 Πάντας
795 5016 916 5077 τοὺς
950 5015 1210 5078 εἰσιόντας
1242 5017 1462 5081 πιστοὺς
1495 5018 1592 5074 γαί
1624 5021 1729 5073 τῶν
1763 5021 1982 5095 Γραρὼν

337 5104 656 5176 ἀκούοντας,
692 5106 769 5179 μὴ
814 5104 1222 5182 παραμένοντας
1254 5103 1305 5160 δὲ
1358 5113 1427 5181 τῇ
1476 5107 1754 5186 προσευχῆ
1787 5108 1873 5163 καὶ
1917 5111 1986 5181 τῇ

337 5194 466 5271 ἁγία
525 5192 854 5268 μεταλήψει,
915 5194 989 5257 ὡς
1056 5192 1269 5259 ἀταξίαν
1329 5195 1685 5270 ἐμποιοῦντας
1731 5201 1799 5271 τῇ
1856 5194 1984 5252 Ἐκ-

338 5281 564 5361 κλησία,
597 5281 931 5362 ἀφορίζεσθαι

691 5373 918 5433 Συνόδου
960 5374 1293 5456 Ἀντιοχείας
1336 5381 1510 5436 κανὼν
1553 5378 1629 5456 β’.

423 5459 500 5548 β’.
536 5470 749 5539 Πάντας
781 5470 903 5534 τοὺς
947 5469 1212 5535 εἰσιόντας
1270 5473 1345 5536 εἰς
1398 5473 1498 5541 τὴν
1541 5470 1834 5539 ἐκκλησίαν
1892 5481 1984 5530 τοὺ

339 5567 498 5640 Θεοῦ,
557 5561 648 5616 καὶ
689 5560 798 5616 τῶν
858 5561 1013 5638 ἱερῶν
1077 5565 1298 5638 Γραφῶν
1354 5563 1669 5637 ἀκούοντας,
1728 5560 1807 5638 μὴ
1863 5583 1985 5618 κοι-

419 5736 483 5792 48
502 5734 591 5800 De
621 5754 864 5819 consec.
891 5737 1035 5809 dist.
1067 5738 1124 5817 l,
1161 5757 1294 5822 cap.
1329 5737 1552 5824 Omnes
1579 5738 1812 5824 ﬁdeles.

2066 4662 2511 4735 fuerit,veniam
2546 4668 2992 4741 consequatur:
3048 4655 3141 4715 sin
3176 4671 3314 4713 vero
3349 4651 3571 4741 minus,
3607 4668 3708 4712 se-

2067 4761 2368 4832 gregetur,
2420 4761 2482 4813 ut
2532 4753 2637 4833 qui
2670 4739 2888 4829 populo
2921 4741 3273 4807 offensionis
3304 4758 3481 4833 causa
3506 4739 3707 4833 _sit,‘_et

2067 4827 2471 4923 suspicionem
2526 4827 2763 4901 dederit
2792 4838 3079 4923 adversus
3130 4847 3266 4890 eum
3319 4828 3423 4907 qui
3464 4827 3701 4903 obtulit,

2070 4940 2348 5008 tanquam
2384 4950 2501 4992 non
2533 4931 2713 5007 digne
2745 4922 3049 4990 obtulerit.

2146 5000 2567 5099 9:Quicunque
2593 5000 2802 5079 ﬁdeles
2833 5009 3248 5090 ingrediuntur
3265 5004 3417 5077 *ᾔει
3442 5000 3705 5085 Scriptu-

2066 5128 2166 5171 ras
2194 5110 2472 5183 audiunt,
2505 5110 2564 5170 in
2617 5104 2962 5187 precatione
3014 5106 3215 5187 autem
3246 5107 3310 5187 et
3338 5112 3704 5187 saetacum-

2070 5200 2358 5262 munione
2390 5218 2508 5260 non
2541 5182 2918 5277 permanent,
2957 5198 3018 5251 ut
3074 5182 3367 5251 Ecclesiae
3398 5183 3704 5245 confusio-

2066 5305 2203 5349 nem
2238 5287 2580 5358 aﬁ'erentes,
2616 5281 2916 5359 segregari
2942 5283 3203 5359 oportet.

2406 5375 2663 5441 Concilii
2692 5371 3056 5437 Antiochem‘
3085 5383 3280 5430 canon
3312 5370 3371 5427 2.

2146 5471 2439 5536 2.0mnes
2469 5468 2574 5552 qui
2597 5468 2661 5530 in
2693 5465 3012 5530 ecclesiam
3044 5458 3488 5552 ingrediuntur,
3516 5466 3576 5521 et
3606 5475 3707 5520 sa-

2067 5581 2200 5628 cras
2229 5550 2574 5645 Scriptoras
2604 5557 2882 5632 audiunt,
2908 5550 3163 5617 orationi
3198 5557 3396 5612 autem
3430 5566 3562 5611 cum
3592 5566 3707 5633 po-
