4148 6198
547 333 664 406 607

1724 327 1988 396 PHOTlI
2030 324 2546 418 immunem
2587 325 2704 389 cp.

3749 333 3851 404 608

543 477 685 558 pulo
716 496 839 541 non
869 469 1335 550 communicant,
1369 469 1457 532 vel
1517 475 1806 558 sanctam
1844 464 2136 558 Eu-cbaris

2231 460 2551 558 ,νωνοῦντας
2597 458 2884 558 δὲιεῦχῆς
2945 457 3056 558 αἷμα
3099 467 3178 538 τῷ
3230 458 3434 539 λαῷ,ἢ
3481 463 3855 548 ἀποστρεφομέ-

543 555 643 630 tiae
671 566 1180 649 participationem
1214 568 1458 645 propter
1485 559 1744 649 aliquam
1791 555 2172 649 insolentiam

543 646 915 731 aversantur,
949 673 1053 718 eos
1100 653 1174 716 ab
1223 651 1480 714 ecclesia
1509 647 1754 731 expelli,
1792 646 1983 710 donec
2016 650 2175 726 post-

541 765 719 827 quam
774 744 1038 808 confessi
1095 742 1338 816 fuerint,
1398 741 1745 820 fructusque
1809 733 2174 827 paenitentiae

539 823 938 910 ostenderint,
1003 842 1062 896 et
1120 830 1593 914 imploraverint,
1640 827 1876 890 veniam
1937 823 2176 904 assequi

537 925 788 1004 possint.
853 923 986 987 Non
1043 925 1230 987 licere
1278 929 1478 985 autem
1542 915 1991 1004 communicare
2034 930 2171 975 cum

536 1001 1093 1094 excommunicatis,
1119 1029 1318 1089 neque
1348 1012 1408 1072 in
1439 1007 1712 1072 domibus
1743 1001 2172 1094 convenientes

536 1121 708 1165 orare
745 1123 851 1184 pro
883 1105 954 1165 iis
985 1093 1086 1184 qui
1133 1102 1196 1164 in
1227 1099 1488 1163 ecclesia
1517 1117 1637 1160 non
1668 1093 2116 1184 communicant
2153 1111 2167 1151 :

533 1181 824 1274 nequevin
857 1194 974 1256 alia
1004 1181 1259 1254 ecclesia
1303 1208 1423 1251 non
1473 1186 1860 1274 conveniunt.
1986 1199 2164 1274 quem

532 1270 733 1345 autem
766 1302 836 1345 ex
871 1281 1170 1363 episcopis
1199 1281 1286 1342 vel
1321 1277 1707 1360 presbyteris,
1743 1273 1837 1363 vel
1869 1270 2164 1363 diaconis,

532 1373 620 1433 vel
652 1361 929 1452 quemvis
980 1390 1054 1434 ex
1083 1361 1330 1434 canone
1388 1361 1943 1436 excommunicatis,
1993 1378 2164 1422 com-

527 1461 836 1524 municare
865 1460 1236 1543 apparuerit,
1291 1476 1426 1520 eum
1462 1473 1695 1536 quoque
1726 1469 1863 1543 esse
1915 1467 2163 1543 escom-

526 1540 919 1628 municatum,
949 1540 1019 1613 ut
1075 1549 1178 1631 qui
1236 1564 1532 1611 canonem
1586 1542 1871 1608 Ecclesiae
1903 1540 2160 1603 confun-

525 1639 648 1702 dat.

603 1729 772 1794 CAP.
822 1729 981 1794 XIII.
1023 1764 1091 1776 —
1154 1729 1359 1791 Utrum
1401 1724 1763 1790 daemoniaci
1814 1720 2159 1786 communi-

521 1825 682 1894 cent,
714 1837 924 1883 necne.

872 1913 1300 1996 Apostolorum
1335 1929 1531 1976 canon
1557 1910 1638 1973 '79
1666 1910 1813 1988 I78].

572 2003 651 2067 79
668 2004 875 2084 [78].Si
891 2007 1372 2086 quisdaemonem
1387 1996 2155 2081 habeat,etc.,utpag.503.

535 2121 537 2124 ·
721 2099 858 2159 M6
889 2099 1185 2163 Timothei
1214 2097 1634 2161 Alexandrini
1659 2112 1857 2159 canon
1891 2093 1950 2155 3.

598 2189 1024 2272 Interrogatio.
1059 2199 1116 2254 3.
1151 2191 1212 2256 Si
1245 2193 1400 2272 quis,
1433 2209 1568 2253 cum
1621 2189 1696 2250 sit
1728 2186 1946 2266 ﬁdelis,
1971 2184 2151 2247 adte-

520 2295 697 2341 mone
727 2281 1112 2363 corripiatur,
1143 2280 1403 2344 debetne
1451 2297 1584 2342 esse
1614 2286 1956 2340 sanctorum
1989 2290 2151 2354 mys-

515 2370 806 2432 teriorum
841 2373 1170 2452 particeps,
1204 2390 1278 2433 an
1312 2375 1482 2432 non?

593 2458 1018 2539 Responsio.Si
1045 2461 1388 2541 mysterium
1409 2477 1528 2521 non
1556 2457 1847 2530 enuntiet,
1883 2473 1995 2518 nec
2028 2453 2150 2515 ullo

512 2545 629 2608 alio
660 2554 838 2610 modo
869 2548 1353 2629 blasphemet,sit
1381 2554 1678 2628 particeps
1707 2567 1721 2608 :
1750 2544 1854 2608 sed
1888 2565 2005 2606 non
2026 2545 2148 2606 sin-

513 2634 668 2712 gulis
699 2637 936 2701 diebus.
971 2639 1203 2702 Sufficit
1245 2637 1431 2714 enim,
1463 2637 1512 2699 si
1564 2635 1732 2698 statis
1760 2634 1953 2696 solum
1988 2641 2144 2696 tem-

510 2724 779 2805 poribus.

587 2815 756 2881 CAP.
785 2817 944 2883 XIV.
981 2854 1050 2865 —
1085 2821 1166 2882 De
1195 2821 1272 2881 iis
1305 2818 1412 2899 qui
1440 2823 1618 2881 extra
1644 2813 1957 2878 ecclesiam
1989 2815 2141 2893 θίγε-

509 2911 660 2967 runt
689 2905 781 2968 vel
806 2916 1279 2987 congregantur.

935 3003 1358 3084 Apostolorum
1385 3020 1580 3066 canon
1620 3001 1720 3064 31.

505 3091 541 3170 ε
560 3093 629 3154 31
646 3092 731 3156 .Si
752 3094 886 3176 quis
907 3097 1218 3178 presbyter
1229 3105 1466 3159 contem
1477 3091 2134 3177 pto,etc.,utpag.583.

826 3192 1088 3254 Concitii
1118 3190 1505 3273 Gangrensis
1521 3207 1720 3253 canon
1748 3189 1807 3251 6.

585 3280 643 3344 6.
679 3280 742 3344 Si
772 3284 906 3363 quis
937 3293 1151 3365 praeter
1179 3284 1496 3348 ecclesiam
1523 3283 1766 3354 habere,
1791 3286 1850 3343 et
1871 3288 2138 3342 contem-

502 3384 652 3431 nens
673 3371 1015 3450 ecclesiam,
1054 3375 1177 3434 vult
1202 3393 1273 3435 ea
1293 3392 1426 3454 quae
1455 3381 1594 3435 sunt
1622 3371 1906 3433 Ecclesiae
1929 3387 2132 3449 agere,

499 3477 620 3521 non
650 3461 1041 3525 conveniente
1071 3463 1416 3545 presbytero
1460 3461 1535 3525 de
1587 3459 1854 3542 episcopi
1884 3469 2132 3522 senten-

497 3548 602 3625 tia,
635 3549 713 3612 sit
740 3553 1078 3616 anathema.

751 3644 1010 3709 Concilii
1038 3646 1402 3709 Antiocheni
1424 3662 1687 3708 canones
1714 3643 1776 3725 2,
1808 3643 1866 3704 5.

573 3739 633 3797 2.
669 3736 892 3802 Omnes
922 3741 1017 3822 qui
1053 3741 1112 3802 in
1147 3738 1462 3802 ecclesiam
1505 3737 1945 3818 ingrediuntur,
1980 3745 2127 3815 etc.,

492 3833 560 3888 ut
588 3845 780 3907 supra
810 3847 953 3910 pag.
989 3830 1132 3895 6l6.

573 3918 630 3980 5.
671 3918 801 3979 M7
834 3918 896 3981 Si
919 3920 1057 3995 quis
1085 3920 1392 4001 presbyter
1420 3918 1510 3980 vel
1553 3916 1843 3978 diaconus
1887 3915 2128 3997 proprio

490 4015 836 4088 contempto
868 4009 1172 4090 episcopo,
1207 4009 1281 4071 ab
1333 4007 1622 4082 Ecclesia,
1655 4015 1799 4088 etc.,
1844 4015 1908 4068 ut
1939 4023 2128 4087 supra

484 4097 793 4175 pag.583.

811 4191 1078 4255 aoncilii
1108 4191 1440 4254 Laudiceni
1467 4207 1663 4254 canon
1696 4190 1798 4253 58.

569 4283 668 4345 58.
713 4282 882 4355 Quod
918 4302 1037 4345 non
1069 4291 1306 4364 oportet
1337 4284 1396 4344 in
1429 4282 1711 4344 domibus
1774 4281 1904 4345 ﬁeri
1949 4282 2122 4345 obla-

486 4368 682 4433 tiones
713 4371 785 4433 ab
813 4371 1114 4453 episcOpis
1145 4373 1238 4434 vel
1271 4373 1656 4454 presbyteris.

659 4465 921 4528 Concilii
949 4471 1310 4529 aecumenict'
1331 4485 1386 4528 vi
1417 4483 1676 4531 canones
1707 4467 1805 4542 3t,
1841 4468 1942 4530 59.

2261 573 2381 615 νους
2437 550 2539 617 τὴν
2599 549 2752 629 ἀγίαν
2825 548 3134 627 μετάληψιν
3187 557 3288 620 τῆς
3355 555 3681 636 εὐχαριστίας
3734 561 3856 617 κατᾶ

2255 662 2375 697 τινα
2419 639 2656 714 ἀταξίαν,
2702 639 2921 704 τούτους
2966 639 3306 712 ἂποϐλήτους
3349 645 3578 722 γίνεσθαι
3632 652 3724 714 τῆς
3771 648 3856 706 ὲκ-

2257 727 2507 806 κλησίας,
2567 729 2669 792 ἕως
2737 729 2800 786 ἂν
2861 728 3414 810 ἐξομολογησάμενοι,
3485 736 3572 791 καὶ
3623 733 3856 802 δείξαντες

2255 820 2487 898 καρποὺς
2576 820 2888 894 μετανοίας,
2962 822 3050 878 καὶ
3129 822 3616 905 παρακαλέσαντες,
3684 841 3855 906 τυχεῖν

2254 906 2516 976 δυνηθῶσι
2561 910 2888 988 συγγνώμης
2923 925 2939 943 ’
2986 909 3065 984 μὴ
3118 909 3315 977 ἐξεῖναι
3365 911 3420 969 δὲ
3457 927 3722 972 κοινωνεῖν
3750 929 3856 982 τοῖς

2251 999 2662 1078 ἀκοινωνήτοις,
2743 995 2882 1074 μηδὲ
2938 1001 3057 1056 κατ’
3125 1000 3312 1066 οἴκους
3369 1001 3699 1068 συιελθόντας
3740 1025 3857 1064 συν-

2252 1087 2502 1167 εύχεσθαι
2550 1101 2670 1152 τοῖς
2723 1089 2802 1164 μὴ
2848 1094 2917 1166 τῇ
2949 1087 3208 1164 ἐκκλησίᾳ
3237 1092 3643 1172 συνευχομένοις
3676 1107 3690 1124 ⁸
3733 1092 3856 1169 μηδὲ

2250 1175 2306 1232 ἐν
2337 1176 2490 1255 ἐτὲρᾳ
2542 1176 2802 1250 ἐκκλησίᾳ
2857 1177 3213 1260 ὑποδέχεσθαι
3244 1181 3366 1245 τοὺς
3395 1185 3454 1238 ἐν
3482 1182 3632 1260 ἑτέρᾳ
3669 1181 3856 1250 ἐκκλη-

2251 1265 2336 1338 σίᾳ
2366 1267 2444 1341 μὴ
2475 1267 2889 1344 συναγομένους.
2926 1269 2982 1326 Εἰ
3038 1267 3092 1324 δὲ
3151 1269 3340 1346 φανείη
3397 1293 3478 1335 τις
3507 1278 3610 1328 τῶν
3651 1271 3858 1329 ἐπισκό-

2249 1377 2364 1411 πων
2422 1356 2458 1425 ἢ
2504 1355 2866 1437 πρεσϐυτέρων
2930 1357 2965 1426 ἢ
3019 1356 3304 1432 διακόνων,
3350 1359 3385 1427 ἦ
3435 1383 3515 1424 τις
3543 1368 3634 1418 τοῦ
3655 1363 3854 1426 κανόνος

2245 1449 2366 1506 τοῖς
2417 1447 2796 1517 ἆκοινωνήτοις
2855 1453 3151 1521 κοινωνῶν,
3182 1450 3272 1506 καὶ
3334 1451 3520 1506 τοῦτον
3578 1450 3856 1518 ἀκοινώνη-

2243 1556 2336 1591 τον
2358 1535 2526 1616 εἶναι,
2559 1537 2633 1600 ὡς
2677 1537 2740 1595 ἄν
2772 1536 3075 1617 συγχέοντα
3107 1539 3200 1594 τὸν
3250 1541 3449 1596 κανόνα
3491 1545 3588 1607 τῆς
3635 1537 3854 1608 Ἐκκλη-

2244 1623 2359 1689 σίας
2372 1668 2384 1682 .

2326 1719 2577 1778 ΚΕΦΑΛ,
2612 1713 2715 1778 [Γ’,
2756 1749 2828 1760 -
2878 1716 3000 1796 Περὶ
3043 1713 3522 1791 δαιμονιζομένων,
3581 1724 3692 1782 πῶς
3746 1740 3854 1775 κοι-

2241 1811 2494 1860 νωνουσιί
2523 1803 2560 1872 ἢ
2591 1805 2673 1863 οὔ.

2706 1899 2766 1956 Ἀ
2775 1898 3053 1956 ποστόλων
3082 1901 3260 1957 κανὼν
3291 1905 3349 1958 οθ
3361 1891 3392 1960 ’.

2317 1987 2417 2050 σθ’.
2444 1988 2573 2047 Ἰ-Σάν
2604 2013 2682 2055 τις
2709 1987 2934 2067 δαίμονα
2963 1991 3099 2072 ἔχῃ,
3132 2015 3186 2051 κ.
3225 2015 3275 2056 τ.
3310 1991 3362 2053 λ.

2537 2093 2792 2168 Τιμοθέου
2837 2091 3235 2172 Ἀλεξανδρείας
3266 2096 3446 2152 κανὼν
3491 2095 3568 2174 γ’.

2317 2175 2635 2260 Ἐρώτησις.
2689 2186 2767 2263 γ’.
2827 2186 2959 2245 Ἐάν
3011 2209 3091 2252 τις
3129 2189 3317 2253 πιστὸς
3363 2189 3430 2258 ἢν
3481 2187 3852 2268 δαιμονίζηται,

2236 2273 2280 2329 εί
2310 2273 2506 2355 ὀφείλει
2535 2273 2966 2352 μεταλαμϐάνειν
2995 2283 3103 2334 τῶν
3145 2277 3312 2357 ἁγίων
3344 2279 3650 2358 μυστηρίων
3693 2278 3800 2347 ﬁcii
3833 2297 3849 2355 ς

2313 2449 2647 2529 Ἀπόκρισις,
2711 2453 2834 2512 Ἐὰν
2919 2454 2998 2530 μὴ
3066 2453 3349 2533 ἐξαγορεύῃ
3430 2457 3496 2512 τὸ
3553 2457 3848 2534 μυστήριον,

2232 2542 2371 2615 μήτε
2428 2541 2605 2606 ἄλλως
2664 2549 2775 2605 πῶς
2833 2543 3158 2623 βλασφημῇ,
3220 2543 3679 2622 μεταλαμϐανέτω
3713 2565 3728 2580 ο
3783 2546 3851 2620 μὴ

2229 2629 2410 2703 μέντοι
2467 2632 2802 2700 καθεκάστην
2837 2648 2849 2662 ·
2916 2632 3073 2712 ἀρκεῖ
3117 2634 3217 2712 γὰρ
3264 2634 3408 2707 αὗτῷ
3473 2635 3610 2691 κατὰ
3667 2644 3848 2714 Κυρια-

2228 2719 2328 2785 κὴν
2359 2721 2542 2794 μόνον.

2310 2815 2558 2867 ΚΕΦΑΛ.
2627 2811 2739 2872 1Δ’.
2811 2843 2889 2856 -
2965 2813 3088 2879 Περὶ
3145 2813 3252 2870 τῦν
3315 2809 3506 2878 ἔξωθεν
3570 2812 3846 2881 ἐκκλησίας

2225 2898 2654 2976 προσφερόντων,
2685 2899 2720 2968 ἢ
2752 2899 3243 2973 ἐκκλησιαζόντων.

2690 2993 3039 3051 Ἀποστόλων
3069 2995 3246 3052 κανὼν
3276 2993 3385 3052 λα’.

2300 3083 2414 3148 λα’.
2451 3086 2518 3144 Εἴ
2547 3109 2628 3152 τις
2659 3085 3014 3164 πρεσϐύτερος
3047 3087 3489 3168 καταφρονήσας,
3525 3113 3580 3154 κ,
3614 3113 3666 3149 τ.
3697 3088 3748 3148 λ.

2616 3179 2842 3241 Συνόδου
2871 3187 3126 3258 Γαγγρῶν
3153 3183 3329 3240 κανὼν
3357 3182 3467 3256 ς’.

2297 3273 2362 3346 ς’
2363 3270 2400 3334 ’.
2448 3271 2516 3330 Εἴ
2544 3295 2625 3337 τις
2656 3275 2798 3353 παρᾶ
2828 3275 2924 3342 τὴν
2955 3273 3279 3343 Ἐκκλησίαν
3323 3273 3427 3350 ἰδίᾳ
3485 3275 3842 3349 ἐκκλησιάζοι,

2217 3361 2312 3418 καὶ
2343 3368 2688 3441 καταφρονῶν
2719 3366 2817 3430 τῆς
2849 3362 3167 3438 ἐκκλησίας,
3225 3371 3332 3421 τῶν
3374 3370 3478 3433 τῆς
3540 3364 3847 3432 Ἐκκλησίας

2217 3448 2387 3506 ἐθέλοι
2444 3473 2494 3507 τι
2549 3453 2825 3532 πράττειν,
2887 3454 2965 3526 μὴ
3024 3454 3273 3520 συνόντος
3319 3453 3680 3533 πρεσϐυτέρου
3727 3455 3848 3511 κατᾶ

2215 3541 2439 3618 γνώμην
2468 3548 2561 3599 τοῦ
2591 3541 2907 3620 ἐπισκόπου,
2942 3543 3177 3619 ἀνάθεμα
3207 3543 3372 3604 ἔστω.

2521 3648 2749 3707 Συνόδου
2781 3648 3120 3732 ’Δντιοχείας
3149 3653 3326 3709 κανὼν
3355 3651 3433 3732 β’,
3463 3653 3536 3716 ε’,

2291 3829 2581 3906 β’.ῐ]έντας
2613 3833 2736 3897 τοὺς
2764 3832 3028 3897 εἰσιόντας
3058 3834 3131 3896 είς
3159 3833 3262 3901 τὴν
3285 3833 3612 3915 ἐκκλησίαν,
3638 3857 3692 3898 κ.
3715 3859 3766 3893 τ.
3791 3833 3841 3899 λ,

2293 3920 2362 3981 ε’.
2398 3921 2465 3980 Εἴ
2494 3943 2575 3984 τις
2605 3920 2982 4002 πρεσϐύτερος,
3017 3923 3053 3989 ἦ
3095 3922 3362 3997 διάκονος,
3415 3926 3840 4004 καταφρονήσας,

2209 4018 2302 4066 ’τοό
2343 4009 2472 4067 ίδίο.»
2521 4010 2842 4091 ἐπισκόπου,
2889 4013 3158 4091 ἀφώρισεν
3210 4012 3396 4070 ἑαυτὸν
3457 4018 3564 4082 τῆς
3617 4013 3841 4080 Ἐκκλη-

2208 4099 2350 4174 σίας,
2381 4122 2436 4161 κ.
2471 4123 2526 4163 τ.
2565 4099 2618 4160 λ.

2569 4191 2795 4250 Συνόδου
2827 4192 3135 4258 Λαοδικείας
3166 4195 3340 4251 κανὼν
3373 4192 3484 4261 νη’.

2289 4285 2397 4353 νη’.
2432 4285 2556 4344 ’Ὅτι
2593 4290 2652 4346 οὐ
2683 4286 2767 4342 δεῖ
2798 4287 2850 4343 ἐν
2883 4299 3001 4348 τοῖς
3034 4288 3213 4352 οἴκοις
3244 4288 3556 4367 προσφορὰς
3613 4291 3841 4367 γίνεσθαι

2207 4377 2350 4450 παρὰ
2381 4375 2679 4432 ἐπισκόπου
2708 4376 2744 4443 ἧ
2773 4374 3152 4454 πρεσϐυτέρου.

2361 4477 2588 4538 Συνόδου
2619 4481 2992 4555 οἱκουμενικῆς
3024 4479 3186 4547 ἕκτης
3217 4483 3394 4538 κανὼν
3428 4481 3541 4554 λα’,
3577 4482 3677 4546 ν¹)’.

562 4559 632 4652 ξι
649 4557 937 4652 ._Clericos
959 4559 1061 4637 qui
1085 4560 1142 4620 in
1166 4559 1894 4652 oratoriis,etc.,atsupra
1910 4560 2143 4652 p.583.‘

2288 4571 2399 4635 λα’.
2448 4573 2579 4636 Τοὺς
2610 4573 2664 4629 ἐν
2695 4586 2811 4634 τοῖς
2844 4573 3142 4652 εὒκτηρίοις
3171 4573 3370 4648 οἴκοις,
3406 4598 3460 4634 κ.
3495 4599 3550 4636 τ.
3587 4589 3642 4637 Α.

560 4647 734 4710 59.In
767 4649 895 4711 aede
926 4652 1355 4730 oratoria,quae
1379 4661 1468 4712 est
1503 4650 1658 4712 intra
1681 4651 1954 4726 domum,
1982 4651 2120 4731 bap-

479 4739 690 4799 tismus
722 4757 1098 4819 nequaquam
1129 4748 1447 4819 peragatur
1480 4757 1494 4803 :
1533 4740 1638 4802 sed
1675 4743 1774 4821 qui
1804 4740 2116 4833 illuminat

477 4828 640 4890 tione
670 4828 743 4890 ab
773 4827 1050 4891 omnibus
1083 4828 1363 4891 sordibus
1412 4829 1610 4891 aliena
1655 4829 1819 4908 digni
1854 4827 2116 4891 bibendi

2278 4662 2380 4726 νθ’,
2431 4660 2626 4730 Μηδεὶς
2666 4662 2722 4719 ἐν
2761 4664 3021 4741 εὒκτηρίῳ
3063 4662 3204 4738 οἷ’κῳ
3243 4663 3390 4720 ἔνδον
3431 4667 3603 4733 οἰκίας
3633 4685 3836 4746 τυγχα-

2202 4775 2343 4809 νοντι
2377 4753 2656 4828 βάπτισμα
2691 4751 3054 4832 ἐπιτελείσθω,
3103 4752 3224 4809 ἀλλ’
3271 4755 3314 4809 εἰ
3347 4753 3639 4828 μέλλοντες
3670 4755 3834 4820 ἀξιοῦ-

2200 4843 2316 4898 σθαι
2349 4849 2442 4897 τοῦ
2471 4840 2743 4920 ἂχριίντου
2773 4843 3298 4919 βαπτίσματος,ταῖς
3327 4844 3654 4909 καθολικαϊς
3684 4864 3836 4923 προσ-

475 4917 714 4996 sunt,ad
747 4918 1071 4981 catholicas
1093 4919 1386 4982 ecclesias
1410 4919 1720 4990 accedant.
1755 4931 1815 4980 et
1847 4919 1960 4980 hoc
1992 4918 2117 4982 illic

2231 4917 2546 5009 ρχὲσθωσαν
2603 4917 2937 5006 ἐκκλησίαις,
2977 4917 3212 4989 γκᾶκειαε
3258 4935 3357 5000 τῆς
3390 4932 3594 5011 δωρεᾶς
3647 4917 3834 4997 ταότης

476 5025 726 5100 munere
759 5006 1164 5087 perfruantur.
1201 5008 1264 5070 Si
1296 5009 1431 5090 quis
1463 5017 1663 5100 autem
1696 5027 1827 5100 quae
1872 5027 1906 5100 a
1938 5008 2113 5100 nobis

2232 5006 2613 5075 πολαυὲτωσαν
2648 5035 2662 5051 ⁸
2714 5020 2757 5075 εί
2801 5018 2856 5075 δέ
2899 5043 2980 5086 τις
3027 5021 3139 5098 ἆλῴ
3209 5024 3274 5080 τὰ
3334 5006 3476 5100 παρ’.
3519 5023 3682 5098 ἡμῶν
3723 5023 3832 5098 ὁρι-

473 5095 797 5156 constituta
819 5105 979 5170 sunt,
1006 5115 1126 5157 non
1150 5115 1391 5159 servare
1414 5097 1723 5161 convictus
1742 5098 2008 5174 fuerit,si
2034 5099 2112 5160 sit

469 5184 714 5264 quidem
747 5185 1031 5266 clericus,
1070 5186 1445 5268 deponatur:
1473 5189 1521 5250 si
1552 5195 1752 5251 autem
1781 5188 1992 5265 laicus,
2019 5207 2109 5253 se-

469 5283 773 5354 gregetur.

556 5361 802 5426 Text-us.
827 5361 1030 5426 Const.
1065 5364 1128 5439 7,
1156 5363 1246 5424 tit.
1275 5363 1330 5424 2.
1356 5365 1737 5428 Novellarum
1763 5375 1822 5428 et
1845 5369 1906 5447 3,
1927 5369 2016 5435 tit.
2043 5369 2102 5448 ἓ,

465 5454 657 5530 aiunt,
693 5453 848 5534 quod
876 5471 1011 5515 eum
1037 5454 1135 5534 qui
1159 5454 1484 5516 oratorium
1506 5462 1609 5516 aut
1627 5456 1945 5518 ecclesiam
1967 5462 2110 5520 sedi--

468 5543 644 5605 ﬁcare
671 5541 833 5617 velit,
869 5560 938 5605 ea
963 5543 1035 5605 de
1058 5561 1125 5604 re
1163 5560 1298 5604 cum
1327 5545 1581 5606 civitatis
1607 5547 1890 5627 episcopo
1923 5549 2106 5611 verba

462 5631 665 5694 facere
686 5632 1433 5710 oporteat,etsutlicientes
1455 5637 1774 5715 [sumptus]
1799 5636 1873 5696 ad
1901 5638 2103 5701 incen-

459 5719 1013 5801 dendaluminaria,
1051 5721 1124 5786 ad
1145 5739 1380 5786 sacrum
1407 5721 1834 5802 ministerium,
1866 5724 1940 5789 ad
1969 5744 2099 5796 sar-

2191 5107 2380 5164 σθέντα
2424 5108 2504 5183 μη
2557 5105 2862 5186 φυλάττων,
2923 5112 2967 5165 εί
3027 5110 3126 5185 μὲν
3188 5109 3442 5191 κληρικὸς
3482 5111 3606 5185 εἴη,
3642 5114 3829 5169 καθαι-

2191 5197 2382 5277 ρείσθω
2419 5212 2435 5229 ⁸
2480 5199 2525 5255 εί
2555 5195 2610 5253 δὲ
2656 5197 2876 5280 λαϊκὸς,
2909 5200 3255 5280 ἀφοριζέσθω.

2269 5379 2333 5433 Ἥ
2385 5376 2434 5448 ζ’
2493 5375 2725 5443 διάταξις
2769 5384 2864 5436 τοῦ
2903 5375 2956 5435 α’
2999 5379 3104 5440 τίτ.
3155 5386 3261 5436 τῶν
3319 5381 3560 5461 Νεαρῶν,
3598 5380 3686 5436 καὶ
3715 5380 3749 5448 ἡ
3781 5373 3830 5454 γ’

2187 5473 2282 5523 τοῦ
2427 5466 2534 5526 τίτ.
2579 5467 2728 5547 φασὶ,
2791 5467 2872 5524 ὅτι
2917 5466 3002 5525 δεῖ
3058 5470 3148 5526 τὸν
3199 5469 3423 5528 θέλοντα
3477 5468 3758 5546 εὒκτῆριον
3794 5465 3827 5532 ἥ

2189 5554 2475 5623 ἐκκλησίαν
2527 5557 2728 5631 κτίσαι,
2785 5555 3120 5636 διαλέγεσθαι
3175 5565 3294 5640 περὶ
3367 5561 3556 5618 τούτου
3601 5566 3678 5632 τῷ
3733 5561 3826 5621 τῆς

2187 5643 2396 5709 πόλεως
2449 5643 2750 5720 ἐπισκόπῳ,
2808 5648 2898 5704 καὶ
2940 5646 3224 5725 δωρεῖσθαι
3267 5651 3335 5708 τὰ
3377 5652 3640 5730 ἀρκοῦντα
3697 5647 3824 5724 πρὸς

2184 5733 2286 5802 τὴν
2316 5731 2676 5820 λυχνοκαίαν,
2706 5735 2796 5794 καὶ
2822 5738 2922 5806 τὴν
2963 5739 3105 5829 ἱερὰν
3133 5738 3514 5823 .λειτουργίαν,
3564 5738 3656 5797 καὶ
3712 5737 3807 5805 τήν
