4148 6198
1000 308 1419 386 SYNTAGMA
1463 314 1859 385 CANONUM.
1929 338 2005 364 ι.-
2057 300 2211 379 TIT.
2260 308 2370 396 In,
2418 315 2582 379 CAP.
2631 307 2828 393 XVII,
2875 298 3068 375 XXII.
3596 308 3711 374 614

433 459 768 535 Ἀπόκρισις.
834 463 888 518 Εἰ
938 461 1037 534 μὲν
1083 460 1358 517 ὅπόκειται
1407 457 1656 530 ἐπιθιμίᾳ
1712 457 1977 535 γυναικὸς1

2152 448 2497 531 Responsio.
2532 444 2593 510 Si
2644 444 2848 508 subest
2898 445 3147 526 quidem
3172 442 3441 535 mulieris
3464 443 3708 505 deside-

351 552 445 606 οὒκ
474 550 672 628 ὀφείλει
708 568 721 581 ⁵
764 553 806 606 εί
840 550 891 606 δὲ
937 552 964 606 6
1010 556 1253 613 Σατανᾶς
1301 548 1487 626 περιάζ
1523 547 1731 602 ειαῦτὸν
1774 546 1867 601 ἵνα
1908 544 1977 601 διὸ

2075 543 2379 614 rium,non
2405 537 2585 599 debet
2613 559 2624 596 :
2654 537 2748 596 sin
2777 544 2972 628 autem
3007 542 3189 597 tentat
3212 553 3345 595 eum
3374 532 3712 608 Satanas,ut

352 310 470 390 613

351 644 451 705 τῆς
527 641 843 718 προφάσεως
902 640 1096 703 ταύτης
1157 637 1512 716 ἀλλοτριὼται
1572 641 1668 702 τῆς
1712 637 1989 697 κοινωνίας

348 735 457 785 τῶν
498 730 651 785 θείων
696 729 1025 804 μυστηρίων,
1088 726 1287 806 ὀφείλει
1346 730 1673 792 κοινωνῆσαι
1708 742 1720 756 '
1772 726 1885 781 ἐπεὶ
1930 728 1990 783 ού

346 818 574 873 παύεται
627 822 655 874 6
713 817 977 894 πειράζων
1034 816 1153 872 κατ’
1229 815 1433 873 ἐκεῖνον
1495 817 1588 871 τὸν
1645 816 1853 893 καιρὸν,
1899 814 1987 869 ὅτε

346 907 547 984 ὀφείλει
578 921 881 984 κοινωνεῖν,
919 905 1286 980 ἐπιτιθέμενος
1323 905 1484 976 131G)-

431 1003 679 1056 ΚΕΦΑΛ.
731 995 868 1056 KA’.
912 1029 982 1040 --
1028 996 1164 1051 Πότε
1196 993 1279 1051 δεῖ
1328 997 1424 1061 τῆς
1456 995 1698 1073 γαμετῆς
1754 991 1838 1049 διὰ
1887 993 1988 1061 τήν

345 1091 629 1141 κοινωνίαν
659 1085 982 1165 ἀπέχεσθαι.

346 1176 626 1231 Διονυσίου
708 1174 766 1231 ἐγ
867 1181 966 1239 τῆς
1064 1175 1193 1249 πρὸς

1046 1277 1169 1332 κεφ.
1203 1252 1277 1329 γ’.

427 1342 512 1420 γ’ῥ
557 1343 844 1421 Λῦτάρκεις
875 1343 930 1399 δὲ
963 1346 1048 1400 καὶ
1092 1346 1139 1399 οἱ
1197 1346 1568 1421 γεγαμηκότες
1601 1343 1802 1399 ἑαυτῶν
1832 1346 1984 1424 ὀφεί-

1294 1170 1608 1238 Βασιλείέην
1695 1174 1986 1242 ἐπιστολῆς

343 1430 528 1488 λουσιν
591 1435 733 1488 εἶναι
791 1435 986 1509 κριταί,
1051 1432 1174 1491 ’Ὁτι
1220 1432 1319 1509 γὰρ
1361 1433 1659 1511 ἀπέχεσθαι
1714 1440 1999 1510 προσῆκον·

333 1520 593 1591 ἀλλήλων
652 1520 712 1577 ἐκ
754 1522 1038 1601 συμφώνου
1099 1523 1229 1596 πρὸς
1275 1522 1484 1598 καιρὸν,
1530 1520 1624 1576 *ἕνα
1667 1522 1983 1600 σχολάσωσι

335 1609 409 1684 τῇ
440 1610 745 1690 προσευχῇ,
799 1612 891 1666 καὶ
933 1611 1096 1667 πάλιν
1145 1611 1232 1666 ἐπὶ
1275 1612 1336 1666 τὸ
1367 1611 1495 1666 αὐτὸ
1527 1613 1684 1690 ὦσιν,
1717 1610 1982 1679 ἀκηκόασι

334 1699 551 1758 Παύλου
582 1701 873 1778 γράφοντος
884 1747 898 1762 ,

814 1788 1071 1864 Τιμοθέου
1102 1790 1276 1845 κανὼν
1308 1790 1376 1862 ε’,
1416 1789 1510 1868 ιγ’.

424 1876 739 1954 Ἐρώτησις,
802 1878 871 1940 ε’,
932 1877 1060 1934 Ἐὰν
1120 1879 1254 1955 γυνή
1302 1880 1628 1956 συγγένηται
1682 1881 1819 1954 μετά
1889 1889 1983 1937 τοῦ

328 1965 524 2044 ἀνδρὸς
568 1966 732 2033 αὐτῆς
790 1968 889 2033 τὴν
921 1968 1107 2046 νύκτα,
1156 1966 1321 2043 ἤγουν
1354 1967 1487 2045 ἀνὴρ
1536 1970 1672 2043 μετά
1720 1974 1817 2036 τῆς
1879 1992 1977 2046 γυ-

333 2058 545 2133 ναικὸς,
590 2056 678 2111 καὶ
740 2055 961 2132 γένηταὶ
1024 2054 1258 2129 σύναξις,
1320 2057 1364 2111 εἰ
1418 2055 1687 2136 ὀφείλουσι
1732 2056 1978 2132 μεταλα-

329 2145 479 2216 ϐεῖν,
511 2145 549 2210 ἢ
577 2143 636 2199 οὔ
670 2163 686 2219 ;

418 2233 752 2311 Ἀπόκρισις.
801 2237 910 2292 Οὐκ
967 2233 1232 2313 ὀφείλουσι
1299 2236 1541 2313 παραυτά
1578 2253 1590 2267 ·
1654 2246 1744 2296 τοῦ
1802 2237 1975 2294 Ἀπο-

328 2323 531 2380 στόλσυ
560 2326 792 2399 βοῶντος
827 2341 841 2354 ·
907 2325 995 2389 Μὴ
1042 2326 1390 2401 ἀποστερεῖτε
1423 2323 1689 2394 ἀλλήλους
1722 2327 1765 2381 εἰ
1807 2327 1882 2395 μή
1928 2348 1975 2381 τι

331 2413 401 2469 ἂν
446 2413 503 2468 ἐκ
564 2413 848 2493 συμφώνου
903 2414 1035 2490 πρὸς
1092 2415 1301 2487 καιρὸν,
1376 2413 1467 2469 ’ίνα
1540 2414 1851 2493 σχολάσητε
1907 2422 1978 2491 τῇ

332 2508 644 2580 προσευχῇ,
712 2504 801 2558 καὶ
843 2501 1005 2557 πάλιν
1049 2502 1134 2557 ἐπὶ
1176 2504 1239 2557 τὸ
1284 2502 1410 2557 αὐτὸ
1484 2504 1822 2582 συνέρχεσθε,
1883 2504 1977 2559 ἵνα

332 2593 418 2665 μὴ
450 2592 670 2669 πειράζῃ
729 2590 863 2663 ὑμᾶς
897 2588 925 2645 6
958 2596 1202 2654 Σατανᾶς
1261 2587 1349 2646 διὰ
1380 2593 1479 2657 τὴν
1512 2593 1766 2669 ἀκρασίαν
1800 2594 1973 2667 ὑμῶν,

420 2679 738 2757 Ἐρώτησις,
777 2679 873 2756 ιγ’,
933 2689 1059 2745 Τοῖς
1107 2681 1476 2758 ζευγνυμένοις
1519 2682 1594 2744 εἷς
1637 2682 1810 2757 γάμου
1853 2704 1975 2738 κοι-

327 2791 553 2848 νωνιαν,
604 2772 723 2840 περὶ
781 2770 949 2824 ποίων
1001 2770 1219 2844 ἡμερῶν
1258 2769 1353 2835 τῆς
1410 2767 1699 2844 ἑϐδομάδος
1745 2773 1973 2839 παρατί-

320 2863 511 2916 θεσθαι
556 2860 693 2938 χρὴ,
746 2858 1044 2937 ἀπέχεσθαι
1076 2863 1174 2925 τῆς
1212 2860 1340 2936 πρὸς
1371 2858 1637 2930 ἀλλήλους
1670 2862 1971 2937 κοινωνίας,

326 2954 420 3005 καὶ
452 2949 609 3011 ποίας
640 2947 791 3027 ἔχειν
816 2945 902 3003 ἔπ’
933 2946 1167 3013 ἐξουσίας
1201 2967 1218 3022 ;

411 3037 749 3115 Ἀπόκρισις.
810 3035 880 3094 Ὀ
926 3038 1219 3115 προείρηκα
1264 3039 1351 3092 καὶ
1399 3037 1485 3093 νύν
1515 3036 1659 3117 λέγω
1687 3057 1702 3070 ’
1739 3042 1767 3096 6
1798 3039 1974 3097 ’Λπό-

324 3126 528 3191 στολυς
590 3126 735 3204 λέγει
771 3143 786 3159 ⁸

325 3216 395 3273 ἂν
441 3218 504 3273 lu
558 3216 841 3295 συμφώνου
882 3216 1015 3291 πρὸς
1088 3217 1298 3292 καιρὸν,
1360 3215 1453 3272 ἵνα
1524 3220 1837 3297 σχολάσητε
1909 3225 1977 3296 τῇ

326 3311 635 3385 προσευχῇ,
712 3326 801 3361 και
879 3303 1038 3360 πάλιν
1101 3304 1186 3360 ἐπὶ
1244 3305 1305 3360 το
1362 3305 1492 3362 αὖτὸ
1549 3312 1671 3380 ἦτε,
1735 3307 1827 3364 ἵνα
1897 3310 1977 3383 μὴ

326 3395 563 3472 πειράζῃ
604 3397 738 3468 ὑμᾶς
773 3396 800 3450 6
868 3399 1111 3456 Σατανᾶς
1190 3390 1274 3448 διὰ
1329 3394 1428 3461 τὴν
1485 3394 1743 3472 ἀκρασίαν
1801 3396 1972 3468 ὑμῶν,

326 3483 428 3549 Ἐξ
457 3484 699 3561 ἀνάγκης
724 3484 785 3540 τὸ
818 3479 1094 3541 Σάϐϐατον
1126 3480 1221 3537 καῖ
1252 3482 1350 3548 τήν
1384 3485 1647 3560 Κυριακὴν
1678 3484 1977 3565 ἀπέχεσθαι

327 3573 444 3649 δεῖ,
480 3571 565 3631 διὰ
607 3575 667 3629 τὸ
711 3572 766 3629 ἂν
818 3576 1003 3638 αὐταῖς
1060 3572 1160 3639 τὴν
1202 3571 1570 3647 πνευματικὴν
1629 3573 1807 3631 θυσίαν
1838 3574 1975 3631 ἀνα-

327 3664 581 3745 φέρεσθαι
611 3665 690 3736 τῷ
719 3664 857 3724 Θεῶ.

418 3756 672 3813 ΚΕΦΑΛ.
721 3750 849 3812 ΚΒ’.
916 3756 1035 3813 Πῶς
1103 3752 1303 3830 γίνεται
1363 3753 1638 3832 προσφορά
1695 3753 1827 3832 ὑπὲρ
1883 3756 1978 3810 τοῦ

325 3844 523 3902 ἑαυτὸν
553 3839 859 3906 ἀνελόντος.

859 3928 1119 4004 Τιμοθέου
1145 3930 1320 3986 κανὼν
1353 3927 1442 3989 ιδ’.

418 4022 741 4101 Ἐρώτησις.
788 4017 877 4080 ιδ’.
912 4019 1036 4076 Ἐάν
1078 4041 1160 4082 τις
1211 4022 1287 4093 μὴ
1345 4019 1520 4099 ἔχων,
1557 4021 1739 4078 ἑαυτὸν
1772 4021 1974 4102 χειρώ-

327 4133 497 4181 σηται
541 4110 577 4179 ἢ
634 4110 928 4189 κρημνίσῃ,
964 4110 1008 4164 εί
1038 4110 1241 4186 γίνεται
1274 4110 1545 4189 προσφορά
1604 4110 1736 4189 ὑπὲρ
1790 4112 1973 4191 αὐτοῦ,

326 4202 517 4278 ἢοῦ;

421 4290 754 4369 Ἀπόκρισις.
833 4287 1106 4365 Διακρίναι
1164 4286 1361 4365 ὀφείλει
1414 4290 1441 4344 6
1498 4287 1754 4366 κληρικὲις
1812 4292 1855 4347 εἰ
1914 4293 1975 4348 τὸ

328 4379 555 4453 ἀληθὲς,
590 4377 845 4456 ἐκφρένὴς
875 4377 951 4432 ὢν
994 4376 1258 4442 πεποίηκε
1320 4385 1498 4437 τοῦτο.
1547 4376 1815 4442 Πολλάκις
1874 4380 1975 4458 γὰρ

332 4471 386 4527 οἱ
444 4467 778 4547 διαφέροντες
813 4471 889 4539 τῷ
922 4464 1230 4540 πεπονθότι,
1264 4463 1507 4529 θέλοντες
1550 4467 1834 4546 ὶπιτυχεῖν
1877 4469 1973 4536 τῆς

331 4556 640 4638 προσφοράς
696 4560 794 4622 τῆς
835 4553 965 4631 ὑπὲρ
1028 4558 1210 4632 αύτοῦ,
1258 4551 1537 4629 ψεύδονται
1590 4556 1678 4610 καὶ
1730 4556 1973 4633 λέγουσιν

330 4647 418 4704 ὅτι
451 4646 547 4703 οὒκ
578 4649 736 4724 εἶχεν
766 4644 975 4703 ἑαυτόν,
1013 4640 1212 4699 Ἐνίοτε
1245 4640 1298 4696 δὲ
1343 4643 1448 4697 ἀπὸ
1479 4641 1731 4717 ἐπηρείας
1766 4644 1974 4722 ἀνθρώ-

331 4758 479 4814 πων,
534 4735 570 4801 ἧ
622 4733 798 4797 ἄλλως
841 4754 956 4795 πως
1001 4731 1109 4787 ἀπὸ
1153 4730 1438 4809 ὀλιγωρίας
1492 4732 1757 4799 πεποίηκε
1791 4741 1972 4814 τοῦτο,

329 4828 423 4883 καὶ
455 4830 515 4884 οὐ
549 4825 664 4905 χρὴ
695 4822 995 4901 προσφορὰν
1029 4821 1210 4877 ἐπάνω
1257 4823 1417 4878 αύτοῢ
1468 4821 1709 4897 γενέσθαι
1748 4840 1761 4858 ·
1810 4827 1974 4882 αύτο-

329 4916 596 4997 φονευτης
646 4914 747 4991 γὰρ
806 4912 996 4970 ἑαυτοῦ
1038 4910 1177 4971 ἐστι.
1218 4918 1317 4965 Δεῖ
1347 4911 1435 4964 οὖν
1467 4910 1679 4974 πάντως
1707 4913 1799 4967 τὸν
1828 4911 1972 4980 κλη..

332 5008 484 5084 ρικὸν
515 5004 655 5081 μετά
683 4998 951 5080 ἀκριϐείας
982 4999 1350 5077 ἀνερευνῆσαι,
1384 4997 1478 5053 ἵνα
1521 4999 1599 5074 μὴ
1629 5000 1729 5056 ὑπὸ
1759 5003 1974 5080 κρίματι

335 5095 478 5170 πέσῃ
488 5137 501 5151 .

417 5187 479 5242 '0
515 5182 788 5245 πολιτιιιὸς
819 5181 985 5256 νόμος
1021 5178 1112 5235 τὸν
1143 5177 1333 5233 ἑαυτὸν
1364 5174 1644 5254 ἀνελόντα,
1678 5178 1715 5245 ἦ
1761 5179 1974 5238 ἀνελεῖν

334 5274 765 5353 ἐπιχειρήσαντα
821 5268 904 5327 διὰ
958 5265 1122 5348 φόϐον
1182 5265 1549 5345 ἐγκλήματος,
1616 5271 1676 5327 οὗ
1717 5272 1828 5343 μὴν
1888 5268 1972 5327 διὰ

336 5364 492 5420 νάσον
564 5362 599 5429 ἢ
670 5375 836 5436 μῖσος
924 5358 1017 5426 τῆς
1089 5360 1262 5436 ζωῆς,
1340 5368 1661 5433 τιμτορετται
1735 5361 1807 5423 ὡς
1877 5362 1972 5416 τὸν

334 5452 514 5532 ἕτερον
576 5449 857 5525 ἀνελόντα,
916 5449 1005 5504 καὶ
1090 5444 1311 5520 δημεύει
1368 5446 1469 5513 την
1528 5447 1706 5504 οὐσίαν
1766 5449 1924 5505 αὐτοῦ
1958 5468 1972 5483 ο

339 5544 412 5607 ὡς
431 5531 589 5620 νβιϐλ.
623 5537 723 5618 μη’
754 5539 858 5603 τίτ.
885 5533 999 5613 κα’,
1032 5535 1124 5592 καὶ
1152 5531 1297 5613 βιϐλ.
1332 5533 1380 5593 θ’
1408 5536 1501 5593 τοῦ
1530 5532 1658 5601 κώδ,
1684 5536 1787 5601 τίτ.
1826 5537 1894 5601 ν’.

419 5718 503 5777 δί’
538 5716 565 5784 l
594 5717 731 5784 Cor.
762 5730 869 5800 vn,
902 5712 959 5778 5.

2077 648 2183 709 per
2208 630 2361 690 hanc
2411 628 2789 690 occasionem
2825 644 2857 687 a
2904 622 3241 686 divinorum
3296 623 3709 703 mysteriorum
3802 624 3809 627 ⁷

2073 724 2496 780 communione
2525 716 2842 788 alienetur,
2873 713 3051 776 debet
3081 712 3547 775 communicare.
3584 713 3709 775 Ne-

2071 827 2189 889 que
2235 807 2394 868 enim
2449 804 2704 867 cessabit
2749 813 3006 865 tentator
3037 822 3106 865 eo
3139 810 3434 882 tempore,
3469 801 3707 882 quando

2072 897 2252 958 debet
2284 896 2759 968 communicare,
2792 894 2959 955 illum
2993 892 3295 954 invadere.

2153 985 2312 1048 CAP.
2351 984 2507 1047 XXI.
2548 1019 2616 1029 —
2654 983 3053 1058 Quandonnm
3103 980 3194 1044 vel
3241 980 3513 1059 quandiu
3543 988 3707 1045 com;

2071 1076 2379 1137 mnnionis
2402 1091 2612 1149 causa,
2641 1072 3060 1134 abstinendum
3091 1073 3171 1133 sit
3198 1070 3275 1133 ab
3299 1088 3509 1133 umore.

2182 1165 2460 1243 Dionysii
2483 1180 2558 1225 ex
2585 1162 2843 1241 epistola
2874 1161 2953 1223 ad
2981 1160 3338 1242 Basilidem,
3368 1179 3503 1241 cap.
3534 1163 3595 1224 3.

2153 1341 2208 1406 3.
2244 1341 2429 1403 Porro
2460 1341 2560 1421 qui
2610 1341 2753 1402 satis
2782 1339 2855 1401 ad
2887 1338 2946 1399 id
2988 1338 3263 1401 instructi
3294 1347 3431 1401 sunt
3463 1352 3521 1401 et
3553 1359 3703 1403 con-

2069 1440 2429 1511 senuerunt,
2450 1428 2675 1491 debent
2708 1448 2841 1491 esse
2873 1428 2963 1490 sui
2985 1429 3247 1508 judices.
3283 1428 3452 1501 Qucd
3480 1430 3639 1491 enim
3664 1448 3707 1491 ea

2068 1540 2132 1582 se
2164 1521 2417 1582 invicem
2451 1540 2521 1581 ex
2577 1538 2874 1583 consensu
2931 1517 3236 1581 abstinere
3270 1520 3609 1595 conveniat,
3644 1527 3707 1583 ut

2036 1630 2037 1633 ‘
2067 1610 2139 1671 ad
2173 1620 2405 1690 tempus
2438 1618 2647 1671 vacent
2669 1608 2951 1682 orationi,
2982 1618 3039 1669 et
3083 1626 3292 1670 rursus
3323 1609 3700 1685 conveniant,

2066 1700 2312 1761 Paulum
2348 1699 2656 1762 dicentem
2687 1699 3056 1761 audiverant.

2520 1790 2809 1851 Timothei
2831 1807 3028 1851 canon
3056 1792 3116 1864 ὃ,
3150 1788 3247 1849 13.

2146 1877 2560 1959 Interrogatio
2589 1882 2648 1939 5.
2683 1875 2741 1939 Si
2788 1895 2937 1938 uxor
2962 1896 3096 1939 cum
3129 1896 3237 1939 suo
3273 1878 3480 1939 marito
3525 1887 3703 1941 noctu

2064 1967 2448 2047 cohabitavit,
2476 1968 2569 2028 vel
2605 1966 2856 2028 maritus
2887 1986 3018 2028 cum
3047 1985 3253 2042 uxore,
3279 1977 3335 2029 et
3367 1969 3467 2029 ﬁat
3492 1968 3700 2044 coitio,

2063 2057 2370 2119 debentne
2400 2057 2876 2132 communicare,
2904 2075 2978 2117 an
3012 2074 3130 2117 non
3153 2062 3181 2117 ‘2

2139 2146 2491 2225 Responsio.
2520 2144 2646 2206 Non
2682 2144 3067 2219 debent,cum
3091 2143 3305 2205 clamet
3333 2144 3651 2224 Apostolus
3683 2164 3697 2208 :

2060 2237 2151 2299 Ne
2169 2236 2463 2313 fraudate
2510 2252 2614 2296 vos
2662 2236 2945 2308 invicem,
3006 2234 3128 2294 nisi
3168 2251 3243 2295 ea:
3299 2251 3592 2296 consensu
3621 2233 3703 2295 ad

2062 2334 2315 2404 tempus,
2348 2332 2414 2386 ut
2467 2323 2694 2387 vacetis
2725 2323 3039 2398 orationi;
3073 2327 3130 2384 et
3158 2339 3391 2395 rursus,
3425 2323 3505 2384 ad
3533 2321 3696 2384 idem

2060 2414 2439 2477 conveniatis
2469 2430 2543 2474 ne
2575 2418 2763 2474 tentet
2794 2429 2898 2474 vos
2929 2410 3198 2473 Satanas
3220 2419 3469 2491 pr0pter
3489 2411 3698 2473 incon-

2061 2505 2383 2565 tinentiam
2412 2508 2683 2563 vestram
2710 2499 2825 2562 59".
3312 2556 3323 2565 .

2148 2592 2279 2652 [55
2307 2590 2710 2669 Interrogatio
2740 2589 2836 2654 l3.
2872 2588 2970 2665 Iis,
3014 2589 3116 2669 qui
3146 2587 3523 2649 matrimonio
3548 2589 3701 2669 jun-

2058 2691 2299 2760 guntur,
2331 2681 2393 2741 in
2444 2680 2802 2761 quibusnam
2857 2678 3205 2759 septimanae
3235 2676 3445 2739 diebus
3478 2697 3700 2759 propo-

2059 2788 2205 2832 nere
2228 2776 2490 2851 oportet,
2530 2778 2655 2830 uta
2706 2779 2914 2830 mutuo
2965 2784 3290 2844 congressu
3338 2764 3692 2846 abstineant,

2057 2866 2116 2921 et
2145 2859 2501 2940 quibusnam
2540 2866 2892 2939 potestatem
2926 2858 3233 2919 habeant?

2135 2949 2480 3029 Responsio.
2516 2946 2680 3020 Quod
2711 2956 2848 3009 ante
2883 2946 3026 3021 dixi,
3078 2964 3233 3008 nunc
3264 2963 3502 3027 quoque
3532 2944 3692 3014 dico.

2057 3037 2551 3119 DicitApostolus
2583 3055 2596 3100 :
2624 3038 2714 3101 Ne
2741 3036 3037 3116 fraudate
3093 3054 3196 3099 vos
3253 3040 3544 3117 invicem,
3576 3041 3701 3102 nisi
3756 3070 3761 3075 μ

860 3126 945 3194 Μὴ
1004 3125 1355 3203 ἀποστερεῖτε
1412 3127 1705 3208 ἀλλήλους,
1753 3131 1796 3185 εἰ
1841 3131 1975 3204 μήτι

2071 3130 2208 3190 Vorte
2236 3145 2311 3190 ea:
2341 3145 2633 3190 consensu
2670 3127 2752 3189 ad
2777 3133 3033 3206 tempus;
3056 3134 3119 3188 ut
3147 3132 3371 3193 vacetis
3398 3134 3697 3201 orationi;

2059 3225 2115 3278 et
2147 3234 2370 3279 rursus
2399 3221 2482 3277 ad
2510 3218 2669 3278 idem
2701 3217 3190 3289 conceniatis,ne
3220 3236 3323 3281 vos
3353 3228 3546 3284 tentet
3579 3223 3700 3281 Sa-

2060 3313 2239 3368 tanas
2260 3312 2515 3385 propter
2556 3306 3073 3367 incontinentiam
3099 3314 3385 3375 oestrum.
3420 3312 3699 3373 Necessa-

2058 3395 2148 3456 rio
2195 3406 2395 3456 autem
2448 3392 2707 3456 Sabbato
2759 3402 2818 3455 et
2870 3392 2970 3455 die
3026 3393 3339 3459 Dominico
3395 3398 3697 3462 abstinere

2059 3491 2313 3564 oportet,
2347 3483 2505 3563 quod
2538 3482 2846 3561 spirituale
2879 3482 3239 3546 sacriﬁcium
3272 3486 3334 3549 in
3366 3487 3456 3549 eis
3489 3488 3689 3551 Domi-

2058 3590 2136 3634 no
2168 3572 2475 3635 olferatur.

2138 3659 2307 3726 CAP.
2335 3658 2516 3724 XXII.
2555 3696 2625 3706 —
2668 3658 2882 3723 Utrum
2934 3660 3159 3726 oblatio
3187 3663 3297 3742 ﬁat
3343 3682 3463 3746 pro
3491 3683 3561 3729 eo
3591 3666 3699 3747 qui

2055 3758 2243 3813 semet
2275 3753 2607 3816 interemit.

2559 3837 2861 3903 Timothei
2888 3857 3084 3904 canon
3117 3841 3211 3903 14.

2137 3928 2541 4010 Interrogatio
2574 3930 2671 3992 14.
2708 3928 2771 3992 Si
2802 3930 2962 4007 quis,
2998 3948 3132 3991 cum
3160 3929 3253 3991 sui
3297 3949 3541 4013 compos
3578 3950 3699 3996 non

2060 4026 2170 4093 est,
2207 4018 2319 4080 sibi
2355 4037 2595 4081 manum
2628 4018 2915 4093 attulerit,
2949 4019 3042 4082 vel
3102 4021 3279 4082 etiam
3329 4040 3395 4084 se
3426 4022 3699 4104 praecipi-

2060 4107 2289 4178 taverit,
2318 4109 2471 4170 sitne
2503 4107 2744 4182 oblatio,
2780 4127 2853 4170 an
2886 4109 3054 4171 non?

2102 4197 2580 4277 Responsio.Hoc
2604 4197 2783 4260 debet
2805 4198 3065 4260 clericus
3082 4199 3533 4276 discernere,an
3560 4220 3701 4277 cum

2059 4305 2266 4350 revera
2292 4289 2511 4349 mentis
2529 4306 2775 4368 compos
2797 4307 2914 4349 non
2935 4289 3237 4362 esset,hoc
3258 4288 3489 4352 fecerit.
3524 4292 3695 4373 Saepe

2014 4378 2019 4387 ’
2059 4378 2220 4440 enim
2254 4376 2317 4451 ii,
2348 4378 2445 4457 qui
2465 4378 2536 4439 ad
2562 4396 2698 4439 eum
2725 4377 2821 4440 cui
2844 4379 2958 4440 hoc
2986 4377 3203 4440 accidit
3235 4383 3556 4459 pertinent.
3582 4399 3693 4443 vo-

2059 4467 2255 4531 lentes
2284 4466 2523 4547 assequi
2557 4467 2923 4529 oblationem
2960 4478 3018 4530 et
3040 4468 3369 4531 orationem
3402 4489 3509 4551 pro
3539 4471 3690 4551 ipso,

1996 4546 2038 4595 ο
2060 4546 2455 4636 mentiuntur,
2498 4565 2557 4618 et
2618 4557 2819 4618 dicunt
2850 4576 2988 4620 eum
3022 4577 3141 4621 non
3175 4557 3359 4620 fuisse
3390 4546 3643 4638 apud'se
3675 4546 3690 4623 ξ

2057 4663 2484 4725 nonnunquam
2545 4655 2740 4707 autem
2795 4656 3039 4727 propter
3094 4648 3540 4708 insultationem
3577 4649 3693 4708 ho-

2059 4734 2411 4809 minum,vel
2434 4734 2631 4814 aliquo
2650 4735 2764 4795 alio
2790 4736 2967 4797 modo
3009 4755 3113 4813 per
3131 4736 3555 4815 negligentiam
3582 4737 3697 4799 hoc

2057 4822 2293 4885 fecisse.
2324 4826 2436 4885 Pro
2469 4824 2819 4903 hujusmodi
2855 4824 3077 4885 oblatio
3104 4843 3222 4885 non
3248 4834 3339 4885 est
3369 4824 3642 4886 facienda
3676 4844 3690 4885 :

2058 4921 2146 4973 est
2175 4914 2334 4973 enim
2368 4912 2458 4973 sui
2486 4911 3070 4993 homicida.0portet
3102 4932 3243 4991 ergo
3278 4913 3565 4975 clericum
3595 4932 3693 4977 ac-

2057 5008 2260 5063 curate
2291 5000 2610 5076 sciscitari,
2644 5019 2719 5062 ne
2752 5002 2813 5061 in
2837 5000 3137 5080 judicium
3173 5001 3423 5065 incidat.

2138 5088 2383 5152 Toxlus.
2438 5089 2554 5150 Lex
2585 5089 2778 5151 civilis
2808 5089 3080 5170 eumqui
3124 5089 3241 5151 sibi
3274 5099 3521 5153 mortem
3554 5111 3696 5154 con-

2054 5178 2245 5249 scivit,
2267 5186 2368 5239 aut
2403 5180 2784 5240 consciscere
2844 5189 3093 5241 conatus
3146 5188 3235 5241 est
3268 5178 3500 5261 [idque]
3534 5193 3697 5244 metu

2053 5267 2477 5350 criminis,non
2502 5276 2701 5328 autem
2736 5277 2982 5349 propter
3010 5269 3285 5331 morbum
3323 5279 3423 5331 aut
3455 5269 3694 5332 taadium

2064 5358 2197 5418 154
2229 5358 2386 5425 vitae,
2426 5357 2615 5438 punit,
2643 5366 2710 5419 ut
2741 5359 2842 5439 qui
2874 5359 3059 5421 alium
3091 5358 3413 5436 interfecit,
3444 5361 3696 5442 ejusque

2061 5447 2218 5509 bona
2248 5447 2535 5509 conﬁscat
2564 5464 2578 5509 :
2612 5448 3115 5528 quemadmodum
3147 5448 3253 5515 lib.
3286 5448 3688 5530 xcvm,tit.?l,

2063 5534 2170 5603 lib.
2202 5552 2284 5618 ιχ,
2320 5535 2457 5601 cod.
2493 5534 2583 5603 tit.
2612 5536 2711 5599 50.
