4148 6198
246 212 365 327 sn

1010 200 1430 323 SYNTACMA
1475 248 1875 321 CANONUM.
1920 286 2002 301 —
2041 250 2199 320 TIT.
2246 249 2356 337 IV,
2398 254 2564 322 CAP.
2610 208 2685 338 νζ
2732 250 2840 341 v1,

3506 252 3625 329 618

246 393 417 457 οὕτως
462 386 809 469 βαπτίζεσθαι
844 410 857 425 ⁸
896 393 1020 455 τοὺς
1052 388 1106 446 δὲ
1138 389 1289 454 νέους
1334 390 1499 468 πάνυ,
1531 390 1620 446 καὶ
1662 388 1758 457 τῆς
1801 386 1919 445 διη

2021 404 2034 447 I
2067 388 2186 451 fide
2209 388 2619 470 instituantur,
2653 396 2836 472 atque
2867 396 2995 454 tum
3027 387 3409 470 baptizentur
3441 408 3457 452 :
3489 408 3625 453 om-

247 482 541 548 δασκαλίας
574 483 635 538 οὖ
663 480 972 559 συνιέντας,
1005 481 1094 539 καὶ
1127 484 1290 561 χωρὶς
1341 485 1439 548 τῆς
1471 479 1897 559 παρατηρήσεως

248 575 478 651 ταύτης,
515 571 787 638 ἀξιοῦσθαι
815 579 909 631 τοῦ
940 572 1092 652 ἁγίου
1120 572 1518 648 βαπτίσματος.

339 756 596 815 ΚΕΦΑΛ.
662 749 742 813 E'.
824 782 898 797 --
989 750 1115 829 Περὶ
1197 759 1290 809 τοῦ
1357 749 1702 826 βαπτίζεσθαι
1775 747 1901 812 τοὺς

250 843 583 922 ἀγνοοῦντας
617 843 662 898 εἰ
689 838 1116 907 ἒϐαῖπτίσθησαν,

589 928 823 988 Συνόδου
855 928 1232 1008 Καρθαγέννης
1263 929 1440 985 κανὼν
1469 927 1578 1005 οβ’.

345 1023 472 1098 Περὶ
568 1020 779 1089 νηπίων
865 1018 1190 1100 ὀφειλόντων
1278 1019 1623 1096 βαπτίζεσθαι
1715 1016 1904 1083 ὁσάκις

250 1110 657 1193 ἀμφιϐάλλεται
688 1110 817 1190 περὶ
848 1113 1021 1170 αὐτῶν
1052 1112 1097 1166 εἷ
1132 1108 1232 1187 ἄρα
1263 1107 1684 1177 ἐϐαπτίσθησαν.

345 1199 454 1280 οβ’.
492 1193 727 1275 Ὀμοίως
769 1199 928 1279 ἤρεσε
970 1201 1093 1279 περὶ
1134 1199 1241 1257 τῶν
1307 1200 1537 1273 νηπίων,
1584 1198 1769 1263 ὁσάκις
1827 1196 1907 1273 μὴ

258 1293 596 1370 εὑρίσκονται
651 1288 859 1367 βέϐαιοι
910 1290 1169 1367 μάρτυρες
1220 1292 1269 1346 οἱ
1314 1296 1484 1346 ταῦτα
1526 1285 1908 1367 ἀναμφιϐόλως

258 1381 622 1460 βαπτισθέντα
666 1380 813 1437 εἶναι
872 1379 1151 1457 λέγοντες,
1183 1379 1273 1435 καὶ
1322 1376 1440 1435 οὐδὲ
1490 1378 1624 1435 αὒτὰ
1680 1374 1767 1433 διὰ
1808 1376 1908 1444 τὴν

262 1486 459 1549 κεῖραν
516 1471 637 1548 περὶ
682 1471 778 1538 τῆς
838 1468 1225 1548 παραδοθείσης
1286 1472 1470 1534 αὐτοῖς
1528 1466 1907 1545 μῡσταγωγίας

266 1561 646 1638 ἀποκρίνεσθαι
692 1557 1006 1626 ἐπιτηδείως
1061 1557 1274 1638 ἔχουσι,
1329 1557 1501 1637 χωρίς
1550 1578 1694 1620 τινος
1734 1576 1909 1633 προσ-

267 1651 552 1726 κόμματος
612 1648 847 1729 ὀφείλειν
889 1655 1057 1707 ταῦτα
1112 1648 1482 1725 βαπτίζεσθαι,
1544 1646 1624 1722 μή
1692 1667 1823 1703 ποτε
1883 1646 1910 1701 ὁ

1984 477 2124 541 nino
2152 486 2350 541 autem
2385 482 2581 561 pueri,
2610 480 2716 562 qui
2747 478 3093 545 doctrinam
3126 479 3471 560 intelligere
3510 500 3629 546 ne-

1983 576 2239 649 queunt,
2296 570 2479 633 etiam
2539 569 2777 652 absque
2834 569 2948 633 hac
3006 568 3430 636 observatione
3457 590 3630 637 sacro
3710 608 3717 613 -

1983 656 2340 737 baptismate
2371 659 2537 739 digni
2567 660 2930 726 habeantur.
3676 740 3681 743 τ

2064 746 2230 811 CAP.
2263 747 2338 812 V.
2372 783 2447 796 —
2480 749 2655 825 Quod
2682 751 2736 812 ii
2758 748 3121 831 baptizandi
3136 752 3263 816 sint
3291 751 3402 833 qui
3429 768 3495 816 se
3525 750 3634 816 ba-

1981 840 2246 919 ptizatos
2276 840 2596 920 ignorant.

2226 927 2489 993 Consilii
2524 928 3030 1010 Carthaginensis
3057 949 3257 997 canon
3285 932 3388 996 72.

2076 1018 2159 1082 De
2186 1019 2524 1097 infantibus
2567 1017 2988 1100 baptizandis,
3033 1024 3268 1103 quoties
3314 1020 3635 1088 dubitatur

1987 1117 2201 1172 utrum
2232 1108 2464 1188 fuerint
2496 1108 2819 1189 baptizati.

2068 1198 2171 1261 7‘2.
2200 1200 2345 1262 Item
2381 1197 2607 1281 placuit
2646 1199 2711 1250 δι
2739 1199 2817 1262 de
2859 1199 3210 1279 infantibus,
3245 1202 3484 1283 quoties
3514 1219 3637 1267 non

1989 1287 2381 1353 inveniuntur
2409 1288 2739 1351 certissimi
2774 1295 2986 1367 testes,
3034 1291 3138 1372 qui
3170 1310 3278 1355 eos
3306 1291 3637 1374 baptizatos

1994 1396 2126 1441 esse
2151 1377 2285 1440 sine
2331 1377 2704 1443 dubitatione
2758 1385 3073 1458 testentur,
3128 1392 3326 1463 neque
3356 1381 3472 1463 ipsi
3499 1389 3640 1446 sunt

1992 1486 2102 1551 per
2130 1475 2363 1531 aetatem
2394 1468 2471 1531 de
2524 1467 2763 1531 traditis
2815 1467 2934 1531 sibi
2991 1472 3393 1535 sacramentis
3435 1471 3643 1539 idonei

1994 1558 2385 1640 respondere,
2418 1558 2646 1640 absque
2678 1557 2802 1620 ullo
2835 1562 3121 1641 scrupulo
3162 1578 3296 1623 esse
3326 1560 3642 1640 baptizan-

1994 1648 2125 1724 dos,
2161 1666 2238 1710 ne
2268 1648 2382 1710 ista
2419 1647 2713 1710 hmsitatio
2753 1665 2860 1710 eos
2902 1647 3082 1711 faciat
3125 1657 3640 1713 sacramentorum

264 1745 512 1804 τοιοῦτος
568 1736 867 1817 δισταγμὸς
907 1736 1259 1816 ἀποστερήσῃ
1316 1738 1449 1794 αὐτὰ
1501 1742 1602 1803 τῆς
1656 1735 1911 1802 τοιαύτης

2021 1738 2350 1818 purgatione
2382 1737 2628 1819 privari.
2661 1735 2816 1799 Hinc
2848 1736 3011 1799 enim
3044 1736 3228 1819 legati
3269 1738 3641 1817 Maurorum,

265 1837 366 1888 τοῦ
406 1828 682 1907 ἀγιασμοῦ
748 1828 1078 1907 καθάρσεως.
1128 1826 1226 1884 Ἐκ
1269 1827 1459 1884 τούτου
1499 1827 1599 1904 γὰρ
1640 1826 1692 1881 οἱ
1740 1846 1910 1882 τοπο-

266 1921 505 1996 τηρηταὶ
559 1918 665 1976 τῶν
724 1918 952 1997 Μαύρων
1010 1914 1232 1997 ἀδελφοὶ
1283 1914 1439 1992 ἡμῶν
1471 1924 1625 1975 τοῦτο
1657 1912 1913 1971 ἐϐουλεύ-

267 2031 464 2089 σαντο,
524 2006 607 2065 ὅτι
665 2006 897 2073 πολλοὺς
954 2007 1232 2073 τοιούτους
1291 2006 1399 2063 ἀπὸ
1472 2012 1580 2062 τῶν
1637 2001 1915 2084 βαρϐάρων

270 2098 709 2179 ἐξαγοράζονται.

514 2187 745 2247 Συνόδο.)
775 2189 1154 2265 οἷκουμενικῆς
1187 2187 1351 2253 ἕκτης
1382 2185 1559 2242 κανὼν
1590 2182 1678 2242 πδ⁹

348 2280 463 2341 πδ’.
499 2289 628 2343 Τοῖς
674 2292 987 2344 κανονικοϊς
1028 2286 1136 2336 τῶν
1182 2277 1435 2354 Πατέρων
1470 2280 1699 2349 θεσμοῖς
1742 2297 1916 2333 κατα-ι

265 2370 673 2449 κολουθοῦντες,
711 2371 959 2449 ὁρίζομεν
989 2370 1081 2427 καὶ
1112 2369 1232 2444 περὶ
1280 2370 1391 2423 τῶν
1439 2366 1646 2433 νηπίων
1679 2381 1694 2398 ⁸
1730 2366 1915 2430 ὁσσίκις

267 2462 352 2534 μὴ
408 2461 744 2537 εὑρίσκονται
802 2457 1008 2536 βέκαιοι
1069 2458 1329 2536 μάρτυρες
1380 2456 1429 2512 οἰ
1475 2462 1643 2513 ταότα
1675 2455 1916 2534 ἀναμφι-

269 2547 449 2614 ϐόλως
507 2548 868 2626 βαπτισθέντα
913 2548 1061 2605 εἶναι
1119 2546 1395 2623 λέγοντες,
1441 2547 1530 2602 καὶ
1575 2543 1693 2602 οὐδὲ
1751 2550 1918 2602 ταῦτα

267 2638 360 2696 διαὶ
400 2638 501 2706 τήν
529 2651 717 2717 κεῖραν
749 2638 868 2714 περὶ
920 2643 1020 2705 τῆς
1062 2634 1451 2713 παραδοθείσης
1497 2635 1685 2698 αὐτοῖς
1743 2656 1918 2710 μυστ-

272 2730 512 2808 αγωγίας
542 2729 926 2807 ἀποκρίνασθαι
959 2724 1275 2792 ἐπιτηδείως
1316 2724 1533 2803 ἔχουσι,
1561 2725 1734 2803 χωρίς
1774 2745 1919 2787 τινος

272 2820 699 2894 πορσκόμματος
763 2816 999 2897 ὀφείλειν
1041 2821 1208 2874 ταῦτα
1243 2814 1614 2891 βαπτίζεσθαι,
1650 2815 1730 2889 μὴ
1788 2835 1920 2872 ποτε

274 2911 303 2966 ὁ
334 2929 577 2973 τοιουτος
608 2905 901 2983 δισταγμὸς
960 2901 1309 2982 ἀποστερήσῃ
1342 2902 1476 2959 αὒτά
1524 2905 1622 2970 τῆς
1666 2902 1921 2969 τοιαύτης

274 3008 372 3058 τοῦ
399 2998 673 3075 ἀγιασμοῦ
701 2996 1036 3074 καθάρσεως.

1993 1828 2208 1891 fratres
2234 1830 2447 1904 nostri,
2480 1827 2942 1903 consuluerunt,
2977 1827 3119 1908 quia
3168 1829 3392 1892 multos
3422 1832 3576 1895 tales
3606 1848 3643 1894 a

1997 1916 2269 1981 barbaris
2298 1917 2608 1981 redimunt
2636 1916 2812 1999 [mss.
2849 1916 3157 1982 redimere
3184 1918 3436 2001 solent].

2220 2188 2480 2253 Concilii
2510 2188 2875 2252 wenmenici
2905 2189 3061 2253 sexti
3085 2205 3284 2253 canon
3316 2191 3421 2252 84.

2077 2278 2178 2343 84.
2211 2277 2546 2342 Canonicos
2576 2277 2815 2341 Patrum
2844 2277 2999 2341 ritus
3044 2287 3390 2361 sequentes,
3438 2277 3513 2342 de
3542 2279 3643 2343 in-

2001 2368 2263 2430 fantibus
2292 2387 2536 2450 quoque
2565 2368 2981 2445 decernimus,
3015 2369 3255 2451 quoties
3303 2388 3425 2432 non
3466 2369 3647 2433 inve-

1999 2459 2248 2520 niuntur
2275 2458 2434 2519 ﬁrmi
2466 2466 2675 2533 testes,
2712 2459 2815 2541 qui
2847 2477 2953 2521 eos
2982 2459 3212 2540 absque
3243 2458 3368 2521 ulla
3398 2459 3643 2523 dubita-

2003 2547 2163 2611 tione
2197 2548 2527 2628 baptizatos
2556 2565 2693 2609 esse
2746 2547 2975 2623 dicant,
3033 2566 3147 2610 nec
3206 2548 3347 2628 ipsi,
3399 2559 3651 2631 propter

1999 2646 2231 2700 aetatem
2266 2637 2341 2699 de
2367 2637 2483 2698 sibi
2519 2638 2740 2699 tradito
2770 2637 3058 2719 mysterio
3088 2644 3226 2719 apte
3274 2640 3649 2720 reapondere

2004 2729 2254 2808 possint,
2288 2727 2516 2790 debere
2559 2728 2788 2808 absque
2842 2726 2976 2789 157
3016 2727 3138 2790 ulla
3168 2727 3503 2792 offensione
3535 2728 3648 2793 ba-

2007 2817 2236 2898 ptizari,
2271 2835 2347 2878 ne
2367 2816 2525 2879 forte
2555 2816 2856 2895 ejusmodi
2890 2816 3185 2879 dubitatio
3213 2836 3318 2881 eos
3346 2817 3648 2899 ejusmodi

2005 2906 2441 2988 puriﬁcationis
2472 2906 2954 2971 sanctiﬁcatione
2985 2906 3201 2989 privet.

363 3092 616 3148 ΚΕΦΑΛ.
672 3085 736 3160 ς’
738 3082 776 3145 ’.
824 3118 902 3131 -
942 3084 1070 3164 Περὶ
1113 3089 1206 3142 τοῦ
1258 3082 1336 3159 μὴ
1391 3082 1742 3159 βαπτίζεσθαι
1801 3082 1919 3148 τοὺς

2088 3085 2255 3149 CAP.
2288 3082 2394 3150 VI.
2418 3118 2500 3133 —
2524 3083 2615 3147 Ne
2642 3086 2873 3148 mortui
2902 3082 3319 3167 baptizentur.

276 3175 727 3246 τελευτήσαντας.

606 3263 840 3325 Συνόδου
874 3263 1248 3346 Καρθαγέννης
1277 3261 1453 3319 κανὼν
1484 3260 1590 3330 ιη’.

360 3355 465 3425 ιη’.
500 3354 627 3413 Ἐάν
656 3377 742 3420 τις
772 3354 1034 3434 κληριγὸς
1070 3356 1477 3435 χειροτονῆται,
1514 3374 1567 3412 κ.
1599 3372 1652 3415 τ,
1686 3349 1744 3412 λ.

364 3438 600 3523 Ὀμοίως
640 3441 830 3524 ἤρεσεν
862 3444 1002 3505 ὥστε
1037 3440 1520 3525 χειροτονουμένου
1570 3439 1869 3499 ἐπισκόπου
1890 3440 1926 3507 ἦ

282 3534 568 3615 κληρικοῦ,
605 3553 660 3597 κ.
692 3554 745 3596 τ.
780 3533 835 3593 λ.

367 3629 623 3687 ΚΕΦΑΛ.
669 3622 751 3687 Ζ’,
809 3656 893 3671 —-
921 3622 1053 3700 Περί
1110 3625 1216 3679 τῶν
1272 3620 1376 3698 πρὸ
1426 3625 1519 3679 τοῦ
1560 3619 1927 3698 βαπτίσματος

280 3714 723 3795 ἁμαρτανόντων,
810 3715 900 3773 καὶ
981 3713 1102 3792 περὶ
1188 3710 1624 3791 κατηχοομὲνων
1681 3731 1927 3790 παραπι-

285 3805 559 3868 πτόντων,

712 3891 939 3953 Συνόδου
970 3892 1194 3957 Νικαίας
1223 3892 1403 3952 κανὼν
1434 3890 1528 3967 ιδ’,

367 3981 459 4047 ιδ’.
507 3988 644 4066 Περὶ
703 3989 812 4042 τῶν
867 3981 1300 4062 κατηχουμίνων
1359 3984 1449 4041 καὶ
1483 3981 1928 4065 παραπεσόντων,

284 4072 430 4142 ἔδοξε
485 4080 556 4152 τῇ
610 4074 736 4153 ἀγίᾳ
810 4075 902 4130 καὶ
971 4070 1189 4151 μεγάλῃ
1261 4070 1490 4148 συνόδῳ,
1566 4071 1707 4131 ὥστε
1765 4076 1931 4147 τριῶν

280 4168 422 4223 itth
466 4165 656 4229 αὖτοὺς
702 4160 1080 4241 ἁκροωμένόυς
1126 4162 1316 4239 μόνον,
1368 4163 1504 4240 μετὰ
1546 4169 1712 4222 ταῦτα
1762 4161 1928 4245 εὔχε-

284 4260 406 4314 σθαι
450 4255 589 4333 μετὰ
631 4259 738 4313 τῶν
777 4250 1235 4333 κατηχουμένων,

677 4342 911 4404 Συνόδου
937 4342 1204 4422 ’Δγκύρας
1235 4341 1412 4399 κανὼν
1444 4339 1542 4419 ιβ’.

372 4435 472 4514 ιβ’.
528 4434 661 4498 Τοὺς
726 4434 830 4513 πρὸ
876 4439 970 4489 τοῦ
1036 4430 1410 4508 βαπτίσματος
1464 4430 1777 4507 τεθυκότας,
1843 4432 1932 4491 καὶ

286 4527 430 4602 μετὰ
471 4526 636 4582 ταῦτα
666 4521 1083 4602 βαπτισθέντας,
1114 4518 1287 4588 ἔδοξεν
1319 4521 1395 4585 εἰς
1426 4518 1574 4587 τάξιν
1604 4521 1931 4601 προάγεσθαι

288 4618 364 4681 ὣς
411 4613 906 4691 ἄπολουσαμὲνους.

621 4702 852 4762 Συνόδου
878 4701 1299 4780 Νεοκαισαρείας
1330 4700 1508 4759 κανὼν
1538 4697 1611 4766 ε’.

371 4798 443 4857 ε’.
491 4795 917 4876 Κατηχούμενος
948 4791 1039 4850 ἰὰν
1087 4790 1468 4873 εἰσερχόμενος
1512 4791 1588 4854 εἰς
1637 4794 1929 4875 κυριακὸν,

286 4893 346 4950 ὶν
366 4895 439 4968 τῇ
469 4894 577 4946 τῶν
606 4883 1039 4966 κατηχουμένων
1067 4880 1211 4948 τάξει
1263 4882 1463 4958 crs-dxi},
1523 4880 1675 4946 οὗτος
1705 4880 1762 4939 δὲ
1793 4889 1936 4963 φανῇ

286 4978 637 5059 ἀμαρτάνων,
687 4975 780 5033 ἐὰν
828 4972 927 5051 μὲν
982 4973 1112 5053 γόνυ
1138 4971 1359 5049 κλίνων,
1395 4971 1697 5051 ἀκροάσθω,
1736 4974 1933 5049 μηκέτι

287 5068 614 5151 ἁμαρτάνων
645 5080 662 5099 ⁹
709 5064 801 5125 ἐὰν
843 5062 901 5124 δί
942 5072 1034 5124 καὶ
1090 5062 1441 5144 ἀκροώμενος
1495 5061 1574 5122 ἔτι
1626 5062 1930 5144 ἀμαρτάνῇ,

287 5160 585 5229 ιξωθιισθω
610 5155 770 5239 (44).

368 5277 434 5333 5t
461 5275 650 5342 Cone.
679 5272 956 5355 Carthag.
989 5290 1126 5355 cap.
1158 5272 1194 5335 6
1228 5287 1246 5349 ;
1279 5269 1463 5336 Cone.
1497 5267 1680 5337 Atrio.
1713 5266 1827 5338 39.
1847 5280 1959 5349 26,

2237 3263 2507 3327 Consilii
2540 3264 3052 3345 Carthaginensis
3085 3282 3288 3330 canon
3323 3265 3421 3330 18.

2015 3353 2169 3419 18.Si
2184 3353 2590 3434 quisclericus
2601 3352 3650 3439 ordinatur.etc..utsuprapag.482.

2088 3441 2235 3505 Item
2271 3443 2492 3524 placuit
2519 3449 2587 3505 ut
2609 3442 2904 3506 ordinatis
2934 3442 3360 3525 episcopis,vel
3385 3446 3651 3530 clericis,

2011 3540 2156 3608 etc.,
2181 3538 2249 3595 ut
2278 3548 2476 3612 supra
2499 3549 2648 3613 pag.
2676 3532 2826 3597 483.

2091 3620 2258 3686 CAP.
2292 3619 2420 3686 VII.
2457 3652 2530 3666 -
2563 3623 2651 3684 De
2680 3621 2758 3684 iis
2788 3621 2895 3702 qui
2940 3628 3085 3685 ante
3109 3622 3478 3705 baptismum
3501 3643 3652 3708 pee-

2010 3717 2300 3778 caverunt
2326 3719 2383 3774 et
2411 3710 2488 3774 de
2516 3709 2963 3775 catechumenis
2988 3710 3201 3793 lapsis.

2394 3888 2656 3955 Concilii
2683 3887 2925 3953 Nieaeni
2945 3906 3148 3954 canon
3178 3890 3281 3954 14.

2093 3981 2192 4046 14.
2222 3979 2309 4044 De
2365 3978 2824 4043 catechumenis
2849 3980 2939 4059 55,
2992 3986 3052 4043 et
3098 3982 3204 4062 qui
3248 3980 3431 4064 lapsi,
3460 3985 3653 4049 visum

2011 4080 2106 4136 est
2133 4079 2354 4148 sanctas
2383 4078 2445 4134 et
2471 4088 2701 4151 magnas
2729 4070 2987 4152 synodo,
3030 4079 3096 4134 ut
3122 4072 3164 4133 ii
3194 4071 3388 4137 tribus
3423 4083 3658 4141 tantum

2013 4165 2187 4228 annis
2215 4160 2534 4226 audientes
2563 4168 2770 4243 postea
2796 4170 2977 4226 orent
3007 4179 3143 4225 cum
3177 4164 3657 4234 catechumenis.

2218 4371 2223 4374 -
2342 4340 2608 4404 Consilii
2636 4340 2962 4422 Anc-grani
2988 4359 3184 4406 canon
3215 4342 3318 4409 12.

1951 4479 2000 4536 D
2099 4431 2198 4536 t2.
2233 4430 2349 4536 Bias
2378 4430 2702 4536 qui-ante.
2728 4430 3090 4536 baptlsmum
3134 4433 3573 4536 sacriticarunt,
3604 4443 3663 4500 et

2017 4530 2227 4605 postea
2255 4518 2536 4601 baptizati
2566 4528 2731 4597 sunt,
2763 4521 2961 4585 visum
2987 4528 3081 4584 est
3112 4521 3191 4584 ad
3226 4522 3502 4587 ordinem
3521 4543 3665 4604 pro-

2018 4611 2272 4687 moveri,
2306 4618 2371 4673 ut
2401 4611 2502 4692 qui
2533 4609 2726 4673 abluti
2751 4618 2916 4676 sunt.

2276 4700 2547 4766 Consilii
2572 4699 3092 4766 Neocwsariensis
3122 4719 3318 4767 canon
3343 4703 3408 4765 ὅ.

2098 4796 2158 4856 5.
2192 4790 2683 4856 Catechnmenus
2710 4789 2763 4854 si
2790 4791 2853 4853 in
2877 4789 3257 4861 Dominicum
3289 4792 3660 4873 ingrediens,

2018 4884 2594 4948 catechumenorum
2645 4880 2862 4944 ordine
2914 4881 3177 4958 steterit,
3210 4883 3262 4944 is
3293 4890 3493 4946 autem
3518 4902 3666 4968 pec-

2017 4984 2112 5040 cat
2144 4994 2159 5039 :
2194 4975 2248 5036 si
2280 4990 2440 5053 genu
2489 4970 2735 5054 quidem
2796 4970 3072 5053 ﬂectens,
3120 4969 3346 5051 audiat,
3380 4990 3502 5037 non
3532 4993 3666 5039 am-

2017 5066 2173 5150 plius
2203 5080 2486 5145 peccans.
2545 5061 2655 5126 Sin
2711 5067 2913 5123 autem
2966 5061 3155 5127 etiam
3187 5061 3442 5128 audiens
3470 5064 3670 5131 adhuc

2016 5160 2253 5240 peccet,
2279 5151 2662 5217 extrudatur.

2049 5275 2116 5332 83
2142 5272 2412 5339 Neocms.
2443 5271 2526 5348 5;
2558 5268 2737 5334 Siric.
2767 5269 2832 5334 3.

376 5514 503 5600 (44)
537 5511 603 5579 In
634 5532 826 5596 marg.
860 5512 1043 5598 paulo
1070 5512 1410 5578 recentiore
1438 5530 1619 5577 manu
1646 5409 1919 5580 additu?

2021 5414 2098 5477 Ε.

2039 5525 2160 5579 τοῖς
2189 5507 2551 5589 ἀκροωμένοις
2583 5505 2949 5567 συνταττέσθω
2978 5508 3246 5588 ἒπιτιμίου
3275 5510 3459 5593 χάριν.

614 5651 881 5717 Parnm.
927 5649 1044 5715 Gn.
1088 5649 1242 5716 CIV.

3276 5638 3356 5705 20
