4148 6198
565 331 682 398 619

1009 458 1145 523 168
1175 459 1402 524 Basilii
1429 478 1633 525 canon
1667 461 1769 525 20.

642 551 1614 632 90.0uzecunquemulieres,cum
1641 557 1844 615 essent
1865 551 1924 612 in
1956 552 2196 628 haeresi,

559 645 960 725 virginitatem
997 641 1281 721 professae
1312 649 1476 715 sunt,
1510 641 1614 704 sed
1651 650 1854 723 postea
1887 643 2198 703 matrimo-

561 737 728 796 nium
756 731 1177 814 praetulerunt,
1213 749 1330 793 non
1363 731 1623 794 arbitror
1655 750 1761 794 eas
1809 731 2199 793 condemnari

559 832 862 906 oportere.
899 820 1292 901 Quaecunque
1338 823 1503 883 enim
1533 822 1682 884 dicit
1714 821 1834 894 lex,
1869 822 1948 883 iis
1992 825 2101 902 qui
2130 823 2195 883 in

558 912 688 993 lege
715 920 855 975 sunt
886 911 1032 973 dicit
1052 909 1295 984 ὕϐρικε
1327 919 1524 972 autem
1550 911 1758 990 jugum
1793 910 2018 973 Christi
2045 929 2194 972 non-

556 1002 701 1064 dum
733 1000 1072 1079 subierunt,
1109 1019 1179 1062 ea
1224 1019 1336 1062 nec
1363 999 1606 1062 Domini
1651 1001 1813 1081 leges
1839 1009 2191 1079 agnoscunt.

554 1091 750 1166 Quare
781 1099 920 1153 sunt
949 1089 1010 1152 in
1041 1089 1370 1152 Ecclesiam
1429 1089 1798 1171 recipiendae
1830 1109 1963 1151 cum
1997 1091 2195 1151 omni-

552 1181 689 1256 bus,
716 1183 894 1244 etiam
929 1181 1144 1242 borum
1178 1180 1598 1242 remissionem
1635 1178 1925 1242 habentes
1976 1198 2045 1242 ex
2078 1179 2195 1242 ﬁde

550 1270 615 1332 in
649 1271 978 1335 Christum.
1033 1268 1120 1330 Ac
1149 1268 1398 1331 omnino
1445 1287 1575 1349 quae
1605 1268 1668 1329 in
1699 1269 2195 1332 catechumenica

551 1361 670 1422 vita
701 1360 857 1422 facta
885 1366 1047 1432 sunt,
1082 1361 1144 1419 in
1170 1358 1467 1438 judicium
1498 1377 1618 1420 non
1666 1374 1979 1421 vocantur.
2015 1358 2193 1422 Tales

550 1460 748 1514 autem
771 1448 1051 1511 videlicet
1082 1451 1213 1510 sine
1242 1447 1604 1528 baptismate
1637 1448 1907 1510 Ecclesia
1937 1468 2056 1510 non
2089 1467 2191 1510 re-

549 1541 716 1620 cipit.
771 1538 969 1612 Quare
1015 1537 1425 1616 generationis
1449 1537 1589 1617 jura
1620 1547 1759 1600 sunt
1790 1539 1851 1599 in
1884 1539 2032 1619 ipsis
2066 1556 2190 1600 ma-

547 1630 710 1691 xime
741 1629 1111 1691 necessaria.

752 1717 1072 1797 Theophili
1099 1735 1177 1780 ex
1203 1717 1660 1782 commonitorio
1691 1734 1880 1780 canon
1910 1718 1972 1779 4.

627 1812 690 1873 4.
726 1808 808 1870 De
841 1808 1142 1888 Panupln,
1175 1816 1322 1881 etc.,
1352 1815 1590 1888 utpag.
1623 1808 1763 1871 530.

551 1898 772 1982 Cyrilli
797 1915 874 1961 ea;
905 1898 1154 1982 epistola
1187 1896 1266 1982 a_d
1295 1899 1607 1982 episcopos
1638 1899 1743 1978 qui
1773 1905 1916 1960 sunt
1965 1898 2031 1959 in
2068 1898 2181 1960 Li-

966 1977 1080 2057 bya
1108 1985 1165 2040 et
1197 1977 1512 2058 Pentapoli
1541 1977 1758 2040 canen.

624 2070 729 2134 44.
760 2069 862 2130 Sin
905 2077 1104 2130 autem
1156 2067 1633 2146 segregationem
1659 2069 1844 2146 aliqui
1871 2069 2178 2130 sustinue-

541 2158 663 2220 rint
684 2167 929 2240 propter
960 2161 1159 2237 lapsus
1183 2155 1622 2236 puniti,deinde
1641 2157 1761 2218 sint
1787 2159 2057 2219 morituri
2083 2174 2180 2218 ex-

540 2249 828 2311 sistentes
860 2245 1309 2318 catechumeni,
1348 2245 1817 2326 baptizentur,et
1849 2265 1924 2308 ne
1956 2247 2027 2308 ab
2063 2248 2181 2308 hu-

541 2341 732 2400 manis
779 2337 1072 2399 excedant
1135 2336 1339 2412 gratiae
1400 2354 1523 2396 non
1559 2335 1913 2415 participes,
1947 2335 2184 2397 scilicet

539 2426 965 2488 communione
997 2435 1294 2489 carentes.
1323 2423 1577 2486 Videtur
1599 2426 1759 2487 enim
1794 2425 1908 2486 hoc
1941 2445 2179 2507 quoque

539 2515 823 2577 Ecclesia;
875 2515 1298 2578 consuetudini
1364 2514 1702 2578 adhaerere.
1750 2513 2014 2576 Salutate
2045 2533 2176 2576 eam

538 2623 673 2684 quze
702 2611 795 2665 est
825 2603 981 2683 apud
1014 2621 1118 2664 vos
1170 2603 1612 2664 fraternitatem
1645 2623 1662 2679 ;
1694 2622 1829 2684 quas
1862 2603 2174 2666 nobiscum

539 2701 632 2755 est
657 2711 757 2754 vos
788 2693 849 2754 in
879 2692 1134 2754 Domino
1168 2693 1406 2754 salutat.
1794 2712 1798 2715 '

617 2781 862 2845 Textus.
897 2780 1099 2844 Const.
1131 2781 1189 2854 1,
1222 2785 1314 2841 tit.
1353 2779 1451 2852 12,
1484 2780 1590 2844 lib.
1623 2799 1664 2854 ι,
1701 2782 1837 2844 cod.
1874 2781 1978 2843 ait:
2006 2781 2172 2855 Quod

537 2871 636 2952 [si]
683 2873 946 2952 Iudaeus,
981 2879 1043 2932 ut
1075 2871 1302 2933 crimen
1334 2879 1434 2932 aut
1461 2869 1729 2932 debitum
1759 2870 1960 2946 evitet,
1998 2872 2175 2934 Chri-

533 2965 762 3024 stianus
792 2960 924 3024 fieri
952 2961 1116 3029 velit,
1142 2961 1334 3041 ipsum
1359 2962 1582 3040 suscipi
1605 2980 1722 3021 non
1747 2970 2040 3041 oporteat,
2060 2962 2173 3023 do-

533 3070 646 3113 nec
675 3051 972 3114 innocens
1028 3059 1339 3132 appareat,
1377 3049 1470 3112 vel
1531 3050 1797 3112 debitum
1846 3052 2168 3130 persolvat.

532 3140 740 3203 Const.
777 3157 921 3204 vero
953 3142 1054 3216 10,
1091 3142 1184 3203 tit.
1219 3157 1281 3219 ιι,
1315 3140 1463 3220 vult,
1494 3147 1558 3200 ut
1609 3141 1820 3219 pagani
1855 3139 2169 3220 baptizan-

533 3239 648 3305 tur,
685 3249 753 3293 ac
787 3249 991 3292 eorum
1027 3228 1320 3312 [quidem]
1349 3228 1550 3303 liberi,
1587 3234 1634 3289 si
1663 3231 1888 3310 parvuli
1922 3231 2066 3305 sint,
2091 3232 2174 3293 ci-

529 3327 619 3381 tra
648 3321 1001 3382 dilationem
1038 3341 1052 3383 :
1088 3320 1140 3381 si
1162 3337 1303 3382 vero
1350 3319 1746 3394 adoleverint,
1788 3320 1952 3400 prius
1985 3339 2170 3383 cano-

527 3428 639 3474 nes
669 3419 728 3472 et
753 3410 1095 3488 Scripturas
1127 3410 1712 3471 doceantur.Verum
1749 3409 2008 3483 const.3,
2038 3411 2173 3474 £59

529 3502 622 3564 tit.
653 3501 712 3576 3,
743 3499 1148 3563 Novellarum.
1186 3517 1296 3580 per
1348 3499 1661 3561 biennium
1695 3500 1934 3561 adultos
1963 3502 2171 3564 Sama-

524 3591 754 3652 ritanos
785 3591 846 3652 in
880 3590 998 3652 [ide
1032 3590 1272 3652 institui
1303 3588 1449 3650 vult.

604 3681 771 3744 CAP.
804 3679 958 3743 VIII.
997 3715 1074 3726 —
1104 3679 1194 3742 De
1215 3681 1516 3760 episwpis
1547 3687 1657 3742 aut
1684 3677 1918 3743 clericis
1946 3679 2168 3761 baptis-

521 3787 690 3834 mum
719 3770 1142 3833 haereticorum
1174 3769 1662 3832 admittentibus.

952 3857 1379 3939 Apostolorum
1404 3876 1604 3920 canon
1635 3859 1735 3921 46.

599 3950 700 4013 46.
731 3950 846 4028 [451
870 3948 1258 4030 Episcopum,
1291 3947 1388 4008 vel
1442 3948 1850 4028 presbyterum
1899 3947 2001 4029 qui
2033 3949 2159 4010 bee-

515 4040 841 4102 reticorum
875 4037 1239 4118 baptismum
1275 4045 1420 4112 etc.,
1456 4043 1518 4098 ut
1548 4054 1743 4117 supra
1767 4055 1919 4118 pag.
1955 4039 2094 4100 610.

597 4128 764 4193 CAP.
797 4127 896 4191 IX.
933 4161 1009 4173 —-
1043 4128 1134 4190 De
1160 4126 1498 4206 baptizatis
1527 4129 1594 4188 in
1625 4127 1852 4190 morbo.

743 4218 1009 4281 Consilii
1037 4216 1551 4278 Neoccesariensis
1587 4233 1780 4279 canon
1816 4217 1915 4280 12.

592 4307 732 4371 502.
762 4305 826 4369 Si
856 4307 993 4388 quis
1019 4311 1312 4385 aegrotans
1345 4305 1528 4367 fuerit
1575 4306 1969 4386 illuminatus,
2009 4315 2153 4390 etc.,

511 4402 580 4458 ut
597 4412 740 4476 pag.
775 4394 874 4457 52.

831 4485 1098 4549 Consilii
1127 4485 1462 4550 Laodiceni
1483 4503 1686 4549 canon
1718 4486 1812 4548 47.

587 4576 690 4638 47.
725 4574 895 4648 Quod
920 4582 1193 4657 oporteat
1223 4593 1329 4638 eos
1358 4576 1462 4656 qui
1495 4576 1555 4637 in
1599 4576 1956 4655 aegritudine
2003 4585 2144 4657 etc.,

505 4674 572 4730 ut
598 4683 741 4747 pag.
777 4665 918 4730 615.

749 4754 1011 4819 Concilii
1039 4754 1546 4836 Carthaginensis
1577 4773 1773 4819 canon
1799 4759 1898 4820 45.

502 4849 598 4911 De
655 4847 1098 4930 aegrotantibus
1155 4848 1265 4926 qui
1317 4863 1435 4987 pri;
1492 4865 1554 4909 se
1611 4850 1990 4926 respondere
2020 4867 2147 4912 non

1181 4943 1408 4987 nossun
1441 4969 1459 4987 .

1179 4943 1459 5008 possunt.

576 5018 679 5080 45.
711 5015 786 5080 Ut
814 5024 1200 5096 aegrotantes,
1237 5016 1289 5078 si
1345 5033 1454 5096 pro
1514 5035 1581 5078 se
1611 5016 1986 5097 respondere
2022 5038 2143 5082 non

497 5115 772 5187 possunt,
802 5125 935 5169 cum
967 5105 1290 5168 voluntatis
1320 5123 1528 5167 eorum
1588 5107 1998 5170 testimonium
2051 5111 2143 5172 sui

495 5195 770 5277 periculo
804 5196 1047 5276 proprio
1081 5195 1368 5272 dixerint,
1406 5195 1800 5276 baptizeutur.
1831 5195 1904 5259 Ut
1933 5200 2140 5262 sceni-

495 5284 605 5360 cis,
664 5293 845 5366 atque
896 5285 1296 5348 histrionibus
1363 5285 1721 5367 czeterisque
1791 5287 2139 5368 hujusmodi

493 5376 772 5457 personis
799 5375 862 5427 57
890 5376 1302 5439 reconciliatio
1335 5395 1454 5440 non
1483 5381 1777 5456 negetur."

1741 319 2009 394 PHOTII
2048 319 2564 392 PATRIARGH/E
2607 321 2722 390 CP.

3767 333 3869 402 620

2794 461 3074 517 Βασιλείου
3115 461 3292 519 κανὼν
3327 461 3400 526 δι’,

2363 551 2438 612 κ’.
2497 549 2661 608 ’Ὅσαι
2719 561 2973 626 γυναῖκες
3036 549 3089 607 ἐν
3172 552 3374 631 αἱρέσει
3434 553 3575 610 οὖσαι
3627 561 3871 635 παρθενίαν

2283 639 2672 718 ὡμολόγησαν,
2727 639 2852 695 εἶτα
2911 639 3048 714 μετὰ
3124 647 3289 699 ταῦτα
3365 642 3530 720 γάμον
3587 645 3870 730 ἀνθείλοντρ,

2281 729 2387 809 οὔχ
2445 729 2680 807 ἡγοῦμαι
2736 733 2938 807 χρῆναι
2997 729 3442 802 καταδικάζεσθαι
3499 734 3702 800 ταύτας.
3752 729 3872 796 ’Ὅσα

2281 819 2382 896 γὰρ
2439 821 2467 875 ὂ
2529 816 2694 891 νόμος
2732 817 2919 896 λαλεῖ,
2965 831 3082 883 τοῖς
3128 819 3183 876 ἐν
3226 828 3302 896 τῷ
3359 824 3507 896 νόμῳ
3560 822 3725 882 λαλεῖ·
3756 826 3872 883 αἱδὲ

2282 907 2451 982 μήπω
2507 905 2830 964 ὑπελθοῦσαι
2889 929 2982 963 τον
3038 911 3197 986 ζυγὸν
3241 920 3338 969 τοῦ
3393 913 3632 989 Χριστοῦ,
3662 913 3762 972 ούδὲ
3791 919 3876 984 τήν

2279 996 2592 1070 νομοθεσίαν
2675 995 3092 1074 ἐπιγινώσκουσι
3169 1006 3263 1056 τοῦ
3361 1004 3668 1061 Δεσπότου⁶
3755 1005 3875 1062 ὥστε

2277 1083 2458 1142 δεκταί
2510 1088 2608 1142 εἶσι
2663 1092 2732 1162 τῇ
2775 1085 3073 1158 Ἐκκλησία
3118 1090 3256 1163 μετὰ
3291 1090 3528 1166 πάντων,
3572 1093 3656 1149 καὶ
3695 1094 3784 1161 τὴν
3806 1095 3878 1153 ἐπὶ

2277 1177 2486 1240 τούτοις
2546 1174 2735 1255 ἄφεσιν
2787 1175 3014 1255 ἔχουσαι
3071 1177 3129 1233 ἐκ
3188 1182 3288 1246 τῆς
3349 1183 3576 1244 πίστεως
3633 1185 3874 1260 Χριστόν

2277 1267 2364 1321 καὶ
2412 1264 2642 1322 καθόλου
2696 1265 2762 1320 τὰ
2801 1268 2856 1320 εν
2916 1273 2993 1326 τῶ
3021 1270 3424 1348 κατηχουμὲνῳ
3483 1272 3578 1347 βίῳ
3624 1275 3877 1350 γενόμενα,

2276 1356 2350 1416 εἰς
2408 1356 2620 1418 εὐθύνας
2675 1359 2771 1413 ούκ
2830 1353 3050 1433 ἅπτεταί.
3099 1359 3327 1422 Τούτους
3373 1357 3428 1414 δὲ
3489 1357 3726 1428 δηλονότι
3775 1363 3878 1422 ἄνευ

2274 1444 2670 1520 βαπτίσματος,
2734 1445 2767 1511 ἡ
2824 1443 3128 1512 Ἐκκλησία
3191 1449 3252 1504 ού
3315 1447 3717 1530 παραδέχεται·
3761 1452 3877 1509 ὥστε

2275 1535 2680 1612 ἀναγκαιότατα
2733 1533 2820 1590 ἐπὶ
2880 1536 3090 1600 τούτοις
3151 1537 3216 1594 τὰ
3275 1537 3537 1617 πρεσϐεῖα
3591 1546 3686 1608 τῆς
3740 1543 3877 1620 γενέ-

2275 1644 2412 1686 σεως
2425 1667 2437 1682 .

2450 1711 2709 1791 Θεοφίλου
2739 1713 2799 1770 ἐκ
2830 1722 2921 1771 τοῦ
2955 1704 3416 1790 Ὑπομνηστικοῦ,
3456 1719 3622 1774 κανὼν
3664 1719 3727 1778 δ’.

2207 1837 2246 1889 Β
2351 1800 2424 1864 δ’.
2461 1803 2581 1881 Περὶ
2619 1801 2672 1858 δὲ
2708 1805 2948 1884 Πανοὺο,
2978 1826 3034 1868 κ,
3068 1827 3118 1862 τ.
3153 1804 3209 1866 λ.

2272 1891 2529 1972 Κυρί)λου
2573 1891 2634 1948 ἐκ
2677 1892 2774 1960 τῆς
2819 1896 2955 1970 πρὸς
3019 1895 3141 1955 τοὺς
3203 1894 3258 1950 ἐν
3318 1894 3490 1972 Λιϐύῃ
3547 1897 3639 1955 καὶ
3695 1905 3878 1956 Πεντα-

2497 1973 2654 2029 πόλει
2684 1973 3014 2040 ἐπισκόπους
3045 1974 3368 2057 ἐπιστολῆς,
3404 1978 3582 2035 κανὼν
3608 1977 3675 2040 δ’.

2344 2060 2413 2125 δ’,
2465 2060 2589 2119 Ἐὰν
2647 2061 2700 2117 δὲ
2759 2065 3042 2142 χωρισμὸν
3088 2065 3418 2140 ὑπομείνωσι
3473 2089 3606 2132 τινες
3638 2069 3877 2145 ἐπιτιμη-

2261 2151 2440 2215 θέντες
2500 2153 2856 2226 πταισμάτων
2928 2153 3107 2223 ἕνεκα,
3175 2155 3302 2211 εἶτα
3363 2155 3602 2231 μέλλωσι
3656 2158 3878 2231 τελευτᾷν

2264 2246 2665 2322 κατηχούμενοι
2713 2242 2888 2316 ὄντες,
2926 2243 3390 2324 βαπτιζὲσθωσαν,
3425 2248 3515 2302 καὶ
3557 2248 3633 2323 μὴ
3687 2247 3877 2312 ἀποδη-

2265 2333 2530 2406 μείτωσαν
2588 2335 2696 2389 τὼν
2739 2332 3084 2411 ἀνθρωπίνων
3143 2334 3411 2414 ἂμὲτοχοι
3473 2337 3572 2405 τῆς
3652 2338 3875 2417 χάριτος,

2261 2420 2426 2499 ἤγουν
2471 2423 2833 2488 ἆκοινώνητοι
2865 2438 2880 2453 ⁸
2929 2421 3082 2480 δοκεῖ
3125 2425 3225 2502 γὰρ
3272 2426 3566 2506 προσέγειν
3609 2431 3693 2484 καὶ
3742 2435 3877 2485 τοῦτο

2261 2524 2379 2576 τοῖς
2437 2516 2538 2578 τῆς
2597 2511 2924 2578 Ἐκκλησίας
2967 2515 3192 2588 θεσμοῖς
3226 2530 3242 2545 ⁸
3297 2517 3621 2592 προσείπατε
3649 2516 3740 2584 τήν
3769 2516 3877 2595 παρ’

2258 2599 2387 2673 ὑμῖν
2420 2598 2755 2681 ἂδελφότητα
2790 2617 2804 2632 ’
2867 2603 3002 2677 ὑμᾶς
3056 2604 3092 2670 ἡ
3123 2603 3218 2658 σὺν
3247 2603 3386 2679 ἡμῖν
3432 2604 3489 2661 ἑν
3533 2607 3700 2684 Κυρίῳ
3725 2629 3876 2684 προσ-

2260 2692 2502 2767 αγορεύει
2515 2735 2526 2748 .

2343 2769 2404 2790 ι...
2478 2780 2492 2790 ι

2365 2785 2405 2835 Η
2439 2780 2492 2835 α’
2537 2777 2776 2844 διάταξις
2819 2787 2913 2835 τοῦ
2946 2779 3016 2856 ιβ’
3047 2782 3155 2840 τίτ.
3201 2788 3295 2838 τοῦ
3325 2780 3376 2838 α’
3440 2782 3589 2860 βιϐλ.
3641 2793 3730 2844 τοῦ
3760 2783 3874 2846 διώδ.

2259 2871 2444 2948 φησὶν,
2479 2868 2559 2924 ὅτι
2616 2867 2706 2925 ἐὰν
2765 2868 3031 2935 Ἰουδαῖος
3089 2870 3175 2927 διὰ
3229 2874 3291 2928 τὸ
3341 2887 3536 2951 φυγεῖν
3583 2875 3814 2952 ἔγκλημα
3846 2876 3876 2940 ἣ

2257 2957 2442 3036 χρέος,
2485 2957 2688 3034 θελήσῃ
2720 2962 3110 3038 χριστιανίσαι,
3147 2961 3208 3016 ού
3239 2961 3325 3019 δεῖ
3369 2966 3535 3021 αύτὸν
3565 2965 3878 3044 προσδεχθῆ-

2256 3065 2366 3120 ναι,
2399 3047 2502 3112 ἕως
2533 3046 2592 3102 ἂν
2625 3048 2902 3112 ἀνεύθυνος
2933 3055 3097 3128 φανῇ,
3131 3053 3223 3106 καὶ
3257 3053 3318 3107 τὸ
3367 3052 3537 3132 χρέος
3567 3053 3828 3132 καταϐάλῃ
3860 3068 3871 3082 '

2254 3136 2290 3202 τι,
2320 3135 2374 3192 δὲ
2407 3135 2444 3192 ι’
2474 3135 2613 3198 διάτ.
2648 3145 2742 3194 τοῦ
2773 3139 2966 3197 ια’τίτ.
2991 3146 3085 3197 τοῦ
3109 3139 3159 3196 α’
3183 3138 3331 3216 βιϐλ,
3361 3128 3512 3199 θέλει
3541 3146 3662 3209 τοὺς
3686 3128 3874 3209 ⁸Ἐλλή-

2255 3247 2344 3291 νας
2385 3227 2725 3302 βαπτίζεσθαι
2770 3228 2858 3284 καὶ
2897 3229 2959 3284 τὰ
2994 3229 3154 3286 τέκνα
3197 3234 3397 3305 αὐτῶν,
3463 3234 3632 3312 χωρὶς
3695 3230 3872 3288 ἀναϐο-

2253 3314 2384 3388 λῆς,
2428 3318 2594 3394 μικρὰ
2635 3315 2760 3372 ὄντα
2796 3333 2810 3346 ⁵
2869 3319 2935 3374 τὰ
2978 3315 3033 3374 δὲ
3066 3317 3251 3375 τέλεια
3281 3318 3728 3399 προδιδάσκεσθαι
3756 3320 3874 3377 κατὰ

2252 3409 2374 3473 τοὺς
2433 3411 2658 3472 κανόνας
2689 3410 2784 3471 τὰς
2817 3410 3028 3488 Γραφάς
3062 3425 3077 3441 ⁸
3114 3412 3148 3479 ἡ
3180 3409 3235 3466 δὲ
3264 3409 3317 3490 γ’
3360 3411 3504 3484 διᾶτ,
3546 3416 3641 3469 τοῦ
3691 3413 3741 3490 γ’
3783 3413 3872 3472 τίτ.

2251 3502 2358 3555 τῶν
2382 3503 2606 3576 νεαρῶν,
2641 3497 2727 3554 ἐπὶ
2767 3497 2962 3555 διετίαν
3012 3497 3154 3556 θέλει
3184 3502 3312 3566 τοὺς
3343 3500 3585 3567 τελείους
3616 3503 3866 3581 Σαμαρεί-

2252 3608 2346 3653 τας
2376 3591 2771 3667 κατηχετσθαι.

2335 3683 2586 3738 ΚΕΦΑΛ.
2628 3678 2718 3740 H’.
2764 3713 2846 3725 —
2889 3680 3012 3755 Περὶ
3055 3679 3366 3737 ἐπισκόπων
3410 3681 3446 3747 ἢ
3497 3680 3765 3760 κληρικῶν
3792 3677 3872 3736 δε-

2249 3766 2502 3844 χομένων
2532 3767 2813 3844 βάπτισμα
2843 3771 3148 3846 αἱρετικῶν.

2693 3857 3041 3915 Ἀποστόλων
3076 3860 3253 3916 χανὼν
3286 3859 3434 3935 pg".

2328 3945 2472 4020 μς’.
2521 3945 2851 4004 Ἐπίσκοπον
2909 3948 2946 4016 ἢ
2991 3947 3343 4028 πρεσϐύτερον
3407 3953 3691 4030 αἱρετικῶν
3732 3949 3872 4015 δεξα-

2244 4033 2438 4109 μένους
2469 4036 2776 4114 βάπτισμα,
2801 4060 2854 4096 κ.
2885 4059 2938 4096 τ.
2973 4037 3026 4099 λ.

2328 4131 2577 4189 ΚΕΦΑΛ.
2628 4125 2714 4190 Θ⁹.
2761 4162 2839 4174 -
2890 4131 3018 4208 Περὶ
3069 4135 3176 4187 τῶν
3233 4132 3287 4185 εν
3346 4129 3490 4206 νόσῳ
3552 4129 3870 4208 βαπτιζομέ-

2245 4234 2372 4278 νων,

2556 4305 2784 4363 Σονόδου
2819 4310 3232 4388 Νεοκαισαρείας
3276 4311 3452 4368 κανὼν
3487 4309 3587 4389 ιβ’.

2321 4395 2417 4471 ιβ’.
2453 4393 2580 4454 Ἐὰν
2609 4403 2782 4454 νοσῶν
2813 4419 2896 4462 τις
2927 4403 3192 4479 φωτισθῇ,
3223 4422 3278 4460 κ.
3314 4420 3368 4462 τ.
3402 4399 3458 4466 λ,

2568 4575 2800 4636 Συνόδου
2843 4575 3157 4642 Λαοδικείας
3201 4581 3378 4637 κανὼν
3423 4576 3539 4656 μζ’.

2313 4667 2428 4738 μζ’.
2461 4664 2585 4724 "Ott
2612 4663 2699 4723 δεῖ
2728 4669 2848 4731 τοὺς
2884 4667 2940 4722 ἐν
2970 4668 3132 4742 νόσῳ,
3167 4692 3223 4732 κ,
3253 4692 3306 4732 τ.
3341 4669 3397 4730 λ.

2541 4753 2772 4812 Συνόδου
2819 4757 3196 4836 Καρθαγέννης
3239 4760 3420 4816 κανὼν
3465 4760 3582 4835 με’.

2313 4843 2436 4921 Περὶ
2490 4851 2598 4910 τῶν
2671 4845 3063 4926 ἀσθενούντων,
3107 4847 3205 4904 καί
3278 4849 3412 4928 ὑπὲρ
3471 4849 3682 4906 ἑαυτῶν
3737 4847 3871 4904 ἀπο·

2227 4933 2491 5012 κρίνεσθαι
2523 4936 2602 5008 μὴ
2635 4933 2965 5011 δυναμένων,

2308 5021 2419 5085 με’.
2453 5023 2624 5080 ’Ὥστε
2651 5025 2774 5090 τοὺς
2807 5024 3186 5100 ἀσθενοῦντας,
3241 5027 3442 5092 οἵτινες
3490 5028 3626 5106 ὑπὲρ
3675 5028 3868 5083 ἑαυτῶν

2227 5113 2602 5191 ἀποκρίνεσθαι
2648 5119 2708 5173 οὒ
2754 5113 3030 5192 δύνανται,
3086 5116 3209 5173 τότε
3254 5118 3629 5197 βαπτίζεσθαι,
3664 5117 3754 5174 ὅτε
3805 5122 3868 5189 τῇ

2226 5207 2400 5262 αὐτῶν
2429 5204 2735 5285 προαιρέσει
2795 5205 2896 5273 τὴν
2939 5205 3060 5283 περὶ
3112 5206 3286 5264 αύτῶν
3315 5207 3611 5288 μαρτυρίαν
3650 5203 3865 5280 κινδύνῷ

2224 5290 2339 5367 ἰδίῳ
2369 5292 2629 5360 εἴπωσιν.

564 5653 629 5707 56
656 5654 832 5722 Rom.
864 5669 949 5734 ιιι,
986 5653 1084 5720 19.
1167 5655 1229 5708 57
1259 5653 1376 5719 Aut
1403 5656 1686 5736 apostatis
1717 5655 2144 5738 paenitentibus
2184 5672 2245 5733 et
2271 5665 2348 5731 ad
2377 5663 2566 5730 Deum
2601 5665 2931 5732 conversis.
