4004 6230
507 368 625 439 623

1688 369 1951 438 PHOTII
1993 368 2509 438 PATRIARCHA']
2551 371 2666 439 GP.

3709 373 3802 442 6‘24

505 509 614 575 lib.
649 526 810 584 χχιχ,
839 509 928 570 tit.
973 507 1034 585 5,
1066 506 1284 587 digest.
1321 509 1421 572 14.
1455 509 1788 590 [traditur.]
1822 514 1923 574 Est
1946 518 2113 573 auten

2228 508 2336 589 διγ,
2399 509 2488 567 ιδ’⁸
2550 509 2661 566 ἔστι
2705 509 2760 566 δὲ
2819 509 2951 593 ἥϐη,
3000 514 3091 570 ἒπί
3144 514 3243 588 μὲν
3300 521 3388 572 τοῦ
3431 513 3690 594 aiis.ch
3737 513 3795 570 ιδ’

503 599 786 682 pubertas
815 597 878 658 in
905 598 1167 660 masculo
1198 598 1470 661 decimus
1492 612 1734 680 quartus
1763 621 1956 663 annus
1976 620 2136 663 com-

501 690 726 770 pictus,
779 688 840 748 in
887 688 1112 752 femina
1158 707 1297 750 vero
1351 690 1486 750 £62
1538 691 1655 752 duo
1705 691 2024 754 decimus:
2078 697 2144 752 ut

499 778 604 841 lib.
637 795 838 850 XXVIII,
866 779 954 838 tit.
995 780 1046 853 1,
1083 778 1295 859 digest.
1333 781 1393 857 5,
1429 790 1490 843 et
1521 780 1626 843 lib.
1663 781 1797 842 cod.
1827 781 1886 855 5,
1912 781 2000 845 tit.
2036 779 2137 855 60,

498 876 690 932 const.
717 867 776 942 3,
805 869 883 945 [et
914 867 1048 948 lib.]
1082 868 1271 930 instit.
1312 871 1363 946 l,
1389 871 1480 934 tit.
1513 871 1612 945 Ὦ,
1651 870 1938 950 [docent.]
1971 869 2141 943 Quod

496 963 545 1023 si
578 959 910 1042 aliquibus,
934 960 1129 1024 donec
1165 962 1427 1042 puberes
1449 963 1616 1037 ﬂant,
1641 963 1924 1025 alimenta
1956 963 2144 1042 legata

492 1053 612 1114 sint
641 1073 655 1114 :
694 1051 1021 1128 masculus,
1051 1053 1248 1114 donec
1278 1052 1580 1116 decimum
1617 1061 1884 1116 octavum
1918 1071 2138 1115 annum

502 1143 896 1222 compleverit
931 1162 944 1204 :
981 1141 1224 1223 femina,
1261 1141 1452 1206 donec
1493 1143 1794 1206 decimum
1834 1151 2136 1224 quartum,

499 1235 791 1316 percipit:
817 1243 884 1297 ut
906 1233 1014 1298 lib.
1042 1234 1411 1312 xxx1v,tit.1.
1428 1235 2005 1316 [digest.l4.habet.]
2024 1234 2136 1296 lm-

488 1323 677 1405 pubes
694 1325 907 1387 falsum
935 1343 1052 1386 non
1072 1325 1414 1390 committit:
1443 1333 1505 1387 ut
1537 1325 1642 1387 lib.
1677 1341 1881 1404 xnvm,
1913 1326 2004 1386 tit.
2030 1326 2130 1402 10,

486 1414 709 1494 digest.
733 1414 834 1476 2?.
868 1413 1226 1477 Adulterum
1248 1423 1377 1494 post
1401 1414 1781 1496 pubertatem
1813 1414 2134 1477 committi-

484 1511 620 1566 tur:
648 1513 716 1566 ut
745 1504 960 1584 digest.
983 1504 1088 1579 36,
1120 1503 1212 1564 tit.
1246 1505 1308 1580 5,
1333 1505 1606 1585 ejusdem
1643 1521 1840 1584 vam,
1864 1503 1971 1568 lib.
2006 1503 2125 1566 No-

480 1594 636 1655 vella
683 1611 910 1673 xxxvu,
945 1610 1082 1670 quae
1112 1593 1186 1654 de
1230 1592 1522 1657 Ecelesiis
1558 1593 1859 1658 Africanis
1892 1602 2126 1670 tractat,

477 1682 561 1743 ait
590 1681 990 1762 rebaptizatos
1037 1682 1296 1744 militare
1341 1683 1585 1764 quidem
1641 1701 1761 1746 non
1793 1701 1990 1764 posse,
2023 1684 2130 1748 sed

477 1777 680 1834 tamen
711 1771 1081 1852 paenitentiae
1114 1771 1312 1834 locum
1346 1773 1594 1839 habere.

2219 603 2459 663 ὶνιαυτὸς
2514 599 2967 677 πεπληρωμένος·
3021 602 3107 660 ἐπὶ
3136 602 3192 659 δὲ
3247 609 3346 670 τῆς
3372 607 3593 683 θηλείας,
3631 607 3660 672 ἦ
3685 626 3805 676 συμ-

2223 689 2500 771 πλήρωσις
2551 696 2646 747 τοῦ
2679 689 2748 767 ιβ’
2798 690 3060 767 ἐνιαυτοῦ,
3095 695 3168 758 ὡς
3199 691 3342 770 βιϐλ.
3376 694 3466 761 κη’
3515 695 3609 752 τίτ.
3638 693 3682 749 α’
3721 691 3805 770 δίγ,

2224 781 2292 858 ε’,
2327 783 2414 838 καὶ
2443 779 2590 856 βιϐλ.
2623 779 2718 837 τοῦ
2745 779 2877 844 κώδ,
2912 781 2957 837 ε’
2985 782 3089 846 τίτ.
3125 781 3167 848 ξ’
3200 781 3337 846 διάτ.
3373 784 3447 862 γ’.
3478 785 3560 840 καὶ
3583 785 3806 841 ίνστιτου·

2225 871 2374 930 τίων.
2423 869 2475 926 α’
2540 870 2646 930 τίτ.
2691 871 2803 947 κβ’·
2870 873 2914 928 εἰ
2958 871 3014 928 δέ
3068 894 3176 930 τισι
3234 872 3530 952 ληγατευθῆ
3578 871 3811 951 ἆποτροοὴ

2226 959 2325 1026 ἕως
2381 962 2442 1016 οὗ
2471 962 2600 1016 εἰσιν
2651 957 2864 1034 ἄνηϐοι,
2900 962 2928 1017 ὁ
2981 962 3078 1037 μὲν
3123 961 3284 1040 ἅῤῥην
3342 960 3610 1038 λαμϐάνει,
3648 962 3736 1025 ἕως
3768 965 3814 1019 οὗ

2230 1049 2490 1130 πληρώσῃ
2521 1051 2613 1106 τὶν
2659 1047 2736 1117 ιη’
2763 1049 3025 1130 ἐνιαυτὸν,
3059 1053 3093 1118 ἡ
3141 1051 3193 1108 δὲ
3224 1050 3410 1122 θήλεια
3439 1053 3525 1108 τὸν
3555 1049 3635 1126 ιδ’,
3663 1054 3724 1114 ὡς
3746 1051 3812 1126 βι-

2223 1136 2311 1198 ϐλ.
2343 1137 2422 1194 λδ⁹
2451 1139 2501 1195 τί
2514 1162 2566 1200 σ,
2604 1139 2678 1194 α”
2731 1137 2930 1206 ἄνηϐος
2961 1139 3016 1195 δὲ
3057 1143 3119 1198 τὸ
3153 1140 3390 1198 πλαστὸν
3434 1142 3493 1198 οὗ
3521 1138 3813 1217 πλημμελεῖ,

2219 1232 2290 1294 ὼς
2321 1226 2466 1306 βιϐλ,
2501 1227 2601 1303 μη’
2631 1229 2735 1288 τίτ.
2771 1229 2808 1285 ι’
2849 1227 2954 1307 δίγ.
2988 1227 3098 1306 κβ’·
3135 1233 3223 1287 καὶ
3267 1230 3300 1299 ἧ
3340 1231 3556 1312 μοιχεία
3583 1231 3700 1305 μετὰ
3729 1228 3809 1295 τὴν

2224 1317 2364 1386 ἥϐην
2395 1315 2832 1394 πλημμελετται,
2863 1319 2936 1382 ὡς
2969 1317 3078 1398 διγ,
3115 1321 3210 1394 λς’
3211 1319 3225 1342 ’
3255 1326 3350 1378 τοῦ
3383 1318 3419 1377 ι’
3447 1322 3547 1378 τίτ.
3578 1328 3662 1378 τοῦ
3687 1319 3814 1375 αὖτοῦ

2221 1407 2318 1483 μη⁹
2371 1405 2518 1484 βιϐλ,
2585 1405 2640 1463 δὲ
2703 1405 3134 1484 διαλαμϐάνουσα
3192 1411 3310 1488 περὶ
3369 1416 3474 1467 τῶν
3517 1407 3812 1474 Ἐκκλησιων

2217 1502 2480 1578 Ἀφρικῆς
2554 1494 2634 1567 λζ’
2691 1497 2871 1576 νεαρὰ,
2919 1499 3102 1577 φησὶν,
3137 1497 3219 1555 ὅτι
3269 1502 3316 1556 οἱ
3359 1496 3812 1569 ἀναϐαπτισθὲντες,

2213 1587 2587 1664 στρατεύεσθαι
2632 1585 2730 1663 μὲν
2783 1585 2843 1643 οὗ
2892 1585 3163 1662 δύνανται,
3219 1589 3523 1666 μεταμέλου
3565 1586 3614 1644 δὲ
3662 1587 3816 1666 χώραν

2213 1675 2432 1757 ἔχουσιν
2443 1722 2457 1736 .

557 1860 727 1928 CAP.
759 1860 915 1926 XIV.
951 1896 1026 1908 —
1058 1863 1320 1938 Quinam
1353 1882 1432 1926 ex
1461 1863 1759 1927 haereticis
1790 1862 1868 1926 ad
1913 1864 2113 1928 ortho-

2295 1860 2544 1917 ΚΕΦΑΑ.
2598 1864 2688 1920 ΙΔ.
2738 1890 2816 1902 -
2863 1856 3010 1921 Τίνες
3062 1857 3115 1924 ἓξ
3165 1858 3445 1935 αἰρετικῶν
3490 1859 3561 1922 εἱς
3609 1857 3697 1924 τὴν
3738 1857 3814 1935 ὀρ·

471 1952 725 2016 doxiam
750 1958 1145 2017 transeuntes
1177 1953 1852 2036 baptizentur,quinam
1885 1959 2113 2019 tantum

2209 1943 2443 2010 θοδοξίαν
2520 1948 2822 2024 μετιόντες,
2887 1947 3257 2025 βαπτίζονταν
3326 1951 3413 2006 καὶ
3489 1950 3619 2014 τίνες
3681 1949 3812 2023 μόνον

471 2050 814 2124 angantur.
1607 2034 1622 2036 ”

2209 2034 2485 2115 χρίονται.

852 2137 1130 2200 Concilii
1158 2136 1381 2200 Νέοεηὶ
1409 2155 1606 2202 canon
1643 2138 1741 2202 l9.

554 2234 654 2298 19.
692 2235 778 2297 De
805 2231 1210 2308 Paulianistis,
1243 2239 1389 2308 etc.,
1425 2240 1491 2296 ut
1520 2251 1658 2314 pag.
1695 2232 1836 2296 559.

737 2325 1005 2390 Concilii
1033 2326 1367 2390 [καθαίρειιί
1398 2344 1658 2389 canones
1689 2329 1747 2404 7,
1787 2327 1846 2389 8.

544 2424 606 2484 7.
640 2420 756 2482 Eos
807 2419 908 2499 qui
959 2437 1028 2480 ex
1077 2420 1436 2492 haeresibus,
1469 2421 1584 2482 hoc
1639 2429 1752 2495 est,
1789 2419 2113 2484 Novatianis

2287 2423 2361 2495 ζ’.
2438 2424 2560 2501 Περὶ
2617 2431 2711 2480 τοῦ
2761 2424 2884 2486 τοὺς
2957 2423 3018 2479 ἐκ
3072 2430 3179 2480 τῶν
3250 2425 3527 2503 αἱρέσεων,
3585 2422 3811 2481 τουτέστιν

465 2512 595 2574 sive
620 2509 1017 2589 Photinianis,
1055 2512 1144 2572 vel
1177 2509 1744 2573 Tessaresdecatitis
1774 2520 2113 2574 convertun.

2211 2519 2577 2588 Ναυατιανῶυ,
2631 2511 2749 2580 ἤτοι
2806 2520 3206 2595 Φωτεινιανῶν,
3269 2513 3811 2593 Τεσσαρεσκαιδεκατι-

468 2608 586 2680 tur,
619 2606 744 2662 sive
768 2600 1260 2675 catechumenos,
1288 2601 1410 2662 sive
1441 2601 1544 2679 qui
1566 2601 1721 2679 apud
1748 2601 1882 2663 illos
1913 2603 2113 2665 ﬁdeles

2209 2603 2307 2659 τῶν
2396 2601 2895 2682 ἐπιστρεφομένους,
2959 2601 3138 2660 εἵτουν
3210 2604 3671 2684 κατηχουμένους,
3721 2601 3810 2657 εἴτε

465 2690 774 2766 dicuntur,
807 2707 926 2749 non
945 2689 1180 2750 admitti
1208 2690 1554 2769 priusquam
1581 2708 1823 2751 omnem
1848 2692 2113 2753 haeresim

2209 2692 2450 2770 πιστοὺς,
2495 2692 2618 2751 τοὺς
2683 2691 2809 2769 παρ’
2868 2691 3091 2757 ἐκείνοις
3151 2693 3230 2767 μὴ
3290 2693 3673 2774 προσδέχεσθαι
3712 2690 3812 2767 πρίν

461 2779 1128 2855 anathematizaverint,
1158 2788 1214 2840 et
1239 2779 1546 2861 praecipue
1571 2797 1702 2841 eam
1739 2780 1798 2841 in
1833 2799 1949 2860 qua
1972 2783 2113 2844 deti-

2209 2780 2264 2838 Ξίν
2309 2781 2734 2857 ἂναθεματίσωσι
2787 2788 2960 2840 πᾶσαν
3017 2781 3251 2862 αἵρεσιν,
3288 2781 3569 2862 ἐξαιρετως
3616 2782 3666 2838 δὲ
3693 2780 3738 2836 ἐν
3784 2778 3812 2845 ᾗ

462 2871 808 2947 nebantur;
860 2877 921 2932 et
957 2876 1098 2930 tunc
1130 2869 1424 2950 deinceps
1475 2886 1603 2944 eos,
1640 2869 1744 2949 qui
1773 2869 1929 2949 apud
1985 2870 2113 2932 illos

2209 2876 2548 2954 κατείχοντο⁶
2616 2875 2702 2931 οιαὶ
2757 2877 2877 2931 τότε
2934 2873 3125 2932 λοιπὸν
3168 2877 3290 2941 τοὺς
3344 2875 3660 2955 λεγομένους
3711 2869 3812 2950 παρ’

459 2960 670 3024 ﬁdeles
729 2959 1108 3034 dicebantur,
1172 2959 1314 3022 ﬁdei
1376 2957 1646 3040 symbola
1704 2959 1999 3034 dicentes,
2061 2971 2113 3024 et

2209 2966 2385 3024 αὐτοῖς
2426 2965 2648 3028 πιστοὺς
2695 2963 3131 3039 ἐκμανθάνοντας
3189 2966 3254 3022 τᾶ
3290 2968 3395 3033 τῆς
3426 2969 3649 3030 πίστεως
3697 2964 3809 3038 σύμ·

457 3061 665 3114 sancto
720 3049 1048 3112 chrismate
1097 3048 1400 3126 inunctos,
1437 3049 1525 3110 sic
1575 3056 1783 3112 sancto
1833 3050 2113 3129 mysterio

2209 3052 2334 3112 Ξολα
2381 3055 2700 3134 χρισθέντας
2743 3075 2800 3110 τε
2846 3061 2921 3128 τῷ
2964 3055 3102 3133 ἁγίῳ
3145 3057 3433 3137 χρίσματι,
3480 3057 3614 3115 οὓτω
3643 3074 3810 3111 κοινω-

456 3142 930 3204 communicare.

2209 3156 2312 3200 νεῖν
2355 3147 2462 3200 τῶν
2492 3144 2799 3221 μυστηρίων
2828 3149 2936 3199 τῶν
2968 3144 3156 3221 ἁγίων,

539 3231 598 3294 8.
633 3231 755 3292 Eos
785 3228 888 3310 qui
911 3226 986 3290 ab
1014 3245 1222 3290 eorum
1248 3227 1464 3290 haeresi
1484 3227 1584 3308 qui
1616 3225 1875 3308 Phryges
1905 3227 2113 3290 dicun-

2275 3231 2359 3299 η’.
2419 3233 2542 3308 Περὶ
2599 3233 2722 3296 τοὺς
2781 3231 2888 3288 ἀπὸ
2937 3237 3035 3299 τῆς
3089 3234 3344 3313 αἱρέσεως
3390 3242 3502 3293 τῶν
3544 3233 3808 3313 λεγομένων

455 3330 575 3398 tur,
615 3327 1072 3395 convertuntur,
1097 3318 1222 3380 sive
1246 3320 1366 3379 sint
1398 3318 1455 3378 in
1477 3317 1640 3380 clero
1673 3319 1774 3398 qui
1805 3317 2111 3398 apudillos

2209 3328 2416 3400 βρυγῶν
2474 3320 2910 3400 ἐπιστρέφοντας,
2943 3322 2987 3377 εἰ
3047 3324 3134 3380 καὶ
3191 3323 3246 3381 ἓν
3276 3323 3466 3404 κλήρῳ
3517 3322 3808 3400 νομιζομένῴ

456 3410 876 3473 existimantur
933 3408 1056 3470 sive
1112 3408 1355 3470 maximi
1406 3407 1706 3484 dicantur,
1743 3426 1953 3470 omnes
2002 3424 2109 3472 eos

2209 3410 2317 3490 ταρ⁹
2370 3415 2557 3474 αὒτοτς
2615 3409 2966 3491 τυγχάνοιεν,
3031 3414 3073 3468 εἱ
3125 3413 3214 3470 καὶ
3272 3413 3523 3493 μέγιστδι
3575 3411 3804 3491 λέγοιντο,

2186 3501 2311 3566 τοὺς
2368 3500 2639 3564 τοιούτους
2674 3501 2810 3575 μετὰ
2866 3501 3046 3568 πάσης
3105 3501 3426 3578 ἒπιμελείας
3485 3499 3807 3582 κατηχεῖσθαί

2186 3611 2244 3646 τε
2299 3589 2394 3646 καῖ
2423 3589 2762 3666 βαπτίζεσθαι
2813 3589 2917 3646 ὑπὸ
2961 3595 3068 3647 τῶν
3127 3597 3224 3659 τῆς
3259 3593 3558 3663 ἐκκλησίας
3613 3587 3804 3649 immi-

2186 3701 2302 3736 πων
2346 3702 2406 3737 τε
2437 3678 2531 3736 καί
2579 3676 2972 3757 πρεσϐύτερων,

2385 3771 2612 3830 Συνὸδου
2655 3773 3268 3840 Σωνσταντινουπόλεως
3325 3776 3510 3834 κανὼν
3569 3775 3636 3847 ζ’.

2607 2135 2836 2195 Συνόδου
2881 2142 3106 2204 Νικαίας
3152 2139 3328 2196 κανὼν
3363 2137 3456 2204 ιθ’.

2293 2232 2384 2297 ιθ’.
2419 2234 2544 2310 Περὶ
2586 2237 2694 2290 τῶν
2727 2232 3222 2310 Παυλιανισᾶντων,
3274 2258 3327 2297 κ.
3376 2258 3430 2299 τ,
3463 2235 3517 2298 λ,

2556 2326 2783 2385 Συνόδου
2809 2326 3120 2392 Λαοδικείας
3150 2330 3326 2387 κανὼν
3355 2331 3405 2400 ζ’
3434 2329 3518 2397 η’,

455 3518 590 3562 cum
623 3498 785 3560 omni
817 3496 1016 3559 studio
1048 3495 1409 3559 catechizari
1435 3514 1542 3558 seu
1578 3497 1802 3558 initiari
1831 3505 1890 3559 et
1917 3497 2107 3578 bapti-

452 3589 598 3652 zarii
627 3586 701 3651 ab
732 3587 1017 3651 Ecclesiae
1050 3586 1350 3668 episcopis
1387 3594 1444 3650 et
1477 3585 1860 3667 presbyteris.

559 3768 820 3834 Concilii
852 3765 1521 3848 Constantinopolitani
1553 3783 1750 3828 canon
1779 3767 1811 3828 7
1846 3766 2000 3846 (45).

527 3867 588 3929 7.
624 3864 743 3927 Eos
771 3863 875 3946 qui
907 3871 1088 3925 rectae
1114 3861 1255 3923 fidei
1298 3860 1688 3941 adjiciuntur,
1718 3869 1777 3922 et
1810 3863 1961 3941 parti
1992 3881 2102 3924 eo-

445 3974 578 4018 rum
602 3954 704 4037 qui
725 3974 796 4016 ex
815 3953 1120 4016 haereticis
1142 3961 1482 4026 servantur,
1507 3950 1860 4030 recipimus,
1879 3970 2102 4013 secun-

445 4045 587 4108 dum
626 4045 761 4106 1Βῦ
793 4044 1125 4124 subjectam
1181 4043 1280 4106 hic
1312 4041 1804 4121 consequentiam
1855 4050 1913 4102 et
1948 4060 2098 4104 con-

442 4135 824 4197 suetudinem
880 4133 1142 4196 Arianos
1196 4132 1439 4214 quidem
1493 4139 1552 4193 et
1605 4130 2092 4211 Macedonianos,

443 4231 501 4286 et
531 4222 928 4286 Sabbatianos
962 4222 1116 4302 (46),
1150 4229 1209 4283 et
1239 4221 1625 4296 Novatianos,
1661 4220 1763 4301 qui
1795 4219 2003 4282 dicunt
2027 4241 2095 4286 se

439 4314 603 4393 ipsos
629 4311 921 4374 Catharos
953 4318 1013 4372 et
1043 4311 1370 4383 Aristeros,
1407 4313 1520 4374 hoc
1557 4320 1668 4384 est,
1701 4310 1982 4387 mundos,
2009 4312 2102 4375 vel

438 4401 765 4482 sinistros),
795 4407 854 4462 et
881 4399 1458 4474 Tessaresdectitas,
1497 4400 1624 4464 sive
1648 4399 2010 4477 Tetraditas,
2044 4410 2103 4465 et

2209 4425 2279 4466 τας
2328 4402 2491 4483 ἤγουν
2537 4403 2875 4484 τευραδίτας,
2934 4407 3024 4463 καὶ
3070 4406 3549 4485 Ἀπολιναριστὰς,
3593 4405 3797 4485 δεχόμε-

438 4489 890 4572 Apollinaristis
910 4489 1484 4571 recipimus,dantes
1507 4490 1753 4571 quidem
1774 4489 2103 4570 libellos,et

2209 4515 2248 4550 ια
2315 4493 2550 4561 διδόντας
2619 4494 2896 4571 λιβέλλους
2951 4499 3039 4553 καὶ
3104 4497 3592 4574 ἂναθεματίζοντας
3654 4500 3799 4551 πᾶσαν

439 4600 682 4646 omnem
708 4579 987 4644 haeresim
1005 4580 1752 4660 anathematizantes,qum
1773 4600 1893 4642 non
1918 4587 2102 4666 sentit

2209 4582 2391 4661 ι’ίρεσιν
2435 4585 2512 4660 μὴ
2569 4593 2864 4663 φρονεῦσαν
2913 4587 2986 4652 ὡς
3043 4587 3235 4666 φρονεῖ
3277 4589 3313 4657 ἡ
3357 4586 3488 4666 ἁγία
3546 4593 3635 4644 τοῦ
3689 4587 3799 4639 Θίοὸ

438 4682 504 4738 ιιι
534 4684 738 4737 sancta
763 4673 872 4736 Dei
901 4669 1201 4734 catholica
1231 4678 1288 4731 et
1323 4671 1657 4750 apostolica
1686 4669 1960 4734 Ecclesia
1991 4692 2006 4754 ;
2041 4693 2099 4749 ei

2209 4671 2438 4742 ,αθολικὴ
2481 4677 2570 4732 καὶ
2611 4673 2945 4742 ἀποστολικὴ
3002 4673 3326 4752 Ἐκκλησία,
3372 4672 3798 4757 σφραγίζομένους

437 4763 858 4847 signatos,sive
884 4769 1097 4824 unctos
1131 4759 1388 4841 primum
1417 4767 1625 4821 sancto
1655 4760 2004 4843 chrismate,
2035 4783 2096 4834 ei

2209 4783 2298 4828 ,τοι
2346 4763 2664 4844 χρωμένους
2723 4764 2936 4843 πρῶτον
2984 4771 3062 4840 τῷ
3092 4765 3228 4844 ἁγίῳ
3287 4766 3440 4845 μύρῳ
3491 4766 3552 4822 τό
3602 4760 3797 4836 τεμέτ-

437 4857 723 4929 frontem,
757 4861 816 4915 et
863 4849 1092 4925 oculos,
1129 4857 1188 4912 et
1237 4866 1435 4930 nares,
1469 4857 1529 4910 et
1559 4865 1647 4925 os,
1681 4857 1741 4910 et
1785 4868 1986 4912 aures.
2023 4851 2093 4914 Et

2209 4875 2346 4930 mov,
2380 4858 2468 4911 καὶ
2497 4856 2620 4920 τοὺς
2654 4854 2982 4936 ὀφθαλμοὺς,
3015 4856 3112 4914 καῖ
3147 4858 3243 4922 τὰς
3273 4857 3452 4935 ῥῖνας,
3487 4857 3575 4914 καὶ
3604 4855 3659 4911 τὸ
3687 4850 3797 4906 στό-

434 4963 538 5008 eos
566 4944 874 5023 signantes
916 4939 1196 5015 dicimus,
1233 4937 1618 5018 Signaculum
1653 4936 1796 4998 doni
1826 4938 2090 5017 Spiritus

2209 4965 2270 5017 α,
2317 4946 2406 5001 καὶ
2462 4946 2528 5002 τὰ
2567 4948 2702 5003 ῶτιν
2749 4947 2838 5002 καὶ
2895 4947 3271 5026 σφραγίζοντες
3321 4948 3512 5011 αὐτοὺς
3569 4943 3792 5022 λέγομεν

433 5031 835 5111 sancti.Atqui
857 5029 1289 5103 Eunomianos,
1321 5028 1424 5110 qui
1451 5027 1514 5090 in
1539 5044 1717 5090 unam
1749 5027 2088 5092 demersio-

2209 5035 2403 5113 πφραγῖς
2443 5033 2643 5114 δωρεᾶς
2687 5035 2997 5111 Πνεύματος
3051 5037 3226 5116 ἆγίου⁰
3273 5040 3632 5114 Εὖνομιανοῦς
3680 5029 3796 5108 μίν-

432 5140 570 5186 nem
599 5120 1018 5202 baptizantur;
1052 5129 1110 5183 et
1129 5118 1650 5198 Montanistas,qui
1685 5117 1781 5180 hic
1803 5116 2088 5183 dicuntur

2209 5144 2252 5178 οι
2323 5124 2444 5190 τοὺς
2539 5127 2614 5190 είς
2685 5125 2810 5200 μίαν
2880 5125 3166 5184 κατάδυσιν
3237 5126 3659 5204 βαπτιζομένους
3721 5118 3794 5175 καῖ

432 5211 722 5295 Phryges,
749 5219 808 5274 et
836 5209 1214 5276 Sabellianos
1243 5210 1347 5293 qui
1378 5211 1655 5274 eumdem
1686 5226 1824 5272 esse
1848 5205 2084 5274 Patrem

2209 5216 2544 5281 [οντανιστὰς
2602 5215 2724 5278 τοὺς
2782 5212 3003 5274 ινταῦθα
3063 5213 3382 5296 λεγομένους
3445 5215 3677 5294 Φρύγας,
3721 5206 3794 5264 καὶ

2261 3865 2335 3938 ζ’.
2380 3867 2516 3931 Τοὺς
2547 3865 2993 3945 προστιθεμένους
3030 3874 3100 3945 τῇ
3156 3865 3432 3946 ὁρθοδοξίᾳ
3484 3871 3569 3926 καὶ
3602 3875 3665 3946 τῇ
3714 3885 3801 3942 με·

2187 3952 2285 4030 ρίδι
2330 3955 2437 4012 τῶν
2481 3957 2800 4032 σωζομένων
2855 3957 2963 4013 ἀπὸ
3022 3958 3304 4030 αἱρετικῶν
3359 3954 3653 4039 δεχόμεθα,
3694 3954 3802 4012 uti

2183 4044 2283 4111 τὴν
2387 4044 2832 4124 ὒποτεταγμένήν
2931 4044 3248 4104 ἀκολουθίαν
3329 4049 3423 4104 καὶ
3529 4048 3800 4115 συνήθειαν.

2187 4124 2484 4211 Ἀρειανοὺς
2540 4135 2641 4211 μὲν
2697 4135 2787 4192 καί
2855 4134 3306 4211 Μακεδονιανοὺς,
3365 4137 3458 4193 καὶ
3525 4133 3798 4193 Σαὲϐιτια-

2194 4223 2338 4299 νοὺς,
2371 4224 2469 4281 καί
2504 4225 2883 4297 Ναυατιανοὺς,
2927 4224 3051 4290 τοὺς
3094 4225 3349 4304 λέγοντας
3406 4226 3622 4290 ἑαυτοὺς
3652 4225 3803 4284 Καθα-

2184 4312 2305 4390 ροὺς
2359 4314 2456 4371 καί
2524 4314 2864 4393 Ἀριστεροὺς
2919 4317 3008 4374 καὶ
3051 4318 3173 4380 τοὺς
3245 4315 3801 4397 Τεσσαρεσκαιδεκατι-

2167 5378 2331 5455 lanae.
2367 5382 2509 5440 Vide
2537 5383 2712 5442 etiam
2736 5383 3044 5455 epistolam
3079 5384 3149 5441 ad
3175 5384 3507 5455 Martyrium
3537 5377 3789 5455 Antioch.

2164 5454 2320 5524 apud
2371 5448 2792 5514 Leunclaviuni
2824 5454 3045 5540 inﬂare
3085 5456 3270 5540 Graeco
3301 5448 3459 5514 Rom.
3502 5469 3636 5528 pag.
3680 5448 3788 5516 290,

2164 5526 2323 5570 Imdn
2355 5527 2453 5570 hin
2483 5542 2671 5570 nnnnn
2707 5527 3038 5570 dcem-mm:
3068 5529 3252 5570 Vidnrl
3284 5535 3474 5570 nnmcr

2163 5526 2323 5600 unde
2355 5527 2453 5600 hic
2483 5542 2672 5600 canon
2707 5527 3038 5599 descriptus
3068 5529 3253 5586 videri
3284 5535 3496 5600 potest.

2239 5599 2352 5668 (46)
2391 5599 2516 5656 Non
2553 5599 2777 5658 videtur
2809 5601 2960 5670 apud
2991 5599 3300 5658 Socratem
3319 5599 3785 5659 Sabbatianorum
3899 5617 3901 5670 ε

2163 5680 2378 5729 nomen
2417 5681 2764 5745 usurpatum
2796 5681 2931 5732 ante
2961 5685 3056 5731 an.
3087 5671 3326 5732 circiter
3362 5670 3488 5731 392.

505 5383 620 5456 (45)
670 5381 796 5456 Non
832 5388 923 5439 est
967 5383 1064 5438 hic
1094 5395 1285 5440 canon
1333 5379 2080 5456 inAArabicaparaphrasi,

430 5452 542 5514 nec
572 5452 628 5512 in
661 5453 1019 5511 Collectione
1049 5467 1341 5512 canonum
1394 5452 1635 5510 Joannis
1668 5452 1946 5524 Antioch.
1979 5454 2082 5524 qui

430 5537 486 5586 et
519 5527 914 5584 Scholasticus
946 5524 1140 5582 dictus
1181 5534 1288 5593 est,
1325 5526 1658 5592 patriarcha
1711 5523 1842 5589 CP.,
1875 5523 2076 5582 nec'in

426 5600 703 5680 Epitome
752 5610 1048 5680 canonum
1104 5595 1422 5680 -Symeonis
1485 5597 1792 5680 magistri,“
1829 5605 2082 5680 uterque

426 5638 1570 5749 ἴιῧὲἶξίθᾙέὄᾷῗιῇξ’ὸτιῐῖὲῖξὲιῐὶῖοοῖέ
1581 5638 2082 5749 ῗέῦἰὲὲὶιεξξῖιῦἷεὲ

421 5743 690 5806 concilii.
724 5741 836 5805 Est
866 5737 1108 5802 totidem
1144 5737 1338 5799 verbis
1359 5750 1551 5799 canon
1583 5737 1659 5797 η
1681 5737 1891 5811 synodi
1911 5737 2082 5800 Trul-

3919 4762 3921 4849 ι

3899 5475 3905 5634 1
