4148 6198
276 295 390 362 625

1077 291 1498 358 SYNTAGMA
1539 287 1943 357 CANONUM.
1989 321 2066 335 --
2097 290 2256 354 TIT.
2302 291 2409 370 IV,
2455 291 2620 355 CAP.
2667 289 2832 354 XIV.

3515 286 3634 353 626

271 427 662 492 Σαϐελλιανοὺς
689 427 812 493 τοὺς
841 427 1186 507 υἱοπατορίαν
1228 424 1600 496 διδάσκοντας,
1648 425 1744 484 καῖ
1776 425 1889 482 ἓτε-

1983 429 2039 486 et
2067 422 2282 486 Filium
2314 422 2993 505 opinantur,utrumque
3025 421 3201 484 simul
3237 422 3621 486 confunden-

270 522 331 597 ρά
389 541 507 576 τινα
568 517 788 600 χαλεπὰ
834 525 1148 587 ποιοῦντας,
1201 519 1288 574 καὶ
1343 517 1438 580 τὰς
1503 515 1668 583 ἄλλας
1726 517 1902 578 πάσας

270 609 495 686 αἱρέσεις
529 623 542 638 ⁸
594 607 784 676 ἐπειδὴ
839 607 1032 664 πολλοί
1090 609 1222 663 εἰσιν
1283 605 1506 663 ἐνταῦθα
1550 605 1788 682 μάλιστα
1857 607 1902 663 οἱ

266 699 372 755 ἀπὸ
425 701 527 765 τῆς
593 697 853 754 Γαλατῶν
900 697 1086 778 χώρας
1152 696 1471 777 ἐρχόμενοι,
1531 697 1733 760 πάντας
1779 697 1902 762 τοὺς

266 787 358 844 ἀπ’
404 789 578 845 αὐτῶν
632 787 888 844 θέλοντας
946 787 1318 865 προστίθεσθαι
1378 792 1447 862 τῇ
1489 784 1782 865 ὁρθοδοξία,
1829 787 1903 849 ὡς

264 878 542 945 Ἕλληνας
601 877 875 958 δεχόμεθα
918 893 932 908 ⁸
1002 877 1092 933 καὶ
1140 877 1241 944 τὴν
1301 877 1523 955 πρώτην
1555 875 1653 951 μὲν
1695 874 1903 954 ἡμέραν

264 969 522 1044 ποιοῦμεν
579 970 769 1025 αὐτοὺς
815 967 1192 1045 Χριστιανοὺς,
1223 967 1324 1033 τὴν
1373 963 1428 1022 δὲ
1479 963 1725 1044 δευτέραν
1766 987 1901 1022 κατ-

268 1058 606 1137 ηχουμένους
644 1074 658 1088 ⁸
741 1061 864 1114 εἶτα
935 1059 1005 1134 τῇ
1063 1056 1214 1134 τρίτῃ
1287 1055 1624 1134 έξορκίζομεν
1681 1055 1898 1134 αὖτοὺς,

262 1150 393 1223 μετὰ
455 1151 552 1206 τοῦ
604 1147 848 1226 ἐμφυσᾷν
899 1147 1077 1225 τρίτον
1135 1147 1209 1210 ἐῖς
1242 1147 1305 1202 τὸ
1337 1146 1649 1226 πρόσωπον,
1685 1147 1784 1202 καὶ
1828 1149 1901 1210 εἷς

262 1240 320 1295 τὰ
361 1241 502 1314 ὠτα,
536 1240 635 1294 καὶ
670 1236 837 1302 οὕτως
868 1243 1221 1316 κατηχοῦμεν
1251 1236 1465 1310 αὐτοὺς,
1505 1237 1594 1292 καὶ
1641 1242 1902 1311 ποιοῦμεν

259 1329 527 1406 χρονίζειν
585 1328 659 1391 εἷς
716 1327 815 1393 τὴν
889 1325 1209 1398 ἐκκλησίαν,
1297 1327 1388 1382 καὶ
1445 1325 1736 1405 ἀκροᾶσθαι
1793 1331 1899 1383 τῶν

257 1424 504 1496 Γραφιῦν,
538 1418 627 1473 καὶ
659 1417 780 1472 τότε
811 1415 998 1480 αὖτοὺς
1032 1415 1384 1491 βαπτίζομεν,

477 1504 711 1562 Συνόδου
741 1507 1128 1579 οίκουμενικῆς
1157 1504 1320 1570 ἕκτης
1352 1505 1526 1560 κανὼν
1561 1504 1675 1580 ζἐ’.

333 1597 448 1675 43'.
500 1599 633 1661 Τοὺς
669 1594 1116 1672 προστιθεμένοδς
1148 1599 1217 1670 τῇ
1247 1591 1519 1672 ὁρθοδοξίᾳ
1563 1596 1648 1650 καὶ
1678 1599 1748 1670 τῇ
1793 1613 1895 1669 με-

254 1690 346 1766 ρίδι
385 1693 492 1743 τῶν
554 1685 878 1761 σωζομένων
924 1683 1030 1740 ἀπὸ
1073 1684 1359 1762 αἱρετικῶν
1412 1682 1706 1764 δεχόμεθα,
1760 1683 1897 1741 κατὰ

1989 520 2102 589 tes,
2133 521 2191 575 et
2214 512 2328 573 alia
2345 512 2546 590 gravia
2568 521 2628 575 et
2652 512 2898 592 indigna
2930 512 3156 574 faciunt
3183 535 3196 578 :
3227 519 3286 574 et
3317 511 3463 574 alias
3493 531 3627 574 om-

1986 621 2096 665 nes
2125 603 2386 664 haareses
2420 624 2432 660 :
2471 603 2754 682 quoniam
2783 604 2879 664 hic
2906 603 3078 664 multi
3101 611 3246 664 sunt
3271 601 3631 677 hazretici,et

1990 693 2250 754 maxime
2282 690 2384 771 qui
2416 711 2487 754 ex
2520 691 2858 754 Galatarum
2894 691 3144 769 regione
3176 691 3423 754 veniunt
3451 712 3466 773 ;
3503 692 3633 772 qui-

1987 801 2224 862 cunque
2248 801 2314 844 ex
2340 781 2433 843 his
2456 791 2621 844 recte
2649 781 2789 843 fidei
2805 780 3027 843 ascribi
3049 781 3274 856 volunt,
3298 789 3360 842 ut
3389 783 3629 844 Grmcos

1984 872 2358 933 admittimus
2391 888 2406 932 :
2441 881 2498 933 et
2533 871 2726 951 primo
2757 871 3003 953 quidem
3040 871 3318 952 dieipsos
3338 870 3628 934 Christia-

1985 981 2095 1024 nos
2127 961 2399 1038 facimus;
2425 962 2694 1025 secundo
2719 962 3186 1024 catechumenos
3213 985 3230 1040 ;
3255 961 3478 1024 deinde
3497 968 3623 1023 ter-

1982 1052 2064 1113 tio
2082 1051 2492 1115 exorcizamus
2512 1052 2639 1114 sive
2661 1052 3013 1132 adjuramus
3031 1051 3220 1133 ipsos,
3251 1060 3343 1113 ter
3358 1051 3540 1114 simul
3563 1050 3624 1112 in

1989 1141 2199 1203 faciem
2237 1159 2447 1203 eorum
2476 1151 2534 1205 et
2557 1143 2739 1204 heres
2761 1140 3150 1202 insuﬂlando.
3182 1141 3254 1204 Et
3283 1141 3370 1204 sic
3391 1158 3494 1202 eos
3523 1159 3624 1202 ca-

1987 1231 2351 1294 techizamus
2376 1231 2500 1294 sive
2553 1230 2884 1305 initiamus,
2922 1239 2980 1292 et
3008 1249 3290 1294 curamus
3341 1239 3403 1292 ut
3449 1230 3624 1311 longo

1984 1329 2256 1399 tempore
2285 1329 2600 1384 versentur
2627 1321 2688 1382 in
2715 1320 3060 1395 ecclesia,et
3085 1320 3329 1384 audiant
3358 1320 3625 1402 Scriptu-

1981 1429 2120 1485 ras;
2155 1419 2215 1472 et
2250 1421 2388 1471 tunc
2423 1429 2526 1473 eos
2556 1410 2952 1492 baptizamus.

2247 1501 2505 1563 Conciln’
2536 1503 2891 1564 cecumenici
2923 1515 2979 1562 vt
3008 1517 3204 1562 canon
3233 1499 3334 1562 95.

2056 1587 2155 1652 95.
2185 1587 2300 1650 Eos
2330 1591 2431 1671 qui
2462 1609 2532 1652 ex
2564 1588 2868 1651 haereticis
2892 1589 2965 1652 ad
2989 1597 3215 1651 rectam
3241 1589 3422 1651 fidem
3445 1607 3622 1652 acce-

1978 1676 2155 1753 dunt,
2185 1689 2244 1740 et
2276 1680 2424 1758 parti
2461 1698 2673 1742 eorum
2709 1679 2810 1759 qui
2837 1677 3448 1758 salvantur,subjecta
3470 1698 3620 1741 con-

249 1779 344 1844 τὴν
400 1775 853 1854 ὑποτεταγμένην
912 1771 1236 1832 ἀκολουθίαν
1293 1795 1352 1829 τε
1408 1775 1495 1830 καὶ
1555 1776 1840 1844 συνήθειαν
1874 1789 1888 1803 ⁶

1978 1769 2294 1848 sequentia
2352 1780 2410 1830 et
2468 1769 2907 1832 consuetudine
2941 1768 3334 1849 recipientes,
3366 1769 3621 1832 Arianos

251 1867 558 1945 Ἀρειανοὺς
587 1864 687 1939 μὲν
736 1866 824 1920 καὶ
867 1861 1322 1937 Μακεδονιανοὺς,
1357 1865 1445 1920 καὶ
1503 1864 1890 1942 Ναυατιανοὺς,

250 1959 334 2014 καὶ
389 1955 822 2034 Σαϐϐατιανοὺς,
870 1955 990 2020 τοὺς
1042 1952 1102 2010 λέ
1121 1975 1304 2032 (οντας
1365 1954 1581 2017 ἑαυτοὺς
1619 1955 1890 2030 Καθαροὺς

250 2051 333 2104 καὶ
387 2047 764 2125 Ἀριστεροὺς,
854 2045 945 2101 καὶ
1029 2045 1154 2108 τοὺς
1240 2041 1888 2121 Τεσσαρεσκαιδεκατίτας

249 2137 408 2214 ἤγουν
467 2133 818 2215 Τετραδίτας,
906 2137 995 2191 καὶ
1081 2132 1530 2210 Ἀπολιναριοτὰς
1591 2131 1885 2212 δεχόμεθα,

248 2224 479 2292 διδόντας
512 2224 793 2288 λιϐέλλους
852 2225 942 2279 καὶ
978 2225 1465 2299 ὰναθεματίζοντας
1507 2227 1685 2277 πᾶσαν
1728 2221 1888 2300 α’ίρε-

249 2340 351 2392 σιν,
384 2317 462 2385 μὴ
494 2322 800 2396 φρονοῦσαν
842 2316 918 2377 ὡς
951 2326 1142 2394 φρονεῖ
1171 2315 1206 2380 ἡ
1237 2312 1362 2391 ἁγία
1392 2318 1486 2368 τοῦ
1517 2318 1648 2368 Θεοῦ
1675 2311 1891 2369 καθολι-

249 2407 317 2475 κῆ
348 2403 808 2472 καίἂποστολικὴ
871 2401 1190 2473 Ἐκκλησία,
1252 2400 1711 2482 σφραγιζομένους
1766 2400 1888 2469 ἦτοι

250 2498 572 2576 χρωμένους
618 2501 832 2573 πρῶτον
863 2500 940 2567 τῷ
983 2493 1117 2570 ἁγίῳ
1159 2492 1310 2570 μύρῳ
1363 2493 1424 2547 τὸ
1483 2490 1754 2566 μέτωπον,
1800 2494 1890 2548 καὶ

252 2589 370 2649 τοὺς
413 2586 744 2664 ὀρθαλμοὺς,
777 2585 866 2640 καὶ
897 2583 991 2644 τὰς
1022 2583 1200 2658 ῥῖνας,
1234 2584 1322 2637 καὶ
1350 2582 1412 2637 τὶ,
1461 2581 1661 2656 στόμα,
1708 2583 1796 2639 καὶ
1823 2582 1888 2638 τὰ

247 2678 375 2750 ὦτα,
410 2678 495 2732 καὶ
526 2676 907 2755 σφραγίζοντες
953 2671 1146 2734 αὖτοὺς
1179 2670 1414 2749 λέγομεν
1443 2686 1457 2701 ’
1509 2673 1742 2750 Σφραγίς
1773 2670 1884 2727 δω-

249 2773 363 2844 ρεᾶς
397 2766 709 2840 [Ινεύματος
742 2763 918 2842 ἁγίου.
955 2763 1078 2840 Περὶ
1123 2760 1176 2817 δὲ
1227 2766 1334 2816 τ’ὒν
1385 2758 1880 2836 Παυλιανισαντων,

249 2861 364 2913 εἶτα
413 2854 828 2934 προσελθόντων
908 2854 974 2928 τῇ
1047 2849 1317 2926 καθολικῇ
1377 2847 1701 2930 Ἐκκλησία,
1763 2849 1883 2928 ὅρος

250 2946 533 3003 ἐκτέθειται
601 2941 1048 3012 ἁναϐαπτίζεσθαι
1117 2940 1304 3004 αὐτοὺς
1377 2938 1669 3005 ἑξάπαντος
1706 2955 1720 2970 ⁸
1778 2943 1886 2999 Εὐ-

249 3038 524 3114 νομιανοὺς
575 3035 756 3110 μέντοι
801 3035 926 3097 τοὺς
986 3033 1056 3095 εἷς
1103 3032 1230 3107 μίαν
1277 3029 1561 3088 κατάδυσιν
1619 3031 1884 3107 βαπτιζο-

249 3128 428 3202 μένοδς
487 3127 584 3182 καὶ
651 3122 1021 3184 Μοντανιστὰς
1096 3122 1218 3184 τοὺς
1278 3120 1500 3177 ἐνταῦθα
1560 3119 1885 3198 λεγομένους

248 3218 472 3296 Φρύγας,
513 3217 609 3272 καὶ
662 3211 1056 3275 Σαϐελλιανοὺς
1101 3212 1222 3276 τοὺς
1249 3210 1590 3289 υἱοπατορίαν
1633 3209 1886 3281 δοξάζον-

248 3330 359 3382 τας,
413 3309 502 3364 καὶ
559 3305 715 3374 ἕτερά
771 3325 891 3360 τινα
949 3301 1173 3381 χαλεπὰ
1217 3305 1525 3375 ποιοῦντας,
1579 3301 1668 3357 καὶ
1713 3300 1885 3363 πάσας

246 3399 334 3459 τας
390 3396 562 3459 ἄλλας
612 3393 842 3472 αἱρέσεις
879 3406 894 3421 ⁶
961 3389 1151 3457 ἐπειδὴ
1212 3387 1406 3446 πολλοί
1478 3391 1607 3446 εἰσιν
1667 3391 1886 3446 ἐνταῦθα

249 3486 471 3562 μάλιστα
533 3489 581 3542 οἱ
653 3485 760 3540 ἀπὸ
815 3487 916 3549 τῆς
993 3479 1250 3536 Γαλατῶν
1321 3479 1511 3559 χώρας
1570 3479 1883 3558 ἐρχόμενοι,

248 3579 440 3641 πάντας
496 3576 626 3637 τοὺς
669 3573 766 3630 ἀπ’
829 3572 1005 3628 αὒτῶν
1075 3569 1329 3632 θέλοντας
1389 3569 1761 3648 προστίθεσθαι
1819 3574 1886 3645 τῇ

248 3665 501 3743 ὀρθοδοξίᾳ
554 3667 628 3729 ὡς
671 3661 954 3728 ἽΞλληνας
986 3659 1258 3740 δεχόμεθα
1290 3677 1304 3691 ⁶
1339 3661 1428 3716 καὶ
1458 3659 1558 3728 τὴν
1602 3650 1701 3732 μὲν
1731 3659 1885 3735 πρώ-

247 3778 339 3824 την
396 3755 615 3833 ἡμέραν
696 3757 958 3827 ποιοῦμεν
1009 3751 1192 3811 αὖτοὺς
1254 3751 1626 3830 Χριστιανοὺς,
1687 3749 1784 3817 τὴν
1827 3747 1884 3805 δὲ

248 3843 485 3923 δευτέραν
538 3840 1007 3920 κατηχουμένους,
1068 3839 1195 3896 εἶτα
1241 3839 1341 3905 τὴν
1385 3838 1568 3916 τρίτην
1612 3837 1884 3917 ἐξορκίζο-

249 3957 337 4011 μεν
369 3935 562 3997 αὖτοὺς
612 3933 750 4008 μετὰ
802 3930 897 3987 τοῦ
939 3929 1180 4008 ἐμφυσᾷν
1232 3928 1408 4007 τρίτον
1465 3930 1538 3991 εἷς
1596 3930 1657 3987 τὸ
1712 3929 1883 4004 πρόσ-

250 4046 388 4082 ωπον
429 4027 518 4082 καὶ
564 4025 642 4087 εἷς
699 4023 764 4079 τὰ
820 4023 961 4098 ὦτα,
1010 4021 1096 4076 καὶ
1143 4018 1281 4076 οὕτω
1311 4025 1664 4099 κατηχούμεν
1694 4021 1883 4084 αὐτοὺς

250 4115 331 4171 καὶ
386 4121 648 4190 ποιοῦμεν
730 4111 1001 4190 χρονίζειν
1061 4109 1134 4173 εἷς
1215 4109 1314 4176 την
1375 4107 1727 4182 Ἐκκλησίαν,
1795 4110 1884 4165 καὶ

249 4204 526 4283 ἀκροᾶσθαι
589 4208 697 4259 τῶν
757 4203 1007 4279 Γραφῶν,
1069 4199 1157 4255 καὶ
1200 4205 1322 4254 τότε
1369 4200 1560 4259 αὐτοὺς
1619 4199 1880 4275 βαπτίζο-

251 4310 386 4367 μεν·
449 4293 536 4349 καὶ
585 4291 711 4354 τοὺς
772 4288 1108 4367 Μανιχαίους
1167 4285 1222 4344 δὲ
1295 4289 1382 4344 καὶ
1443 4288 1569 4351 τοὺς
1641 4287 1882 4344 Οὖαλεν-

245 4383 433 4462 τίνους,
511 4383 604 4439 καὶ
688 4378 1089 4456 Μαρκιωνιστᾶς
1123 4425 1139 4457 ,
1223 4378 1311 4433 καὶ
1408 4377 1532 4439 τοὺς
1626 4379 1687 4434 ὲκ
1773 4383 1882 4434 τῶν

248 4473 436 4544 ὁμοίων
522 4469 779 4548 αἱρέσεων
852 4467 1347 4546 προσερχομένους,
1435 4467 1508 4528 ὡς

249 4560 527 4642 δεχόμενοι
598 4558 1032 4632 ἀναϐατιτίζομεν
1070 4579 1084 4594 υ
1179 4557 1564 4633 Νεστοριανοὺς
1651 4553 1704 4610 δὲ
1796 4558 1883 4612 καὶ

1602 4464 1783 4534 Ἕλλη
1797 4489 1881 4530 θας
1905 4444 1948 4495 D

1977 1859 2221 1938 quidem
2257 1869 2315 1918 et
2373 1858 2860 1934 Macedonianos,
2896 1868 2954 1920 et
3006 1857 3390 1935 Novatianos,
3424 1859 3526 1940 qui
3556 1877 3622 1920 se

1975 1949 2166 2010 Puros
2198 1949 2526 2029 appellant,
2579 1960 2638 2011 et
2688 1950 3006 2029 Aristeros,
3042 1957 3102 2011 et
3136 1949 3269 2009 164
3295 1947 3620 2011 Tessares-

1973 2035 2363 2099 kaidecatitas
2387 2058 2492 2100 seu
2519 2038 2885 2115 Tetraditas;
2913 2046 2970 2099 et
2994 2037 3620 2117 Apollinaristasreci-

1974 2127 2172 2208 pimus
2204 2129 2413 2189 dantes
2446 2127 2782 2204 libellos,et
2803 2145 3044 2188 omnem
3071 2126 3344 2189 haeresim
3370 2128 3620 2189 anathe-

1974 2217 2342 2292 matizantes,
2405 2235 2538 2299 quae
2599 2235 2719 2278 non
2780 2226 2922 2278 sunt
2970 2223 3035 2278 ut
3064 2217 3249 2278 sentit
3277 2223 3482 2278 sancta
3508 2215 3619 2279 Dei

1971 2305 2322 2369 universalis
2345 2317 2405 2369 et
2427 2306 2759 2388 apostolica
2781 2305 3078 2383 Ecclesia;
3105 2319 3312 2368 sancto
3354 2307 3612 2386 primum

1970 2395 2294 2460 chrismate
2321 2400 2681 2478 inungentes
2707 2405 2763 2457 et
2781 2396 3067 2470 frontem,
3099 2403 3159 2458 et
3183 2395 3481 2470 oculos,et
3505 2413 3617 2456 na-

1971 2505 2092 2561 res,
2126 2500 2186 2548 et
2208 2507 2297 2562 os,
2326 2497 2601 2562 etaures;
2625 2485 3052 2564 consignantes
3073 2493 3270 2548 autem
3303 2485 3565 2548 dicimus
3598 2503 3612 2546 :

1971 2578 2355 2656 Signaculum
2389 2576 2533 2638 doni
2565 2576 2828 2656 Spiritus
2867 2575 3084 2638 sancti.
3118 2574 3203 2637 De
3233 2575 3619 2639 Paulianistis

1969 2679 2166 2730 autem
2189 2687 2221 2729 a
2238 2668 2535 2730 catholica
2557 2666 2832 2730 Ecclesia
2853 2674 3144 2728 statutum
3163 2673 3349 2741 est,ut
3372 2665 3619 2728 iiomni-

1969 2777 2045 2820 no
2061 2755 2946 2838 rebaptizenturEunomianos
2960 2755 3340 2836 quoque,qui
3357 2756 3418 2818 in
3433 2774 3613 2818 unam

1969 2849 2415 2910 demersionem
2439 2846 2827 2928 baptizant,et
2854 2848 3374 2927 Montanistas,qui
3400 2845 3496 2906 hic
3523 2845 3617 2906 di-

1970 2945 2186 3000 cuntur
2215 2938 2500 3018 Phryges,
2535 2945 2595 2999 et
2632 2935 3028 3012 Sabellianos,
3060 2938 3162 3017 qui
3184 2935 3402 2998 Filium
3433 2953 3612 2996 eum-

1970 3029 2107 3091 dem
2147 3048 2283 3090 esse
2313 3047 2448 3090 cum
2485 3032 2660 3090 Patre
2699 3027 3072 3106 existimant,
3108 3034 3165 3089 et
3193 3024 3306 3086 alia
3335 3023 3609 3105 quaedam

1905 3166 1944 3217 ο
1969 3120 2170 3200 gravia
2201 3118 2452 3195 faciunt,
2491 3127 2550 3180 et
2581 3136 2794 3180 omnes
2833 3117 3293 3217 aliashaereses,
3327 3117 3610 3217 quoniam

1972 3209 2140 3272 multi
2173 3217 2338 3289 sunt,
2377 3217 2437 3270 et
2468 3208 2728 3270 maxime
2751 3207 2852 3288 qui
2885 3226 2957 3270 ex
2990 3205 3331 3270 Galatarum
3363 3204 3615 3284 regione

1971 3297 2223 3378 profecti
2251 3305 2415 3371 sunt,
2451 3314 2666 3358 omnes
2697 3315 2770 3357 ex
2799 3295 2872 3357 iis
2901 3295 3003 3376 qui
3033 3294 3108 3356 ad
3140 3301 3364 3356 rectam
3396 3291 3473 3354 de
3495 3291 3614 3354 ﬁde

1969 3387 2325 3450 sententiam
2359 3386 2570 3448 volunt
2619 3385 2936 3464 accedere,
2993 3391 3058 3446 ut
3087 3381 3345 3462 gentiles
3381 3380 3613 3461 recipi-

1973 3493 2126 3539 mus:
2161 3484 2218 3537 et
2252 3475 2449 3556 primo
2481 3475 2724 3555 quidem
2767 3473 2867 3535 die
2908 3493 3014 3536 eos
3046 3472 3420 3536 Christianos
3460 3471 3611 3532 faci-

1968 3585 2126 3643 mus;
2148 3565 2415 3627 secundo
2437 3575 2636 3627 autem
2660 3565 3166 3626 catechumenos:
3189 3560 3412 3623 deinde
3434 3563 3612 3623 tertio

1967 3656 2335 3736 adjuramus,
2372 3653 2550 3714 simul
2587 3655 2769 3716 etiam
2808 3661 2898 3715 ter
2922 3653 2984 3713 in
3009 3651 3228 3713 faciem
3252 3658 3310 3712 et
3329 3650 3613 3712 auresin-

1966 3746 2292 3826 spirantes;
2330 3751 2389 3804 et
2420 3743 2510 3804 sic
2535 3743 2937 3817 initiamus,et
2959 3741 3063 3802 diu
3092 3742 3154 3801 in
3187 3739 3448 3802 ecclesia
3476 3756 3611 3802 ver-

1965 3835 2084 3896 sari
2115 3843 2172 3896 et
2194 3833 2541 3914 Scripturas
2574 3833 2784 3894 audire
2816 3831 3112 3902 facimus;
3147 3839 3210 3893 et
3252 3839 3394 3892 tunc
3448 3829 3612 3910 ipsos

1967 3923 2360 4004 baptizamus.
2395 3923 2553 3995 Quin
2604 3923 2782 3984 etiam
2815 3919 3197 3996 Manichaeos,
3233 3931 3291 3979 et
3338 3917 3609 3981 Valenti-

1967 4015 2273 4088 nianos,et
2293 4011 2809 4089 Marcionistas,et
2831 4010 3065 4072 similes
3087 4009 3405 4071 haeretica
3429 4027 3610 4090 opor-

1969 4113 2051 4167 tet
2078 4102 2318 4166 libellos
2349 4103 2638 4177 facere,et
2672 4099 2950 4164 haeresim
3005 4117 3176 4162 suam
3209 4099 3610 4160 anathemati-

1965 4213 2123 4266 zare,
2161 4201 2222 4254 et
2251 4191 2625 4268 Nestorium,
2661 4201 2720 4253 et
2749 4190 3108 4269 Eutychem,
3145 4197 3203 4250 et
3230 4189 3610 4263 Dioscorum,

1967 4294 2024 4346 et
2054 4283 2369 4357 Severum,
2403 4291 2462 4343 et
2483 4282 2760 4358 reliquos
2791 4280 3000 4342 talium
3034 4280 3344 4342 haereseon
3381 4277 3612 4359 princi-

1967 4393 2095 4456 pes,
2122 4382 2179 4435 et
2207 4372 2308 4451 qui
2341 4372 2553 4435 eadem
2585 4390 2717 4452 qua:
2744 4369 2828 4432 illi
2859 4371 3221 4444 sentiunt,et
3242 4387 3455 4430 omnes
3480 4367 3614 4429 165

1968 4462 2282 4545 praedictas
2331 4463 2594 4524 haereses
2627 4480 2642 4522 :
2698 4470 2758 4522 et
2803 4460 2890 4522 sic
2923 4458 3055 4521 ﬁeri
3087 4466 3308 4521 sanctae
3333 4476 3612 4521 commu-

1967 4551 2170 4616 nionis
2203 4552 2552 4633 participes.

251 4636 664 4732 Εῦτυχιανιστὰς
722 4650 810 4704 καὶ
881 4644 1264 4724 Σεϐηριανοὺς,
1326 4647 1413 4702 καὶ
1476 4646 1600 4708 τοὺς
1658 4643 1718 4700 ὲκ
1773 4651 1881 4700 τῶν
1952 4643 2150 4719 ὁμοίων
2224 4641 2476 4719 αἱρέσεων
2531 4643 2644 4722 χρὴ
2718 4653 2894 4696 ποιεῖν
2964 4636 3262 4712 λιϐέλλους,
3331 4639 3420 4694 καὶ
3479 4637 3614 4694 ἅνα-

251 4726 533 4815 θεματίζιῖν
592 4739 691 4807 τὴν
725 4737 954 4814 α’ίρεσιν,
989 4737 1076 4792 καὶ
1126 4731 1440 4814 Νεστόριον,
1486 4735 1574 4790 καὶ
1627 4733 1892 4814 Εὗτυχέα,
1924 4735 2013 4791 καὶ
2075 4730 2388 4808 Διόσκορον,
2420 4732 2510 4787 καὶ
2561 4729 2821 4807 Σεϐἦρον,
2857 4729 2945 4784 καὶ
3000 4728 3123 4789 τοὺς
3165 4726 3405 4787 ⁸λοιποῦς
3463 4726 3618 4803 ἔξαρ-

252 4851 376 4907 χους
432 4833 542 4885 τῶν
572 4827 826 4886 τοιούτωλ
885 4825 1162 4900 αἱρέσεων,
1208 4821 1304 4880 καί
1338 4825 1457 4886 τοὺς
1515 4830 1837 4903 φρονοῦντας
1867 4824 1932 4880 τὰ
1981 4824 2178 4894 αὐτῶν,
2213 4822 2300 4878 καὶ
2332 4821 2508 4884 πάσας
2560 4821 2654 4884 τὰς
2692 4815 3190 4899 προαναφερομένας
3223 4814 3476 4894 αἱρέσεις,
3528 4823 3618 4877 καὶ

252 4917 379 4974 σ’ἇτω
422 4913 856 4995 μεταλαμϐάνειν
885 4920 984 4982 τῆς
1032 4914 1184 4992 ἁγίας
1219 4913 1523 4976 κοινωνίας.

433 5005 662 5066 Συνόδου
707 5007 930 5069 Νικαίας
974 5006 1036 5061 τὸ
1080 5003 1349 5080 δεύτερον,
1395 5005 1572 5060 κανὼν
1605 5003 1690 5071 η’.

253 5095 368 5154 Ὀτι
417 5098 539 5161 τοὺς
591 5093 868 5173 Ἐϐραίους
917 5095 976 5151 οὔ
1007 5095 1135 5174 χρὴ
1165 5092 1445 5172 δέχεσθαι,
1480 5095 1523 5150 εἷ
1553 5095 1633 5169 μή
1666 5115 1795 5151 ποτε
1828 5091 1884 5159 ἒξ

549 5175 862 5254 εἰλικρινοῦς
895 5173 1110 5252 καρδίας
1142 5174 1581 5253 ἓπιστρέψουσιν.

328 5264 406 5332 η’.
441 5263 662 5332 Ἐπειδὴ
695 5265 1040 5340 πλανώμενοι
1098 5266 1144 5320 οἱ
1205 5264 1265 5318 ἐκ
1326 5264 1422 5332 τῆς
1483 5265 1587 5319 τῶν
1626 5255 1884 5342 Ἐϐριίων

249 5356 554 5431 θρησκείας,
617 5355 960 5430 μυκτηρίζειν
1021 5352 1202 5418 ἔδοξαν
1275 5355 1503 5431 Χριστὸν
1573 5355 1666 5409 τὸν
1726 5355 1879 5425 Θεὸν,

253 5453 690 5518 προσποιούμενοι
744 5444 842 5518 μὲν
884 5444 1293 5522 χριστιανίζειν,
1327 5445 1486 5499 αὒτὸν
1544 5441 1596 5499 δὲ
1659 5443 1885 5517 ἀρνοῦν-

1800 5556 1887 5588 και

255 5553 364 5604 τες,
442 5533 668 5612 κρύϐδην
756 5538 845 5590 καὶ
930 5534 1192 5611 λαθραίως
1276 5531 1706 5604 σαϐϐατίζοντες,

255 5618 403 5704 ἕτερα
434 5622 702 5686 Ἰουδαϊκὰ
733 5631 1036 5705 ποιεῦντες,
1087 5625 1332 5703 ὁρίζομεν
1383 5625 1600 5688 τούτους
1649 5623 1786 5697 μήτε
1818 5625 1890 5690 εἷς

2338 4998 2605 5062 οοηοὶιὶἱ
2633 4997 2875 5060 Nicami
2907 5012 2945 5056 ιι
2977 5010 3174 5056 canon
3205 4993 3266 5056 8.

1969 5090 2147 5166 Quod
2171 5089 2467 5152 Hebraeos
2497 5106 2622 5150 non
2652 5093 2889 5167 oportet
2919 5087 3180 5163 recipere
3211 5081 3335 5144 nisi
3363 5097 3436 5144 ea:
3457 5098 3618 5162 pura

2271 5179 2323 5233 et
2352 5172 2595 5232 sincera
2626 5173 2826 5228 mente
2851 5169 3307 5227 convertantur.

2051 5261 2109 5321 8.
2147 5260 2438 5332 Quoniam
2480 5257 2870 5318 Hebraeorum
2898 5251 3215 5332 religionis
3245 5251 3490 5333 quidam
3519 5269 3619 5313 er-

1969 5358 2170 5410 rantes
2202 5349 2499 5412 Christum
2537 5349 2726 5408 Deum
2784 5351 3061 5406 nostrum
3101 5343 3474 5404 subsannare
3509 5341 3624 5402 visi

1971 5448 2276 5514 sunt,scse
2295 5436 2672 5499 Christianos
2701 5454 2835 5497 esse
2870 5433 3394 5513 fingentes,ipsum
3421 5440 3623 5492 autem

1972 5530 2311 5592 clanculum
2348 5536 2408 5588 et
2439 5525 2674 5588 occulte
2720 5533 2960 5604 negant,
2996 5522 3256 5586 Sabbata
3286 5521 3622 5582 observan-

1977 5629 2094 5699 tes,
2131 5627 2189 5683 et
2220 5619 2331 5682 alia
2364 5616 2607 5682 Judaica
2638 5615 2950 5698 facientes,
2984 5613 3396 5692 statuimus,ut
3427 5627 3626 5693 neque
