4148 6198
397 277 514 346 627
1589 281 1690 343 ΡΗ
1697 279 1858 344 OTII
1898 278 2418 345 PATRIARCIUE
2459 283 2576 346 (ΞΡ.
3644 283 3764 350 628

399 415 472 479 ad
523 417 1038 496 communionem,
1074 432 1271 497 neque
1319 415 1394 479 ad
1443 415 1763 479 ecclesiam
1823 416 2037 478 admit‘

2131 421 2438 495 κοινωνίαν,
2471 421 2613 494 μήτε
2670 420 2744 502 εἰς
2784 420 2977 501 εὒχὴν,
3013 420 3151 495 μήτε
3197 421 3272 483 εἰς
3321 419 3616 487 ἐκκλησίαν
3674 421 3769 477 δέ-

402 511 630 582 tantiir,
660 508 767 570 sed
797 513 1004 588 aperte
1034 506 1155 567 sint
1205 507 1541 568 secundum
1575 525 1745 568 suam
1798 507 2040 584 religio-

2138 513 2350 589 ιεσθαι,
2412 509 2550 566 ἀλλὰ
2609 518 2851 590 φανερῶς
2913 510 3154 568 ἔστωσαν
3208 511 3347 566 κατὰ
3407 512 3507 578 τὴν
3567 513 3776 569 ἑαυτῶν

402 616 544 660 nem
577 597 839 672 Hebraei;
874 603 936 657 et
965 612 1163 675 neque
1193 595 1349 658 filios
1381 615 1589 658 eorum
1623 595 2040 673 baptizari,ne-

2142 601 2414 676 ὶρτ,σκείαν
2471 598 2743 677 Ἐϐραῖοι,
2802 602 2942 675 μήτε
2999 601 3121 662 τοὺς
3179 598 3381 662 παῖδας
3442 603 3618 656 αὗτῶν
3665 603 3780 677 βα-

405 706 520 767 que
549 705 784 747 servum
842 685 916 747 ab
965 685 1053 746 eis
1084 684 1204 746 emi
1236 685 1325 746 vel
1361 684 1680 767 possideri.
1717 682 1821 746 Sin
1851 693 2043 746 autem

2143 691 2361 760 πτίζειν,
2425 691 2565 764 μήτε
2605 687 2794 746 δοῦλον
2850 691 3158 760 ὠνήσασθαι
3209 690 3245 756 ἢ
3298 694 3547 750 κτᾶσθαι.
3605 692 3664 748 Εἰ
3722 690 3781 746 δὲ

406 794 477 838 ex
508 793 657 856 pura
685 783 742 837 et
774 775 1018 837 sincera
1048 774 1166 835 iide
1197 776 1331 854 quis
1371 793 1578 838 eorum
1613 793 1960 850 conversus,
1995 781 2044 836 et

2141 780 2223 835 καὶ
2278 778 2587 856 ἐπιστρέψει
2658 801 2738 843 τις
2801 784 2972 837 αὐτῶν
3030 779 3083 844 ἒξ
3142 778 3458 857 εἰλικρινοῦς
3514 785 3779 854 πίστεως,

411 884 480 927 ex
511 871 633 926 toto
662 864 846 926 corde
876 863 1189 925 confessus
1221 864 1428 938 fuerit,
1463 882 1672 925 eorum
1706 863 1973 926 moribus
1997 873 2049 926 et

2149 869 2223 923 ui
2283 867 2616 945 ὁμολογήσει
2676 866 2728 932 ἒξ
2810 867 2944 934 ὅλης
3011 867 3250 944 καρδίας,
3313 866 3654 944 θριαμϐεύων
3712 871 3787 924 τὰ

406 953 593 1017 rebus
621 953 947 1029 insultans,
1009 953 1193 1015 veluti
1245 953 1614 1032 triumphum
1663 971 1870 1032 agens,
1905 962 1967 1014 ut
1999 961 2044 1014 el

2149 957 2254 1012 κατ’
2291 957 2465 1012 αὒτῶν
2509 957 2602 1022 ἔθη
2651 960 2738 1012 καὶ
2795 958 3112 1035 πράγματα,
3174 959 3304 1036 πρὸς
3355 960 3417 1014 τὸ
3461 961 3550 1014 καὶ
3584 959 3787 1023 ἄλλους

408 1044 512 1108 alii
535 1043 897 1106 refellantur
920 1058 983 1104 et
1011 1044 1416 1122 corrigantur;
1443 1061 1579 1104 eum
1607 1044 1793 1123 recipi
1825 1052 1880 1103 et
1914 1042 2046 1123 bap-

2151 1046 2467 1126 ἐλεγχθῆναι
2529 1049 2617 1104 καὶ
2687 1046 3094 1125 διορθώσασθαι,
3144 1054 3328 1104 τοῦτον
3387 1047 3789 1128 προσδέχεσθαι

412 1134 581 1195 tizari
615 1141 673 1196 et
722 1135 854 1213 ejus
909 1133 1158 1202 liberos,
1219 1143 1274 1195 et
1326 1140 1532 1194 cautos
1563 1132 1762 1205 reddi,
1795 1140 1857 1192 ut
1887 1151 1951 1193 se
1981 1131 2050 1192 ab

2151 1138 2227 1192 ui
2263 1138 2561 1212 βαπτίζειν,
2608 1140 2696 1193 καὶ
2750 1144 2870 1198 τοῦς
2923 1135 3122 1200 παῖδας
3177 1137 3358 1210 αὒτοῦ,
3406 1139 3494 1194 καὶ
3542 1138 3789 1218 ἀσφαλίι

408 1223 804 1286 Hebraeorum
868 1222 1085 1284 studiis
1143 1232 1203 1284 et
1259 1222 1545 1285 institutis
1597 1221 1962 1284 abstineant.
1996 1219 2046 1283 Si

2155 1231 2317 1298 ζεσθαι
2375 1227 2564 1292 αὒτόὺς
2624 1227 2924 1292 ἀποστῆναι
2979 1229 3088 1282 τῶν
3140 1224 3446 1306 Ἐϐραϊκὼν
3493 1228 3793 1295 ἐπιτηδευ-

413 1318 618 1378 autem
669 1332 789 1375 non
843 1311 926 1374 ita
984 1330 1049 1375 se
1109 1320 1340 1391 gerant,
1374 1331 1478 1374 eos
1542 1311 1712 1374 nullo
1745 1312 1920 1374 modo
1952 1310 2051 1373 ad-

2153 1317 2328 1392 μάτων
2363 1333 2378 1349 ⁶
2441 1319 2486 1373 εἷ
2540 1315 2595 1373 δὲ
2645 1317 2724 1393 μὴ
2779 1316 2944 1381 οὕτως
3006 1317 3214 1398 ἔχοιὲν,
3274 1316 3544 1394 μηδαμῶς
3596 1321 3791 1383 αὐτοὺς

415 1403 594 1467 mitti.

2143 1404 2558 1487 προσδέχεσθαι,

939 1492 1166 1555 Basilii
1195 1508 1398 1554 canon
1428 1492 1526 1553 47.

2645 1496 2922 1554 Βασιλείου
2953 1498 3132 1554 κανὼν
3159 1497 3273 1573 μζ’.

415 1584 490 1646 47
503 1583 849 1648 .Encratitae
866 1589 925 1646 et
943 1581 1540 1663 Saccophori,etc.ut
1561 1598 1748 1662 supra
1763 1578 2053 1660 pag.446.

1856 1578 2057 1660 ρΑιϐ.
2225 1586 2338 1663 μζ.
2372 1584 2722 1666 Ἐγκραττται
2749 1589 2838 1644 καὶ
2868 1590 3232 1668 Σακκοφόροι,
3262 1611 3318 1652 κ,
3353 1611 3406 1652 τ,
3435 1588 3494 1652 λ.

499 1673 667 1738 CAP.
698 1672 822 1736 XV.
856 1707 932 1719 —
989 1673 1209 1736 Utrum
1239 1671 1650 1734 dcemoniacus
1680 1670 1776 1732 vel
1804 1672 1870 1732 in
1899 1686 2065 1732 mor-

2228 1683 2483 1741 ΚΕΦΑΛ,
2518 1677 2628 1741 ιε’.
2678 1711 2755 1723 -
2807 1684 2930 1742 Πῶς
2990 1681 3018 1734 ὁ
3060 1676 3530 1755 δαιμονιζόμενος,
3561 1678 3598 1746 ἢ
3648 1680 3675 1736 ὁ
3739 1677 3797 1734 ἒν

419 1761 490 1826 bo
515 1763 790 1827 delirans
817 1764 1193 1844 baptizatur.

2088 1797 2129 1847 Β
2151 1767 2292 1841 νόσῳ
2317 1774 2675 1848 παραφρονῶν
2703 1768 3038 1844 βαπτίζεται.

854 1851 1157 1915 Timothei
1181 1866 1455 1914 canones
1483 1850 1544 1928 2,
1579 1850 1638 1912 4.

2625 1857 2885 1934 Τιμοθέου
2918 1858 3094 1914 κανὼν
3125 1857 3204 1938 β’,
3235 1855 3303 1922 δ’,

501 1942 944 2024 Interrogatio.
969 1941 1030 2004 Si
1062 1941 1542 2003 catechumenus
1571 1956 1604 1999 a
1635 1938 1908 2029 daemone
1940 1955 2069 2029 cor-

2235 1938 2554 2022 Ἐρώτησις.
2611 1946 2688 2024 β’.
2723 1946 2849 2004 Ἐὰν
2885 1947 3328 2023 δαιμονιζόμενός
3373 1970 3456 2011 τις
3501 1949 3798 2029 κατηχού-

423 2031 678 2112 ripiatur
708 2032 1041 2094 etvoluerit
1070 2030 1201 2110 ipse
1231 2031 1324 2092 vel
1353 2029 1544 2102 sui,ut
1575 2036 1846 2090 sanctum
1881 2025 2061 2107 bapti-

2163 2054 2312 2112 αενο>
2345 2039 2406 2113 ᾗ,
2436 2041 2530 2094 καῖ
2574 2036 2718 2093 θέλοι
2749 2039 2906 2102 αὐτὸς
2938 2041 2973 2106 ἢ
3006 2039 3055 2092 οἱ
3109 2035 3241 2093 ἴδιοι
3289 2041 3449 2112 agro-3
3501 2038 3596 2094 ’ίνα
3654 2037 3801 2115 λάϐῃ

423 2140 620 2183 smum
651 2122 930 2202 accipiat,
963 2120 1232 2183 debe.ne
1260 2119 1541 2199 accipere
1586 2137 1813 2194 annon,
1846 2126 1906 2179 et
1935 2135 2061 2178 ma-

2165 2129 2213 2184 r‘o
2243 2127 2395 2204 ἅγιον
2425 2128 2725 2204 βάπτισμα,
2760 2129 2804 2183 εἰ
2835 2126 3037 2207 ὀφείλει
3095 2125 3288 2184 λαϐεῖν
3351 2127 3386 2195 ἢ
3430 2125 3513 2204 οὗ,
3547 2130 3635 2185 καὶ
3693 2129 3803 2186 ui-

425 2211 584 2273 xime
609 2211 657 2272 si
691 2211 865 2273 morti
901 2210 1285 2291 propinquus
1315 2207 1526 2271 fuerit?

2154 2215 2314 2274 λιστα
2341 2217 2431 2271 ἒᾶν
2462 2218 2579 2293 περὶ
2611 2221 2702 2273 τὸν
2734 2217 2964 2273 θάνατόν
2993 2216 3137 2273 ἐστιν
3173 2238 3189 2294 ;

514 2301 646 2363 166
673 2302 1048 2388 Responsio.
1076 2298 1140 2362 Si
1180 2299 1255 2375 is,
1290 2297 1393 2379 qui
1423 2315 1457 2358 a
1504 2296 1778 2388 daemone
1809 2298 2072 2378 corripi-

2235 2304 2574 2378 Ἀπόκρισις,
2634 2305 2762 2362 Ἐὰν
2808 2308 2835 2362 ὁ
2893 2305 3333 2382 δαιμονιζόμενος
3379 2307 3458 2383 μὴ
3504 2312 3807 2388 καθαρισθῇ

430 2399 549 2467 tur,
595 2409 717 2452 non
765 2389 945 2452 fuerit
999 2387 1075 2450 ab
1136 2388 1449 2450 immundo
1482 2386 1697 2468 spiritu
1731 2387 2068 2462 mundatus,

2172 2395 2266 2452 απὸ
2295 2403 2388 2453 τοῦ
2431 2393 2727 2473 ἆκαθάρτοο
2772 2397 3097 2472 πνεύματος,
3134 2398 3193 2454 οὔ
3246 2397 3461 2455 δύναται
3505 2386 3695 2455 λαϐεῒν
3742 2402 3810 2456 τὸ

431 2499 555 2544 non
587 2488 778 2561 potest
808 2487 1085 2542 sanctum
1119 2477 1484 2558 baptismum
1517 2477 1796 2556 accipere
1831 2499 1847 2555 ς
1881 2476 1985 2539 sed
2017 2482 2069 2537 in

2020 2482 2078 2537 in
2160 2484 2314 2563 ἆίγιον
2345 2486 2624 2562 βάπτισμα
2658 2502 2673 2517 ⁸
2711 2488 2830 2564 περὶ
2860 2485 2915 2541 δὲ
2946 2488 3046 2554 τὴν
3089 2485 3290 2564 ἔξοδον,
3324 2489 3658 2565 βαπτίζεται,

435 2571 606 2633 exitu
637 2589 669 2631 e
698 2569 816 2630 vita
849 2567 1213 2648 baptizatur.

514 2657 1023 2738 Interrogatio.Si
1053 2657 1195 2748 quis
1224 2655 1723 2748 catechumenus,
1757 2674 1893 2718 cum
1923 2661 2084 2748 esset

2247 2654 2543 2743 Ἐρώτησις
2614 2662 2684 2725 δ’.
2750 2665 2878 2723 Ἐάν
2929 2688 3010 2730 τις
3095 2668 3507 2748 κατηχούμενὸς
3570 2669 3809 2728 ἀσθενῶν

436 2750 957 2823 inﬁrmus,emotze
981 2746 1200 2837 mentis
1220 2746 1408 2837 iactus
1435 2745 1758 2820 sit,etc.,ut
1775 2745 2074 2826 pag.6‘29.

2066 2792 2078 2807 .
2169 2751 2390 2831 γένηται
2423 2753 2708 2834 ἐκφρενὴς,
2742 2776 2795 2813 κ.
2830 2777 2882 2818 τ,
2916 2755 3002 2830 λ,,
3034 2773 3218 2836 usque
3241 2745 3329 2818 -ἀά
3360 2780 3423 2814 πε
3439 2760 3704 2837 ιράζηται,

516 2838 684 2903 CAP.
718 2837 956 2902 XVI.—
990 2836 1078 2900 Ne
1108 2835 1334 2900 mulier
1358 2837 1753 2916 purgationis
1781 2852 1907 2896 sum
1930 2841 2080 2897 tem-

2251 2850 2503 2905 KE<I>AA.
2540 2841 2664 2916 ις’.
2698 2877 2775 2888 -
2820 2846 2948 2923 Περί
2998 2853 3092 2901 τοῦ
3116 2835 3221 2922 pi,
3255 2835 3466 2926 χρῆναι
3490 2862 3721 2925 γυναῖκα
3758 2848 3817 2904 ἐν

429 2947 580 3011 pore
610 2929 979 3009 baptizatur.

2167 2946 2292 2997 ταῖς
2322 2932 2548 3012 ἡμέραις
2571 2937 2669 2999 τῆς
2704 2935 3012 3013 καθάρσεως
3046 2936 3213 3002 αὒτῆς
3245 2937 3624 3012 βαπτισθῆναι.

955 3014 1246 3079 Timothei
1274 3033 1474 3078 canon
1499 3017 1556 3077 6.
1935 3049 1940 3054 -

1935 3049 1940 3054 '
2692 3024 2949 3100 Τιμοθέου
2976 3026 3149 3081 κανὼν
3181 3026 3286 3100 ς’,

514 3109 952 3189 Interrogatio.
985 3106 1054 3197 Si
1105 3105 1326 3197 mulier
1381 3105 1820 3197 catecbumena
1851 3103 2147 3197 dederitc

2251 3111 2546 3190 Ἐρώτησις
2618 3112 2724 3188 ς’.
2789 3111 2916 3172 Ἐὰν
2974 3117 3107 3192 γυνῆ
3168 3116 3563 3196 κατηχουμένη
3619 3115 3823 3174 δέδωκε

437 3218 659 3266 nomen
690 3217 890 3273 suum,
928 3204 992 3258 ut
1040 3195 1402 3276 baptizatur,
1437 3204 1497 3259 et
1551 3195 1650 3257 die
1693 3194 2075 3285 baptismatis

2187 3204 2229 3259 τὸ
2261 3202 2432 3277 ὄνομα
2490 3203 2656 3270 αὐτῆς
2698 3202 2793 3260 ’ίνα
2855 3208 3122 3283 φωτισθῇ,
3161 3207 3246 3262 οιαὶ
3299 3194 3416 3284 περὶ
3458 3209 3559 3274 τὴν
3610 3207 3825 3285 ἃιμὲραν

436 3289 526 3352 illi
556 3289 633 3352 sit
669 3286 1004 3350 secundum
1041 3285 1547 3347 consuetudinem
1583 3284 1936 3358 mulierum,
1974 3283 2074 3345 de-

2189 3297 2262 3347 εοῦ
2292 3291 2661 3367 βαπτίσματος
2695 3291 2913 3370 γέγονεν
2939 3295 3076 3370 αῦτῇ
3107 3296 3166 3351 τὸ
3221 3294 3342 3351 κατ’
3373 3283 3514 3360 γέθος
3557 3300 3666 3350 τῶν
3717 3283 3827 3373 γυ-

441 3379 622 3441 betne
652 3377 763 3439 hac
791 3376 888 3438 die
921 3374 1237 3456 baptizari,
1272 3393 1349 3438 an
1401 3373 1674 3453 differre,
1709 3382 1769 3436 et
1801 3381 2079 3456 quantum

2189 3383 2387 3456 ναικῶν,
2453 3382 2496 3436 εἰ
2557 3381 2761 3460 ὀφείλει
2826 3387 3160 3460 φωτισθῆναι
3207 3384 3344 3462 κῦτῇ
3401 3391 3471 3461 τῇ
3524 3385 3723 3463 ἡμέρᾳ,
3787 3385 3827 3453 ἦ

445 3468 691 3531 diil‘erre
713 3473 742 3531 ’ἶ
2171 3470 2508 3548 ὑπερθέσθαι,
2542 3472 2628 3527 καὶ
2663 3471 2830 3551 πόσον
2863 3472 3176 3551 ὑπερθέσθαι
3212 3494 3228 3550 ς

521 3561 878 3640 Responsio.
911 3556 1047 3620 Non
1081 3552 1264 3618 debet
1295 3555 1490 3617 donec
1523 3563 1771 3636 purgata
1800 3554 2008 3617 fuerit.

2252 3559 2602 3639 Ἀπόκρισις.
2682 3550 3028 3640 ’Υπερθὲσθαι
3106 3561 3330 3642 ὀφείλει,
3405 3562 3507 3628 ἕως
3593 3565 3660 3619 ἃν
3716 3587 3830 3621 κα-

2173 3652 2419 3712 θαοισθῆ.

522 3737 696 3803 CAP.
750 3735 935 3800 XVII.
991 3767 1070 3781 --
1124 3736 1282 3812 Quid
1333 3736 1392 3798 si
1437 3735 1911 3799 catechumenua
1949 3739 2091 3797 ante

2194 3672 2237 3706 ια
2274 3672 2419 3717 ισυη.

2241 3672 2503 3800 ρΚΕίέΑΓ.
2551 3739 2657 3803 ιΖ’,
2702 3774 2782 3786 -
2842 3739 2968 3800 Ἐὰν
3030 3745 3059 3800 ὁ
3119 3743 3537 3824 κατηχούμενος
3585 3744 3688 3822 πρὸ
3733 3742 3832 3800 τοῦ

446 3829 807 3910 baptismum
837 3826 1404 3889 communicaverit.

1275 3826 1404 3886 erit.
2173 3828 2544 3905 βαπτίσματος
2577 3833 2888 3908 κοινωνήσῃ
2901 3881 2913 3895 ,

959 3915 1268 3978 Timothei
1297 3931 1497 3977 canon
1535 3915 1588 3977 1.

2706 3921 2966 3996 Τιμοθέου
2998 3924 3173 3980 κανὼν
3207 3921 3281 3982 α’.

521 4008 957 4090 Interrogatio.
993 4003 1057 4067 Si
1085 4004 1324 4086 puellus
1360 4003 1859 4093 catechumenus,
1888 4010 2092 4093 utpote

2256 4005 2556 4086 Ἐρώτησις
2629 4011 2706 4075 α’,
2787 4011 2915 4068 Ἐὰν
2991 4011 3200 4071 παιδίον
3269 4013 3685 4093 κατηχούμενον
3751 4014 3829 4077 ὡς

444 4116 737 4160 annorum
771 4103 1033 4177 septem,
1069 4094 1163 4156 vel
1189 4095 1371 4155 homo
1398 4091 1580 4182 etiam
1613 4093 1920 4174 perfectus
1951 4092 2082 4154 dum

2191 4096 2314 4153 ἑπτὰ
2358 4097 2518 4172 ἐτῶν,
2560 4099 2727 4177 ἤγουν
2759 4099 3038 4179 ἅνθρωπος
3083 4102 3320 4182 τέλειος,
3382 4091 3679 4180 εῦκαιρήσῃ
3725 4125 3829 4158 που

445 4191 617 4252 iieret
639 4185 862 4248 oblatio
896 4192 1237 4264 opportune
1265 4181 1554 4254 adfuerit,
1582 4185 1833 4263 ejusque
1855 4188 2083 4243 nescius

2187 4193 2489 4266 πρασφορᾶς
2551 4189 2867 4269 γιδομὲντ,ς,
2929 4193 3018 4248 καὶ
3075 4181 3314 4269 ἆγνοῶνί
3371 4189 3690 4267 μεταλάϐοι,
3770 4193 3825 4248 τί

445 4277 746 4360 particeps
769 4274 962 4335 factus
993 4275 1092 4348 sit,
1129 4272 1273 4354 quid
1307 4272 1384 4361 de
1418 4290 1490 4361 eo
1523 4273 1656 4334 ﬁeri
1689 4271 1868 4334 debet
1891 4278 1918 4333 ’ἒ

1418 4290 1490 4361 eo
1523 4273 1656 4334 ﬁeri
1689 4271 1868 4334 debet
1891 4278 1918 4333 ?
2181 4275 2381 4355 ὀφείλει
2416 4280 2650 4356 γίνεσθαι
2684 4281 2808 4357 περὶ
2837 4284 3000 4341 αὖτοῦ
3032 4300 3047 4361 ;

527 4365 891 4444 Responsio.
925 4361 1117 4424 Debet
1167 4359 1496 4423 illuminari
1545 4379 1558 4424 :
1591 4381 1625 4424 a
1653 4362 1774 4425 Deo
1804 4361 1964 4425 enim
1997 4379 2098 4424 vo-

2265 4365 2601 4445 Ἀπὸκρισις,
2637 4371 2979 4439 Φωτισθῆναι
3034 4359 3236 4451 opsita
3272 4387 3286 4403 '
3337 4373 3480 4448 παρὰ
3535 4377 3671 4428 Θεοῦ
3729 4371 3832 4450 γὰρ

451 4463 616 4533 catus
645 4463 757 4516 est.

2153 4475 2157 4503 ι
2177 4455 2460 4524 κέκληται.
3789 4476 3791 4478 '

1830 4593 2232 4679 ΤΙΤΛΟΣ
2304 4596 2436 4680 E’.

533 4723 686 4777 ΠΕΡΙ
756 4726 889 4777 ΤΩΝ
936 4721 1522 4776 ΚΑΤΑΦΡΟΝΥΝΤΩΝ
1589 4727 1719 4776 ΤΩΝ
1786 4723 2202 4795 ΕΚΚΑΗΣΙΩΝ,
2255 4728 2367 4778 KAI
2421 4724 2816 4795 ΣΥΝΑΞΕΩΝ,
2866 4728 2979 4778 ΚΑΙ
3031 4727 3350 4800 ΜΝΗΜΩΝ,
3422 4733 3534 4782 ΚΑΙ
3597 4729 3752 4781 ΠΕΡΙ

1243 4803 1379 4854 ΤΩΝ
1423 4805 1799 4857 ΕΘΙΖΟΝΤΩΝ
1845 4807 1929 4858 ΕΝ
1975 4804 2324 4858 ΕΚΚΑΗΣΙΛ
2373 4810 2484 4859 ΚΑΙ
2530 4807 2680 4860 ΠΕΡΙ
2723 4805 3021 4861 ΑΓΑΠΩΝ.

1717 4977 1850 5038 ¹⁶⁷
1895 4923 2366 5083 ΤΙΤΠΕΠΒ
2437 4998 2543 5084 V.

453 5118 550 5181 DE
577 5117 672 5182 IIS
707 5117 833 5190 QUI
865 5113 1374 5182 CONTEMNUNT
1406 5114 1831 5199 ECQLESIAS,
1868 5117 1962 5181 ET
2001 5117 2343 5184 SYNAXES
2375 5118 2626 5193 ATQUE
2661 5117 3068 5199 MEMORIAS,
3103 5121 3196 5187 ET
3237 5121 3334 5186 DE
3381 5120 3836 5188 MANDUCAN-

1476 5196 1692 5262 TIBUS
1723 5200 1795 5263 IN
1827 5199 2228 5267 ECCLESIIS.
2262 5202 2358 5264 ET
2386 5201 2483 5263 DE
2512 5200 2806 5264 AGAPIS.

537 5295 776 5360 CAPUT
809 5295 1125 5362 PRIMUM.
1161 5332 1238 5343 —
1297 5298 1382 5360 De
1442 5300 1523 5360 iis
1571 5300 1680 5378 qui
1729 5299 1966 5372 docent,
2003 5299 2109 5362 Dei

2277 5306 2665 5360 ΚΕΦΑΛΑΙΟΝ
2711 5307 3002 5365 ΠΡΩΤΟΝ.
3051 5339 3128 5350 —
3180 5305 3310 5384 Περὶ
3380 5307 3484 5358 τῶν
3553 5300 3838 5360 διδασκόν-

457 5386 696 5450 domum
725 5394 782 5451 et
811 5404 1077 5468 synaxes
1109 5395 1165 5451 et
1194 5390 1523 5452 memorias
1552 5389 1818 5453 ludibrio
1849 5407 1969 5454 esse
1991 5389 2095 5452 ha-

2199 5412 2316 5466 των,
2363 5393 2456 5448 τὸν
2489 5392 2646 5448 οἶκον
2679 5398 2768 5449 τοῦ
2818 5400 2973 5467 Θεοῦ,
3029 5397 3118 5452 καὶ
3175 5395 3268 5458 τὰς
3321 5393 3560 5458 συνάξεις
3607 5395 3696 5449 καὶ
3741 5394 3837 5456 τὰς

459 5476 710 5542 bendas.
2189 5483 2433 5561 μνήμας,
2468 5482 2963 5560 εὐκαταφρονήτους
2997 5484 3164 5545 εἶναι.

701 5565 972 5631 Consilii
1005 5565 1341 5645 Gangrests
1372 5583 1636 5630 canones
1661 5569 1724 5645 5,
1756 5566 1859 5632 20.

1847 5611 1859 5629 ,
2543 5569 2772 5627 Συνόδου
2800 5577 3058 5652 Γαγγρῶν
3089 5572 3266 5631 κανὼν
3300 5573 3369 5648 ε’,
3404 5569 3485 5637 κ’.

502 5655 632 5720 5.Si
652 5657 788 5737 quis
810 5657 988 5722 docet
1009 5657 1254 5720 domum
1280 5656 1386 5722 Dei
1409 5675 1541 5724 esse
1565 5657 2100 5738 contemnendam,

2270 5659 2338 5720 ε’.
2375 5659 2448 5718 Εἴ
2475 5682 2558 5725 τις
2587 5657 2820 5719 διδάσκει
2851 5663 2940 5722 τὸν
2973 5664 3129 5722 οἶκον
3175 5670 3266 5722 τοῦ
3321 5668 3452 5722 Θεοῦ
3497 5660 3837 5746 εὒκαταφρό-
