  <div class='ocr_page' id='page_1' title='image "/cluster/home/n/w/nwhite01/storage/ocr_20150623/104/hvd.32044073502163/334.png"; bbox 0 0 4004 6230; ppageno 0'>
   <div class='ocr_carea' id='block_1_1' title="bbox 187 304 3530 437">
    <p class='ocr_par' dir='ltr' id='par_1_1' title="bbox 187 304 3530 437">
     <span class='ocr_line' id='line_1_1' title="bbox 187 304 3530 437; baseline 0.001 -19"><span class='ocrx_word' id='word_1_1' title='bbox 187 348 284 423; x_wconf 82' lang='lat'><strong>629</strong></span> <span class='ocrx_word' id='word_1_2' title='bbox 526 304 539 321; x_wconf 37' lang='grc'>⁸</span> <span class='ocrx_word' id='word_1_3' title='bbox 985 352 1406 420; x_wconf 82' lang='lat' dir='ltr'><strong>SYNTAGMA</strong></span> <span class='ocrx_word' id='word_1_4' title='bbox 1447 353 1850 435; x_wconf 68' lang='lat' dir='ltr'><strong>CANONUM.</strong></span> <span class='ocrx_word' id='word_1_5' title='bbox 1883 386 1960 402; x_wconf 90' lang='lat'><strong>—</strong></span> <span class='ocrx_word' id='word_1_6' title='bbox 2004 326 2161 422; x_wconf 73' lang='lat' dir='ltr'><strong>m.</strong></span> <span class='ocrx_word' id='word_1_7' title='bbox 2210 357 2287 437; x_wconf 90' lang='lat' dir='ltr'><strong>v,</strong></span> <span class='ocrx_word' id='word_1_8' title='bbox 2329 356 2494 420; x_wconf 62' lang='lat' dir='ltr'><strong>esp.</strong></span> <span class='ocrx_word' id='word_1_9' title='bbox 2540 356 2591 437; x_wconf 86' lang='lat'><strong>1,</strong></span> <span class='ocrx_word' id='word_1_10' title='bbox 2637 353 2720 420; x_wconf 89' lang='lat' dir='ltr'><strong>II.</strong></span> <span class='ocrx_word' id='word_1_11' title='bbox 3409 354 3530 423; x_wconf 90' lang='lat'><strong>630</strong></span> 
     </span>
    </p>
   </div>
   <div class='ocr_carea' id='block_1_2' title="bbox 187 484 1768 574">
    <p class='ocr_par' dir='ltr' id='par_1_2' title="bbox 187 484 1768 570">
     <span class='ocr_line' id='line_1_2' title="bbox 187 484 1768 570; baseline -0.001 -24"><span class='ocrx_word' id='word_1_12' title='bbox 187 510 323 556; x_wconf 84' lang='grc' dir='ltr'>νητον</span> <span class='ocrx_word' id='word_1_13' title='bbox 369 490 531 568; x_wconf 82' lang='grc' dir='ltr'>εἶναι,</span> <span class='ocrx_word' id='word_1_14' title='bbox 596 485 687 544; x_wconf 82' lang='grc' dir='ltr'>γαὶ</span> <span class='ocrx_word' id='word_1_15' title='bbox 745 484 838 553; x_wconf 75' lang='grc' dir='ltr'><strong>τὰς</strong></span> <span class='ocrx_word' id='word_1_16' title='bbox 901 486 955 543; x_wconf 81' lang='grc' dir='ltr'>ἐν</span> <span class='ocrx_word' id='word_1_17' title='bbox 1031 485 1176 563; x_wconf 76' lang='grc' dir='ltr'>αὖτῷ</span> <span class='ocrx_word' id='word_1_18' title='bbox 1228 485 1487 570; x_wconf 80' lang='grc' dir='ltr'>συνάξεις,</span> <span class='ocrx_word' id='word_1_19' title='bbox 1547 488 1768 567; x_wconf 74' lang='grc' dir='ltr'>ἆνάθεμς</span> 
     </span>
    </p>
   </div>
   <div class='ocr_carea' id='block_1_3' title="bbox 1948 484 3529 574">
    <p class='ocr_par' dir='ltr' id='par_1_3' title="bbox 1957 488 3529 574">
     <span class='ocr_line' id='line_1_3' title="bbox 1957 488 3529 574; baseline 0.004 -23"><span class='ocrx_word' id='word_1_20' title='bbox 1957 508 2091 573; x_wconf 66' lang='lat' dir='ltr'><strong>quas</strong></span> <span class='ocrx_word' id='word_1_21' title='bbox 2121 490 2275 554; x_wconf 80' lang='lat' dir='ltr'><strong>ﬁunt</strong></span> <span class='ocrx_word' id='word_1_22' title='bbox 2332 490 2393 553; x_wconf 94' lang='lat' dir='ltr'><strong>in</strong></span> <span class='ocrx_word' id='word_1_23' title='bbox 2453 508 2523 553; x_wconf 90' lang='lat' dir='ltr'><strong>ea</strong></span> <span class='ocrx_word' id='word_1_24' title='bbox 2579 488 3116 574; x_wconf 76' lang='lat' dir='ltr'><strong>congregationes,</strong></span> <span class='ocrx_word' id='word_1_25' title='bbox 3150 488 3230 555; x_wconf 89' lang='lat' dir='ltr'><strong>sit</strong></span> <span class='ocrx_word' id='word_1_26' title='bbox 3279 492 3529 557; x_wconf 86' lang='lat' dir='ltr'><strong>anathe-</strong></span> 
     </span>
    </p>
   </div>
   <div class='ocr_carea' id='block_1_4' title="bbox 183 581 1764 649">
    <p class='ocr_par' dir='ltr' id='par_1_4' title="bbox 183 581 321 639">
     <span class='ocr_line' id='line_1_4' title="bbox 183 581 321 639; baseline 0.014 -3"><span class='ocrx_word' id='word_1_27' title='bbox 183 581 321 639; x_wconf 75' lang='grc' dir='ltr'>ἔστω.</span> 
     </span>
    </p>
   </div>
   <div class='ocr_carea' id='block_1_5' title="bbox 708 581 2289 649">
    <p class='ocr_par' dir='ltr' id='par_1_5' title="bbox 1880 597 2289 649">
     <span class='ocr_line' id='line_1_5' title="bbox 1880 597 2289 649; baseline 0 -7"><span class='ocrx_word' id='word_1_28' title='bbox 1880 597 1997 642; x_wconf 86' lang='lat' dir='ltr'><strong>ma.</strong></span> <span class='ocrx_word' id='word_1_29' title='bbox 2142 628 2145 633; x_wconf 67' lang='grc' dir='ltr'><strong>ι</strong></span> <span class='ocrx_word' id='word_1_30' title='bbox 2284 638 2289 649; x_wconf 78' lang='grc'><strong>,</strong></span> 
     </span>
    </p>
   </div>
   <div class='ocr_carea' id='block_1_6' title="bbox 246 665 1827 754">
    <p class='ocr_par' dir='ltr' id='par_1_6' title="bbox 246 665 1789 750">
     <span class='ocr_line' id='line_1_6' title="bbox 246 665 1789 750; baseline -0.002 -21"><span class='ocrx_word' id='word_1_31' title='bbox 246 667 313 729; x_wconf 79' lang='grc' dir='ltr'><strong>κ’.</strong></span> <span class='ocrx_word' id='word_1_32' title='bbox 344 665 407 726; x_wconf 80' lang='grc' dir='ltr'><strong>Εἴ</strong></span> <span class='ocrx_word' id='word_1_33' title='bbox 447 689 527 734; x_wconf 91' lang='grc' dir='ltr'><strong>τις</strong></span> <span class='ocrx_word' id='word_1_34' title='bbox 556 668 776 743; x_wconf 79' lang='grc' dir='ltr'><strong>αἰτιῷτο</strong></span> <span class='ocrx_word' id='word_1_35' title='bbox 827 668 1155 748; x_wconf 70' lang='grc' dir='ltr'><strong>ὑπερηφάνῳ</strong></span> <span class='ocrx_word' id='word_1_36' title='bbox 1220 666 1443 727; x_wconf 70' lang='grc' dir='ltr'>διαθέσει</span> <span class='ocrx_word' id='word_1_37' title='bbox 1501 669 1789 750; x_wconf 85' lang='grc' dir='ltr'>κεχρημὲ-</span> 
     </span>
    </p>
   </div>
   <div class='ocr_carea' id='block_1_7' title="bbox 1941 665 3522 754">
    <p class='ocr_par' dir='ltr' id='par_1_7' title="bbox 1957 670 3522 754">
     <span class='ocr_line' id='line_1_7' title="bbox 1957 670 3522 754; baseline 0.004 -22"><span class='ocrx_word' id='word_1_38' title='bbox 1957 670 2061 735; x_wconf 74' lang='grc'><strong>20.</strong></span> <span class='ocrx_word' id='word_1_39' title='bbox 2093 672 2156 732; x_wconf 88' lang='lat' dir='ltr'>Si</span> <span class='ocrx_word' id='word_1_40' title='bbox 2188 670 2324 752; x_wconf 87' lang='lat' dir='ltr'><strong>quis</strong></span> <span class='ocrx_word' id='word_1_41' title='bbox 2350 670 2689 750; x_wconf 74' lang='lat' dir='ltr'><strong>arrogantia</strong></span> <span class='ocrx_word' id='word_1_42' title='bbox 2718 678 2987 745; x_wconf 88' lang='lat' dir='ltr'><strong>utens,et</strong></span> <span class='ocrx_word' id='word_1_43' title='bbox 3018 679 3346 754; x_wconf 76' lang='lat' dir='ltr'><strong>martyrum</strong></span> <span class='ocrx_word' id='word_1_44' title='bbox 3370 693 3522 738; x_wconf 87' lang='lat' dir='ltr'><strong>con-</strong></span> 
     </span>
    </p>
   </div>
   <div class='ocr_carea' id='block_1_8' title="bbox 178 755 1759 844">
    <p class='ocr_par' dir='ltr' id='par_1_8' title="bbox 178 755 1759 840">
     <span class='ocr_line' id='line_1_8' title="bbox 178 755 1759 840; baseline 0 -25"><span class='ocrx_word' id='word_1_45' title='bbox 178 780 275 834; x_wconf 89' lang='grc' dir='ltr'>νος,</span> <span class='ocrx_word' id='word_1_46' title='bbox 329 759 409 814; x_wconf 82' lang='grc' dir='ltr'><strong>καὶ</strong></span> <span class='ocrx_word' id='word_1_47' title='bbox 459 756 886 834; x_wconf 76' lang='grc' dir='ltr'><strong>βδελυσσόμενος</strong></span> <span class='ocrx_word' id='word_1_48' title='bbox 934 755 1029 822; x_wconf 83' lang='grc' dir='ltr'>τοὶς</span> <span class='ocrx_word' id='word_1_49' title='bbox 1061 756 1301 825; x_wconf 78' lang='grc' dir='ltr'>συνάξεις</span> <span class='ocrx_word' id='word_1_50' title='bbox 1332 757 1439 816; x_wconf 80' lang='grc' dir='ltr'><strong>τῶν</strong></span> <span class='ocrx_word' id='word_1_51' title='bbox 1482 761 1759 840; x_wconf 74' lang='grc' dir='ltr'>μαρτύρων</span> 
     </span>
    </p>
   </div>
   <div class='ocr_carea' id='block_1_9' title="bbox 1940 755 3521 844">
    <p class='ocr_par' dir='ltr' id='par_1_9' title="bbox 1940 759 3521 844">
     <span class='ocr_line' id='line_1_9' title="bbox 1940 759 3521 844; baseline 0.004 -23"><span class='ocrx_word' id='word_1_52' title='bbox 1940 759 2256 839; x_wconf 67' lang='grc' dir='ltr'>’θεειίοηεε</span> <span class='ocrx_word' id='word_1_53' title='bbox 2285 760 2643 834; x_wconf 80' lang='lat' dir='ltr'><strong>abhorrens,</strong></span> <span class='ocrx_word' id='word_1_54' title='bbox 2678 769 2737 821; x_wconf 92' lang='lat' dir='ltr'><strong>et</strong></span> <span class='ocrx_word' id='word_1_55' title='bbox 2776 778 2945 824; x_wconf 88' lang='lat' dir='ltr'><strong>sacra</strong></span> <span class='ocrx_word' id='word_1_56' title='bbox 2978 781 3111 844; x_wconf 81' lang='lat' dir='ltr'><strong>quae</strong></span> <span class='ocrx_word' id='word_1_57' title='bbox 3139 762 3199 824; x_wconf 91' lang='lat' dir='ltr'><strong>in</strong></span> <span class='ocrx_word' id='word_1_58' title='bbox 3234 762 3323 825; x_wconf 91' lang='lat' dir='ltr'><strong>eis</strong></span> <span class='ocrx_word' id='word_1_59' title='bbox 3353 764 3521 828; x_wconf 89' lang='lat' dir='ltr'><strong>cele-</strong></span> 
     </span>
    </p>
   </div>
   <div class='ocr_carea' id='block_1_10' title="bbox 180 846 1761 929">
    <p class='ocr_par' dir='ltr' id='par_1_10' title="bbox 180 846 1761 929">
     <span class='ocr_line' id='line_1_10' title="bbox 180 846 1761 929; baseline 0.001 -25"><span class='ocrx_word' id='word_1_60' title='bbox 180 848 211 917; x_wconf 70' lang='grc' dir='ltr'>ἢ</span> <span class='ocrx_word' id='word_1_61' title='bbox 256 848 343 912; x_wconf 73' lang='grc' dir='ltr'><strong>τὰς</strong></span> <span class='ocrx_word' id='word_1_62' title='bbox 387 847 440 903; x_wconf 76' lang='grc' dir='ltr'>ἐν</span> <span class='ocrx_word' id='word_1_63' title='bbox 500 848 690 910; x_wconf 79' lang='grc' dir='ltr'>αὒταῖς</span> <span class='ocrx_word' id='word_1_64' title='bbox 767 846 1049 926; x_wconf 80' lang='grc' dir='ltr'>γινομένας</span> <span class='ocrx_word' id='word_1_65' title='bbox 1115 847 1468 929; x_wconf 70' lang='grc' dir='ltr'><strong>λειτουργίας,</strong></span> <span class='ocrx_word' id='word_1_66' title='bbox 1544 849 1639 906; x_wconf 86' lang='grc' dir='ltr'><strong>καί</strong></span> <span class='ocrx_word' id='word_1_67' title='bbox 1695 848 1761 906; x_wconf 80' lang='grc' dir='ltr'><strong>τὰ</strong></span> 
     </span>
    </p>
   </div>
   <div class='ocr_carea' id='block_1_11' title="bbox 1944 846 3525 929">
    <p class='ocr_par' dir='ltr' id='par_1_11' title="bbox 1944 849 3525 927">
     <span class='ocr_line' id='line_1_11' title="bbox 1944 849 3525 927; baseline 0.004 -16"><span class='ocrx_word' id='word_1_68' title='bbox 1944 857 2151 927; x_wconf 82' lang='lat' dir='ltr'><strong>&#39;antur,</strong></span> <span class='ocrx_word' id='word_1_69' title='bbox 2186 850 2241 912; x_wconf 91' lang='lat' dir='ltr'><strong>el</strong></span> <span class='ocrx_word' id='word_1_70' title='bbox 2275 868 2483 913; x_wconf 92' lang='lat' dir='ltr'><strong>eorum</strong></span> <span class='ocrx_word' id='word_1_71' title='bbox 2534 849 2859 915; x_wconf 80' lang='lat' dir='ltr'><strong>memorias</strong></span> <span class='ocrx_word' id='word_1_72' title='bbox 2887 865 3134 916; x_wconf 88' lang='lat' dir='ltr'><strong>accuset</strong></span> <span class='ocrx_word' id='word_1_73' title='bbox 3163 852 3241 914; x_wconf 93' lang='lat' dir='ltr'><strong>sit</strong></span> <span class='ocrx_word' id='word_1_74' title='bbox 3274 854 3525 917; x_wconf 89' lang='lat' dir='ltr'><strong>anathe-</strong></span> 
     </span>
    </p>
   </div>
   <div class='ocr_carea' id='block_1_12' title="bbox 179 935 1994 1013">
    <p class='ocr_par' dir='ltr' id='par_1_12' title="bbox 179 935 1994 1013">
     <span class='ocr_line' id='line_1_12' title="bbox 179 935 1994 1013; baseline 0.004 -22"><span class='ocrx_word' id='word_1_75' title='bbox 179 938 370 1013; x_wconf 71' lang='grc' dir='ltr'>μνήμας</span> <span class='ocrx_word' id='word_1_76' title='bbox 402 937 598 1011; x_wconf 71' lang='grc' dir='ltr'>αὗτῶν,</span> <span class='ocrx_word' id='word_1_77' title='bbox 632 936 870 1013; x_wconf 70' lang='grc' dir='ltr'>ἀνάθεμα</span> <span class='ocrx_word' id='word_1_78' title='bbox 899 935 1060 999; x_wconf 78' lang='grc' dir='ltr'>ἔστω.</span> <span class='ocrx_word' id='word_1_79' title='bbox 1878 956 1994 1001; x_wconf 86' lang='lat' dir='ltr'><strong>ma.</strong></span> 
     </span>
    </p>
   </div>
   <div class='ocr_carea' id='block_1_13' title="bbox 228 1024 1809 1113">
    <p class='ocr_par' dir='ltr' id='par_1_13' title="bbox 228 1024 1722 1105">
     <span class='ocr_line' id='line_1_13' title="bbox 228 1024 1722 1105; baseline 0.013 -24"><span class='ocrx_word' id='word_1_80' title='bbox 228 1024 438 1083; x_wconf 73' lang='grc' dir='ltr'>Συνόδου</span> <span class='ocrx_word' id='word_1_81' title='bbox 468 1026 845 1100; x_wconf 74' lang='grc' dir='ltr'>οἶκουμενικῆς</span> <span class='ocrx_word' id='word_1_82' title='bbox 875 1025 1038 1094; x_wconf 76' lang='grc' dir='ltr'>ἕκτης</span> <span class='ocrx_word' id='word_1_83' title='bbox 1071 1027 1248 1085; x_wconf 68' lang='grc' dir='ltr'>κανὼν</span> <span class='ocrx_word' id='word_1_84' title='bbox 1278 1024 1412 1102; x_wconf 64' lang='lat' dir='ltr'><strong>og’,</strong></span> <span class='ocrx_word' id='word_1_85' title='bbox 1446 1025 1573 1102; x_wconf 62' lang='grc' dir='ltr'><strong>πη’›</strong></span> <span class='ocrx_word' id='word_1_86' title='bbox 1608 1028 1722 1105; x_wconf 53' lang='lat' dir='ltr'><strong>4C.-</strong></span> 
     </span>
    </p>
   </div>
   <div class='ocr_carea' id='block_1_14' title="bbox 1895 1024 3476 1113">
    <p class='ocr_par' dir='ltr' id='par_1_14' title="bbox 1919 1028 3476 1113">
     <span class='ocr_line' id='line_1_14' title="bbox 1919 1028 3476 1113; baseline 0.005 -23"><span class='ocrx_word' id='word_1_87' title='bbox 1919 1028 2192 1092; x_wconf 62' lang='grc' dir='ltr'>ϐοηθειἰί</span> <span class='ocrx_word' id='word_1_88' title='bbox 2223 1030 2579 1093; x_wconf 71' lang='grc' dir='ltr'>ωοιιηιεηὶοἱ</span> <span class='ocrx_word' id='word_1_89' title='bbox 2607 1032 2770 1094; x_wconf 75' lang='lat' dir='ltr'><strong>sexti</strong></span> <span class='ocrx_word' id='word_1_90' title='bbox 2796 1047 3077 1113; x_wconf 85' lang='lat' dir='ltr'><strong>canones,</strong></span> <span class='ocrx_word' id='word_1_91' title='bbox 3113 1032 3213 1108; x_wconf 88' lang='lat'><strong>76,</strong></span> <span class='ocrx_word' id='word_1_92' title='bbox 3240 1032 3339 1111; x_wconf 90' lang='lat'>88,</span> <span class='ocrx_word' id='word_1_93' title='bbox 3373 1036 3476 1099; x_wconf 87' lang='lat'><strong>97.</strong></span> 
     </span>
    </p>
   </div>
   <div class='ocr_carea' id='block_1_15' title="bbox 245 1115 1826 1199">
    <p class='ocr_par' dir='ltr' id='par_1_15' title="bbox 245 1115 1788 1197">
     <span class='ocr_line' id='line_1_15' title="bbox 245 1115 1788 1197; baseline 0.001 -23"><span class='ocrx_word' id='word_1_94' title='bbox 245 1116 366 1190; x_wconf 61' lang='lat' dir='ltr'><strong>eg&quot;.</strong></span> <span class='ocrx_word' id='word_1_95' title='bbox 410 1116 535 1174; x_wconf 76' lang='grc' dir='ltr'>’Ὅτι</span> <span class='ocrx_word' id='word_1_96' title='bbox 578 1115 638 1172; x_wconf 78' lang='grc' dir='ltr'>οὒ</span> <span class='ocrx_word' id='word_1_97' title='bbox 667 1117 783 1196; x_wconf 82' lang='grc' dir='ltr'><strong>χρὴ</strong></span> <span class='ocrx_word' id='word_1_98' title='bbox 816 1115 967 1172; x_wconf 76' lang='grc' dir='ltr'>ἔνδον</span> <span class='ocrx_word' id='word_1_99' title='bbox 1015 1122 1122 1172; x_wconf 85' lang='grc' dir='ltr'>τῶν</span> <span class='ocrx_word' id='word_1_100' title='bbox 1165 1119 1321 1196; x_wconf 75' lang='grc' dir='ltr'>ἱερῶν</span> <span class='ocrx_word' id='word_1_101' title='bbox 1350 1116 1650 1197; x_wconf 88' lang='grc' dir='ltr'>περιϐόλων</span> <span class='ocrx_word' id='word_1_102' title='bbox 1680 1141 1788 1176; x_wconf 88' lang='grc' dir='ltr'>κα-</span> 
     </span>
    </p>
   </div>
   <div class='ocr_carea' id='block_1_16' title="bbox 1938 1115 3519 1199">
    <p class='ocr_par' dir='ltr' id='par_1_16' title="bbox 1956 1117 3519 1199">
     <span class='ocr_line' id='line_1_16' title="bbox 1956 1117 3519 1199; baseline 0.004 -19"><span class='ocrx_word' id='word_1_103' title='bbox 1956 1117 2059 1181; x_wconf 86' lang='grc'><strong>76.</strong></span> <span class='ocrx_word' id='word_1_104' title='bbox 2116 1119 2286 1193; x_wconf 86' lang='lat' dir='ltr'><strong>Quod</strong></span> <span class='ocrx_word' id='word_1_105' title='bbox 2340 1137 2463 1181; x_wconf 93' lang='lat' dir='ltr'><strong>non</strong></span> <span class='ocrx_word' id='word_1_106' title='bbox 2516 1128 2749 1199; x_wconf 81' lang='lat' dir='ltr'><strong>oportet</strong></span> <span class='ocrx_word' id='word_1_107' title='bbox 2798 1120 2953 1182; x_wconf 87' lang='lat' dir='ltr'><strong>intra</strong></span> <span class='ocrx_word' id='word_1_108' title='bbox 2983 1129 3225 1184; x_wconf 89' lang='lat' dir='ltr'><strong>sanctos</strong></span> <span class='ocrx_word' id='word_1_109' title='bbox 3254 1123 3519 1186; x_wconf 84' lang='lat' dir='ltr'><strong>ambitus</strong></span> 
     </span>
    </p>
   </div>
   <div class='ocr_carea' id='block_1_17' title="bbox 174 1204 1755 1295">
    <p class='ocr_par' dir='ltr' id='par_1_17' title="bbox 174 1204 1751 1287">
     <span class='ocr_line' id='line_1_17' title="bbox 174 1204 1751 1287; baseline 0.001 -22"><span class='ocrx_word' id='word_1_110' title='bbox 174 1206 380 1275; x_wconf 78' lang='grc' dir='ltr'>πηλεῖον</span> <span class='ocrx_word' id='word_1_111' title='bbox 416 1206 454 1274; x_wconf 75' lang='grc' dir='ltr'><strong>ἢ</strong></span> <span class='ocrx_word' id='word_1_112' title='bbox 502 1206 568 1263; x_wconf 77' lang='grc' dir='ltr'>τὰ</span> <span class='ocrx_word' id='word_1_113' title='bbox 617 1205 704 1262; x_wconf 75' lang='grc' dir='ltr'>διὰ</span> <span class='ocrx_word' id='word_1_114' title='bbox 745 1206 1045 1284; x_wconf 76' lang='grc' dir='ltr'><strong>βρωμάτων</strong></span> <span class='ocrx_word' id='word_1_115' title='bbox 1080 1204 1202 1275; x_wconf 82' lang='grc' dir='ltr'><strong>εἴδη</strong></span> <span class='ocrx_word' id='word_1_116' title='bbox 1237 1207 1562 1287; x_wconf 72' lang='grc' dir='ltr'><strong>προτιθέναι,</strong></span> <span class='ocrx_word' id='word_1_117' title='bbox 1596 1208 1632 1279; x_wconf 70' lang='grc' dir='ltr'><strong>ἢ</strong></span> <span class='ocrx_word' id='word_1_118' title='bbox 1666 1209 1751 1266; x_wconf 80' lang='grc' dir='ltr'><strong>ἑτέ</strong></span> 
     </span>
    </p>
   </div>
   <div class='ocr_carea' id='block_1_18' title="bbox 1934 1204 3515 1295">
    <p class='ocr_par' dir='ltr' id='par_1_18' title="bbox 1934 1207 3515 1295">
     <span class='ocr_line' id='line_1_18' title="bbox 1934 1207 3515 1295; baseline 0.005 -27"><span class='ocrx_word' id='word_1_119' title='bbox 1934 1212 2305 1286; x_wconf 83' lang='lat' dir='ltr'><strong>mponariam</strong></span> <span class='ocrx_word' id='word_1_120' title='bbox 2338 1207 2662 1285; x_wconf 78' lang='lat' dir='ltr'><strong>ofﬁcinam,</strong></span> <span class='ocrx_word' id='word_1_121' title='bbox 2684 1208 2776 1271; x_wconf 90' lang='lat' dir='ltr'><strong>vel</strong></span> <span class='ocrx_word' id='word_1_122' title='bbox 2802 1208 3074 1272; x_wconf 83' lang='lat' dir='ltr'><strong>ciborum</strong></span> <span class='ocrx_word' id='word_1_123' title='bbox 3103 1213 3338 1293; x_wconf 85' lang='lat' dir='ltr'><strong>species</strong></span> <span class='ocrx_word' id='word_1_124' title='bbox 3369 1231 3515 1295; x_wconf 91' lang='lat' dir='ltr'><strong>pro-</strong></span> 
     </span>
    </p>
   </div>
   <div class='ocr_carea' id='block_1_19' title="bbox 172 1294 1753 1381">
    <p class='ocr_par' dir='ltr' id='par_1_19' title="bbox 172 1294 1753 1381">
     <span class='ocr_line' id='line_1_19' title="bbox 172 1294 1753 1381; baseline 0.001 -27"><span class='ocrx_word' id='word_1_125' title='bbox 172 1320 254 1377; x_wconf 81' lang='grc' dir='ltr'><strong>ρας</strong></span> <span class='ocrx_word' id='word_1_126' title='bbox 291 1295 506 1374; x_wconf 72' lang='grc' dir='ltr'>πράσεις</span> <span class='ocrx_word' id='word_1_127' title='bbox 556 1300 851 1381; x_wconf 76' lang='grc' dir='ltr'>ποιεῖσθαι,</span> <span class='ocrx_word' id='word_1_128' title='bbox 907 1298 968 1353; x_wconf 81' lang='grc' dir='ltr'>τὸ</span> <span class='ocrx_word' id='word_1_129' title='bbox 1000 1294 1294 1372; x_wconf 73' lang='grc' dir='ltr'>σεϐάσμιον</span> <span class='ocrx_word' id='word_1_130' title='bbox 1323 1310 1448 1364; x_wconf 82' lang='grc' dir='ltr'>ταῖς</span> <span class='ocrx_word' id='word_1_131' title='bbox 1477 1296 1753 1365; x_wconf 78' lang='grc' dir='ltr'>ἐκκλησίαι</span> 
     </span>
    </p>
   </div>
   <div class='ocr_carea' id='block_1_20' title="bbox 1938 1294 3519 1381">
    <p class='ocr_par' dir='ltr' id='par_1_20' title="bbox 1938 1297 3519 1381">
     <span class='ocr_line' id='line_1_20' title="bbox 1938 1297 3519 1381; baseline 0.005 -23"><span class='ocrx_word' id='word_1_132' title='bbox 1938 1316 2126 1373; x_wconf 85' lang='lat' dir='ltr'><strong>mere,</strong></span> <span class='ocrx_word' id='word_1_133' title='bbox 2156 1298 2244 1359; x_wconf 85' lang='lat' dir='ltr'><strong>vel</strong></span> <span class='ocrx_word' id='word_1_134' title='bbox 2268 1297 2415 1361; x_wconf 90' lang='lat' dir='ltr'><strong>alias</strong></span> <span class='ocrx_word' id='word_1_135' title='bbox 2446 1297 2825 1361; x_wconf 79' lang='lat' dir='ltr'><strong>venditiones</strong></span> <span class='ocrx_word' id='word_1_136' title='bbox 2851 1300 3245 1381; x_wconf 84' lang='lat' dir='ltr'><strong>facere,suam</strong></span> <span class='ocrx_word' id='word_1_137' title='bbox 3270 1320 3519 1366; x_wconf 84' lang='lat' dir='ltr'><strong>venera-</strong></span> 
     </span>
    </p>
   </div>
   <div class='ocr_carea' id='block_1_21' title="bbox 170 1376 1751 1470">
    <p class='ocr_par' dir='ltr' id='par_1_21' title="bbox 170 1376 1751 1467">
     <span class='ocr_line' id='line_1_21' title="bbox 170 1376 1751 1467; baseline 0.001 -23"><span class='ocrx_word' id='word_1_138' title='bbox 170 1376 536 1467; x_wconf 54' lang='grc' dir='ltr'>φυλάσσοντας.</span> <span class='ocrx_word' id='word_1_139' title='bbox 590 1376 646 1444; x_wconf 67' lang='grc' dir='ltr'>Ὀ</span> <span class='ocrx_word' id='word_1_140' title='bbox 690 1387 790 1464; x_wconf 81' lang='grc' dir='ltr'><strong>γὰρ</strong></span> <span class='ocrx_word' id='word_1_141' title='bbox 835 1387 1024 1465; x_wconf 76' lang='grc' dir='ltr'>Σωτὴρ</span> <span class='ocrx_word' id='word_1_142' title='bbox 1054 1390 1212 1462; x_wconf 76' lang='grc' dir='ltr'>ἡμῶν</span> <span class='ocrx_word' id='word_1_143' title='bbox 1243 1386 1338 1444; x_wconf 80' lang='grc' dir='ltr'><strong>καΐ</strong></span> <span class='ocrx_word' id='word_1_144' title='bbox 1387 1389 1542 1463; x_wconf 82' lang='grc' dir='ltr'>Θεὸς,</span> <span class='ocrx_word' id='word_1_145' title='bbox 1575 1387 1661 1445; x_wconf 82' lang='grc' dir='ltr'>διὰ</span> <span class='ocrx_word' id='word_1_146' title='bbox 1690 1391 1751 1456; x_wconf 75' lang='grc' dir='ltr'><strong>τῆ</strong></span> 
     </span>
    </p>
   </div>
   <div class='ocr_carea' id='block_1_22' title="bbox 1932 1376 3513 1470">
    <p class='ocr_par' dir='ltr' id='par_1_22' title="bbox 1932 1376 3513 1470">
     <span class='ocr_line' id='line_1_22' title="bbox 1932 1376 3513 1470; baseline 0.003 -19"><span class='ocrx_word' id='word_1_147' title='bbox 1932 1406 2104 1451; x_wconf 88' lang='lat' dir='ltr'><strong>onem</strong></span> <span class='ocrx_word' id='word_1_148' title='bbox 2131 1388 2405 1451; x_wconf 84' lang='lat' dir='ltr'><strong>ecclesiis</strong></span> <span class='ocrx_word' id='word_1_149' title='bbox 2426 1396 2758 1451; x_wconf 84' lang='lat' dir='ltr'><strong>servantes.</strong></span> <span class='ocrx_word' id='word_1_150' title='bbox 2792 1376 3069 1454; x_wconf 73' lang='lat' dir='ltr'><strong>Salvator</strong></span> <span class='ocrx_word' id='word_1_151' title='bbox 3092 1391 3254 1454; x_wconf 87' lang='lat' dir='ltr'><strong>enim</strong></span> <span class='ocrx_word' id='word_1_152' title='bbox 3285 1400 3513 1470; x_wconf 87' lang='lat' dir='ltr'><strong>noster,</strong></span> 
     </span>
    </p>
   </div>
   <div class='ocr_carea' id='block_1_23' title="bbox 168 1473 1749 1558">
    <p class='ocr_par' dir='ltr' id='par_1_23' title="bbox 168 1473 1749 1558">
     <span class='ocr_line' id='line_1_23' title="bbox 168 1473 1749 1558; baseline 0.001 -23"><span class='ocrx_word' id='word_1_153' title='bbox 168 1477 216 1535; x_wconf 73' lang='grc' dir='ltr'>ἐν</span> <span class='ocrx_word' id='word_1_154' title='bbox 250 1478 390 1557; x_wconf 83' lang='grc' dir='ltr'>σαρκὶ</span> <span class='ocrx_word' id='word_1_155' title='bbox 435 1474 716 1539; x_wconf 83' lang='grc' dir='ltr'>πολιτείας</span> <span class='ocrx_word' id='word_1_156' title='bbox 760 1473 1123 1556; x_wconf 71' lang='grc' dir='ltr'>παιδαγωγῶν</span> <span class='ocrx_word' id='word_1_157' title='bbox 1170 1478 1343 1558; x_wconf 78' lang='grc' dir='ltr'>ἡμᾶς,</span> <span class='ocrx_word' id='word_1_158' title='bbox 1377 1478 1456 1553; x_wconf 74' lang='grc' dir='ltr'>μὴ</span> <span class='ocrx_word' id='word_1_159' title='bbox 1488 1491 1670 1536; x_wconf 86' lang='grc' dir='ltr'>ποιεῖν</span> <span class='ocrx_word' id='word_1_160' title='bbox 1699 1480 1749 1536; x_wconf 72' lang='grc' dir='ltr'>τὲ</span> 
     </span>
    </p>
   </div>
   <div class='ocr_carea' id='block_1_24' title="bbox 1936 1473 3517 1558">
    <p class='ocr_par' dir='ltr' id='par_1_24' title="bbox 1962 1479 3517 1557">
     <span class='ocr_line' id='line_1_24' title="bbox 1962 1479 3517 1557; baseline 0.003 -15"><span class='ocrx_word' id='word_1_161' title='bbox 1962 1480 2144 1554; x_wconf 90' lang='lat' dir='ltr'><strong>Deus,</strong></span> <span class='ocrx_word' id='word_1_162' title='bbox 2175 1496 2287 1557; x_wconf 90' lang='lat' dir='ltr'><strong>per</strong></span> <span class='ocrx_word' id='word_1_163' title='bbox 2315 1496 2482 1539; x_wconf 91' lang='lat' dir='ltr'><strong>suam</strong></span> <span class='ocrx_word' id='word_1_164' title='bbox 2517 1479 2577 1540; x_wconf 91' lang='lat' dir='ltr'><strong>in</strong></span> <span class='ocrx_word' id='word_1_165' title='bbox 2610 1497 2791 1542; x_wconf 90' lang='lat' dir='ltr'><strong>carne</strong></span> <span class='ocrx_word' id='word_1_166' title='bbox 2820 1479 3060 1542; x_wconf 84' lang='lat' dir='ltr'><strong>vivendi</strong></span> <span class='ocrx_word' id='word_1_167' title='bbox 3088 1481 3380 1544; x_wconf 86' lang='lat' dir='ltr'><strong>rationem</strong></span> <span class='ocrx_word' id='word_1_168' title='bbox 3408 1501 3517 1547; x_wconf 90' lang='lat' dir='ltr'><strong>nos</strong></span> 
     </span>
    </p>
   </div>
   <div class='ocr_carea' id='block_1_25' title="bbox 167 1566 1748 1649">
    <p class='ocr_par' dir='ltr' id='par_1_25' title="bbox 167 1566 1748 1649">
     <span class='ocr_line' id='line_1_25' title="bbox 167 1566 1748 1649; baseline 0.001 -25"><span class='ocrx_word' id='word_1_169' title='bbox 167 1567 303 1624; x_wconf 74' lang='grc' dir='ltr'>οἶκον</span> <span class='ocrx_word' id='word_1_170' title='bbox 350 1576 442 1626; x_wconf 81' lang='grc' dir='ltr'>τοῦ</span> <span class='ocrx_word' id='word_1_171' title='bbox 504 1566 713 1644; x_wconf 67' lang='grc' dir='ltr'>Πατρός</span> <span class='ocrx_word' id='word_1_172' title='bbox 774 1567 957 1645; x_wconf 72' lang='grc' dir='ltr'>αὐτοῦ,</span> <span class='ocrx_word' id='word_1_173' title='bbox 1001 1566 1260 1643; x_wconf 79' lang='grc' dir='ltr'>ἐμπορίου</span> <span class='ocrx_word' id='word_1_174' title='bbox 1318 1567 1499 1643; x_wconf 77' lang='grc' dir='ltr'>οἷκον,</span> <span class='ocrx_word' id='word_1_175' title='bbox 1548 1590 1748 1649; x_wconf 86' lang='grc' dir='ltr'>παρεκε</span> 
     </span>
    </p>
   </div>
   <div class='ocr_carea' id='block_1_26' title="bbox 1933 1566 3514 1649">
    <p class='ocr_par' dir='ltr' id='par_1_26' title="bbox 1937 1568 3514 1643">
     <span class='ocr_line' id='line_1_26' title="bbox 1937 1568 3514 1643; baseline 0.004 -15"><span class='ocrx_word' id='word_1_176' title='bbox 1937 1570 2213 1643; x_wconf 88' lang='lat' dir='ltr'><strong>stituens,</strong></span> <span class='ocrx_word' id='word_1_177' title='bbox 2250 1587 2367 1631; x_wconf 90' lang='lat' dir='ltr'><strong>non</strong></span> <span class='ocrx_word' id='word_1_178' title='bbox 2401 1569 2603 1633; x_wconf 83' lang='lat' dir='ltr'><strong>facere</strong></span> <span class='ocrx_word' id='word_1_179' title='bbox 2636 1568 2881 1631; x_wconf 90' lang='lat' dir='ltr'><strong>domum</strong></span> <span class='ocrx_word' id='word_1_180' title='bbox 2921 1568 3117 1633; x_wconf 85' lang='lat' dir='ltr'><strong>Patris</strong></span> <span class='ocrx_word' id='word_1_181' title='bbox 3139 1572 3232 1633; x_wconf 90' lang='lat' dir='ltr'><strong>sui</strong></span> <span class='ocrx_word' id='word_1_182' title='bbox 3267 1571 3514 1634; x_wconf 89' lang='lat' dir='ltr'><strong>domum</strong></span> 
     </span>
    </p>
   </div>
   <div class='ocr_carea' id='block_1_27' title="bbox 166 1654 1747 1740">
    <p class='ocr_par' dir='ltr' id='par_1_27' title="bbox 166 1654 1747 1740">
     <span class='ocr_line' id='line_1_27' title="bbox 166 1654 1747 1740; baseline 0.001 -26"><span class='ocrx_word' id='word_1_183' title='bbox 166 1656 327 1715; x_wconf 72' lang='grc' dir='ltr'>λεόετο</span> <span class='ocrx_word' id='word_1_184' title='bbox 355 1675 372 1693; x_wconf 79' lang='grc' dir='ltr'><strong>ο</strong></span> <span class='ocrx_word' id='word_1_185' title='bbox 414 1656 480 1722; x_wconf 73' lang='grc' dir='ltr'>ὃς</span> <span class='ocrx_word' id='word_1_186' title='bbox 522 1655 614 1713; x_wconf 85' lang='grc' dir='ltr'><strong>καὶ</strong></span> <span class='ocrx_word' id='word_1_187' title='bbox 664 1660 775 1712; x_wconf 85' lang='grc' dir='ltr'><strong>τῶν</strong></span> <span class='ocrx_word' id='word_1_188' title='bbox 834 1654 1199 1713; x_wconf 77' lang='grc' dir='ltr'>κολλυϐιστῶν</span> <span class='ocrx_word' id='word_1_189' title='bbox 1240 1657 1302 1714; x_wconf 82' lang='grc' dir='ltr'><strong>τὸ</strong></span> <span class='ocrx_word' id='word_1_190' title='bbox 1346 1656 1520 1736; x_wconf 78' lang='grc' dir='ltr'>κέρμα</span> <span class='ocrx_word' id='word_1_191' title='bbox 1572 1656 1747 1740; x_wconf 80' lang='grc' dir='ltr'><strong>ἐξέχεε</strong></span> 
     </span>
    </p>
   </div>
   <div class='ocr_carea' id='block_1_28' title="bbox 1933 1654 3514 1740">
    <p class='ocr_par' dir='ltr' id='par_1_28' title="bbox 1933 1658 3514 1740">
     <span class='ocr_line' id='line_1_28' title="bbox 1933 1658 3514 1740; baseline 0.004 -22"><span class='ocrx_word' id='word_1_192' title='bbox 1933 1658 2297 1737; x_wconf 70' lang='lat' dir='ltr'><strong>egotiationis</strong></span> <span class='ocrx_word' id='word_1_193' title='bbox 2309 1658 2495 1740; x_wconf 86' lang='lat' dir='ltr'><strong>jussit</strong></span> <span class='ocrx_word' id='word_1_194' title='bbox 2517 1659 2606 1737; x_wconf 71' lang='lat'><strong>88;</strong></span> <span class='ocrx_word' id='word_1_195' title='bbox 2632 1658 2735 1740; x_wconf 89' lang='lat' dir='ltr'><strong>qui</strong></span> <span class='ocrx_word' id='word_1_196' title='bbox 2758 1658 2936 1722; x_wconf 92' lang='lat' dir='ltr'><strong>etiam</strong></span> <span class='ocrx_word' id='word_1_197' title='bbox 2972 1660 3514 1725; x_wconf 89' lang='lat' dir='ltr'><strong>nummulariorum</strong></span> 
     </span>
    </p>
   </div>
   <div class='ocr_carea' id='block_1_29' title="bbox 166 1744 1747 1829">
    <p class='ocr_par' dir='ltr' id='par_1_29' title="bbox 166 1744 1747 1822">
     <span class='ocr_line' id='line_1_29' title="bbox 166 1744 1747 1822; baseline 0 -18"><span class='ocrx_word' id='word_1_198' title='bbox 166 1749 240 1805; x_wconf 83' lang='grc' dir='ltr'><strong>καὶ</strong></span> <span class='ocrx_word' id='word_1_199' title='bbox 288 1747 404 1813; x_wconf 77' lang='grc' dir='ltr'>τοὺς</span> <span class='ocrx_word' id='word_1_200' title='bbox 461 1747 524 1803; x_wconf 77' lang='grc' dir='ltr'><strong>τὸ</strong></span> <span class='ocrx_word' id='word_1_201' title='bbox 583 1745 723 1822; x_wconf 83' lang='grc' dir='ltr'>ἱερὸν</span> <span class='ocrx_word' id='word_1_202' title='bbox 763 1744 1207 1810; x_wconf 72' lang='grc' dir='ltr'>καινοποιοῦντας</span> <span class='ocrx_word' id='word_1_203' title='bbox 1252 1747 1554 1818; x_wconf 75' lang='grc' dir='ltr'>ἀπήλασεν,</span> <span class='ocrx_word' id='word_1_204' title='bbox 1585 1747 1655 1806; x_wconf 81' lang='grc' dir='ltr'><strong>Εἴ</strong></span> <span class='ocrx_word' id='word_1_205' title='bbox 1702 1770 1747 1805; x_wconf 82' lang='grc' dir='ltr'><strong>τι</strong></span> 
     </span>
    </p>
   </div>
   <div class='ocr_carea' id='block_1_30' title="bbox 1935 1744 3516 1829">
    <p class='ocr_par' dir='ltr' id='par_1_30' title="bbox 1936 1747 3516 1829">
     <span class='ocr_line' id='line_1_30' title="bbox 1936 1747 3516 1829; baseline 0.002 -20"><span class='ocrx_word' id='word_1_206' title='bbox 1936 1765 2112 1810; x_wconf 81' lang='lat' dir='ltr'><strong>enses</strong></span> <span class='ocrx_word' id='word_1_207' title='bbox 2141 1748 2374 1822; x_wconf 77' lang='lat' dir='ltr'><strong>ell‘udit,</strong></span> <span class='ocrx_word' id='word_1_208' title='bbox 2411 1756 2470 1809; x_wconf 93' lang='lat' dir='ltr'><strong>et</strong></span> <span class='ocrx_word' id='word_1_209' title='bbox 2518 1766 2623 1810; x_wconf 91' lang='lat' dir='ltr'><strong>eos</strong></span> <span class='ocrx_word' id='word_1_210' title='bbox 2672 1749 2773 1829; x_wconf 89' lang='lat' dir='ltr'><strong>qui</strong></span> <span class='ocrx_word' id='word_1_211' title='bbox 2821 1747 3019 1810; x_wconf 82' lang='lat' dir='ltr'><strong>forum</strong></span> <span class='ocrx_word' id='word_1_212' title='bbox 3056 1767 3380 1812; x_wconf 85' lang='lat' dir='ltr'><strong>commune</strong></span> <span class='ocrx_word' id='word_1_213' title='bbox 3424 1749 3516 1812; x_wconf 88' lang='lat' dir='ltr'><strong>fa-</strong></span> 
     </span>
    </p>
   </div>
   <div class='ocr_carea' id='block_1_31' title="bbox 168 1834 1749 1919">
    <p class='ocr_par' dir='ltr' id='par_1_31' title="bbox 168 1834 1746 1919">
     <span class='ocr_line' id='line_1_31' title="bbox 168 1834 1746 1919; baseline 0.001 -25"><span class='ocrx_word' id='word_1_214' title='bbox 168 1841 242 1894; x_wconf 71' lang='grc' dir='ltr'>οὖν</span> <span class='ocrx_word' id='word_1_215' title='bbox 286 1836 365 1894; x_wconf 78' lang='grc' dir='ltr'>ἐπὶ</span> <span class='ocrx_word' id='word_1_216' title='bbox 414 1841 493 1910; x_wconf 82' lang='grc' dir='ltr'><strong>τῷ</strong></span> <span class='ocrx_word' id='word_1_217' title='bbox 552 1834 894 1915; x_wconf 82' lang='grc' dir='ltr'>προκειμένῳ</span> <span class='ocrx_word' id='word_1_218' title='bbox 944 1835 1059 1912; x_wconf 80' lang='grc' dir='ltr'>διλῷ</span> <span class='ocrx_word' id='word_1_219' title='bbox 1090 1834 1554 1914; x_wconf 75' lang='grc' dir='ltr'>πλημμελήματι,</span> <span class='ocrx_word' id='word_1_220' title='bbox 1589 1837 1746 1919; x_wconf 72' lang='grc' dir='ltr'>ἀφορι</span> 
     </span>
    </p>
   </div>
   <div class='ocr_carea' id='block_1_32' title="bbox 1936 1834 3517 1919">
    <p class='ocr_par' dir='ltr' id='par_1_32' title="bbox 1936 1836 3517 1919">
     <span class='ocr_line' id='line_1_32' title="bbox 1936 1836 3517 1919; baseline 0.002 -21"><span class='ocrx_word' id='word_1_221' title='bbox 1936 1848 2055 1914; x_wconf 88' lang='lat' dir='ltr'><strong>unt,</strong></span> <span class='ocrx_word' id='word_1_222' title='bbox 2092 1836 2367 1918; x_wconf 85' lang='lat' dir='ltr'><strong>ejecit.Si</strong></span> <span class='ocrx_word' id='word_1_223' title='bbox 2396 1836 2531 1918; x_wconf 89' lang='lat' dir='ltr'><strong>quis</strong></span> <span class='ocrx_word' id='word_1_224' title='bbox 2563 1854 2705 1917; x_wconf 88' lang='lat' dir='ltr'><strong>ergo</strong></span> <span class='ocrx_word' id='word_1_225' title='bbox 2734 1837 2794 1899; x_wconf 93' lang='lat' dir='ltr'><strong>in</strong></span> <span class='ocrx_word' id='word_1_226' title='bbox 2847 1838 3130 1919; x_wconf 81' lang='lat' dir='ltr'><strong>praedicto</strong></span> <span class='ocrx_word' id='word_1_227' title='bbox 3162 1836 3382 1900; x_wconf 88' lang='lat' dir='ltr'><strong>delicto</strong></span> <span class='ocrx_word' id='word_1_228' title='bbox 3413 1836 3517 1901; x_wconf 85' lang='lat' dir='ltr'><strong>de-</strong></span> 
     </span>
    </p>
   </div>
   <div class='ocr_carea' id='block_1_33' title="bbox 165 1926 1746 2007">
    <p class='ocr_par' dir='ltr' id='par_1_33' title="bbox 165 1928 334 1998">
     <span class='ocr_line' id='line_1_33' title="bbox 165 1928 334 1998; baseline 0.024 -16"><span class='ocrx_word' id='word_1_229' title='bbox 165 1928 334 1998; x_wconf 77' lang='grc' dir='ltr'>ζέσθω.</span> 
     </span>
    </p>
   </div>
   <div class='ocr_carea' id='block_1_34' title="bbox 1733 1926 3314 2007">
    <p class='ocr_par' dir='ltr' id='par_1_34' title="bbox 1870 1926 3314 2007">
     <span class='ocr_line' id='line_1_34' title="bbox 1870 1926 3314 2007; baseline 0.001 -20"><span class='ocrx_word' id='word_1_230' title='bbox 1870 1927 2210 2007; x_wconf 82' lang='lat' dir='ltr'><strong>prehensus</strong></span> <span class='ocrx_word' id='word_1_231' title='bbox 2241 1926 2442 2003; x_wconf 85' lang='lat' dir='ltr'><strong>fuerit,</strong></span> <span class='ocrx_word' id='word_1_232' title='bbox 2479 1935 2851 2006; x_wconf 85' lang='lat' dir='ltr'><strong>segregetur.</strong></span> <span class='ocrx_word' id='word_1_233' title='bbox 3306 1952 3314 1959; x_wconf 82' lang='grc'><strong>·</strong></span> 
     </span>
    </p>
   </div>
   <div class='ocr_carea' id='block_1_35' title="bbox 234 2013 1815 2098">
    <p class='ocr_par' dir='ltr' id='par_1_35' title="bbox 234 2013 1787 2097">
     <span class='ocr_line' id='line_1_35' title="bbox 234 2013 1787 2097; baseline -0.001 -23"><span class='ocrx_word' id='word_1_234' title='bbox 234 2017 343 2084; x_wconf 69' lang='grc' dir='ltr'>σπη’.</span> <span class='ocrx_word' id='word_1_235' title='bbox 397 2013 600 2085; x_wconf 76' lang='grc' dir='ltr'>Μηδεὶς</span> <span class='ocrx_word' id='word_1_236' title='bbox 659 2013 807 2073; x_wconf 78' lang='grc' dir='ltr'>ἔνδον</span> <span class='ocrx_word' id='word_1_237' title='bbox 849 2018 990 2095; x_wconf 71' lang='grc' dir='ltr'>ἱεροῦ</span> <span class='ocrx_word' id='word_1_238' title='bbox 1051 2022 1203 2097; x_wconf 76' lang='grc' dir='ltr'>ναοῦ,</span> <span class='ocrx_word' id='word_1_239' title='bbox 1255 2022 1457 2086; x_wconf 78' lang='grc' dir='ltr'>κτῆνος</span> <span class='ocrx_word' id='word_1_240' title='bbox 1491 2019 1552 2075; x_wconf 81' lang='grc' dir='ltr'>τὸ</span> <span class='ocrx_word' id='word_1_241' title='bbox 1582 2020 1787 2078; x_wconf 78' lang='grc' dir='ltr'>οἱονοῦν</span> 
     </span>
    </p>
   </div>
   <div class='ocr_carea' id='block_1_36' title="bbox 1933 2013 3514 2098">
    <p class='ocr_par' dir='ltr' id='par_1_36' title="bbox 1954 2016 3514 2098">
     <span class='ocr_line' id='line_1_36' title="bbox 1954 2016 3514 2098; baseline 0.001 -19"><span class='ocrx_word' id='word_1_242' title='bbox 1954 2018 2089 2079; x_wconf 81' lang='grc'><strong>168</strong></span> <span class='ocrx_word' id='word_1_243' title='bbox 2119 2018 2219 2081; x_wconf 90' lang='grc'><strong>88.</strong></span> <span class='ocrx_word' id='word_1_244' title='bbox 2271 2018 2466 2081; x_wconf 89' lang='lat' dir='ltr'><strong>Nemo</strong></span> <span class='ocrx_word' id='word_1_245' title='bbox 2524 2016 2684 2078; x_wconf 87' lang='lat' dir='ltr'><strong>intra</strong></span> <span class='ocrx_word' id='word_1_246' title='bbox 2734 2016 2924 2078; x_wconf 70' lang='lat' dir='ltr'><strong>eadem</strong></span> <span class='ocrx_word' id='word_1_247' title='bbox 2976 2033 3209 2080; x_wconf 84' lang='lat' dir='ltr'><strong>sacram</strong></span> <span class='ocrx_word' id='word_1_248' title='bbox 3264 2016 3514 2098; x_wconf 87' lang='lat' dir='ltr'><strong>quodvis</strong></span> 
     </span>
    </p>
   </div>
   <div class='ocr_carea' id='block_1_37' title="bbox 168 2104 1749 2189">
    <p class='ocr_par' dir='ltr' id='par_1_37' title="bbox 168 2104 1749 2189">
     <span class='ocr_line' id='line_1_37' title="bbox 168 2104 1749 2189; baseline 0.003 -27"><span class='ocrx_word' id='word_1_249' title='bbox 168 2106 400 2185; x_wconf 76' lang='grc' dir='ltr'>εἰσαγέτω</span> <span class='ocrx_word' id='word_1_250' title='bbox 430 2123 445 2137; x_wconf 88' lang='grc'><strong>·</strong></span> <span class='ocrx_word' id='word_1_251' title='bbox 512 2107 670 2173; x_wconf 78' lang='grc' dir='ltr'>ἐκτὸς</span> <span class='ocrx_word' id='word_1_252' title='bbox 729 2108 773 2164; x_wconf 74' lang='grc' dir='ltr'><strong>εἰ</strong></span> <span class='ocrx_word' id='word_1_253' title='bbox 837 2108 916 2183; x_wconf 75' lang='grc' dir='ltr'><strong>μή</strong></span> <span class='ocrx_word' id='word_1_254' title='bbox 977 2128 1060 2171; x_wconf 88' lang='grc' dir='ltr'><strong>τις</strong></span> <span class='ocrx_word' id='word_1_255' title='bbox 1116 2104 1439 2188; x_wconf 80' lang='grc' dir='ltr'>ὁδοιπορῶν,</span> <span class='ocrx_word' id='word_1_256' title='bbox 1522 2107 1749 2189; x_wconf 76' lang='grc' dir='ltr'>μεγίστη</span> 
     </span>
    </p>
   </div>
   <div class='ocr_carea' id='block_1_38' title="bbox 1928 2104 3509 2189">
    <p class='ocr_par' dir='ltr' id='par_1_38' title="bbox 1928 2106 3509 2189">
     <span class='ocr_line' id='line_1_38' title="bbox 1928 2106 3509 2189; baseline 0.001 -20"><span class='ocrx_word' id='word_1_257' title='bbox 1928 2117 2205 2171; x_wconf 78' lang='grc' dir='ltr'>ιωθηιυηι</span> <span class='ocrx_word' id='word_1_258' title='bbox 2244 2106 2613 2188; x_wconf 86' lang='lat' dir='ltr'><strong>introducat;</strong></span> <span class='ocrx_word' id='word_1_259' title='bbox 2644 2106 2761 2168; x_wconf 90' lang='lat' dir='ltr'><strong>nisi</strong></span> <span class='ocrx_word' id='word_1_260' title='bbox 2778 2107 2933 2168; x_wconf 85' lang='lat' dir='ltr'><strong>forte</strong></span> <span class='ocrx_word' id='word_1_261' title='bbox 2971 2107 3166 2169; x_wconf 86' lang='lat' dir='ltr'><strong>viator</strong></span> <span class='ocrx_word' id='word_1_262' title='bbox 3186 2106 3509 2189; x_wconf 84' lang='lat' dir='ltr'><strong>quispiam,</strong></span> 
     </span>
    </p>
   </div>
   <div class='ocr_carea' id='block_1_39' title="bbox 168 2194 1749 2278">
    <p class='ocr_par' dir='ltr' id='par_1_39' title="bbox 168 2194 1749 2278">
     <span class='ocr_line' id='line_1_39' title="bbox 168 2194 1749 2278; baseline 0 -24"><span class='ocrx_word' id='word_1_263' title='bbox 168 2194 549 2266; x_wconf 74' lang='grc' dir='ltr'>καταλαϐούσης</span> <span class='ocrx_word' id='word_1_264' title='bbox 639 2196 903 2275; x_wconf 71' lang='grc' dir='ltr'>ἀνάγκης,</span> <span class='ocrx_word' id='word_1_265' title='bbox 978 2197 1215 2255; x_wconf 77' lang='grc' dir='ltr'>οἷκίσκου</span> <span class='ocrx_word' id='word_1_266' title='bbox 1285 2198 1376 2255; x_wconf 83' lang='grc' dir='ltr'><strong>καὶ</strong></span> <span class='ocrx_word' id='word_1_267' title='bbox 1459 2203 1749 2278; x_wconf 87' lang='grc' dir='ltr'>καταγωγῆ</span> 
     </span>
    </p>
   </div>
   <div class='ocr_carea' id='block_1_40' title="bbox 1931 2194 3512 2278">
    <p class='ocr_par' dir='ltr' id='par_1_40' title="bbox 1933 2196 3512 2278">
     <span class='ocr_line' id='line_1_40' title="bbox 1933 2196 3512 2278; baseline -0.001 -17"><span class='ocrx_word' id='word_1_268' title='bbox 1933 2198 2126 2262; x_wconf 81' lang='lat' dir='ltr'><strong>axima</strong></span> <span class='ocrx_word' id='word_1_269' title='bbox 2150 2205 2403 2278; x_wconf 82' lang='lat' dir='ltr'><strong>urgente</strong></span> <span class='ocrx_word' id='word_1_270' title='bbox 2427 2197 2815 2272; x_wconf 89' lang='lat' dir='ltr'><strong>necessitate,</strong></span> <span class='ocrx_word' id='word_1_271' title='bbox 2849 2196 3242 2259; x_wconf 59' lang='lat' dir='ltr'><strong>domuncula;</strong></span> <span class='ocrx_word' id='word_1_272' title='bbox 3288 2199 3378 2258; x_wconf 89' lang='lat' dir='ltr'><strong>vel</strong></span> <span class='ocrx_word' id='word_1_273' title='bbox 3415 2196 3512 2259; x_wconf 92' lang='lat' dir='ltr'><strong>di-</strong></span> 
     </span>
    </p>
   </div>
   <div class='ocr_carea' id='block_1_41' title="bbox 163 2285 1744 2369">
    <p class='ocr_par' dir='ltr' id='par_1_41' title="bbox 163 2285 1744 2367">
     <span class='ocr_line' id='line_1_41' title="bbox 163 2285 1744 2367; baseline 0.001 -25"><span class='ocrx_word' id='word_1_274' title='bbox 163 2287 377 2367; x_wconf 79' lang='grc' dir='ltr'>ἀπορῶν,</span> <span class='ocrx_word' id='word_1_275' title='bbox 421 2286 477 2343; x_wconf 83' lang='grc' dir='ltr'>ἐν</span> <span class='ocrx_word' id='word_1_276' title='bbox 522 2291 605 2361; x_wconf 81' lang='grc' dir='ltr'>τῷ</span> <span class='ocrx_word' id='word_1_277' title='bbox 659 2288 884 2362; x_wconf 70' lang='grc' dir='ltr'>τοιούτῳ</span> <span class='ocrx_word' id='word_1_278' title='bbox 926 2285 1215 2345; x_wconf 81' lang='grc' dir='ltr'>καταλύσει</span> <span class='ocrx_word' id='word_1_279' title='bbox 1248 2293 1383 2361; x_wconf 81' lang='grc' dir='ltr'>ναῷ,</span> <span class='ocrx_word' id='word_1_280' title='bbox 1434 2287 1534 2345; x_wconf 88' lang='grc' dir='ltr'><strong>Διᾶ</strong></span> <span class='ocrx_word' id='word_1_281' title='bbox 1563 2287 1666 2366; x_wconf 80' lang='grc' dir='ltr'><strong>γὰρ</strong></span> <span class='ocrx_word' id='word_1_282' title='bbox 1690 2309 1744 2344; x_wconf 77' lang='grc' dir='ltr'><strong>τι</strong></span> 
     </span>
    </p>
   </div>
   <div class='ocr_carea' id='block_1_42' title="bbox 1935 2285 3516 2369">
    <p class='ocr_par' dir='ltr' id='par_1_42' title="bbox 1935 2286 3516 2369">
     <span class='ocr_line' id='line_1_42' title="bbox 1935 2286 3516 2369; baseline -0.001 -17"><span class='ocrx_word' id='word_1_283' title='bbox 1935 2290 2119 2352; x_wconf 68' lang='grc' dir='ltr'><strong>ενκονὶὶ</strong></span> <span class='ocrx_word' id='word_1_284' title='bbox 2164 2289 2439 2366; x_wconf 80' lang='lat' dir='ltr'><strong>indigens</strong></span> <span class='ocrx_word' id='word_1_285' title='bbox 2478 2288 2542 2349; x_wconf 92' lang='lat' dir='ltr'><strong>in</strong></span> <span class='ocrx_word' id='word_1_286' title='bbox 2584 2287 2646 2350; x_wconf 90' lang='lat' dir='ltr'><strong>id</strong></span> <span class='ocrx_word' id='word_1_287' title='bbox 2696 2289 2985 2369; x_wconf 87' lang='lat' dir='ltr'><strong>templum</strong></span> <span class='ocrx_word' id='word_1_288' title='bbox 3020 2288 3352 2351; x_wconf 88' lang='lat' dir='ltr'><strong>diverterit.</strong></span> <span class='ocrx_word' id='word_1_289' title='bbox 3385 2286 3516 2351; x_wconf 83' lang='lat' dir='ltr'><strong>Nisi</strong></span> 
     </span>
    </p>
   </div>
   <div class='ocr_carea' id='block_1_43' title="bbox 162 2374 1743 2460">
    <p class='ocr_par' dir='ltr' id='par_1_43' title="bbox 162 2374 1743 2456">
     <span class='ocr_line' id='line_1_43' title="bbox 162 2374 1743 2456; baseline 0.001 -24"><span class='ocrx_word' id='word_1_290' title='bbox 162 2377 231 2451; x_wconf 78' lang='grc' dir='ltr'>μὴ</span> <span class='ocrx_word' id='word_1_291' title='bbox 259 2379 314 2432; x_wconf 78' lang='grc' dir='ltr'>τὸ</span> <span class='ocrx_word' id='word_1_292' title='bbox 352 2382 553 2444; x_wconf 78' lang='grc' dir='ltr'>κτῆνος</span> <span class='ocrx_word' id='word_1_293' title='bbox 583 2374 733 2432; x_wconf 77' lang='grc' dir='ltr'>ἔνδον</span> <span class='ocrx_word' id='word_1_294' title='bbox 763 2379 1165 2456; x_wconf 65' lang='grc' dir='ltr'>εἰσενεχθῆναι,</span> <span class='ocrx_word' id='word_1_295' title='bbox 1198 2378 1327 2434; x_wconf 74' lang='grc' dir='ltr'>αὐτὸ</span> <span class='ocrx_word' id='word_1_296' title='bbox 1357 2376 1455 2453; x_wconf 77' lang='grc' dir='ltr'>μὲν</span> <span class='ocrx_word' id='word_1_297' title='bbox 1504 2377 1650 2433; x_wconf 76' lang='grc' dir='ltr'>ἔστιν</span> <span class='ocrx_word' id='word_1_298' title='bbox 1694 2377 1743 2434; x_wconf 74' lang='grc' dir='ltr'><strong>ὅτ</strong></span> 
     </span>
    </p>
   </div>
   <div class='ocr_carea' id='block_1_44' title="bbox 1931 2374 3512 2460">
    <p class='ocr_par' dir='ltr' id='par_1_44' title="bbox 1931 2377 3512 2460">
     <span class='ocr_line' id='line_1_44' title="bbox 1931 2377 3512 2460; baseline -0.002 -18"><span class='ocrx_word' id='word_1_299' title='bbox 1931 2381 2031 2442; x_wconf 74' lang='lat' dir='ltr'><strong>lim</strong></span> <span class='ocrx_word' id='word_1_300' title='bbox 2044 2381 2387 2460; x_wconf 88' lang='lat' dir='ltr'><strong>jumentum</strong></span> <span class='ocrx_word' id='word_1_301' title='bbox 2410 2377 3247 2460; x_wconf 82' lang='lat' dir='ltr'><strong>introductumfuerit,ipsum</strong></span> <span class='ocrx_word' id='word_1_302' title='bbox 3267 2378 3512 2460; x_wconf 87' lang='lat' dir='ltr'><strong>quidem</strong></span> 
     </span>
    </p>
   </div>
   <div class='ocr_carea' id='block_1_45' title="bbox 162 2464 1743 2550">
    <p class='ocr_par' dir='ltr' id='par_1_45' title="bbox 162 2464 1743 2546">
     <span class='ocr_line' id='line_1_45' title="bbox 162 2464 1743 2546; baseline 0.001 -24"><span class='ocrx_word' id='word_1_303' title='bbox 162 2464 583 2546; x_wconf 58' lang='grc' dir='ltr'>διαρθαρήσεται,</span> <span class='ocrx_word' id='word_1_304' title='bbox 615 2469 643 2523; x_wconf 81' lang='grc' dir='ltr'>ὁ</span> <span class='ocrx_word' id='word_1_305' title='bbox 671 2465 727 2523; x_wconf 79' lang='grc' dir='ltr'>δὲ</span> <span class='ocrx_word' id='word_1_306' title='bbox 786 2472 855 2543; x_wconf 78' lang='grc' dir='ltr'><strong>τῇ</strong></span> <span class='ocrx_word' id='word_1_307' title='bbox 898 2472 991 2524; x_wconf 81' lang='grc' dir='ltr'><strong>τοῦ</strong></span> <span class='ocrx_word' id='word_1_308' title='bbox 1048 2467 1334 2546; x_wconf 71' lang='grc' dir='ltr'>ὑποζυγίου</span> <span class='ocrx_word' id='word_1_309' title='bbox 1391 2464 1640 2544; x_wconf 78' lang='grc' dir='ltr'>ἀποϐολῇ</span> <span class='ocrx_word' id='word_1_310' title='bbox 1697 2489 1743 2524; x_wconf 73' lang='grc' dir='ltr'>κε</span> 
     </span>
    </p>
   </div>
   <div class='ocr_carea' id='block_1_46' title="bbox 1934 2464 3515 2550">
    <p class='ocr_par' dir='ltr' id='par_1_46' title="bbox 1934 2467 3515 2550">
     <span class='ocr_line' id='line_1_46' title="bbox 1934 2467 3515 2550; baseline 0 -20"><span class='ocrx_word' id='word_1_311' title='bbox 1934 2488 2302 2550; x_wconf 85' lang='lat' dir='ltr'><strong>mnunquam</strong></span> <span class='ocrx_word' id='word_1_312' title='bbox 2357 2468 2708 2548; x_wconf 82' lang='lat' dir='ltr'><strong>peribit,bic</strong></span> <span class='ocrx_word' id='word_1_313' title='bbox 2756 2487 2895 2531; x_wconf 90' lang='lat' dir='ltr'><strong>vero</strong></span> <span class='ocrx_word' id='word_1_314' title='bbox 2954 2476 3204 2549; x_wconf 88' lang='lat' dir='ltr'><strong>propter</strong></span> <span class='ocrx_word' id='word_1_315' title='bbox 3254 2467 3515 2546; x_wconf 75' lang='lat' dir='ltr'><strong>iumenti</strong></span> 
     </span>
    </p>
   </div>
   <div class='ocr_carea' id='block_1_47' title="bbox 161 2554 1742 2640">
    <p class='ocr_par' dir='ltr' id='par_1_47' title="bbox 161 2554 1742 2636">
     <span class='ocr_line' id='line_1_47' title="bbox 161 2554 1742 2636; baseline 0.005 -26"><span class='ocrx_word' id='word_1_316' title='bbox 161 2562 227 2629; x_wconf 83' lang='grc' dir='ltr'>τῷ</span> <span class='ocrx_word' id='word_1_317' title='bbox 260 2559 487 2617; x_wconf 74' lang='grc' dir='ltr'>ἓντεῦθεν</span> <span class='ocrx_word' id='word_1_318' title='bbox 539 2556 732 2636; x_wconf 77' lang='grc' dir='ltr'>ἀπόρῳ</span> <span class='ocrx_word' id='word_1_319' title='bbox 775 2555 871 2623; x_wconf 79' lang='grc' dir='ltr'><strong>τῆς</strong></span> <span class='ocrx_word' id='word_1_320' title='bbox 917 2555 1005 2613; x_wconf 79' lang='grc' dir='ltr'><strong>ἐπὶ</strong></span> <span class='ocrx_word' id='word_1_321' title='bbox 1049 2558 1149 2625; x_wconf 79' lang='grc' dir='ltr'>τὴν</span> <span class='ocrx_word' id='word_1_322' title='bbox 1212 2554 1519 2635; x_wconf 83' lang='grc' dir='ltr'>ὁδοιπορίαν</span> <span class='ocrx_word' id='word_1_323' title='bbox 1578 2559 1742 2636; x_wconf 78' lang='grc' dir='ltr'>ὁρμῆς</span> 
     </span>
    </p>
   </div>
   <div class='ocr_carea' id='block_1_48' title="bbox 1932 2554 3513 2640">
    <p class='ocr_par' dir='ltr' id='par_1_48' title="bbox 1932 2557 3513 2640">
     <span class='ocr_line' id='line_1_48' title="bbox 1932 2557 3513 2640; baseline -0.001 -19"><span class='ocrx_word' id='word_1_324' title='bbox 1932 2560 2278 2634; x_wconf 87' lang='lat' dir='ltr'><strong>nissionem,</strong></span> <span class='ocrx_word' id='word_1_325' title='bbox 2314 2567 2373 2620; x_wconf 89' lang='lat' dir='ltr'><strong>et</strong></span> <span class='ocrx_word' id='word_1_326' title='bbox 2405 2559 2706 2621; x_wconf 85' lang='lat' dir='ltr'><strong>facultatis</strong></span> <span class='ocrx_word' id='word_1_327' title='bbox 2737 2558 2810 2620; x_wconf 79' lang='lat' dir='ltr'><strong>ad</strong></span> <span class='ocrx_word' id='word_1_328' title='bbox 2845 2558 2961 2620; x_wconf 88' lang='lat' dir='ltr'><strong>iter</strong></span> <span class='ocrx_word' id='word_1_329' title='bbox 2991 2557 3402 2640; x_wconf 85' lang='lat' dir='ltr'><strong>peragendum</strong></span> <span class='ocrx_word' id='word_1_330' title='bbox 3435 2574 3513 2619; x_wconf 83' lang='lat' dir='ltr'><strong>ex</strong></span> 
     </span>
    </p>
   </div>
   <div class='ocr_carea' id='block_1_49' title="bbox 159 2643 1740 2731">
    <p class='ocr_par' dir='ltr' id='par_1_49' title="bbox 159 2643 1740 2726">
     <span class='ocr_line' id='line_1_49' title="bbox 159 2643 1740 2726; baseline 0.001 -25"><span class='ocrx_word' id='word_1_331' title='bbox 159 2646 358 2704; x_wconf 72' lang='grc' dir='ltr'>θανάτου</span> <span class='ocrx_word' id='word_1_332' title='bbox 409 2645 643 2719; x_wconf 71' lang='grc' dir='ltr'>κινδύνῳ</span> <span class='ocrx_word' id='word_1_333' title='bbox 704 2643 1154 2725; x_wconf 68' lang='grc' dir='ltr'>παραδοθήσεται.</span> <span class='ocrx_word' id='word_1_334' title='bbox 1221 2648 1294 2705; x_wconf 81' lang='grc' dir='ltr'>Τὸ</span> <span class='ocrx_word' id='word_1_335' title='bbox 1345 2647 1446 2726; x_wconf 77' lang='grc' dir='ltr'>γὰρ</span> <span class='ocrx_word' id='word_1_336' title='bbox 1502 2643 1740 2705; x_wconf 67' lang='grc' dir='ltr'>Σάϐϐατα</span> 
     </span>
    </p>
   </div>
   <div class='ocr_carea' id='block_1_50' title="bbox 1928 2643 3509 2731">
    <p class='ocr_par' dir='ltr' id='par_1_50' title="bbox 1928 2647 3509 2731">
     <span class='ocr_line' id='line_1_50' title="bbox 1928 2647 3509 2731; baseline 0.003 -25"><span class='ocrx_word' id='word_1_337' title='bbox 1928 2673 1935 2706; x_wconf 70' lang='grc' dir='ltr'><strong>ι</strong></span> <span class='ocrx_word' id='word_1_338' title='bbox 1970 2650 2295 2731; x_wconf 78' lang='lat' dir='ltr'><strong>profectam</strong></span> <span class='ocrx_word' id='word_1_339' title='bbox 2325 2648 2617 2730; x_wconf 88' lang='lat' dir='ltr'><strong>inopiam,</strong></span> <span class='ocrx_word' id='word_1_340' title='bbox 2651 2647 2863 2710; x_wconf 86' lang='lat' dir='ltr'><strong>mortis</strong></span> <span class='ocrx_word' id='word_1_341' title='bbox 2915 2648 3188 2728; x_wconf 90' lang='lat' dir='ltr'><strong>periculo</strong></span> <span class='ocrx_word' id='word_1_342' title='bbox 3219 2647 3509 2711; x_wconf 83' lang='lat' dir='ltr'><strong>tradetur.</strong></span> 
     </span>
    </p>
   </div>
   <div class='ocr_carea' id='block_1_51' title="bbox 158 2732 1739 2819">
    <p class='ocr_par' dir='ltr' id='par_1_51' title="bbox 158 2732 1739 2815">
     <span class='ocr_line' id='line_1_51' title="bbox 158 2732 1739 2815; baseline 0.002 -26"><span class='ocrx_word' id='word_1_343' title='bbox 158 2732 229 2790; x_wconf 74' lang='grc' dir='ltr'><strong>διὰ</strong></span> <span class='ocrx_word' id='word_1_344' title='bbox 275 2737 358 2793; x_wconf 76' lang='grc' dir='ltr'><strong>τὸν</strong></span> <span class='ocrx_word' id='word_1_345' title='bbox 407 2736 692 2815; x_wconf 81' lang='grc' dir='ltr'>ἄνθρωπον</span> <span class='ocrx_word' id='word_1_346' title='bbox 723 2734 966 2815; x_wconf 79' lang='grc' dir='ltr'>γενέσθαι</span> <span class='ocrx_word' id='word_1_347' title='bbox 998 2733 1422 2811; x_wconf 74' lang='grc' dir='ltr'>ἑιιδιδασκόμεθα</span> <span class='ocrx_word' id='word_1_348' title='bbox 1455 2754 1471 2772; x_wconf 77' lang='grc' dir='ltr'><strong>ο</strong></span> <span class='ocrx_word' id='word_1_349' title='bbox 1525 2734 1665 2793; x_wconf 77' lang='grc' dir='ltr'>ὥστε</span> <span class='ocrx_word' id='word_1_350' title='bbox 1696 2734 1739 2792; x_wconf 89' lang='grc' dir='ltr'><strong>δι</strong></span> 
     </span>
    </p>
   </div>
   <div class='ocr_carea' id='block_1_52' title="bbox 1933 2732 3514 2819">
    <p class='ocr_par' dir='ltr' id='par_1_52' title="bbox 1933 2737 3514 2819">
     <span class='ocr_line' id='line_1_52' title="bbox 1933 2737 3514 2819; baseline 0 -19"><span class='ocrx_word' id='word_1_351' title='bbox 1933 2738 2188 2801; x_wconf 73' lang='grc' dir='ltr'>ὼὺειιυηι</span> <span class='ocrx_word' id='word_1_352' title='bbox 2246 2740 2406 2801; x_wconf 90' lang='lat' dir='ltr'><strong>enim</strong></span> <span class='ocrx_word' id='word_1_353' title='bbox 2465 2747 2713 2819; x_wconf 89' lang='lat' dir='ltr'><strong>propter</strong></span> <span class='ocrx_word' id='word_1_354' title='bbox 2761 2737 3070 2800; x_wconf 89' lang='lat' dir='ltr'><strong>hominem</strong></span> <span class='ocrx_word' id='word_1_355' title='bbox 3124 2737 3346 2801; x_wconf 76' lang='lat' dir='ltr'><strong>factum</strong></span> <span class='ocrx_word' id='word_1_356' title='bbox 3380 2755 3514 2800; x_wconf 89' lang='lat' dir='ltr'><strong>esse</strong></span> 
     </span>
    </p>
   </div>
   <div class='ocr_carea' id='block_1_53' title="bbox 158 2825 1739 2909">
    <p class='ocr_par' dir='ltr' id='par_1_53' title="bbox 158 2825 1739 2905">
     <span class='ocr_line' id='line_1_53' title="bbox 158 2825 1739 2905; baseline 0.001 -25"><span class='ocrx_word' id='word_1_357' title='bbox 158 2825 344 2881; x_wconf 71' lang='grc' dir='ltr'>πάντων</span> <span class='ocrx_word' id='word_1_358' title='bbox 400 2826 777 2902; x_wconf 77' lang='grc' dir='ltr'>προτιμητέαν</span> <span class='ocrx_word' id='word_1_359' title='bbox 863 2827 1115 2905; x_wconf 77' lang='grc' dir='ltr'>ἡγεῖσθαι</span> <span class='ocrx_word' id='word_1_360' title='bbox 1197 2826 1296 2893; x_wconf 74' lang='grc' dir='ltr'>τὴν</span> <span class='ocrx_word' id='word_1_361' title='bbox 1354 2831 1447 2883; x_wconf 81' lang='grc' dir='ltr'><strong>τοῦ</strong></span> <span class='ocrx_word' id='word_1_362' title='bbox 1500 2825 1739 2905; x_wconf 83' lang='grc' dir='ltr'>ἆνθρώπο</span> 
     </span>
    </p>
   </div>
   <div class='ocr_carea' id='block_1_54' title="bbox 1925 2825 3506 2909">
    <p class='ocr_par' dir='ltr' id='par_1_54' title="bbox 1925 2828 3506 2909">
     <span class='ocr_line' id='line_1_54' title="bbox 1925 2828 3506 2909; baseline -0.001 -18"><span class='ocrx_word' id='word_1_363' title='bbox 1925 2847 2156 2891; x_wconf 67' lang='grc' dir='ltr'>κειηιιι*</span> <span class='ocrx_word' id='word_1_364' title='bbox 2190 2849 2204 2892; x_wconf 92' lang='lat'>:</span> <span class='ocrx_word' id='word_1_365' title='bbox 2239 2828 2633 2909; x_wconf 87' lang='lat' dir='ltr'><strong>quamobrem</strong></span> <span class='ocrx_word' id='word_1_366' title='bbox 2668 2836 2727 2891; x_wconf 90' lang='lat' dir='ltr'><strong>et</strong></span> <span class='ocrx_word' id='word_1_367' title='bbox 2781 2845 2891 2909; x_wconf 90' lang='lat' dir='ltr'><strong>per</strong></span> <span class='ocrx_word' id='word_1_368' title='bbox 2938 2829 3143 2889; x_wconf 92' lang='lat' dir='ltr'><strong>omnia</strong></span> <span class='ocrx_word' id='word_1_369' title='bbox 3180 2828 3506 2908; x_wconf 68' lang='lat' dir='ltr'><strong>praeferen-</strong></span> 
     </span>
    </p>
   </div>
   <div class='ocr_carea' id='block_1_55' title="bbox 159 2914 1740 2997">
    <p class='ocr_par' dir='ltr' id='par_1_55' title="bbox 159 2914 1740 2997">
     <span class='ocr_line' id='line_1_55' title="bbox 159 2914 1740 2997; baseline 0.003 -30"><span class='ocrx_word' id='word_1_370' title='bbox 159 2917 395 2990; x_wconf 84' lang='grc' dir='ltr'>σωτηρίαν</span> <span class='ocrx_word' id='word_1_371' title='bbox 424 2938 486 2973; x_wconf 88' lang='grc' dir='ltr'><strong>τε</strong></span> <span class='ocrx_word' id='word_1_372' title='bbox 520 2918 616 2973; x_wconf 87' lang='grc' dir='ltr'><strong>καὶ</strong></span> <span class='ocrx_word' id='word_1_373' title='bbox 643 2917 929 2978; x_wconf 77' lang='grc' dir='ltr'>ἀπάθειαν.</span> <span class='ocrx_word' id='word_1_374' title='bbox 965 2917 1024 2973; x_wconf 79' lang='grc' dir='ltr'><strong>Εἰ</strong></span> <span class='ocrx_word' id='word_1_375' title='bbox 1081 2914 1136 2973; x_wconf 82' lang='grc' dir='ltr'>δέ</span> <span class='ocrx_word' id='word_1_376' title='bbox 1193 2937 1274 2982; x_wconf 90' lang='grc' dir='ltr'><strong>τις</strong></span> <span class='ocrx_word' id='word_1_377' title='bbox 1322 2917 1593 2994; x_wconf 73' lang='grc' dir='ltr'>φωραθείη</span> <span class='ocrx_word' id='word_1_378' title='bbox 1652 2939 1740 2997; x_wconf 87' lang='grc' dir='ltr'>χω</span> 
     </span>
    </p>
   </div>
   <div class='ocr_carea' id='block_1_56' title="bbox 1929 2914 3510 2997">
    <p class='ocr_par' dir='ltr' id='par_1_56' title="bbox 1929 2916 3510 2981">
     <span class='ocr_line' id='line_1_56' title="bbox 1929 2916 3510 2981; baseline 0 -4"><span class='ocrx_word' id='word_1_379' title='bbox 1929 2937 2001 2980; x_wconf 67' lang='grc' dir='ltr'>ιη]</span> <span class='ocrx_word' id='word_1_380' title='bbox 2031 2937 2166 2981; x_wconf 89' lang='lat' dir='ltr'><strong>esse</strong></span> <span class='ocrx_word' id='word_1_381' title='bbox 2195 2919 2543 2981; x_wconf 82' lang='lat' dir='ltr'><strong>existimare</strong></span> <span class='ocrx_word' id='word_1_382' title='bbox 2572 2916 2837 2980; x_wconf 86' lang='lat' dir='ltr'><strong>hominis</strong></span> <span class='ocrx_word' id='word_1_383' title='bbox 2890 2919 3146 2979; x_wconf 90' lang='lat' dir='ltr'><strong>salutem</strong></span> <span class='ocrx_word' id='word_1_384' title='bbox 3180 2923 3240 2979; x_wconf 89' lang='lat' dir='ltr'><strong>et</strong></span> <span class='ocrx_word' id='word_1_385' title='bbox 3268 2916 3510 2979; x_wconf 89' lang='lat' dir='ltr'><strong>incolu-</strong></span> 
     </span>
    </p>
   </div>
   <div class='ocr_carea' id='block_1_57' title="bbox 158 3004 1739 3088">
    <p class='ocr_par' dir='ltr' id='par_1_57' title="bbox 158 3004 1739 3084">
     <span class='ocr_line' id='line_1_57' title="bbox 158 3004 1739 3084; baseline 0.003 -27"><span class='ocrx_word' id='word_1_386' title='bbox 158 3004 223 3077; x_wconf 76' lang='grc' dir='ltr'>ρὶς</span> <span class='ocrx_word' id='word_1_387' title='bbox 273 3004 540 3083; x_wconf 77' lang='grc' dir='ltr'>ἀνάγκης,</span> <span class='ocrx_word' id='word_1_388' title='bbox 602 3010 797 3070; x_wconf 86' lang='grc' dir='ltr'>κτῆνος</span> <span class='ocrx_word' id='word_1_389' title='bbox 857 3005 1086 3084; x_wconf 79' lang='grc' dir='ltr'>εἰσάγων</span> <span class='ocrx_word' id='word_1_390' title='bbox 1130 3004 1183 3061; x_wconf 80' lang='grc' dir='ltr'><strong>’ἐν</strong></span> <span class='ocrx_word' id='word_1_391' title='bbox 1224 3008 1304 3080; x_wconf 81' lang='grc' dir='ltr'>τῷ</span> <span class='ocrx_word' id='word_1_392' title='bbox 1343 3007 1493 3084; x_wconf 78' lang='grc' dir='ltr'>ἱερῷ,</span> <span class='ocrx_word' id='word_1_393' title='bbox 1566 3005 1618 3063; x_wconf 80' lang='grc' dir='ltr'>εἴ</span> <span class='ocrx_word' id='word_1_394' title='bbox 1679 3005 1739 3082; x_wconf 74' lang='grc' dir='ltr'>μὶ</span> 
     </span>
    </p>
   </div>
   <div class='ocr_carea' id='block_1_58' title="bbox 1930 3004 3511 3088">
    <p class='ocr_par' dir='ltr' id='par_1_58' title="bbox 1930 3004 3511 3088">
     <span class='ocr_line' id='line_1_58' title="bbox 1930 3004 3511 3088; baseline -0.001 -18"><span class='ocrx_word' id='word_1_395' title='bbox 1930 3009 2159 3071; x_wconf 91' lang='lat' dir='ltr'><strong>itatem.</strong></span> <span class='ocrx_word' id='word_1_396' title='bbox 2214 3005 2509 3079; x_wconf 85' lang='lat' dir='ltr'><strong>Quocirca</strong></span> <span class='ocrx_word' id='word_1_397' title='bbox 2563 3008 2612 3069; x_wconf 88' lang='lat' dir='ltr'><strong>si</strong></span> <span class='ocrx_word' id='word_1_398' title='bbox 2672 3006 2811 3085; x_wconf 89' lang='lat' dir='ltr'><strong>quis</strong></span> <span class='ocrx_word' id='word_1_399' title='bbox 2866 3005 3286 3088; x_wconf 88' lang='lat' dir='ltr'><strong>deprehensus</strong></span> <span class='ocrx_word' id='word_1_400' title='bbox 3334 3004 3511 3068; x_wconf 88' lang='lat' dir='ltr'><strong>fuerit</strong></span> 
     </span>
    </p>
   </div>
   <div class='ocr_carea' id='block_1_59' title="bbox 156 3090 1737 3178">
    <p class='ocr_par' dir='ltr' id='par_1_59' title="bbox 156 3090 1737 3175">
     <span class='ocr_line' id='line_1_59' title="bbox 156 3090 1737 3175; baseline 0.004 -29"><span class='ocrx_word' id='word_1_401' title='bbox 156 3090 383 3171; x_wconf 72' lang='grc' dir='ltr'>κληρικδς</span> <span class='ocrx_word' id='word_1_402' title='bbox 441 3093 569 3171; x_wconf 82' lang='grc' dir='ltr'>εἴη,</span> <span class='ocrx_word' id='word_1_403' title='bbox 629 3096 980 3173; x_wconf 76' lang='grc' dir='ltr'>καθαιρείσθω</span> <span class='ocrx_word' id='word_1_404' title='bbox 1012 3109 1026 3124; x_wconf 89' lang='grc'>⁶</span> <span class='ocrx_word' id='word_1_405' title='bbox 1075 3095 1122 3152; x_wconf 76' lang='grc' dir='ltr'>εἰ</span> <span class='ocrx_word' id='word_1_406' title='bbox 1183 3092 1239 3151; x_wconf 75' lang='grc' dir='ltr'>δὲ</span> <span class='ocrx_word' id='word_1_407' title='bbox 1300 3093 1521 3172; x_wconf 75' lang='grc' dir='ltr'>λαϊκὸς,</span> <span class='ocrx_word' id='word_1_408' title='bbox 1581 3094 1737 3175; x_wconf 77' lang='grc' dir='ltr'>ἀφορι</span> 
     </span>
    </p>
   </div>
   <div class='ocr_carea' id='block_1_60' title="bbox 1926 3090 3507 3178">
    <p class='ocr_par' dir='ltr' id='par_1_60' title="bbox 1926 3094 3507 3178">
     <span class='ocr_line' id='line_1_60' title="bbox 1926 3094 3507 3178; baseline -0.003 -17"><span class='ocrx_word' id='word_1_409' title='bbox 1926 3117 1995 3161; x_wconf 91' lang='lat' dir='ltr'><strong>ne</strong></span> <span class='ocrx_word' id='word_1_410' title='bbox 2021 3098 2385 3161; x_wconf 87' lang='lat' dir='ltr'><strong>necessitate</strong></span> <span class='ocrx_word' id='word_1_411' title='bbox 2409 3097 2753 3178; x_wconf 90' lang='lat' dir='ltr'><strong>jumentum</strong></span> <span class='ocrx_word' id='word_1_412' title='bbox 2788 3097 2847 3158; x_wconf 91' lang='lat' dir='ltr'><strong>in</strong></span> <span class='ocrx_word' id='word_1_413' title='bbox 2878 3095 3168 3177; x_wconf 88' lang='lat' dir='ltr'><strong>templum</strong></span> <span class='ocrx_word' id='word_1_414' title='bbox 3228 3094 3507 3157; x_wconf 89' lang='lat' dir='ltr'><strong>introdu-</strong></span> 
     </span>
    </p>
   </div>
   <div class='ocr_carea' id='block_1_61' title="bbox 159 3180 3510 3271">
    <p class='ocr_par' dir='ltr' id='par_1_61' title="bbox 159 3180 3510 3271">
     <span class='ocr_line' id='line_1_61' title="bbox 159 3180 3510 3271; baseline -0.001 -19"><span class='ocrx_word' id='word_1_415' title='bbox 159 3180 322 3251; x_wconf 74' lang='grc' dir='ltr'>ζέτθω.</span> <span class='ocrx_word' id='word_1_416' title='bbox 1570 3198 1579 3203; x_wconf 82' lang='lat'><em>‘</em></span> <span class='ocrx_word' id='word_1_417' title='bbox 1796 3219 1838 3271; x_wconf 73' lang='grc' dir='ltr'><strong>ο</strong></span> <span class='ocrx_word' id='word_1_418' title='bbox 1863 3206 2031 3263; x_wconf 90' lang='lat' dir='ltr'><strong>cens,</strong></span> <span class='ocrx_word' id='word_1_419' title='bbox 2062 3187 2113 3249; x_wconf 88' lang='lat' dir='ltr'><strong>si</strong></span> <span class='ocrx_word' id='word_1_420' title='bbox 2143 3186 2221 3249; x_wconf 88' lang='lat' dir='ltr'><strong>sit</strong></span> <span class='ocrx_word' id='word_1_421' title='bbox 2247 3186 2492 3268; x_wconf 90' lang='lat' dir='ltr'><strong>quidem</strong></span> <span class='ocrx_word' id='word_1_422' title='bbox 2545 3184 2831 3261; x_wconf 88' lang='lat' dir='ltr'><strong>clericus,</strong></span> <span class='ocrx_word' id='word_1_423' title='bbox 2878 3185 3257 3267; x_wconf 84' lang='lat' dir='ltr'><strong>deponatur;</strong></span> <span class='ocrx_word' id='word_1_424' title='bbox 3288 3185 3340 3247; x_wconf 89' lang='lat' dir='ltr'><strong>si</strong></span> <span class='ocrx_word' id='word_1_425' title='bbox 3368 3201 3510 3248; x_wconf 87' lang='lat' dir='ltr'><strong>vero</strong></span> 
     </span>
    </p>
   </div>
   <div class='ocr_carea' id='block_1_62' title="bbox 1864 3277 2486 3356">
    <p class='ocr_par' dir='ltr' id='par_1_62' title="bbox 1864 3277 2486 3356">
     <span class='ocr_line' id='line_1_62' title="bbox 1864 3277 2486 3356; baseline 0.002 -17"><span class='ocrx_word' id='word_1_426' title='bbox 1864 3277 2081 3355; x_wconf 87' lang='lat' dir='ltr'><strong>laicus,</strong></span> <span class='ocrx_word' id='word_1_427' title='bbox 2108 3284 2486 3356; x_wconf 79' lang='lat' dir='ltr'><strong>segregetur.</strong></span> 
     </span>
    </p>
   </div>
   <div class='ocr_carea' id='block_1_63' title="bbox 224 3361 1805 3447">
    <p class='ocr_par' dir='ltr' id='par_1_63' title="bbox 224 3361 1777 3441">
     <span class='ocr_line' id='line_1_63' title="bbox 224 3361 1777 3441; baseline -0.008 -18"><span class='ocrx_word' id='word_1_428' title='bbox 224 3362 325 3437; x_wconf 68' lang='grc' dir='ltr'><strong>4ζ’.</strong></span> <span class='ocrx_word' id='word_1_429' title='bbox 384 3364 518 3428; x_wconf 80' lang='grc' dir='ltr'>Τοὺς</span> <span class='ocrx_word' id='word_1_430' title='bbox 585 3363 622 3432; x_wconf 76' lang='grc' dir='ltr'>ἢ</span> <span class='ocrx_word' id='word_1_431' title='bbox 672 3369 885 3441; x_wconf 75' lang='grc' dir='ltr'>γαμετῇ</span> <span class='ocrx_word' id='word_1_432' title='bbox 936 3368 1311 3425; x_wconf 76' lang='grc' dir='ltr'>συνοικοῦντας</span> <span class='ocrx_word' id='word_1_433' title='bbox 1342 3364 1378 3432; x_wconf 74' lang='grc' dir='ltr'><strong>ἢ</strong></span> <span class='ocrx_word' id='word_1_434' title='bbox 1409 3361 1589 3429; x_wconf 74' lang='grc' dir='ltr'>ἄλλως</span> <span class='ocrx_word' id='word_1_435' title='bbox 1621 3361 1777 3420; x_wconf 75' lang='grc' dir='ltr'>ἀδια-</span> 
     </span>
    </p>
   </div>
   <div class='ocr_carea' id='block_1_64' title="bbox 1928 3361 3509 3447">
    <p class='ocr_par' dir='ltr' id='par_1_64' title="bbox 1943 3363 3509 3447">
     <span class='ocr_line' id='line_1_64' title="bbox 1943 3363 3509 3447; baseline -0.001 -18"><span class='ocrx_word' id='word_1_436' title='bbox 1943 3370 2043 3431; x_wconf 83' lang='grc'><strong>97.</strong></span> <span class='ocrx_word' id='word_1_437' title='bbox 2080 3368 2199 3430; x_wconf 89' lang='lat' dir='ltr'><strong>Eos</strong></span> <span class='ocrx_word' id='word_1_438' title='bbox 2231 3365 2331 3447; x_wconf 90' lang='lat' dir='ltr'><strong>qui</strong></span> <span class='ocrx_word' id='word_1_439' title='bbox 2361 3364 2451 3427; x_wconf 89' lang='lat' dir='ltr'><strong>vel</strong></span> <span class='ocrx_word' id='word_1_440' title='bbox 2480 3382 2614 3427; x_wconf 91' lang='lat' dir='ltr'><strong>cum</strong></span> <span class='ocrx_word' id='word_1_441' title='bbox 2647 3380 2838 3426; x_wconf 88' lang='lat' dir='ltr'><strong>uxore</strong></span> <span class='ocrx_word' id='word_1_442' title='bbox 2870 3363 3339 3445; x_wconf 83' lang='lat' dir='ltr'><strong>cobabitant,vel</strong></span> <span class='ocrx_word' id='word_1_443' title='bbox 3364 3364 3509 3428; x_wconf 89' lang='lat' dir='ltr'><strong>alio-</strong></span> 
     </span>
    </p>
   </div>
   <div class='ocr_carea' id='block_1_65' title="bbox 160 3450 1741 3540">
    <p class='ocr_par' dir='ltr' id='par_1_65' title="bbox 160 3450 1741 3529">
     <span class='ocr_line' id='line_1_65' title="bbox 160 3450 1741 3529; baseline 0.003 -23"><span class='ocrx_word' id='word_1_444' title='bbox 160 3450 325 3528; x_wconf 77' lang='grc' dir='ltr'>χρίτως</span> <span class='ocrx_word' id='word_1_445' title='bbox 404 3453 528 3517; x_wconf 77' lang='grc' dir='ltr'>τοὺς</span> <span class='ocrx_word' id='word_1_446' title='bbox 627 3452 799 3529; x_wconf 82' lang='grc' dir='ltr'>ἱεροὺς</span> <span class='ocrx_word' id='word_1_447' title='bbox 881 3451 1078 3516; x_wconf 80' lang='grc' dir='ltr'>τόπους</span> <span class='ocrx_word' id='word_1_448' title='bbox 1152 3460 1616 3526; x_wconf 77' lang='grc' dir='ltr'>κοινοποιοῦντας,</span> <span class='ocrx_word' id='word_1_449' title='bbox 1692 3466 1741 3510; x_wconf 71' lang='grc' dir='ltr'>κέ</span> 
     </span>
    </p>
   </div>
   <div class='ocr_carea' id='block_1_66' title="bbox 1927 3450 3508 3540">
    <p class='ocr_par' dir='ltr' id='par_1_66' title="bbox 1927 3453 3508 3519">
     <span class='ocr_line' id='line_1_66' title="bbox 1927 3453 3508 3519; baseline -0.001 0"><span class='ocrx_word' id='word_1_450' title='bbox 1927 3457 1965 3519; x_wconf 84' lang='grc' dir='ltr'><strong>ιί</strong></span> <span class='ocrx_word' id='word_1_451' title='bbox 2024 3455 2553 3519; x_wconf 90' lang='lat' dir='ltr'><strong>indiscriminatim</strong></span> <span class='ocrx_word' id='word_1_452' title='bbox 2616 3472 2787 3517; x_wconf 89' lang='lat' dir='ltr'><strong>sacra</strong></span> <span class='ocrx_word' id='word_1_453' title='bbox 2847 3453 2980 3515; x_wconf 80' lang='lat' dir='ltr'><strong>lnca</strong></span> <span class='ocrx_word' id='word_1_454' title='bbox 3038 3456 3387 3517; x_wconf 89' lang='lat' dir='ltr'><strong>communia</strong></span> <span class='ocrx_word' id='word_1_455' title='bbox 3416 3455 3508 3517; x_wconf 82' lang='lat' dir='ltr'><strong>fa-</strong></span> 
     </span>
    </p>
   </div>
   <div class='ocr_carea' id='block_1_67' title="bbox 157 3541 1738 3625">
    <p class='ocr_par' dir='ltr' id='par_1_67' title="bbox 157 3541 1738 3621">
     <span class='ocr_line' id='line_1_67' title="bbox 157 3541 1738 3621; baseline 0.003 -26"><span class='ocrx_word' id='word_1_456' title='bbox 157 3546 619 3620; x_wconf 61' lang='grc' dir='ltr'>καταφρονητιιιῶς</span> <span class='ocrx_word' id='word_1_457' title='bbox 653 3542 775 3619; x_wconf 86' lang='grc' dir='ltr'>περὶ</span> <span class='ocrx_word' id='word_1_458' title='bbox 812 3543 999 3606; x_wconf 73' lang='grc' dir='ltr'>αὖτοὺς</span> <span class='ocrx_word' id='word_1_459' title='bbox 1057 3541 1310 3621; x_wconf 79' lang='grc' dir='ltr'>ἔχοντας,</span> <span class='ocrx_word' id='word_1_460' title='bbox 1358 3544 1447 3600; x_wconf 84' lang='grc' dir='ltr'><strong>καὶ</strong></span> <span class='ocrx_word' id='word_1_461' title='bbox 1501 3542 1667 3610; x_wconf 61' lang='grc' dir='ltr'>οὕτως</span> <span class='ocrx_word' id='word_1_462' title='bbox 1724 3543 1738 3600; x_wconf 84' lang='grc' dir='ltr'>ἒ</span> 
     </span>
    </p>
   </div>
   <div class='ocr_carea' id='block_1_68' title="bbox 1926 3541 3507 3625">
    <p class='ocr_par' dir='ltr' id='par_1_68' title="bbox 1928 3542 3507 3625">
     <span class='ocr_line' id='line_1_68' title="bbox 1928 3542 3507 3625; baseline -0.003 -15"><span class='ocrx_word' id='word_1_463' title='bbox 1928 3556 2035 3610; x_wconf 89' lang='lat' dir='ltr'><strong>unt</strong></span> <span class='ocrx_word' id='word_1_464' title='bbox 2069 3569 2083 3606; x_wconf 89' lang='lat'><strong>:</strong></span> <span class='ocrx_word' id='word_1_465' title='bbox 2119 3554 2179 3609; x_wconf 89' lang='lat' dir='ltr'><strong>et</strong></span> <span class='ocrx_word' id='word_1_466' title='bbox 2210 3543 2605 3625; x_wconf 87' lang='lat' dir='ltr'><strong>contemptim</strong></span> <span class='ocrx_word' id='word_1_467' title='bbox 2640 3543 2700 3604; x_wconf 90' lang='lat' dir='ltr'><strong>in</strong></span> <span class='ocrx_word' id='word_1_468' title='bbox 2732 3542 2821 3605; x_wconf 89' lang='lat' dir='ltr'><strong>eis</strong></span> <span class='ocrx_word' id='word_1_469' title='bbox 2848 3543 3211 3621; x_wconf 81' lang='lat' dir='ltr'><strong>afﬁciuntur,</strong></span> <span class='ocrx_word' id='word_1_470' title='bbox 3247 3552 3306 3605; x_wconf 91' lang='lat' dir='ltr'><strong>et</strong></span> <span class='ocrx_word' id='word_1_471' title='bbox 3334 3542 3507 3605; x_wconf 90' lang='lat' dir='ltr'><strong>sicin</strong></span> 
     </span>
    </p>
   </div>
   <div class='ocr_carea' id='block_1_69' title="bbox 159 3630 1740 3715">
    <p class='ocr_par' dir='ltr' id='par_1_69' title="bbox 159 3630 1740 3710">
     <span class='ocr_line' id='line_1_69' title="bbox 159 3630 1740 3710; baseline 0.003 -25"><span class='ocrx_word' id='word_1_472' title='bbox 159 3630 312 3695; x_wconf 65' lang='grc' dir='ltr'>αὖτοῖς</span> <span class='ocrx_word' id='word_1_473' title='bbox 335 3632 773 3710; x_wconf 77' lang='grc' dir='ltr'>καταμένοντας,</span> <span class='ocrx_word' id='word_1_474' title='bbox 808 3633 899 3687; x_wconf 86' lang='grc' dir='ltr'>καὶ</span> <span class='ocrx_word' id='word_1_475' title='bbox 931 3630 992 3687; x_wconf 75' lang='grc' dir='ltr'>ἐκ</span> <span class='ocrx_word' id='word_1_476' title='bbox 1021 3638 1127 3687; x_wconf 84' lang='grc' dir='ltr'>τῶν</span> <span class='ocrx_word' id='word_1_477' title='bbox 1184 3631 1240 3687; x_wconf 76' lang='grc' dir='ltr'>ἐν</span> <span class='ocrx_word' id='word_1_478' title='bbox 1290 3645 1408 3698; x_wconf 87' lang='grc' dir='ltr'>τοῖς</span> <span class='ocrx_word' id='word_1_479' title='bbox 1467 3631 1740 3708; x_wconf 76' lang='grc' dir='ltr'>σεϐασμίοι</span> 
     </span>
    </p>
   </div>
   <div class='ocr_carea' id='block_1_70' title="bbox 1924 3630 3505 3715">
    <p class='ocr_par' dir='ltr' id='par_1_70' title="bbox 1928 3634 3505 3715">
     <span class='ocr_line' id='line_1_70' title="bbox 1928 3634 3505 3715; baseline -0.003 -15"><span class='ocrx_word' id='word_1_480' title='bbox 1928 3658 1957 3700; x_wconf 88' lang='lat' dir='ltr'><strong>s</strong></span> <span class='ocrx_word' id='word_1_481' title='bbox 1988 3645 2377 3715; x_wconf 81' lang='lat' dir='ltr'><strong>permanent;</strong></span> <span class='ocrx_word' id='word_1_482' title='bbox 2413 3635 2591 3696; x_wconf 88' lang='lat' dir='ltr'><strong>etiam</strong></span> <span class='ocrx_word' id='word_1_483' title='bbox 2630 3652 2698 3695; x_wconf 89' lang='lat' dir='ltr'><strong>ex</strong></span> <span class='ocrx_word' id='word_1_484' title='bbox 2732 3634 2830 3711; x_wconf 85' lang='lat' dir='ltr'><strong>iis,</strong></span> <span class='ocrx_word' id='word_1_485' title='bbox 2878 3652 3014 3714; x_wconf 62' lang='lat' dir='ltr'><strong>quae</strong></span> <span class='ocrx_word' id='word_1_486' title='bbox 3058 3642 3198 3694; x_wconf 88' lang='lat' dir='ltr'><strong>sunt</strong></span> <span class='ocrx_word' id='word_1_487' title='bbox 3228 3635 3286 3694; x_wconf 88' lang='lat' dir='ltr'><strong>in</strong></span> <span class='ocrx_word' id='word_1_488' title='bbox 3320 3650 3505 3696; x_wconf 86' lang='lat' dir='ltr'><strong>vene-</strong></span> 
     </span>
    </p>
   </div>
   <div class='ocr_carea' id='block_1_71' title="bbox 154 3720 1735 3804">
    <p class='ocr_par' dir='ltr' id='par_1_71' title="bbox 154 3720 1735 3803">
     <span class='ocr_line' id='line_1_71' title="bbox 154 3720 1735 3803; baseline 0.007 -32"><span class='ocrx_word' id='word_1_489' title='bbox 154 3733 280 3784; x_wconf 79' lang='grc' dir='ltr'>ναοῖς</span> <span class='ocrx_word' id='word_1_490' title='bbox 332 3720 776 3803; x_wconf 78' lang='grc' dir='ltr'>κατηχουμένων</span> <span class='ocrx_word' id='word_1_491' title='bbox 842 3720 1156 3787; x_wconf 74' lang='grc' dir='ltr'>ἐξωθεῖσθαι</span> <span class='ocrx_word' id='word_1_492' title='bbox 1230 3722 1660 3801; x_wconf 74' lang='grc' dir='ltr'>προστάσσομεν.</span> <span class='ocrx_word' id='word_1_493' title='bbox 1722 3733 1735 3782; x_wconf 93' lang='lat' dir='ltr'><strong>l</strong></span> 
     </span>
    </p>
   </div>
   <div class='ocr_carea' id='block_1_72' title="bbox 1926 3720 3507 3804">
    <p class='ocr_par' dir='ltr' id='par_1_72' title="bbox 1926 3720 3507 3804">
     <span class='ocr_line' id='line_1_72' title="bbox 1926 3720 3507 3804; baseline -0.003 -16"><span class='ocrx_word' id='word_1_494' title='bbox 1926 3726 2162 3789; x_wconf 24' lang='lat' dir='ltr'><strong>nbilibus</strong></span> <span class='ocrx_word' id='word_1_495' title='bbox 2193 3724 2458 3804; x_wconf 88' lang='lat' dir='ltr'><strong>templis,</strong></span> <span class='ocrx_word' id='word_1_496' title='bbox 2486 3723 3065 3785; x_wconf 85' lang='lat' dir='ltr'><strong>catechumenorum</strong></span> <span class='ocrx_word' id='word_1_497' title='bbox 3097 3720 3507 3784; x_wconf 89' lang='lat' dir='ltr'><strong>mansionibus</strong></span> 
     </span>
    </p>
   </div>
   <div class='ocr_carea' id='block_1_73' title="bbox 155 3806 1736 3897">
    <p class='ocr_par' dir='ltr' id='par_1_73' title="bbox 155 3806 1736 3893">
     <span class='ocr_line' id='line_1_73' title="bbox 155 3806 1736 3893; baseline 0.004 -29"><span class='ocrx_word' id='word_1_498' title='bbox 155 3806 197 3864; x_wconf 76' lang='grc' dir='ltr'>δέ</span> <span class='ocrx_word' id='word_1_499' title='bbox 221 3832 292 3875; x_wconf 89' lang='grc' dir='ltr'><strong>τις</strong></span> <span class='ocrx_word' id='word_1_500' title='bbox 340 3814 419 3888; x_wconf 76' lang='grc' dir='ltr'>μὴ</span> <span class='ocrx_word' id='word_1_501' title='bbox 473 3818 659 3870; x_wconf 71' lang='grc' dir='ltr'>τοῦτα</span> <span class='ocrx_word' id='word_1_502' title='bbox 703 3809 1096 3891; x_wconf 75' lang='grc' dir='ltr'>παραφυλάξει,</span> <span class='ocrx_word' id='word_1_503' title='bbox 1133 3813 1177 3868; x_wconf 75' lang='grc' dir='ltr'>εἰ</span> <span class='ocrx_word' id='word_1_504' title='bbox 1227 3812 1325 3887; x_wconf 76' lang='grc' dir='ltr'>μὲν</span> <span class='ocrx_word' id='word_1_505' title='bbox 1360 3812 1626 3893; x_wconf 73' lang='grc' dir='ltr'>κληρικὸς</span> <span class='ocrx_word' id='word_1_506' title='bbox 1659 3814 1736 3871; x_wconf 78' lang='grc' dir='ltr'><strong>εἴτ</strong></span> 
     </span>
    </p>
   </div>
   <div class='ocr_carea' id='block_1_74' title="bbox 1925 3806 3506 3897">
    <p class='ocr_par' dir='ltr' id='par_1_74' title="bbox 1925 3812 3506 3897">
     <span class='ocr_line' id='line_1_74' title="bbox 1925 3812 3506 3897; baseline -0.003 -19"><span class='ocrx_word' id='word_1_507' title='bbox 1925 3816 2098 3879; x_wconf 80' lang='lat' dir='ltr'><strong>:trudi</strong></span> <span class='ocrx_word' id='word_1_508' title='bbox 2127 3814 2433 3897; x_wconf 88' lang='lat' dir='ltr'><strong>jubemus.</strong></span> <span class='ocrx_word' id='word_1_509' title='bbox 2468 3813 2531 3876; x_wconf 89' lang='lat' dir='ltr'><strong>Si</strong></span> <span class='ocrx_word' id='word_1_510' title='bbox 2565 3812 2702 3892; x_wconf 89' lang='lat' dir='ltr'><strong>quis</strong></span> <span class='ocrx_word' id='word_1_511' title='bbox 2726 3821 2929 3875; x_wconf 86' lang='lat' dir='ltr'><strong>autem</strong></span> <span class='ocrx_word' id='word_1_512' title='bbox 2964 3812 3093 3875; x_wconf 89' lang='lat' dir='ltr'><strong>haec</strong></span> <span class='ocrx_word' id='word_1_513' title='bbox 3140 3830 3260 3875; x_wconf 91' lang='lat' dir='ltr'><strong>non</strong></span> <span class='ocrx_word' id='word_1_514' title='bbox 3303 3828 3506 3875; x_wconf 86' lang='lat' dir='ltr'><strong>serva-</strong></span> 
     </span>
    </p>
   </div>
   <div class='ocr_carea' id='block_1_75' title="bbox 153 3899 1734 3987">
    <p class='ocr_par' dir='ltr' id='par_1_75' title="bbox 153 3899 1333 3983">
     <span class='ocr_line' id='line_1_75' title="bbox 153 3899 1333 3983; baseline 0.003 -28"><span class='ocrx_word' id='word_1_515' title='bbox 153 3903 470 3980; x_wconf 80' lang='grc' dir='ltr'>καθαιριίσθω</span> <span class='ocrx_word' id='word_1_516' title='bbox 505 3918 519 3933; x_wconf 90' lang='lat'><strong>&#39;</strong></span> <span class='ocrx_word' id='word_1_517' title='bbox 562 3902 611 3959; x_wconf 85' lang='grc' dir='ltr'><strong>εἰ</strong></span> <span class='ocrx_word' id='word_1_518' title='bbox 636 3899 694 3957; x_wconf 76' lang='grc' dir='ltr'>δὲ</span> <span class='ocrx_word' id='word_1_519' title='bbox 723 3900 944 3981; x_wconf 79' lang='grc' dir='ltr'>λα’ίκὸς,</span> <span class='ocrx_word' id='word_1_520' title='bbox 976 3900 1333 3983; x_wconf 72' lang='grc' dir='ltr'>ἀφοριζέσθω.</span> 
     </span>
    </p>
   </div>
   <div class='ocr_carea' id='block_1_76' title="bbox 1923 3899 3504 3987">
    <p class='ocr_par' dir='ltr' id='par_1_76' title="bbox 1923 3900 3504 3987">
     <span class='ocr_line' id='line_1_76' title="bbox 1923 3900 3504 3987; baseline -0.003 -19"><span class='ocrx_word' id='word_1_521' title='bbox 1923 3914 1967 3980; x_wconf 89' lang='lat' dir='ltr'><strong>t,</strong></span> <span class='ocrx_word' id='word_1_522' title='bbox 1998 3907 2049 3969; x_wconf 92' lang='lat' dir='ltr'><strong>si</strong></span> <span class='ocrx_word' id='word_1_523' title='bbox 2107 3906 2185 3968; x_wconf 91' lang='lat' dir='ltr'><strong>sit</strong></span> <span class='ocrx_word' id='word_1_524' title='bbox 2244 3903 2489 3987; x_wconf 90' lang='lat' dir='ltr'><strong>quidem</strong></span> <span class='ocrx_word' id='word_1_525' title='bbox 2547 3901 2832 3980; x_wconf 90' lang='lat' dir='ltr'><strong>clericus,</strong></span> <span class='ocrx_word' id='word_1_526' title='bbox 2861 3900 3247 3982; x_wconf 85' lang='lat' dir='ltr'><strong>deponatur;</strong></span> <span class='ocrx_word' id='word_1_527' title='bbox 3281 3904 3329 3964; x_wconf 93' lang='lat' dir='ltr'><strong>si</strong></span> <span class='ocrx_word' id='word_1_528' title='bbox 3364 3919 3504 3964; x_wconf 84' lang='lat' dir='ltr'><strong>vero</strong></span> 
     </span>
    </p>
   </div>
   <div class='ocr_carea' id='block_1_77' title="bbox 1863 3996 3058 4075">
    <p class='ocr_par' dir='ltr' id='par_1_77' title="bbox 1863 3996 3058 4075">
     <span class='ocr_line' id='line_1_77' title="bbox 1863 3996 3058 4075; baseline -0.008 -15"><span class='ocrx_word' id='word_1_529' title='bbox 1863 3996 2076 4072; x_wconf 87' lang='lat' dir='ltr'><strong>laicus,</strong></span> <span class='ocrx_word' id='word_1_530' title='bbox 2111 4002 2488 4075; x_wconf 83' lang='lat' dir='ltr'><strong>segregetur.</strong></span> <span class='ocrx_word' id='word_1_531' title='bbox 3052 4016 3058 4020; x_wconf 90' lang='grc'><strong>·</strong></span> 
     </span>
    </p>
   </div>
   <div class='ocr_carea' id='block_1_78' title="bbox 218 4106 1799 4190">
    <p class='ocr_par' dir='ltr' id='par_1_78' title="bbox 218 4106 1773 4186">
     <span class='ocr_line' id='line_1_78' title="bbox 218 4106 1773 4186; baseline 0.001 -23"><span class='ocrx_word' id='word_1_532' title='bbox 218 4112 449 4170; x_wconf 74' lang='grc' dir='ltr'><strong>ΚΕΦΑΛ,</strong></span> <span class='ocrx_word' id='word_1_533' title='bbox 489 4106 576 4168; x_wconf 79' lang='lat' dir='ltr'><strong>B’.</strong></span> <span class='ocrx_word' id='word_1_534' title='bbox 613 4137 693 4152; x_wconf 91' lang='lat'>—</span> <span class='ocrx_word' id='word_1_535' title='bbox 725 4107 849 4186; x_wconf 78' lang='grc' dir='ltr'>Περὶ</span> <span class='ocrx_word' id='word_1_536' title='bbox 878 4106 973 4164; x_wconf 74' lang='grc' dir='ltr'><strong>τοῦ</strong></span> <span class='ocrx_word' id='word_1_537' title='bbox 1003 4107 1083 4185; x_wconf 71' lang='grc' dir='ltr'>μὴ</span> <span class='ocrx_word' id='word_1_538' title='bbox 1140 4120 1321 4171; x_wconf 77' lang='grc' dir='ltr'>ποιεῖν</span> <span class='ocrx_word' id='word_1_539' title='bbox 1373 4106 1428 4165; x_wconf 77' lang='grc' dir='ltr'>ἰν</span> <span class='ocrx_word' id='word_1_540' title='bbox 1461 4106 1773 4176; x_wconf 73' lang='grc' dir='ltr'>ὶκκλησίαις</span> 
     </span>
    </p>
   </div>
   <div class='ocr_carea' id='block_1_79' title="bbox 1704 4106 3285 4190">
    <p class='ocr_par' dir='ltr' id='par_1_79' title="bbox 1704 4108 3285 4190">
     <span class='ocr_line' id='line_1_79' title="bbox 1704 4108 3285 4190; baseline -0.003 -16"><span class='ocrx_word' id='word_1_541' title='bbox 1704 4130 1773 4174; x_wconf 75' lang='lat' dir='ltr'><strong>uc</strong></span> <span class='ocrx_word' id='word_1_542' title='bbox 1939 4111 2105 4178; x_wconf 84' lang='lat' dir='ltr'><strong>CAP.</strong></span> <span class='ocrx_word' id='word_1_543' title='bbox 2138 4114 2214 4176; x_wconf 88' lang='lat' dir='ltr'><strong>ll.</strong></span> <span class='ocrx_word' id='word_1_544' title='bbox 2248 4145 2323 4160; x_wconf 86' lang='lat'><strong>-—</strong></span> <span class='ocrx_word' id='word_1_545' title='bbox 2352 4111 2444 4175; x_wconf 84' lang='lat' dir='ltr'><strong>Nc</strong></span> <span class='ocrx_word' id='word_1_546' title='bbox 2475 4111 2541 4174; x_wconf 86' lang='lat' dir='ltr'><strong>in</strong></span> <span class='ocrx_word' id='word_1_547' title='bbox 2570 4108 2838 4174; x_wconf 68' lang='lat' dir='ltr'><strong>ecclesiis</strong></span> <span class='ocrx_word' id='word_1_548' title='bbox 2866 4109 3024 4190; x_wconf 79' lang='lat' dir='ltr'><strong>fiant</strong></span> <span class='ocrx_word' id='word_1_549' title='bbox 3054 4124 3285 4188; x_wconf 78' lang='lat' dir='ltr'><strong>agapac.</strong></span> 
     </span>
    </p>
   </div>
   <div class='ocr_carea' id='block_1_80' title="bbox 154 4192 1735 4270">
    <p class='ocr_par' dir='ltr' id='par_1_80' title="bbox 154 4192 354 4270">
     <span class='ocr_line' id='line_1_80' title="bbox 154 4192 354 4270; baseline 0.03 -21"><span class='ocrx_word' id='word_1_550' title='bbox 154 4192 354 4270; x_wconf 73' lang='grc' dir='ltr'><strong>ἆγᾶπις.</strong></span> 
     </span>
    </p>
   </div>
   <div class='ocr_carea' id='block_1_81' title="bbox 1590 4192 3171 4270">
    <p class='ocr_par' dir='ltr' id='par_1_81' title="bbox 2175 4197 3171 4266">
     <span class='ocr_line' id='line_1_81' title="bbox 2175 4197 3171 4266; baseline -0.002 -2"><span class='ocrx_word' id='word_1_551' title='bbox 2175 4200 2445 4266; x_wconf 78' lang='lat' dir='ltr'><strong>Concilii</strong></span> <span class='ocrx_word' id='word_1_552' title='bbox 2477 4200 2819 4264; x_wconf 80' lang='lat' dir='ltr'><strong>Laudiceni</strong></span> <span class='ocrx_word' id='word_1_553' title='bbox 2847 4217 3043 4263; x_wconf 83' lang='lat' dir='ltr'><strong>canon</strong></span> <span class='ocrx_word' id='word_1_554' title='bbox 3070 4197 3171 4262; x_wconf 78' lang='grc'><strong>28.</strong></span> 
     </span>
    </p>
   </div>
   <div class='ocr_carea' id='block_1_82' title="bbox 465 4285 2046 4372">
    <p class='ocr_par' dir='ltr' id='par_1_82' title="bbox 465 4285 2038 4357">
     <span class='ocr_line' id='line_1_82' title="bbox 465 4285 2038 4357; baseline 0.004 -12"><span class='ocrx_word' id='word_1_555' title='bbox 465 4286 708 4347; x_wconf 86' lang='grc' dir='ltr'>Συνόδου</span> <span class='ocrx_word' id='word_1_556' title='bbox 740 4285 1051 4354; x_wconf 82' lang='grc' dir='ltr'>Λαοδικείας</span> <span class='ocrx_word' id='word_1_557' title='bbox 1093 4289 1270 4345; x_wconf 87' lang='grc' dir='ltr'>κανὼν</span> <span class='ocrx_word' id='word_1_558' title='bbox 1301 4286 1421 4357; x_wconf 90' lang='grc' dir='ltr'>κη’.</span> <span class='ocrx_word' id='word_1_559' title='bbox 1934 4291 2038 4356; x_wconf 70' lang='grc'><strong>28.</strong></span> 
     </span>
    </p>
   </div>
   <div class='ocr_carea' id='block_1_83' title="bbox 1919 4285 3500 4372">
    <p class='ocr_par' dir='ltr' id='par_1_83' title="bbox 1934 4286 3500 4372">
     <span class='ocr_line' id='line_1_83' title="bbox 1934 4286 3500 4372; baseline -0.001 -21"><span class='ocrx_word' id='word_1_560' title='bbox 1934 4291 2216 4365; x_wconf 75' lang='lat' dir='ltr'><strong>28.Quod</strong></span> <span class='ocrx_word' id='word_1_561' title='bbox 2251 4309 2371 4354; x_wconf 90' lang='lat' dir='ltr'><strong>non</strong></span> <span class='ocrx_word' id='word_1_562' title='bbox 2403 4297 2640 4372; x_wconf 91' lang='lat' dir='ltr'><strong>oportet</strong></span> <span class='ocrx_word' id='word_1_563' title='bbox 2668 4289 2731 4350; x_wconf 88' lang='lat' dir='ltr'><strong>in</strong></span> <span class='ocrx_word' id='word_1_564' title='bbox 2762 4288 2911 4352; x_wconf 91' lang='lat' dir='ltr'><strong>locis</strong></span> <span class='ocrx_word' id='word_1_565' title='bbox 2941 4286 3400 4363; x_wconf 86' lang='lat' dir='ltr'><strong>Dominicis,vel</strong></span> <span class='ocrx_word' id='word_1_566' title='bbox 3438 4286 3500 4350; x_wconf 90' lang='lat' dir='ltr'><strong>in</strong></span> 
     </span>
    </p>
   </div>
   <div class='ocr_carea' id='block_1_84' title="bbox 213 4374 1794 4462">
    <p class='ocr_par' dir='ltr' id='par_1_84' title="bbox 213 4374 1771 4455">
     <span class='ocr_line' id='line_1_84' title="bbox 213 4374 1771 4455; baseline 0.003 -26"><span class='ocrx_word' id='word_1_567' title='bbox 213 4374 316 4442; x_wconf 79' lang='grc' dir='ltr'>κη’,</span> <span class='ocrx_word' id='word_1_568' title='bbox 344 4376 469 4435; x_wconf 73' lang='lat' dir='ltr'><strong>&quot;On</strong></span> <span class='ocrx_word' id='word_1_569' title='bbox 501 4382 567 4437; x_wconf 73' lang='grc' dir='ltr'>οὔ</span> <span class='ocrx_word' id='word_1_570' title='bbox 597 4376 686 4434; x_wconf 88' lang='grc' dir='ltr'><strong>δεῖ</strong></span> <span class='ocrx_word' id='word_1_571' title='bbox 715 4377 770 4435; x_wconf 73' lang='grc' dir='ltr'>ἐν</span> <span class='ocrx_word' id='word_1_572' title='bbox 809 4381 929 4440; x_wconf 74' lang='grc' dir='ltr'>τοῖς</span> <span class='ocrx_word' id='word_1_573' title='bbox 980 4387 1295 4455; x_wconf 82' lang='grc' dir='ltr'>Κυριακοῖς,</span> <span class='ocrx_word' id='word_1_574' title='bbox 1330 4378 1367 4447; x_wconf 74' lang='grc' dir='ltr'>ἢ</span> <span class='ocrx_word' id='word_1_575' title='bbox 1400 4377 1455 4434; x_wconf 78' lang='grc' dir='ltr'>ἐν</span> <span class='ocrx_word' id='word_1_576' title='bbox 1504 4390 1628 4443; x_wconf 88' lang='grc' dir='ltr'>ταῖς</span> <span class='ocrx_word' id='word_1_577' title='bbox 1675 4376 1771 4434; x_wconf 77' lang='grc' dir='ltr'><strong>ἔκ-</strong></span> 
     </span>
    </p>
   </div>
   <div class='ocr_carea' id='block_1_85' title="bbox 1922 4374 3503 4462">
    <p class='ocr_par' dir='ltr' id='par_1_85' title="bbox 1922 4376 3503 4462">
     <span class='ocr_line' id='line_1_85' title="bbox 1922 4376 3503 4462; baseline -0.002 -21"><span class='ocrx_word' id='word_1_578' title='bbox 1922 4381 2159 4457; x_wconf 85' lang='lat' dir='ltr'><strong>:clesiis,</strong></span> <span class='ocrx_word' id='word_1_579' title='bbox 2193 4399 2296 4443; x_wconf 88' lang='lat' dir='ltr'><strong>eas</strong></span> <span class='ocrx_word' id='word_1_580' title='bbox 2326 4399 2459 4462; x_wconf 70' lang='lat' dir='ltr'><strong>quae</strong></span> <span class='ocrx_word' id='word_1_581' title='bbox 2488 4379 2769 4442; x_wconf 88' lang='lat' dir='ltr'><strong>dicuntur</strong></span> <span class='ocrx_word' id='word_1_582' title='bbox 2816 4396 3034 4460; x_wconf 88' lang='lat' dir='ltr'><strong>agapas</strong></span> <span class='ocrx_word' id='word_1_583' title='bbox 3085 4377 3317 4450; x_wconf 76' lang='lat' dir='ltr'><strong>facere,</strong></span> <span class='ocrx_word' id='word_1_584' title='bbox 3351 4386 3413 4441; x_wconf 86' lang='lat' dir='ltr'><strong>et</strong></span> <span class='ocrx_word' id='word_1_585' title='bbox 3441 4376 3503 4439; x_wconf 93' lang='lat' dir='ltr'><strong>in</strong></span> 
     </span>
    </p>
   </div>
   <div class='ocr_carea' id='block_1_86' title="bbox 151 4459 1732 4546">
    <p class='ocr_par' dir='ltr' id='par_1_86' title="bbox 151 4459 1732 4546">
     <span class='ocr_line' id='line_1_86' title="bbox 151 4459 1732 4546; baseline 0.004 -30"><span class='ocrx_word' id='word_1_586' title='bbox 151 4459 367 4530; x_wconf 75' lang='grc' dir='ltr'>κλησίαις</span> <span class='ocrx_word' id='word_1_587' title='bbox 398 4468 498 4532; x_wconf 74' lang='grc' dir='ltr'><strong>τὰς</strong></span> <span class='ocrx_word' id='word_1_588' title='bbox 532 4466 842 4546; x_wconf 84' lang='grc' dir='ltr'>λεγομένας</span> <span class='ocrx_word' id='word_1_589' title='bbox 872 4467 1090 4546; x_wconf 83' lang='grc' dir='ltr'>ἂγάπας</span> <span class='ocrx_word' id='word_1_590' title='bbox 1139 4481 1346 4543; x_wconf 87' lang='grc' dir='ltr'>ποιεῖν,</span> <span class='ocrx_word' id='word_1_591' title='bbox 1382 4470 1470 4525; x_wconf 79' lang='grc' dir='ltr'><strong>καὶ</strong></span> <span class='ocrx_word' id='word_1_592' title='bbox 1528 4466 1674 4526; x_wconf 71' lang='grc' dir='ltr'>ἔνδον</span> <span class='ocrx_word' id='word_1_593' title='bbox 1718 4467 1732 4523; x_wconf 70' lang='grc' dir='ltr'>ἓ</span> 
     </span>
    </p>
   </div>
   <div class='ocr_carea' id='block_1_87' title="bbox 1744 4459 3325 4546">
    <p class='ocr_par' dir='ltr' id='par_1_87' title="bbox 1746 4459 3325 4544">
     <span class='ocr_line' id='line_1_87' title="bbox 1746 4459 3325 4544; baseline -0.003 -9"><span class='ocrx_word' id='word_1_594' title='bbox 1746 4491 1774 4521; x_wconf 74' lang='grc' dir='ltr'><strong>ν</strong></span> <span class='ocrx_word' id='word_1_595' title='bbox 1858 4472 2038 4535; x_wconf 92' lang='lat' dir='ltr'><strong>domo</strong></span> <span class='ocrx_word' id='word_1_596' title='bbox 2068 4470 2178 4533; x_wconf 90' lang='lat' dir='ltr'><strong>Dei</strong></span> <span class='ocrx_word' id='word_1_597' title='bbox 2204 4459 2554 4544; x_wconf 75' lang='lat' dir='ltr'><strong>comedere,</strong></span> <span class='ocrx_word' id='word_1_598' title='bbox 2587 4479 2648 4532; x_wconf 91' lang='lat' dir='ltr'><strong>et</strong></span> <span class='ocrx_word' id='word_1_599' title='bbox 2675 4459 2994 4533; x_wconf 85' lang='lat' dir='ltr'><strong>accubitus</strong></span> <span class='ocrx_word' id='word_1_600' title='bbox 3022 4477 3325 4532; x_wconf 85' lang='lat' dir='ltr'><strong>sternere.</strong></span> 
     </span>
    </p>
   </div>
   <div class='ocr_carea' id='block_1_88' title="bbox 154 4551 1735 4639">
    <p class='ocr_par' dir='ltr' id='par_1_88' title="bbox 154 4551 1353 4637">
     <span class='ocr_line' id='line_1_88' title="bbox 154 4551 1353 4637; baseline 0.008 -27"><span class='ocrx_word' id='word_1_601' title='bbox 154 4551 216 4624; x_wconf 72' lang='grc' dir='ltr'><strong>τῷ</strong></span> <span class='ocrx_word' id='word_1_602' title='bbox 234 4554 361 4629; x_wconf 79' lang='grc' dir='ltr'>οἴκῳ</span> <span class='ocrx_word' id='word_1_603' title='bbox 385 4555 584 4614; x_wconf 77' lang='grc' dir='ltr'>ἐσθίειν</span> <span class='ocrx_word' id='word_1_604' title='bbox 616 4558 709 4614; x_wconf 85' lang='grc' dir='ltr'><strong>καὶ</strong></span> <span class='ocrx_word' id='word_1_605' title='bbox 731 4554 990 4614; x_wconf 71' lang='grc' dir='ltr'>ἆκοόϐιτα</span> <span class='ocrx_word' id='word_1_606' title='bbox 1014 4559 1353 4637; x_wconf 79' lang='grc' dir='ltr'>στρωννύειν.</span> 
     </span>
    </p>
   </div>
   <div class='ocr_carea' id='block_1_89' title="bbox 1674 4551 3255 4639">
    <p class='ocr_par' dir='ltr' id='par_1_89' title="bbox 1797 4557 3255 4639">
     <span class='ocr_line' id='line_1_89' title="bbox 1797 4557 3255 4639; baseline -0.001 -17"><span class='ocrx_word' id='word_1_607' title='bbox 1797 4585 1844 4639; x_wconf 82' lang='grc' dir='ltr'>ι)</span> <span class='ocrx_word' id='word_1_608' title='bbox 2100 4559 2366 4623; x_wconf 80' lang='lat' dir='ltr'><strong>Com-iiii</strong></span> <span class='ocrx_word' id='word_1_609' title='bbox 2399 4557 2901 4636; x_wconf 80' lang='lat' dir='ltr'><strong>Carthaginensis</strong></span> <span class='ocrx_word' id='word_1_610' title='bbox 2930 4575 3126 4622; x_wconf 86' lang='lat' dir='ltr'><strong>canon</strong></span> <span class='ocrx_word' id='word_1_611' title='bbox 3151 4557 3255 4621; x_wconf 70' lang='grc'><strong>42.</strong></span> 
     </span>
    </p>
   </div>
   <div class='ocr_carea' id='block_1_90' title="bbox 431 4645 2012 4727">
    <p class='ocr_par' dir='ltr' id='par_1_90' title="bbox 431 4645 2012 4727">
     <span class='ocr_line' id='line_1_90' title="bbox 431 4645 2012 4727; baseline 0.005 -24"><span class='ocrx_word' id='word_1_612' title='bbox 431 4645 670 4704; x_wconf 78' lang='grc' dir='ltr'>Συνόδου</span> <span class='ocrx_word' id='word_1_613' title='bbox 714 4646 1089 4727; x_wconf 81' lang='grc' dir='ltr'>Καρθαγὲννης</span> <span class='ocrx_word' id='word_1_614' title='bbox 1132 4649 1311 4706; x_wconf 86' lang='grc' dir='ltr'>κανὼν</span> <span class='ocrx_word' id='word_1_615' title='bbox 1356 4646 1472 4724; x_wconf 85' lang='grc' dir='ltr'><strong>μβ’.</strong></span> <span class='ocrx_word' id='word_1_616' title='bbox 1936 4648 2012 4711; x_wconf 66' lang='grc' dir='ltr'><strong>4νὲ</strong></span> 
     </span>
    </p>
   </div>
   <div class='ocr_carea' id='block_1_91' title="bbox 1924 4645 3505 4727">
    <p class='ocr_par' dir='ltr' id='par_1_91' title="bbox 1936 4646 3505 4714">
     <span class='ocr_line' id='line_1_91' title="bbox 1936 4646 3505 4714; baseline -0.001 -4"><span class='ocrx_word' id='word_1_617' title='bbox 1936 4648 2037 4711; x_wconf 70' lang='lat'><strong>42.</strong></span> <span class='ocrx_word' id='word_1_618' title='bbox 2078 4647 2148 4712; x_wconf 83' lang='lat' dir='ltr'><strong>UI</strong></span> <span class='ocrx_word' id='word_1_619' title='bbox 2179 4651 2248 4712; x_wconf 88' lang='lat' dir='ltr'><strong>in</strong></span> <span class='ocrx_word' id='word_1_620' title='bbox 2276 4648 2542 4713; x_wconf 80' lang='lat' dir='ltr'><strong>ecclesiis</strong></span> <span class='ocrx_word' id='word_1_621' title='bbox 2571 4650 2860 4714; x_wconf 82' lang='lat' dir='ltr'><strong>convivia</strong></span> <span class='ocrx_word' id='word_1_622' title='bbox 2909 4648 3166 4712; x_wconf 81' lang='lat' dir='ltr'><strong>minime</strong></span> <span class='ocrx_word' id='word_1_623' title='bbox 3194 4646 3505 4709; x_wconf 75' lang='lat' dir='ltr'><strong>celebren-</strong></span> 
     </span>
    </p>
   </div>
   <div class='ocr_carea' id='block_1_92' title="bbox 221 4733 1989 4815">
    <p class='ocr_par' dir='ltr' id='par_1_92' title="bbox 221 4733 1989 4815">
     <span class='ocr_line' id='line_1_92' title="bbox 221 4733 1989 4815; baseline 0.003 -25"><span class='ocrx_word' id='word_1_624' title='bbox 221 4733 327 4808; x_wconf 68' lang='grc' dir='ltr'><strong>νβ’.</strong></span> <span class='ocrx_word' id='word_1_625' title='bbox 383 4738 512 4815; x_wconf 82' lang='grc' dir='ltr'>Περὶ</span> <span class='ocrx_word' id='word_1_626' title='bbox 570 4742 670 4794; x_wconf 81' lang='grc' dir='ltr'>τοῦ</span> <span class='ocrx_word' id='word_1_627' title='bbox 719 4736 799 4812; x_wconf 66' lang='grc' dir='ltr'><strong>μὴ</strong></span> <span class='ocrx_word' id='word_1_628' title='bbox 843 4737 1115 4813; x_wconf 79' lang='grc' dir='ltr'>συμπόσια</span> <span class='ocrx_word' id='word_1_629' title='bbox 1177 4737 1235 4794; x_wconf 75' lang='grc' dir='ltr'>ἐν</span> <span class='ocrx_word' id='word_1_630' title='bbox 1293 4750 1415 4801; x_wconf 88' lang='grc' dir='ltr'>ταῖς</span> <span class='ocrx_word' id='word_1_631' title='bbox 1460 4734 1777 4804; x_wconf 69' lang='grc' dir='ltr'>ἐκκλησίαις</span> <span class='ocrx_word' id='word_1_632' title='bbox 1862 4747 1989 4804; x_wconf 77' lang='lat' dir='ltr'><strong>tur,</strong></span> 
     </span>
    </p>
   </div>
   <div class='ocr_carea' id='block_1_93' title="bbox 158 4818 1739 4912">
    <p class='ocr_par' dir='ltr' id='par_1_93' title="bbox 158 4818 517 4887">
     <span class='ocr_line' id='line_1_93' title="bbox 158 4818 517 4887; baseline 0.022 -12"><span class='ocrx_word' id='word_1_633' title='bbox 158 4818 490 4883; x_wconf 72' lang='grc' dir='ltr'>ἐπιτελεῖσθαι</span> <span class='ocrx_word' id='word_1_634' title='bbox 501 4872 517 4887; x_wconf 92' lang='grc'><strong>.</strong></span> 
     </span>
    </p>
   </div>
   <div class='ocr_carea' id='block_1_94' title="bbox 1928 4818 3509 4912">
    <p class='ocr_par' dir='ltr' id='par_1_94' title="bbox 1942 4822 3509 4912">
     <span class='ocr_line' id='line_1_94' title="bbox 1942 4822 3509 4912; baseline -0.006 -19"><span class='ocrx_word' id='word_1_635' title='bbox 1942 4829 2016 4893; x_wconf 91' lang='lat' dir='ltr'><strong>Ut</strong></span> <span class='ocrx_word' id='word_1_636' title='bbox 2046 4831 2195 4894; x_wconf 87' lang='lat' dir='ltr'><strong>nulli</strong></span> <span class='ocrx_word' id='word_1_637' title='bbox 2226 4830 2497 4912; x_wconf 90' lang='lat' dir='ltr'><strong>episcopi</strong></span> <span class='ocrx_word' id='word_1_638' title='bbox 2544 4828 2637 4891; x_wconf 92' lang='lat' dir='ltr'><strong>vel</strong></span> <span class='ocrx_word' id='word_1_639' title='bbox 2668 4827 2878 4890; x_wconf 90' lang='lat' dir='ltr'><strong>clerici</strong></span> <span class='ocrx_word' id='word_1_640' title='bbox 2911 4830 2970 4886; x_wconf 87' lang='lat' dir='ltr'><strong>in</strong></span> <span class='ocrx_word' id='word_1_641' title='bbox 3004 4823 3269 4886; x_wconf 84' lang='lat' dir='ltr'><strong>ecclesia</strong></span> <span class='ocrx_word' id='word_1_642' title='bbox 3301 4822 3509 4884; x_wconf 89' lang='lat' dir='ltr'><strong>convi-</strong></span> 
     </span>
    </p>
   </div>
   <div class='ocr_carea' id='block_1_95' title="bbox 222 4910 1803 5001">
    <p class='ocr_par' dir='ltr' id='par_1_95' title="bbox 222 4910 1779 4995">
     <span class='ocr_line' id='line_1_95' title="bbox 222 4910 1779 4995; baseline 0.002 -26"><span class='ocrx_word' id='word_1_643' title='bbox 222 4910 376 4970; x_wconf 76' lang='grc' dir='ltr'>Ὠστε</span> <span class='ocrx_word' id='word_1_644' title='bbox 404 4914 741 4979; x_wconf 76' lang='grc' dir='ltr'>ἐπισκόπους</span> <span class='ocrx_word' id='word_1_645' title='bbox 775 4914 812 4985; x_wconf 70' lang='grc' dir='ltr'>ἢ</span> <span class='ocrx_word' id='word_1_646' title='bbox 842 4915 1159 4995; x_wconf 81' lang='grc' dir='ltr'>κληρικοὺς,</span> <span class='ocrx_word' id='word_1_647' title='bbox 1191 4915 1246 4972; x_wconf 78' lang='grc' dir='ltr'>ἐν</span> <span class='ocrx_word' id='word_1_648' title='bbox 1284 4928 1408 4979; x_wconf 84' lang='grc' dir='ltr'>ταῖς</span> <span class='ocrx_word' id='word_1_649' title='bbox 1463 4913 1779 4982; x_wconf 63' lang='grc' dir='ltr'>ἐκκλησίαις</span> 
     </span>
    </p>
   </div>
   <div class='ocr_carea' id='block_1_96' title="bbox 1933 4910 3514 5001">
    <p class='ocr_par' dir='ltr' id='par_1_96' title="bbox 1933 4910 3514 5001">
     <span class='ocr_line' id='line_1_96' title="bbox 1933 4910 3514 5001; baseline -0.004 -19"><span class='ocrx_word' id='word_1_650' title='bbox 1933 4928 2103 5001; x_wconf 84' lang='lat' dir='ltr'><strong>ntur,</strong></span> <span class='ocrx_word' id='word_1_651' title='bbox 2138 4910 2455 4984; x_wconf 24' lang='grc' dir='ltr'>ηἰεὶἲοιυῑθί</span> <span class='ocrx_word' id='word_1_652' title='bbox 2472 4924 2856 4982; x_wconf 83' lang='lat' dir='ltr'><strong>transeuntes</strong></span> <span class='ocrx_word' id='word_1_653' title='bbox 2879 4913 3273 5001; x_wconf 85' lang='lat' dir='ltr'><strong>hospitiorum</strong></span> <span class='ocrx_word' id='word_1_654' title='bbox 3302 4930 3514 5001; x_wconf 86' lang='lat' dir='ltr'><strong>neces-</strong></span> 
     </span>
    </p>
   </div>
   <div class='ocr_carea' id='block_1_97' title="bbox 159 4998 1740 5085">
    <p class='ocr_par' dir='ltr' id='par_1_97' title="bbox 159 4998 1740 5085">
     <span class='ocr_line' id='line_1_97' title="bbox 159 4998 1740 5085; baseline 0.004 -29"><span class='ocrx_word' id='word_1_655' title='bbox 159 4998 222 5085; x_wconf 61' lang='grc' dir='ltr'>μὴ</span> <span class='ocrx_word' id='word_1_656' title='bbox 249 5006 722 5078; x_wconf 77' lang='grc' dir='ltr'>συμποσιάζεσθαι,</span> <span class='ocrx_word' id='word_1_657' title='bbox 757 5005 803 5060; x_wconf 79' lang='grc' dir='ltr'><strong>εἰ</strong></span> <span class='ocrx_word' id='word_1_658' title='bbox 834 5006 912 5078; x_wconf 78' lang='grc' dir='ltr'><strong>μή</strong></span> <span class='ocrx_word' id='word_1_659' title='bbox 943 5003 996 5082; x_wconf 85' lang='grc' dir='ltr'>γ’</span> <span class='ocrx_word' id='word_1_660' title='bbox 1030 5006 1093 5060; x_wconf 80' lang='grc' dir='ltr'><strong>ἃν</strong></span> <span class='ocrx_word' id='word_1_661' title='bbox 1120 5006 1289 5085; x_wconf 77' lang='grc' dir='ltr'>τυχὸν</span> <span class='ocrx_word' id='word_1_662' title='bbox 1340 5003 1550 5080; x_wconf 60' lang='grc' dir='ltr'>ἀνάγκη</span> <span class='ocrx_word' id='word_1_663' title='bbox 1607 5003 1740 5070; x_wconf 77' lang='grc' dir='ltr'>ξενία</span> 
     </span>
    </p>
   </div>
   <div class='ocr_carea' id='block_1_98' title="bbox 1934 4998 3515 5085">
    <p class='ocr_par' dir='ltr' id='par_1_98' title="bbox 1934 4998 3515 5084">
     <span class='ocr_line' id='line_1_98' title="bbox 1934 4998 3515 5084; baseline -0.003 -15"><span class='ocrx_word' id='word_1_664' title='bbox 1934 5017 2038 5073; x_wconf 91' lang='lat' dir='ltr'><strong>.ate</strong></span> <span class='ocrx_word' id='word_1_665' title='bbox 2089 4998 2216 5072; x_wconf 83' lang='lat' dir='ltr'><strong>illic</strong></span> <span class='ocrx_word' id='word_1_666' title='bbox 2271 5010 2408 5071; x_wconf 68' lang='lat'><strong>£69</strong></span> <span class='ocrx_word' id='word_1_667' title='bbox 2465 5007 2737 5070; x_wconf 81' lang='lat' dir='ltr'><strong>reficiant</strong></span> <span class='ocrx_word' id='word_1_668' title='bbox 2772 5026 2785 5068; x_wconf 89' lang='lat'>:</span> <span class='ocrx_word' id='word_1_669' title='bbox 2849 5002 3052 5084; x_wconf 90' lang='lat' dir='ltr'><strong>populi</strong></span> <span class='ocrx_word' id='word_1_670' title='bbox 3084 5000 3264 5063; x_wconf 88' lang='lat' dir='ltr'><strong>etiam</strong></span> <span class='ocrx_word' id='word_1_671' title='bbox 3296 5000 3369 5063; x_wconf 89' lang='lat' dir='ltr'><strong>ab</strong></span> <span class='ocrx_word' id='word_1_672' title='bbox 3402 5002 3515 5064; x_wconf 86' lang='lat' dir='ltr'><strong>hn-</strong></span> 
     </span>
    </p>
   </div>
   <div class='ocr_carea' id='block_1_99' title="bbox 159 5083 1740 5179">
    <p class='ocr_par' dir='ltr' id='par_1_99' title="bbox 159 5083 1740 5157">
     <span class='ocr_line' id='line_1_99' title="bbox 159 5083 1740 5157; baseline 0.004 -12"><span class='ocrx_word' id='word_1_673' title='bbox 159 5083 398 5157; x_wconf 72' lang='grc' dir='ltr'>διιϐἑντες</span> <span class='ocrx_word' id='word_1_674' title='bbox 438 5094 561 5150; x_wconf 70' lang='grc' dir='ltr'>ἐκεῖ</span> <span class='ocrx_word' id='word_1_675' title='bbox 620 5092 962 5151; x_wconf 77' lang='grc' dir='ltr'>καταλύσωσι</span> <span class='ocrx_word' id='word_1_676' title='bbox 997 5110 1011 5124; x_wconf 93' lang='grc'><strong>·</strong></span> <span class='ocrx_word' id='word_1_677' title='bbox 1047 5096 1137 5152; x_wconf 79' lang='grc' dir='ltr'><strong>καὶ</strong></span> <span class='ocrx_word' id='word_1_678' title='bbox 1181 5083 1228 5151; x_wconf 70' lang='grc' dir='ltr'>δί</span> <span class='ocrx_word' id='word_1_679' title='bbox 1284 5091 1404 5149; x_wconf 86' lang='grc' dir='ltr'>λαοὶ</span> <span class='ocrx_word' id='word_1_680' title='bbox 1435 5089 1491 5148; x_wconf 81' lang='grc' dir='ltr'>δὲ</span> <span class='ocrx_word' id='word_1_681' title='bbox 1521 5093 1631 5150; x_wconf 78' lang='grc' dir='ltr'><strong>ἀπὸ</strong></span> <span class='ocrx_word' id='word_1_682' title='bbox 1673 5101 1740 5151; x_wconf 76' lang='grc' dir='ltr'><strong>τιῖ</strong></span> 
     </span>
    </p>
   </div>
   <div class='ocr_carea' id='block_1_100' title="bbox 1935 5083 3516 5179">
    <p class='ocr_par' dir='ltr' id='par_1_100' title="bbox 1935 5083 3516 5178">
     <span class='ocr_line' id='line_1_100' title="bbox 1935 5083 3516 5178; baseline -0.003 -19"><span class='ocrx_word' id='word_1_683' title='bbox 1935 5098 2128 5161; x_wconf 88' lang='lat' dir='ltr'><strong>smodi</strong></span> <span class='ocrx_word' id='word_1_684' title='bbox 2156 5099 2467 5174; x_wconf 89' lang='lat' dir='ltr'><strong>conviviis,</strong></span> <span class='ocrx_word' id='word_1_685' title='bbox 2520 5104 2809 5178; x_wconf 89' lang='lat' dir='ltr'><strong>quantum</strong></span> <span class='ocrx_word' id='word_1_686' title='bbox 2853 5083 2996 5154; x_wconf 76' lang='lat' dir='ltr'><strong>ﬁeri</strong></span> <span class='ocrx_word' id='word_1_687' title='bbox 3056 5098 3255 5170; x_wconf 84' lang='lat' dir='ltr'><strong>potest</strong></span> <span class='ocrx_word' id='word_1_688' title='bbox 3302 5091 3516 5174; x_wconf 86' lang='lat' dir='ltr'><strong>prohi-</strong></span> 
     </span>
    </p>
   </div>
   <div class='ocr_carea' id='block_1_101' title="bbox 158 5181 2146 5263">
    <p class='ocr_par' dir='ltr' id='par_1_101' title="bbox 158 5181 2146 5263">
     <span class='ocr_line' id='line_1_101' title="bbox 158 5181 2146 5263; baseline 0.006 -27"><span class='ocrx_word' id='word_1_689' title='bbox 158 5182 555 5263; x_wconf 59' lang='grc' dir='ltr'>τοιουτοτρόπων</span> <span class='ocrx_word' id='word_1_690' title='bbox 613 5184 950 5259; x_wconf 85' lang='grc' dir='ltr'>συμποσίων,</span> <span class='ocrx_word' id='word_1_691' title='bbox 997 5183 1124 5240; x_wconf 74' lang='grc' dir='ltr'>ὅσον</span> <span class='ocrx_word' id='word_1_692' title='bbox 1187 5181 1410 5239; x_wconf 83' lang='grc' dir='ltr'>δυνατόν</span> <span class='ocrx_word' id='word_1_693' title='bbox 1459 5184 1599 5263; x_wconf 63' lang='grc' dir='ltr'>ἔστι,</span> <span class='ocrx_word' id='word_1_694' title='bbox 1664 5206 1780 5243; x_wconf 79' lang='grc' dir='ltr'>κω·</span> <span class='ocrx_word' id='word_1_695' title='bbox 1866 5189 2146 5252; x_wconf 88' lang='lat' dir='ltr'><strong>beantur.</strong></span> 
     </span>
    </p>
   </div>
   <div class='ocr_carea' id='block_1_102' title="bbox 162 5262 384 5333">
    <p class='ocr_par' dir='ltr' id='par_1_102' title="bbox 162 5262 384 5333">
     <span class='ocr_line' id='line_1_102' title="bbox 162 5262 384 5333; baseline 0.005 -9"><span class='ocrx_word' id='word_1_696' title='bbox 162 5262 384 5333; x_wconf 72' lang='grc' dir='ltr'>λυθῶσιν,</span> 
     </span>
    </p>
   </div>
   <div class='ocr_carea' id='block_1_103' title="bbox 216 5357 1797 5443">
    <p class='ocr_par' dir='ltr' id='par_1_103' title="bbox 216 5357 1711 5443">
     <span class='ocr_line' id='line_1_103' title="bbox 216 5357 1711 5443; baseline 0.017 -33"><span class='ocrx_word' id='word_1_697' title='bbox 216 5357 426 5417; x_wconf 81' lang='grc' dir='ltr'>Συνόδου</span> <span class='ocrx_word' id='word_1_698' title='bbox 456 5362 840 5434; x_wconf 80' lang='grc' dir='ltr'>οἰκουμενικῆς</span> <span class='ocrx_word' id='word_1_699' title='bbox 868 5360 1031 5430; x_wconf 73' lang='grc' dir='ltr'>ἕκτης</span> <span class='ocrx_word' id='word_1_700' title='bbox 1062 5363 1237 5420; x_wconf 65' lang='grc' dir='ltr'>κανὼν</span> <span class='ocrx_word' id='word_1_701' title='bbox 1267 5358 1370 5435; x_wconf 50' lang='lat'><strong>08.9</strong></span> <span class='ocrx_word' id='word_1_702' title='bbox 1417 5361 1556 5443; x_wconf 50' lang='grc' dir='ltr'><strong>ος),</strong></span> <span class='ocrx_word' id='word_1_703' title='bbox 1594 5362 1711 5440; x_wconf 54' lang='lat' dir='ltr'><strong>4C,-</strong></span> 
     </span>
    </p>
   </div>
   <div class='ocr_carea' id='block_1_104' title="bbox 1870 5357 3451 5443">
    <p class='ocr_par' dir='ltr' id='par_1_104' title="bbox 1921 5361 3451 5438">
     <span class='ocr_line' id='line_1_104' title="bbox 1921 5361 3451 5438; baseline -0.004 -7"><span class='ocrx_word' id='word_1_704' title='bbox 1921 5366 2185 5431; x_wconf 81' lang='lat' dir='ltr'><strong>Coneilii</strong></span> <span class='ocrx_word' id='word_1_705' title='bbox 2221 5365 2574 5431; x_wconf 75' lang='lat' dir='ltr'><strong>wcumenici</strong></span> <span class='ocrx_word' id='word_1_706' title='bbox 2601 5363 2759 5427; x_wconf 76' lang='lat' dir='ltr'><strong>sexti</strong></span> <span class='ocrx_word' id='word_1_707' title='bbox 2789 5378 3052 5426; x_wconf 83' lang='lat' dir='ltr'><strong>canones</strong></span> <span class='ocrx_word' id='word_1_708' title='bbox 3082 5362 3181 5438; x_wconf 76' lang='lat'><strong>74,</strong></span> <span class='ocrx_word' id='word_1_709' title='bbox 3210 5362 3316 5435; x_wconf 83' lang='lat'><strong>&#39;76,</strong></span> <span class='ocrx_word' id='word_1_710' title='bbox 3351 5361 3451 5425; x_wconf 86' lang='lat'><strong>97.</strong></span> 
     </span>
    </p>
   </div>
   <div class='ocr_carea' id='block_1_105' title="bbox 230 5444 1811 5537">
    <p class='ocr_par' dir='ltr' id='par_1_105' title="bbox 230 5444 1780 5530">
     <span class='ocr_line' id='line_1_105' title="bbox 230 5444 1780 5530; baseline -0.002 -19"><span class='ocrx_word' id='word_1_711' title='bbox 230 5444 324 5511; x_wconf 64' lang='grc' dir='ltr'><strong>υἷ’.</strong></span> <span class='ocrx_word' id='word_1_712' title='bbox 350 5449 473 5508; x_wconf 67' lang='grc' dir='ltr'>Ὀτι</span> <span class='ocrx_word' id='word_1_713' title='bbox 493 5452 559 5508; x_wconf 67' lang='grc' dir='ltr'>οὗ</span> <span class='ocrx_word' id='word_1_714' title='bbox 594 5448 676 5508; x_wconf 83' lang='grc' dir='ltr'><strong>δεῖ</strong></span> <span class='ocrx_word' id='word_1_715' title='bbox 706 5450 762 5506; x_wconf 80' lang='grc' dir='ltr'>ἐν</span> <span class='ocrx_word' id='word_1_716' title='bbox 793 5464 912 5516; x_wconf 93' lang='grc' dir='ltr'>τοῖς</span> <span class='ocrx_word' id='word_1_717' title='bbox 949 5462 1237 5530; x_wconf 84' lang='grc' dir='ltr'>Κυριακοῖς</span> <span class='ocrx_word' id='word_1_718' title='bbox 1267 5452 1303 5521; x_wconf 71' lang='grc' dir='ltr'><strong>ἢ</strong></span> <span class='ocrx_word' id='word_1_719' title='bbox 1334 5451 1389 5509; x_wconf 75' lang='grc' dir='ltr'>ἐν</span> <span class='ocrx_word' id='word_1_720' title='bbox 1418 5465 1542 5518; x_wconf 82' lang='grc' dir='ltr'>ταῖς</span> <span class='ocrx_word' id='word_1_721' title='bbox 1573 5452 1780 5523; x_wconf 77' lang='grc' dir='ltr'>ἐκκλη-</span> 
     </span>
    </p>
   </div>
   <div class='ocr_carea' id='block_1_106' title="bbox 1936 5444 3517 5537">
    <p class='ocr_par' dir='ltr' id='par_1_106' title="bbox 1950 5450 3517 5537">
     <span class='ocr_line' id='line_1_106' title="bbox 1950 5450 3517 5537; baseline -0.005 -17"><span class='ocrx_word' id='word_1_722' title='bbox 1950 5459 2047 5520; x_wconf 78' lang='lat' dir='ltr'><strong>‘M.</strong></span> <span class='ocrx_word' id='word_1_723' title='bbox 2071 5456 2237 5532; x_wconf 84' lang='lat' dir='ltr'><strong>Quod</strong></span> <span class='ocrx_word' id='word_1_724' title='bbox 2266 5474 2384 5519; x_wconf 90' lang='lat' dir='ltr'><strong>non</strong></span> <span class='ocrx_word' id='word_1_725' title='bbox 2408 5454 2721 5537; x_wconf 86' lang='lat' dir='ltr'><strong>oportetin</strong></span> <span class='ocrx_word' id='word_1_726' title='bbox 2740 5452 3078 5517; x_wconf 87' lang='lat' dir='ltr'><strong>Dominicis</strong></span> <span class='ocrx_word' id='word_1_727' title='bbox 3098 5454 3249 5518; x_wconf 87' lang='lat' dir='ltr'><strong>locis</strong></span> <span class='ocrx_word' id='word_1_728' title='bbox 3276 5450 3374 5514; x_wconf 91' lang='lat' dir='ltr'><strong>vel</strong></span> <span class='ocrx_word' id='word_1_729' title='bbox 3407 5470 3517 5512; x_wconf 88' lang='lat' dir='ltr'><strong>ec-</strong></span> 
     </span>
    </p>
   </div>
   <div class='ocr_carea' id='block_1_107' title="bbox 237 5701 752 5791">
    <p class='ocr_par' dir='ltr' id='par_1_107' title="bbox 237 5701 752 5791">
     <span class='ocr_line' id='line_1_107' title="bbox 237 5701 752 5791; baseline 0.012 -23"><span class='ocrx_word' id='word_1_730' title='bbox 237 5701 501 5774; x_wconf 62' lang='grc' dir='ltr'>κως.</span> <span class='ocrx_word' id='word_1_731' title='bbox 535 5725 623 5791; x_wconf 78' lang='lat' dir='ltr'><strong>x1,</strong></span> <span class='ocrx_word' id='word_1_732' title='bbox 656 5709 752 5777; x_wconf 82' lang='grc'><strong>17.</strong></span> 
     </span>
    </p>
   </div>
  </div>
