4148 6198
353 322 472 395 633

1145 326 1566 393 SYNTAGMA
1609 326 2005 392 CANONUM.
2051 358 2149 425 --.
2177 328 2333 391 TIT.
2381 328 2488 409 VI,
2533 329 2697 392 CAP.
2748 326 2922 392 I~II.

3609 319 3725 390 634

350 465 596 545 ὁρίζομεν
654 463 822 543 μηδὲν
853 468 1094 523 τοιοῦτον
1135 466 1238 523 ὑπὸ
1281 463 1390 522 τῶν
1433 468 1637 523 πιστῶν
1687 463 1983 522 τελεῖσθαι⁸

2104 461 2321 524 ιοΙΙιιιεο
2343 460 2590 539 virginis
2618 463 2844 537 matris,
2877 460 3215 535 statuimus,
3242 467 3303 521 ut
3326 458 3615 539 deinceps
3638 436 3730 521 ni-

352 557 416 616 οὒ
445 556 548 635 γὰρ
601 557 735 633 τιμή
767 578 829 636 γε
881 562 1034 615 τοῦτο
1063 560 1133 633 τῇ
1172 554 1445 634 Παρθένῳ,
1483 560 1552 632 τῇ
1592 555 1722 633 ὑπὲρ
1751 560 1870 612 νοῦν
1915 553 2002 611 καὶ

350 642 518 724 λόγον
567 646 659 703 τὸν
700 645 990 725 ἀχώρητον
1049 645 1280 722 τεκούσῃ
1329 646 1501 724 Λόγον
1548 646 1723 723 σαρκὶ,
1777 643 1839 701 ἐκ
1890 647 2000 699 τῶν

352 739 550 790 κοινῶν
592 754 650 791 τε
695 736 783 792 καὶ
815 734 935 792 καθ’
965 736 1134 812 ἡμᾶς,
1181 735 1247 792 τὰ
1276 735 1414 792 κατὰ
1461 737 1551 790 τὸν
1582 733 1847 815 ἄφραστον
1900 736 1999 792 αὒ-

349 822 453 892 τῆς
507 822 668 882 τόκον
727 824 917 903 ὁρίζειν
963 824 1313 906 ὑπογράφειν.
1377 823 1445 882 Εἴ
1486 845 1568 888 τις
1619 827 1706 882 οὖν
1755 824 1862 880 ἀπὸ
1908 831 2003 883 τοῦ

353 918 447 970 νῦν
521 914 770 984 πράττων
813 923 1064 973 τοιοῦτον
1115 913 1407 995 φωραθείη,
1465 915 1509 970 εἰ
1565 913 1676 990 μὴν
1746 911 2000 994 κληρικὸς

354 1001 452 1071 εἴη
482 1003 853 1085 καθαιρείσθω⁶
889 1006 931 1064 εὶ
961 1002 1016 1062 δὲ
1046 1002 1263 1080 λα’ἰκὸς,
1299 1002 1647 1086 ἀφοριζέσθω.

442 1261 556 1350 ζθ’.
591 1272 690 1331 Καὶ
731 1281 887 1332 τοῦτο
916 1270 971 1329 δὲ
1015 1272 1071 1330 ἓν
1120 1279 1188 1351 τῇ
1236 1271 1530 1354 Ἀρμενίων
1557 1273 1714 1355 χώρᾳ
1764 1272 1996 1351 γίνεσθαι

346 1362 769 1440 μεμαθήκαμεν,
801 1363 878 1430 ὥς
920 1383 1059 1429 τινες
1118 1361 1264 1421 ἔνδον
1314 1363 1368 1421 ἐν
1417 1377 1538 1428 τοῖς
1590 1364 1756 1440 ἱεροῖς
1807 1364 1995 1420 θυσια-

346 1451 589 1529 στηρίοις
649 1451 791 1529 μέλη
842 1457 1014 1533 κρεῶν
1072 1452 1313 1531 ἕψοντες,
1369 1454 1725 1532 προσάγουσιν
1766 1448 1995 1532 ἀφαιρέ-

343 1554 493 1620 ματα
547 1555 668 1606 τοῖς
724 1545 954 1622 ἱερεῦσιν
1012 1540 1317 1607 ’ἰουδᾶϊκῶς
1380 1542 1767 1618 ἀπονέμοντες.
1833 1540 1995 1598 Ὅθεν

345 1633 518 1707 ἡμεῖς
573 1631 635 1689 τὸ
692 1632 791 1702 τῆς
847 1631 1140 1701 ἒκκλησίας
1211 1631 1568 1714 φολάττοντες
1637 1629 1992 1707 ἀκηλίδωτον,

344 1720 618 1796 ὁρίζομεν,
678 1720 757 1797 μὴ
813 1719 1009 1787 ἐξεῖναί
1076 1743 1185 1778 τινι
1245 1726 1352 1778 τῶν
1416 1721 1597 1797 ἱερέων
1654 1720 1998 1801 ἀφωρισμένα

2085 551 2168 613 hil
2200 551 2318 613 tale
2344 551 2444 614 fiat
2470 570 2501 614 a
2530 552 2834 616 fidelibus.
2864 549 3071 631 Neque
3091 548 3252 612 enim
3284 548 3400 611 hoc
3423 550 3615 612 honor
3641 558 3733 611 est

2085 640 2358 722 virginis,
2391 660 2523 721 qua;
2564 660 2747 724 supra
2791 648 3052 704 mentem
3085 648 3145 702 et
3168 657 3534 713 sermonem,
3566 637 3727 721 quod

2085 731 2518 811 comprehendi
2544 750 2663 793 non
2683 739 2879 812 potest
2900 728 3151 792 verbum
3181 729 3413 810 peperit
3433 747 3637 803 carne,
3660 746 3731 791 ex

2085 820 2515 884 communibus
2544 830 2603 883 et
2633 821 2707 882 iis
2734 839 2867 902 quas
2908 820 2969 881 in
3008 821 3134 882 I71
3174 818 3351 883 nobis
3404 819 3574 894 ﬁunt,
3606 819 3732 879 ine-

2084 909 2445 972 narrabilem
2498 911 2627 990 ejus
2655 919 2887 993 partum
2920 909 3198 984 deﬁnire,
3234 909 3454 984 metiri,
3489 927 3556 972 ac
3599 908 3736 970 des-

2082 998 2343 1062 cribere.
2379 1002 2439 1063 Si
2472 1003 2606 1081 quis
2627 1019 2770 1080 ergo
2799 999 3089 1081 deinceps
3120 1000 3234 1062 hoc
3257 1000 3455 1061 facere
3485 1016 3731 1079 aggres-
3848 1044 3855 1049 .

2082 1108 2182 1153 sus
2214 1089 2416 1171 fuerit,
2453 1091 2499 1152 si
2533 1090 2608 1152 sit
2637 1090 2881 1172 quidem
2939 1090 3217 1166 clericus,
3253 1088 3590 1170 deponatur
3623 1105 3638 1150 :
3681 1087 3732 1149 si

2083 1197 2222 1243 vero
2254 1180 2470 1255 laicus,
2504 1188 2877 1260 segregetur.

2163 1270 2267 1332 99.
2300 1273 2484 1333 Porro
2514 1271 2628 1333 hoc
2660 1288 2901 1352 quoque
2932 1268 2995 1330 in
3025 1267 3451 1331 Armeniorum
3484 1268 3733 1349 regione

2080 1360 2208 1423 fieri
2253 1360 2765 1443 didicimus,quod
2799 1358 3040 1441 quidam
3083 1360 3244 1421 intus
3268 1360 3331 1421 in
3364 1358 3550 1423 sacris
3579 1362 3733 1421 alta-

2077 1447 2250 1512 ribus
2281 1453 2551 1512 carnium
2586 1449 2856 1511 membra
2885 1456 3214 1529 coquentes
3238 1447 3461 1511 frustra
3482 1449 3736 1511 offerent

2076 1538 2494 1602 sacerdotibus
2523 1538 2776 1602 Judaice
2808 1538 3256 1601 distribuentes.
3290 1537 3581 1611 Quocirca
3611 1538 3733 1600 Ec-

2078 1629 2326 1692 clesiam
2359 1628 2805 1691 immaculatum
2858 1636 3190 1702 servantes,
3223 1628 3535 1691 statuimus
3587 1616 3732 1688 nulli

2079 1713 2268 1781 licere
2325 1718 2626 1781 sacerdoti
2684 1726 2956 1799 separata
3010 1716 3281 1779 carnium
3342 1714 3612 1777 membra
3658 1713 3733 1776 ab

344 1812 529 1906 κρεῶν
552 1806 695 1886 μέλη
746 1809 889 1888 παρᾶ
945 1815 1051 1867 τῶν
1099 1809 1475 1889 προσαγόντων
1529 1807 1846 1885 λαμϐάνειν,
1878 1806 1997 1865 ἀλλ’

2104 1808 2477 1871 lfferentibus
2531 1808 2810 1889 accipere
2846 1828 2861 1885 ;
2893 1807 2967 1869 iis
2999 1806 3119 1869 sint
3165 1805 3454 1882 contenti,
3492 1823 3622 1887 quae
3651 1803 3737 1866 of-

345 1897 440 1964 οῖς
500 1895 697 1975 ἄρεσθῇ
756 1900 784 1955 δ
839 1900 1148 1978 προσάγων,
1202 1900 1408 1966 τούτοις
1474 1899 1855 1979 ἀρκείσθωσαν,
1901 1897 2002 1964 ἔξω

2104 1899 2304 1962 'erenti
2337 1898 2458 1961 visa
2488 1898 2737 1976 fuerint,
2772 1896 3069 1978 ejusmodi
3101 1894 3405 1967 oblatione
3445 1895 3597 1957 facta
3626 1912 3734 1956 ex—

353 1991 459 2055 τῆς
516 1986 810 2056 ἐκκλησίας
849 1988 949 2056 τῆς
990 1988 1239 2057 τοιαύτης
1287 1989 1575 2068 γινομένης
1617 1992 2000 2069 προσαγωγῆς⁶

361 2077 406 2133 εἰ
436 2075 491 2134 δέ
519 2100 602 2140 τις
636 2078 716 2152 μὴ
746 2084 904 2137 τοῦτο
932 2077 1070 2136 οὕτω
1098 2083 1252 2157 ποιῇ,
1282 2078 1644 2159 ἄφορῖζέσθω.

506 2166 768 2247 Κυρίλλου
829 2168 887 2226 ἐκ
944 2167 1042 2237 τῆς
1100 2169 1232 2248 πρὸς
1265 2169 1505 2248 ,Δόμνον
1566 2166 1857 2237 ἐπιστολῆς

438 2336 514 2396 Τὰ
543 2334 599 2395 δὲ
626 2334 819 2403 ἀδίκως
852 2250 1316 2419 ληιρθένεῖῗιῗὴιιξ3
1350 2336 1405 2402 λ.

437 2507 499 2573 Ἠ
528 2515 623 2585 λη’
657 2513 893 2590 διάταξις
951 2526 1046 2576 τοῦ
1073 2515 1130 2596 γ’
1163 2517 1269 2582 τίτ.
1302 2525 1396 2578 τοῦ
1426 2516 1481 2576 α’
1521 2515 1670 2596 βιϐλ.
1703 2518 1887 2599 φησὶν,
1923 2515 2004 2574 ὅτι

355 2611 418 2669 οὗ
474 2604 557 2664 δεῖ
606 2608 733 2671 τοὺς
787 2606 1111 2671 ἐπισκόπους
1167 2607 1203 2677 ἢ
1254 2608 1370 2674 τοὺς
1401 2607 1713 2686 κληρικοὺς,
1759 2607 2003 2686 ἀναγκά-

349 2703 461 2769 ζειν
510 2697 659 2761 τινὰς
716 2709 1111 2778 καρποφορεῖν,
1142 2696 1178 2766 ἢ
1222 2697 1507 2778 ἀγγαρείας
1564 2695 1786 2774 διδόναι,
1841 2698 1877 2765 ἢ
1919 2695 2005 2753 διὰ

346 2793 516 2845 ταῦτα
558 2786 850 2867 ἀφορίζειν,
884 2788 921 2855 ἢ
976 2785 1403 2868 ἀναθεματίζειν,
1437 2791 1472 2857 ἢ
1516 2787 1594 2862 μὴ
1642 2785 1839 2844 διδόναι
1873 2809 2001 2843 κοι-

350 2875 565 2956 νωνίαν,
624 2876 661 2945 ἢ
716 2879 795 2953 μὴ
853 2877 1154 2954 βαπτίζειν,
1204 2877 1293 2934 καὶ
1351 2876 1465 2940 ἔθος
1524 2877 1787 2956 ἐκράτησε
1822 2883 2003 2933 τοιοῦ-

349 2989 464 3026 τον.
516 2955 578 3024 ’0
608 2963 665 3022 δὲ
711 2964 1075 3046 παραϐαίνων,
1112 2966 1357 3025 ἐκπίπτει
1405 2971 1504 3035 τῆς
1538 2955 1862 3035 Ἐκκλησίας
1907 2964 2004 3023 καί

350 3060 451 3125 τῆς
524 3053 838 3124 διοικήσεως
910 3057 1114 3135 αὐτῆς,
1185 3058 1274 3114 καὶ
1344 3054 1531 3114 δίδωσι
1599 3054 1724 3114 δέκα
1796 3056 1999 3135 λίτρας.

352 3153 532 3206 Ταῦτα
562 3142 618 3201 δὲ
674 3159 868 3226 κρατεῖ
893 3146 952 3201 ἒν
981 3145 1121 3222 μόνῃ
1172 3152 1241 3224 τῇ
1273 3145 1628 3223 βασιλευούσῃ
1676 3147 1764 3205 καὶ
1793 3152 1861 3224 τῇ
1910 3145 2001 3202 ἒν-

2089 1996 2181 2052 tra
2232 1988 2574 2053 ecclesiam.
2633 1986 2696 2051 Si
2746 1986 2880 2072 quis
2930 1993 3127 2048 autem
3180 1985 3294 2049 hoc
3336 2002 3456 2046 non
3506 1981 3733 2058 fecerit,

2051 2128 2057 2133 .
2089 2087 2464 2159 segregetur.

2240 2167 2470 2248 Cyrilli
2501 2184 2580 2231 ea;
2610 2165 2863 2249 epistola
2914 2163 2995 2227 ad
3024 2164 3323 2227 Domuum
3355 2179 3489 2243 cap.
3522 2161 3586 2225 2.

2168 2346 2490 2410 Pecuniam
2522 2353 2724 2410 autem
2756 2364 2888 2428 quae
2919 2361 3027 2427 per
3074 2342 3354 2425 injuriam
3386 2340 3502 2425 ipsi
3532 2345 3739 2424 erepta

2087 2446 2204 2521 est,
2235 2446 2385 2513 etc.,
2415 2444 2484 2500 ut
2512 2454 2657 2518 pag.
2688 2436 2831 2500 579.

2167 2529 2374 2593 Const.
2406 2526 2507 2602 38,
2537 2527 2625 2590 tit.
2660 2527 2720 2602 3,
2746 2527 2849 2588 lib.
2880 2531 2936 2600 l,
2964 2523 3102 2587 cod.
3136 2523 3244 2599 ait,
3268 2522 3426 2605 quod
3453 2541 3571 2584 non
3594 2540 3741 2586 con-

2086 2618 2285 2681 veniat
2334 2617 2650 2697 episcopos
2680 2625 2786 2678 aut
2830 2614 3089 2677 clericos
3121 2630 3337 2693 cogere
3385 2611 3640 2694 aliquos,
3677 2620 3743 2675 ut

2086 2709 2315 2771 fructus
2366 2706 2641 2781 offerant,
2674 2714 2773 2767 aut
2803 2703 3075 2784 angarias
3122 2710 3430 2784 praestent,
3468 2701 3563 2763 vel
3596 2716 3739 2783 pro-

2090 2805 2296 2878 pterea
2322 2796 2871 2869 excommunicare,
2905 2794 2997 2856 vel
3025 2793 3401 2855 anathemate
3432 2791 3736 2865 ferire,vel

2086 2885 2485 2950 Eucharistiaa
2515 2893 2958 2948 sacramentum
2990 2902 3109 2945 non
3143 2882 3473 2963 porrigere,
3495 2882 3586 2944 vel
3615 2899 3737 2944 non

2086 2975 2411 3058 baptizare,
2476 2975 2715 3039 tametsi
2773 2971 3216 3037 consuetudine
3272 2971 3331 3033 id
3391 2970 3735 3035 invaluerlt.

2086 3065 2629 3147 Transgressorem
2658 3072 2856 3126 autem
2880 3061 2953 3125 ab
2976 3061 3265 3139 Ecclesia,
3291 3060 3541 3142 ejusque
3559 3060 3742 3124 admi-

2086 3156 2443 3219 nistratione
2471 3155 2754 3219 excidere
2787 3172 2857 3217 ac
2888 3152 3095 3215 decem
3132 3151 3317 3213 libras
3346 3151 3514 3214 dare.
3549 3150 3741 3231 Atque

359 3235 482 3313 ορίᾳ
534 3234 724 3312 αὐτῆς,
759 3237 849 3292 καὶ
894 3247 1013 3299 τοῖς
1064 3235 1321 3305 ἀνήκουσι
1351 3238 1534 3300 τόποις
1584 3248 1704 3302 τοῖς
1760 3238 1859 3293 ὑπὸ
1911 3244 2004 3295 τοῦ

2104 3265 2213 3310 nec
2239 3245 2483 3327 quidem
2507 3246 2566 3307 in
2592 3245 2719 3307 sola
2744 3244 2910 3324 regia
2935 3241 3129 3323 [urbe]
3142 3242 3395 3323 ejusque
3415 3241 3739 3316 territorio,

357 3324 701 3406 πατριάρχου
753 3325 1254 3405 χειροτονουμένοις
1309 3325 1757 3403 μητροπολίταις,
1799 3326 1835 3396 ἣ
1884 3339 2002 3389 τοῖς

358 3412 415 3479 ἒξ
488 3414 706 3471 ἰκείιων
775 3415 1080 3494 γινομένοις
1167 3414 1507 3481 ἐπισκόποις⁸
1592 3417 1856 3496 ἀνάγνωθι
1938 3417 2007 3473 τὰ

357 3503 881 3584 παραγεγραμμέναι
938 3506 996 3562 ἒν
1024 3511 1102 3581 τῷ
1145 3503 1200 3561 α’
1259 3525 1381 3584 κεφ.
1429 3526 1521 3562 του
1571 3504 1628 3583 β’
1661 3507 1762 3567 τίτ.
1818 3507 2009 3564 τούτου

360 3602 462 3653 τοῦ
515 3595 884 3673 συντάγματος
940 3596 1060 3674 περὶ
1116 3602 1454 3676 προσφορῶν,
1500 3600 1588 3654 καὶ
1647 3603 1753 3657 τῶν
1803 3596 2008 3676 δωρου-

370 3682 552 3761 μένων
581 3694 617 3753 ἢ
647 3682 1144 3761 καταλιμπατὶένων
1174 3685 1418 3767 εὐαγέσιν
1447 3687 1643 3752 οἴκοις,

449 3867 705 3923 ΚΕΦΑΛ.
768 3861 863 3928 B’.
908 3895 990 3910 -—
1032 3864 1189 3930 Τίνας
1250 3863 1335 3921 δεῖ
1390 3862 1679 3941 λαμϐάνειν
1722 3865 1759 3935 ἢ
1813 3863 2012 3922 διδόναι

357 3954 773 4035 καρποφορίαν,
859 3956 948 4012 καὶ
1034 3957 1150 4032 περὶ
1245 3959 1354 4013 τῶν
1440 3953 1822 4034 λαμϐάνόντων
1904 3956 2012 4012 ἀπὸ

352 4041 646 4110 ἐκκλησίας
693 4042 859 4124 κηρὸν
895 4043 932 4113 ἢ
966 4043 1175 4109 ἔλαιον,

840 4132 1188 4192 Ἀποστόλων
1218 4136 1396 4192 κανὼν
1425 4135 1489 4212 οβ
1502 4126 1535 4197 ’.

443 4221 532 4299 οβ’
545 4262 560 4281 .
598 4220 665 4280 E’t’
693 4233 774 4289 τις
834 4222 1093 4299 κληρικὸς
1125 4224 1161 4293 ἢ
1194 4223 1416 4299 λα’ίκὸς,
1444 4224 1550 4283 ἀπὸ
1600 4229 1699 4295 τῆς
1731 4225 1883 4305 ἁγίας
1918 4225 2015 4282 ἔκ-

359 4309 592 4379 κλησίας
645 4311 909 4392 ἀφέληται
968 4315 1136 4392 κηρὸν
1187 4314 1224 4383 ἢ
1269 4313 1472 4388 ἔλαιον,
1518 4315 1875 4395 ἀφοριζέσθω,
1931 4314 2018 4373 καὶ

361 4402 426 4459 τὸ
459 4401 796 4480 ἐπίπεμπτον
829 4402 1161 4481 προστιθέτω
1192 4401 1310 4479 μεθ’
1342 4402 1402 4460 οὗ
1446 4402 1656 4464 ἔλαϐεν.

716 4489 945 4549 Συνόδου
976 4497 1233 4571 Γαγγρῶν
1258 4493 1433 4549 κανὼν
1464 4492 1542 4568 ζ’,
1575 4493 1664 4562 η’.

2088 3345 2149 3401 et
2199 3335 2348 3398 locis
2379 3344 2483 3397 aut
2542 3335 2615 3398 ad
2652 3333 3146 3415 metropolitanos
3195 3333 3359 3412 quia
3407 3330 3746 3411 patriarcha

2088 3423 2572 3500 ordinantur,aut
2602 3424 2674 3485 ad
2708 3423 3024 3505 episcopos
3050 3420 3153 3501 qui
3182 3420 3257 3483 ab
3288 3420 3453 3482 hisce
3483 3421 3740 3499 [metro-

2086 3514 2418 3598 politanis]
2449 3523 2754 3588 creantur,
2794 3508 3235 3594 pertinentibus
3268 3509 3566 3598 obtinere.
3590 3510 3748 3598 Lege

2090 3595 2221 3686 quae
2249 3595 2530 3666 annotata
2560 3610 2699 3664 sunt
2730 3602 2790 3664 in
2826 3620 2957 3682 cap.
2996 3604 3054 3673 t,
3091 3599 3186 3660 tit.
3217 3600 3280 3673 2,
3310 3596 3489 3677 hujus
3519 3595 3744 3686 operis,

2091 3685 2168 3757 de
2217 3692 2644 3767 oblationibus,
2681 3700 2743 3755 et
2799 3695 2874 3753 iis
2906 3708 3037 3772 quae
3091 3688 3390 3750 donantur
3419 3692 3524 3749 aut
3570 3685 3749 3749 relin-

2099 3790 2364 3865 quuntur
2396 3781 2838 3847 venerabilibus
2867 3778 3169 3843 domibus.

2176 3876 2311 3936 172
2345 3873 2514 3938 CAP.
2578 3872 2655 3936 II.
2713 3906 2788 3919 —
2824 3872 3125 3947 Quasnam
3156 3872 3426 3948 oporteat
3462 3868 3745 3948 accipere

2096 3963 2190 4028 vel
2238 3964 2388 4027 dare
2418 3966 2727 4044 fructuum
2771 3961 3122 4040 oblationes,
3156 3965 3214 4021 et
3256 3956 3331 4021 de
3375 3957 3753 4023 sumentibus

2097 4071 2172 4119 ea:
2202 4055 2457 4118 ecclesia
2488 4066 2692 4118 ceram
2724 4059 2834 4117 aut
2864 4052 3108 4116 oleum.

2530 4146 2962 4227 Apostolorum
2996 4158 3198 4205 canon
3223 4139 3326 4204 79.

2185 4234 2260 4297 '1?
2314 4235 2459 4316 ['ll].
2502 4233 2563 4299 Si
2621 4234 2755 4317 quis
2797 4233 3077 4313 clericus,
3114 4231 3202 4293 vel
3254 4229 3440 4292 laicus
3468 4247 3504 4290 a
3555 4236 3761 4290 sancta

2102 4324 2362 4387 ecclesia
2394 4343 2595 4388 ceram
2629 4333 2729 4387 aut
2784 4324 2980 4385 oleum
3015 4321 3266 4396 auferat,
3296 4326 3670 4399 segregatur,
3704 4326 3762 4380 et

2103 4412 2240 4492 ejus
2273 4411 2432 4492 quod
2465 4412 2717 4491 diripuit
2748 4410 3127 4493 quintuplum
3162 4408 3398 4472 reddat.
3558 4428 3563 4433 ’

2354 4502 2624 4564 Consilii
2655 4500 3039 4578 Gangrensis
3066 4516 3330 4561 canones
3365 4499 3426 4569 Ἰ,
3458 4497 3519 4560 8.

486 4569 499 4590 ⁸
638 4577 664 4602 Ἰ
1073 4569 1077 4570 7
1107 4569 1137 4571 Π
1722 4584 1737 4602 \
1849 4586 1862 4606 ι

447 4586 546 4682 CL
595 4588 659 4638 Ει
727 4603 844 4682 τις⁵
873 4583 1269 4682 ,καρποφρρίαςᾲ
1329 4581 1779 4682 ἐκκλησιαστικσς
1814 4583 2006 4682 ιεθέλοι

2182 4591 2245 4653 7.
2303 4589 2531 4682 Siquis
2584 4590 2708 4652 vult
2738 4569 2970 4682 fructus
3018 4588 3293 4682 ecclesiae
3323 4586 3758 4682 oblatos_acci-

367 4666 688 4747 λαμϐάνειν,
721 4670 757 4739 ἢ
816 4668 1013 4728 διδόναι
1070 4670 1172 4737 ἔξω
1214 4677 1316 4739 τῆς
1364 4670 1655 4740 ἐκκλησίας
1698 4674 1841 4751 παρὰ
1871 4674 2016 4752 γνώ-

365 4782 479 4837 μην
561 4766 656 4818 τοῦ
740 4760 1064 4835 ὲπισκόπου,
1128 4761 1164 4831 ἢ
1233 4766 1325 4820 τοῦ
1391 4761 1869 4842 ἐγκεχειρισμένῳ
1952 4763 2018 4819 τὰ

363 4847 612 4924 τοιαῦτα,
669 4849 757 4906 καὶ
815 4850 894 4925 μὴ
949 4851 1086 4925 μετὰ
1141 4853 1366 4930 γνώμης
1416 4850 1575 4907 αὑτοῦ
1617 4849 1787 4908 ἐθέλοι
1845 4852 2016 4932 πράτ-

362 4958 499 5009 τειν,
529 4939 771 5014 ἀνάθεμα
801 4938 963 4999 ἔστω.

444 5027 505 5095 η’
516 5066 534 5086 .
600 5027 669 5086 Εἴ
711 5049 798 5092 τις
853 5026 993 5086 διδοῖ
1046 5027 1082 5097 ἢ
1132 5025 1395 5103 λαμϐάνει
1449 5031 1809 5112 καρποφορίαν
1876 5054 2018 5112 παρ-

364 5118 521 5181 εκτὸς
571 5127 666 5177 τοῦ
696 5115 1020 5193 ὲπισκόποδ,
1060 5118 1091 5186 ἢ
1136 5124 1232 5175 τοῦ
1287 5117 1704 5197 έπιτεταγμένου
1735 5122 1809 5184 εἰς
1868 5123 2020 5179 οἰκο-

363 5206 557 5283 νομίαν
602 5207 866 5287 εὐποιίας,
900 5207 989 5264 καὶ
1043 5209 1070 5263 ὁ
1122 5205 1289 5273 διδοὺς
1335 5209 1429 5264 καῖ
1481 5211 1509 5266 ὁ
1557 5208 1847 5287 Λαμϐάνων
1884 5212 2017 5270 ἀνά-

362 5299 502 5372 θεμα
533 5294 693 5360 ἔστω.

556 5383 817 5467 Θεοφίλου
860 5385 921 5442 ἐκ
945 5391 1038 5442 τοῦ
1081 5375 1517 5460 ’Υπομνηστικοῦ
1574 5391 1751 5448 κανὼν
1781 5382 1852 5464 ζ’,

448 5474 526 5545 ζ’.
583 5478 660 5533 Τὰ
716 5473 1129 5557 προσφερόμενα
1183 5476 1259 5539 εἷς
1318 5475 1480 5556 λόγον
1536 5483 1739 5555 θυσίας,
1773 5483 1911 5557 μετὰ
1953 5483 2019 5540 τὰ

368 5563 767 5641 ἀναλισκόμενα
839 5586 911 5632 εις
976 5565 1074 5632 τὴν
1139 5569 1246 5620 τῶν
1313 5570 1619 5648 μυστηρίων
1688 5572 1899 5651 χρείαν,
1970 5577 2016 5629 οἱ

367 5653 617 5744 κληρικοὶ
652 5653 1109 5743 διανεμέσθωσαν
1166 5657 1256 5713 καὶ
1306 5658 1444 5744 μήτε
1490 5661 1898 5743 κατηχούμενος
1954 5662 2016 5727 ἐκ

2104 4697 2271 4760 pere,
2304 4678 2396 4741 vel
2446 4680 2589 4742 dare
2621 4688 2788 4742 extra
2832 4676 3191 4749 Ecclesiam,
3228 4683 3443 4755 praeter
3491 4674 3759 4754 episcopi

2100 4768 2485 4845 sententiam,
2519 4768 2615 4831 vel
2667 4769 2801 4848 ejus
2835 4767 2930 4828 cui
2964 4783 3107 4827 cura
3162 4781 3369 4825 eorum
3402 4761 3618 4823 tradita
3670 4769 3761 4822 est

2103 4868 2162 4921 et
2193 4878 2313 4922 non
2344 4878 2479 4922 cum
2515 4860 2644 4938 ejus
2676 4857 2977 4921 sententia
3007 4874 3078 4918 ea
3106 4853 3247 4916 velit
3277 4869 3482 4932 agere,
3509 4853 3587 4913 sit
3614 4867 3757 4912 ana-

2105 4948 2331 5013 thema.

2182 5037 2243 5102 8.
2278 5036 2341 5099 Si
2371 5036 2505 5118 quis
2537 5036 2660 5109 dat,
2697 5035 2788 5097 vel
2818 5033 3037 5114 accipit
3083 5033 3309 5095 fructus
3338 5030 3567 5093 oblatos
3599 5046 3758 5111 pra;-

2105 5134 2198 5187 ter
2250 5125 2626 5207 episcopum,
2661 5124 2752 5185 vel
2799 5142 2932 5185 eum
2982 5123 3085 5205 qui
3136 5129 3227 5183 est
3276 5120 3637 5183 constitutus
3681 5119 3755 5182 ad

2104 5212 2525 5277 beneﬁcentiae
2566 5213 3098 5295 dispensationem,
3133 5219 3191 5275 et
3240 5210 3343 5293 qui
3393 5211 3514 5288 dat,
3549 5217 3607 5273 et
3650 5208 3757 5287 qui

2104 5305 2347 5386 accipit,
2382 5305 2458 5366 sit
2488 5304 2829 5366 anathema.

2305 5390 2624 5472 Theophili
2654 5409 2731 5453 ea:
2759 5391 3220 5454 commonitorio
3249 5407 3448 5454 canon
3488 5390 3550 5453 7.

2184 5485 2243 5542 7.
2270 5480 2412 5555 Quae
2434 5484 2493 5545 in
2521 5479 2801 5544 sacrificii
2824 5480 3114 5542 rationem
3139 5479 3497 5554 oﬂ‘eruntur,
3526 5484 3657 5558 post
3685 5495 3756 5539 ea

2104 5590 2236 5655 quae
2267 5574 2325 5634 in
2361 5575 2784 5653 mysteriorum
2818 5588 2993 5631 usum
3055 5576 3513 5643 consumuntur,
3551 5566 3751 5655 clerici

2099 5654 2386 5743 dividant,
2422 5672 2485 5727 et
2504 5680 2620 5726 nec
2651 5661 3122 5727 catechumeuus
3153 5658 3327 5723 exiis
3356 5655 3635 5723 comedat
3661 5654 3749 5727 vel
