4148 6198
293 265 414 335 637

1151 272 1564 337 SYNTAGMA
1609 265 2004 334 CANONUM.
2062 304 2131 315 ——
2197 271 2347 335 TlT.
2410 275 2516 354 VI,
2562 275 2726 338 CAP.
2774 273 2823 339 I.

3568 274 3684 342 638

383 407 494 482 νβ’.
528 407 655 464 ’Ὁτι
687 408 748 464 οὖ
779 404 864 464 δεῖ
922 405 976 464 ἐν
1025 408 1090 486 τῇ
1150 404 1554 488 τεσσαρακοστῇ
1612 405 1818 487 γάμους
1864 406 1954 462 καὶ

2119 407 2218 471 52.
2255 409 2424 482 Quod
2463 430 2579 473 non
2613 419 2849 492 oportet
2879 412 2938 475 in
2964 411 3420 495 quadragesima
3451 417 3683 498 nuptias

302 496 549 574 γενέθλια
578 497 874 558 ἐπιτελεῖν.

379 586 611 647 Συνόδου
638 591 1020 666 οἷκουμενικῆς
1053 587 1217 656 ἕκτης
1266 590 1442 647 κανὼν
1473 587 1579 663 κθ’,
1627 585 1735 666 νβ’,
1768 591 1866 664 ’δέν

989 669 1122 745 νς’,
1151 669 1238 727 πῖθ’
1250 716 1265 732 .

378 756 486 821 κθ’,
545 759 609 817 Ὀ
665 765 774 816 τῶν
861 760 916 816 ἐν
978 760 1320 839 Καρθαγὲννῃ
1391 759 1686 839 διαγορεύει
1745 758 1946 833 κανὼν,

293 848 440 906 ὥστε
474 848 602 925 ὂίγια
637 851 1037 932 θυσιαστηρίοιλ,
1072 852 1114 906 εί
1147 851 1224 926 μὴ
1257 851 1359 907 ὑπὸ
1417 857 1687 917 νηστικῶν
1739 848 1947 926 ἀνθρώ-

291 959 418 995 πων
478 939 555 1013 μὴ
648 939 1047 1013 ἐπιτελεῖσθαι,
1111 939 1448 1019 ἐξῃρημένης
1521 946 1648 1015 μιᾶς
1729 938 1947 1005 ἐτησίας

295 1027 534 1107 ἡμέρας,
583 1027 642 1084 ἐν
673 1032 710 1106 ᾗ
744 1031 806 1086 τὸ
840 1031 1104 1109 Κυριακὸν
1135 1027 1354 1086 δεῖπνον
1383 1027 1716 1086 ἐπιτελεῖται
1753 1048 1767 1064 ο
1809 1027 1947 1090 ἴσως

289 1125 600 1185 τηνικαῦτα
631 1118 716 1176 διά
745 1141 892 1186 τινας
935 1121 1070 1178 κατὰ
1101 1122 1224 1182 τοὺς
1278 1120 1476 1186 τόπους
1529 1120 1825 1199 προφάσεις
1881 1119 1949 1194 τῇ

295 1207 605 1282 Ἐκκλησία
637 1208 974 1290 λυσιτελεῖς,
1006 1216 1111 1267 τῶν
1146 1211 1299 1267 θείων
1348 1209 1560 1266 ἐκείνων
1610 1210 1856 1287 Πατέρων
1885 1207 1952 1274 τῆ

292 1300 439 1375 αὖτῇ
488 1300 860 1379 χρησαμένων
947 1301 1223 1376 οἰκονομίᾳ
1254 1315 1268 1331 '
1357 1298 1581 1376 μηδενὸς
1661 1299 1752 1357 οὖν
1807 1301 1952 1373 ἡμᾶς

289 1389 587 1466 ἐνάγοντος
641 1389 968 1447 καταλιπεῖν
1015 1391 1114 1458 τὴν
1157 1388 1430 1467 ἀκρίϐειαν
1495 1390 1759 1468 ὁρίζομεν,
1805 1389 1948 1444 ἀπο-

285 1477 583 1544 στολικαϊς
613 1480 705 1536 καὶ
739 1485 1037 1560 Πατρικαῖς
1073 1479 1330 1555 ἑπόμενοι
1363 1478 1805 1558 παραδόσεσι,μῆ
1835 1476 1948 1535 δεῖν

291 1569 356 1626 ἐν
450 1574 518 1645 τῇ
602 1575 1009 1648 τεσσαρακοστῇ
1095 1575 1164 1646 τῇ
1251 1568 1442 1648 ὑστέρᾳ
1525 1566 1776 1644 ἑϐδομάδι
1851 1569 1950 1634 τὴν

292 1659 558 1734 πὲμπτην
617 1655 783 1734 λύειν,
833 1659 924 1716 καὶ
995 1658 1132 1726 ὅλην
1176 1661 1275 1728 τὴν
1335 1658 1768 1738 τεσσαρακοστὴν
1827 1657 1950 1714 ἀτι-

292 1749 487 1820 μάζειν
498 1797 512 1812 ,

389 1834 500 1914 νβ’.
529 1836 620 1895 Ἐν
653 1838 854 1901 πάσαις
885 1848 1010 1901 ταῖς
1046 1843 1146 1905 τῆς
1178 1838 1335 1917 ἆγίας
1383 1836 1816 1918 τεσσαρακοστῆς
1847 1841 1951 1895 τῶν

298 1927 565 1995 νηστειῶν
599 1927 854 2006 ἡμέραις,
919 1929 1182 2007 παρεκτὸς
1239 1925 1542 2002 Σαϐϐάτοδ,
1594 1926 1691 1983 καῖ
1751 1937 1950 2004 Κυρια-

296 2023 431 2092 κῆς,
519 2019 610 2074 καὶ
683 2022 784 2085 τῆς
857 2016 1012 2096 ἆγίας
1102 2020 1193 2074 τοῦ
1254 2017 1662 2096 Εὒαγγελισμοῦ
1717 2016 1948 2095 ἡμέρας,

301 2107 532 2187 γινέσθω
624 2109 660 2177 ἡ
757 2114 863 2164 τῶν
963 2107 1413 2188 προηγιασμένων
1499 2108 1612 2187 ἱερᾶ
1703 2107 1950 2187 λειτουρ-

297 2198 392 2277 γία
402 2247 416 2261 ,

391 2286 492 2349 νε’.
543 2285 767 2356 Ἐπειδῆ
819 2289 1211 2364 μεμαθήκαμεν
1261 2287 1384 2351 τοὺς
1442 2287 1496 2344 ἐν
1559 2294 1628 2364 τῇ
1675 2279 1952 2362 Ῥωμαίων

303 2376 490 2452 πόλει,
551 2375 606 2432 ἒν
661 2390 786 2441 ταῖς
833 2377 1006 2454 ἁγίαις
1065 2382 1165 2444 τῆς
1221 2379 1659 2454 τεσσαρακοστῆς
1699 2375 1950 2455 ἡμέραις,

301 2479 429 2532 τοῖς
485 2469 681 2535 ταύτης
728 2463 965 2523 Σάϐϐασι
1013 2467 1313 2546 νηστεύειν,
1358 2468 1502 2545 παρὰ.
1559 2467 1659 2533 τὴν
1703 2464 1946 2545 παραδο-

294 2563 488 2616 θεῖσαν
548 2559 1007 2627 ἒκκλησιαστικὴν
1093 2558 1430 2630 ἀκολουθίαν,
1507 2555 1649 2624 ἔδοξε
1701 2564 1768 2634 τῇ
1823 2557 1950 2634 ἆγίᾳ

295 2647 524 2722 συνόδῳ,
557 2648 694 2704 ὥστε
726 2663 948 2728 κρατεῖν
984 2648 1071 2705 καὶ
1104 2648 1191 2705 ἐπὶ
1239 2654 1305 2725 τῇ
1365 2639 1641 2723 Ῥωμαίων
1701 2647 1947 2714 Ἐκκλη-

301 2739 414 2813 σίᾳ,
477 2738 934 2816 ἆπαρασαλεύτως
979 2740 1070 2795 τὸν
1127 2740 1328 2796 κανόνα
1357 2739 1448 2795 τὸν
1480 2738 1730 2817 λέγονταο
1772 2739 1836 2795 Εἴ
1868 2760 1949 2803 τις

295 2829 562 2904 κληρικὸς
607 2831 818 2907 εὑρεθῇ,
873 2835 941 2906 τῇ
985 2829 1109 2906 ἆγίᾳ
1158 2835 1404 2907 Κυριακῇ
1465 2829 1761 2902 νηστεύων,
1799 2827 1834 2896 ἢ
1889 2830 1950 2884 τὸ

299 2919 604 2996 Σάϐϐατον,
643 2921 783 2988 πλὴν
816 2927 906 2977 τοῦ
939 2922 1053 2984 ἐνὸς
1090 2923 1175 2977 καὶ
1228 2921 1418 2997 μόνου,
1469 2921 1818 3000 καθαιρείσθω
1851 2935 1864 2949 ·
1907 2921 1951 2976 εἰ

302 3009 360 3067 δὲ
394 3010 614 3090 λα’ίκός,
649 3011 1002 3091 ἂφοριζέσθω.

388 3102 522 3174 vg".
584 3093 858 3166 Ὠσαύτως
942 3102 1330 3178 μεμαθήκαμεν
1421 3101 1474 3156 ἐν
1531 3104 1598 3177 τῇ
1655 3101 1948 3179 Ἀρμενίων

305 3191 464 3270 χώρα
495 3192 580 3248 καὶ
612 3191 668 3247 ἐν
715 3191 917 3264 ἑτέροις
962 3193 1172 3265 τόποις,
1235 3194 1289 3249 ἓν
1341 3203 1461 3254 τοῖς
1508 3189 1745 3247 Σάϐϐασι
1778 3191 1864 3246 καὶ
1896 3190 1950 3244 ἐν

305 3293 434 3344 ταῖς
493 3282 789 3358 Κυριακαῖς
835 3283 932 3347 τῆς
992 3282 1147 3358 ἇγίας
1207 3285 1643 3358 τεσσαρακοστῆς
1701 3282 1807 3335 τῶν
1845 3302 1949 3345 νη-

307 3377 502 3427 στειῶν
529 3373 778 3450 ἡμέραις,
826 3373 907 3428 ὠὰ
957 3369 1052 3426 καί
1096 3370 1247 3448 τυρόν
1305 3371 1495 3427 ἐσθίειν
1548 3370 1714 3434 τινάς,
1762 3366 1949 3435 ’Ἔδοξε

304 3460 483 3518 τοίνυν
515 3462 604 3517 καὶ
663 3462 845 3534 τοῦτο,
902 3462 1041 3518 ὥστε
1099 3461 1199 3529 τὴν
1259 3460 1394 3516 κατὰ
1441 3467 1616 3517 πᾶσαν
1646 3460 1743 3526 τὴν
1779 3460 1951 3515 οἰκου-

304 3550 480 3628 μένην
531 3559 622 3607 τοῦ
684 3559 816 3610 Θεοῦ
895 3550 1223 3618 Ἐκκλησίαν
1311 3557 1407 3626 μιᾷ
1460 3549 1950 3607 καττκολουθοῦσαν

297 3638 471 3714 τάξει,
539 3639 639 3708 τήν
695 3642 938 3708 νηστείαν
993 3639 1293 3720 ἐπιτελεῖν,
1324 3641 1411 3696 γαὶ
1442 3639 1578 3718 dmi)
1595 3642 1739 3695 εσθαι
1770 3638 1950 3715 ὥσπερ

303 3733 462 3787 θυτοῦ
515 3730 795 3809 παντοίου,
856 3728 996 3786 οὕτω
1067 3729 1133 3797 δὴ
1192 3730 1280 3787 καὶ
1338 3729 1444 3786 ὠοῦ
1502 3730 1589 3785 καὶ
1677 3737 1854 3803 τυροῦ,
1919 3729 1952 3784 ἃ

301 3819 512 3898 καρπός
545 3821 644 3876 εἰσι
676 3821 768 3876 καὶ
810 3821 1122 3899 γεννήματα
1166 3820 1241 3876 ὧν
1300 3817 1638 3900 ἀπεχόμεθα.
1679 3819 1734 3875 Ei
1777 3817 1830 3874 δὲ
1871 3819 1948 3893 μὴ

304 3913 468 3965 τοῦτο
527 3908 1008 3989 παραφυλάττοιεν,
1047 3910 1090 3965 εἱ
1151 3909 1250 3984 μὲν
1301 3909 1552 3985 κληρικοὶ
1583 3908 1722 3984 εἶεν,
1755 3911 1949 3964 καθαι-

298 3996 590 4075 ρείσθωσαν
625 4019 640 4036 ο
676 4001 720 4054 εί
747 3997 802 4054 δὲ
835 3998 1053 4074 λα’ίκοί,
1091 3997 1544 4079 ἀφοριζὲσθωααν,

384 4087 499 4150 πθ’.
551 4088 652 4151 Τὰς
684 4096 776 4148 τοῦ
807 4089 1072 4166 σωτηρίου
1120 4089 1315 4153 πάθους
1358 4087 1587 4163 ἡμέρας,
1634 4086 1686 4142 ἒν
1731 4088 1950 4161 νηστείᾳ

298 4177 395 4233 καὶ
453 4183 732 4257 προσευχῇ
791 4180 878 4234 καὶ
936 4177 1215 4243 κατανύξει
1280 4176 1496 4255 καρδίας
1549 4176 1946 4254 ἐπιτελοῦντας,

300 4269 418 4346 χρὴ
473 4268 593 4329 τοὺς
658 4270 878 4333 πιστοὺς
939 4271 1058 4347 περὶ
1127 4268 1299 4343 μέσης
1348 4267 1444 4334 τῆς
1501 4267 1636 4341 μετὰ
1691 4269 1751 4323 τὸ
1810 4270 1952 4345 μέγα

298 4353 581 4412 Σάϐϐατον
626 4358 810 4422 νυκτὸς
872 4357 1041 4435 ὥρας,
1095 4357 1576 4427 ἀπονηστίζεσθαι’
1637 4357 1742 4411 τῶν
1799 4357 1952 4412 θείων

300 4445 698 4523 εὖαγγελιστῶν
731 4449 999 4505 Ματθαίου
1043 4449 1130 4504 καὶ
1188 4453 1402 4516 Λουκᾶ,
1425 4453 1516 4502 τοῦ
1566 4445 1662 4522 μὲν
1718 4443 1802 4501 διὰ
1859 4452 1952 4503 τοῦ

297 4535 404 4610 dot
441 4532 757 4611 Σαϐϐάτων,
789 4538 1194 4616 προσρήματος,
1228 4545 1322 4594 τοῦ
1369 4532 1424 4589 δὲ
1470 4531 1554 4589 διὰ
1599 4532 1714 4606 τοῦ,
1766 4509 2018 4611 ὄρθρουο

295 4623 515 4700 βαθέος,
589 4625 690 4694 τῆν
749 4625 1054 4704 βραδυτῆτα
1097 4625 1193 4694 τῆς
1261 4624 1445 4686 νυκτὸς
1513 4622 1652 4698 ἡμῖν
1707 4623 1947 4702 ὑπογρά-

293 4735 488 4794 φοντος
502 4760 516 4774 ,

383 4803 584 4882 Πέτρου
616 4804 677 4861 ἐκ
707 4811 801 4862 τοῦ
833 4804 995 4884 λόγου
1026 4812 1118 4862 τοῦ
1149 4805 1222 4867 εἷς
1255 4803 1314 4860 τὸ
1348 4803 1537 4881 πάσχα
1568 4801 1744 4858 κανὼν
1772 4801 1859 4864 ιε’,

381 4889 472 4955 ιε’.
534 4896 641 4952 Οὔκ
699 4893 983 4972 ἐγκαλέσει
1028 4917 1109 4958 τις
1165 4895 1302 4968 ἡμῖν
1334 4891 1830 4970 παρατηρουμὲνοις
1862 4915 1943 4949 τε·

290 4980 460 5060 τράδα
518 4986 606 5040 καὶ
664 4987 1010 5063 παρασκευήν
1046 5004 1060 5021 ·
1124 4983 1178 5039 ὲν
1225 4982 1318 5046 αἷς
1362 4983 1451 5037 καὶ
1502 4983 1777 5048 νηστεύειν
1808 4984 1947 5058 ἡμῖν

293 5073 435 5129 κατὰ
495 5071 813 5152 παράδοσιν,
875 5074 1107 5152 εύλόγως
1164 5071 1552 5150 προστέτακται
1589 5088 1603 5103 ⁸
1680 5071 1780 5138 τὴν
1849 5074 1944 5148 μὲν

292 5160 540 5239 τετράδι,
606 5161 692 5218 διὰ
751 5164 811 5220 τὸ
845 5164 1135 5241 γενόμενον
1169 5159 1488 5238 συμϐούλιον
1534 5160 1636 5216 ὑπὸ
1677 5159 1949 5219 Ἰουδαίων

295 5248 384 5305 ἐπὶ
441 5257 509 5328 τῇ
568 5250 821 5329 προδοσίᾴ
884 5259 976 5310 τοῦ
1036 5252 1219 5330 Κυρίου
1255 5264 1271 5280 ⁸
1336 5248 1430 5316 τὴν
1493 5246 1548 5304 δὲ
1607 5255 1948 5326 παρασκευὴν

295 5336 383 5394 διὰ
439 5341 502 5396 τὸ
556 5342 872 5400 πεπονθέναι
919 5343 1078 5399 αὒτὺν
1135 5340 1265 5418 ὑπὲρ
1309 5339 1466 5413 ἡμῶν
1497 5353 1510 5367 ⁸
1571 5337 1670 5405 τὴν
1703 5339 1801 5420 γὰρ
1838 5353 1947 5401 Κυ-

376 5541 747 5632 ξῇϐατιξιρε.
802 5563 889 5618 ur,
922 5564 1056 5632 cap.
1087 5544 1189 5609 29.
1245 5543 1394 5608 Vide
1425 5561 1559 5609 can.
1606 5543 1705 5623 50,
1736 5549 1944 5632 synod.
1992 5549 2402 5618 Laodicensis,

293 5620 356 5676 6'
381 5621 560 5697 Dion.
599 5620 764 5696 Ale'x.
800 5620 1078 5710 canon'i,

2035 498 2122 560 vel
2160 499 2425 561 natalitia
2463 501 2794 566 celebrare.

2130 587 2390 652 Concilii
2419 593 3188 734 mcumenicg’ﬁvréganones
3215 595 3315 674 29,
3346 597 3448 672 5‘2,
3479 596 3579 672 55,

2829 722 2842 748 ,
2877 722 2975 736 νυ.

2112 760 2214 822 99.
2266 760 2754 840 Carthaginensis
2798 763 3009 843 synodi
3057 783 3248 826 canon
3295 765 3440 827 dicit
3482 767 3568 847 59,
3618 775 3680 830 ut

2032 860 2242 911 sancta
2277 850 2484 911 altaris
2517 851 2754 912 nonnisi
2791 870 2823 912 a
2876 852 3095 914 sobriis
3125 855 3474 917 hominibus
3499 875 3679 938 pera-

2029 946 2268 1018 gantur,
2302 948 2550 1019 excepto
2583 960 2702 1001 uno
2756 941 2854 1003 die
2911 942 2970 1002 in
3033 963 3212 1024 anno,
3267 945 3326 1005 in
3359 965 3476 1026 quo
3510 966 3678 1010 caana

2032 1028 2265 1119 Domini
2316 1029 2644 1108 peragitur;
2697 1038 2835 1092 tunc
2890 1033 3141 1095 fortasse
3171 1044 3420 1115 propter
3450 1037 3680 1119 aliquas

2037 1118 2098 1180 in
2153 1118 2229 1179 iis
2283 1119 2432 1180 locis
2483 1121 2832 1182 occasiones
2890 1122 3174 1185 Ecclesnaa
3223 1126 3424 1200 utiles,
3459 1118 3679 1190 sanctis

2039 1209 2159 1270 illis
2190 1207 2462 1270 Patribus
2497 1209 2606 1270 hac
2649 1210 3096 1290 dispensatione
3147 1216 3295 1276 usis.
3343 1218 3490 1279 Cum
3527 1219 3675 1281 nihil

2038 1316 2180 1376 ergo
2230 1317 2340 1359 nos
2399 1297 2662 1374 inducat,
2719 1310 2782 1360 ut
2827 1313 3163 1365 accuratam
3200 1307 3677 1371 observationem

2037 1389 2473 1469 relinquamus,
2518 1389 2841 1452 statuimus
2887 1394 3246 1472 apostolicas
3298 1414 3367 1458 ac
3399 1405 3678 1478 paternas

2035 1478 2392 1570 traditiones
2451 1487 2797 1560 sequentes,
2833 1501 2952 1543 non
3007 1493 3289 1564 oportere
3322 1487 3381 1548 in
3411 1491 3675 1570 quadra-

2031 1568 2283 1648 gesimae
2313 1577 2619 1648 postrema
2668 1572 3005 1652 septimana
3058 1572 3266 1654 quinta
3307 1568 3459 1640 feria
3509 1580 3673 1658 jeju-

2035 1659 2199 1719 nium
2232 1658 2487 1733 solvere,
2551 1666 2613 1721 et
2668 1667 2848 1722 totam
2911 1662 3424 1742 quadragesimam
3459 1668 3677 1749 injuria

1972 1775 2014 1826 Β
2035 1748 2298 1812 adicere.

2118 1839 2219 1928 52.
2253 1840 2318 1901 In
2353 1837 2634 1901 omnibus
2662 1839 2725 1892 60
2755 1849 2978 1904 sanctae
3019 1844 3490 1925 quadragesimae
3507 1847 3674 1928 jeju-

2037 1927 2118 1988 nii
2153 1927 2391 2004 diebus,
2430 1939 2826 2011 praeterquam
2860 1930 3140 2009 Sabbato,
3191 1943 3249 1995 et
3278 1934 3588 1999 Dominica
3617 1947 3676 1998 et

2033 2027 2254 2109 sancto
2282 2017 2415 2078 I75
2443 2020 2937 2082 Annuntiationis
2968 2021 3090 2098 die,
3127 2022 3226 2085 ﬂat
3249 2042 3485 2087 sacrum
3520 2045 3673 2109 prte-

2034 2108 2543 2170 sanctiﬁcatorum
2577 2109 3005 2174 ministerium.

2115 2289 2216 2355 55.
2255 2289 2545 2362 Quoniam
2580 2288 3068 2353 intelleximusin
3097 2292 3501 2357 Romanorum
3538 2295 3678 2358 civi-

2033 2386 2154 2441 tate
2183 2379 2244 2440 in
2271 2378 2493 2441 sanctis
2519 2379 3360 2463 quadragesimmjejuniisﬁn
3384 2385 3514 2465 ejus
3537 2385 3680 2449 Sab-
3749 2373 3753 2382 λ

2035 2467 2191 2530 batis
2239 2470 2522 2550 jejunare
2573 2478 2792 2549 praeter
2849 2472 3322 2536 ecclesiasticam
3384 2477 3671 2538 traditam

2034 2558 2772 2631 observationem,sanctaa
2793 2563 3019 2641 synodo
3046 2562 3229 2623 visum
3264 2572 3446 2639 est,ut
3469 2565 3529 2625 in
3554 2565 3676 2628 Ro-

2037 2666 2345 2710 manorum
2377 2666 2622 2726 quoque
2672 2649 2940 2711 Ecclesia
2990 2652 3351 2715 inconcusse
3382 2654 3538 2717 vires
3565 2655 3678 2716 ha-

2035 2737 2173 2799 beat
2207 2756 2397 2800 canon
2431 2736 2485 2786 ϐί
2521 2739 2623 2818 qui
2656 2739 2803 2800 dicit
2835 2758 2849 2802 :
2886 2741 2950 2803 Si
2981 2742 3116 2821 quis
3151 2743 3410 2804 clericus
3464 2747 3676 2806 inven-

2039 2837 2131 2889 tus
2159 2828 2337 2890 fuerit
2368 2828 2431 2888 in
2465 2836 2672 2890 sancto
2708 2829 2803 2890 die
2837 2829 3153 2892 Dominico
3182 2832 3272 2893 vel
3313 2832 3568 2896 Sabbato
3588 2836 3679 2914 je-

2026 2918 2271 2997 junare,
2308 2926 2525 2999 praeter
2575 2938 2756 2980 unum
2810 2930 2871 2981 et
2921 2921 3138 2996 solum,
3173 2921 3506 3003 deponatur
3537 2945 3550 2984 :
3583 2925 3674 2986 sin

2036 3017 2238 3070 autem
2271 3008 2485 3081 laicus,
2511 3016 2882 3088 segregetur.

2115 3098 2214 3162 56.
2249 3098 2542 3160 Similiter
2569 3101 2914 3179 accepimus
2937 3109 2997 3162 et
3027 3103 3086 3162 in
3123 3103 3542 3165 Armeniorum
3574 3122 3675 3165 re-

2036 3189 2234 3269 gione,
2265 3197 2321 3250 et
2351 3191 2409 3251 iu
2443 3191 2576 3252 aliis
2612 3192 2782 3266 locis,
2821 3192 2880 3252 in
2926 3192 3202 3254 Sabbatis
3250 3203 3308 3256 et
3345 3195 3675 3255 Dominicis

2037 3287 2260 3340 sanctae
2283 3280 2758 3360 quadragesimae
2791 3281 3081 3362 quosdam
3105 3300 3210 3344 ova
3233 3294 3290 3344 et
3311 3303 3548 3346 caseum
3569 3303 3679 3346 co-

2039 3367 2517 3431 medere.Visum
2552 3379 2640 3431 est
2671 3389 2812 3448 ergo
2848 3377 2907 3432 et
2937 3371 3074 3446 hoc,
3113 3382 3176 3432 ut
3213 3377 3406 3435 omnis
3430 3374 3535 3436 Dei
3570 3374 3680 3434 Ec-

2036 3457 2242 3532 clesia,
2271 3477 2402 3539 qua:
2432 3468 2521 3520 est
2553 3461 2611 3520 in
2644 3462 2922 3521 universo
2966 3470 3256 3522 terrarum
3292 3463 3460 3544 orbe,
3493 3482 3675 3523 unum

2035 3546 2310 3608 ordinem
2341 3565 2621 3627 sequens,
2655 3550 2951 3628 jejunium
2989 3551 3352 3627 perﬁciat,et
3382 3551 3678 3613 abstineat

2035 3637 2188 3698 sicut
2212 3636 2285 3697 ab
2321 3638 2479 3698 omni
2513 3637 2936 3711 mactabili,sic
2969 3639 3041 3700 ab
3074 3639 3198 3700 ovis
3231 3649 3290 3702 et
3320 3659 3516 3714 caseo,
3545 3659 3679 3716 qua;

2034 3725 2277 3806 quidem
2311 3733 2449 3786 sunt
2480 3726 2712 3788 fructus
2742 3737 2800 3789 et
2823 3727 2978 3790 fetus
3029 3746 3236 3790 eorum
3268 3748 3300 3790 a
3333 3728 3546 3811 quibus
3567 3731 3678 3790 ab-

2034 3815 2351 3879 stinemus.
2389 3815 2451 3878 Si
2503 3827 2699 3879 autem
2732 3817 2846 3878 hoc
2896 3837 3016 3879 non
3050 3821 3440 3896 servaverint,
3475 3821 3527 3882 si
3556 3821 3678 3882 sint

2035 3906 2278 3988 quidem
2313 3906 2542 3981 clerici,
2575 3907 2953 3989 deponantur
2988 3930 3001 3967 :
3041 3909 3134 3970 sin
3171 3919 3369 3972 autem
3399 3911 3559 3987 laici,
3587 3931 3678 3973 se-

2035 4005 2383 4079 gregentur.

2115 4088 2215 4150 89.
2249 4086 2387 4149 Dies
2418 4086 2743 4148 salutiferae
2775 4088 3066 4166 passionis
3101 4088 3159 4150 in
3188 4089 3425 4169 jejunio
3454 4098 3511 4153 et
3540 4110 3678 4152 ora-

2035 4177 2196 4238 tione
2229 4185 2287 4238 et
2312 4176 2510 4239 cordis
2557 4178 3024 4256 compunctione
3082 4189 3439 4258 peragentes
3469 4181 3675 4242 ﬁdeles

2034 4285 2225 4347 usque
2255 4266 2327 4327 ad
2378 4267 2632 4328 mediam
2671 4268 2869 4342 magni
2904 4265 3148 4328 Sabbati
3183 4279 3417 4330 noctem
3445 4271 3681 4348 jejuna-

2034 4374 2098 4417 re
2129 4364 2407 4434 oportet;
2460 4375 2594 4416 cum
2649 4356 2829 4416 divini
2865 4359 3243 4433 evangelista;
3275 4360 3589 4422 Matthaaus
3622 4369 3680 4422 et

2034 4446 2250 4519 Lucas,
2283 4445 2383 4505 ille
2413 4444 2658 4520 quidem
2691 4462 2941 4525 vespere
2973 4446 3252 4522 Sabbati,
3280 4447 3376 4509 hic
3405 4467 3542 4510 vero
3573 4469 3680 4530 per

2035 4534 2118 4614 id,
2155 4535 2330 4597 valde
2359 4534 2656 4612 diluculo,
2697 4536 2889 4598 noctis
2932 4535 3108 4598 nobis
3158 4537 3498 4600 tarditatem
3535 4539 3677 4600 des-

2035 4624 2271 4687 cribant
2299 4624 2380 4686 οἳ.

2212 4803 2382 4867 Petri
2414 4820 2489 4866 ea:
2517 4820 2796 4866 sermone
2827 4805 2888 4866 in
2916 4804 3146 4866 Pascha
3177 4821 3373 4866 canon
3410 4804 3502 4866 15.

2112 4896 2212 4956 15.
2244 4893 2374 4954 Non
2408 4893 2816 4972 reprehendet
2850 4912 2956 4954 nos
2982 4893 3584 4973 quispiam,quartam
3621 4903 3681 4957 et

2029 4991 2255 5045 sextam
2292 4982 2503 5043 feriam
2542 4982 2676 5041 £76
2706 4982 3118 5054 observantes,
3160 4981 3218 5043 in
3253 4981 3472 5061 quibus
3505 4984 3678 5046 nobis

2026 5073 2303 5153 jejunare
2337 5071 2671 5133 secundum
2700 5072 3084 5133 traditionem
3108 5091 3244 5132 cum
3274 5073 3505 5135 ratione
3531 5093 3677 5154 prae-

2031 5171 2270 5242 ceptum
2334 5168 2447 5224 est.
2511 5159 2787 5231 Quartam
2840 5161 3084 5241 quidem
3120 5163 3608 5240 propterinitum
3641 5184 3676 5226 a

2029 5250 2254 5315 Judaeis
2287 5249 2604 5312 consilium
2639 5249 2713 5311 de
2748 5249 3090 5330 proditione
3120 5251 3357 5312 Domini
3396 5270 3408 5283 ·
3448 5264 3672 5316 sextam

2032 5350 2256 5417 autem,
2295 5339 2451 5420 quod
2479 5339 2607 5420 ipse
2631 5359 2739 5419 pro
2769 5341 2945 5402 nobis
2972 5359 3182 5422 passus
3214 5339 3492 5404 sit.Diem
3516 5345 3675 5407 enim

2489 5548 2553 5603 60
2582 5550 2823 5616 Laodic.
2856 5551 2958 5619 49.
3045 5550 3102 5603 61
3153 5551 3296 5615 Can.
3332 5558 3521 5632 apost.
3571 5550 3696 5649 67..
