4004 6230
431 298 549 366 639

428 438 805 505 Dominicum
846 441 1066 507 laetitiae
1101 443 1259 507 diem
1287 443 1538 526 agimus,
1574 447 1730 528 quod
1768 448 1829 509 in
1859 466 1929 509 eo
1958 464 2057 508 re-

2156 447 2334 516 naxr‘w
2431 446 2780 527 χαρμοσύνης
2876 445 3083 525 ἡμέραν

428 534 802 598 surrexerit:
859 535 920 596 in
971 554 1088 616 quo
1144 554 1255 598 nec
1308 554 1499 614 genua
1541 537 1784 620 quidem
1817 540 2062 607 ﬂectere

426 623 797 702 accepimus.

508 713 709 775 Const.
746 715 805 795 5,
837 715 928 776 tit.
963 714 1062 791 1‘2,
1099 715 1206 780 lib.
1242 716 1443 791 5,cod.
1479 716 1583 793 ait,
1620 717 1780 798 quod
1804 717 2063 795 quadra-

426 801 592 878 ginta
621 802 835 865 diebus
861 802 1086 867 Pascha
1119 805 1587 888 anticipantibus
1618 807 1815 869 omnis
1851 811 2062 887 cogni-

428 891 508 951 tio
534 892 934 957 criminalium
985 896 1383 974 qurestionum
1418 904 1636 959 cesset.
1671 897 1742 959 Et
1772 905 1964 962 const.
1999 897 2058 973 6,

425 982 583 1061 quod
616 982 812 1045 l'eriali
847 986 1022 1067 [dies]
1055 987 1174 1048 sint
1201 1006 1217 1063 ;
1251 987 1353 1068 qui
1383 997 1634 1069 septeno
1666 1007 1918 1051 numero
1947 992 2061 1052 Pa-

424 1071 568 1160 scha
597 1073 690 1135 vel
721 1075 1068 1154 praecedunt
1099 1079 1189 1140 vel
1248 1087 1583 1159 sequuntur
1616 1100 1629 1138 :
1667 1079 1849 1160 [dies]
1883 1080 2058 1141 etiam

422 1159 645 1224 Natalis
674 1165 920 1241 Christi,
952 1174 1128 1247 atque
1158 1168 1570 1250 Theophania,
1607 1169 1780 1250 [dies]
1827 1159 2058 1250 passio-

424 1251 518 1313 nis
547 1255 972 1335 Apostolorum
1007 1267 1068 1319 et
1098 1257 1275 1338 [dies]
1311 1259 1660 1321 Dominicus
1696 1281 1710 1324 :
1747 1279 1943 1340 neque
1976 1261 2060 1321 is-

423 1343 500 1432 tis
532 1343 746 1407 diebus
793 1349 1139 1428 spectacula
1188 1349 1607 1430 exhibeantur,
1665 1370 1861 1432 neque
1886 1351 2057 1431 judi-

423 1431 579 1494 cium
614 1434 874 1498 dictetur
907 1459 920 1495 :
957 1446 1013 1500 et
1053 1437 1398 1518 quindecim
1434 1431 1813 1521 paschalibus
1845 1440 2058 1503 diebus

422 1542 498 1584 ne
527 1523 793 1587 debitum
829 1527 1068 1606 quidem
1103 1535 1226 1590 sive
1265 1529 1558 1609 privatum
1593 1532 1717 1592 sive
1752 1531 2061 1611 publicum

423 1616 715 1692 exigatur.
776 1618 980 1681 Const.
1039 1636 1179 1680 vero
1233 1623 1296 1694 7,
1349 1619 1410 1682 in
1462 1620 1812 1696 quindecim
1867 1622 2061 1702 [istis]

421 1702 632 1766 diebus
665 1707 1172 1770 manumissiones
1205 1727 1275 1771 ac
1299 1711 1810 1791 emancipationes
1841 1711 2061 1785 ﬁeri,et

1623 309 1891 375 PHOTII
1937 309 2456 378 PATRIARCHE
2496 312 2610 375 CP.

3188 447 3383 527 ἄγομεν
3485 448 3555 506 διὰ
3642 451 3710 506 τὸν

2144 537 2442 594 ἀναστάντα
2493 536 2547 592 ἐν
2578 539 2738 617 αὐτῇ,
2771 536 2824 593 ὲν
2858 539 2893 614 ᾗ
2924 536 3040 597 οὐδὲ
3093 537 3294 617 γόνατα
3341 537 3514 596 κλίνειν
3561 561 3713 618 παρει-

2146 625 2422 697 λήφαμεν.

2223 651 2422 706 φαμεν,

2229 709 2291 774 Ἦ
2336 716 2382 773 ε’
2421 714 2654 781 διάταξις
2697 722 2787 773 τοῦ
2847 715 2921 793 ιβ’
2958 718 3062 781 τίτ,
3112 724 3206 774 τοῦ
3250 719 3303 796 γ’
3345 715 3478 795 βιϐλ.
3514 724 3588 775 τοῦ
3611 718 3713 780 κώδ,

2147 809 2332 887 φησὶν,
2391 805 2472 864 ὅτι
2530 806 2585 863 ἐν
2630 818 2754 871 ταῖς
2811 805 3316 885 προλαμϐανούσαις
3373 811 3429 866 τὸ
3470 810 3632 887 Πάσχα
3673 807 3716 885 μ’

2144 895 2396 974 ἡμέραις,
2449 901 2592 952 πᾶσα
2651 898 2877 968 ζήτησις
2918 902 3024 954 τῶν
3063 896 3476 979 ἐγκληματικῶν
3525 898 3720 974 βασάνων

2144 986 2397 1065 σχολάζει
2436 1031 2448 1044 .
2487 987 2573 1042 καί
2606 987 2640 1055 ἡ
2673 986 2754 1059 ς’
2783 984 2924 1046 διάτ.
2959 986 3042 1043 ὅτι
3088 987 3355 1066 ἅπρακτοί
3403 990 3520 1044 εἰσιν
3563 989 3606 1044 αἱ
3643 988 3720 1065 πρὸ

2143 1077 2236 1131 τοῦ
2268 1076 2463 1155 Πάσχα
2493 1073 2543 1146 ζ’
2585 1075 2805 1156 ἡμέραι,
2841 1077 2932 1133 καὶ
2963 1075 3012 1148 ζ’
3071 1078 3210 1153 μετά
3270 1079 3332 1134 τὸ
3391 1078 3581 1155 πάσχα,
3607 1077 3726 1142 καὶὴ

2147 1172 2371 1243 Χριστου
2418 1171 2604 1239 Γεννα,
2651 1165 2748 1222 καὶ
2802 1167 2866 1223 τὰ
2923 1167 3216 1247 Θεοφάνια,
3248 1170 3336 1224 καὶ
3391 1170 3418 1237 ἡ
3465 1167 3547 1224 τοῦ
3572 1167 3726 1225 adeo):

2142 1259 2248 1310 τῶν
2291 1253 2630 1331 ἀποστόλων,
2665 1256 2817 1324 καὶὴ
2879 1258 3115 1335 Κυριακή
3154 1276 3166 1288 ·
3227 1258 3282 1312 ἑν
3340 1270 3455 1320 ταῖς
3509 1256 3728 1316 τοιαύταις

2141 1343 2390 1423 ἡμέραις,
2451 1343 2570 1401 οὔτε
2635 1344 2727 1400 θέα
2777 1345 3041 1420 τελεῖται,
3088 1345 3205 1402 οὔτε
3265 1346 3386 1413 δίκη
3435 1343 3729 1424 λέγεται⁶ἒν

2143 1431 2198 1488 δὲ
2231 1445 2353 1496 ταῖς
2391 1432 2454 1489 ιε’
2509 1433 2740 1510 ἡμέραις
2771 1445 2862 1495 τοῦ
2894 1437 3114 1516 Πάσχα,
3151 1437 3264 1494 οὕτε
3299 1437 3457 1516 χρέος
3484 1435 3731 1508 ἰδιωτικὸν,

2145 1519 2261 1578 οὔτε
2292 1521 2551 1598 δημόσιον
2583 1523 2902 1581 ἀπαιτεῖται
2938 1542 2952 1556 '
2987 1529 3022 1594 ἡ
3053 1524 3110 1582 δὲ
3155 1526 3203 1599 ζ’
3236 1525 3378 1590 διάτ,
3412 1527 3654 1604 ἐπιτρέπει
3692 1525 3733 1580 ἐν

2144 1625 2267 1676 ταῖς
2301 1612 2367 1668 ιε’
2418 1613 2632 1678 ταύταις
2683 1621 2776 1670 τοῦ
2829 1616 3026 1696 Πάσχα
3076 1616 3319 1693 ἡμέραις,
3374 1617 3638 1693 ἐλευθερίας
3663 1615 3735 1671 καὶ

2148 1702 2602 1780 ἐμαγκιπᾶτίονας
2687 1706 3036 1784 πράττεσθαι,
3119 1709 3209 1764 καὶ
3294 1708 3358 1764 τά
3427 1706 3511 1763 ἔπ’
3580 1707 3735 1764 abut:

421 1812 607 1873 super
655 1794 770 1856 illis
822 1806 951 1859 acta
1003 1799 1218 1860 conﬁci
1281 1787 1592 1879 permittit.
1648 1802 1735 1862 Ac
1766 1810 1959 1864 const.
1995 1801 2057 1866 8,

2156 1795 2508 1868 ὅπομνήματα
2561 1795 2921 1854 συνίστασθαι.
2972 1787 3032 1852 ’Π
3081 1795 3133 1851 δὲ
3179 1796 3234 1862 η’
3289 1796 3432 1856 διάτ.
3476 1798 3639 1877 φησὶν,
3668 1794 3737 1849 καὶ

421 1883 592 1958 dicit,
631 1884 786 1964 quod
839 1886 898 1947 in
955 1888 1413 1968 quadragesima
1445 1898 1500 1951 et
1533 1889 1804 1952 Paschali
1857 1890 1954 1953 die
1985 1891 2057 1952 de

2156 1880 2223 1938 in
2269 1881 2324 1936 ἐν
2377 1886 2446 1960 τῇ
2489 1881 2573 1958 μ’,
2611 1886 2700 1941 καὶ
2748 1884 2804 1939 ἐν
2862 1889 2930 1961 af.
2960 1886 3139 1964 ἡμέρᾳ
3182 1894 3277 1943 τοῦ
3309 1888 3524 1967 Πάσχα,
3552 1885 3739 1962 βασανί-

421 1973 776 2050 latronibus,
813 1985 870 2038 et
900 1977 1158 2041 maxime
1183 1980 1428 2052 Isauris,
1463 1981 1710 2060 quaestio
1741 1981 2057 2058 habeatur,

421 2083 536 2143 quo
587 2064 865 2128 conscios
917 2067 1196 2148 prodant.
1250 2072 1452 2131 Const.
1509 2089 1686 2149 porro
1736 2071 1796 2143 3,
1855 2071 1946 2134 tit.
1996 2072 2058 2144 4,

421 2153 525 2214 lib.
560 2156 616 2229 l,
653 2154 790 2216 cod.
819 2157 926 2231 ait,
983 2159 1136 2237 quod
1190 2157 1404 2233 diebus
1461 2161 1848 2240 paschalibus
1881 2180 2058 2224 nemo

420 2242 766 2307 includatur
811 2255 912 2308 aut
967 2247 1286 2324 vinciatur,
1344 2259 1741 2331 praeterquam
1798 2251 2055 2328 adulter,

423 2334 756 2415 maleﬁcus,
791 2335 1086 2416 virginum
1130 2347 1356 2419 raptor,
1418 2341 1836 2422 sepulcrorum
1869 2342 2057 2404 viola-

425 2424 604 2498 lator,
637 2428 965 2502 veneﬁcus,
1004 2437 1258 2490 monetae
1289 2430 1678 2506 adulterator,
1731 2432 2056 2508 homicida,

424 2514 735 2593 patricida,
771 2525 831 2577 et
877 2535 1015 2579 reus
1061 2519 1405 2600 majestatis.
1441 2523 1642 2598 Atque
1675 2522 1783 2583 hos
1813 2522 2056 2603 quidem

421 2621 665 2685 semper
693 2608 1148 2687 comprehendi,
1197 2609 1447 2691 reliquis
1491 2629 1628 2674 vero
1677 2613 1867 2676 semel
1895 2612 2054 2674 dun-

423 2700 576 2754 taxat
599 2692 848 2774 ignosci.

509 2786 638 2844 |77
670 2786 834 2848 CAP.
864 2786 939 2850 Il.
974 2821 1047 2835 —
1083 2791 1258 2864 Quod
1289 2809 1486 2870 neque
1509 2810 1829 2872 puerpera,
1863 2811 2058 2873 neque

421 2876 630 2937 morbo
676 2895 922 2958 prorsus
969 2880 1287 2942 invalidus
1342 2883 1412 2943 in
1465 2883 2060 2965 Paschatejejunare

421 2973 691 3046 cogatur.

837 3059 1127 3123 Timothei
1156 3078 1415 3124 canones
1440 3062 1501 3138 8,
1537 3063 1636 3125 lO.

502 3149 932 3226 Interrogatio.
964 3149 1180 3212 Mulier
1207 3151 1258 3212 si
1288 3153 1613 3233 pepererit,
1660 3151 1920 3216 debetne
1952 3153 2054 3232 je-

416 3234 636 3314 junare
666 3235 913 3313 Pascha,
945 3250 1004 3300 et
1046 3239 1248 3302 vinum
1298 3261 1414 3304 non
1465 3242 1696 3318 bibere,
1731 3262 1807 3305 an
1837 3262 1870 3304 a
1893 3241 2068 3324 jeju;

421 3324 523 3386 nio
553 3324 904 3416 absolvitur,
939 3336 997 3392 et
1045 3330 1248 3393 vinum
1295 3332 1504 3397 bibere
1557 3333 1948 3416 permittitur,
1984 3353 2055 3396 eo

422 3415 580 3496 quod
617 3417 846 3499 peperit
872 3417 896 3480 ‘3

499 3506 870 3590 Responsio.
901 3509 1314 3592 Excogitatum
1351 3523 1440 3577 est
1468 3515 1788 3596 jejunium,
1827 3521 1892 3578 ut
1921 3533 2058 3578 cor-

423 3615 532 3677 pus
568 3598 796 3660 humile
832 3601 1138 3665 reddatur.
1175 3602 1235 3666 Si
1295 3623 1436 3684 ergo
1468 3623 1685 3685 corpus
1713 3605 1776 3668 in
1809 3605 2058 3667 humili-

422 3695 540 3749 tate
573 3697 632 3750 et
661 3688 1078 3754 imbecillitate
1106 3703 1398 3767 versatur,
1428 3695 1609 3758 debet
1642 3695 1758 3758 cibi
1791 3704 1852 3758 et
1883 3704 2058 3775 potus

421 3788 712 3854 quantum
746 3779 868 3843 vult
894 3791 953 3843 et
981 3792 1178 3863 potest
1207 3803 1339 3847 esse
1372 3786 1696 3868 particeps.

498 3957 931 4040 Interrogatio.
965 3963 1028 4024 Si
1053 3963 1189 4044 quis
1235 3963 1313 4025 sit
1342 3971 1619 4042 aegrotus,
1655 3974 1716 4024 et
1751 3981 1823 4026 ex
1873 3965 2060 4026 multa

419 4046 831 4110 imbecillitate
861 4051 1032 4113 valde
1065 4062 1424 4129 attenuatus,
1454 4063 1512 4115 et
1539 4053 1613 4114 ad
1647 4061 1920 4113 sanctum
1954 4052 2059 4115 Pa-

420 4139 566 4198 scha
594 4139 848 4213 venerit,
884 4141 1142 4204 debetne
1190 4145 1436 4206 omnino
1471 4143 1777 4223 jejuuare,
1812 4161 1884 4203 an
1917 4160 2056 4204 eum

420 4227 679 4287 absolvit
728 4228 1009 4304 clericus,
1071 4240 1134 4292 ut
1185 4232 1436 4313 accipiat
1488 4231 1646 4313 quod
1701 4239 1918 4312 potest,
1969 4234 2055 4296 vel

420 4315 600 4376 etiam
632 4316 831 4378 oleum
865 4329 923 4381 et
955 4319 1184 4402 vinum,
1221 4333 1470 4402 propter
1498 4322 1739 4383 multam
1775 4322 1906 4401 ejus
1937 4323 2055 4385 im-

421 4404 809 4468 becillitatem
829 4411 857 4468 ?

498 4498 843 4577 Responsio.
880 4498 1123 4561 Absolvi
1143 4500 1324 4564 debet
1354 4511 1634 4580 aegrotus,
1671 4510 1732 4564 ut
1761 4501 1963 4564 cibum
1998 4511 2057 4566 et

418 4594 621 4667 potum
656 4589 874 4670 capiat,
911 4599 1199 4671 quantum
1242 4593 1404 4654 ferre
1437 4600 1652 4672 potest.
1689 4591 1837 4654 Eum
1869 4594 2053 4670 enim,

419 4679 524 4760 qui
556 4681 742 4742 semel
803 4688 1142 4744 attenuatus
1200 4691 1316 4759 est,
1373 4701 1504 4747 esse
1555 4682 1671 4745 olei
1703 4683 2054 4764 participem

417 4789 652 4852 aequum
688 4779 798 4835 est.

496 4861 666 4924 CAP.
695 4861 798 4926 IlI.
835 4898 902 4910 —
938 4861 1021 4926 De
1065 4863 1164 4926 die
1213 4871 1270 4927 et
1305 4862 1458 4926 hora
1487 4862 1767 4944 paschali
1797 4870 1850 4926 et
1881 4864 2055 4924 theo-

416 4950 803 5029 phant'orum.

870 5043 1299 5124 Apostolorum
1325 5062 1519 5107 canon
1549 5044 1606 5105 7.

503 5127 560 5193 "I.
596 5129 654 5192 Si
687 5134 819 5213 quis
875 5134 1216 5215 episcopus,
1280 5136 1370 5197 vel
1421 5135 1757 5215 presbyter,
1813 5131 1903 5194 vel
1936 5132 2059 5194 dia-

418 5238 627 5295 conus,
686 5223 842 5284 sacri
909 5225 1042 5284 I78
1091 5224 1334 5287 Paschze
1393 5226 1550 5287 diem
1613 5233 1750 5286 ante
1808 5242 2054 5285 vernum

417 5311 836 5390 aequinoctium
867 5331 997 5373 cum
1033 5316 1256 5376 Iudaeis
1309 5315 1729 5393 celebraverit,
1781 5314 2056 5396 depona-

419 5409 533 5462 tur.

748 5492 1004 5553 Coneilii
1037 5493 1399 5556 A-ntioeheni
1429 5513 1623 5557 canon
1665 5498 1714 5555 l.

457 5579 678 5645 Omnes
701 5583 799 5663 qui
825 5581 1047 5642 audent
1069 5582 1395 5645 dissolvere
1413 5585 1724 5647 decretum
1749 5603 1974 5648 sanctae
1997 5594 2058 5649 et

415 5689 644 5752 magnae
665 5669 898 5754 synodi,
923 5689 1057 5752 quae
1087 5669 1305 5737 Nicaeae
1335 5682 1538 5736 coacta
1565 5683 1653 5738 est
1678 5674 1740 5738 in
1773 5694 2047 5758 praesen-

2074 3195 2116 3248 C

2077 4559 2124 4611 D

2141 1977 2321 2042 ζονται
2359 1975 2403 2030 οἱ
2436 1973 2633 2049 λῃσταί
2669 1989 2682 2009 '
2713 1973 2796 2054 ἐφ’
2827 1975 2872 2050 ᾧ
2900 1976 2989 2031 καὶ
3024 1978 3144 2040 τοὸς
3178 1979 3492 2053 συνίστορας
3522 1975 3740 2044 ἐξειπεῖν,

2139 2062 2228 2117 καὶ
2270 2061 2625 2144 διαφερόντως
2656 2066 2701 2120 οἱ
2735 2064 2970 2144 ’Ἰσαυροι
3008 2085 3022 2100 ο
3071 2067 3104 2134 ἡ
3138 2065 3192 2122 δὲ
3222 2066 3276 2146 γ’
3306 2066 3446 2130 διάτ,
3479 2074 3565 2123 τοῦ
3592 2063 3631 2120 δ’
3659 2065 3740 2124 τίτ.

2143 2159 2234 2210 τοῦ
2278 2151 2331 2208 α’
2365 2151 2510 2228 βιϐλ,
2543 2161 2638 2211 τοῦ
2668 2152 2800 2217 κώδ,
2834 2155 3020 2235 φησὶν,
3059 2156 3140 2212 ὅτι
3171 2155 3226 2212 ἐν
3259 2170 3382 2222 ταῖς
3433 2154 3638 2234 ἡμέραις
3666 2155 3743 2217 τῆς

2141 2243 2474 2322 πασχαλίας,
2549 2242 2718 2308 οὐδεὶς
2799 2243 3100 2322 ὲγκλείεται
3157 2246 3192 2314 ἢ
3262 2245 3560 2325 δεσμεῖται,
3626 2243 3743 2310 πλὴν

2142 2339 2366 2412 μοιχοῦ,
2430 2331 2524 2387 καί
2585 2335 2968 2414 αἰσχρουργοῦ,
3030 2337 3117 2392 καὶ
3174 2335 3438 2415 ἅρπαγος,
3489 2335 3745 2414 παρθένων,

2142 2423 2230 2479 καὶ
2271 2420 2645 2504 τυμϐωρύχοο,
2699 2424 2791 2480 καὶ
2843 2425 3067 2503 γόητος,
3104 2428 3195 2483 καὶ
3222 2427 3652 2508 παραχαράκτου,
3678 2423 3749 2478 καὶ

2141 2512 2370 2590 φονέως,
2401 2512 2488 2567 καὶ
2545 2513 2934 2589 πατροκτόνου,
2984 2514 3077 2570 καί
3137 2515 3417 2590 τυράννου,
3455 2514 3640 2572 Πάντες
3668 2511 3750 2588 γάρ

2140 2601 2286 2659 οὗτοι
2343 2601 2574 2658 ποίντοτε
2636 2601 3106 2678 ἀπολαμϐάνουσιν
3187 2603 3327 2670 ἂπαξ
3391 2605 3445 2661 δὲ
3517 2605 3665 2680 μόνον
3711 2601 3750 2657 οἱ

2138 2689 2316 2747 λοιποὶ
2347 2691 2831 2769 συγγινώσκονται.

2223 2788 2472 2842 ΚΕΦΑΛ.
2522 2781 2601 2842 Β’.
2637 2816 2716 2828 —
2764 2785 2889 2861 Περὶ
2931 2791 3023 2840 τοῦ
3079 2785 3217 2860 μήτε
3262 2785 3363 2850 τὴν
3420 2784 3590 2864 λεχὼ,
3632 2779 3749 2857 μήτε

2139 2872 2230 2926 τὸν
2275 2871 2335 2926 ἐκ
2377 2872 2536 2929 νόσου
2581 2872 2871 2950 δυνάμενον
2905 2872 3015 2931 οὔδ’
3066 2873 3232 2955 ὅλως,
3268 2875 3648 2955 ἀναγκάζεσθαι
3699 2871 3750 2926 τὸ

2139 2962 2336 3043 Πάσχα
2366 2963 2666 3030 νηστεύειν,

2617 3053 2874 3129 Τιμοθέου
2904 3053 3076 3110 κανὼν
3106 3052 3189 3132 η’,
3223 3054 3283 3117 ι’,

2223 3133 2514 3221 Ἐρώτησις
2560 3141 2640 3210 η’,
2677 3143 2814 3208 Γυνὴ
2863 3143 2954 3201 ἐὰν
3009 3144 3245 3222 γεννήσῃ
3278 3151 3355 3220 τῷ
3388 3144 3524 3222 ἁγίῳ
3554 3145 3749 3222 Πάσχα,

2140 3233 2184 3288 εἰ
2220 3232 2419 3312 ὀφείλει.
2470 3244 2757 3301 νηστεῦσαι
2817 3234 2905 3290 καὶ
2956 3235 3034 3307 μὴ
3100 3247 3246 3290 πιεῖν
3314 3236 3496 3314 οἶνον,
3547 3234 3580 3303 ἢ
3634 3233 3759 3288 ἀπο-

2139 3322 2321 3378 λύεται
2377 3329 2475 3390 τῆς
2541 3323 2788 3390 νηστείας
2845 3322 2935 3380 καὶ
2991 3330 3084 3381 τοῦ
3128 3325 3300 3381 πίνειν
3362 3325 3518 3382 οἶνον
3580 3321 3656 3378 διὰ
3706 3320 3757 3374 τὸ

2139 3414 2394 3492 γεννῆσαι
2433 3431 2450 3487 ;

2221 3500 2557 3582 ’Λπόκρισις.
2627 3502 2692 3559 Ἠ
2757 3502 2977 3570 νηστεία
3034 3501 3302 3572 ἐπενοήθη
3365 3501 3454 3558 διὰ
3511 3503 3570 3558 τὸ
3626 3504 3761 3575 σῶμα

2138 3600 2467 3650 ταπεινῶσαι
2511 3610 2523 3624 ⁸
2579 3594 2623 3650 εἰ
2653 3595 2742 3649 οὖν
2786 3594 2847 3650 τὸ
2905 3593 3062 3667 σῶμα
3115 3591 3170 3647 ἐν
3204 3593 3442 3649 κακώσει
3475 3593 3564 3648 καὶ
3590 3609 3759 3646 ταπει-

2139 3685 2297 3740 νώσει
2329 3683 2472 3757 ἐστί,
2506 3684 2593 3739 καὶ
2625 3683 2680 3740 ἰν
2736 3682 2977 3756 ἀσθενείᾳ
3034 3682 3318 3761 τυγχάνει,
3369 3681 3576 3762 ὀφείλει
3609 3700 3761 3756 μετα-

2140 3771 2352 3846 λαϐεῖν,
2428 3775 2558 3830 καθὸ
2633 3771 2850 3830 δύναται
2921 3773 3212 3849 βαστάσαι,
3273 3772 3364 3830 καὶ
3433 3775 3634 3850 τροφῆς
3685 3766 3762 3823 διιῖ

2139 3873 2330 3925 ποτοῦ.

2223 3944 2518 4032 Ἐρώτησις
2579 3953 2639 4017 ι’,
2697 3953 2826 4011 Ἐάν
2878 3975 2958 4017 τις
3011 3955 3048 4028 ᾗ
3093 3953 3350 4032 ἀσθενῶν,
3399 3953 3489 4009 καὶ
3544 3947 3762 4012 ὲκτακεὶς

2139 4043 2275 4101 πάνυ
2335 4043 2441 4099 ἀπὸ
2497 4043 2596 4111 τῆς
2642 4042 2852 4109 πολλῆς
2897 4042 3192 4114 ἀσθενείας,
3227 4043 3315 4098 καὶ
3350 4043 3496 4100 ἔλθοι
3530 4044 3588 4099 τὸ
3630 4038 3764 4116 ἄτιον

2141 4134 2358 4213 Πάσχα,
2438 4135 2482 4190 εἰ
2555 4135 2768 4199 πάντως
2820 4131 3024 4214 δφείλει
3088 4139 3400 4212 νηστεῦσαι,
3466 4133 3504 4201 ἢ
3559 4127 3761 4188 ἀπολύει

2140 4222 2298 4280 αὒτὸν
2371 4224 2399 4278 ὃ
2483 4221 2740 4299 κληρικὸς
2820 4219 3111 4298 λαμϐάνειν
3183 4222 3211 4276 ὃ
3279 4219 3528 4292 δύναται,
3603 4219 3638 4288 ἡ
3689 4215 3768 4272 καὶ

2139 4311 2316 4370 ἔλαιον
2403 4312 2490 4370 καὶ
2567 4314 2722 4370 οἶνον
2792 4310 2877 4368 διὰ
2935 4311 3032 4380 τὴν
3104 4309 3313 4383 πολλῂν
3384 4313 3549 4368 αὖτοῦ
3623 4304 3765 4364 ἀσθέ-

2140 4425 2282 4460 νειαν
2319 4422 2334 4484 ς

2221 4491 2555 4569 Ἀπόκρισις.
2633 4490 2992 4550 Ἀπολύεσθαι
3071 4489 3271 4571 ὀφείλει
3346 4485 3769 4565 μεταλαμϐάνειν

2143 4584 2374 4640 καὶτῶν
2405 4581 2615 4662 τροφῶν
2645 4583 2735 4638 καὶ
2787 4589 2880 4638 τοὺ
2937 4587 3100 4636 ποτοῦ
3144 4583 3172 4636 ὁ
3221 4579 3463 4636 ἀσθενῶν
3495 4579 3523 4634 ὃ
3568 4575 3768 4633 δύναται

2139 4659 2453 4750 βαστάσαιέ
2506 4659 2567 4728 τὸ
2621 4673 2721 4750 γὰρ
2781 4668 3208 4744 τεταλαμϐάνειν
3267 4669 3448 4726 ἐλαίου
3506 4669 3595 4724 τὸν
3646 4659 3772 4724 ἅπαξ

2140 4763 2453 4838 ἐκτακέντα,
2489 4759 2694 4817 δικαιόν
2725 4761 2895 4820 ἐστιν.

2224 4858 2475 4912 ΚΕΦΑΛ.
2510 4851 2592 4914 Γ’.
2624 4885 2700 4896 —
2731 4850 2862 4928 Περί
2897 4855 2995 4917 τῆς
3019 4848 3222 4928 ἡμέρας
3245 4849 3467 4916 καὶτῆς
3502 4847 3642 4924 ὧρας
3683 4845 3772 4907 τῆς

2142 4943 2454 5024 πασχαλίας
2480 4943 2573 4998 καί
2607 4944 2711 5000 τῶν
2743 4941 3068 5019 Θεοφανίων.

2634 5029 2982 5088 Ἀποστόλων
3011 5028 3186 5084 κανὼν
3213 5028 3259 5099 ζ’
3271 5072 3286 5088 .

2223 5135 2295 5208 ζ’.
2345 5134 2411 5193 E’t'
2439 5155 2523 5198 τις
2562 5133 2878 5206 ἐπίσκοπος,
2941 5133 2976 5199 ἢ
3038 5128 3415 5210 πρεσϐύτερος,
3450 5131 3488 5198 ἢ
3519 5127 3772 5196 διάκονος,

2142 5228 2241 5293 τὴν
2299 5227 2454 5296 ἁγίαν
2511 5225 2603 5281 τοῦ
2683 5221 2876 5301 Πάσχα
2944 5220 3174 5300 ἡμέραν,
3251 5221 3353 5288 πρὸ
3405 5223 3512 5288 τῆς
3574 5215 3776 5294 ἐαρινῆς

2140 5317 2423 5394 ἰσημερίας
2523 5314 2658 5391 μετά
2757 5308 3023 5369 Ἰουδαίων
3129 5309 3426 5367 ἒπιτελέσει
3461 5357 3478 5384 ,
3593 5308 3776 5364 καθαι-

2141 5407 2352 5486 ρείσθω.

2505 5492 2732 5551 Συνόδου
2761 5491 3098 5570 Ἀντιοχείας
3131 5489 3307 5547 κανὼν
3339 5488 3416 5551 α’.

2222 5584 2299 5650 α’,
2364 5585 2572 5646 Πάντας
2631 5583 2752 5648 τοὺς
2814 5569 3132 5657 τολμῶντας
3186 5577 3486 5656 παραλύειν
3532 5575 3628 5632 τὸν
3671 5569 3780 5648 ὅρον

2138 5680 2236 5744 τῆς
2269 5676 2425 5758 ἁγίας
2455 5675 2541 5734 καὶ
2573 5661 2818 5753 μεγάλης
2852 5668 3094 5756 συνόδου,
3125 5673 3224 5742 τῆς
3284 5667 3339 5729 ἐν
3403 5665 3606 5742 Νικαίᾳ
3655 5683 3781 5739 συγ-

2523 5314 2658 5391 μετά

3927 3137 3952 3224 ἱτ
