4004 6230
237 321 355 394 641

1058 315 1477 394 SYNTAGMA
1520 319 1919 392 CANONUM.
1963 353 2040 370 -—
2083 316 2240 386 TIT.
2286 309 2394 404 VI,
2439 323 2609 387 CAP.
2657 311 2769 386 III.

3501 321 3618 389 64?

244 466 624 542 κρατηθείσης,
656 465 742 522 ἐπὶ
775 463 1034 544 παρουσίᾳ
1093 468 1192 530 τῆς
1254 460 1524 526 εὐσεϐείας
1568 468 1663 519 τοῦ
1704 465 1888 541 θεοφι-

1985 458 2056 521 tia
2085 459 2320 540 pietatis
2356 459 2804 540 religiosissimi
2837 459 3219 539 imperatoris
3243 458 3615 522 Constantini

245 555 511 612 λεστᾶτου
570 554 834 632 βασιλέως
897 556 1317 627 Κωνσταντίνου,
1395 555 1512 631 περὶ
1573 555 1670 618 τὴς
1744 552 1898 629 ἁγίας

246 645 442 722 ἑορτῆς
488 653 582 701 τοῦ
640 643 1014 722 σωτηριώδους
1078 644 1311 722 Ilia-La;
1362 644 1756 712 ὰκοινώνήτους
1812 641 1900 697 καὶ

241 733 590 804 ἀποϐλήτους
651 736 795 792 εἶναι
884 739 985 801 τῆς
1067 731 1425 807 Ἐκκλησίας,
1490 734 1533 788 εἰ
1592 730 1897 807 ἐπιμένοιεν

241 824 684 904 ψιλονεικότερον
741 823 1080 899 ἐνιστάμενοι
1165 825 1298 896 πρὸς
1377 823 1446 879 τὰ
1499 822 1678 883 καλῶς
1742 818 1894 876 δεδο-

238 915 444 992 γμένα,
485 916 583 972 Καὶ
642 921 810 972 ταῦτα
869 913 1102 992 εἰρήσθω
1150 915 1267 990 περὶ
1322 919 1430 969 τῶν
1473 911 1704 970 λα’ίκῶν.
1744 912 1800 968 Ei
1841 908 1897 965 δέ

239 1026 324 1068 τις
361 1006 471 1061 τῶν
525 1004 876 1082 προεστώτων
933 1007 1034 1071 τῆς
1096 1001 1424 1070 Ἐκκλησίας
1482 1003 1796 1074 ἐπίσκοπος,
1858 999 1894 1067 ἢ

241 1092 632 1174 πρεσϐύτερος,
666 1095 702 1162 ἢ
758 1092 1027 1168 διάκονος,
1073 1093 1212 1168 μετὰ
1241 1094 1334 1149 τὸν
1365 1091 1487 1170 ὅρον
1517 1100 1729 1170 τοῦτον,
1761 1089 1894 1148 τολ-

235 1185 472 1259 μήσειεν
516 1185 604 1241 ἐπὶ
646 1183 941 1263 διαστροφῇ
1000 1189 1108 1239 τῶν
1181 1182 1326 1239 λαῶν
1374 1184 1460 1240 καὶ
1517 1187 1732 1262 ταραχῇ
1782 1185 1890 1237 τῶν

243 1273 594 1340 Ἐκκλησιῶν
653 1272 895 1347 ἱδιαζειν,
931 1275 1028 1329 καὶ
1065 1272 1202 1348 μετὰ
1241 1280 1350 1330 τῶν
1394 1271 1660 1329 Ἰουδαίων
1704 1272 1890 1328 ἐπιτε-

239 1361 366 1419 λεῖν
411 1365 472 1420 τὸ
508 1365 730 1443 Πάσχα,
771 1370 958 1420 τοῦτον
1016 1364 1051 1430 ἡ
1102 1362 1229 1440 ἁγία
1276 1361 1490 1427 σύνοδος
1523 1362 1758 1418 ἐντεῦθεν
1787 1359 1892 1428 ἤδη

240 1451 533 1532 ἀλλότριον
610 1453 825 1531 κέκρικε
881 1451 979 1519 τῆς
1056 1450 1412 1526 Ἐκκλησίας,
1467 1452 1540 1514 ὡς
1612 1455 1673 1510 οὗ
1731 1450 1894 1526 μόνον

241 1543 425 1614 ἑαυτῷ
483 1543 742 1620 ἁμαρτίας
813 1541 1230 1620 ἒπισωρεύοντα,
1299 1541 1439 1598 ἀλλὰ
1509 1543 1597 1599 καὶ
1665 1539 1894 1600 πολλοῖς

240 1631 534 1713 διαφθορᾶς
579 1636 668 1689 καὶ
711 1630 1038 1712 διαστροφῆς
1099 1631 1278 1689 αἴτιον
1337 1631 1642 1710 γινόμενον.
1680 1633 1777 1691 Καὶ
1833 1631 1893 1687 οὗ

239 1724 416 1800 μόνον
447 1724 573 1789 τοὺς
632 1723 906 1785 τοιούτους
937 1726 1188 1801 καθαιρεῖ
1230 1723 1329 1790 τῆς
1361 1721 1720 1801 λειτουργίας,
1753 1721 1891 1784 ἀλλὰ

1982 548 2056 610 de
2088 560 2292 612 sancto
2325 550 2477 614 festo
2512 549 2808 612 salutiferi
2838 548 3172 625 Paschalis,
3206 566 3339 610 esse
3371 565 3617 612 excom-

1984 639 2337 718 municatos,
2369 649 2430 702 et
2458 640 2729 702 Ecclesia
2778 639 3006 719 ejectos
3056 639 3395 714 statuimus,
3429 640 3479 702 si
3507 640 3618 700 ad-

1981 747 2189 791 versus
2243 749 2310 792 ea
2365 749 2496 811 quae
2544 737 2710 791 recte
2741 728 2984 790 decreta
3015 737 3152 788 sunt
3183 727 3618 790 contentiosius

1980 819 2264 882 insistere
2299 820 2698 901 perrexerint.
2753 817 2825 880 Et
2875 818 3002 880 haec
3050 817 3293 898 quidem
3345 817 3420 879 de
3450 816 3618 879 laicis

1979 909 2138 971 dicta
2169 911 2308 972 sint.
2343 910 2403 972 Si
2434 909 2566 989 quis
2595 916 2795 970 autem
2832 925 3066 980 eorum,
3095 905 3195 987 qui
3226 916 3490 988 prmsunt
3511 906 3618 970 Ec-

1979 998 2202 1074 clesiae,
2249 1000 2591 1081 episcopus,
2625 997 2718 1060 vel
2765 997 3101 1078 presbyter,
3156 997 3247 1058 vel
3298 997 3610 1070 diaconus,

1977 1089 2225 1151 audebit
2280 1098 2412 1171 post
2464 1090 2576 1151 hoc
2625 1088 2937 1150 decretum
2969 1087 3042 1148 ad
3077 1087 3434 1167 populorum
3468 1088 3616 1150 sub-

1973 1179 2312 1241 versionem
2346 1187 2404 1241 et
2453 1177 2862 1241 Ecclesiarum
2917 1176 3424 1258 perturbationem
3451 1196 3616 1241 seor-

1975 1286 2106 1329 sum
2138 1287 2341 1346 agere,
2376 1275 2435 1332 et
2462 1267 2687 1330 Pascha
2709 1286 2842 1330 cum
2873 1267 3094 1329 Judmis
3125 1285 3438 1348 peragere,
3472 1286 3615 1330 san-

1977 1365 2071 1419 cta
2101 1358 2361 1440 synodus
2393 1377 2526 1420 eum
2591 1357 2813 1420 abhinc
2842 1357 3104 1419 alienum
3138 1375 3271 1419 esse
3300 1358 3373 1418 ab
3406 1359 3618 1420 Eccle-

1978 1447 2065 1509 sia
2089 1449 2404 1528 judicavit,
2442 1455 2502 1510 ut
2533 1449 2634 1529 qui
2667 1467 2786 1509 non
2816 1447 2933 1510 sibi
2982 1447 3175 1511 solum
3222 1447 3472 1527 peccati,
3507 1447 3615 1510 sed

1978 1547 2037 1600 et
2087 1539 2289 1602 multis
2343 1539 2510 1601 exitii
2542 1546 2602 1599 et
2635 1536 3043 1600 subversionis
3072 1556 3252 1600 causa
3282 1538 3460 1600 fuerit
3492 1555 3507 1601 :
3557 1545 3617 1599 et

1976 1647 2096 1690 non
2128 1629 2322 1691 stilum
2356 1647 2458 1690 eos
2489 1647 2523 1690 a
2576 1628 2910 1690 ministerio
2959 1627 3229 1710 deponit,
3284 1627 3388 1691 sed
3419 1635 3477 1690 et
3509 1645 3616 1690 eos

1973 1719 2074 1799 qui
2103 1721 2324 1781 audent
2352 1719 2426 1780 iis
2483 1722 2928 1782 communicare
2965 1730 3100 1800 post
3148 1718 3614 1798 depositionem.

234 1815 331 1871 καὶ
384 1816 509 1878 τοὺς
567 1811 886 1888 τολμῶντας
943 1813 1150 1876 τούτοις
1222 1826 1503 1870 κοινωνεῖν
1581 1812 1717 1888 μετὰ
1787 1814 1888 1881 τὴν

1985 1808 2286 1890 Depositos
2335 1817 2533 1872 autem
2597 1815 2775 1872 etiam
2829 1818 3076 1872 externo
3107 1809 3338 1870 honore
3371 1807 3613 1888 privari,

234 1904 552 1980 καθαίρεσιν
587 1918 601 1933 ⁸
671 1903 794 1967 τοὺς
857 1901 912 1958 δὲ
985 1903 1413 1981 καθαιρεθέντας,
1469 1901 1890 1980 ἀποστερεῖσθαι

233 1995 461 2060 καὶτῆς
493 1993 684 2058 ἔξωθεν
713 1996 903 2068 τιμῆς,
937 1992 1002 2060 ἧς
1035 1992 1064 2048 ὃ
1121 1993 1272 2072 ἅγιος
1317 1994 1492 2051 κανὼν
1549 1992 1646 2050 καὶ
1689 1993 1751 2050 τὸ
1795 2002 1889 2053 τοῦ

241 2089 388 2140 Θεοῦ
411 2082 676 2160 ἷερατεϊον
708 2080 1058 2160 μετείληφεν,

500 2169 730 2230 Συνόδου
765 2169 1143 2250 Καρθαγέννης
1172 2172 1348 2229 κανὼν
1379 2171 1485 2248 να’,
1521 2173 1634 2253 ογ’.

322 2263 494 2320 σΩστε
522 2263 631 2319 ἀπὸ
663 2266 762 2328 τῆς
796 2260 1086 2330 ἐκκλησίας
1123 2262 1478 2344 Καρχηδόνος
1530 2262 1885 2344 ἀγγέλλεσθαι

231 2355 342 2422 τὴν
372 2352 576 2430 ἡμέραν
607 2354 700 2409 τοῦ
733 2352 950 2431 Πάσχα,

322 2443 436 2504 va’.
498 2442 798 2522 ’vapa'toc
842 2444 930 2499 καὶ
971 2440 1239 2522 Οὖρϐανὸς
1271 2445 1318 2501 οἱ
1349 2443 1629 2502 ἐπίσκοποι
1675 2449 1834 2504 εἷπον
1866 2458 1881 2475 ⁸

235 2531 468 2602 Ἐπειδῆ
518 2534 586 2589 τὰ
642 2532 696 2588 ἐν
754 2539 831 2606 τῷ
898 2535 1302 2613 κομμονιτορίῳ
1350 2536 1510 2610 ἡμῶν
1580 2535 1754 2592 πάντα
1804 2533 1889 2591 δεῖ

236 2623 510 2697 συζεῦξαι,
571 2622 917 2700 προστίθεμεν
976 2622 1055 2678 ἔτι
1123 2625 1231 2699 μὴν
1294 2623 1516 2679 ἒνταλὲν
1573 2625 1710 2699 ἡμῖν
1768 2624 1886 2705 περὶ

230 2721 337 2781 της
387 2713 590 2789 ἡμέρας
633 2714 727 2770 τοῦ
761 2713 983 2791 Πάσχα,
1018 2711 1115 2768 ’ἕνα
1152 2712 1285 2769 ιιατὰ
1312 2713 1372 2770 τὸ
1403 2713 1612 2794 εἰωθὸς,
1644 2714 1751 2771 ἀπὸ
1784 2720 1884 2782 τῆς

230 2801 572 2868 Ἐκκλησίας
634 2800 988 2881 Καρχηδόνος
1034 2803 1117 2858 ἀεὶ
1184 2804 1734 2881 παρασκευαζώμεθα,
1795 2807 1884 2862 καὶ

233 2894 313 2969 μὴ
347 2892 405 2948 ἐν
437 2896 608 2964 στενῷ
636 2892 731 2948 τοῦ
759 2893 960 2971 χρόνου
991 2889 1340 2968 διαστήματι.

317 2981 588 3060 Αὐρήλιος
636 2980 928 3042 ἐπίσκοπος
989 2981 1150 3038 εἶπεν
1186 3000 1202 3018 ο
1263 2982 1390 3039 Ἐὰν
1433 2981 1566 3061 δοκῇ
1608 2983 1676 3061 τῇ
1707 2985 1880 3064 ἁγιω-

231 3073 371 3149 σύνῃ
409 3072 585 3147 ὑμῶν,
621 3069 806 3139 ἐπειδὴ
861 3071 1178 3147 μεμνήμεθα
1226 3071 1329 3141 ἤδη
1382 3071 1444 3128 ἐκ
1500 3071 1704 3131 πολλοῦ
1740 3076 1882 3150 ἡμᾶς

1972 1899 2143 1978 cuius
2172 1909 2414 1965 sanctus
2439 1918 2632 1964 canon
2664 1909 2723 1962 et
2751 1900 2860 1962 Dei
2889 1899 3295 1963 sacerdotium
3341 1898 3454 1961 fuit
3485 1916 3614 1979 par-

1973 1989 2187 2070 ﬁceps.

2106 2169 2366 2235 Concilii
2407 2166 2920 2249 Carthaginiensis
2949 2184 3210 2230 canones
3239 2169 3338 2241 51,
3377 2165 3474 2232 73.

2055 2259 2135 2324 Ut
2159 2260 2233 2323 de
2261 2258 2509 2323 ecclesia
2542 2257 2935 2338 Carthaginis
2983 2257 3114 2320 dies
3161 2256 3413 2322 Pascha:
3440 2275 3608 2320 nun—

1971 2355 2176 2413 tielur.

2053 2439 2151 2501 5t.
2179 2437 2519 2502 Honoratus
2548 2437 2610 2490 63
2642 2438 2766 2518 (47)
2811 2445 2870 2501 et
2896 2436 3177 2500 Urbanus
3206 2437 3477 2519 episcopi
3507 2437 3608 2500 di-

1971 2539 2190 2593 xerunt
2217 2549 2231 2591 :
2261 2529 2554 2603 Quoniam
2579 2529 2654 2590 de
2681 2528 3141 2590 commonitorio
3173 2537 3376 2590 nostro
3408 2529 3610 2589 omnia

1970 2629 2219 2685 tractata
2249 2616 2885 2693 noscuntur,addimus
2921 2618 3099 2679 etiam
3135 2617 3209 2680 de
3239 2618 3338 2681 die
3367 2619 3611 2680 Pascha:

1967 2711 2141 2773 nobis
2163 2729 2296 2774 esse
2325 2710 2697 2784 mandatum,
2725 2715 2790 2769 ut
2820 2707 2896 2769 de
2918 2706 3186 2770 Ecclesia
3208 2725 3450 2790 semper
3473 2707 3611 2772 Car-

1967 2800 2332 2881 thaginensi,
2363 2799 2542 2862 sicuti
2573 2798 2814 2872 assolet,
2852 2798 3311 2873 instruamur,et
3342 2815 3461 2860 non
3490 2797 3604 2860 sub

1967 2901 2220 2970 angusto
2253 2890 2546 2970 temporis
2573 2889 2790 2970 spatio.

2054 2982 2187 3042 I79
2247 2979 2522 3044 Aurelius
2577 2979 2898 3059 episcopus
2950 2974 3143 3040 dixit:
3202 2974 3265 3040 Si
3298 2975 3608 3040 sanctitati

1965 3081 2176 3134 vestrae
2200 3070 2456 3145 videtur,
2486 3069 2767 3147 quoniam
2800 3086 2908 3128 nos
2941 3065 3336 3148 spopondisse
3360 3066 3607 3147 jamdu-

236 3159 766 3237 ἐπαγγειλαμένους,
816 3159 955 3216 ὥστε
1012 3159 1067 3215 ἐν
1119 3161 1362 3224 ἑκάστοις
1395 3161 1658 3229 ἐνιαυτοῖς
1691 3164 1880 3244 συνέρ-

1985 3161 2107 3223 lum
2139 3160 2548 3235 meminimus,
2585 3168 2650 3221 ut
2677 3157 2939 3237 singulis
2970 3156 3308 3238 quibusque
3329 3157 3505 3220 annis
3531 3157 3607 3219 ad

237 3253 448 3335 χεσθαι
497 3251 632 3328 πρὸς
667 3252 728 3305 τὸ
786 3257 1067 3321 συζητεῖν,
1127 3249 1252 3307 ὅταν
1310 3252 1384 3314 εἰς
1437 3251 1495 3308 ἓν
1524 3252 1879 3335 συνέλθωμεν,

235 3341 359 3396 τότε
433 3334 814 3406 ὃιαδοθιίσεται
879 3346 973 3396 τοῦ
1056 3338 1205 3417 ἆγίου
1290 3341 1488 3421 Πάσχα
1555 3343 1590 3411 ἡ
1679 3334 1882 3424 ἡμέρα,

238 3427 322 3485 διὰ
394 3435 505 3485 τῶν
599 3427 1036 3508 εὑρεθησομένων
1104 3429 1158 3485 ἐν
1229 3436 1296 3508 τῇ
1367 3430 1569 3506 συνόδῳ
1640 3454 1883 3501 τοποτη-

237 3526 416 3600 ρητῶν
427 3568 441 3583 ,

319 3610 624 3690 Ὀνωρᾶτος
665 3611 754 3667 καὶ
804 3607 1072 3689 Οὗρϐανὸς
1105 3613 1152 3666 οἱ
1201 3609 1483 3671 ἐπίσκοποι
1516 3613 1676 3671 εἷπον
1713 3629 1728 3646 ⁸
1782 3613 1885 3674 Νὗν

243 3698 326 3757 διὰ
409 3706 511 3768 τῆς
614 3701 888 3778 παρούσης
969 3699 1333 3768 συνελεύσεως
1436 3703 1710 3785 αἰτοῦμεν,
1793 3703 1889 3762 ἵνα

249 3791 528 3867 γράμμασι
583 3797 826 3847 τυπῶσαι
889 3790 984 3855 τὰς
1051 3790 1316 3871 ἡμετέρας
1375 3791 1641 3874 ἐπαρχίας
1715 3816 1886 3852 κατα-

253 3878 502 3947 Ειῶσητε.
1427 3895 1431 3901 ·

329 3969 588 4046 Αὒρῆλιος
661 3969 953 4036 ἐπίσκοπος
1037 3970 1195 4027 εἶπεν
1231 3987 1246 4004 ⁸

253 4057 414 4121 οὕτως
440 4059 710 4138 γενέσθαι.

333 4153 449 4228 Περὶ
505 4157 600 4207 τοῦ
654 4150 756 4218 τὴν
809 4150 1016 4228 ἡμέραν
1075 4156 1169 4208 τοῦ
1227 4151 1448 4232 Πάσχα,
1482 4151 1536 4210 ἐν
1594 4157 1664 4230 τῇ
1709 4153 1886 4234 ἡμέρᾳ

245 4241 352 4303 τῆς
381 4238 593 4298 συνόδου
635 4239 1018 4319 ἆγγὲλλεσθαι.

337 4329 434 4405 στ’.
471 4320 702 4406 Ὀμοίως
730 4328 947 4410 ἤρεσεν,
976 4329 1116 4387 ὥστε
1164 4330 1265 4398 τὴν
1290 4330 1498 4409 ἡμέραν
1528 4339 1620 4390 τοῦ
1651 4355 1884 4412 προσκυ⁴

248 4425 411 4482 νητοῦ
439 4419 597 4500 Πάσχ
605 4442 659 4495 α,
693 4417 779 4475 διὰ
828 4423 929 4487 τῆς
985 4425 1091 4476 τῶν
1148 4420 1542 4496 τετυπωμένων
1569 4423 1882 4503 ὑπογραφῆς

1327 3969 1682 4050 Ἀναγκαῐόν,
1743 3971 1886 4031 ἐστιν

1967 3251 2343 3313 tractandum
2387 3249 2843 3324 conveniamus,
2874 3255 2934 3308 et
2976 3265 3112 3309 cum
3147 3250 3609 3309 convenerimus

1965 3340 2026 3402 in
2062 3360 2269 3414 unum,
2322 3353 2444 3402 tum
2498 3337 2875 3416 evulgabitur
2905 3346 3146 3400 sanctus
3197 3336 3444 3402 Pascha
3476 3337 3608 3400 dies

1970 3448 2079 3513 per
2109 3431 2331 3510 legatos
2363 3429 2462 3510 qui
2493 3428 2796 3490 adfuerint
2825 3427 3110 3491 concilio.

2049 3608 2385 3672 Honoratus
2413 3615 2473 3670 et
2495 3603 2774 3670 Urbanus
2802 3604 3072 3688 episcopi
3103 3604 3401 3668 dixerunt:
3433 3606 3607 3668 Nunc

1971 3698 2048 3762 de
2077 3697 2356 3780 praesenti
2390 3705 2543 3760 cmtu
2579 3695 2861 3777 petimus,
2895 3703 2959 3758 ut
2988 3695 3201 3757 litteris
3236 3692 3606 3775 provinciam

1972 3797 2241 3852 nostram
2275 3787 2348 3850 de
2373 3787 2483 3849 hac
2509 3787 2605 3850 die
2635 3785 2960 3848 informare
3000 3784 3334 3865 dignemini
3363 3783 3522 3864 (48).

2047 3967 2330 4033 Aurelius
2366 3967 2687 4049 episcOpus
2733 3964 2881 4028 dixit
2917 3984 2932 4027 :
2963 3965 3048 4030 Ita
3081 3965 3180 4028 fiat
3212 3981 3460 4028 necesse
3491 3971 3607 4027 est.

2114 4147 2283 4212 Diem
2315 4147 2588 4224 Pascha,
2614 4145 2712 4208 die
2731 4145 2984 4208 concilii
3013 4142 3452 4208 nuntiandum.

2043 4331 2146 4394 73.
2175 4331 2321 4391 Item
2355 4325 2578 4409 placuit
2605 4323 2669 4377 ϐι
2702 4333 2764 4387 ut
2794 4324 2925 4387 dies
2971 4323 3332 4388 venerabilis
3363 4323 3608 4386 Paschal.

1965 4420 2355 4482 formatarum
2410 4416 2850 4496 subscriptione
2909 4415 3190 4477 omnibus
3251 4414 3604 4496 intimetur;

250 4512 408 4564 πᾶσιν
449 4509 826 4590 ἐμφανίζεσθαι
861 4525 874 4540 ’
911 4511 945 4577 ἡ
981 4507 1033 4566 δὲ
1065 4513 1162 4578 τῆς
1207 4509 1427 4566 συνόδου
1476 4511 1654 4589 ἡμέρα
1682 4514 1717 4579 ἡ
1750 4513 1882 4582 αὑτὴ

1985 4510 2098 4573 lies
2148 4527 2290 4570 vero
2342 4505 2590 4568 concilii
2639 4505 2800 4567 idem
2835 4515 3128 4580 servetur,
3165 4504 3358 4585 quiin
3387 4503 3611 4584 Hippo-

257 4588 540 4678 φυλαχθῇ,
577 4597 700 4666 ἥτις
775 4598 976 4677 ὡρίσθη
1038 4599 1092 4656 ἐν
1149 4605 1214 4677 τῇ
1268 4599 1322 4654 ἐν
1385 4588 1606 4656 ’ἱππῶνι
1658 4601 1878 4678 συνόδῳ,

257 4687 518 4744 τουτέστιν
549 4689 582 4757 ἡ
614 4689 718 4767 πρὸ
749 4685 874 4744 δέκα
907 4688 1194 4746 Καλανδῶν
1227 4687 1608 4767 Σεπτεμϐρίων
1635 4708 1648 4722 ’
1683 4692 1882 4770 ὀφείλει

264 4775 358 4852 γὰρ
425 4779 507 4833 καὶ
566 4779 834 4855 γραφῆναι
896 4778 1027 4856 πρὸς
1087 4778 1209 4838 τοὺς
1259 4777 1628 4856 πρωτεύοντας
1699 4782 1885 4836 πασῶν

263 4864 360 4918 τῶν
401 4864 699 4946 ἐπαρχιὼν,
731 4863 825 4921 ’ίνα
858 4865 946 4923 ὅτε
978 4865 1105 4944 παρ’
1141 4867 1357 4930 ἑαυτοῖς
1389 4866 1602 4927 σύνοδον
1651 4891 1884 4950 προσκα-

267 4947 484 5033 λοῦνται,
515 4959 717 5024 ταύτην
745 4957 848 5024 τὴν
877 4956 1084 5035 ἡμέραν
1116 4955 1476 5036 φυλάττωσιν.

1967 4600 2140 4663 nensi
2199 4594 2459 4658 concilio
2512 4595 2877 4656 constitutus
2933 4603 3046 4670 est,
3082 4594 3146 4655 id
3175 4601 3287 4667 est,
3321 4613 3354 4655 x
3390 4592 3610 4654 Kalen-

1969 4691 2072 4753 das
2104 4685 2498 4769 Septembris.
2557 4683 2629 4746 Et
2672 4683 3062 4746 scribendum
3107 4683 3179 4744 ad
3234 4682 3606 4759 singularum

1967 4794 2342 4862 quarumque
2397 4771 2849 4853 provinciarum
2908 4773 3213 4862 primates,
3249 4769 3606 4862 ut__quando

1967 4858 2122 4950 apud
2157 4885 2223 4929 se
2255 4863 2580 4928 concilium
2611 4869 3003 4942 congregant,
3052 4859 3232 4922 istum
3289 4858 3450 4922 diem
3485 4876 3607 4922 non

1967 4957 2304 5040 impediant
2327 4954 2476 5035 (49).

335 5156 390 5207 53
419 5159 596 5226 Conc.
628 5158 814 5226 Afric.
845 5180 901 5224 c.
934 5160 1033 5225 t8.
1117 5160 1182 5213 64
1205 5159 1390 5225 Conc.
1425 5159 1697 5244 Carthag.
1727 5184 1784 5246 v,
1819 5182 1956 5248 cap.
1989 5164 2023 5229 7
2054 5187 2074 5244 ;
2105 5163 2296 5230 Afric.
2330 5179 2466 5226 can.
2495 5159 2596 5224 40.

341 5370 453 5447 (Πὶ
484 5370 666 5456 Cone.
702 5370 984 5456 Carthag.
1022 5387 1110 5456 tu,
1165 5389 1300 5453 cap.
1351 5374 1571 5456 41.,1n
1619 5376 1888 5456 epitome

273 5445 550 5548 Senonum
572 5453 819 5548 Adriani
842 5445 1448 5548 papaa,haec‘canoni_s
1471 5445 1890 5548 istius-etsub-

277 5535 557 5611 sequentis
578 5533 690 5596 sub
717 5532 1147 5595 uno’le’mmate
1166 5532 1464 5598 breviatio
1495 5547 1624 5600 est:
1661 5563 1688 5596 α
1710 5540 1787 5601 Ut
1817 5538 1892 5602 de

275 5603 513 5676 Ecclesia
534 5613 992 5682 Carthaginensi
1019 5614 1147 5676 dies
1172 5617 1420 5679 Pascha:
1446 5619 1752 5682 Africanis
1783 5638 1888 5682 ec-

281 5636 513 5676 ῠεειθεια
534 5636 992 5695 bartnaglnenSI
1019 5636 1147 5676 mes
1172 5636 1420 5679 1⁷3801]ἶῦ
1446 5636 1752 5682 Atrtcams
1783 5638 1888 5682 80-

281 5686 457 5757 clesiis
485 5697 795 5760 nuntietur
815 5696 1145 5778 episcopis,
1173 5702 1232 5758 et
1254 5697 1894 5768 discutiatur.lnterlo-

1972 5375 2134 5438 cutio
2167 5371 2460 5437 Honorati
2495 5379 2552 5433 et
2579 5368 2805 5435 Urbani
2850 5367 3289 5450 episcoporum
3323 5368 3412 5433 Sit
3458 5415 3473 5430 .
3523 5415 3539 5431 .
3591 5417 3608 5436 .

1973 5455 2342 5519 Mauritaniae
2398 5452 2454 5513 le
2500 5500 2515 5515 .
2563 5493 2579 5511 .
2631 5500 2647 5515 .
2699 5501 2712 5516 .
2765 5475 2795 5510 ι
2849 5448 2975 5513 Hec
3035 5448 3149 5516 θοι.
3213 5475 3241 5509 α
3301 5450 3608 5514 Sitifensis

1973 5535 2347 5601 Mauritaniae
2379 5532 2730 5614 legatorum.
2761 5557 2790 5589 ι

2088 5617 2187 5681 48)
2227 5617 2454 5679 Desunt
2478 5615 2569 5677 ha;
2597 5632 2771 5678 voces
2793 5614 2854 5676 in
2882 5614 3117 5679 Graaco.

2088 5619 2162 5681 48
2227 5617 2454 5679 Desunt
2478 5617 2569 5677 ha;
2597 5632 2771 5678 voces
2793 5617 2854 5676 in
2882 5617 3117 5679 Graaco.

2059 5617 2187 5783 E493
2221 5696 2350 5762 Hoc
2381 5705 2490 5778 est,
2531 5716 2562 5759 ‹
2593 5701 2771 5762 istum
2804 5694 2964 5761 diem
2997 5693 3340 5760 observent.
3382 5716 3405 5751 ι
