4148 6198
511 270 626 346 643

798 417 1058 482 Concilii
1077 417 1423 480 acumenici
1453 433 1514 478 v1
1548 435 1745 480 canon
1776 418 1874 480 89.

589 510 688 573 89.
727 508 866 571 Dies
897 507 1209 570 salutifera
1256 508 1574 589 passionis,
1629 516 1771 588 etc.,
1833 515 1899 572 ut
1955 526 2148 589 supra

505 597 820 680 pag.638.

1058 686 1228 749 Petri
1262 704 1455 750 canon
1502 687 1601 749 15.

590 777 687 840 15.
718 775 848 838 Non
889 776 1302 856 reprehendet
1360 793 1470 838 nos
1521 775 1850 857 quispiam,
1905 785 2058 856 etc.,
2089 784 2156 839 ut

507 884 696 946 supra
725 882 867 946 pag.
907 866 1047 929 638.

509 956 647 1017 180
679 955 960 1034 Dionysii
989 973 1068 1019 ea;
1097 955 1315 1037 apitola
1356 955 1436 1018 ad
1490 953 1825 1018 Basilidcm
1855 974 2059 1019 canon
2093 962 2150 1020 t.

589 1137 649 1198 1.
690 1133 828 1197 Haec
857 1143 1055 1197 autem
1091 1153 1229 1196 cum
1266 1135 1346 1196 ita
1377 1153 1441 1196 se
1473 1134 1757 1212 habeant,
1793 1135 1910 1196 hoc
1943 1134 2017 1196 iis
2050 1141 2152 1216 qui

509 1225 846 1288 accuratius
877 1223 1284 1304 subtiliusque
1317 1225 1732 1303 considerant,
1765 1225 2151 1288 enuntiemus

508 1324 691 1396 quota
717 1315 886 1391 hora,
922 1315 1014 1377 vel
1048 1315 1225 1376 etiam
1260 1314 1630 1375 semihorula
1673 1314 1764 1375 vel
1799 1324 2007 1394 quarta
2038 1315 2150 1375 ho-

505 1422 594 1480 ra,
633 1413 869 1484 oportet
899 1405 1170 1484 incipere
1203 1403 1471 1464 laetitiam
1505 1403 1579 1464 ob
1617 1404 1858 1467 Domini
1890 1405 2079 1466 nostri
2118 1423 2153 1466 a

506 1494 760 1556 mortuis
793 1493 1325 1555 resurrectionem.
1357 1492 1471 1554 Eos
1495 1492 1738 1574 quidem
1763 1494 1866 1573 qui
1900 1493 2150 1555 nimium

503 1583 814 1658 festinant,
881 1593 940 1644 et
989 1591 1127 1644 ante
1186 1582 1447 1644 mediam
1485 1591 1724 1644 noctem
1779 1591 2051 1661 surgunt,
2089 1594 2154 1644 ut

505 1680 959 1752 contemptores
976 1681 1034 1735 et
1054 1671 1531 1752 intemperantes
1548 1673 2152 1752 reprehendimus,ut

503 1769 606 1843 qui
630 1761 1065 1842 propemodum
1089 1770 1405 1842 antequam
1435 1782 1540 1842 par
1569 1762 1924 1835 sit,cursnm
1957 1765 2145 1824 abru-
2171 1813 2209 1863 Β

507 1853 728 1932 perint,
764 1852 1003 1912 dicente
1035 1853 1162 1912 viro
1191 1853 1461 1932 sapiente
1495 1873 1509 1911 :
1539 1851 1712 1913 (Non
1734 1870 1941 1931 parum
1971 1861 2060 1914 est
2083 1852 2144 1912 in

421 1996 430 2000 _
504 1942 625 2004 vita
654 1941 813 2022 quod
848 1959 1054 2019 parum
1086 1941 1285 2003 abest.
1322 1966 1349 1996 ιο
1408 1943 1523 2002 Eos
1573 1950 1772 2002 autem
1825 1941 1925 2022 qui
1962 1941 2141 2002 diffe-

503 2039 668 2103 runt,
705 2038 763 2091 et
796 2031 1115 2110 plurimum
1154 2031 1488 2109 perferunt,
1526 2039 1585 2093 et
1625 2031 1698 2092 ad
1731 2040 2001 2111 quartam
2038 2049 2142 2092 us-

503 2139 621 2201 que
647 2120 906 2196 vigiliam
942 2121 1176 2181 fortiter
1209 2120 1534 2194 abstinent,
1573 2121 1632 2182 in
1668 2141 1784 2201 qua
1827 2122 2009 2182 etiam
2043 2141 2144 2183 na-

502 2209 839 2288 vigentibus
868 2208 1148 2271 Servator
1183 2219 1384 2271 noster
1418 2212 1478 2271 in
1516 2211 1665 2272 mari
1699 2209 2016 2271 ambulans
2045 2230 2148 2291 ap.

505 2299 721 2379 paruit,
755 2308 817 2361 ut
846 2317 1172 2376 generosos
1204 2309 1262 2360 et
1292 2300 1562 2362 laborum
1601 2301 1924 2363 tolerantes
1951 2300 2149 2362 susci—

503 2389 724 2469 pimus.
759 2388 838 2451 lis
868 2399 1068 2451 autem
1102 2390 1202 2470 qui
1243 2391 1473 2452 interea
1504 2399 1568 2452 ut
1600 2392 1741 2451 moti
1774 2398 1932 2462 sunt,
1967 2389 2052 2451 vel
2085 2398 2151 2453 ut

508 2486 850 2557 potuerunt,
885 2479 1230 2558 quiescunt,
1267 2498 1384 2541 non
1419 2479 1588 2541 valde
1625 2479 1860 2542 molesti
1908 2480 2095 2541 simus
2131 2497 2145 2543 :

505 2567 985 2648 quandoquidem
1019 2587 1128 2630 nec
1161 2585 1267 2630 sex
1293 2568 1667 2649 jejuniorum
1721 2569 1850 2630 dies
1903 2568 2151 2650 aequali-

507 2665 617 2732 ter,
653 2675 765 2718 nec
797 2657 1074 2719 similiter
1105 2676 1316 2720 omnes
1347 2666 1723 2738 exspectant;
1748 2659 1852 2719 sed
1879 2659 1978 2719 alii
2009 2659 2149 2739 qui-

510 2745 768 2824 dem,vel
807 2764 1016 2808 omnes
1049 2747 1676 2827 transmittunt,jejuni
1701 2757 2147 2828 permanentes,

503 2837 606 2898 alii
637 2836 918 2912 duos,alii
952 2836 1206 2918 tres,alii
1239 2846 1516 2914 quatuor,
1545 2838 1644 2899 alii
1676 2837 1932 2900 nullum.
1971 2838 2046 2900 Et
2077 2837 2153 2899 iis

455 2969 458 2972 ι
505 2925 749 3006 quidem
785 2925 883 3007 qui
914 2927 973 2987 in
1008 2927 1124 2988 illis
1175 2927 1652 2989 transmittendis
1705 2927 1873 2990 valde
1906 2927 2152 2988 labora-

506 3024 738 3090 verunt,
774 3016 996 3077 deinde
1026 3016 1245 3079 defessi
1279 3025 1338 3078 et
1371 3017 1803 3098 propemodum
1834 3017 2150 3094 deficiunt,

502 3104 934 3184 ignoscendum
987 3115 1082 3166 est
1134 3107 1294 3186 quod
1341 3108 1600 3168 celerius
1646 3115 1909 3186 gustent.
1942 3107 2007 3168 Si
2051 3107 2154 3186 qui

1698 275 1962 346 PHOTIl
2020 277 2548 348 PATRIARCHE
2589 275 2705 343 ΟΡ.

3749 277 3855 348 644

2461 413 2690 472 Συνόδου
2719 415 3093 490 οἷκουμενικῆς
3124 413 3285 481 ἕκτης
3317 413 3493 470 κανὼν
3526 414 3635 479 πθ’,

2313 507 2417 570 Τὰς
2462 508 2555 562 τοῦ
2599 507 2861 585 σωτηρίου
2905 506 3104 568 πάθους
3149 503 3374 582 ἡμέρας,
3422 526 3478 565 κ.
3513 527 3564 566 τ.
3599 506 3649 568 λ.

2789 683 2988 763 Πέτρου
3019 684 3197 740 κανὼν
3227 683 3320 742 ιε’.

2320 773 2408 836 ιε’.
2443 777 2552 834 Οὔκ
2580 773 2860 852 ἐγκαλέσει
2890 795 2970 837 τις
2999 775 3160 850 ἡμῖν,
3194 796 3251 831 κ.
3283 795 3335 834 τ.
3369 772 3424 831 λ.

2242 953 2512 1011 Διονυσίου
2590 951 2652 1009 ἐκ
2744 957 2845 1020 τῆς
2945 953 3076 1029 πρὸς
3165 949 3476 1018 Βασιλείδην
3577 951 3856 1024 ἐπιστολῆς

2909 1033 3085 1088 κανὼν
3131 1030 3208 1090 α’.

2319 1129 2610 1193 α³.Τοῦτων
2641 1129 2808 1192 οὕτως
2840 1129 3108 1208 ἐχόντων,
3142 1132 3298 1185 τοῦτο
3328 1129 3450 1194 τοῖς
3484 1128 3858 1210 ἀκριϐολογου-

2235 1221 2415 1296 μένοις
2460 1219 2894 1299 ἀποφαινόμεθα,
2929 1220 3066 1276 κατὰ
3111 1219 3269 1276 ποίαν
3300 1219 3444 1298 ὥραν
3496 1219 3532 1288 ἢ
3591 1223 3678 1278 καὶ
3719 1235 3864 1280 ποῖον

2234 1310 2495 1388 ἡμιώριον
2543 1309 2578 1378 ἢ
2636 1309 2777 1386 ὥρας
2847 1308 3101 1386 τέταρτον
3146 1307 3416 1388 ἄρχεσθαι
3475 1311 3712 1387 προσῆκε
3770 1317 3864 1379 τῆς

2233 1398 2321 1474 ἐπι
2346 1405 2414 1474 τῇ
2444 1408 2538 1458 τοῦ
2573 1398 2759 1476 Κυρίου
2788 1399 2944 1472 ἡμῶν
2976 1397 3037 1453 ἐκ
3073 1404 3272 1476 νεκρῶν
3311 1398 3604 1455 ἀναστάσει
3653 1407 3817 1479 χαρᾶς
3849 1417 3864 1431 ’

2234 1488 2354 1552 τοὺς
2399 1487 2496 1564 μὲν
2538 1487 2655 1543 λίαν
2698 1487 3148 1567 ἐπιταχύνοντας,
3197 1489 3282 1543 καὶ
3333 1490 3436 1566 πρὸ
3509 1491 3692 1554 νυκτὸς
3739 1491 3869 1569 ταχὺ

2234 1578 2391 1656 ἔγγὺς
2457 1575 2560 1644 ἤδη
2635 1578 2907 1651 μεσούσης
2969 1577 3232 1650 ἀνιέντας,
3290 1579 3364 1642 ὡς
3427 1577 3721 1657 ὀλιγώρους
3779 1581 3869 1636 καὶ

2232 1667 2487 1746 ἀγρατεϊς
2562 1668 2908 1746 μεμφόμεθα,
2958 1667 3085 1744 παρ’
3159 1666 3341 1745 ὀλίγον
3403 1667 3865 1746 προκαταλόοντας

2231 1758 2324 1813 τὸν
2369 1757 2564 1836 δρόμον
2594 1775 2607 1790 ⁶
2657 1755 2912 1834 λέγοντος
2956 1755 3142 1836 ἀνδρὸς
3175 1763 3342 1837 σοφοῦ
3378 1773 3392 1789 ⁸
3455 1762 3530 1817 0-3
3573 1761 3761 1837 μικρὸν
3819 1759 3868 1814 ἐν

2229 1849 2328 1923 βίῳ
2385 1851 2446 1905 τὸ
2502 1849 2643 1925 παρὰ
2691 1848 2883 1924 μικρόν
2922 1867 2935 1880 ·
2994 1849 3116 1910 τοὺς
3175 1846 3231 1903 δὲ
3290 1849 3731 1928 ἐφυστερίζοντας
3789 1852 3869 1907 καὶ

2228 1937 2572 2016 διαρκοῦντας
2614 1937 2702 1994 ἐπὶ
2745 1935 3028 2012 πλεῖστον,
3077 1937 3175 1995 καί
3235 1936 3403 2018 μέχρι
3465 1941 3728 2016 τετάρτης
3771 1963 3871 2020 φ..

2231 2030 2400 2096 λακῆς
2435 2029 2911 2106 ἐγκαρτεροῦντας,
2949 2027 3067 2084 καθ’
3127 2028 3194 2095 ἣν
3238 2030 3326 2084 καὶ
3377 2043 3500 2094 τοϊς
3559 2029 3802 2086 πλέουσιν
3844 2033 3868 2086 ὁ

2235 2119 2424 2187 Σωτήρ
2453 2120 2608 2191 ἡμῶν
2639 2123 2952 2191 περιπατῶν
2983 2116 3079 2173 ἐπὶ
3129 2121 3225 2184 τῆς
3265 2116 3549 2185 Θαλάσσης
3606 2118 3863 2198 ἐπεφάνη,

2232 2210 2304 2271 ὡς
2363 2207 2630 2286 γενναίως
2675 2208 2764 2266 καὶ
2816 2205 3139 2286 φιλοπόνους
3201 2205 3574 2284 ἀποδεξόμεθα
3609 2223 3626 2241 ⁶
3673 2206 3869 2270 τοὺςδέ

2233 2297 2450 2374 μεταξὺ,
2508 2299 2582 2360 ὡς
2627 2297 2978 2370 ἐκινήθησαν,
3025 2297 3062 2362 ἣ
3121 2298 3194 2360 ὡς
3229 2295 3595 2372 ἠδυνήθησαν,
3631 2299 3870 2356 ἀναπαυ-

2232 2386 2519 2462 σαμένους,
2582 2388 2660 2460 μὴ
2718 2387 2853 2445 πάνυ
2906 2384 3218 2466 διοχλῶμεν
3251 2403 3265 2416 ⁸
3335 2385 3459 2442 ἐπεὶ
3502 2387 3642 2462 μηδὲ
3696 2389 3785 2449 τὰς
3825 2386 3873 2452 ’ἐξ

2231 2482 2338 2531 τῶν
2398 2479 2659 2544 νηστειῶν
2715 2475 2914 2553 ἡμέρας
2946 2475 3083 2539 ἴσως
3114 2475 3252 2551 μηδέ
3287 2478 3501 2552 ὁμοίως
3538 2479 3735 2543 πάντες
3765 2476 3873 2536 δια-

2234 2567 2481 2641 μένουσιν
2520 2585 2533 2598 ⁸
2607 2565 2730 2623 ἀλλ’
2808 2569 2854 2622 οἱ
2943 2567 3041 2638 μὲν
3105 2569 3196 2622 καὶ
3254 2567 3431 2630 πάσας
3492 2569 3869 2647 δπερτιθέασιν,

2233 2653 2408 2713 ἄσιτοι
2439 2655 2802 2718 διατελοῦντες
2838 2673 2852 2688 ·
2889 2657 2938 2710 οἱ
2970 2653 3025 2710 δὲ
3055 2653 3130 2731 β’,
3165 2659 3212 2711 οἱ
3239 2653 3292 2710 δὲ
3324 2655 3404 2731 γ’,
3441 2659 3490 2712 οἱ
3528 2655 3582 2713 δὲ
3613 2657 3683 2736 δ’,
3734 2659 3778 2714 οἱ
3819 2655 3867 2712 δὲ

2236 2743 2351 2802 ουδὲ
2382 2746 2506 2822 μίαν
2541 2767 2556 2784 ·
2601 2748 2690 2802 καὶ
2732 2757 2852 2808 τοῖς
2898 2744 2994 2819 μὲν
3040 2746 3176 2801 πάνυ
3207 2740 3636 2813 διαπονηθεϊᾶαν
3668 2747 3720 2802 ἐν
3757 2759 3869 2808 ταῖς

2234 2835 2596 2915 ὑπερθέσεσιν,
2645 2836 2772 2892 εἶτα
2816 2837 3183 2912 ἀποκαμοῦσι,
3215 2837 3304 2892 καὶ
3338 2835 3506 2911 μόνον
3559 2838 3656 2894 οὐκ
3706 2835 3867 2891 ἐκλεί-

2237 2945 2419 2997 πουσι,
2472 2925 2769 3004 συγγνώμη
2827 2927 2926 2991 τῆς
2990 2923 3294 3004 ταχυτέρας
3361 2926 3604 3003 γεύσεως
3639 2942 3653 2956 ·
3720 2927 3762 2982 εἰ
3821 2924 3870 2981 δέ

2235 3013 2376 3078 τινές
2409 3018 2511 3094 οὔχ
2545 3014 2692 3078 ὅπως
2724 3017 2830 3093 οὐχ
2865 3014 3235 3092 ὃπερθέμενοι,
3270 3013 3408 3071 ἀλλὰ
3455 3014 3599 3091 μηδὲ
3652 3017 3867 3084 νηστεύ-

2237 3124 2451 3182 σαντες,
2485 3101 2623 3159 me
2665 3106 2758 3159 καί
2795 3104 3158 3182 τρυφήσαντες
3211 3104 3303 3170 τὰς
3365 3106 3706 3182 προαγούσας
3749 3105 3865 3162 τέσ-

503 3180 698 3255 autem
730 3213 847 3254 non
881 3195 1060 3256 modo
1094 3180 1212 3256 non
1258 3195 1624 3257 transmissis
1649 3180 1766 3258 sed
1802 3215 1876 3259 ne
1901 3180 2151 3276 jejuna-

2237 3180 2448 3271 capue,
2485 3192 2612 3248 εἶτα
2673 3180 2918 3255 ἐλθόντες
2961 3192 3050 3249 ἐπὶ
3090 3195 3186 3257 τὰς
3252 3180 3566 3260 τελευταίας
3621 3193 3728 3274 δύο,
3789 3195 3866 3249 rei

505 3284 582 3344 tis
607 3283 877 3363 quidem,
927 3285 1018 3345 vel
1075 3286 1252 3346 etiam
1310 3286 1371 3347 in
1433 3285 1710 3348 delicatis
1762 3285 2151 3366 opiparisque

2235 3281 2402 3358 μόνας
2447 3281 2608 3346 αὒτὰς
2666 3281 3054 3359 ὑπερτιθέντες,
3101 3283 3200 3350 τὴν
3271 3305 3327 3338 τε
3392 3285 3736 3358 παρασκευὴν
3780 3284 3865 3339 καὶ

504 3373 816 3449 conviviis,
880 3375 1254 3456 consumptis
1333 3376 1818 3456 praecedentibus
1893 3383 2151 3457 quatuor

2233 3372 2294 3428 τὸ
2353 3368 2652 3445 Σάϐϐατον,
2715 3371 2854 3450 μέγα
2911 3393 2960 3428 τι
3025 3372 3112 3428 καὶ
3175 3373 3421 3451 λαμπρὸν
3483 3388 3665 3432 ποιεῖν
3721 3375 3865 3449 νομί-

503 3462 741 3534 diebus,
769 3463 843 3525 ad
875 3463 1025 3526 duos
1057 3483 1283 3546 eosque
1320 3466 1485 3527 solos
1514 3474 1816 3530 extremos
1848 3467 1978 3528 dies
2011 3483 2148 3528 cum

2233 3468 2428 3534 ζουσιν,
2477 3459 2540 3517 ἂν
2579 3460 2752 3540 μέχρι
2806 3461 2900 3528 τῆς
2933 3460 3006 3516 ἕω
3054 3459 3420 3542 διαμείνωσιν,
3461 3468 3558 3524 οὒκ
3587 3468 3746 3536 οἶμαι
3775 3463 3862 3529 τὴν

501 3553 798 3629 venerint,
832 3552 954 3615 illis
983 3573 1015 3615 a
1049 3572 1115 3616 se
1156 3554 1292 3618 cibo
1325 3575 1444 3618 non
1479 3565 1722 3634 gustare
1753 3556 2145 3631 transmissis,

2233 3551 2454 3617 ἄθλησιν
2502 3549 2692 3614 αὖτοὺς
2738 3554 3074 3616 πεποιῆσθαι
3136 3551 3267 3620 ἴσην
3308 3553 3432 3618 τοῖς
3477 3555 3574 3620 τὰς
3629 3553 3862 3616 πλείονας

498 3641 829 3704 Parasceve
861 3651 924 3707 et
953 3641 1534 3725 Sabbato,magnum
1568 3645 1713 3722 quid
1745 3653 1805 3707 et
1834 3646 2145 3725 egregium

2233 3640 2434 3715 ἡμέρας
2467 3640 2855 3718 προεσκηιιόσι.
2889 3647 3063 3699 Ταῦτα
3108 3647 3205 3715 μὲν
3265 3645 3341 3708 ὡς
3398 3648 3580 3723 φρονῶ
3611 3646 3698 3702 καὶ
3727 3665 3862 3716 συμ-

499 3749 568 3793 se
596 3731 795 3794 facere
827 3734 1192 3808 existimant,
1229 3734 1280 3794 si
1312 3734 1386 3794 ad
1419 3753 1700 3797 auroram
1758 3753 1948 3815 usque
2001 3753 2144 3814 per-

2233 3727 2350 3785 ϐου)
2364 3731 2492 3810 εύω,
2528 3732 2646 3800 περὶ
2678 3731 2882 3786 τούτων
2915 3729 3152 3808 ἔγραψα,

500 3823 828 3883 manserint
859 3846 874 3900 ;
906 3840 1025 3886 non
1057 3823 1328 3885 existimo
1357 3842 1460 3885 eos
1492 3842 1562 3886 ex
1595 3843 1764 3904 aequo
1817 3833 2122 3886 certamen
2155 3817 2417 3882 subiisse
2447 3836 2582 3880 cum
2616 3818 2691 3880 iis
2714 3818 2819 3896 qui
2849 3836 2914 3881 se
2960 3818 3233 3900 pluribus
3263 3819 3482 3886 diebus
3514 3823 3680 3905 prius
3706 3837 3866 3885 exer-

502 3923 785 3974 cuerunt.
820 3911 957 3974 Haec
989 3912 1257 3993 quidem,
1291 3919 1356 3974 ut
1383 3914 1600 3990 sentio,
1631 3913 1953 3976 consulens
1983 3913 2058 3976 de
2090 3910 2237 3995 ipsis
2267 3907 2508 3989 scripsi.

678 4001 987 4082 Theophili
1014 4002 1084 4064 de
1107 4009 1320 4066 sancta
1359 4004 1743 4083 Thcophania
1773 4021 1904 4082 cap.
1939 4005 2000 4066 4.

2318 3998 2577 4080 Θεοφίλου
2609 3997 2669 4056 ἐκ
2698 4002 2798 4068 τῆς
2829 3999 2956 4078 περὶ
2983 4001 3432 4137 τῶνδθεοφανίων
3479 4008 3796 4084 προσφωνῆς

2939 4102 3064 4137 nam.
3131 4083 3170 4137 ’-

2939 4102 3064 4161 κεφ,
3097 4102 3170 4146 Ο’,

583 4181 670 4243 De
701 4179 972 4259 Panuph.
1007 4188 1152 4256 etc.,
1188 4186 1255 4242 ut
1277 4197 1465 4261 supra
1493 4199 1634 4262 pag.
1674 4181 1812 4243 547.

2320 4172 2439 4248 Περῖ
2469 4169 2523 4227 δὲ
2557 4171 2794 4248 Πανοὺφ,
2830 4191 2886 4232 κ,
2923 4193 2974 4233 τ,
3013 4170 3075 4233 λ.

595 4272 718 4330 181
752 4271 922 4332 CAP.
949 4268 1051 4332 IV.
1093 4303 1165 4316 —
1197 4259 1367 4345 Quod
1397 4259 1520 4334 non
1550 4259 1778 4352 oportet
1811 4271 2151 4349 spectacula

2318 4267 2568 4320 ΚΕΦΑΛ.
2609 4259 2692 4320 Δ’.
2727 4261 2954 4339 -Περὶ
3000 4268 3094 4319 τοῦ
3137 4262 3216 4336 μὴ
3275 4267 3477 4343 χρῇναι
3531 4262 3586 4320 ἰν
3644 4259 3863 4342 κυριακῇ

502 4360 609 4421 die
638 4359 953 4420 Dominica
982 4359 1143 4438 ﬁeri,
1180 4358 1279 4421 vel
1307 4378 1374 4422 ea
1401 4360 1500 4421 die
1525 4349 1686 4440 genu
1720 4359 1958 4441 ﬂectere
1979 4367 2151 4424 item-

2233 4352 2423 4430 θεώρια
2479 4352 2735 4428 γίκεσθειι,
2816 4349 2852 4417 ἢ
2933 4350 3058 4428 γόνυ
3117 4352 3320 4409 κλίνειν
3377 4352 3431 4408 ἐν
3495 4354 3754 4429 Κυρηχῇ
3831 4349 3861 4417 ἢ

504 4466 619 4529 que
648 4446 859 4509 diebus
888 4447 1290 4520 Pentecostes;
1328 4457 1388 4511 et
1435 4439 1596 4529 quod
1619 4439 1735 4531 pro
1767 4451 2005 4515 viribus
2036 4469 2150 4515 va-

2233 4456 2355 4505 ταῖς
2415 4439 2641 4519 ἡμέραις
2702 4444 2800 4506 τῆς
2860 4445 3239 4511 Πεντηκοστῆς
3278 4462 3296 4478 ·
3353 4444 3444 4499 καὶ
3513 4443 3593 4500 ὅτι
3645 4443 3772 4499 κατὰ
3806 4440 3860 4495 τὸ

504 4527 787 4613 cundum,
819 4539 900 4599 sit
923 4538 997 4601 ab
1027 4556 1203 4618 apere
1239 4539 1342 4601 die
1381 4527 1730 4616 Dominica,
1793 4559 1913 4604 non
1945 4548 2151 4604 autem

2236 4530 2538 4612 ἰγχωροῦν,
2605 4527 2690 4586 δεῖ
2746 4527 3033 4609 σχολάζειν
3103 4533 3203 4598 τὴν
3263 4533 3534 4610 Κυριακήν
3573 4553 3587 4568 ·
3647 4537 3704 4592 οὗ
3761 4530 3858 4606 μὴν

503 4630 573 4690 in
596 4627 882 4702 Sabbalo;
909 4635 965 4690 ei
999 4617 1161 4709 quod
1187 4645 1381 4692 sacrae
1414 4632 1756 4711 Scriptura?
1783 4632 1852 4694 in
1880 4631 2151 4696 Sabbato

2235 4623 2295 4677 τὸ
2353 4617 2619 4678 σάϐϐατον
2657 4639 2669 4653 '
2705 4620 2792 4677 καὶ
2835 4618 2918 4676 ὅτι
2965 4619 3049 4678 δεῖ
3107 4622 3317 4702 Γραφὰς
3377 4622 3764 4702 ἀναγινώσκειν
3805 4618 3858 4675 τὸ

503 4716 776 4800 legendae
806 4723 966 4783 sint.
1013 4708 1018 4709 ί
1551 4708 1568 4711 ’

2237 4708 2524 4770 σάϐϐατον.

893 4808 1152 4872 Consilii
1181 4804 1418 4873 Νέουεηὶ
1442 4829 1636 4874 canon
1665 4813 1763 4874 20.

2653 4798 2882 4860 Συνόδου
2912 4801 3133 4866 Νικαίας
3165 4802 3342 4860 κανὼν
3372 4801 3450 4866 κ’.

583 4896 686 4961 20.
721 4896 1013 4970 Quoniam
1064 4907 1204 4959 sunt
1255 4900 1520 4980 quidam,
1578 4903 1680 4981 qui
1713 4902 1773 4962 in
1807 4899 1909 4962 die
1939 4899 2149 4963 Domi-

2315 4887 2390 4952 κ⁹.
2434 4886 2657 4960 Ἐπειδή
2700 4889 2841 4954 τινές
2887 4892 3018 4947 εἰσιν
3062 4891 3117 4947 ἐν
3181 4897 3249 4968 τῇ
3310 4893 3550 4971 Κυριακῇ
3615 4889 3857 4971 γονυιιλι-

505 4985 642 5050 nico
673 5006 826 5065 genu
859 4988 1121 5064 ﬂectant,
1156 4997 1214 5050 et
1245 4979 1392 5070 ipsis
1427 4979 1640 5052 diebus
1666 4993 2151 5067 Peutecostes,ut

2234 4985 2470 5060 τοῦντες,
2504 4983 2591 5036 καὶ
2624 4983 2676 5036 εν
2721 4992 2846 5044 ταῖς
2881 4985 2975 5050 τῆς
3005 4987 3386 5050 Πεντηκοστῆς
3443 4983 3692 5058 ἡμέραις,
3739 4979 3859 5056 ὑπὲρ

506 5077 708 5138 omnia
738 5076 1016 5138 similiter
1046 5079 1106 5138 in
1140 5079 1303 5140 omni
1353 5081 1635 5159 parochia
1677 5089 2016 5156 serventur,
2053 5082 2143 5144 vi-

2233 5077 2323 5126 τοῢ
2367 5071 2540 5128 πάντα
2582 5070 2637 5126 ἐν
2676 5071 2824 5147 πάσῃ
2869 5071 3120 5149 παροικίᾳ
3183 5071 3562 5151 φυλάττεσθαι,
3636 5074 3858 5132 ἑστῶτας

504 5184 637 5228 sum
669 5173 760 5228 est
789 5176 1014 5230 sanctae
1042 5169 1290 5248 synodo,
1333 5179 1397 5232 ut
1427 5179 1654 5233 stantes
1689 5173 1812 5235 Deo
1846 5172 2145 5234 orationes

2233 5159 2371 5225 ἔδοξε
2428 5159 2494 5238 τῇ
2546 5161 2670 5240 ἁγίᾳ
2724 5161 2925 5237 συνόδῳ
3009 5163 3103 5227 τὰς
3183 5162 3351 5242 εὐχὰς
3426 5161 3729 5222 ἀποδιδόναι
3788 5164 3856 5232 τῷ

508 5255 839 5318 effundant.

833 5345 1095 5409 Cone-iiii
1126 5348 1456 5412 Laodiceni
1481 5368 1677 5413 canon
1709 5351 1807 5414 20.

586 5437 861 5510 99.0uod
886 5455 1003 5499 non
1027 5446 1260 5517 oportet
1279 5438 2058 5522 Christianosjudaizare,et
2083 5445 2139 5505 in

2231 5257 2370 5324 Θεῳ.
2588 5347 2626 5396 Σ
2709 5340 2752 5360 Μ
2905 5350 2911 5356 .
2967 5341 3020 5373 κ·
3082 5345 3092 5356 ⁸
3305 5344 3318 5365 ἱ
3464 5342 3477 5363 ν

2631 5361 2812 5396 υνοοου
2846 5347 3158 5396 Λαοοιιειας
3191 5364 3366 5396 κανων
3397 5348 3460 5396 κθ

2631 5347 2812 5398 υνόδου
2846 5347 3158 5406 Λαοδικείας
3191 5347 3366 5400 κανὼν
3397 5347 3504 5405 κθ’.

2306 5443 2412 5508 XO’.
2447 5443 2568 5502 ’Ὁτι
2600 5445 2659 5500 οὗ
2689 5444 2771 5502 δεῖ
2816 5448 3163 5524 Χριστιανοὺς
3219 5446 3505 5519 ἰουδαΐζειν
3553 5446 3639 5502 καὶ
3678 5445 3728 5500 ἐν
3778 5439 3844 5515 τῷ

503 5526 761 5592 Sabbato
786 5525 1100 5602 otiari,sed
1127 5527 1288 5608 ipsos
1311 5546 1383 5590 eo
1409 5529 1505 5592 die
1536 5535 1770 5612 Operari
1800 5550 1813 5591 :
1839 5532 1998 5594 diem
2028 5551 2139 5595 au-

2233 5532 2485 5608 Σαϐϐατῳ
2508 5534 2818 5615 σχολάζειν,
2852 5536 2968 5593 ἀλλ’
3007 5538 3316 5616 ἐργάζεσθαι
3376 5538 3565 5599 αὐτοὺς
3625 5535 3677 5591 ἐν
3721 5531 3848 5604 αὖτῆ

503 5625 625 5684 tem
657 5617 1032 5683 Dominicum
1057 5617 1445 5701 praeferentes
1471 5621 1672 5699 otiari,
1705 5622 1756 5684 si
1789 5623 1968 5686 modo
2001 5641 2138 5705 pos-

2233 5631 2292 5704 εῇ
2345 5624 2519 5703 ἡμέρᾳ
2558 5640 2572 5657 ⁸
2617 5627 2718 5696 τὴν
2761 5625 2815 5683 δὲ
2891 5628 3162 5709 Κυριακην
3227 5633 3625 5708 προτιμῶντας,
3687 5625 3738 5681 εἴ
3791 5642 3846 5702 γε
