4148 6198
343 285 464 370 645

1143 292 1561 372 SYNTAGMA
1612 286 2004 372 CANONUM.

2061 331 2139 347 --
2189 280 2346 366 TIT.
2394 286 2528 376 VII,
2576 299 2742 364 CAP.
2800 288 2906 363 1v.
3593 289 3712 361 646

346 439 613 515 δύναιντο,
660 441 950 523 σχολσίζειν
1007 442 1082 507 ὡς
1126 445 1433 522 Χριστιανοί
1468 462 1482 478 ·
1531 445 1575 499 εἰ
1621 442 1675 499 δὲ
1726 442 1973 521 εὓρεθεῖεε

2072 435 2215 512 sint,
2250 443 2312 498 ut
2361 433 2757 498 Christianos.
2811 431 2981 505 Quod
3030 431 3083 523 si
3110 429 3338 523 inventi
3364 430 3587 494 fuerint
3608 432 3703 513 ju-

346 529 693 609 Ἱουδοῖσταὶ,
725 532 967 591 ἔστωσαν
995 531 1233 608 ἀνάθεμα
1263 535 1407 610 παρὰ
1439 541 1674 612 Χριστῷ.

669 620 900 678 Συνόδου
934 622 1307 701 Καρθαγέννης
1340 622 1516 679 κανὼν
1560 623 1663 689 Ea’.

426 713 553 790 Περὶ
608 712 866 791 θεωρίων,
918 711 1010 767 τίνα
1063 714 1120 767 ἒν
1175 717 1246 789 τῇ
1303 718 1540 792 Κυριακῇ
1602 714 1690 769 καὶ
1748 712 1805 769 ἓν
1859 724 1984 774 ταῖς

340 799 563 866 λοιπαῖς
663 806 771 858 τῶν
867 801 1031 881 ἁγίων
1134 802 1351 881 ἑορταῖς
1449 803 1713 880 μηδαμῶς
1792 804 1981 860 ἔπιτε-

340 888 561 951 λῶνται.

424 980 528 1047 ξα’.
557 981 793 1039 Κὰκεῖνο
813 979 890 1038 ἔτι
915 981 1023 1058 μὴν
1055 979 1142 1038 δεῖ
1171 983 1410 1057 αἰτῆσαι,
1446 982 1539 1039 ἵνα
1565 982 1629 1039 τὰ
1657 981 1852 1061 θεώρια
1875 988 1980 1040 τῶν

339 1075 631 1150 θεατρικῶν
662 1072 923 1151 παιγνίων
966 1070 1021 1127 ἐν
1064 1077 1131 1143 τᾷ
1186 1078 1449 1150 Κυριακῇ,
1498 1073 1587 1129 καὶ
1617 1075 1674 1130 ὲν
1702 1085 1824 1136 ταῖς
1859 1071 1981 1130 λοι-

337 1174 473 1228 παῖς
502 1159 751 1241 φαιδραῖς
798 1160 898 1229 τῆς
948 1167 1054 1217 τῶν
1106 1167 1436 1238 Χριστιανῶν
1468 1164 1697 1227 πίστεως
1727 1162 1978 1240 ἡμέραις,

339 1250 654 1306 κωλύωνται
687 1249 966 1325 μάλιστά⁸
1031 1247 1113 1305 ὅτι
1186 1249 1239 1306 ἑν
1309 1257 1379 1328 τῇ
1436 1249 1648 1328 όγδοείδι
1691 1258 1786 1308 τοῦ
1828 1251 1981 1330 ἁγίου

343 1341 563 1419 Πάσχα,
610 1341 659 1396 οἱ
691 1339 850 1420 ὄχλοι
884 1338 1092 1415 μᾶλλον
1122 1342 1195 1405 εἷς
1225 1343 1289 1398 τὸ
1317 1340 1692 1422 ἱπποδρόμιον,
1740 1341 1878 1420 ἥπερ
1908 1343 1980 1407 εἷς

341 1429 440 1498 τὴν
498 1427 825 1495 Ἐκκλησίαν
883 1430 1258 1511 συνέρχονται,
1318 1429 1548 1511 ὀφείλειν
1593 1432 1978 1512 μετενεχθῆναι

340 1520 436 1584 τὰς
494 1519 792 1596 ὡρισμένας
850 1524 1023 1579 αὐτῶν
1082 1519 1312 1601 ἡμέρας,
1375 1520 1465 1577 ὅτε
1522 1521 1845 1597 ἀπαντήσει,
1891 1522 1982 1579 καὶ

339 1609 419 1684 μὴ
476 1607 708 1687 ὀφείλειν
780 1608 898 1666 τινὰ
951 1607 1060 1665 τῶν
1101 1615 1431 1690 Χριστιανῶν
1474 1612 1606 1688 πρὸς
1663 1612 1729 1669 τὰ
1788 1611 1979 1690 θεώρια

336 1700 503 1755 ταῦτα
532 1698 949 1777 ἆναγκᾶζεσθαι.

431 1786 659 1845 Συνόδου
689 1788 1064 1865 οίκουμενιιιῆς
1092 1790 1255 1858 ἕκτης
1289 1792 1464 1847 κανὼν
1496 1788 1583 1865 ιθ’,
1618 1790 1751 1872 ξςκ
1786 1790 1872 1868 4".

418 1876 509 1941 ιθ’,
536 1876 663 1935 ’Ότι
717 1875 803 1934 δεῖ
852 1879 973 1941 τοὺς
1004 1878 1110 1935 τῶν
1142 1879 1484 1948 Ἐκκλησιῶν
1515 1888 1883 1961 προεστῶτας,
1919 1883 1976 1938 ἓν

334 1968 484 2044 πάσῃ
544 1967 646 2042 μὲν
700 1967 898 2048 ἡμέρα,
958 1967 1235 2048 ἐξαιρέτως
1320 1969 1378 2027 δὲ
1449 1986 1573 2035 ταῖς
1654 1981 1973 2052 Κυριακαῖι,

336 2058 507 2114 πάντα
538 2059 630 2114 τὸν
688 2057 889 2135 κλῆρον
941 2060 1027 2115 καὶ
1075 2061 1166 2115 τὸν
1199 2061 1330 2116 )αὸν
1360 2058 1687 2118 ἑγδιδάσιιειν
1718 2063 1841 2124 τοὺς
1872 2062 1972 2128 τῆς

336 2145 605 2213 εὖσεϐείας
659 2147 883 2226 λόγους,
942 2147 1002 2205 ἐκ
1052 2148 1148 2216 τῆς
1191 2150 1334 2215 θείας
1373 2154 1590 2233 Γραφῆς
1631 2150 1970 2230 ἀναλεγομέ-

333 2259 454 2301 νους
498 2237 564 2293 τα
593 2242 691 2304 τῆς
724 2236 977 2305 ἀληθείας
1029 2239 1275 2314 νοήματά
1330 2261 1389 2296 τε
1446 2240 1543 2297 καί
1597 2243 1852 2320 κρίματα,
1886 2243 1975 2297 καὶ

335 2328 414 2403 μὴ
446 2325 898 2405 παρεκϐαίνοντας
956 2329 1081 2391 τοὺς
1137 2327 1243 2397 ἤδη
1298 2329 1543 2393 τεθέντας
1587 2329 1766 2410 ὅρους,
1799 2330 1835 2398 ἢ
1874 2330 1973 2398 τὴν

334 2417 396 2472 ἐκ
424 2421 532 2473 τῶν
562 2417 832 2497 θεοφόρων
883 2416 1133 2495 Πατέρων
1189 2418 1482 2499 παράδοσιν
1515 2437 1532 2457 ο
1592 2419 1731 2477 ἀλλὰ
1786 2422 1874 2476 καὶ
1928 2422 1974 2477 εἰ

334 2508 597 2584 Γραφικὸς
629 2507 976 2575 ἀνακινηθείη
1030 2506 1215 2585 λόγος,
1252 2508 1329 2584 μὴ
1362 2508 1540 2575 ἄλλως
1570 2516 1756 2567 τοῦτον
1789 2510 1967 2588 ἑρμη-

334 2597 654 2676 νευέτωταν,
712 2596 749 2664 ἢ
806 2598 878 2658 ὡς
936 2596 1000 2653 ἂν
1056 2597 1103 2653 οἱ
1152 2602 1252 2667 τῆς
1303 2597 1632 2667 Ἐκκλησίας
1689 2604 1968 2679 φωστῆρες

331 2686 420 2742 καὶ
449 2682 755 2743 διδάσκαλοι
798 2684 886 2743 διὰ
944 2689 1047 2751 τῶν
1092 2689 1300 2744 οἰκείων
1340 2687 1776 2767 συγγραμμάτων
1821 2710 1966 2765 παρ-

330 2775 511 2832 έθεντο
544 2791 560 2807 ⁸
622 2778 712 2833 καὶ
771 2774 977 2852 μᾶλλον
1035 2776 1088 2834 ἐν
1146 2776 1359 2843 τούτοις
1422 2777 1886 2853 εὖδοκιμείτωσαν,
1929 2778 1964 2848 ἢ

325 2862 521 2944 λόγους
611 2865 834 2931 οἰκείους
908 2867 1308 2941 συννάττοντες,
1385 2867 1526 2925 ἔστιν
1614 2866 1701 2924 ὅτε
1753 2868 1967 2946 ἀπόρως

327 2953 553 3035 ἔχοντες
609 2956 741 3031 πρὸς
795 2962 977 3031 τοῦτο,
1014 2956 1371 3012 ἀποπίπτοιεν
1424 2964 1516 3015 τοῦ
1572 2956 1964 3035 προσήκοντος.

326 3046 429 3102 Διὰ
456 3045 558 3123 γὰρ
587 3044 687 3112 τῆς
731 3050 837 3101 τῶν
884 3043 1290 3124 προειρημένων
1324 3046 1572 3125 Πατάρων
1625 3044 1967 3111 διδασκαλίας

327 3137 379 3190 oi
435 3132 554 3189 λαοὶ
608 3135 665 3189 εδ
723 3134 919 3213 γνώσει
963 3138 1233 3212 γινόμενοι
1283 3135 1391 3192 τῶν
1429 3158 1487 3193 τε
1517 3134 1816 3193 σπουδαίων
1865 3140 2026 3227 xa‘tc

325 3226 577 3300 αἱρετῶν,
638 3225 725 3279 καὶ
778 3229 883 3280 τῶν
941 3224 1263 3304 ἀσυμφόρων
1322 3227 1410 3282 καὶ
1479 3223 1829 3298 ἆποϐλήτων,
1875 3227 1967 3282 τὸν

321 3313 439 3390 βίον
499 3311 960 3391 τεταρῤυθμίζουσι
1005 3316 1137 3391 πρὸς
1195 3315 1257 3371 τὸ
1312 3313 1548 3391 βέλτιον,
1609 3317 1811 3390 καὶτῷ
1869 3321 1968 3383 τῆς

321 3402 544 3479 ἀγνοίας
594 3402 700 3482 οὐχ
760 3400 1070 3461 ἁλίσκονται
1130 3403 1309 3478 πάθει,
1343 3403 1481 3462 ἀλλὰ
1511 3405 1871 3485 προσέχοντες
1899 3412 1969 3482 τῇ

324 3490 659 3566 διδασκαλίᾳ,
723 3493 943 3555 ἑαυτοὺς
982 3494 1115 3572 πρὸς
1172 3495 1236 3550 τὸ
1294 3494 1371 3570 μὴ
1408 3494 1591 3561 κακῶς
1633 3499 1826 3552 παθεῖν
1855 3517 1970 3552 πα·-

322 3582 640 3661 ραθήγουσι,
674 3583 762 3638 καὶ
793 3579 941 3662 φόϐῳ
969 3588 1076 3640 τῶν
1107 3581 1498 3660 ἐπηρτημένων
1539 3589 1835 3661 τιμωριῶν,
1868 3583 1969 3652 τήν

324 3673 598 3749 σωτηρίαν
624 3671 812 3737 αὒτοῖς
843 3670 1233 3752 ἐξεργάζονται.

412 3760 546 3836 ἐς.
605 3762 742 3818 Ἀπὸ
797 3766 897 3830 τῆς
953 3761 1106 3841 ἁγίας
1172 3761 1534 3841 ἆναστασίμου
1593 3770 1822 3842 Χριστοῦ
1876 3770 1971 3822 τοῦ

329 3858 467 3909 Θεοῦ
494 3852 651 3924 ἡμῶν
678 3850 907 3931 ἡμέρας,
943 3852 1107 3933 μέχρι
1138 3857 1236 3920 τῆς
1294 3858 1486 3920 καινῆς
1541 3858 1835 3932 Κυριακῆς,
1869 3852 1967 3921 τήν

327 3938 465 4008 ὅλην
495 3937 759 4016 ἑϐδομάδα
805 3940 858 3998 ἐν
915 3954 1038 4006 ταῖς
1095 3942 1272 4021 ἁγίαις
1326 3941 1636 4011 ἐκκλησίαις
1676 3942 1967 4023 σχολάζειν

323 4027 413 4087 δεῖ
441 4030 854 4107 ἀπαραλείπτως
885 4032 1007 4095 τοὺς
1064 4034 1287 4097 πιστοὸς
1350 4033 1405 4090 ἂν
1460 4032 1707 4110 ψαλμοῖς
1738 4034 1825 4089 καὶ
1857 4030 1963 4109 ὕμ-

322 4141 436 4184 νοις
517 4121 607 4177 καὶ
690 4118 857 4195 ᾤδαῖς
927 4134 1322 4197 πνευματικαῖς
1400 4121 1848 4203 εὐφραινομένους
1907 4122 1962 4179 ἐν

321 4215 540 4289 Χριστῷ
594 4211 683 4266 καὶ
727 4209 1096 4291 ἑορτάζοντας,
1158 4212 1245 4268 καὶ
1286 4216 1355 4288 τῇ
1414 4216 1522 4268 τῶν
1552 4212 1707 4268 θείων
1744 4217 1967 4291 Γραφῶν

321 4299 623 4378 ἀναγνώσει
679 4299 1079 4382 προσέχοντας,
1119 4299 1218 4358 καὶ
1272 4307 1378 4358 τῶν
1438 4302 1602 4381 ἁγίων
1664 4303 1968 4381 μυστηρίων

2070 525 2395 601 daizantes,
2436 525 2904 586 sintanathema
2933 520 3087 604 apud
3121 520 3445 584 Christum.

2308 614 2571 679 Consilii
2602 614 3108 692 Carthaginiensis
3138 628 3334 674 canon
3361 611 3463 673 81.

2068 707 2154 769 De
2182 704 2569 789 spectaculis,
2603 711 2672 765 ut
2701 703 2800 765 die
2830 702 3162 777 Dominico,
3188 700 3281 789 vel
3306 702 3542 763 steteris
3568 719 3707 764 san-

2187 788 2421 860 ctorum
2450 792 2886 873 festivitatibus
2906 791 3158 854 minime
3185 788 3581 853 celebrentur.

2145 976 2246 1038 71.
2280 973 2526 1036 Necnon
2545 972 2611 1024 65
2632 979 2691 1033 et
2722 969 2869 1032 illud
2904 968 3330 1050 petendum,ut
3358 971 3703 1052 spectacula

2068 1064 2437 1126 theatrorum
2474 1072 2960 1140 caeterorumque
2999 1058 3281 1121 ludorum
3323 1058 3422 1121 die
3440 1061 3707 1124 Domini-

2065 1171 2157 1234 ca,
2190 1153 2282 1215 vel
2303 1156 2536 1215 caeteris
2569 1151 2880 1231 religionis
2909 1146 3260 1210 Christiana;
3288 1147 3504 1212 diebus
3537 1152 3703 1215 cele-

2065 1241 2349 1305 berrimis
2404 1249 2817 1316 amoveantur;
2867 1237 3128 1322 marime
3171 1237 3309 1318 quia
3339 1242 3534 1301 sancti
3561 1244 3699 1321 (ms.

2062 1334 2310 1414 sanctae)
2345 1333 2590 1396 Paschie
2614 1342 2959 1395 octavarum
2988 1326 3086 1389 die
3137 1328 3342 1408 pepuli
3369 1329 3441 1391 ad
3473 1331 3699 1393 circum

2065 1423 2252 1502 magis
2301 1441 2480 1505 quam
2527 1422 2601 1485 ad
2655 1422 2976 1483 ecclesiam
3031 1416 3413 1491 conveniunt,
3470 1420 3702 1484 debere

2064 1512 2381 1575 transferri
2412 1509 2752 1574 devotionis
2777 1525 2983 1570 eorum
3016 1505 3145 1569 dies
3199 1505 3326 1587 (50)
3380 1509 3432 1569 si
3462 1511 3700 1590 quando

2063 1602 2462 1679 occurrerint,
2541 1619 2650 1663 nec
2719 1604 3001 1679 oportere
3074 1595 3256 1657 etiam
3339 1616 3696 1681 quamquam

2063 1691 2541 1754 Christianorum
2573 1688 2703 1768 cogi
2724 1686 2798 1749 ad
2826 1686 2951 1747 haec
2982 1684 3344 1766 spectacula.
3688 1694 3690 1696 '

2003 1813 2039 1865 Β
2068 1782 2200 1843 [89
2224 1780 2489 1845 Consilii
2515 1777 2864 1842 woumemct'
2890 1791 2973 1847 v1,
3018 1790 3283 1865 canones
3323 1775 3421 1851 19,
3455 1777 3557 1854 66,
3592 1779 3696 1844 90.

2144 1872 2235 1936 19.
2269 1872 2439 1945 Quod
2468 1869 2534 1920 66
2561 1875 2797 1950 oportet
2825 1864 3066 1945 eos,qui
3101 1865 3699 1951 praesuntEcclesiis,

2057 1960 2118 2025 in
2148 1963 2430 2024 omnibus
2472 1959 2716 2042 quidem
2744 1954 2988 2035 diebus,
3020 1952 3125 2016 sed
3159 1960 3460 2036 praecipue
3487 1960 3698 2021 Domi-

2056 2051 2233 2129 nicis,
2271 2069 2513 2114 omnem
2547 2049 2774 2112 clerum
2802 2054 2860 2107 et
2891 2043 3185 2125 populum
3214 2043 3433 2107 docere
3459 2046 3697 2126 pietatis

2055 2149 2115 2203 et
2135 2150 2315 2204 rectm
2350 2137 2657 2218 religionis
2718 2134 2982 2214 eloquia,
3020 2150 3090 2194 ex
3141 2132 3343 2194 divina
3389 2133 3697 2215 Scriptura

2054 2231 2409 2310 colligentes
2449 2225 2878 2302 intelligentias
2932 2230 2993 2283 et
3030 2221 3266 2302 judicia
3294 2224 3598 2289 veritatis:
3633 2235 3694 2289 et

2053 2337 2174 2382 non
2200 2309 2711 2399 transgredientes
2734 2315 2859 2393 jam
2896 2309 3121 2399 positos
3146 2311 3457 2380 terminos.
3481 2315 3572 2376 vel
3603 2316 3689 2378 di-

2052 2410 2323 2472 vinorum
2361 2408 2602 2473 Pairum
2632 2401 3044 2466 traditionem.
3072 2398 3191 2463 Sed
3224 2409 3282 2462 et
3310 2401 3361 2462 si
3385 2401 3462 2465 ad
3486 2403 3689 2488 Scrip-

2052 2507 2247 2562 turam
2266 2500 2571 2581 pertinens
2584 2496 2995 2558 controversia
3007 2489 3206 2570 aliqua
3217 2490 3476 2554 excitata
3487 2494 3686 2573 fuerit,

2052 2607 2128 2652 ne
2176 2607 2303 2651 eam
2350 2588 2525 2650 aliter
2582 2586 3077 2664 interpretentur,
3133 2598 3312 2661 quam
3372 2586 3687 2649 commodo

2048 2678 2334 2742 Ecclesia
2383 2673 2702 2741 luminaria
2743 2680 2805 2734 et
2850 2670 3129 2733 doctores
3158 2669 3289 2731 suis
3317 2671 3559 2753 scriptis
3590 2693 3688 2738 ex-

2049 2777 2383 2850 posuerunt
2416 2787 2432 2829 :
2467 2774 2527 2827 et
2555 2764 2947 2850 majoremiex
2976 2759 3053 2821 iis
3085 2758 3322 2821 laudem
3355 2779 3689 2843 assequan-

2051 2849 2168 2933 tur,
2200 2877 2377 2940 quam
2420 2856 2472 2919 si
2504 2873 2639 2937 quae
2668 2872 2701 2916 a
2732 2870 2798 2914 se
2829 2849 3112 2912 dicuntur
3144 2861 3531 2940 componant,
3574 2873 3687 2918 nec

2052 2949 2191 3011 dum
2220 2937 2589 3030 quandoque
2620 2943 2693 3005 ad
2726 2942 2787 3004 id
2820 2940 3120 3012 haesitant,
3150 2937 3225 3000 ab
3250 2943 3516 3030 eoiquod
3548 2963 3688 3008 con-

2051 3029 2573 3112 venit,7excidant.
2628 3032 2741 3096 Per
2797 3030 3215 3112 praedictorum
3252 3029 3409 3091 enim
3440 3033 3683 3097 Patrum

2051 3128 2413 3202 doctrinam,
2455 3124 2659 3206 populi
2703 3122 2774 3184 ad
2826 3137 3035 3182 eorum
3095 3136 3230 3199 quae
3270 3130 3411 3182 sunt
3439 3120 3599 3185 bona
3627 3133 3688 3188 et

2050 3218 2407 3299 expetenda,
2440 3225 2502 3278 et
2524 3213 2763 3276 inutilia
2786 3229 2855 3272 ac
2882 3208 3243 3289 rejicienda,
3275 3210 3684 3289 cognitionem

2050 3307 2386 3381 venientes,
2422 3305 2600 3367 vitam
2630 3303 2691 3365 in
2715 3301 2932 3364 melius
2968 3307 3357 3381 componunt,
3384 3319 3495 3363 nec
3525 3302 3693 3383 igno-

2052 3404 2260 3461 rantiae
2282 3397 2486 3459 vitium
2519 3392 2882 3457 delabuntur
2914 3408 2929 3453 :
2958 3390 3062 3451 sed
3095 3388 3387 3452 doctrinm
3419 3403 3687 3457 mentem

2052 3486 2436 3562 adhibentes,
2471 3503 2535 3546 se
2582 3484 2746 3565 ipsos
2793 3480 2868 3543 ad
2900 3480 2986 3556 id,
3020 3497 3096 3540 ne
3128 3477 3266 3540 mali
3299 3480 3443 3560 quid
3477 3484 3564 3545 eis
3590 3502 3689 3547 ac-

2053 3578 2236 3651 cidat,
2294 3576 2582 3652 excitant;
2642 3579 2704 3634 et
2759 3567 3202 3632 imminentium
3253 3571 3684 3651 suppliciorum

2050 3676 2216 3730 metu
2239 3666 2351 3728 sibi
2386 3664 2637 3726 salutem
2670 3668 3022 3741 operantur.

2133 3756 2233 3821 66.
2267 3758 2319 3816 A
2346 3760 2554 3816 sancta
2583 3749 2769 3814 Cbisti
2820 3748 2927 3811 Dei
2981 3749 3169 3810 nostri
3216 3752 3688 3816 resurrectionis

2051 3845 2151 3909 die
2182 3862 2370 3927 usque
2398 3843 2472 3906 ad
2530 3856 2744 3902 novam
2773 3836 3171 3914 Dominicam,
3205 3848 3330 3902 tota
3357 3844 3689 3922 septimana

2048 3936 2109 3998 in
2141 3935 2415 3999 ecclesiis
2444 3948 2655 3995 vacare
2684 3928 2893 3991 ﬁdeles
2904 3929 3132 4009 jugiter
3152 3939 3393 4011 oportet
3416 3931 3685 4009 psalmis,

2049 4034 2108 4091 et
2156 4024 2413 4106 hymnis,
2468 4030 2528 4084 et
2585 4017 2953 4102 spiritalibus
3010 4018 3283 4092 canticis,
3335 4019 3397 4081 in
3445 4020 3682 4085 Christo

2045 4115 2397 4196 gaudentes,
2430 4112 2772 4190 festumque
2802 4107 3200 4185 celebrantes,
3258 4116 3317 4171 et
3339 4108 3683 4196 divinarum

2049 4195 2497 4287 Scripturarum
2556 4198 2803 4262 lectioni
2857 4207 3121 4260 mentem
3189 4195 3571 4277 adhibentes,
3624 4208 3685 4263 et

2049 4296 2271 4357 sanctis
2305 4290 2607 4374 mysteriis
2648 4287 2914 4369 jucunde
2959 4296 3017 4349 et
3065 4287 3225 4349 laute
3258 4289 3542 4351 fruentes.
3584 4289 3684 4353 Sic

319 4376 795 4470 κατατρυφῶντας.
853 4376 1121 4467 5Ῑιζσόμεθα
1194 4391 1294 4469 γὰρ
1370 4376 1509 4449 οὕτω
1567 4376 1776 4470 Χριστῷ
1837 4376 1966 4449 συν-

2056 4386 2208 4447 enim
2243 4402 2377 4445 cum
2410 4380 2646 4444 Christo
2679 4376 3099 4458 exaltabimur,
3134 4385 3194 4440 et
3250 4397 3366 4470 una
3395 4398 3682 4461 resurge-

322 4467 670 4555 ανιστᾶμενοί
725 4501 783 4537 τε
829 4481 921 4537 καὶ
980 4467 1369 4556 συνοψούήμενοι
1407 4496 1421 4512 ⁸
1468 4467 1737 4557 μηδαμῶς
1775 4485 1864 4539 οὗν
1910 4481 1964 4538 ἒν

2056 4493 2204 4538 mus.
2247 4471 2642 4551 Nequaquam
2701 4486 2843 4547 ergo
2894 4468 3194 4548 praedictis
3243 4467 3461 4531 diebus
3490 4488 3685 4551 equo-

322 4581 448 4632 ταῖς
507 4568 884 4647 προκειμέναις
941 4570 1169 4649 ἡμέραις
1227 4567 1554 4648 ἱπποδρόμια
1608 4570 1643 4638 ἢ
1674 4570 1828 4652 ἑτέρα
1858 4569 1963 4638 δη-

2056 4582 2180 4626 rum
2212 4580 2448 4640 cursus,
2480 4560 2572 4623 vel
2602 4558 2845 4640 aliquod
2905 4557 3213 4639 publicum
3244 4558 3344 4619 ﬁat
3374 4570 3689 4639 spectacu-

323 4654 514 4735 μώδης
537 4658 632 4718 θέα
663 4658 1027 4715 ἔπιτελείσθω.
2048 4655 2193 4717 lum.
3100 4708 3109 4716 .

410 4744 495 4825 ζ”σ
543 4748 680 4813 Ταῖς
729 4747 1025 4827 Κοριακαῖς
1059 4747 1140 4825 μή
1176 4749 1302 4827 γόνυ
1346 4749 1563 4824 κλίνειν,
1600 4752 1658 4807 ἑκ
1702 4749 1807 4809 τῶν
1838 4755 1964 4809 θεο-

2136 4744 2272 4806 185
2292 4741 2393 4807 90.
2416 4740 2744 4804 Dominicis
2775 4740 2934 4817 genti
2964 4754 3089 4797 non
3117 4738 3365 4827 ﬂectere
3404 4756 3439 4798 a
3469 4736 3687 4800 divinis

324 4838 503 4918 φόρων
545 4839 703 4915 ἡμῶν
748 4826 998 4917 Πατέρων
1056 4826 1351 4905 κανονικῶς
1411 4838 1807 4920 παρελάνῖομεν,
1868 4843 1967 4913 τήν

2056 4834 2274 4897 nostris
2293 4828 2810 4920 Patribus,Christi
2826 4826 3329 4920 resurrectionem
3352 4827 3687 4920 honoranti-

323 4935 418 4985 τοῦ
473 4934 699 5007 Χριστοῦ
756 4934 1021 5003 τιμῶντες
1078 4927 1392 4989 ἀνάστασιν.
1457 4933 1551 4996 Ὠς
1612 4930 1674 4986 ἃν
1735 4931 1827 4987 οὖν
1889 4932 1968 5007 μή

2056 4924 2486 5001 bus,canonice
2506 4919 2847 5000 accepimus
2872 4915 2958 4975 67.
2983 4916 3073 4977 Ne
3103 4915 3458 5007 erguhujus
3483 4915 3689 4979 obser-

320 5004 605 5096 ἆγνοῶμεν
636 5018 698 5074 τὸ
730 5018 895 5098 σαφὲς
936 5018 1026 5086 τῆς
1076 5019 1265 5077 τούτου
1318 5021 1770 5101 παρατηρήσεως,
1805 5004 1969 5089 δῆλον

2056 5013 2308 5077 rationis
2336 5010 2697 5101 evidentiam
2728 5008 3095 5086 ignoremus,
3132 5004 3412 5067 ﬁdelibus
3444 5007 3689 5101 manife-

317 5121 441 5173 τοῖς
489 5108 717 5171 πιστοῖς
750 5096 1111 5185 γαθιστῶμεν,
1144 5108 1285 5167 ὥστε
1318 5096 1455 5184 μετὰ
1483 5096 1582 5180 τήν
1626 5110 1679 5167 ἐν
1711 5096 1789 5185 τῶ
1819 5110 1966 5168 Σαϐ-

2056 5116 2214 5167 stum
2237 5103 2489 5164 facimus
2518 5098 2677 5182 quod
2709 5104 2839 5177 post
2869 5102 3278 5177 ve5pertinum
3309 5096 3687 5163 sacerdotum

317 5195 467 5255 ϐάτω
509 5199 795 5276 ἑσπερινήν
854 5206 960 5255 τῶν
1017 5199 1321 5280 ἱερωμένων
1351 5202 1482 5279 πρὸς
1509 5204 1570 5257 τὸ
1599 5200 1967 5279 θυσιαστήριον

2056 5197 2121 5257 ad
2149 5194 2337 5255 altare
2359 5190 2617 5253 Sabbato
2641 5189 3081 5280 ingressum,ex
3102 5186 3538 5280 consuetudine
3556 5208 3691 5271 quae

317 5285 560 5368 εἴσοδον,
593 5289 736 5346 κατὰ
763 5289 824 5345 τὸ
868 5277 1099 5367 κρατοῦν
1158 5289 1274 5353 ἔθος
1332 5277 1533 5365 μηδένα
1589 5292 1717 5369 γόνυ
1771 5289 1968 5349 κλίνειν

2056 5293 2354 5358 servatur,
2377 5298 2554 5343 nemo
2581 5295 2736 5358 genu
2763 5277 2985 5352 ﬂectat,
3008 5294 3199 5359 usque
3226 5277 3299 5340 ad
3332 5287 3687 5361 sequentem

396 5427 462 5480 65
490 5427 674 5493 Conc.
702 5428 890 5494 Afric.
925 5447 980 5493 c.
1014 5429 1117 5494 28.
1199 5429 1264 5480 66
1292 5427 1433 5494 Can.
1466 5438 1656 5512 apost.
1690 5431 1787 5493 58.
1875 5433 1938 5484 6⁷
1966 5433 1973 5497 Ξ

2056 5450 2192 5497 :ren.
2228 5445 2417 5492 canon
2448 5426 2526 5489 Q0
2561 5423 2764 5503 ;Petri
2792 5420 2965 5486 Alex.
2999 5440 3131 5485 can.
3167 5423 3264 5485 15.

403 5554 524 5635 (50)
558 5555 788 5637 Graece,
824 5575 855 5616 ‹
885 5554 1195 5637 transferri
1227 5556 1553 5636 praeﬁnitas
1582 5575 1790 5622 eorum
1821 5559 1975 5626 dies.
2012 5582 2053 5620 s'
2095 5554 2337 5623 Devotio
2369 5552 2514 5637 quid
2546 5558 2704 5617 esset
2730 5569 2848 5614 non
2894 5548 3133 5631 intellit,
3167 5567 3281 5614 nec
3306 5549 3689 5619 devotionem

318 5649 456 5700 esse
484 5636 742 5699 credidit
776 5635 835 5698 in
864 5635 1174 5717 gentilium
1206 5635 1590 5721 spectaculis.
