4148 6198
489 259 604 331 647
1664 209 1935 328 ῬΗΟΤΙΙ
1988 249 2506 342 ΡΑΤΒΙΑΒΟΗιΕ
2548 259 2668 328 CP.
3175 259 3180 264 ’
3718 264 3822 335 648

481 427 793 491 vesperam
827 410 886 472 in
919 410 1018 472 die
1052 409 1366 473 Dominico
1396 427 1411 482 ;
1463 409 1524 471 in
1565 427 1684 490 qua
1723 416 1856 490 post
1887 411 2122 488 ingres-

2213 409 2386 489 μέχρι
2421 414 2521 477 τῆς
2553 406 2739 488 ἑφεξῆς
2795 409 2933 466 κατὰ
2982 408 3081 476 τὴν
3139 408 3404 486 Κυριακῆν
3435 407 3677 491 ἰσπέρας,
3717 413 3822 470 καθ’

484 519 614 562 sum
649 499 1154 581 in‘completorio,
1187 518 1384 580 genua
1409 519 1620 562 rursus
1651 500 1982 576 ﬂectentes,
2015 502 2122 563 Do-

2210 500 2276 568 ἣν
2307 500 2446 575 μετὰ
2490 498 2591 566 τὴν
2622 498 2676 555 έν
2721 505 2798 573 τῷ
2831 497 3073 579 λυχνικῷ
3103 497 3342 574 εἴσοδον,
3388 499 3531 562 αὖθις
3561 501 3624 557 τὰ
3650 503 3828 580 γόνοτα

490 591 654 652 mino
686 608 900 668 preces
929 590 1014 651 sic
1060 590 1395 653 offerimus.
1429 589 1758 652 Salvatoris
1791 590 1953 651 enim
1984 607 2122 650 nos-

2211 591 2578 666 κάμπτοντες,
2613 588 2752 645 οὕτω
2781 589 2876 654 τὰς
2909 591 3073 669 εὐχὰς
3123 595 3200 663 τῷ
3247 590 3419 666 Κυρίῳ
3478 591 3822 667 προσάγομεν.

488 680 563 742 tri
585 679 1052 741 resurrectionis
1095 697 1534 759 praecursorem
1568 688 1834 756 noctem,
1869 697 2001 760 quae
2021 677 2122 740 fuit

2221 685 2324 747 Γῆς
2355 680 2455 758 γὰρ
2490 686 2581 735 τοῦ
2613 685 2866 758 Σωτῆρος
2897 681 3051 754 ἡμῶν
3103 678 3362 756 έγέρσεως
3413 677 3702 758 πρόδρομον
3741 682 3829 749 τὴν

485 778 617 849 post
644 768 973 832 Sabbatum
1005 769 1665 850 accipientes,hymnos
1697 769 1772 831 ab
1797 787 1867 831 ea
1884 769 2122 848 spirita-

2214 770 2353 841 μετὰ
2421 770 2481 824 τὸ
2540 764 2816 826 Σάϐϐατον
2889 769 3052 826 νύκτα
3137 764 3670 848 παραλαμϐάνοντες,
3735 775 3832 825 τῶν

486 858 625 918 liter
659 857 1002 938 incipimus,
1032 858 1249 919 festum
1284 877 1356 920 ex
1388 858 1655 920 tenebris
1689 859 1749 920 in
1807 859 2000 920 lucem
2056 857 2122 919 ﬁ-

2214 858 2394 934 ῦμνων
2451 857 2684 916 ἐντεῦθεν
2752 864 3127 934 πνευματικῶς
3178 857 3564 936 ἆπαρχὸμεθα,
3608 860 3678 920 εἰς
3734 865 3835 937 φῶς

483 947 751 1028 nientes,
786 956 849 1008 ut
908 948 970 1010 in
1027 949 1293 1028 perfecto
1348 957 1404 1010 et
1453 949 1689 1028 integro
1723 948 1820 1012 die
1851 967 1920 1011 ac
1953 956 2136 1011 nocte

483 1055 593 1101 nos
622 1037 1138 1102 resurrectionem
1172 1037 1582 1101 celebremus.

1049 1218 1216 1280 Petri
1238 1234 1434 1280 canon
1474 1219 1568 1280 15.

569 1307 666 1374 15.
694 1312 823 1374 Nec
869 1307 1280 1388 reprehendet
1336 1325 1447 1369 nos
1505 1304 1825 1388 quisquam
1868 1313 2014 1384 etc.,
2067 1314 2133 1369 ut

486 1418 674 1481 supra
697 1415 843 1480 pag.
877 1396 1016 1462 638.

705 1487 1024 1568 Theophili
1053 1503 1130 1549 ex
1157 1487 1353 1549 edicto
1386 1486 1458 1549 de
1497 1485 1910 1566 Theophania.

563 1578 636 1639 Et
667 1596 796 1639 mos
824 1586 883 1638 et
914 1577 1199 1638 honestas
1230 1593 1264 1636 a
1295 1575 1470 1637 nobis
1511 1574 1714 1655 exigit,
1770 1583 1836 1636 ut
1883 1594 2124 1638 omnem

483 1669 643 1731 diem
696 1664 1076 1729 Dominicum
1109 1666 1502 1741 ltonoremus,
1538 1683 1800 1746 eumque
1853 1666 2126 1729 celebre-

2215 949 2276 1006 ἐκ
2308 949 2530 1011 σκότους
2564 948 2661 1013 τὴν
2695 949 2885 1024 ἑορτὴν
2916 947 3316 1026 καταλήγοντες
3339 948 3468 1011 ’γὼς
3501 947 3554 1004 ἰν
3577 947 3839 1024 ὁλοκλήρῳ

2215 1041 2453 1094 mesen
2525 1039 2672 1094 νυκτὶ
2731 1039 2820 1094 καὶ
2877 1037 3053 1116 ἡμέρᾳ
3112 1039 3490 1115 πανηγυρίζειν
3548 1038 3690 1114 ἡμᾶς
3747 1037 3841 1104 τὴν

2217 1128 2529 1188 ἀνάστασιν.

2801 1217 3000 1297 Πέτρου
3044 1219 3220 1275 κανῶν
3261 1215 3352 1279 ιε’.

2299 1305 2386 1370 ιε’.
2421 1308 2527 1367 Οὐκ
2557 1305 2836 1388 ἐγκαλέσει
2864 1329 2945 1372 τις
2975 1308 3140 1388 ἡμῖν,
3169 1330 3224 1368 κ.
3255 1330 3308 1372 τ,
3342 1307 3398 1371 λ.

2273 1487 2528 1567 Θεοφίλου
2558 1487 2618 1544 ὲκ
2651 1491 2748 1555 τῆς
2781 1487 2907 1566 περὶ
2937 1493 3043 1543 τῶν
3088 1487 3390 1566 Θεοφανίων
3426 1486 3772 1565 προσφωνῆς,

2293 1578 2391 1634 Καὶ
2415 1578 2480 1634 -τὸ
2511 1577 2624 1641 ἔθος
2657 1579 2718 1634 τὸ
2752 1577 2951 1654 πρέποι
2974 1578 3121 1648 ἡμᾶς
3146 1577 3393 1654 ἀπαιτεῖ,
3430 1582 3607 1632 πᾶσαν
3645 1585 3838 1651 Κυρια-

2208 1666 2310 1733 κὴν
2358 1673 2542 1742 τιμᾶν,
2607 1669 2694 1723 καὶ
2755 1669 2807 1722 ἐν
2856 1667 3023 1743 ταύτῃ
3096 1666 3502 1745 πανηγυρίζειν,
3564 1663 3841 1742 ἒπειδήπερ

483 1777 639 1834 mus,
680 1757 964 1837 quoniam
1021 1754 1316 1818 Dominus
1378 1764 1583 1817 noster
1632 1757 1805 1818 .lesus
1853 1754 2122 1819 Christus

2211 1754 2266 1812 ἐν
2315 1760 2477 1834 ταύτῃ
2535 1758 2562 1812 ὁ
2623 1756 2810 1834 Κύριος
2865 1757 3020 1830 ἡμῶν
3081 1753 3290 1822 ἰησοῦς
3353 1755 3581 1833 Χριστὸς
3637 1754 3733 1821 τὴν
3787 1753 3842 1810 ἐκ

485 1847 839 1929 praeclarum
869 1845 931 1908 in
967 1864 1038 1907 ea
1063 1863 1186 1907 suae
1219 1846 1685 1908 resurrectionis
1711 1865 1926 1908 munus
1956 1845 2123 1908 obiit.

482 1938 556 2000 Et
582 1938 722 2000 ideo
753 1938 814 1998 in
845 1935 1032 1998 sacris
1091 1935 1418 2018 Scripturis
1475 1936 1627 2016 ipse,
1665 1944 1723 1997 et
1750 1937 1982 2016 primus
2013 1956 2126 2016 ap-

483 2027 744 2109 pellatus
769 2034 883 2102 est,
917 2034 984 2087 ut
1023 2026 1122 2106 qui
1155 2025 1228 2086 sit
1262 2025 1437 2087 nobis
1473 2025 1606 2087 vita:
1640 2025 2030 2106 principium,
2069 2037 2127 2088 et

481 2127 749 2192 octavus,
783 2123 846 2177 ut
891 2114 993 2194 qui
1022 2115 1366 2176 Judzeorum
1399 2113 1842 2176 Sabbatismum
1876 2133 2128 2196 exsupe-

482 2208 657 2270 ravit.
692 2205 844 2279 Quia
880 2224 1022 2286 ergo
1051 2205 1292 2286 accidit,
1326 2213 1388 2266 ut
1417 2213 1765 2266 sanctorum
1799 2203 2128 2284 TheOpha-

480 2298 720 2359 niorum
753 2297 850 2358 hic
881 2303 1042 2358 esset
1095 2295 1224 2356 dies
1261 2294 1497 2376 jejunio
1532 2294 1937 2375 peragendus,
1994 2295 2126 2358 dis-

483 2405 830 2468 pensemus,
861 2395 921 2448 et
953 2385 1025 2446 ad
1059 2394 1384 2465 utrumque
1408 2387 1669 2447 scientes
1702 2384 2122 2465 procedamus,

480 2486 545 2537 ut
578 2492 802 2555 paucos
832 2474 1098 2554 dactylos
1147 2483 1482 2551 sumentes,
1514 2474 1697 2535 simul
1750 2485 1807 2536 et
1863 2475 2126 2538 haereses

479 2565 758 2639 vitemus,
793 2583 926 2644 qua;
960 2563 1195 2624 Domini
1255 2564 1444 2625 nostri
1495 2563 1636 2626 .lesu
1668 2561 1888 2625 Christi
1921 2583 2126 2626 resur-

478 2654 766 2716 rectionis
795 2653 954 2714 diem
988 2671 1108 2714 non
1140 2653 1462 2729 honorant,
1491 2660 1549 2714 et
1578 2652 1696 2714 diei
1722 2653 1943 2733 jejunii
1968 2653 2126 2733 quod

475 2741 734 2806 debetur
768 2741 1117 2818 reddamus,
1160 2743 1295 2803 184
1345 2741 1470 2804 Deo
1529 2741 1734 2816 dante,
1789 2742 2121 2822 peragitur.

481 2833 933 2914 Congregamor
952 2851 1100 2912 ergo
1134 2832 1230 2894 hic
1259 2835 1333 2894 ab
1367 2832 1513 2896 hora
1543 2850 1728 2895 nona.

569 3012 808 3076 Textus.
843 3010 1114 3088 Const.6,
1143 3012 1230 3073 tit.
1268 3012 1343 3074 12
1373 3010 1547 3085 lib.3,
1573 3009 1709 3072 cod.
1747 3009 2124 3076 Dominicum

2213 1846 2412 1924 νεκρῶν
2468 1845 2758 1905 ἀνάστασιν
2829 1847 2968 1920 ἡμῖν
3031 1844 3414 1920 ἐπρυτάνευσε.
3464 1846 3565 1901 Διὸ
3638 1842 3692 1898 ὲν
3734 1856 3844 1908 ταῖς

2211 1939 2382 2015 ἱεραῖς
2419 1941 2658 2014 Γραφαῖς
2695 1936 2781 1991 καὶ
2826 1934 3015 2012 πρώτη
3061 1933 3347 2009 κέκληται,
3397 1936 3473 1996 ὡς
3535 1933 3680 2013 ἀρχὴ
3721 1935 3844 2007 ἡμῖν

2209 2026 2351 2097 ζωῆς
2383 2025 2724 2105 ὑπάρχουσα,
2784 2023 2879 2079 καῗ
2912 2022 3100 2101 ὀγδόη,
3135 2023 3229 2081 ἅτε
3260 2022 3324 2090 δὴ
3358 2019 3844 2102 ὑπεραναϐεϐηκυῖα

2211 2121 2301 2172 τὸν
2359 2114 2466 2172 τῶν
2522 2111 2791 2170 Ἰουδαίων
2851 2111 3254 2188 Σαϐϐατισμόν,
3315 2112 3475 2170 Ἐπεὶ
3521 2115 3609 2168 οῦν
3666 2109 3843 2178 συνέϐη

2210 2207 2308 2273 τὴν
2371 2211 2469 2261 τῶν
2528 2204 2693 2281 ἁγίων
2745 2203 3050 2282 Θεοφανίων
3094 2201 3356 2278 νῆστιμον
3400 2201 3608 2279 ἣμέραν
3661 2203 3844 2268 ταύτην

2210 2295 2830 2370 εἷναι,οἷκονομήσωμεν
2862 2293 2950 2349 καὶ
2976 2292 3072 2349 καί
3101 2294 3231 2370 πρὸς
3267 2292 3524 2371 ἑκάτερον
3556 2290 3847 2366 ἐπιστημό-

2210 2407 2314 2448 νως
2335 2384 2697 2463 χωρήσωμεν*
2725 2381 2816 2439 ’ίνα
2835 2380 3343 2458 μεταλαμϐάνοντες
3365 2381 3566 2460 ὀλίγων
3589 2383 3845 2462 φοινίκων,

2212 2473 2542 2550 ἐκκλίνωμεν
2598 2472 2712 2550 ἅμα
2762 2471 2857 2529 καὶ
2923 2473 3018 2535 τὰς
3064 2471 3293 2548 αἱρέσεις
3339 2471 3439 2536 τοὶς
3491 2473 3568 2546 μη
3626 2470 3849 2546 τιμώσας

2213 2565 2312 2631 τὴν
2371 2563 2733 2638 ἁναστάσιμον
2775 2569 2868 2618 τοῦ
2928 2563 3116 2640 Κυρίου
3172 2563 3328 2637 ἡμῶν
3389 2561 3574 2629 ἰησοῦ
3629 2568 3850 2638 Χριστοῦ

2212 2652 2438 2733 ἡμέραν,
2520 2654 2610 2709 καὶ
2692 2652 2754 2708 τὸ
2824 2650 3174 2732 ὀφειλόμενον
3251 2653 3320 2720 τῖι
3381 2651 3629 2727 νηστίμῳ
3687 2649 3849 2728 ἡμέρᾳ

2213 2740 2522 2817 ἀποδῶμεν,
2593 2742 2964 2820 περιμένοντες
3050 2741 3146 2809 τὴν
3238 2741 3533 2820 ἐσπερινῆν
3627 2737 3844 2815 σῦναξιν,

2208 2831 2325 2901 ἥτις
2354 2831 2572 2888 ἐνταῦθα
2604 2838 2734 2888 Θεοῦ
2764 2831 3009 2894 θέλοντος
3058 2829 3391 2888 ἐπιτελεῖται
3429 2849 3446 2866 ·
3507 2829 3847 2911 συναχθῶμεν

2206 2924 2380 2980 τοίνυν
2410 2920 2517 2978 ἀπὸ
2549 2921 2689 2999 ὥρας
2721 2919 2943 2987 ἐννητάς
2973 2919 3216 2982 ἐνταῦθα,

2291 3002 2355 3068 Ἠ
2387 3011 2467 3085 ς’
2497 3008 2636 3073 διατ,
2670 3011 2764 3067 τοῦ
2792 3007 2862 3086 ιβ’
2893 3009 2996 3067 τίτ.
3032 3009 3126 3066 τοῦ
3157 3008 3209 3088 γ’
3231 3008 3379 3087 βιϐλ.
3415 3011 3515 3065 τοῦ
3544 3007 3674 3072 κώδ,
3708 3007 3841 3086 λέγει

479 3103 638 3164 diem
662 3103 935 3192 feriatum
962 3099 1590 3192 esse,dicit.Etconst.
1624 3101 1686 3173 9,
1715 3100 1989 3178 ejusdem
2023 3102 2115 3164 tit.

2208 3101 2306 3170 τὴν
2352 3101 2619 3179 Κυριακὴν
2666 3095 2935 3177 ἄπρακτον
2970 3098 3140 3154 εἶναι’
3175 3100 3210 3166 ἡ
3241 3096 3294 3153 δὲ
3324 3097 3370 3155 θ’
3403 3095 3550 3161 διάτ,
3579 3105 3670 3156 τοῦ
3696 3098 3840 3155 arb-:05

482 3192 692 3255 eadem
719 3191 859 3269 [die]
878 3191 1180 3253 neminem
1207 3190 1441 3271 [debiti]
1457 3189 2124 3272 admoneri,aut[aquo—

479 3281 686 3362 quam]
715 3278 1434 3359 ﬁdejussiones,debitum
1462 3278 1552 3340 vel
1573 3279 1879 3359 publicum
1899 3280 1988 3343 vel
2009 3282 2124 3362 pri-

477 3377 678 3432 vatum
699 3369 1088 3450 exigizneque
1112 3371 1171 3430 in
1189 3369 1418 3448 judicio
1442 3368 1557 3448 agi:
1588 3387 1788 3450 neque
1809 3372 2115 3433 scenicum

479 3459 882 3540 spectaculum
922 3459 1385 3521 autarenariam
1429 3459 1838 3534 venationem,
1867 3470 1968 3522 aut
1997 3461 2121 3522 cir-

477 3567 658 3612 cense
680 3556 985 3610 certamen
1013 3547 1333 3612 celebrari.
1356 3547 1514 3621 Quin
1538 3557 1595 3610 et
1617 3547 1666 3609 si
1685 3549 1900 3612 natalis
1922 3549 2001 3611 im
2012 3569 2121 3631 pe-

473 3640 689 3702 ratoris
710 3639 769 3699 in
789 3637 1174 3701 Dominicum
1197 3639 1356 3700 diem
1381 3637 1982 3718 incidat,spectacula
1998 3640 2121 3701 dif-

473 3726 642 3792 ferri.
675 3725 787 3800 Qui
818 3727 1177 3808 spectaculis
1214 3727 1548 3792 Dominico,
1564 3727 1722 3808 [die]
1754 3728 2116 3804 interfuerit,

475 3831 538 3881 et
563 3818 662 3898 qui
692 3817 1007 3899 apparitor
1029 3817 1225 3899 legem
1262 3827 1674 3897 transgressus
1704 3818 1804 3891 sit,
1843 3837 1982 3880 eum
2015 3820 2122 3881 mi-

474 3908 603 3972 litia
634 3907 1135 3989 privari,ejusque
1168 3908 1600 3990 patrimonium
1632 3908 2123 3988 proscribi.Licc-

475 4016 543 4060 re
575 4006 771 4060 tamen
805 4014 876 4060 eo
917 3995 1063 4076 [die]
1121 3997 1343 4078 pacisci
1397 4005 1454 4059 et
1487 3997 1840 4074 transigere.
1882 3997 2120 4063 Dictum

477 4099 571 4152 est
592 4097 788 4151 autem
812 4087 921 4150 lib.
959 4091 1015 4162 l,
1041 4087 1135 4149 tit.
1161 4088 1222 4161 9,
1255 4095 1447 4152 const.
1473 4087 1534 4162 2,
1557 4087 1669 4168 [et]
1702 4087 1799 4161 i3,
1826 4089 1988 4169 quod
2017 4091 2122 4154 Ju-

475 4177 590 4239 daai
619 4177 720 4239 die
751 4175 1041 4251 Sabbato,
1075 4176 1328 4256 aliisque
1377 4176 1650 4257 ipsorum
1703 4176 1872 4240 festis
1903 4179 2122 4244 diebus

2206 3195 2308 3256 τίτ.
2358 3190 2439 3246 ὅτι
2472 3189 2525 3245 ἐν
2570 3190 2704 3266 αῦτῇ
2746 3191 2852 3268 οὐχ
2893 3188 3360 3263 ὑπομιμνήσκεταί
3402 3211 3516 3268 τις,
3563 3188 3597 3257 ἢ
3658 3186 3838 3266 ἐγγύας

2205 3281 2545 3360 ἆπαιτεῖται,
2578 3278 2614 3346 ἢ
2661 3277 2943 3354 δημόσιον,
2979 3277 3014 3346 ἢ
3057 3276 3329 3334 ἰδιωτικὸν
3381 3279 3574 3358 χρέος,
3620 3277 3734 3333 οὔτε
3761 3275 3836 3332 δι-

2206 3373 2448 3452 κάζεται,
2482 3367 2600 3426 οὔτε
2633 3367 2867 3436 σκηνικῆ
2901 3367 3017 3442 θέα,
3080 3367 3116 3436 ἢ
3165 3367 3449 3444 κυνηγίου,
3510 3367 3545 3436 ἢ
3589 3363 3837 3445 ἱπποδρο-

2206 3465 2330 3539 μίου
2359 3460 2623 3518 τελεῖται·
2658 3456 2780 3515 ἀλλ’
2813 3459 2857 3513 εἶ
2907 3458 2995 3513 καὶ
3044 3457 3231 3537 φθάσει
3289 3455 3544 3516 νατάλιον
3586 3453 3835 3534 βασιλέως

2207 3552 2260 3610 ἐν
2294 3549 2554 3629 Κυριακῇ,
2589 3549 2919 3626 ὑπερτίθεται
2950 3548 3012 3604 τὸ
3043 3546 3284 3626 θεώριον⁶
3323 3548 3351 3603 ὁ
3411 3544 3468 3602 δὲ
3526 3550 3733 3626 θεωρῶν
3787 3544 3836 3599 έν

2207 3646 2469 3719 Κυριακῇ,
2557 3637 3009 3716 ἆποστρατεύεται
3097 3637 3187 3694 καὶ
3263 3635 3580 3713 δημεύεται,
3666 3635 3752 3692 καὶ
3810 3635 3836 3690 ὁ

2204 3727 2531 3795 ἔκϐιϐαστὴς
2575 3724 2817 3805 παραϐὰς
2854 3729 2946 3784 τὸν
2987 3727 3151 3803 νόμον
3185 3745 3202 3765 ο
3243 3725 3417 3792 ἔξεστι
3480 3725 3536 3783 δὲ
3571 3723 3838 3783 πακτεύειν

2204 3820 2294 3878 καὶ
2323 3817 2621 3875 διαλύεσθαι
2683 3816 2736 3872 ἐν
2799 3822 3038 3896 Κυριακῇ
3071 3830 3087 3846 ⁸
3141 3815 3357 3890 εἴρηται
3387 3815 3540 3894 βιϐλ.
3575 3814 3626 3872 α’
3669 3822 3768 3877 τίτ.
3795 3813 3837 3871 θ’

2203 3908 2343 3973 διάτ,
2371 3910 2422 3986 β’
2455 3908 2544 3965 καὶ
2579 3905 2650 3985 ιγ’
2681 3903 2762 3962 ὅτι
2821 3908 2868 3962 οἱ
2911 3903 3163 3964 Ἰουδαῖοι
3205 3909 3261 3962 ὲν
3311 3913 3390 3980 τῷ
3457 3903 3718 3981 Σαϐϐάτῳ
3758 3896 3840 3960 καὶ

2203 4012 2327 4066 ταῖς
2361 3997 2548 4063 ἄλλαις
2580 3996 2752 4053 αὒτῶν
2783 3995 3026 4073 ἑορταῖς,
3059 3994 3176 4052 οὔτε
3237 4000 3565 4072 σωματικῶς
3607 3995 3838 4072 λειτουρ-

2203 4098 2405 4171 γοῦσιν,
2442 4087 2557 4146 οὔτε
2591 4109 2640 4144 τι
2685 4093 2954 4161 ποιοῦσιν,
2987 4086 3110 4143 οὔτε
3139 4085 3227 4143 διὰ
3274 4085 3543 4162 δημοσίαν
3577 4084 3614 4156 ἣ
3644 4082 3837 4142 ἰδιωτι-

2204 4185 2305 4250 κην
2336 4179 2505 4236 αἰτίαν
2537 4176 2842 4255 ἐνάγονται,
2878 4176 2911 4244 ἢ
2941 4184 3284 4255 Χριστιανοῖς
3315 4175 3620 4255 ἐνάγουσιν.

474 4284 671 4347 neque
703 4264 1014 4345 corporale
1047 4284 1262 4328 munus
1291 4264 1543 4348 obeunt,
1578 4285 1776 4347 neque
1806 4268 2130 4350 quidquam
2164 4273 2410 4347 faciunt,
2446 4284 2640 4349 neque
2670 4272 2914 4347 prOpter
2943 4264 3242 4346 publicam
3270 4265 3559 4346 privatam
3589 4262 3680 4328 vel
3710 4279 3836 4325 cau-

475 4373 603 4418 sam
638 4355 700 4417 in
724 4355 826 4435 jus
854 4362 1162 4431 vocantur,
1191 4361 1291 4417 aut
1322 4357 1472 4436 [ipsi]
1506 4356 1877 4419 Christianos
1906 4357 1968 4420 in
1993 4361 2097 4442 jus
2129 4371 2364 4430 vocant.

554 4447 724 4508 CAP.
756 4443 829 4508 ν.
869 4477 944 4490 -
972 4446 1099 4507 Cur
1129 4462 1286 4524 genu
1309 4446 1647 4524 ﬂectamus;
1681 4465 1792 4510 cur
1815 4466 1939 4512 non
1971 4440 2116 4516 item

2285 4454 2536 4514 ΚΕΦΑΛ.
2572 4446 2655 4507 Ε’.
2692 4478 2765 4495 ο-
2798 4447 2887 4510 Τίς
2918 4449 2952 4516 ἡ
2997 4447 3135 4505 αἰτία
3177 4445 3275 4515 τῆς
3330 4444 3698 4524 γονυιιλισίας,
3751 4440 3830 4499 καί

471 4536 572 4600 die
603 4535 928 4598 Dominica
958 4535 1057 4598 vel
1098 4543 1365 4615 tempore
1410 4536 1817 4602 Pentecortali
1849 4559 1864 4602 ε
1919 4547 1979 4603 et
2005 4560 2117 4606 cur

476 4643 646 4690 verso
677 4626 760 4688 ad
787 4631 1079 4689 orientem
1110 4624 1284 4688 vultu
1319 4643 1586 4691 oremus.

468 4807 694 4870 Basilii
720 4824 802 4870 ea:
851 4806 970 4887 quo
1027 4804 1103 4868 de
1158 4805 1395 4885 Spiritu
1440 4814 1648 4870 sancto
1693 4807 1774 4870 ad
1802 4807 2118 4891 Amphilo-

1003 4893 1269 4959 lochium
1301 4897 1570 4973 scripsit.

552 4987 633 5050 Ex
664 4985 985 5051 asservatis
1008 4985 1072 5049 in
1115 4985 1392 5050 Ecclesia
1422 4985 1830 5069 dogmatibus,
1862 4997 2010 5068 etc.,
2049 4997 2116 5056 ut

471 5093 616 5159 pag.
646 5078 788 5142 462.

1076 5167 1160 5229 Et
1185 5173 1325 5248 post
1351 5167 1506 5232 alia.

551 5256 626 5321 Et
651 5258 784 5321 haec
814 5262 906 5320 est
939 5255 1114 5331 ratio,
1149 5264 1294 5333 etc.,
1327 5264 1396 5322 ut
1423 5274 1613 5340 supra
1642 5257 1784 5324 462.

545 5347 742 5410 Erecti
776 5345 985 5408 itidem
1038 5345 1384 5427 perﬁcimus
1433 5348 1923 5431 deprecationem
1955 5359 2102 5430 etc.,

466 5445 538 5501 ut
564 5454 712 5522 pag.
740 5435 882 5501 462.

2197 4554 2291 4605 τοῦ
2348 4543 2426 4620 μὴ
2479 4546 2634 4597 τοῦτο
2684 4536 2915 4616 γίνεσθαι
2961 4537 3015 4594 ἐν
3075 4541 3313 4614 Κυριακῇ
3366 4535 3455 4592 καὶ
3515 4548 3638 4601 ταῖς
3695 4531 3828 4608 ἡμέ-

2199 4659 2314 4716 ραις
2358 4637 2458 4700 τῆς
2517 4626 2919 4704 Πεντηκοστῇς,
2979 4628 3067 4684 καὶ
3123 4625 3209 4684 διὰ
3279 4627 3330 4685 τί
3397 4625 3520 4702 τρὺς
3579 4621 3828 4686 ἀνατολὰς

2199 4727 2427 4805 δρῶντες
2449 4721 2746 4801 εὐχόμεθα.

2201 4799 2487 4874 ιέασιλείου
2515 4799 2578 4868 ἐκ
2605 4815 2698 4866 τοῦ
2739 4806 2818 4878 κζ’
2851 4827 2975 4888 κεφ.
3025 4812 3131 4863 τῶν
3165 4808 3296 4887 πρὸς
3331 4804 3691 4887 Ἀμφιλόχιον
3719 4799 3828 4880 περὶ

2698 4905 2791 4956 τοῦ
2821 4895 2974 4974 ἁγίου
3006 4896 3338 4974 Πνεῦματος.

2279 4994 2395 5052 Τῶν
2427 4990 2484 5048 ἐν
2511 4996 2580 5069 τῇ
2631 4984 2932 5060 Ἐκκλησία
2982 4985 3411 5067 πεφυλαγμένων
3445 4983 3741 5067 δογμάτων,
3773 5001 3824 5052 κ,

2196 5106 2250 5145 τ.
2283 5081 2337 5144 λ.

2787 5167 2886 5226 Καὶ
2917 5161 3034 5243 μεθ’
3068 5164 3245 5246 ἕτερα.

2276 5261 2444 5326 οὗτος
2472 5260 2500 5317 ὁ
2529 5257 2690 5337 λόγος
2721 5256 2818 5326 τῆς
2851 5256 2958 5314 τῶν
2980 5257 3233 5337 ἀγράφων
3256 5255 3625 5338 παραδόσεως,
3650 5249 3819 5317 κ.τ.λ.

2276 5353 2374 5412 Καὶ
2404 5349 2552 5431 ὀρθοὶ
2576 5347 2673 5427 μὲν
2706 5345 3016 5429 πληροῦμεν
3047 5347 3144 5413 τὰς
3175 5348 3364 5428 εὒχᾶις,
3392 5371 3450 5413 κ.
3485 5370 3535 5410 τ.
3572 5345 3626 5408 λ.
