4148 6198
268 305 385 384 653

1095 314 1513 388 SYNTAGMA
1556 323 1952 389 CANONUM.

1999 357 2078 369 —
2126 323 2282 387 TIT.
2329 324 2496 404 VIII,
2539 323 2701 387 CAP.
2751 325 2804 387 I.
3514 319 3632 385 654

270 460 387 514 σθαι
431 454 746 531 ἐπίσκοπον,
781 459 824 512 εἱ
863 456 941 531 μὴ
971 457 1108 513 κατὰ
1138 459 1432 516 συναίνεσιν
1487 465 1582 515 τοῦ
1625 460 1724 526 τὴν
1755 458 1930 524 έξου-,

2025 457 2320 534 ιεώιιίδεθι,
2357 459 2473 520 nisi
2502 459 2632 542 ipse
2684 475 3049 522 consensum
3081 456 3455 520 adhibuisset
3484 475 3634 519 con-

271 550 390 605 σὶαν
433 547 682 627 ἔχοντος.
720 545 846 603 Ἐὰν
891 544 944 601 δὲ
989 545 1149 612 αὐτὸς
1193 548 1597 627 παραχωρησῃ,
1644 548 1782 606 ὥστε
1812 548 1910 615 τὴν

272 642 443 708 αὐτὴν
487 636 748 705 διοίκησιν
806 636 1193 714 ἐπιτραπεϊσαν
1254 636 1389 693 ἴδιον
1448 640 1745 706 κτήσασθαι
1788 640 1912 693 επί-

273 753 499 802 σκοπον,
537 729 610 790 εἰς
645 727 740 789 τὰς
784 725 974 789 λοιπὰς
1030 729 1122 782 τὸν
1155 726 1600 807 προχειρισθέντα
1645 728 1722 802 μὴ
1787 727 1912 784 ἐπι-

272 823 526 880 ϐαλέσθαι
557 816 846 886 διοικήσεις
882 835 898 852 ο
935 815 1067 872 διότι
1095 817 1190 891 μία
1239 816 1299 872 ἐκ
1350 824 1442 874 τοῦ
1496 817 1747 881 σώματος
1805 823 1910 873 τῶν

271 912 492 970 πολλῶν
548 908 918 984 ἀφαιρεθεῖσα,
964 906 1097 971 αὐτὴ
1162 907 1250 963 καὶ
1313 907 1451 982 μόνη
1509 906 1706 975 ’ἠξιώθη
1750 907 1912 982 τιμὴν

271 1002 408 1068 ἰδίας
437 997 737 1064 ἐπισκοπῆς
772 993 1139 1060 ἀναδέξασθαι,

359 1087 624 1169 Αὐρήλιος
681 1085 971 1146 ὶπίσκοπος
1031 1083 1186 1141 εἴπεν
1219 1098 1233 1114 ⁸
1299 1083 1407 1141 Οὔκ
1469 1082 1790 1165 ἀμφιϐάλλω
1847 1090 1916 1161 τῇ

273 1183 492 1240 πάντων
527 1179 672 1252 ὑμῶν
704 1175 890 1253 ἀγάπῃ
934 1174 1196 1252 ἀρέσκειν,
1251 1172 1389 1230 ὥστε
1437 1176 1531 1229 τὸν
1589 1174 1727 1230 κατὰ
1781 1196 1914 1252 συγ-

271 1271 525 1352 χώρησιν
596 1271 689 1323 τοῦ
745 1263 1004 1343 προτέρου
1061 1263 1356 1320 ἐπισκόπου
1422 1261 1476 1318 ἒν
1529 1266 1597 1340 τῇ
1656 1261 1916 1333 διοικήσει

273 1351 718 1440 προχειρισθέντα
763 1353 1078 1425 ἐπίσκοπον,
1135 1352 1297 1424 μόνον
1353 1351 1510 1408 αὐτὸν
1542 1351 1796 1432 κατέχειν
1824 1353 1918 1408 τὸν

276 1450 412 1506 λαὸν
457 1449 530 1508 εἷς
561 1445 620 1501 δν
667 1443 1075 1524 ἐχειροτονήθη.
1124 1441 1345 1509 Ἐπειδὴ
1395 1442 1482 1498 οὖν
1509 1442 1690 1498 πάντα
1719 1442 1919 1518 νομίζω

275 1540 428 1596 εἶναι
458 1533 942 1615 τετρακταϊσμένα,
977 1531 1067 1587 ἐὰν
1096 1532 1270 1587 πάντα
1301 1532 1502 1611 στοιχῆ
1549 1537 1626 1604 τῷ
1676 1531 1921 1608 λογισμῷ

275 1632 453 1706 ὑμῶν,
487 1627 663 1684 πάντα
692 1621 1020 1700 βεϐαιώσαιτε
1051 1622 1119 1698 τῇ
1148 1621 1375 1701 ὑμετέρᾳ
1405 1621 1728 1702 ἐκφωνήσει.

368 1720 568 1781 Πάντες
625 1717 671 1771 οἱ
731 1714 1012 1770 ἐπίσκοποι
1066 1715 1226 1768 εἷπον
1260 1727 1274 1742 '
1340 1718 1507 1768 Πᾶσιν
1563 1714 1701 1786 ἡμῖν
1757 1721 1921 1771 ταῦτα

1995 548 2270 610 cedendi.
2307 548 2575 612 Sufﬁciat
2608 547 2770 610 enim
2803 547 2852 609 si
2906 545 3296 621 concesserit,
3333 553 3398 608 ut
3427 547 3636 610 eadem

1994 636 2272 700 diceeesis
2321 637 2614 719 permissa
2671 638 2981 718 proprium
3029 645 3252 699 tantum
3289 635 3637 718 episcopum

1996 727 2234 805 habeat,
2267 737 2511 790 ueteres
2542 725 2656 789 sibi
2688 743 2808 788 non
2842 727 3107 790 vindicet
3137 727 3463 806 dioeceses;
3501 725 3642 806 quia

1998 825 2271 898 exempta
2295 818 2368 878 de
2400 817 2558 879 fasce
2591 815 2909 898 multarum
2941 817 3068 879 sola
3099 817 3316 880 meruit
3345 817 3638 879 honorem

1999 897 2373 987 episcopatus
2403 905 2731 986 suscipere.
2891 897 2898 904 ’

2079 1084 2360 1147 Aurelius
2391 1084 2707 1166 episcOpus
2738 1083 2886 1147 dixit
2919 1103 2932 1147 :
2963 1083 3092 1146 Non
3126 1083 3332 1148 dubito
3363 1087 3642 1151 charitati

2001 1183 2212 1236 vestrae
2242 1174 2508 1235 omnium
2544 1173 2805 1254 placere,
2834 1193 2968 1236 eum
2993 1174 3094 1255 qui
3124 1174 3186 1235 in
3223 1173 3465 1238 dioecesi
3496 1195 3642 1239 con-

2001 1263 2252 1326 cedente
2309 1263 2614 1344 episcopo,
2663 1265 2762 1344 qui
2823 1263 3130 1326 matricem
3183 1265 3394 1346 tenuit,
3453 1266 3643 1328 solam

2002 1352 2273 1414 eamdem
2306 1353 2566 1415 retinere
2593 1352 2828 1433 plebem
2854 1352 2916 1414 in
2939 1371 3055 1434 qua
3086 1353 3276 1415 fuerat
3307 1354 3641 1420 ordinatus.

2003 1443 2297 1516 Quoniam
2331 1442 2510 1521 igitur
2541 1443 2819 1504 universa
2849 1443 3106 1505 arbitror
3142 1443 3324 1506 fuisse
3377 1453 3643 1521 tractata,

2005 1532 2054 1592 si
2086 1532 2283 1594 omnia
2313 1551 2448 1594 cum
2481 1533 2682 1594 animo
2701 1540 2896 1595 vestro
2928 1541 3646 1612 convenerunt,sermone

2005 1629 2197 1683 vestro
2227 1630 2442 1684 cuncta
2472 1621 2776 1684 roborate.

2081 1711 2355 1775 Universi
2388 1712 2654 1793 episcopi
2686 1711 2966 1774 dixerunt
2998 1732 3012 1773 :
3047 1711 3264 1776 Omnia
3295 1711 3471 1777 nobis
3522 1714 3649 1778 hinc

276 1809 504 1889 ἤρεσαν,
563 1806 650 1862 καὶ
692 1810 761 1880 τῇ
817 1801 1049 1880 ἡμετέρᾳ
1105 1802 1388 1881 ὑπογραφῇ
1449 1808 1614 1859 ταῦτα
1669 1800 1919 1878 βεϐαιοῦ-

2025 1801 2382 1877 ›1οειιθι-ιιιιι,
2419 1810 2478 1864 et
2507 1802 2633 1865 haec
2663 1809 2867 1864 nostra
2907 1800 3349 1882 subscriptione
3377 1803 3648 1868 ﬁrmabi-

328 1922 406 1961 εν,

357 1925 406 1961 ν.

281 1925 351 1976 με
372 1987 469 2046 Καὶ
497 1983 834 2062 ὑπέγραψαν,
887 1977 1150 2058 Αὒρήλιος
1197 1979 1483 2042 ὶπίσκοπος
1535 1984 1634 2046 τῆς
1679 1976 1923 2045 Ἐκκλη-

283 2081 402 2142 σίας
470 2071 841 2154 Καρχηδόνος,
905 2079 992 2144 Τῳ
1061 2069 1282 2146 παρόντι
1352 2066 1580 2147 δεκρέτῳ
1635 2068 1922 2147 συνῄνεσα,

285 2171 372 2227 καὶ
416 2162 802 2243 Ξιναγνωσθέντι
855 2159 1162 2239 ὑπέγραψα.
1205 2158 1436 2234 Ὀμοίως
1498 2159 1584 2216 κα>
1640 2159 1687 2214 οἱ
1747 2158 1925 2214 λοιποὶ

274 2260 564 2316 ὶπίσκοποι
595 2252 928 2331 ὑπέγραψαν.

361 2347 456 2406 Ἐν
501 2345 669 2422 ταύτῃ
700 2341 769 2418 τῇ
799 2338 997 2414 συνόδῷ
1028 2340 1252 2419 ὡρίσθη,
1285 2338 1377 2394 ’ἕνα
1424 2337 1720 2402 ἒπίσκοπος
1751 2339 1921 2418 χωρὶς

282 2437 616 2502 ἀπολυτικῆς
661 2433 740 2508 μὴ
785 2429 1013 2506 πλεύσῃ,

363 2527 486 2586 Ἐπὶ
547 2523 834 2600 Καισαρίου
903 2524 993 2577 καὶ
1051 2519 1298 2577 Ἀττικοῦ
1353 2526 1459 2576 τῶν
1531 2519 1925 2598 λαμπροτάτων

284 2621 526 2690 ὖπάτων,
557 2614 626 2690 τῇ
658 2614 758 2692 πρὸ
789 2609 842 2676 ’ἐξ
877 2607 1160 2669 Καλανδῶν
1193 2606 1429 2667 Ἰουλίων
1480 2612 1533 2666 ἓν
1593 2608 1924 2688 Καρχηδόνι,

283 2707 442 2786 ἤρεσε
488 2702 691 2781 μηδένα
733 2709 840 2758 τῶν
898 2699 1208 2757 ἐπισκόπων
1265 2699 1448 2756 πλέειν
1506 2701 1674 2781 χωρὶς
1718 2697 1922 2754 ἀπολυ-

284 2802 440 2864 τικῆς
484 2803 570 2851 τοῦ
601 2791 993 2872 πρωτεύοντος,

371 2888 448 2944 Τὰ
478 2881 830 2961 πεπραγμένα
860 2882 887 2938 ὁ
919 2885 1094 2952 ζητῶν
1142 2881 1196 2937 ἐν
1239 2893 1355 2944 τοῖς
1390 2882 1719 2942 οιῦθεντιιιοϊς
1765 2879 1929 2958 supr:-

289 2997 396 3035 σει.

292 3070 391 3125 Ἐιι
475 3063 573 3132 τῆς
655 3058 872 3118 συνόδου
929 3061 1134 3129 ταύτης
1187 3062 1554 3137 τοποτηρηταὶ
1631 3062 1763 3140 πρὸς
1826 3061 1930 3136 βα-

366 3144 572 3218 σιλέας,
656 3143 704 3222 0i
755 3221 760 3222 γ
811 3142 1278 3222 ὅπογεγραμμένοι
1392 3143 1674 3199 ἐπίσκοποι
1761 3140 1930 3196 ἀπεσ-

371 3226 456 3282 τέ)
469 3224 625 3281 λοντο
667 3221 822 3302 (54).

372 3318 504 3391 Περί
568 3313 876 3389 ἒλευθεριῶν
941 3318 1041 3368 τῶν
1097 3311 1151 3367 ἐν
1182 3311 1250 3380 τῆ
1283 3311 1576 3385 Ἐκκλησία
1608 3309 1932 3390 γινομένων,

293 3405 543 3472 αἶτητὲον
573 3403 678 3459 ἀπὸ
711 3408 801 3459 τοῦ
830 3400 1118 3478 βασιλέως.

379 3495 475 3563 ξδ’.
514 3492 641 3571 Περί
689 3491 1008 3570 έλευθηριῶν
1039 3489 1245 3558 δηλαδὴ
1277 3490 1332 3546 ἐν
1365 3489 1431 3567 τῇ
1481 3488 1775 3562 Ἐκκλησία
1829 3513 1939 3557 κη-

294 3585 555 3669 ρυκτέων,
605 3581 694 3638 ἐὰν
738 3587 892 3638 τοῦτο
935 3581 982 3638 οἱ
1033 3580 1287 3659 ἡμέτεροι
1343 3593 1602 3659 συνιερεϊς
1649 3580 1934 3658 φαίνωνται

298 3667 578 3737 ποιοῦντες
651 3672 751 3729 ἀνὰ
793 3671 892 3738 τὴν
949 3668 1203 3745 Ἰταλίαν,
1248 3671 1336 3726 καὶ
1397 3672 1430 3738 ἡ
1489 3669 1722 3748 ἣμετέρα
1781 3667 1940 3737 δῆλον

298 3767 618 3832 πεποίθησις
676 3785 744 3840 τῃ
803 3761 1003 3818 τούτων
1037 3759 1177 3826 τάξει
1222 3757 1428 3834 ἕπεται,
1489 3759 1728 3826 δοθείσης
1773 3781 1938 3838 φανεο

298 3863 409 3939 ρῶς
471 3854 671 3927 ἀδείας,
729 3849 1077 3928 πεμπομένου
1153 3856 1549 3925 τοποτηρητοῦ,
1601 3848 1694 3905 ’ίνα
1753 3846 1938 3914 οἶαδή-

299 3937 436 4007 ποτε
467 3943 583 4011 ἀξία
632 3945 887 4015 πίστεως,
944 3940 1076 4018 ὑπὲρ
1119 3945 1217 4007 τῆς
1263 3937 1715 4008 έκκλησιαστικῆς
1773 3961 1938 3996 κατα-

299 4058 570 4110 στασιως,
628 4034 716 4090 καὶ
770 4034 869 4098 τῆς
926 4036 1031 4087 τῶν
1090 4034 1284 4110 ψυχῶν
1341 4031 1608 4110 σωτηρίας
1666 4028 1938 4086 ἐκτελέσαι

303 4126 556 4194 δυνηθείη
592 4141 606 4157 ⁸
655 4123 743 4180 καὶ
784 4122 950 4196 ἡμεῖς
1009 4119 1298 4183 ὶπαινετῶς
1331 4120 1557 4176 ὶνώπιον
1603 4121 1698 4176 τοῦ
1755 4119 1942 4197 Κυρίου

299 4214 683 4290 ὑποδεξώμεθα
714 4221 880 4272 ταῦτα
913 4209 1088 4267 πάντα
1121 4230 1136 4247 ο
1170 4209 1263 4266 Ἐὰν
1316 4209 1384 4286 τῇ
1412 4208 1642 4289 ὑμετέρᾳ
1670 4209 1944 4288 ἁγιωσύνῃ

301 4307 533 4386 ἀρέσκῃ,
595 4303 837 4370 ἐξείπατε
873 4315 887 4332 ⁸
948 4298 1042 4355 ’ίνα
1085 4301 1172 4357 καὶ
1222 4299 1321 4366 τὴν
1363 4298 1501 4374 ἐμὴν
1553 4299 1821 4379 ἀναφορὰν
1849 4300 1946 4375 βε-

305 4395 465 4455 ϐαίαν
523 4394 683 4452 οὖσαν
741 4392 869 4467 ὑμῖν
928 4387 1192 4465 ἐπιδείξω,
1223 4387 1409 4446 καὶτᾶ
1451 4389 1592 4468 παρὰ
1653 4389 1747 4456 τῆς
1805 4390 1946 4446 πάν-

306 4510 417 4546 των
451 4489 607 4563 ἡμῶν
655 4481 1003 4548 συναινέσεως
1059 4483 1094 4550 ἡ
1149 4484 1322 4540 αὒτῶν
1378 4477 1730 4559 εἰλικρινότης
1779 4477 1949 4548 ἡδέως

307 4573 687 4656 προσδέξηται.

392 4666 531 4725 Ἀπὸ
607 4664 822 4724 πάντων
906 4668 1014 4721 τῶν
1093 4659 1398 4718 ἐπισκόπων
1471 4658 1672 4740 ἐλέχθη
1706 4673 1721 4689 ⁶
1778 4661 1948 4715 Πᾶσιν

308 4757 525 4839 ἀρέσκει
583 4755 650 4813 τὰ
707 4753 1046 4835 προτεθέντα,
1097 4754 1185 4808 καὶ
1234 4755 1460 4816 συνετῶς
1520 4753 1627 4830 ιρπὸ
1692 4753 1792 4816 τῆς
1851 4752 1950 4816 σῆς

308 4848 614 4928 ἁγιωσύνης
647 4844 997 4926 ἐξηγηθέντα,
1033 4839 1232 4923 ὀφείλει
1264 4840 1663 4911 ἐκτελεσθῆναι.

394 5062 457 5114 70
509 5061 748 5126 Haecin
804 5058 1062 5124 concilio
1117 5057 1402 5123 Africano
1462 5069 1526 5124 ut
1584 5070 1818 5141 vocant,
1880 5062 2098 5127 canoni
2157 5060 2336 5141 hujus
2395 5059 2628 5123 codicis
2684 5060 2786 5142 34,
2837 5067 3285 5141 praeponuntur.

314 5143 503 5224 Afric,
535 5163 590 5207 c.
616 5142 719 5208 32.

403 5348 528 5445 (5.4)
563 5343 799 5414 Desunt
827 5345 890 5412 in
915 5347 1129 5412 codice
1159 5345 1491 5430 legatorum
1525 5347 1946 5432 episcoporum

321 5448 750 5594 ηοέἓδῗόἀοιιο.
778 5511 1060 5594 βοωπις.
1103 5509 1216 5594 sub
1247 5512 1489 5594 Aurelio
1522 5529 1607 5589 ιιι,
1644 5511 1726 5574 uti
1757 5513 1958 5594 appel-

320 5593 559 5658 latura
609 5593 916 5658 Bonifacio
969 5593 1247 5671 Carthag.
1293 5593 1355 5655 in
1403 5610 1578 5657 conc.
1625 5594 1768 5657 anni
1798 5593 1955 5658 525.

320 5677 495 5742 Anno
529 5675 674 5754 397,
707 5692 884 5743 conc.
913 5672 1189 5756 Carthag.
1224 5690 1316 5753 ιιι,
1347 5691 1480 5758 cap.
1513 5673 1614 5742 38.

2009 1909 2164 1953 mus.

2097 1981 2226 2042 189
2286 1980 2355 2043 Et
2412 1978 2920 2060 subscripserunt.
2996 1979 3274 2042 Aurelius
3331 1981 3650 2062 episcOpus

2007 2071 2289 2132 Ecclesia;
2320 2068 2826 2148 Carthaginensis,
2877 2066 3016 2129 huic
3070 2069 3310 2130 decreto
3341 2070 3646 2146 consensi,

2009 2169 2066 2221 et
2098 2160 2374 2240 przelecto
2407 2157 2761 2238 subscripsi.
2795 2156 3089 2220 Similiter
3120 2165 3177 2219 et
3229 2159 3427 2220 cmteri
3481 2159 3648 2240 epis-

2005 2249 2136 2328 copi
2167 2247 2651 2328 subscripserunt
2683 2247 2822 2324 (54).

2004 2339 2081 2402 In
2129 2339 2233 2401 hac
2288 2336 2540 2400 concilio
2585 2342 2891 2399 statutum
2944 2343 3056 2417 est,
3093 2342 3160 2397 ut
3203 2338 3474 2418 episcopi
3518 2345 3654 2403 stne

2430 2427 2704 2503 formata
2736 2444 2856 2488 non
2887 2427 3208 2503 navigem.

2091 2519 2343 2584 Caesario
2374 2517 2436 2568 70
2471 2517 2595 2597 (55)
2631 2524 2688 2577 et
2715 2515 2912 2580 Attico
2943 2515 3086 2577 viris
3132 2515 3484 2579 clarissimis
3516 2536 3654 2580 con-

2010 2610 2264 2684 sulibus,
2299 2615 2464 2670 sexto
2498 2605 2794 2668 Kalendas
2841 2605 3052 2680 Julias,
3112 2603 3486 2686 Carthagine,
3524 2608 3656 2688 pla-

2011 2700 2158 2775 cuit,
2192 2706 2256 2760 ut
2283 2697 2483 2760 nullus
2515 2696 2937 2778 episcoporum
2971 2694 3203 2775 naviget
3241 2696 3370 2758 sine
3401 2696 3658 2760 formata

2012 2791 2301 2872 primatis.

2095 2881 2269 2941 Gesta
2302 2878 2362 2938 in
2387 2873 2772 2950 authenticis,
2801 2873 2902 2955 qui
2935 2885 3181 2956 quaret,
3215 2875 3498 2940 inveniet.

2021 3059 2103 3122 De
2133 3058 2393 3121 concilio
2425 3058 2545 3118 ista
2581 3053 2704 3136 (56)
2731 3053 2914 3130 legali
2935 3053 3013 3115 ad
3034 3057 3424 3134 imperatores
3454 3057 3654 3136 infra-

2362 3146 2577 3225 scripti
2604 3144 2976 3222 diriguntur
3003 3145 3298 3225 episcopi.

1952 3209 1993 3260 c
2099 3237 2186 3299 De
2219 3209 2797 3298 manumissionibus
2825 3235 2891 3292 in
2938 3209 3221 3296 Ecclesia
3258 3233 3655 3315 celebrandis,

2017 3326 2090 3388 ab
2118 3326 2491 3406 imperatore
2517 3321 2903 3403 poscendum.

2101 3503 2202 3566 64.
2236 3501 2321 3562 De
2353 3496 2923 3562 manumissionibus
2979 3497 3032 3548 71
3088 3517 3232 3562 sane
3273 3499 3336 3562 in
3396 3500 3663 3565 Ecclesia

2020 3589 2291 3656 dicendis
2326 3588 2544 3668 [Graec
2573 3585 3066 3669 proclamandis],
3100 3589 3151 3649 si
3181 3588 3239 3650 id
3287 3591 3477 3652 nostri
3509 3609 3660 3653 con-

2021 3680 2363 3745 sacerdotes
2395 3698 2501 3759 per
2528 3678 2753 3742 Italiam
2779 3675 2974 3754 facere
3005 3683 3410 3760 reperiuntur,
3443 3687 3664 3744 nostra;

2024 3772 2198 3834 etiam
2234 3769 2346 3832 erit
2397 3767 2629 3830 fiduciae
2675 3766 2922 3828 istorum
2972 3767 3244 3829 ordinem
3277 3769 3448 3850 sequi
3481 3789 3497 3831 :
3531 3769 3668 3833 data

2024 3860 2200 3943 plane
2237 3857 2478 3922 licentia
2503 3857 2689 3918 misso
2739 3855 2960 3934 legato,
2993 3864 3056 3918 ut
3086 3875 3457 3940 quaecunque
3487 3859 3667 3939 digna

2026 3951 2145 4012 ﬁde
2183 3967 2288 4029 pro
2319 3954 2476 4010 statu
2508 3945 2790 4008 Ecclesia;
2819 3953 2879 4006 et
2908 3945 3096 4008 salute
3125 3946 3459 4009 animarum
3491 3966 3668 4028 agere

2027 4041 2308 4122 potuerit,
2361 4055 2471 4099 nos
2521 4033 2902 4098 laudabiliter
2948 4035 3010 4096 in
3061 4045 3391 4116 conspectu
3421 4036 3664 4100 Domini

2024 4135 2400 4209 accepturos.
2433 4125 2577 4199 Quae
2629 4123 2853 4200 omnia,
2889 4123 2940 4186 si
2971 4125 3264 4188 sanctitati
3293 4133 3503 4188 vestrae
3533 4127 3667 4208 pla-

2028 4227 2188 4294 cent,
2221 4215 2465 4292 edicite;
2523 4221 2589 4276 ut
2648 4223 2707 4276 et
2761 4231 2954 4276 meam
3009 4217 3450 4295 suggestionem
3478 4224 3670 4280 ratam

2029 4327 2162 4371 esse
2191 4305 2356 4369 vobis
2388 4304 2712 4379 advertam,
2747 4310 2805 4364 et
2826 4311 3089 4366 nostram
3123 4306 3388 4367 omnium
3421 4323 3672 4376 consen-

2031 4399 2258 4461 sionem
2293 4395 2605 4460 sinceritas
2634 4411 2842 4456 eorum
2876 4392 3132 4459 libenter
3162 4395 3442 4478 accipiat.

2111 4665 2202 4729 Ab
2233 4663 2524 4727 universis
2585 4665 2884 4745 episcopis
2933 4663 3156 4726 dictum
3203 4669 3294 4724 est
3331 4683 3344 4725 :
3379 4661 3672 4726 Omnibus

2036 4757 2270 4840 placent
2294 4755 2421 4816 haec
2450 4771 2580 4835 quae
2608 4755 2879 4834 injuncta
2908 4763 3047 4815 sunt
3078 4750 3416 4833 peragenda
3444 4752 3678 4834 (57),et

2037 4845 2364 4928 prudenter
2394 4862 2429 4906 a
2459 4851 2556 4906 tua
2584 4844 2898 4907 sanctitate
2938 4848 3236 4906 enarrata.

3372 5060 3427 5110 τί
3490 5059 3676 5126 Conc.

2111 5347 2248 5429 (56)
2276 5344 2607 5429 Concilium
2639 5345 2912 5429 Carthag.
2946 5363 3006 5410 ιν
3055 5345 3166 5413 sub
3218 5347 3466 5414 Aurelio
3520 5349 3667 5414 anni

2037 5429 2182 5511 399,
2216 5426 2408 5511 canon
2439 5426 2684 5495 unicus.

2122 5509 2248 5592 (57)
2283 5512 2450 5575 Hanc
2474 5527 2677 5575 vocem
2713 5511 2842 5575 loco
2873 5529 2982 5576 suo
3015 5511 3195 5575 movit
3215 5512 3454 5576 Graecus
3483 5510 3676 5577 inter-

2041 5609 2197 5676 pres.
