  <div class='ocr_page' id='page_1' title='image "/cluster/home/n/w/nwhite01/storage/ocr_20150623/104/hvd.32044073502163/347.png"; bbox 0 0 4148 6198; ppageno 0'>
   <div class='ocr_carea' id='block_1_1' title="bbox 532 383 651 455">
    <p class='ocr_par' dir='ltr' id='par_1_1' title="bbox 532 383 651 455">
     <span class='ocr_line' id='line_1_1' title="bbox 532 383 651 455; baseline -0.017 0"><span class='ocrx_word' id='word_1_1' title='bbox 532 383 651 455; x_wconf 87' lang='grc'><strong>655</strong></span> 
     </span>
    </p>
   </div>
   <div class='ocr_carea' id='block_1_2' title="bbox 1726 368 2707 446">
    <p class='ocr_par' dir='ltr' id='par_1_2' title="bbox 1726 368 2707 446">
     <span class='ocr_line' id='line_1_2' title="bbox 1726 368 2707 446; baseline -0.002 -1"><span class='ocrx_word' id='word_1_2' title='bbox 1726 372 1997 446; x_wconf 87' lang='lat' dir='ltr'><strong>PHOTII</strong></span> <span class='ocrx_word' id='word_1_3' title='bbox 2038 368 2551 445; x_wconf 66' lang='lat' dir='ltr'><strong>PATRIARCHE</strong></span> <span class='ocrx_word' id='word_1_4' title='bbox 2591 374 2707 443; x_wconf 73' lang='grc' dir='ltr'><strong>ΟΡ.</strong></span> 
     </span>
    </p>
   </div>
   <div class='ocr_carea' id='block_1_3' title="bbox 3736 379 3833 450">
    <p class='ocr_par' dir='ltr' id='par_1_3' title="bbox 3736 379 3833 450">
     <span class='ocr_line' id='line_1_3' title="bbox 3736 379 3833 450; baseline 0.031 -3"><span class='ocrx_word' id='word_1_5' title='bbox 3736 379 3833 450; x_wconf 78' lang='grc'><strong>656</strong></span> 
     </span>
    </p>
   </div>
   <div class='ocr_carea' id='block_1_4' title="bbox 586 512 2147 605">
    <p class='ocr_par' dir='ltr' id='par_1_4' title="bbox 586 517 2110 605">
     <span class='ocr_line' id='line_1_4' title="bbox 586 517 2110 605; baseline -0.007 -15"><span class='ocrx_word' id='word_1_6' title='bbox 586 526 723 590; x_wconf 78' lang='lat' dir='ltr'><strong>I90</strong></span> <span class='ocrx_word' id='word_1_7' title='bbox 754 526 840 589; x_wconf 84' lang='lat' dir='ltr'><strong>De</strong></span> <span class='ocrx_word' id='word_1_8' title='bbox 866 524 960 587; x_wconf 84' lang='lat' dir='ltr'><strong>his</strong></span> <span class='ocrx_word' id='word_1_9' title='bbox 989 525 1099 605; x_wconf 83' lang='lat' dir='ltr'><strong>qui</strong></span> <span class='ocrx_word' id='word_1_10' title='bbox 1124 521 1325 605; x_wconf 80' lang='lat' dir='ltr'><strong>plebes</strong></span> <span class='ocrx_word' id='word_1_11' title='bbox 1351 524 1633 604; x_wconf 80' lang='lat' dir='ltr'><strong>proprias</strong></span> <span class='ocrx_word' id='word_1_12' title='bbox 1661 517 2110 599; x_wconf 80' lang='lat' dir='ltr'><strong>derelinquunt.</strong></span> 
     </span>
    </p>
   </div>
   <div class='ocr_carea' id='block_1_5' title="bbox 2232 512 3836 605">
    <p class='ocr_par' dir='ltr' id='par_1_5' title="bbox 2252 512 3836 596">
     <span class='ocr_line' id='line_1_5' title="bbox 2252 512 3836 596; baseline 0.001 -22"><span class='ocrx_word' id='word_1_13' title='bbox 2252 574 2259 579; x_wconf 91' lang='lat'>_</span> <span class='ocrx_word' id='word_1_14' title='bbox 2327 518 2451 596; x_wconf 86' lang='grc' dir='ltr'>Περὶ</span> <span class='ocrx_word' id='word_1_15' title='bbox 2518 538 2625 595; x_wconf 61' lang='grc' dir='ltr'>τιρν</span> <span class='ocrx_word' id='word_1_16' title='bbox 2694 518 2819 583; x_wconf 79' lang='grc' dir='ltr'>τοὺς</span> <span class='ocrx_word' id='word_1_17' title='bbox 2901 514 3061 582; x_wconf 78' lang='grc' dir='ltr'>ἰδίους</span> <span class='ocrx_word' id='word_1_18' title='bbox 3131 512 3297 579; x_wconf 82' lang='grc' dir='ltr'>λαοὺς</span> <span class='ocrx_word' id='word_1_19' title='bbox 3382 515 3836 594; x_wconf 74' lang='grc' dir='ltr'>ἐγκαταλιμπανονο</span> 
     </span>
    </p>
   </div>
   <div class='ocr_carea' id='block_1_6' title="bbox 611 695 2165 785">
    <p class='ocr_par' dir='ltr' id='par_1_6' title="bbox 611 695 2165 785">
     <span class='ocr_line' id='line_1_6' title="bbox 611 695 2165 785; baseline -0.007 -18"><span class='ocrx_word' id='word_1_20' title='bbox 611 705 713 767; x_wconf 83' lang='grc'>71.</span> <span class='ocrx_word' id='word_1_21' title='bbox 744 703 975 766; x_wconf 84' lang='lat' dir='ltr'><strong>Rursus</strong></span> <span class='ocrx_word' id='word_1_22' title='bbox 997 701 1221 785; x_wconf 90' lang='lat' dir='ltr'><strong>placuit</strong></span> <span class='ocrx_word' id='word_1_23' title='bbox 1247 701 1309 753; x_wconf 67' lang='lat'><strong>79</strong></span> <span class='ocrx_word' id='word_1_24' title='bbox 1352 700 1478 782; x_wconf 79' lang='lat'>(58)</span> <span class='ocrx_word' id='word_1_25' title='bbox 1517 706 1581 764; x_wconf 88' lang='lat' dir='ltr'><strong>ut</strong></span> <span class='ocrx_word' id='word_1_26' title='bbox 1617 698 1841 762; x_wconf 87' lang='lat' dir='ltr'><strong>nemini</strong></span> <span class='ocrx_word' id='word_1_27' title='bbox 1871 698 1948 759; x_wconf 92' lang='lat' dir='ltr'><strong>sit</strong></span> <span class='ocrx_word' id='word_1_28' title='bbox 1971 695 2165 785; x_wconf 79' lang='lat' dir='ltr'><strong>facul-</strong></span> 
     </span>
    </p>
   </div>
   <div class='ocr_carea' id='block_1_7' title="bbox 530 784 2163 875">
    <p class='ocr_par' dir='ltr' id='par_1_7' title="bbox 530 784 2163 875">
     <span class='ocr_line' id='line_1_7' title="bbox 530 784 2163 875; baseline -0.007 -17"><span class='ocrx_word' id='word_1_29' title='bbox 530 802 641 869; x_wconf 89' lang='lat' dir='ltr'><strong>tas,</strong></span> <span class='ocrx_word' id='word_1_30' title='bbox 674 792 882 855; x_wconf 89' lang='lat' dir='ltr'><strong>relicta</strong></span> <span class='ocrx_word' id='word_1_31' title='bbox 938 784 1254 875; x_wconf 74' lang='lat' dir='ltr'><strong>principali</strong></span> <span class='ocrx_word' id='word_1_32' title='bbox 1312 790 1620 865; x_wconf 77' lang='lat' dir='ltr'><strong>cathedra,</strong></span> <span class='ocrx_word' id='word_1_33' title='bbox 1653 788 1724 850; x_wconf 91' lang='lat' dir='ltr'><strong>ad</strong></span> <span class='ocrx_word' id='word_1_34' title='bbox 1758 788 2015 868; x_wconf 84' lang='lat' dir='ltr'><strong>aliquam</strong></span> <span class='ocrx_word' id='word_1_35' title='bbox 2050 784 2163 847; x_wconf 85' lang='lat' dir='ltr'><strong>Ec-</strong></span> 
     </span>
    </p>
   </div>
   <div class='ocr_carea' id='block_1_8' title="bbox 527 874 2163 951">
    <p class='ocr_par' dir='ltr' id='par_1_8' title="bbox 527 874 2163 951">
     <span class='ocr_line' id='line_1_8' title="bbox 527 874 2163 951; baseline -0.006 -5"><span class='ocrx_word' id='word_1_36' title='bbox 527 882 769 947; x_wconf 86' lang='lat' dir='ltr'><strong>clesiam</strong></span> <span class='ocrx_word' id='word_1_37' title='bbox 802 882 861 944; x_wconf 90' lang='lat' dir='ltr'><strong>in</strong></span> <span class='ocrx_word' id='word_1_38' title='bbox 894 882 1138 944; x_wconf 73' lang='lat' dir='ltr'><strong>dioecesi</strong></span> <span class='ocrx_word' id='word_1_39' title='bbox 1169 880 1545 944; x_wconf 75' lang='lat' dir='ltr'><strong>constitutam</strong></span> <span class='ocrx_word' id='word_1_40' title='bbox 1571 897 1637 940; x_wconf 90' lang='lat' dir='ltr'><strong>se</strong></span> <span class='ocrx_word' id='word_1_41' title='bbox 1659 878 1957 951; x_wconf 82' lang='lat' dir='ltr'><strong>conferre,</strong></span> <span class='ocrx_word' id='word_1_42' title='bbox 1989 875 2076 936; x_wconf 89' lang='lat' dir='ltr'><strong>vel</strong></span> <span class='ocrx_word' id='word_1_43' title='bbox 2102 874 2163 936; x_wconf 92' lang='lat' dir='ltr'><strong>in</strong></span> 
     </span>
    </p>
   </div>
   <div class='ocr_carea' id='block_1_9' title="bbox 524 966 2159 1053">
    <p class='ocr_par' dir='ltr' id='par_1_9' title="bbox 524 966 2159 1053">
     <span class='ocr_line' id='line_1_9' title="bbox 524 966 2159 1053; baseline -0.006 -19"><span class='ocrx_word' id='word_1_44' title='bbox 524 991 592 1034; x_wconf 87' lang='lat' dir='ltr'><strong>re</strong></span> <span class='ocrx_word' id='word_1_45' title='bbox 624 971 862 1053; x_wconf 84' lang='lat' dir='ltr'><strong>propria</strong></span> <span class='ocrx_word' id='word_1_46' title='bbox 899 971 1023 1053; x_wconf 83' lang='lat'><strong>(59)</strong></span> <span class='ocrx_word' id='word_1_47' title='bbox 1054 971 1281 1033; x_wconf 88' lang='lat' dir='ltr'><strong>diutius</strong></span> <span class='ocrx_word' id='word_1_48' title='bbox 1338 988 1515 1052; x_wconf 90' lang='lat' dir='ltr'><strong>quam</strong></span> <span class='ocrx_word' id='word_1_49' title='bbox 1574 976 1809 1049; x_wconf 86' lang='lat' dir='ltr'><strong>oportet</strong></span> <span class='ocrx_word' id='word_1_50' title='bbox 1867 966 2159 1028; x_wconf 87' lang='lat' dir='ltr'><strong>constitu-</strong></span> 
     </span>
    </p>
   </div>
   <div class='ocr_carea' id='block_1_10' title="bbox 526 1055 2160 1143">
    <p class='ocr_par' dir='ltr' id='par_1_10' title="bbox 526 1055 2160 1143">
     <span class='ocr_line' id='line_1_10' title="bbox 526 1055 2160 1143; baseline -0.005 -18"><span class='ocrx_word' id='word_1_51' title='bbox 526 1069 681 1140; x_wconf 87' lang='lat' dir='ltr'><strong>tum,</strong></span> <span class='ocrx_word' id='word_1_52' title='bbox 719 1079 927 1123; x_wconf 90' lang='lat' dir='ltr'><strong>curam</strong></span> <span class='ocrx_word' id='word_1_53' title='bbox 957 1061 1049 1123; x_wconf 92' lang='lat' dir='ltr'><strong>vel</strong></span> <span class='ocrx_word' id='word_1_54' title='bbox 1079 1059 1619 1143; x_wconf 81' lang='lat' dir='ltr'><strong>frequentationem</strong></span> <span class='ocrx_word' id='word_1_55' title='bbox 1654 1055 1910 1138; x_wconf 73' lang='lat' dir='ltr'><strong>pr0prire</strong></span> <span class='ocrx_word' id='word_1_56' title='bbox 1950 1055 2160 1117; x_wconf 88' lang='lat' dir='ltr'><strong>cathe-</strong></span> 
     </span>
    </p>
   </div>
   <div class='ocr_carea' id='block_1_11' title="bbox 525 1150 1005 1230">
    <p class='ocr_par' dir='ltr' id='par_1_11' title="bbox 525 1150 1005 1230">
     <span class='ocr_line' id='line_1_11' title="bbox 525 1150 1005 1230; baseline -0.002 -17"><span class='ocrx_word' id='word_1_57' title='bbox 525 1150 648 1213; x_wconf 66' lang='lat' dir='ltr'><strong>dra</strong></span> <span class='ocrx_word' id='word_1_58' title='bbox 678 1150 1005 1230; x_wconf 77' lang='lat' dir='ltr'><strong>negligere.</strong></span> 
     </span>
    </p>
   </div>
   <div class='ocr_carea' id='block_1_12' title="bbox 605 1233 2159 1318">
    <p class='ocr_par' dir='ltr' id='par_1_12' title="bbox 605 1233 2159 1318">
     <span class='ocr_line' id='line_1_12' title="bbox 605 1233 2159 1318; baseline -0.005 -16"><span class='ocrx_word' id='word_1_59' title='bbox 605 1240 692 1302; x_wconf 85' lang='lat' dir='ltr'><strong>De</strong></span> <span class='ocrx_word' id='word_1_60' title='bbox 743 1237 1173 1318; x_wconf 70' lang='lat' dir='ltr'><strong>defensoribus</strong></span> <span class='ocrx_word' id='word_1_61' title='bbox 1215 1236 1641 1302; x_wconf 77' lang='lat' dir='ltr'><strong>Eeetesiarum</strong></span> <span class='ocrx_word' id='word_1_62' title='bbox 1691 1233 1769 1297; x_wconf 80' lang='lat' dir='ltr'><strong>ab</strong></span> <span class='ocrx_word' id='word_1_63' title='bbox 1799 1234 2159 1313; x_wconf 82' lang='lat' dir='ltr'><strong>imperatore</strong></span> 
     </span>
    </p>
   </div>
   <div class='ocr_carea' id='block_1_13' title="bbox 517 1328 857 1410">
    <p class='ocr_par' dir='ltr' id='par_1_13' title="bbox 517 1328 857 1410">
     <span class='ocr_line' id='line_1_13' title="bbox 517 1328 857 1410; baseline -0.018 -17"><span class='ocrx_word' id='word_1_64' title='bbox 517 1328 857 1410; x_wconf 82' lang='lat' dir='ltr'><strong>pascendis.</strong></span> 
     </span>
    </p>
   </div>
   <div class='ocr_carea' id='block_1_14' title="bbox 599 1410 2152 1498">
    <p class='ocr_par' dir='ltr' id='par_1_14' title="bbox 599 1410 2152 1498">
     <span class='ocr_line' id='line_1_14' title="bbox 599 1410 2152 1498; baseline -0.005 -19"><span class='ocrx_word' id='word_1_65' title='bbox 599 1420 701 1481; x_wconf 90' lang='grc'>75.</span> <span class='ocrx_word' id='word_1_66' title='bbox 733 1417 823 1480; x_wconf 83' lang='lat' dir='ltr'><strong>Ab</strong></span> <span class='ocrx_word' id='word_1_67' title='bbox 852 1415 1340 1498; x_wconf 79' lang='lat' dir='ltr'><strong>imperatoribus,</strong></span> <span class='ocrx_word' id='word_1_68' title='bbox 1374 1414 1669 1476; x_wconf 82' lang='lat' dir='ltr'><strong>universis</strong></span> <span class='ocrx_word' id='word_1_69' title='bbox 1724 1412 1906 1473; x_wconf 88' lang='lat' dir='ltr'><strong>visum</strong></span> <span class='ocrx_word' id='word_1_70' title='bbox 1956 1421 2045 1473; x_wconf 90' lang='lat' dir='ltr'><strong>est</strong></span> <span class='ocrx_word' id='word_1_71' title='bbox 2072 1410 2152 1485; x_wconf 67' lang='lat'><strong>79,</strong></span> 
     </span>
    </p>
   </div>
   <div class='ocr_carea' id='block_1_15' title="bbox 521 1503 2158 1589">
    <p class='ocr_par' dir='ltr' id='par_1_15' title="bbox 521 1503 2158 1589">
     <span class='ocr_line' id='line_1_15' title="bbox 521 1503 2158 1589; baseline -0.005 -19"><span class='ocrx_word' id='word_1_72' title='bbox 521 1506 944 1589; x_wconf 90' lang='lat' dir='ltr'><strong>postulandum</strong></span> <span class='ocrx_word' id='word_1_73' title='bbox 971 1513 1220 1587; x_wconf 81' lang='lat' dir='ltr'><strong>propter</strong></span> <span class='ocrx_word' id='word_1_74' title='bbox 1241 1503 1624 1566; x_wconf 81' lang='lat' dir='ltr'><strong>afﬂictionem</strong></span> <span class='ocrx_word' id='word_1_75' title='bbox 1653 1519 2158 1583; x_wconf 81' lang='lat' dir='ltr'><strong>pauperum,quo-</strong></span> 
     </span>
    </p>
   </div>
   <div class='ocr_carea' id='block_1_16' title="bbox 518 1589 2157 1671">
    <p class='ocr_par' dir='ltr' id='par_1_16' title="bbox 518 1589 2157 1671">
     <span class='ocr_line' id='line_1_16' title="bbox 518 1589 2157 1671; baseline -0.005 -13"><span class='ocrx_word' id='word_1_76' title='bbox 518 1614 653 1658; x_wconf 91' lang='lat' dir='ltr'><strong>rum</strong></span> <span class='ocrx_word' id='word_1_77' title='bbox 687 1595 978 1658; x_wconf 88' lang='lat' dir='ltr'><strong>molestiis</strong></span> <span class='ocrx_word' id='word_1_78' title='bbox 1025 1596 1157 1656; x_wconf 88' lang='lat' dir='ltr'><strong>sine</strong></span> <span class='ocrx_word' id='word_1_79' title='bbox 1217 1593 1663 1655; x_wconf 87' lang='lat' dir='ltr'><strong>intermissione</strong></span> <span class='ocrx_word' id='word_1_80' title='bbox 1720 1591 1994 1671; x_wconf 80' lang='lat' dir='ltr'><strong>fatigatur</strong></span> <span class='ocrx_word' id='word_1_81' title='bbox 2041 1589 2157 1651; x_wconf 87' lang='lat' dir='ltr'><strong>Ec-</strong></span> 
     </span>
    </p>
   </div>
   <div class='ocr_carea' id='block_1_17' title="bbox 519 1678 2155 1761">
    <p class='ocr_par' dir='ltr' id='par_1_17' title="bbox 519 1678 2155 1761">
     <span class='ocr_line' id='line_1_17' title="bbox 519 1678 2155 1761; baseline -0.004 -15"><span class='ocrx_word' id='word_1_82' title='bbox 519 1684 727 1761; x_wconf 89' lang='lat' dir='ltr'><strong>clesia,</strong></span> <span class='ocrx_word' id='word_1_83' title='bbox 760 1693 827 1746; x_wconf 90' lang='lat' dir='ltr'><strong>ut</strong></span> <span class='ocrx_word' id='word_1_84' title='bbox 867 1683 1217 1746; x_wconf 80' lang='lat' dir='ltr'><strong>defensores</strong></span> <span class='ocrx_word' id='word_1_85' title='bbox 1245 1688 1334 1745; x_wconf 87' lang='lat' dir='ltr'><strong>eis</strong></span> <span class='ocrx_word' id='word_1_86' title='bbox 1364 1681 1650 1743; x_wconf 87' lang='lat' dir='ltr'><strong>adversus</strong></span> <span class='ocrx_word' id='word_1_87' title='bbox 1677 1682 1971 1760; x_wconf 85' lang='lat' dir='ltr'><strong>potentias</strong></span> <span class='ocrx_word' id='word_1_88' title='bbox 2000 1678 2155 1740; x_wconf 89' lang='lat' dir='ltr'><strong>divi-</strong></span> 
     </span>
    </p>
   </div>
   <div class='ocr_carea' id='block_1_18' title="bbox 520 1769 2041 1855">
    <p class='ocr_par' dir='ltr' id='par_1_18' title="bbox 520 1769 2041 1855">
     <span class='ocr_line' id='line_1_18' title="bbox 520 1769 2041 1855; baseline -0.006 -18"><span class='ocrx_word' id='word_1_89' title='bbox 520 1783 641 1837; x_wconf 92' lang='lat' dir='ltr'><strong>tum</strong></span> <span class='ocrx_word' id='word_1_90' title='bbox 677 1792 813 1836; x_wconf 88' lang='lat' dir='ltr'><strong>cum</strong></span> <span class='ocrx_word' id='word_1_91' title='bbox 846 1774 1265 1855; x_wconf 88' lang='lat' dir='ltr'><strong>episcoporum</strong></span> <span class='ocrx_word' id='word_1_92' title='bbox 1296 1771 1637 1852; x_wconf 84' lang='lat' dir='ltr'><strong>provisione</strong></span> <span class='ocrx_word' id='word_1_93' title='bbox 1665 1769 2041 1848; x_wconf 79' lang='lat' dir='ltr'><strong>delegantur.</strong></span> 
     </span>
    </p>
   </div>
   <div class='ocr_carea' id='block_1_19' title="bbox 603 1859 1330 1927">
    <p class='ocr_par' dir='ltr' id='par_1_19' title="bbox 603 1859 1330 1927">
     <span class='ocr_line' id='line_1_19' title="bbox 603 1859 1330 1927; baseline -0.006 -2"><span class='ocrx_word' id='word_1_94' title='bbox 603 1866 691 1927; x_wconf 84' lang='lat' dir='ltr'><strong>De</strong></span> <span class='ocrx_word' id='word_1_95' title='bbox 719 1859 1330 1927; x_wconf 80' lang='lat' dir='ltr'><strong>manumissionibus.</strong></span> 
     </span>
    </p>
   </div>
   <div class='ocr_carea' id='block_1_20' title="bbox 599 1945 2153 2033">
    <p class='ocr_par' dir='ltr' id='par_1_20' title="bbox 599 1945 2153 2033">
     <span class='ocr_line' id='line_1_20' title="bbox 599 1945 2153 2033; baseline -0.005 -18"><span class='ocrx_word' id='word_1_96' title='bbox 599 1954 700 2017; x_wconf 74' lang='grc'><strong>82.</strong></span> <span class='ocrx_word' id='word_1_97' title='bbox 730 1956 875 2017; x_wconf 86' lang='lat' dir='ltr'><strong>Item</strong></span> <span class='ocrx_word' id='word_1_98' title='bbox 921 1951 1143 2033; x_wconf 87' lang='lat' dir='ltr'><strong>placuit</strong></span> <span class='ocrx_word' id='word_1_99' title='bbox 1170 1951 1253 2027; x_wconf 75' lang='lat'><strong>75,</strong></span> <span class='ocrx_word' id='word_1_100' title='bbox 1288 1958 1356 2012; x_wconf 91' lang='lat' dir='ltr'><strong>ut</strong></span> <span class='ocrx_word' id='word_1_101' title='bbox 1385 1950 1461 2012; x_wconf 90' lang='lat' dir='ltr'><strong>de</strong></span> <span class='ocrx_word' id='word_1_102' title='bbox 1491 1945 2063 2011; x_wconf 81' lang='lat' dir='ltr'><strong>manumissionibus</strong></span> <span class='ocrx_word' id='word_1_103' title='bbox 2095 1945 2153 2007; x_wconf 92' lang='lat' dir='ltr'><strong>in</strong></span> 
     </span>
    </p>
   </div>
   <div class='ocr_carea' id='block_1_21' title="bbox 518 2039 1973 2120">
    <p class='ocr_par' dir='ltr' id='par_1_21' title="bbox 518 2039 1973 2120">
     <span class='ocr_line' id='line_1_21' title="bbox 518 2039 1973 2120; baseline -0.007 -13"><span class='ocrx_word' id='word_1_104' title='bbox 518 2042 794 2107; x_wconf 91' lang='lat' dir='ltr'><strong>Ecclesia</strong></span> <span class='ocrx_word' id='word_1_105' title='bbox 821 2040 1202 2107; x_wconf 87' lang='lat' dir='ltr'><strong>celebrandis</strong></span> <span class='ocrx_word' id='word_1_106' title='bbox 1233 2040 1307 2101; x_wconf 90' lang='lat' dir='ltr'><strong>ab</strong></span> <span class='ocrx_word' id='word_1_107' title='bbox 1332 2039 1694 2120; x_wconf 85' lang='lat' dir='ltr'><strong>imperatore</strong></span> <span class='ocrx_word' id='word_1_108' title='bbox 1720 2046 1973 2120; x_wconf 88' lang='lat' dir='ltr'><strong>petatur.</strong></span> 
     </span>
    </p>
   </div>
   <div class='ocr_carea' id='block_1_22' title="bbox 520 2214 2145 2294">
    <p class='ocr_par' dir='ltr' id='par_1_22' title="bbox 520 2214 2145 2294">
     <span class='ocr_line' id='line_1_22' title="bbox 520 2214 2145 2294; baseline -0.006 -9"><span class='ocrx_word' id='word_1_109' title='bbox 520 2220 788 2285; x_wconf 72' lang='lat' dir='ltr'><strong>Concilii</strong></span> <span class='ocrx_word' id='word_1_110' title='bbox 807 2221 1159 2287; x_wconf 69' lang='lat' dir='ltr'><strong>meummiei</strong></span> <span class='ocrx_word' id='word_1_111' title='bbox 1185 2235 1246 2282; x_wconf 77' lang='lat' dir='ltr'><strong>vx</strong></span> <span class='ocrx_word' id='word_1_112' title='bbox 1267 2235 1523 2282; x_wconf 86' lang='lat' dir='ltr'><strong>canones</strong></span> <span class='ocrx_word' id='word_1_113' title='bbox 1543 2217 1644 2294; x_wconf 69' lang='grc'><strong>25,</strong></span> <span class='ocrx_word' id='word_1_114' title='bbox 1677 2216 1776 2291; x_wconf 90' lang='lat'><strong>36,</strong></span> <span class='ocrx_word' id='word_1_115' title='bbox 1799 2215 1899 2291; x_wconf 83' lang='lat'><strong>37,</strong></span> <span class='ocrx_word' id='word_1_116' title='bbox 1922 2214 2023 2290; x_wconf 89' lang='lat'><strong>38,</strong></span> <span class='ocrx_word' id='word_1_117' title='bbox 2044 2215 2145 2277; x_wconf 87' lang='lat'><strong>39.</strong></span> 
     </span>
    </p>
   </div>
   <div class='ocr_carea' id='block_1_23' title="bbox 594 2393 2152 2474">
    <p class='ocr_par' dir='ltr' id='par_1_23' title="bbox 594 2393 2152 2474">
     <span class='ocr_line' id='line_1_23' title="bbox 594 2393 2152 2474; baseline -0.004 -13"><span class='ocrx_word' id='word_1_118' title='bbox 594 2399 696 2464; x_wconf 73' lang='grc'><strong>25.</strong></span> <span class='ocrx_word' id='word_1_119' title='bbox 726 2399 1028 2463; x_wconf 70' lang='lat' dir='ltr'><strong>Praeterea</strong></span> <span class='ocrx_word' id='word_1_120' title='bbox 1082 2415 1443 2461; x_wconf 83' lang='lat' dir='ltr'><strong>renovamus</strong></span> <span class='ocrx_word' id='word_1_121' title='bbox 1490 2394 1668 2457; x_wconf 86' lang='lat' dir='ltr'><strong>etiam</strong></span> <span class='ocrx_word' id='word_1_122' title='bbox 1699 2412 2018 2470; x_wconf 90' lang='lat' dir='ltr'><strong>canonem,</strong></span> <span class='ocrx_word' id='word_1_123' title='bbox 2051 2393 2152 2474; x_wconf 91' lang='lat' dir='ltr'><strong>qui</strong></span> 
     </span>
    </p>
   </div>
   <div class='ocr_carea' id='block_1_24' title="bbox 516 2483 2153 2570">
    <p class='ocr_par' dir='ltr' id='par_1_24' title="bbox 516 2483 2153 2570">
     <span class='ocr_line' id='line_1_24' title="bbox 516 2483 2153 2570; baseline -0.004 -18"><span class='ocrx_word' id='word_1_124' title='bbox 516 2490 663 2553; x_wconf 85' lang='lat' dir='ltr'><strong>dicit</strong></span> <span class='ocrx_word' id='word_1_125' title='bbox 689 2498 976 2570; x_wconf 76' lang='lat' dir='ltr'><strong>agrestes,</strong></span> <span class='ocrx_word' id='word_1_126' title='bbox 1001 2497 1060 2551; x_wconf 89' lang='lat' dir='ltr'><strong>et</strong></span> <span class='ocrx_word' id='word_1_127' title='bbox 1090 2507 1219 2569; x_wconf 65' lang='lat' dir='ltr'><strong>quas</strong></span> <span class='ocrx_word' id='word_1_128' title='bbox 1242 2494 1381 2549; x_wconf 86' lang='lat' dir='ltr'><strong>sunt</strong></span> <span class='ocrx_word' id='word_1_129' title='bbox 1412 2488 1470 2548; x_wconf 91' lang='lat' dir='ltr'><strong>in</strong></span> <span class='ocrx_word' id='word_1_130' title='bbox 1504 2483 1809 2566; x_wconf 89' lang='lat' dir='ltr'><strong>provincia</strong></span> <span class='ocrx_word' id='word_1_131' title='bbox 1840 2483 2153 2564; x_wconf 85' lang='lat' dir='ltr'><strong>parochias</strong></span> 
     </span>
    </p>
   </div>
   <div class='ocr_carea' id='block_1_25' title="bbox 510 2574 2152 2659">
    <p class='ocr_par' dir='ltr' id='par_1_25' title="bbox 510 2574 2152 2659">
     <span class='ocr_line' id='line_1_25' title="bbox 510 2574 2152 2659; baseline -0.004 -18"><span class='ocrx_word' id='word_1_132' title='bbox 510 2579 903 2643; x_wconf 90' lang='lat' dir='ltr'><strong>inconcussas</strong></span> <span class='ocrx_word' id='word_1_133' title='bbox 932 2596 1177 2640; x_wconf 89' lang='lat' dir='ltr'><strong>manere</strong></span> <span class='ocrx_word' id='word_1_134' title='bbox 1206 2576 1363 2659; x_wconf 90' lang='lat' dir='ltr'><strong>apud</strong></span> <span class='ocrx_word' id='word_1_135' title='bbox 1396 2575 1731 2657; x_wconf 87' lang='lat' dir='ltr'><strong>episcopos,</strong></span> <span class='ocrx_word' id='word_1_136' title='bbox 1758 2574 1863 2654; x_wconf 86' lang='lat' dir='ltr'><strong>qui</strong></span> <span class='ocrx_word' id='word_1_137' title='bbox 1887 2592 1986 2634; x_wconf 80' lang='lat' dir='ltr'><strong>eas</strong></span> <span class='ocrx_word' id='word_1_138' title='bbox 2018 2592 2152 2654; x_wconf 89' lang='lat' dir='ltr'><strong>pos-</strong></span> 
     </span>
    </p>
   </div>
   <div class='ocr_carea' id='block_1_26' title="bbox 513 2663 2151 2746">
    <p class='ocr_par' dir='ltr' id='par_1_26' title="bbox 513 2663 2151 2746">
     <span class='ocr_line' id='line_1_26' title="bbox 513 2663 2151 2746; baseline -0.004 -15"><span class='ocrx_word' id='word_1_139' title='bbox 513 2668 755 2733; x_wconf 87' lang='lat' dir='ltr'><strong>sident:</strong></span> <span class='ocrx_word' id='word_1_140' title='bbox 792 2667 1076 2742; x_wconf 76' lang='lat' dir='ltr'><strong>maxime,</strong></span> <span class='ocrx_word' id='word_1_141' title='bbox 1112 2667 1162 2728; x_wconf 91' lang='lat' dir='ltr'><strong>si</strong></span> <span class='ocrx_word' id='word_1_142' title='bbox 1212 2666 1451 2746; x_wconf 83' lang='lat' dir='ltr'><strong>triginta</strong></span> <span class='ocrx_word' id='word_1_143' title='bbox 1501 2681 1794 2725; x_wconf 84' lang='lat' dir='ltr'><strong>annorum</strong></span> <span class='ocrx_word' id='word_1_144' title='bbox 1828 2663 2018 2743; x_wconf 89' lang='lat' dir='ltr'><strong>spatio</strong></span> <span class='ocrx_word' id='word_1_145' title='bbox 2050 2681 2151 2725; x_wconf 91' lang='lat' dir='ltr'><strong>eas</strong></span> 
     </span>
    </p>
   </div>
   <div class='ocr_carea' id='block_1_27' title="bbox 513 2752 2146 2839">
    <p class='ocr_par' dir='ltr' id='par_1_27' title="bbox 513 2752 2146 2839">
     <span class='ocr_line' id='line_1_27' title="bbox 513 2752 2146 2839; baseline -0.004 -19"><span class='ocrx_word' id='word_1_146' title='bbox 513 2758 650 2821; x_wconf 90' lang='lat' dir='ltr'><strong>sine</strong></span> <span class='ocrx_word' id='word_1_147' title='bbox 702 2758 755 2819; x_wconf 89' lang='lat' dir='ltr'><strong>vi</strong></span> <span class='ocrx_word' id='word_1_148' title='bbox 814 2757 1189 2839; x_wconf 86' lang='lat' dir='ltr'><strong>possidentes</strong></span> <span class='ocrx_word' id='word_1_149' title='bbox 1232 2752 1801 2817; x_wconf 87' lang='lat' dir='ltr'><strong>administraverint.</strong></span> <span class='ocrx_word' id='word_1_150' title='bbox 1836 2754 1895 2816; x_wconf 90' lang='lat' dir='ltr'><strong>Si</strong></span> <span class='ocrx_word' id='word_1_151' title='bbox 1947 2762 2146 2815; x_wconf 81' lang='lat' dir='ltr'><strong>autem</strong></span> 
     </span>
    </p>
   </div>
   <div class='ocr_carea' id='block_1_28' title="bbox 511 2841 2150 2927">
    <p class='ocr_par' dir='ltr' id='par_1_28' title="bbox 511 2841 2150 2927">
     <span class='ocr_line' id='line_1_28' title="bbox 511 2841 2150 2927; baseline -0.004 -19"><span class='ocrx_word' id='word_1_152' title='bbox 511 2852 671 2909; x_wconf 88' lang='lat' dir='ltr'><strong>intra</strong></span> <span class='ocrx_word' id='word_1_153' title='bbox 701 2846 939 2927; x_wconf 78' lang='lat' dir='ltr'><strong>triginta</strong></span> <span class='ocrx_word' id='word_1_154' title='bbox 984 2863 1177 2907; x_wconf 88' lang='lat' dir='ltr'><strong>annos</strong></span> <span class='ocrx_word' id='word_1_155' title='bbox 1234 2844 1345 2907; x_wconf 83' lang='lat' dir='ltr'><strong>fuit</strong></span> <span class='ocrx_word' id='word_1_156' title='bbox 1390 2843 1482 2905; x_wconf 90' lang='lat' dir='ltr'><strong>vel</strong></span> <span class='ocrx_word' id='word_1_157' title='bbox 1537 2841 1713 2904; x_wconf 84' lang='lat' dir='ltr'><strong>fuerit</strong></span> <span class='ocrx_word' id='word_1_158' title='bbox 1746 2843 1940 2923; x_wconf 85' lang='lat' dir='ltr'><strong>aliqua</strong></span> <span class='ocrx_word' id='word_1_159' title='bbox 1970 2842 2045 2903; x_wconf 89' lang='lat' dir='ltr'><strong>de</strong></span> <span class='ocrx_word' id='word_1_160' title='bbox 2075 2841 2150 2904; x_wconf 90' lang='lat' dir='ltr'><strong>iis</strong></span> 
     </span>
    </p>
   </div>
   <div class='ocr_carea' id='block_1_29' title="bbox 511 2930 2150 3014">
    <p class='ocr_par' dir='ltr' id='par_1_29' title="bbox 511 2930 2150 3014">
     <span class='ocr_line' id='line_1_29' title="bbox 511 2930 2150 3014; baseline -0.005 -13"><span class='ocrx_word' id='word_1_161' title='bbox 511 2937 937 3013; x_wconf 86' lang='lat' dir='ltr'><strong>controversia,</strong></span> <span class='ocrx_word' id='word_1_162' title='bbox 998 2936 1185 2999; x_wconf 89' lang='lat' dir='ltr'><strong>licere</strong></span> <span class='ocrx_word' id='word_1_163' title='bbox 1240 2936 1340 3011; x_wconf 90' lang='lat' dir='ltr'><strong>iis,</strong></span> <span class='ocrx_word' id='word_1_164' title='bbox 1403 2936 1505 3014; x_wconf 90' lang='lat' dir='ltr'><strong>qui</strong></span> <span class='ocrx_word' id='word_1_165' title='bbox 1560 2950 1625 2993; x_wconf 90' lang='lat' dir='ltr'><strong>se</strong></span> <span class='ocrx_word' id='word_1_166' title='bbox 1655 2930 1877 3012; x_wconf 87' lang='lat' dir='ltr'><strong>injuria</strong></span> <span class='ocrx_word' id='word_1_167' title='bbox 1906 2932 2150 2994; x_wconf 78' lang='lat' dir='ltr'><strong>affectos</strong></span> 
     </span>
    </p>
   </div>
   <div class='ocr_carea' id='block_1_30' title="bbox 511 3022 2146 3108">
    <p class='ocr_par' dir='ltr' id='par_1_30' title="bbox 511 3022 2146 3108">
     <span class='ocr_line' id='line_1_30' title="bbox 511 3022 2146 3108; baseline -0.002 -21"><span class='ocrx_word' id='word_1_168' title='bbox 511 3025 740 3103; x_wconf 91' lang='lat' dir='ltr'><strong>dicunt,</strong></span> <span class='ocrx_word' id='word_1_169' title='bbox 772 3027 847 3089; x_wconf 91' lang='lat' dir='ltr'><strong>de</strong></span> <span class='ocrx_word' id='word_1_170' title='bbox 876 3045 947 3088; x_wconf 88' lang='lat' dir='ltr'><strong>eo</strong></span> <span class='ocrx_word' id='word_1_171' title='bbox 994 3025 1288 3089; x_wconf 87' lang='lat' dir='ltr'><strong>actionem</strong></span> <span class='ocrx_word' id='word_1_172' title='bbox 1340 3022 1497 3108; x_wconf 89' lang='lat' dir='ltr'><strong>apud</strong></span> <span class='ocrx_word' id='word_1_173' title='bbox 1553 3022 1840 3102; x_wconf 77' lang='lat' dir='ltr'><strong>synodum</strong></span> <span class='ocrx_word' id='word_1_174' title='bbox 1902 3022 2146 3103; x_wconf 89' lang='lat' dir='ltr'><strong>provin-</strong></span> 
     </span>
    </p>
   </div>
   <div class='ocr_carea' id='block_1_31' title="bbox 510 3133 639 3180">
    <p class='ocr_par' dir='ltr' id='par_1_31' title="bbox 510 3133 639 3180">
     <span class='ocr_line' id='line_1_31' title="bbox 510 3133 639 3180; baseline 0.023 -3"><span class='ocrx_word' id='word_1_175' title='bbox 510 3133 639 3180; x_wconf 67' lang='grc' dir='ltr'>σιω.</span> 
     </span>
    </p>
   </div>
   <div class='ocr_carea' id='block_1_32' title="bbox 592 3200 2206 3292">
    <p class='ocr_par' dir='ltr' id='par_1_32' title="bbox 592 3200 2206 3292">
     <span class='ocr_line' id='line_1_32' title="bbox 592 3200 2206 3292; baseline -0.004 -22"><span class='ocrx_word' id='word_1_176' title='bbox 592 3204 692 3270; x_wconf 90' lang='lat'><strong>36.</strong></span> <span class='ocrx_word' id='word_1_177' title='bbox 725 3207 1106 3269; x_wconf 82' lang='lat' dir='ltr'><strong>Renovantes</strong></span> <span class='ocrx_word' id='word_1_178' title='bbox 1162 3222 1293 3285; x_wconf 73' lang='lat' dir='ltr'><strong>quae</strong></span> <span class='ocrx_word' id='word_1_179' title='bbox 1339 3218 1373 3264; x_wconf 70' lang='grc' dir='ltr'>ει</span> <span class='ocrx_word' id='word_1_180' title='bbox 1422 3201 1644 3266; x_wconf 88' lang='lat' dir='ltr'><strong>sanctis</strong></span> <span class='ocrx_word' id='word_1_181' title='bbox 1693 3210 1932 3264; x_wconf 90' lang='lat' dir='ltr'><strong>centum</strong></span> <span class='ocrx_word' id='word_1_182' title='bbox 1966 3200 2206 3292; x_wconf 76' lang='lat' dir='ltr'><strong>quin-c</strong></span> 
     </span>
    </p>
   </div>
   <div class='ocr_carea' id='block_1_33' title="bbox 510 3293 1947 3378">
    <p class='ocr_par' dir='ltr' id='par_1_33' title="bbox 510 3293 1947 3378">
     <span class='ocr_line' id='line_1_33' title="bbox 510 3293 1947 3378; baseline -0.004 -21"><span class='ocrx_word' id='word_1_183' title='bbox 510 3294 792 3378; x_wconf 84' lang='lat' dir='ltr'><strong>quaginta</strong></span> <span class='ocrx_word' id='word_1_184' title='bbox 815 3293 1115 3365; x_wconf 83' lang='lat' dir='ltr'><strong>Patribus.</strong></span> <span class='ocrx_word' id='word_1_185' title='bbox 1152 3303 1292 3374; x_wconf 90' lang='lat' dir='ltr'><strong>etc.,</strong></span> <span class='ocrx_word' id='word_1_186' title='bbox 1324 3300 1391 3355; x_wconf 86' lang='lat' dir='ltr'><strong>ut</strong></span> <span class='ocrx_word' id='word_1_187' title='bbox 1420 3310 1603 3373; x_wconf 84' lang='lat' dir='ltr'><strong>supra</strong></span> <span class='ocrx_word' id='word_1_188' title='bbox 1624 3310 1772 3374; x_wconf 85' lang='lat' dir='ltr'><strong>pag.</strong></span> <span class='ocrx_word' id='word_1_189' title='bbox 1806 3293 1947 3355; x_wconf 74' lang='grc'><strong>474.</strong></span> 
     </span>
    </p>
   </div>
   <div class='ocr_carea' id='block_1_34' title="bbox 590 3382 2142 3465">
    <p class='ocr_par' dir='ltr' id='par_1_34' title="bbox 590 3382 2142 3465">
     <span class='ocr_line' id='line_1_34' title="bbox 590 3382 2142 3465; baseline -0.001 -18"><span class='ocrx_word' id='word_1_190' title='bbox 590 3385 691 3449; x_wconf 84' lang='lat'><strong>3&#39;7.</strong></span> <span class='ocrx_word' id='word_1_191' title='bbox 724 3384 1012 3458; x_wconf 88' lang='lat' dir='ltr'><strong>Quoniam</strong></span> <span class='ocrx_word' id='word_1_192' title='bbox 1056 3382 1307 3446; x_wconf 88' lang='lat' dir='ltr'><strong>diversis</strong></span> <span class='ocrx_word' id='word_1_193' title='bbox 1337 3382 1732 3465; x_wconf 86' lang='lat' dir='ltr'><strong>temporibus,</strong></span> <span class='ocrx_word' id='word_1_194' title='bbox 1768 3390 1912 3457; x_wconf 90' lang='lat' dir='ltr'><strong>etc.,</strong></span> <span class='ocrx_word' id='word_1_195' title='bbox 1945 3388 2010 3445; x_wconf 87' lang='lat' dir='ltr'><strong>ut</strong></span> <span class='ocrx_word' id='word_1_196' title='bbox 2032 3400 2142 3445; x_wconf 84' lang='lat' dir='ltr'><strong>su-</strong></span> 
     </span>
    </p>
   </div>
   <div class='ocr_carea' id='block_1_35' title="bbox 502 3474 1904 3556">
    <p class='ocr_par' dir='ltr' id='par_1_35' title="bbox 502 3474 1904 3556">
     <span class='ocr_line' id='line_1_35' title="bbox 502 3474 1904 3556; baseline 0.003 -20"><span class='ocrx_word' id='word_1_197' title='bbox 502 3492 621 3556; x_wconf 85' lang='lat' dir='ltr'><strong>pra</strong></span> <span class='ocrx_word' id='word_1_198' title='bbox 648 3491 790 3555; x_wconf 89' lang='lat' dir='ltr'><strong>pag.</strong></span> <span class='ocrx_word' id='word_1_199' title='bbox 824 3474 963 3538; x_wconf 84' lang='grc'>487.</span> <span class='ocrx_word' id='word_1_200' title='bbox 1894 3544 1904 3550; x_wconf 65' lang='grc'><strong>,</strong></span> 
     </span>
    </p>
   </div>
   <div class='ocr_carea' id='block_1_36' title="bbox 596 3560 2136 3644">
    <p class='ocr_par' dir='ltr' id='par_1_36' title="bbox 596 3560 2136 3644">
     <span class='ocr_line' id='line_1_36' title="bbox 596 3560 2136 3644; baseline -0.002 -18"><span class='ocrx_word' id='word_1_201' title='bbox 596 3566 720 3626; x_wconf 70' lang='grc'><strong>191</strong></span> <span class='ocrx_word' id='word_1_202' title='bbox 760 3562 858 3628; x_wconf 88' lang='grc'><strong>38.</strong></span> <span class='ocrx_word' id='word_1_203' title='bbox 914 3564 1219 3627; x_wconf 86' lang='lat' dir='ltr'><strong>Canonem</strong></span> <span class='ocrx_word' id='word_1_204' title='bbox 1271 3561 1438 3644; x_wconf 88' lang='lat' dir='ltr'><strong>quia</strong></span> <span class='ocrx_word' id='word_1_205' title='bbox 1493 3560 1772 3624; x_wconf 85' lang='lat' dir='ltr'><strong>Patribns</strong></span> <span class='ocrx_word' id='word_1_206' title='bbox 1802 3560 1993 3623; x_wconf 80' lang='lat' dir='ltr'><strong>factus</strong></span> <span class='ocrx_word' id='word_1_207' title='bbox 2024 3571 2136 3638; x_wconf 88' lang='lat' dir='ltr'><strong>est,</strong></span> 
     </span>
    </p>
   </div>
   <div class='ocr_carea' id='block_1_37' title="bbox 508 3650 2143 3735">
    <p class='ocr_par' dir='ltr' id='par_1_37' title="bbox 508 3650 2143 3735">
     <span class='ocr_line' id='line_1_37' title="bbox 508 3650 2143 3735; baseline -0.002 -18"><span class='ocrx_word' id='word_1_208' title='bbox 508 3672 618 3717; x_wconf 90' lang='lat' dir='ltr'><strong>nos</strong></span> <span class='ocrx_word' id='word_1_209' title='bbox 647 3671 886 3735; x_wconf 88' lang='lat' dir='ltr'><strong>quoque</strong></span> <span class='ocrx_word' id='word_1_210' title='bbox 918 3653 1328 3732; x_wconf 89' lang='lat' dir='ltr'><strong>observamus,</strong></span> <span class='ocrx_word' id='word_1_211' title='bbox 1363 3651 1466 3733; x_wconf 91' lang='lat' dir='ltr'><strong>qui</strong></span> <span class='ocrx_word' id='word_1_212' title='bbox 1508 3652 1593 3714; x_wconf 89' lang='lat' dir='ltr'><strong>sic</strong></span> <span class='ocrx_word' id='word_1_213' title='bbox 1643 3651 1829 3714; x_wconf 91' lang='lat' dir='ltr'><strong>edicit</strong></span> <span class='ocrx_word' id='word_1_214' title='bbox 1865 3672 1879 3714; x_wconf 74' lang='grc' dir='ltr'><strong>ι</strong></span> <span class='ocrx_word' id='word_1_215' title='bbox 1914 3650 1971 3713; x_wconf 90' lang='lat' dir='ltr'><strong>Si</strong></span> <span class='ocrx_word' id='word_1_216' title='bbox 2004 3670 2143 3732; x_wconf 89' lang='lat' dir='ltr'><strong>qua,</strong></span> 
     </span>
    </p>
   </div>
   <div class='ocr_carea' id='block_1_38' title="bbox 507 3742 2145 3825">
    <p class='ocr_par' dir='ltr' id='par_1_38' title="bbox 507 3742 2145 3825">
     <span class='ocr_line' id='line_1_38' title="bbox 507 3742 2145 3825; baseline -0.002 -19"><span class='ocrx_word' id='word_1_217' title='bbox 507 3744 714 3807; x_wconf 88' lang='lat' dir='ltr'><strong>civitas</strong></span> <span class='ocrx_word' id='word_1_218' title='bbox 745 3746 817 3806; x_wconf 90' lang='lat' dir='ltr'><strong>ab</strong></span> <span class='ocrx_word' id='word_1_219' title='bbox 878 3742 1175 3825; x_wconf 86' lang='lat' dir='ltr'><strong>imperiali</strong></span> <span class='ocrx_word' id='word_1_220' title='bbox 1233 3750 1526 3824; x_wconf 87' lang='lat' dir='ltr'><strong>potestate</strong></span> <span class='ocrx_word' id='word_1_221' title='bbox 1577 3743 1854 3804; x_wconf 88' lang='lat' dir='ltr'><strong>innovata</strong></span> <span class='ocrx_word' id='word_1_222' title='bbox 1902 3750 2015 3817; x_wconf 88' lang='lat' dir='ltr'><strong>est,</strong></span> <span class='ocrx_word' id='word_1_223' title='bbox 2055 3742 2145 3803; x_wconf 91' lang='lat' dir='ltr'><strong>vel</strong></span> 
     </span>
    </p>
   </div>
   <div class='ocr_carea' id='block_1_39' title="bbox 504 3829 2146 3912">
    <p class='ocr_par' dir='ltr' id='par_1_39' title="bbox 504 3829 2146 3912">
     <span class='ocr_line' id='line_1_39' title="bbox 504 3829 2146 3912; baseline -0.002 -17"><span class='ocrx_word' id='word_1_224' title='bbox 504 3852 715 3896; x_wconf 83' lang='lat' dir='ltr'><strong>rursus</strong></span> <span class='ocrx_word' id='word_1_225' title='bbox 769 3833 1047 3896; x_wconf 81' lang='lat' dir='ltr'><strong>innovata</strong></span> <span class='ocrx_word' id='word_1_226' title='bbox 1096 3832 1298 3908; x_wconf 84' lang='lat' dir='ltr'><strong>fuerit,</strong></span> <span class='ocrx_word' id='word_1_227' title='bbox 1335 3832 1539 3894; x_wconf 86' lang='lat' dir='ltr'><strong>civiles</strong></span> <span class='ocrx_word' id='word_1_228' title='bbox 1570 3850 1639 3892; x_wconf 87' lang='lat' dir='ltr'><strong>ac</strong></span> <span class='ocrx_word' id='word_1_229' title='bbox 1672 3829 1942 3903; x_wconf 88' lang='lat' dir='ltr'><strong>publicos</strong></span> <span class='ocrx_word' id='word_1_230' title='bbox 1976 3839 2146 3912; x_wconf 88' lang='lat' dir='ltr'><strong>typos</strong></span> 
     </span>
    </p>
   </div>
   <div class='ocr_carea' id='block_1_40' title="bbox 506 3920 2137 4004">
    <p class='ocr_par' dir='ltr' id='par_1_40' title="bbox 506 3920 2137 4004">
     <span class='ocr_line' id='line_1_40' title="bbox 506 3920 2137 4004; baseline -0.002 -18"><span class='ocrx_word' id='word_1_231' title='bbox 506 3923 1046 3986; x_wconf 87' lang='lat' dir='ltr'><strong>ecclesiasticarum</strong></span> <span class='ocrx_word' id='word_1_232' title='bbox 1092 3941 1330 4004; x_wconf 85' lang='lat' dir='ltr'><strong>quoque</strong></span> <span class='ocrx_word' id='word_1_233' title='bbox 1362 3938 1563 3983; x_wconf 90' lang='lat' dir='ltr'><strong>rerum</strong></span> <span class='ocrx_word' id='word_1_234' title='bbox 1623 3920 1768 3982; x_wconf 90' lang='lat' dir='ltr'><strong>ordo</strong></span> <span class='ocrx_word' id='word_1_235' title='bbox 1802 3938 2137 4000; x_wconf 86' lang='lat' dir='ltr'><strong>consequa-</strong></span> 
     </span>
    </p>
   </div>
   <div class='ocr_carea' id='block_1_41' title="bbox 505 4023 625 4079">
    <p class='ocr_par' dir='ltr' id='par_1_41' title="bbox 505 4023 625 4079">
     <span class='ocr_line' id='line_1_41' title="bbox 505 4023 625 4079; baseline 0.033 -4"><span class='ocrx_word' id='word_1_236' title='bbox 505 4023 625 4079; x_wconf 92' lang='lat' dir='ltr'><strong>tur.</strong></span> 
     </span>
    </p>
   </div>
   <div class='ocr_carea' id='block_1_42' title="bbox 583 4097 2140 4167">
    <p class='ocr_par' dir='ltr' id='par_1_42' title="bbox 583 4097 2140 4167">
     <span class='ocr_line' id='line_1_42' title="bbox 583 4097 2140 4167; baseline -0.003 -2"><span class='ocrx_word' id='word_1_237' title='bbox 583 4102 683 4167; x_wconf 89' lang='lat'><strong>39.</strong></span> <span class='ocrx_word' id='word_1_238' title='bbox 719 4100 864 4165; x_wconf 86' lang='lat' dir='ltr'><strong>Cum</strong></span> <span class='ocrx_word' id='word_1_239' title='bbox 901 4100 1086 4163; x_wconf 77' lang='lat' dir='ltr'><strong>frater</strong></span> <span class='ocrx_word' id='word_1_240' title='bbox 1115 4107 1173 4162; x_wconf 91' lang='lat' dir='ltr'><strong>et</strong></span> <span class='ocrx_word' id='word_1_241' title='bbox 1199 4098 1614 4161; x_wconf 88' lang='lat' dir='ltr'><strong>comminister</strong></span> <span class='ocrx_word' id='word_1_242' title='bbox 1644 4105 1848 4159; x_wconf 83' lang='lat' dir='ltr'><strong>noster</strong></span> <span class='ocrx_word' id='word_1_243' title='bbox 1876 4097 2140 4161; x_wconf 62' lang='lat' dir='ltr'><strong>Joannes</strong></span> 
     </span>
    </p>
   </div>
   <div class='ocr_carea' id='block_1_43' title="bbox 501 4188 2028 4271">
    <p class='ocr_par' dir='ltr' id='par_1_43' title="bbox 501 4188 2028 4271">
     <span class='ocr_line' id='line_1_43' title="bbox 501 4188 2028 4271; baseline -0.002 -17"><span class='ocrx_word' id='word_1_244' title='bbox 501 4192 713 4255; x_wconf 63' lang='lat' dir='ltr'><strong>insulae</strong></span> <span class='ocrx_word' id='word_1_245' title='bbox 742 4191 913 4271; x_wconf 81' lang='lat' dir='ltr'><strong>Cypri</strong></span> <span class='ocrx_word' id='word_1_246' title='bbox 946 4190 1188 4270; x_wconf 64' lang='lat' dir='ltr'><strong>praesul,</strong></span> <span class='ocrx_word' id='word_1_247' title='bbox 1225 4197 1368 4261; x_wconf 91' lang='lat' dir='ltr'><strong>etc.,</strong></span> <span class='ocrx_word' id='word_1_248' title='bbox 1399 4194 1465 4251; x_wconf 87' lang='lat' dir='ltr'><strong>ut</strong></span> <span class='ocrx_word' id='word_1_249' title='bbox 1497 4203 1689 4268; x_wconf 85' lang='lat' dir='ltr'><strong>supra</strong></span> <span class='ocrx_word' id='word_1_250' title='bbox 1717 4204 1859 4267; x_wconf 87' lang='lat' dir='ltr'><strong>pag.</strong></span> <span class='ocrx_word' id='word_1_251' title='bbox 1887 4188 2028 4251; x_wconf 64' lang='grc'>474.</span> 
     </span>
    </p>
   </div>
   <div class='ocr_carea' id='block_1_44' title="bbox 587 4275 2140 4357">
    <p class='ocr_par' dir='ltr' id='par_1_44' title="bbox 587 4275 2140 4357">
     <span class='ocr_line' id='line_1_44' title="bbox 587 4275 2140 4357; baseline -0.001 -16"><span class='ocrx_word' id='word_1_252' title='bbox 587 4277 1425 4354; x_wconf 72' lang='lat' dir='ltr'><strong>Textus.Const.6,tit.2,lib.1.</strong></span> <span class='ocrx_word' id='word_1_253' title='bbox 1441 4275 1671 4340; x_wconf 88' lang='lat' dir='ltr'><strong>Cod.ait</strong></span> <span class='ocrx_word' id='word_1_254' title='bbox 1693 4275 2028 4357; x_wconf 70' lang='lat' dir='ltr'><strong>quod,Quaa</strong></span> <span class='ocrx_word' id='word_1_255' title='bbox 2048 4297 2140 4340; x_wconf 87' lang='lat' dir='ltr'><strong>ca-</strong></span> 
     </span>
    </p>
   </div>
   <div class='ocr_carea' id='block_1_45' title="bbox 500 4364 2137 4448">
    <p class='ocr_par' dir='ltr' id='par_1_45' title="bbox 500 4364 2137 4448">
     <span class='ocr_line' id='line_1_45' title="bbox 500 4364 2137 4448; baseline -0.002 -16"><span class='ocrx_word' id='word_1_256' title='bbox 500 4369 730 4432; x_wconf 78' lang='lat' dir='ltr'><strong>nonicae</strong></span> <span class='ocrx_word' id='word_1_257' title='bbox 749 4367 1083 4430; x_wconf 89' lang='lat' dir='ltr'><strong>dubietates</strong></span> <span class='ocrx_word' id='word_1_258' title='bbox 1103 4386 1213 4448; x_wconf 89' lang='lat' dir='ltr'><strong>per</strong></span> <span class='ocrx_word' id='word_1_259' title='bbox 1233 4366 1574 4433; x_wconf 84' lang='lat' dir='ltr'><strong>universum</strong></span> <span class='ocrx_word' id='word_1_260' title='bbox 1599 4364 1898 4446; x_wconf 84' lang='lat' dir='ltr'><strong>Illyricum</strong></span> <span class='ocrx_word' id='word_1_261' title='bbox 1935 4386 2137 4430; x_wconf 83' lang='lat' dir='ltr'><strong>emer-</strong></span> 
     </span>
    </p>
   </div>
   <div class='ocr_carea' id='block_1_46' title="bbox 498 4454 2142 4538">
    <p class='ocr_par' dir='ltr' id='par_1_46' title="bbox 498 4454 2142 4538">
     <span class='ocr_line' id='line_1_46' title="bbox 498 4454 2142 4538; baseline -0.001 -18"><span class='ocrx_word' id='word_1_262' title='bbox 498 4468 775 4538; x_wconf 80' lang='lat' dir='ltr'><strong>gunt,eas</strong></span> <span class='ocrx_word' id='word_1_263' title='bbox 796 4476 914 4519; x_wconf 91' lang='lat' dir='ltr'><strong>non</strong></span> <span class='ocrx_word' id='word_1_264' title='bbox 932 4455 1157 4534; x_wconf 88' lang='lat' dir='ltr'><strong>absque</strong></span> <span class='ocrx_word' id='word_1_265' title='bbox 1180 4457 1430 4519; x_wconf 87' lang='lat' dir='ltr'><strong>scientia</strong></span> <span class='ocrx_word' id='word_1_266' title='bbox 1450 4456 1731 4518; x_wconf 89' lang='lat' dir='ltr'><strong>antistitis</strong></span> <span class='ocrx_word' id='word_1_267' title='bbox 1756 4454 1921 4519; x_wconf 89' lang='lat' dir='ltr'><strong>urbis</strong></span> <span class='ocrx_word' id='word_1_268' title='bbox 1945 4457 2100 4520; x_wconf 88' lang='lat' dir='ltr'><strong>Cons</strong></span> <span class='ocrx_word' id='word_1_269' title='bbox 2126 4493 2142 4506; x_wconf 66' lang='grc' dir='ltr'><strong><em>η</em></strong></span> 
     </span>
    </p>
   </div>
   <div class='ocr_carea' id='block_1_47' title="bbox 2248 629 2382 670">
    <p class='ocr_par' dir='ltr' id='par_1_47' title="bbox 2248 629 2382 670">
     <span class='ocr_line' id='line_1_47' title="bbox 2248 629 2382 670; baseline -0.022 -6"><span class='ocrx_word' id='word_1_270' title='bbox 2248 629 2382 670; x_wconf 83' lang='grc' dir='ltr'>των,</span> 
     </span>
    </p>
   </div>
   <div class='ocr_carea' id='block_1_48' title="bbox 2328 692 3837 776">
    <p class='ocr_par' dir='ltr' id='par_1_48' title="bbox 2328 692 3837 776">
     <span class='ocr_line' id='line_1_48' title="bbox 2328 692 3837 776; baseline 0.003 -25"><span class='ocrx_word' id='word_1_271' title='bbox 2328 693 2436 759; x_wconf 85' lang='grc' dir='ltr'>ολ’,</span> <span class='ocrx_word' id='word_1_272' title='bbox 2460 695 2629 753; x_wconf 74' lang='grc' dir='ltr'>Πάλιν</span> <span class='ocrx_word' id='word_1_273' title='bbox 2656 695 2869 776; x_wconf 73' lang='grc' dir='ltr'>ἤρεσεν,</span> <span class='ocrx_word' id='word_1_274' title='bbox 2901 695 3039 754; x_wconf 72' lang='grc' dir='ltr'>ὥστε</span> <span class='ocrx_word' id='word_1_275' title='bbox 3090 694 3288 771; x_wconf 66' lang='grc' dir='ltr'>μηδενὶ</span> <span class='ocrx_word' id='word_1_276' title='bbox 3348 692 3539 760; x_wconf 75' lang='grc' dir='ltr'>ἐξεῖναι</span> <span class='ocrx_word' id='word_1_277' title='bbox 3578 695 3837 772; x_wconf 80' lang='grc' dir='ltr'>ἔπισκόπῳ,</span> 
     </span>
    </p>
   </div>
   <div class='ocr_carea' id='block_1_49' title="bbox 2247 784 3839 865">
    <p class='ocr_par' dir='ltr' id='par_1_49' title="bbox 2247 784 3839 865">
     <span class='ocr_line' id='line_1_49' title="bbox 2247 784 3839 865; baseline 0.001 -23"><span class='ocrx_word' id='word_1_278' title='bbox 2247 784 2691 864; x_wconf 70' lang='grc' dir='ltr'><strong>καταλειφθείσης</strong></span> <span class='ocrx_word' id='word_1_279' title='bbox 2775 791 2875 853; x_wconf 79' lang='grc' dir='ltr'><strong>τῆς</strong></span> <span class='ocrx_word' id='word_1_280' title='bbox 2963 785 3275 852; x_wconf 70' lang='grc' dir='ltr'>αύθεντικης</span> <span class='ocrx_word' id='word_1_281' title='bbox 3365 786 3520 843; x_wconf 78' lang='grc' dir='ltr'>αὑτοῦ</span> <span class='ocrx_word' id='word_1_282' title='bbox 3599 786 3839 865; x_wconf 72' lang='grc' dir='ltr'>καθέδρας,</span> 
     </span>
    </p>
   </div>
   <div class='ocr_carea' id='block_1_50' title="bbox 2247 874 3843 953">
    <p class='ocr_par' dir='ltr' id='par_1_50' title="bbox 2247 874 3843 953">
     <span class='ocr_line' id='line_1_50' title="bbox 2247 874 3843 953; baseline 0.001 -22"><span class='ocrx_word' id='word_1_283' title='bbox 2247 876 2380 953; x_wconf 89' lang='grc' dir='ltr'>πρός</span> <span class='ocrx_word' id='word_1_284' title='bbox 2423 897 2543 931; x_wconf 86' lang='grc' dir='ltr'>τινα</span> <span class='ocrx_word' id='word_1_285' title='bbox 2573 874 2895 942; x_wconf 74' lang='grc' dir='ltr'>Ἐκκλησίαν</span> <span class='ocrx_word' id='word_1_286' title='bbox 2927 875 2983 932; x_wconf 77' lang='grc' dir='ltr'>ἐν</span> <span class='ocrx_word' id='word_1_287' title='bbox 3031 874 3287 945; x_wconf 72' lang='grc' dir='ltr'><strong>διοικήσει</strong></span> <span class='ocrx_word' id='word_1_288' title='bbox 3329 877 3655 932; x_wconf 83' lang='grc' dir='ltr'>καθεστῶσαν</span> <span class='ocrx_word' id='word_1_289' title='bbox 3682 878 3843 934; x_wconf 75' lang='grc' dir='ltr'>ἑαυτὸν</span> 
     </span>
    </p>
   </div>
   <div class='ocr_carea' id='block_1_51' title="bbox 2247 963 3844 1044">
    <p class='ocr_par' dir='ltr' id='par_1_51' title="bbox 2247 963 3844 1044">
     <span class='ocr_line' id='line_1_51' title="bbox 2247 963 3844 1044; baseline 0.001 -24"><span class='ocrx_word' id='word_1_290' title='bbox 2247 963 2556 1039; x_wconf 74' lang='grc' dir='ltr'><strong>ἀποφέρειν,</strong></span> <span class='ocrx_word' id='word_1_291' title='bbox 2602 963 2638 1032; x_wconf 70' lang='grc' dir='ltr'><strong>ἢ</strong></span> <span class='ocrx_word' id='word_1_292' title='bbox 2683 963 2738 1019; x_wconf 76' lang='grc' dir='ltr'>ἐν</span> <span class='ocrx_word' id='word_1_293' title='bbox 2782 965 2962 1036; x_wconf 80' lang='grc' dir='ltr'>οἰκείῳ</span> <span class='ocrx_word' id='word_1_294' title='bbox 3028 964 3331 1041; x_wconf 81' lang='grc' dir='ltr'>πράγματι,</span> <span class='ocrx_word' id='word_1_295' title='bbox 3386 965 3513 1043; x_wconf 67' lang='grc' dir='ltr'>δπὲρ</span> <span class='ocrx_word' id='word_1_296' title='bbox 3553 965 3579 1020; x_wconf 82' lang='grc' dir='ltr'><strong>δ</strong></span> <span class='ocrx_word' id='word_1_297' title='bbox 3630 966 3728 1044; x_wconf 60' lang='grc' dir='ltr'><strong>χρὴ</strong></span> <span class='ocrx_word' id='word_1_298' title='bbox 3771 966 3844 1023; x_wconf 74' lang='grc' dir='ltr'>ἐπὶ</span> 
     </span>
    </p>
   </div>
   <div class='ocr_carea' id='block_1_52' title="bbox 2248 1050 3846 1134">
    <p class='ocr_par' dir='ltr' id='par_1_52' title="bbox 2248 1050 3846 1134">
     <span class='ocr_line' id='line_1_52' title="bbox 2248 1050 3846 1134; baseline 0.003 -27"><span class='ocrx_word' id='word_1_299' title='bbox 2248 1050 2382 1108; x_wconf 80' lang='grc' dir='ltr'>πολὺ</span> <span class='ocrx_word' id='word_1_300' title='bbox 2410 1052 2900 1134; x_wconf 78' lang='grc' dir='ltr'>ἆπασχολουμένῳ,</span> <span class='ocrx_word' id='word_1_301' title='bbox 2947 1051 3171 1127; x_wconf 76' lang='grc' dir='ltr'>ἀμελεῖν</span> <span class='ocrx_word' id='word_1_302' title='bbox 3216 1057 3316 1120; x_wconf 77' lang='grc' dir='ltr'>τῆς</span> <span class='ocrx_word' id='word_1_303' title='bbox 3366 1051 3627 1132; x_wconf 74' lang='grc' dir='ltr'>φροντίδος</span> <span class='ocrx_word' id='word_1_304' title='bbox 3657 1058 3846 1125; x_wconf 72' lang='grc' dir='ltr'>καὶτῆς</span> 
     </span>
    </p>
   </div>
   <div class='ocr_carea' id='block_1_53' title="bbox 2247 1140 3040 1221">
    <p class='ocr_par' dir='ltr' id='par_1_53' title="bbox 2247 1140 3040 1221">
     <span class='ocr_line' id='line_1_53' title="bbox 2247 1140 3040 1221; baseline 0.004 -24"><span class='ocrx_word' id='word_1_305' title='bbox 2247 1144 2522 1221; x_wconf 75' lang='grc' dir='ltr'>συνεχείας</span> <span class='ocrx_word' id='word_1_306' title='bbox 2553 1142 2647 1198; x_wconf 82' lang='grc' dir='ltr'>τοῦ</span> <span class='ocrx_word' id='word_1_307' title='bbox 2675 1140 2806 1199; x_wconf 80' lang='grc' dir='ltr'>ἰδίου</span> <span class='ocrx_word' id='word_1_308' title='bbox 2828 1143 3040 1220; x_wconf 76' lang='grc' dir='ltr'>θρόνου.</span> 
     </span>
    </p>
   </div>
   <div class='ocr_carea' id='block_1_54' title="bbox 2323 1230 3847 1311">
    <p class='ocr_par' dir='ltr' id='par_1_54' title="bbox 2323 1230 3847 1311">
     <span class='ocr_line' id='line_1_54' title="bbox 2323 1230 3847 1311; baseline 0.003 -24"><span class='ocrx_word' id='word_1_309' title='bbox 2323 1234 2446 1310; x_wconf 84' lang='grc' dir='ltr'>Περὶ</span> <span class='ocrx_word' id='word_1_310' title='bbox 2476 1230 2702 1288; x_wconf 84' lang='grc' dir='ltr'>ἓκδίκων</span> <span class='ocrx_word' id='word_1_311' title='bbox 2729 1232 2837 1288; x_wconf 74' lang='grc' dir='ltr'><strong>τῶν</strong></span> <span class='ocrx_word' id='word_1_312' title='bbox 2867 1230 3212 1299; x_wconf 80' lang='grc' dir='ltr'>Ἐκκλησιῶν</span> <span class='ocrx_word' id='word_1_313' title='bbox 3242 1236 3348 1288; x_wconf 81' lang='grc' dir='ltr'><strong>τῶν</strong></span> <span class='ocrx_word' id='word_1_314' title='bbox 3404 1231 3715 1311; x_wconf 79' lang='grc' dir='ltr'>ὀφειλόντων</span> <span class='ocrx_word' id='word_1_315' title='bbox 3755 1234 3847 1292; x_wconf 72' lang='grc' dir='ltr'>ἀπὸ</span> 
     </span>
    </p>
   </div>
   <div class='ocr_carea' id='block_1_55' title="bbox 2241 1319 3575 1397">
    <p class='ocr_par' dir='ltr' id='par_1_55' title="bbox 2241 1319 3575 1397">
     <span class='ocr_line' id='line_1_55' title="bbox 2241 1319 3575 1397; baseline 0.003 -20"><span class='ocrx_word' id='word_1_316' title='bbox 2241 1326 2334 1379; x_wconf 81' lang='grc' dir='ltr'><strong>τοῦ</strong></span> <span class='ocrx_word' id='word_1_317' title='bbox 2363 1319 2623 1397; x_wconf 80' lang='grc' dir='ltr'>βασιλέως</span> <span class='ocrx_word' id='word_1_318' title='bbox 2655 1322 2960 1387; x_wconf 78' lang='grc' dir='ltr'>αἰτηθῆναι.</span> <span class='ocrx_word' id='word_1_319' title='bbox 3568 1326 3575 1333; x_wconf 78' lang='grc'><em>’</em></span> 
     </span>
    </p>
   </div>
   <div class='ocr_carea' id='block_1_56' title="bbox 2322 1408 3849 1489">
    <p class='ocr_par' dir='ltr' id='par_1_56' title="bbox 2322 1408 3849 1489">
     <span class='ocr_line' id='line_1_56' title="bbox 2322 1408 3849 1489; baseline 0.002 -21"><span class='ocrx_word' id='word_1_320' title='bbox 2322 1410 2422 1473; x_wconf 78' lang='lat' dir='ltr'><strong>os’.</strong></span> <span class='ocrx_word' id='word_1_321' title='bbox 2469 1411 2744 1485; x_wconf 79' lang='grc' dir='ltr'>Σύμπασιν</span> <span class='ocrx_word' id='word_1_322' title='bbox 2803 1408 2975 1476; x_wconf 70' lang='grc' dir='ltr'>ἔδοξεν</span> <span class='ocrx_word' id='word_1_323' title='bbox 3037 1412 3253 1478; x_wconf 79' lang='grc' dir='ltr'>αἳτῆσαι</span> <span class='ocrx_word' id='word_1_324' title='bbox 3300 1410 3406 1468; x_wconf 75' lang='grc' dir='ltr'>ἀπὸ</span> <span class='ocrx_word' id='word_1_325' title='bbox 3466 1415 3569 1468; x_wconf 80' lang='grc' dir='ltr'><strong>τῶν</strong></span> <span class='ocrx_word' id='word_1_326' title='bbox 3610 1412 3849 1489; x_wconf 81' lang='grc' dir='ltr'>βασιλέων</span> 
     </span>
    </p>
   </div>
   <div class='ocr_carea' id='block_1_57' title="bbox 2241 1497 3849 1582">
    <p class='ocr_par' dir='ltr' id='par_1_57' title="bbox 2241 1497 3849 1582">
     <span class='ocr_line' id='line_1_57' title="bbox 2241 1497 3849 1582; baseline 0.002 -26"><span class='ocrx_word' id='word_1_327' title='bbox 2241 1497 2326 1556; x_wconf 77' lang='grc' dir='ltr'><strong>διὰ</strong></span> <span class='ocrx_word' id='word_1_328' title='bbox 2355 1500 2453 1566; x_wconf 73' lang='grc' dir='ltr'><strong>τὴν</strong></span> <span class='ocrx_word' id='word_1_329' title='bbox 2486 1503 2591 1556; x_wconf 80' lang='grc' dir='ltr'><strong>τῶν</strong></span> <span class='ocrx_word' id='word_1_330' title='bbox 2641 1501 2887 1569; x_wconf 74' lang='grc' dir='ltr'>πενήτων</span> <span class='ocrx_word' id='word_1_331' title='bbox 2930 1501 3192 1580; x_wconf 76' lang='grc' dir='ltr'>κάκωσιν,</span> <span class='ocrx_word' id='word_1_332' title='bbox 3241 1502 3318 1555; x_wconf 83' lang='grc' dir='ltr'>ὧν</span> <span class='ocrx_word' id='word_1_333' title='bbox 3377 1517 3503 1564; x_wconf 70' lang='grc' dir='ltr'>ταῖς</span> <span class='ocrx_word' id='word_1_334' title='bbox 3561 1502 3849 1582; x_wconf 78' lang='grc' dir='ltr'>ἐπαχθείαις</span> 
     </span>
    </p>
   </div>
   <div class='ocr_carea' id='block_1_58' title="bbox 2240 1587 3847 1670">
    <p class='ocr_par' dir='ltr' id='par_1_58' title="bbox 2240 1587 3847 1670">
     <span class='ocr_line' id='line_1_58' title="bbox 2240 1587 3847 1670; baseline 0.004 -26"><span class='ocrx_word' id='word_1_335' title='bbox 2240 1589 2521 1655; x_wconf 79' lang='grc' dir='ltr'><strong>ἀπαύστως</strong></span> <span class='ocrx_word' id='word_1_336' title='bbox 2564 1591 2599 1657; x_wconf 76' lang='grc' dir='ltr'><strong>ἡ</strong></span> <span class='ocrx_word' id='word_1_337' title='bbox 2643 1587 2939 1656; x_wconf 78' lang='grc' dir='ltr'>Ἐκκλησία</span> <span class='ocrx_word' id='word_1_338' title='bbox 2981 1591 3428 1670; x_wconf 81' lang='grc' dir='ltr'>παρενοχλεϊται,</span> <span class='ocrx_word' id='word_1_339' title='bbox 3461 1591 3596 1648; x_wconf 74' lang='grc' dir='ltr'>ὥστε</span> <span class='ocrx_word' id='word_1_340' title='bbox 3628 1590 3847 1656; x_wconf 71' lang='grc' dir='ltr'>ἐνδίκους</span> 
     </span>
    </p>
   </div>
   <div class='ocr_carea' id='block_1_59' title="bbox 2239 1677 3847 1759">
    <p class='ocr_par' dir='ltr' id='par_1_59' title="bbox 2239 1677 3847 1759">
     <span class='ocr_line' id='line_1_59' title="bbox 2239 1677 3847 1759; baseline 0.002 -26"><span class='ocrx_word' id='word_1_341' title='bbox 2239 1679 2445 1743; x_wconf 79' lang='grc' dir='ltr'>τούτοις</span> <span class='ocrx_word' id='word_1_342' title='bbox 2476 1677 2612 1753; x_wconf 73' lang='grc' dir='ltr'>μετὰ</span> <span class='ocrx_word' id='word_1_343' title='bbox 2642 1682 2742 1746; x_wconf 77' lang='grc' dir='ltr'>τῆς</span> <span class='ocrx_word' id='word_1_344' title='bbox 2773 1684 2878 1734; x_wconf 83' lang='grc' dir='ltr'><strong>τῶν</strong></span> <span class='ocrx_word' id='word_1_345' title='bbox 2910 1679 3222 1734; x_wconf 80' lang='grc' dir='ltr'>ἐπισκόπων</span> <span class='ocrx_word' id='word_1_346' title='bbox 3253 1682 3504 1753; x_wconf 79' lang='grc' dir='ltr'>προνοίας</span> <span class='ocrx_word' id='word_1_347' title='bbox 3536 1679 3847 1759; x_wconf 80' lang='grc' dir='ltr'>ἐπιλεγῆναι,</span> 
     </span>
    </p>
   </div>
   <div class='ocr_carea' id='block_1_60' title="bbox 2238 1767 3280 1847">
    <p class='ocr_par' dir='ltr' id='par_1_60' title="bbox 2238 1767 3280 1847">
     <span class='ocr_line' id='line_1_60' title="bbox 2238 1767 3280 1847; baseline 0.002 -23"><span class='ocrx_word' id='word_1_348' title='bbox 2238 1768 2374 1824; x_wconf 81' lang='grc' dir='ltr'>κατὰ</span> <span class='ocrx_word' id='word_1_349' title='bbox 2402 1772 2501 1834; x_wconf 80' lang='grc' dir='ltr'>τῆς</span> <span class='ocrx_word' id='word_1_350' title='bbox 2529 1774 2635 1825; x_wconf 82' lang='grc' dir='ltr'><strong>τῶν</strong></span> <span class='ocrx_word' id='word_1_351' title='bbox 2665 1769 2931 1825; x_wconf 84' lang='grc' dir='ltr'>πλουσίων</span> <span class='ocrx_word' id='word_1_352' title='bbox 2960 1767 3280 1847; x_wconf 79' lang='grc' dir='ltr'>τυραννίδος.</span> 
     </span>
    </p>
   </div>
   <div class='ocr_carea' id='block_1_61' title="bbox 2182 1855 2803 1934">
    <p class='ocr_par' dir='ltr' id='par_1_61' title="bbox 2182 1855 2803 1934">
     <span class='ocr_line' id='line_1_61' title="bbox 2182 1855 2803 1934; baseline 0.008 -24"><span class='ocrx_word' id='word_1_353' title='bbox 2182 1881 2218 1930; x_wconf 74' lang='grc' dir='ltr'><strong>Β</strong></span> <span class='ocrx_word' id='word_1_354' title='bbox 2321 1855 2444 1931; x_wconf 76' lang='grc' dir='ltr'>Περὶ</span> <span class='ocrx_word' id='word_1_355' title='bbox 2472 1855 2803 1934; x_wconf 75' lang='grc' dir='ltr'>ἐλευθεριῶν.</span> 
     </span>
    </p>
   </div>
   <div class='ocr_carea' id='block_1_62' title="bbox 2317 1937 3851 2026">
    <p class='ocr_par' dir='ltr' id='par_1_62' title="bbox 2317 1937 3851 2026">
     <span class='ocr_line' id='line_1_62' title="bbox 2317 1937 3851 2026; baseline 0.002 -23"><span class='ocrx_word' id='word_1_356' title='bbox 2317 1944 2435 2022; x_wconf 84' lang='grc' dir='ltr'>πβ’.</span> <span class='ocrx_word' id='word_1_357' title='bbox 2485 1937 2713 2021; x_wconf 85' lang='grc' dir='ltr'>Ὀμοίως</span> <span class='ocrx_word' id='word_1_358' title='bbox 2741 1945 2954 2025; x_wconf 67' lang='grc' dir='ltr'>ἤρεσεν,</span> <span class='ocrx_word' id='word_1_359' title='bbox 2986 1945 3081 2003; x_wconf 78' lang='grc' dir='ltr'><strong>ἵνα</strong></span> <span class='ocrx_word' id='word_1_360' title='bbox 3108 1948 3228 2024; x_wconf 83' lang='grc' dir='ltr'>περὶ</span> <span class='ocrx_word' id='word_1_361' title='bbox 3259 1953 3367 2005; x_wconf 85' lang='grc' dir='ltr'><strong>τῶν</strong></span> <span class='ocrx_word' id='word_1_362' title='bbox 3398 1948 3454 2004; x_wconf 81' lang='grc' dir='ltr'>ὲν</span> <span class='ocrx_word' id='word_1_363' title='bbox 3487 1950 3553 2026; x_wconf 71' lang='grc' dir='ltr'><strong>τῇ</strong></span> <span class='ocrx_word' id='word_1_364' title='bbox 3581 1947 3851 2025; x_wconf 71' lang='grc' dir='ltr'>Ἐκκλησία</span> 
     </span>
    </p>
   </div>
   <div class='ocr_carea' id='block_1_63' title="bbox 2237 2035 3853 2115">
    <p class='ocr_par' dir='ltr' id='par_1_63' title="bbox 2237 2035 3853 2115">
     <span class='ocr_line' id='line_1_63' title="bbox 2237 2035 3853 2115; baseline 0.004 -25"><span class='ocrx_word' id='word_1_365' title='bbox 2237 2035 2535 2113; x_wconf 82' lang='grc' dir='ltr'>γινομένων</span> <span class='ocrx_word' id='word_1_366' title='bbox 2605 2035 2936 2113; x_wconf 78' lang='grc' dir='ltr'>ἑλευθεριῶν,</span> <span class='ocrx_word' id='word_1_367' title='bbox 2997 2037 3103 2093; x_wconf 84' lang='grc' dir='ltr'><strong>ἀπὸ</strong></span> <span class='ocrx_word' id='word_1_368' title='bbox 3175 2043 3267 2094; x_wconf 80' lang='grc' dir='ltr'>τοῦ</span> <span class='ocrx_word' id='word_1_369' title='bbox 3325 2038 3589 2115; x_wconf 84' lang='grc' dir='ltr'>βασίλεως</span> <span class='ocrx_word' id='word_1_370' title='bbox 3652 2039 3853 2108; x_wconf 61' lang='grc' dir='ltr'>αἴτησις</span> 
     </span>
    </p>
   </div>
   <div class='ocr_carea' id='block_1_64' title="bbox 2233 2124 2475 2201">
    <p class='ocr_par' dir='ltr' id='par_1_64' title="bbox 2233 2124 2475 2201">
     <span class='ocr_line' id='line_1_64' title="bbox 2233 2124 2475 2201; baseline 0.017 -22"><span class='ocrx_word' id='word_1_371' title='bbox 2233 2124 2475 2201; x_wconf 83' lang='grc' dir='ltr'>γένηται.</span> 
     </span>
    </p>
   </div>
   <div class='ocr_carea' id='block_1_65' title="bbox 2237 2225 3847 2313">
    <p class='ocr_par' dir='ltr' id='par_1_65' title="bbox 2237 2225 3847 2313">
     <span class='ocr_line' id='line_1_65' title="bbox 2237 2225 3847 2313; baseline 0.006 -32"><span class='ocrx_word' id='word_1_372' title='bbox 2237 2225 2463 2284; x_wconf 85' lang='grc' dir='ltr'>Συνόδου</span> <span class='ocrx_word' id='word_1_373' title='bbox 2533 2227 2939 2313; x_wconf 61' lang='grc' dir='ltr'><strong>οἷιιουμενικῆςΔ</strong></span> <span class='ocrx_word' id='word_1_374' title='bbox 2972 2228 3153 2313; x_wconf 69' lang='grc' dir='ltr'><strong>ἕκτης⁸</strong></span> <span class='ocrx_word' id='word_1_375' title='bbox 3207 2230 3381 2286; x_wconf 81' lang='grc' dir='ltr'>κανὼν</span> <span class='ocrx_word' id='word_1_376' title='bbox 3426 2230 3530 2306; x_wconf 77' lang='grc' dir='ltr'>κε’,</span> <span class='ocrx_word' id='word_1_377' title='bbox 3580 2230 3710 2308; x_wconf 73' lang='grc' dir='ltr'>λς’,</span> <span class='ocrx_word' id='word_1_378' title='bbox 3754 2232 3847 2313; x_wconf 78' lang='grc' dir='ltr'>λζ’,</span> 
     </span>
    </p>
   </div>
   <div class='ocr_carea' id='block_1_66' title="bbox 2924 2307 3178 2383">
    <p class='ocr_par' dir='ltr' id='par_1_66' title="bbox 2924 2307 3178 2383">
     <span class='ocr_line' id='line_1_66' title="bbox 2924 2307 3178 2383; baseline 0.039 -20"><span class='ocrx_word' id='word_1_379' title='bbox 2924 2307 3039 2383; x_wconf 84' lang='grc' dir='ltr'>λη’,</span> <span class='ocrx_word' id='word_1_380' title='bbox 3073 2308 3178 2373; x_wconf 83' lang='grc' dir='ltr'>λθ’.</span> 
     </span>
    </p>
   </div>
   <div class='ocr_carea' id='block_1_67' title="bbox 2316 2395 3852 2478">
    <p class='ocr_par' dir='ltr' id='par_1_67' title="bbox 2316 2395 3852 2478">
     <span class='ocr_line' id='line_1_67' title="bbox 2316 2395 3852 2478; baseline 0.005 -25"><span class='ocrx_word' id='word_1_381' title='bbox 2316 2395 2421 2460; x_wconf 84' lang='grc' dir='ltr'>κε’,</span> <span class='ocrx_word' id='word_1_382' title='bbox 2455 2403 2593 2475; x_wconf 88' lang='grc' dir='ltr'>Προς</span> <span class='ocrx_word' id='word_1_383' title='bbox 2622 2411 2738 2461; x_wconf 82' lang='grc' dir='ltr'>τοῖς</span> <span class='ocrx_word' id='word_1_384' title='bbox 2789 2396 2973 2462; x_wconf 76' lang='grc' dir='ltr'>ἄλλοις</span> <span class='ocrx_word' id='word_1_385' title='bbox 3028 2399 3225 2457; x_wconf 77' lang='grc' dir='ltr'>ἅπασιν</span> <span class='ocrx_word' id='word_1_386' title='bbox 3282 2400 3607 2478; x_wconf 75' lang='grc' dir='ltr'>ἆνανεοῦμεν</span> <span class='ocrx_word' id='word_1_387' title='bbox 3651 2406 3734 2461; x_wconf 83' lang='grc' dir='ltr'><strong>καὶ</strong></span> <span class='ocrx_word' id='word_1_388' title='bbox 3771 2407 3852 2462; x_wconf 74' lang='grc' dir='ltr'><strong>τὸν</strong></span> 
     </span>
    </p>
   </div>
   <div class='ocr_carea' id='block_1_68' title="bbox 2236 2484 3853 2566">
    <p class='ocr_par' dir='ltr' id='par_1_68' title="bbox 2236 2484 3853 2566">
     <span class='ocr_line' id='line_1_68' title="bbox 2236 2484 3853 2566; baseline 0.006 -24"><span class='ocrx_word' id='word_1_389' title='bbox 2236 2485 2432 2542; x_wconf 79' lang='grc' dir='ltr'>κανόνα</span> <span class='ocrx_word' id='word_1_390' title='bbox 2462 2489 2551 2542; x_wconf 83' lang='grc' dir='ltr'>τὸν</span> <span class='ocrx_word' id='word_1_391' title='bbox 2582 2484 2976 2566; x_wconf 75' lang='grc' dir='ltr'>διαγορεύοντα,</span> <span class='ocrx_word' id='word_1_392' title='bbox 3009 2489 3103 2551; x_wconf 73' lang='grc' dir='ltr'>τὰς</span> <span class='ocrx_word' id='word_1_393' title='bbox 3162 2486 3279 2546; x_wconf 86' lang='grc' dir='ltr'>καθ’</span> <span class='ocrx_word' id='word_1_394' title='bbox 3338 2490 3574 2560; x_wconf 75' lang='grc' dir='ltr'>ἑκάστην</span> <span class='ocrx_word' id='word_1_395' title='bbox 3632 2492 3853 2563; x_wconf 81' lang='grc' dir='ltr'>Ἐκκλη-</span> 
     </span>
    </p>
   </div>
   <div class='ocr_carea' id='block_1_69' title="bbox 2235 2575 3855 2663">
    <p class='ocr_par' dir='ltr' id='par_1_69' title="bbox 2235 2575 3855 2663">
     <span class='ocr_line' id='line_1_69' title="bbox 2235 2575 3855 2663; baseline 0.008 -33"><span class='ocrx_word' id='word_1_396' title='bbox 2235 2575 2352 2630; x_wconf 78' lang='grc' dir='ltr'>σίαν</span> <span class='ocrx_word' id='word_1_397' title='bbox 2428 2575 2739 2652; x_wconf 78' lang='grc' dir='ltr'>ἆγροικικὰς</span> <span class='ocrx_word' id='word_1_398' title='bbox 2813 2584 3096 2656; x_wconf 72' lang='grc' dir='ltr'>παροικίας</span> <span class='ocrx_word' id='word_1_399' title='bbox 3174 2578 3211 2646; x_wconf 78' lang='grc' dir='ltr'>ἣ</span> <span class='ocrx_word' id='word_1_400' title='bbox 3296 2579 3622 2663; x_wconf 54' lang='grc' dir='ltr'>ἐγχωρίους,</span> <span class='ocrx_word' id='word_1_401' title='bbox 3693 2585 3855 2660; x_wconf 82' lang='grc' dir='ltr'>μένειν</span> 
     </span>
    </p>
   </div>
   <div class='ocr_carea' id='block_1_70' title="bbox 2234 2664 3856 2748">
    <p class='ocr_par' dir='ltr' id='par_1_70' title="bbox 2234 2664 3856 2748">
     <span class='ocr_line' id='line_1_70' title="bbox 2234 2664 3856 2748; baseline 0.007 -28"><span class='ocrx_word' id='word_1_402' title='bbox 2234 2664 2703 2741; x_wconf 70' lang='grc' dir='ltr'>ἂπαρασαλεύτους</span> <span class='ocrx_word' id='word_1_403' title='bbox 2765 2668 2908 2744; x_wconf 88' lang='grc' dir='ltr'>παρᾶ</span> <span class='ocrx_word' id='word_1_404' title='bbox 2954 2680 3075 2729; x_wconf 80' lang='grc' dir='ltr'>τοῖς</span> <span class='ocrx_word' id='word_1_405' title='bbox 3147 2669 3475 2748; x_wconf 78' lang='grc' dir='ltr'>κατέχουσιν</span> <span class='ocrx_word' id='word_1_406' title='bbox 3532 2674 3692 2738; x_wconf 66' lang='grc' dir='ltr'>αὐτὰς</span> <span class='ocrx_word' id='word_1_407' title='bbox 3746 2676 3856 2730; x_wconf 70' lang='grc' dir='ltr'>ἑπι-</span> 
     </span>
    </p>
   </div>
   <div class='ocr_carea' id='block_1_71' title="bbox 2234 2754 3857 2840">
    <p class='ocr_par' dir='ltr' id='par_1_71' title="bbox 2234 2754 3857 2840">
     <span class='ocr_line' id='line_1_71' title="bbox 2234 2754 3857 2840; baseline 0.007 -32"><span class='ocrx_word' id='word_1_408' title='bbox 2234 2754 2479 2833; x_wconf 83' lang='grc' dir='ltr'>σκόποις,</span> <span class='ocrx_word' id='word_1_409' title='bbox 2512 2756 2600 2811; x_wconf 85' lang='grc' dir='ltr'><strong>καὶ</strong></span> <span class='ocrx_word' id='word_1_410' title='bbox 2631 2755 2863 2830; x_wconf 77' lang='grc' dir='ltr'>μάλιστα</span> <span class='ocrx_word' id='word_1_411' title='bbox 2908 2759 2952 2813; x_wconf 87' lang='grc' dir='ltr'>εἱ</span> <span class='ocrx_word' id='word_1_412' title='bbox 2984 2761 3365 2836; x_wconf 82' lang='grc' dir='ltr'>τριακονταετῆ</span> <span class='ocrx_word' id='word_1_413' title='bbox 3426 2762 3627 2840; x_wconf 84' lang='grc' dir='ltr'>χρόνον</span> <span class='ocrx_word' id='word_1_414' title='bbox 3683 2765 3857 2827; x_wconf 78' lang='grc' dir='ltr'>ταύτας</span> 
     </span>
    </p>
   </div>
   <div class='ocr_carea' id='block_1_72' title="bbox 2231 2840 3856 2925">
    <p class='ocr_par' dir='ltr' id='par_1_72' title="bbox 2231 2840 3856 2925">
     <span class='ocr_line' id='line_1_72' title="bbox 2231 2840 3856 2925; baseline 0.006 -26"><span class='ocrx_word' id='word_1_415' title='bbox 2231 2840 2497 2907; x_wconf 74' lang='grc' dir='ltr'>ἆϐιάστως</span> <span class='ocrx_word' id='word_1_416' title='bbox 2569 2843 2982 2925; x_wconf 81' lang='grc' dir='ltr'>διακατέχοντες</span> <span class='ocrx_word' id='word_1_417' title='bbox 3057 2848 3436 2922; x_wconf 79' lang='grc' dir='ltr'>ῴκονόμησαν.</span> <span class='ocrx_word' id='word_1_418' title='bbox 3515 2852 3571 2908; x_wconf 77' lang='grc' dir='ltr'><strong>Εἰ</strong></span> <span class='ocrx_word' id='word_1_419' title='bbox 3632 2849 3686 2907; x_wconf 79' lang='grc' dir='ltr'>δὲ</span> <span class='ocrx_word' id='word_1_420' title='bbox 3726 2853 3856 2918; x_wconf 78' lang='grc' dir='ltr'>ἐντὸς</span> 
     </span>
    </p>
   </div>
   <div class='ocr_carea' id='block_1_73' title="bbox 2236 2931 3854 3019">
    <p class='ocr_par' dir='ltr' id='par_1_73' title="bbox 2236 2931 3854 3019">
     <span class='ocr_line' id='line_1_73' title="bbox 2236 2931 3854 3019; baseline 0.007 -32"><span class='ocrx_word' id='word_1_421' title='bbox 2236 2934 2337 2988; x_wconf 77' lang='grc' dir='ltr'><strong>τῶν</strong></span> <span class='ocrx_word' id='word_1_422' title='bbox 2391 2931 2443 2989; x_wconf 90' lang='grc' dir='ltr'>λ’</span> <span class='ocrx_word' id='word_1_423' title='bbox 2510 2934 2644 2991; x_wconf 81' lang='grc' dir='ltr'>ἐτῶν</span> <span class='ocrx_word' id='word_1_424' title='bbox 2690 2936 2977 3013; x_wconf 81' lang='grc' dir='ltr'>γεγένηταί</span> <span class='ocrx_word' id='word_1_425' title='bbox 3019 2958 3125 3012; x_wconf 83' lang='grc' dir='ltr'>τις,</span> <span class='ocrx_word' id='word_1_426' title='bbox 3199 2938 3233 3006; x_wconf 82' lang='grc' dir='ltr'><strong>ἢ</strong></span> <span class='ocrx_word' id='word_1_427' title='bbox 3293 2944 3494 3015; x_wconf 88' lang='grc' dir='ltr'>γίνοιτο</span> <span class='ocrx_word' id='word_1_428' title='bbox 3541 2943 3659 3019; x_wconf 84' lang='grc' dir='ltr'>περὶ</span> <span class='ocrx_word' id='word_1_429' title='bbox 3700 2944 3854 3000; x_wconf 77' lang='grc' dir='ltr'>αὐτῶν</span> 
     </span>
    </p>
   </div>
   <div class='ocr_carea' id='block_1_74' title="bbox 2231 3020 3855 3111">
    <p class='ocr_par' dir='ltr' id='par_1_74' title="bbox 2231 3020 3855 3111">
     <span class='ocr_line' id='line_1_74' title="bbox 2231 3020 3855 3111; baseline 0.006 -33"><span class='ocrx_word' id='word_1_430' title='bbox 2231 3020 2659 3104; x_wconf 80' lang='grc' dir='ltr'>ἀμφισϐήτησις,</span> <span class='ocrx_word' id='word_1_431' title='bbox 2692 3024 2890 3091; x_wconf 76' lang='grc' dir='ltr'>ἐξεῖναι</span> <span class='ocrx_word' id='word_1_432' title='bbox 2933 3039 3055 3091; x_wconf 74' lang='grc' dir='ltr'>τοῖς</span> <span class='ocrx_word' id='word_1_433' title='bbox 3099 3025 3342 3104; x_wconf 84' lang='grc' dir='ltr'>λέγουσιν</span> <span class='ocrx_word' id='word_1_434' title='bbox 3385 3028 3707 3107; x_wconf 80' lang='grc' dir='ltr'>ἠδικῆσθαι,</span> <span class='ocrx_word' id='word_1_435' title='bbox 3754 3035 3855 3111; x_wconf 83' lang='grc' dir='ltr'>περὶ</span> 
     </span>
    </p>
   </div>
   <div class='ocr_carea' id='block_1_75' title="bbox 2228 3113 3586 3198">
    <p class='ocr_par' dir='ltr' id='par_1_75' title="bbox 2228 3113 3586 3198">
     <span class='ocr_line' id='line_1_75' title="bbox 2228 3113 3586 3198; baseline 0.007 -31"><span class='ocrx_word' id='word_1_436' title='bbox 2228 3113 2429 3168; x_wconf 85' lang='grc' dir='ltr'>τούτων</span> <span class='ocrx_word' id='word_1_437' title='bbox 2457 3128 2628 3171; x_wconf 78' lang='grc' dir='ltr'>κινεῖν</span> <span class='ocrx_word' id='word_1_438' title='bbox 2660 3115 2804 3193; x_wconf 78' lang='grc' dir='ltr'>παρὰ</span> <span class='ocrx_word' id='word_1_439' title='bbox 2833 3117 2900 3192; x_wconf 68' lang='grc' dir='ltr'><strong>τῇ</strong></span> <span class='ocrx_word' id='word_1_440' title='bbox 2931 3114 3131 3191; x_wconf 70' lang='grc' dir='ltr'>συνόδῳ</span> <span class='ocrx_word' id='word_1_441' title='bbox 3161 3121 3258 3184; x_wconf 79' lang='grc' dir='ltr'>τῆς</span> <span class='ocrx_word' id='word_1_442' title='bbox 3290 3120 3586 3198; x_wconf 66' lang='grc' dir='ltr'>ἐπαρχίας,</span> 
     </span>
    </p>
   </div>
   <div class='ocr_carea' id='block_1_76' title="bbox 2307 3200 3854 3291">
    <p class='ocr_par' dir='ltr' id='par_1_76' title="bbox 2307 3200 3854 3291">
     <span class='ocr_line' id='line_1_76' title="bbox 2307 3200 3854 3291; baseline 0.008 -35"><span class='ocrx_word' id='word_1_443' title='bbox 2307 3200 2444 3276; x_wconf 77' lang='grc' dir='ltr'><strong>λς’.</strong></span> <span class='ocrx_word' id='word_1_444' title='bbox 2493 3201 2900 3275; x_wconf 80' lang='grc' dir='ltr'>’Λνανεούμενοι</span> <span class='ocrx_word' id='word_1_445' title='bbox 2956 3206 3022 3262; x_wconf 80' lang='grc' dir='ltr'><strong>τὰ</strong></span> <span class='ocrx_word' id='word_1_446' title='bbox 3074 3208 3214 3285; x_wconf 77' lang='grc' dir='ltr'>παρὰ</span> <span class='ocrx_word' id='word_1_447' title='bbox 3245 3208 3350 3265; x_wconf 81' lang='grc' dir='ltr'><strong>τῶν</strong></span> <span class='ocrx_word' id='word_1_448' title='bbox 3379 3207 3463 3289; x_wconf 82' lang='grc' dir='ltr'><strong>ργ’</strong></span> <span class='ocrx_word' id='word_1_449' title='bbox 3496 3211 3664 3291; x_wconf 78' lang='grc' dir='ltr'>ἁγίων</span> <span class='ocrx_word' id='word_1_450' title='bbox 3693 3211 3854 3269; x_wconf 66' lang='grc' dir='ltr'>Πειτὲ-</span> 
     </span>
    </p>
   </div>
   <div class='ocr_carea' id='block_1_77' title="bbox 2229 3291 2616 3370">
    <p class='ocr_par' dir='ltr' id='par_1_77' title="bbox 2229 3291 2616 3370">
     <span class='ocr_line' id='line_1_77' title="bbox 2229 3291 2616 3370; baseline 0.023 -24"><span class='ocrx_word' id='word_1_451' title='bbox 2229 3313 2356 3370; x_wconf 90' lang='grc' dir='ltr'>ρων,</span> <span class='ocrx_word' id='word_1_452' title='bbox 2391 3313 2445 3355; x_wconf 81' lang='grc' dir='ltr'><strong>κ.</strong></span> <span class='ocrx_word' id='word_1_453' title='bbox 2476 3314 2528 3351; x_wconf 89' lang='grc' dir='ltr'><strong>τ.</strong></span> <span class='ocrx_word' id='word_1_454' title='bbox 2564 3291 2616 3355; x_wconf 92' lang='grc' dir='ltr'><strong>λ.</strong></span> 
     </span>
    </p>
   </div>
   <div class='ocr_carea' id='block_1_78' title="bbox 2302 3380 3684 3471">
    <p class='ocr_par' dir='ltr' id='par_1_78' title="bbox 2302 3380 3684 3471">
     <span class='ocr_line' id='line_1_78' title="bbox 2302 3380 3684 3471; baseline 0.011 -33"><span class='ocrx_word' id='word_1_455' title='bbox 2302 3380 2407 3453; x_wconf 83' lang='grc' dir='ltr'>λζ’.</span> <span class='ocrx_word' id='word_1_456' title='bbox 2440 3380 2661 3452; x_wconf 73' lang='grc' dir='ltr'>Ἐπειδὴ</span> <span class='ocrx_word' id='word_1_457' title='bbox 2689 3385 2825 3442; x_wconf 80' lang='grc' dir='ltr'>κατὰ</span> <span class='ocrx_word' id='word_1_458' title='bbox 2854 3383 3136 3466; x_wconf 76' lang='grc' dir='ltr'>διαφόρους</span> <span class='ocrx_word' id='word_1_459' title='bbox 3166 3389 3403 3471; x_wconf 74' lang='grc' dir='ltr'>καιροὺς,</span> <span class='ocrx_word' id='word_1_460' title='bbox 3437 3414 3492 3448; x_wconf 91' lang='grc' dir='ltr'><strong>κ.</strong></span> <span class='ocrx_word' id='word_1_461' title='bbox 3540 3416 3594 3456; x_wconf 92' lang='grc' dir='ltr'><strong>τ.</strong></span> <span class='ocrx_word' id='word_1_462' title='bbox 3630 3391 3684 3455; x_wconf 86' lang='grc' dir='ltr'><strong>λ.</strong></span> 
     </span>
    </p>
   </div>
   <div class='ocr_carea' id='block_1_79' title="bbox 2306 3560 3859 3642">
    <p class='ocr_par' dir='ltr' id='par_1_79' title="bbox 2306 3560 3859 3642">
     <span class='ocr_line' id='line_1_79' title="bbox 2306 3560 3859 3642; baseline 0.007 -25"><span class='ocrx_word' id='word_1_463' title='bbox 2306 3560 2422 3629; x_wconf 85' lang='grc' dir='ltr'>λη’.</span> <span class='ocrx_word' id='word_1_464' title='bbox 2473 3564 2575 3620; x_wconf 79' lang='grc' dir='ltr'>Τὸν</span> <span class='ocrx_word' id='word_1_465' title='bbox 2604 3561 2666 3620; x_wconf 70' lang='grc' dir='ltr'>ἐκ</span> <span class='ocrx_word' id='word_1_466' title='bbox 2694 3568 2798 3620; x_wconf 83' lang='grc' dir='ltr'><strong>τῶν</strong></span> <span class='ocrx_word' id='word_1_467' title='bbox 2832 3562 3080 3642; x_wconf 76' lang='grc' dir='ltr'>Πατέρων</span> <span class='ocrx_word' id='word_1_468' title='bbox 3111 3565 3268 3642; x_wconf 72' lang='grc' dir='ltr'>ἡμῶν</span> <span class='ocrx_word' id='word_1_469' title='bbox 3298 3569 3515 3628; x_wconf 75' lang='grc' dir='ltr'>τεθέντα</span> <span class='ocrx_word' id='word_1_470' title='bbox 3548 3573 3747 3631; x_wconf 83' lang='grc' dir='ltr'>κανόνα</span> <span class='ocrx_word' id='word_1_471' title='bbox 3781 3574 3859 3630; x_wconf 82' lang='grc' dir='ltr'><strong>καὶ</strong></span> 
     </span>
    </p>
   </div>
   <div class='ocr_carea' id='block_1_80' title="bbox 2228 3652 3861 3738">
    <p class='ocr_par' dir='ltr' id='par_1_80' title="bbox 2228 3652 3861 3738">
     <span class='ocr_line' id='line_1_80' title="bbox 2228 3652 3861 3738; baseline 0.006 -31"><span class='ocrx_word' id='word_1_472' title='bbox 2228 3653 2392 3725; x_wconf 72' lang='grc' dir='ltr'>ἡμεῖς</span> <span class='ocrx_word' id='word_1_473' title='bbox 2419 3652 2920 3734; x_wconf 72' lang='grc' dir='ltr'>παραφυλάττομεν,</span> <span class='ocrx_word' id='word_1_474' title='bbox 2972 3656 3063 3711; x_wconf 77' lang='grc' dir='ltr'>τὸν</span> <span class='ocrx_word' id='word_1_475' title='bbox 3106 3654 3246 3712; x_wconf 69' lang='grc' dir='ltr'>οὕτω</span> <span class='ocrx_word' id='word_1_476' title='bbox 3303 3655 3687 3738; x_wconf 78' lang='grc' dir='ltr'>διαγορεύοντα</span> <span class='ocrx_word' id='word_1_477' title='bbox 3722 3680 3736 3695; x_wconf 86' lang='grc'>⁶</span> <span class='ocrx_word' id='word_1_478' title='bbox 3802 3659 3861 3718; x_wconf 80' lang='grc' dir='ltr'>Εἴ</span> 
     </span>
    </p>
   </div>
   <div class='ocr_carea' id='block_1_81' title="bbox 2227 3741 3860 3828">
    <p class='ocr_par' dir='ltr' id='par_1_81' title="bbox 2227 3741 3860 3828">
     <span class='ocr_line' id='line_1_81' title="bbox 2227 3741 3860 3828; baseline 0.005 -30"><span class='ocrx_word' id='word_1_479' title='bbox 2227 3763 2309 3804; x_wconf 89' lang='grc' dir='ltr'><strong>τις</strong></span> <span class='ocrx_word' id='word_1_480' title='bbox 2339 3741 2398 3797; x_wconf 83' lang='grc' dir='ltr'>ἐκ</span> <span class='ocrx_word' id='word_1_481' title='bbox 2457 3742 2739 3819; x_wconf 79' lang='grc' dir='ltr'>βασιλικῆς</span> <span class='ocrx_word' id='word_1_482' title='bbox 2794 3744 3033 3809; x_wconf 73' lang='grc' dir='ltr'>ἐξουσίας</span> <span class='ocrx_word' id='word_1_483' title='bbox 3098 3744 3370 3816; x_wconf 80' lang='grc' dir='ltr'>ἐκαινίσθη</span> <span class='ocrx_word' id='word_1_484' title='bbox 3416 3750 3607 3828; x_wconf 84' lang='grc' dir='ltr'>πόλις,</span> <span class='ocrx_word' id='word_1_485' title='bbox 3652 3753 3686 3822; x_wconf 76' lang='grc' dir='ltr'>ἢ</span> <span class='ocrx_word' id='word_1_486' title='bbox 3729 3754 3860 3815; x_wconf 75' lang='grc' dir='ltr'>αὖθις</span> 
     </span>
    </p>
   </div>
   <div class='ocr_carea' id='block_1_82' title="bbox 2227 3831 3863 3918">
    <p class='ocr_par' dir='ltr' id='par_1_82' title="bbox 2227 3831 3863 3918">
     <span class='ocr_line' id='line_1_82' title="bbox 2227 3831 3863 3918; baseline 0.007 -30"><span class='ocrx_word' id='word_1_487' title='bbox 2227 3832 2518 3898; x_wconf 87' lang='grc' dir='ltr'>καινισθείη</span> <span class='ocrx_word' id='word_1_488' title='bbox 2548 3845 2667 3896; x_wconf 80' lang='grc' dir='ltr'>τοῖς</span> <span class='ocrx_word' id='word_1_489' title='bbox 2715 3831 3020 3899; x_wconf 77' lang='grc' dir='ltr'>πολιτικοῖς</span> <span class='ocrx_word' id='word_1_490' title='bbox 3064 3836 3159 3890; x_wconf 80' lang='grc' dir='ltr'>καί</span> <span class='ocrx_word' id='word_1_491' title='bbox 3193 3833 3474 3912; x_wconf 77' lang='grc' dir='ltr'>δημοσίοις</span> <span class='ocrx_word' id='word_1_492' title='bbox 3522 3843 3735 3918; x_wconf 89' lang='grc' dir='ltr'>τύποις,</span> <span class='ocrx_word' id='word_1_493' title='bbox 3772 3844 3863 3899; x_wconf 70' lang='grc' dir='ltr'>καί</span> 
     </span>
    </p>
   </div>
   <div class='ocr_carea' id='block_1_83' title="bbox 2227 3921 3856 4003">
    <p class='ocr_par' dir='ltr' id='par_1_83' title="bbox 2227 3921 3856 4003">
     <span class='ocr_line' id='line_1_83' title="bbox 2227 3921 3856 4003; baseline 0.006 -26"><span class='ocrx_word' id='word_1_494' title='bbox 2227 3928 2333 3977; x_wconf 84' lang='grc' dir='ltr'>τῶν</span> <span class='ocrx_word' id='word_1_495' title='bbox 2378 3921 2838 3989; x_wconf 62' lang='grc' dir='ltr'>ἔκκλησιαστικῶν</span> <span class='ocrx_word' id='word_1_496' title='bbox 2920 3925 3249 4003; x_wconf 55' lang='grc' dir='ltr'>πραγμάτων</span> <span class='ocrx_word' id='word_1_497' title='bbox 3318 3928 3351 3996; x_wconf 79' lang='grc' dir='ltr'><strong>ἡ</strong></span> <span class='ocrx_word' id='word_1_498' title='bbox 3424 3928 3576 3997; x_wconf 72' lang='grc' dir='ltr'>τάξις</span> <span class='ocrx_word' id='word_1_499' title='bbox 3639 3931 3856 3990; x_wconf 82' lang='grc' dir='ltr'>ἀκολου-</span> 
     </span>
    </p>
   </div>
   <div class='ocr_carea' id='block_1_84' title="bbox 2220 4011 2399 4074">
    <p class='ocr_par' dir='ltr' id='par_1_84' title="bbox 2220 4011 2399 4074">
     <span class='ocr_line' id='line_1_84' title="bbox 2220 4011 2399 4074; baseline 0 -7"><span class='ocrx_word' id='word_1_500' title='bbox 2220 4011 2399 4074; x_wconf 80' lang='grc' dir='ltr'>θείτω.</span> 
     </span>
    </p>
   </div>
   <div class='ocr_carea' id='block_1_85' title="bbox 2302 4099 3857 4186">
    <p class='ocr_par' dir='ltr' id='par_1_85' title="bbox 2302 4099 3857 4186">
     <span class='ocr_line' id='line_1_85' title="bbox 2302 4099 3857 4186; baseline 0.006 -29"><span class='ocrx_word' id='word_1_501' title='bbox 2302 4100 2403 4162; x_wconf 89' lang='grc' dir='ltr'>λθ’.</span> <span class='ocrx_word' id='word_1_502' title='bbox 2443 4110 2547 4161; x_wconf 82' lang='grc' dir='ltr'><strong>Τοῦ</strong></span> <span class='ocrx_word' id='word_1_503' title='bbox 2576 4099 2803 4183; x_wconf 80' lang='grc' dir='ltr'>ἀδελφοῦ</span> <span class='ocrx_word' id='word_1_504' title='bbox 2844 4101 2931 4158; x_wconf 83' lang='grc' dir='ltr'><strong>καὶ</strong></span> <span class='ocrx_word' id='word_1_505' title='bbox 2988 4100 3398 4186; x_wconf 77' lang='grc' dir='ltr'>συλλειτουργοῦ</span> <span class='ocrx_word' id='word_1_506' title='bbox 3426 4110 3590 4186; x_wconf 77' lang='grc' dir='ltr'>ἡμῶν</span> <span class='ocrx_word' id='word_1_507' title='bbox 3621 4111 3857 4171; x_wconf 71' lang='grc' dir='ltr'>Ἰωάννου</span> 
     </span>
    </p>
   </div>
   <div class='ocr_carea' id='block_1_86' title="bbox 2219 4189 3201 4270">
    <p class='ocr_par' dir='ltr' id='par_1_86' title="bbox 2219 4189 3201 4270">
     <span class='ocr_line' id='line_1_86' title="bbox 2219 4189 3201 4270; baseline 0.003 -24"><span class='ocrx_word' id='word_1_508' title='bbox 2219 4198 2311 4248; x_wconf 79' lang='grc' dir='ltr'>τοῦ</span> <span class='ocrx_word' id='word_1_509' title='bbox 2342 4189 2439 4259; x_wconf 72' lang='grc' dir='ltr'><strong>τῆς</strong></span> <span class='ocrx_word' id='word_1_510' title='bbox 2470 4192 2716 4270; x_wconf 83' lang='grc' dir='ltr'>Κυπρίων</span> <span class='ocrx_word' id='word_1_511' title='bbox 2748 4193 2935 4270; x_wconf 77' lang='grc' dir='ltr'>νήσου,</span> <span class='ocrx_word' id='word_1_512' title='bbox 2969 4214 3023 4251; x_wconf 87' lang='grc' dir='ltr'><strong>κ.</strong></span> <span class='ocrx_word' id='word_1_513' title='bbox 3057 4214 3108 4255; x_wconf 88' lang='grc' dir='ltr'>τ,</span> <span class='ocrx_word' id='word_1_514' title='bbox 3147 4192 3201 4253; x_wconf 87' lang='grc' dir='ltr'><strong>λ.</strong></span> 
     </span>
    </p>
   </div>
   <div class='ocr_carea' id='block_1_87' title="bbox 2299 4270 3855 4365">
    <p class='ocr_par' dir='ltr' id='par_1_87' title="bbox 2299 4270 3855 4365">
     <span class='ocr_line' id='line_1_87' title="bbox 2299 4270 3855 4365; baseline 0.007 -27"><span class='ocrx_word' id='word_1_515' title='bbox 2299 4281 2367 4338; x_wconf 85' lang='grc' dir='ltr'><strong>Ἦ</strong></span> <span class='ocrx_word' id='word_1_516' title='bbox 2397 4270 2482 4355; x_wconf 77' lang='grc' dir='ltr'>ς’</span> <span class='ocrx_word' id='word_1_517' title='bbox 2520 4279 2753 4347; x_wconf 78' lang='grc' dir='ltr'>διάταξις</span> <span class='ocrx_word' id='word_1_518' title='bbox 2795 4283 2888 4338; x_wconf 74' lang='grc' dir='ltr'>τοῦ</span> <span class='ocrx_word' id='word_1_519' title='bbox 2928 4280 2981 4359; x_wconf 84' lang='grc' dir='ltr'><strong>β’</strong></span> <span class='ocrx_word' id='word_1_520' title='bbox 3023 4282 3125 4345; x_wconf 86' lang='grc' dir='ltr'>τίτ.</span> <span class='ocrx_word' id='word_1_521' title='bbox 3170 4291 3262 4342; x_wconf 77' lang='grc' dir='ltr'>τοῦ</span> <span class='ocrx_word' id='word_1_522' title='bbox 3293 4286 3348 4342; x_wconf 86' lang='grc' dir='ltr'>α’</span> <span class='ocrx_word' id='word_1_523' title='bbox 3382 4286 3533 4365; x_wconf 79' lang='grc' dir='ltr'>βιϐλ.</span> <span class='ocrx_word' id='word_1_524' title='bbox 3580 4292 3677 4350; x_wconf 78' lang='grc' dir='ltr'>τοῦ</span> <span class='ocrx_word' id='word_1_525' title='bbox 3733 4289 3855 4351; x_wconf 83' lang='grc' dir='ltr'>κώδ.</span> 
     </span>
    </p>
   </div>
   <div class='ocr_carea' id='block_1_88' title="bbox 2220 4370 3854 4463">
    <p class='ocr_par' dir='ltr' id='par_1_88' title="bbox 2220 4370 3854 4463">
     <span class='ocr_line' id='line_1_88' title="bbox 2220 4370 3854 4463; baseline 0.01 -39"><span class='ocrx_word' id='word_1_526' title='bbox 2220 4371 2412 4451; x_wconf 79' lang='grc' dir='ltr'>φησΐν,</span> <span class='ocrx_word' id='word_1_527' title='bbox 2473 4370 2554 4428; x_wconf 79' lang='grc' dir='ltr'><strong>ὅτι</strong></span> <span class='ocrx_word' id='word_1_528' title='bbox 2605 4373 2705 4435; x_wconf 79' lang='grc' dir='ltr'>Τὰς</span> <span class='ocrx_word' id='word_1_529' title='bbox 2747 4371 3115 4450; x_wconf 80' lang='grc' dir='ltr'>ἀναφυομένας</span> <span class='ocrx_word' id='word_1_530' title='bbox 3166 4380 3451 4442; x_wconf 79' lang='grc' dir='ltr'>κανονικὰς</span> <span class='ocrx_word' id='word_1_531' title='bbox 3508 4379 3854 4463; x_wconf 75' lang='grc' dir='ltr'>ἀμφισϐητή-</span> 
     </span>
    </p>
   </div>
   <div class='ocr_carea' id='block_1_89' title="bbox 2220 4459 3857 4551">
    <p class='ocr_par' dir='ltr' id='par_1_89' title="bbox 2220 4459 3857 4551">
     <span class='ocr_line' id='line_1_89' title="bbox 2220 4459 3857 4551; baseline 0.006 -34"><span class='ocrx_word' id='word_1_532' title='bbox 2220 4482 2329 4551; x_wconf 81' lang='grc' dir='ltr'>σεις</span> <span class='ocrx_word' id='word_1_533' title='bbox 2371 4461 2425 4518; x_wconf 76' lang='grc' dir='ltr'>ἐν</span> <span class='ocrx_word' id='word_1_534' title='bbox 2477 4459 2586 4537; x_wconf 79' lang='grc' dir='ltr'><strong>ὅλῳ</strong></span> <span class='ocrx_word' id='word_1_535' title='bbox 2630 4469 2706 4536; x_wconf 85' lang='grc' dir='ltr'>τῷ</span> <span class='ocrx_word' id='word_1_536' title='bbox 2764 4460 3066 4541; x_wconf 79' lang='grc' dir='ltr'>Ἰλλυρικῷ,</span> <span class='ocrx_word' id='word_1_537' title='bbox 3136 4464 3196 4520; x_wconf 65' lang='grc' dir='ltr'><strong>οὗ</strong></span> <span class='ocrx_word' id='word_1_538' title='bbox 3252 4463 3337 4524; x_wconf 77' lang='grc' dir='ltr'><strong>δεῖ</strong></span> <span class='ocrx_word' id='word_1_539' title='bbox 3393 4459 3680 4546; x_wconf 81' lang='grc' dir='ltr'>τέμνεσθαι</span> <span class='ocrx_word' id='word_1_540' title='bbox 3726 4472 3857 4551; x_wconf 74' lang='grc' dir='ltr'>παρὰ</span> 
     </span>
    </p>
   </div>
   <div class='ocr_carea' id='block_1_90' title="bbox 496 4543 2147 4652">
    <p class='ocr_par' dir='ltr' id='par_1_90' title="bbox 496 4543 2137 4652">
     <span class='ocr_line' id='line_1_90' title="bbox 496 4543 2137 4652; baseline -0.001 -41"><span class='ocrx_word' id='word_1_541' title='bbox 496 4546 1193 4652; x_wconf 49' lang='grc' dir='ltr'>φηιὶιιοροῆιοηωμιυω</span> <span class='ocrx_word' id='word_1_542' title='bbox 1231 4546 1449 4652; x_wconf 68' lang='lat' dir='ltr'><strong>veteris</strong></span> <span class='ocrx_word' id='word_1_543' title='bbox 1490 4543 1695 4606; x_wconf 70' lang='lat' dir='ltr'><strong>Romae</strong></span> <span class='ocrx_word' id='word_1_544' title='bbox 1719 4548 2137 4627; x_wconf 70' lang='lat' dir='ltr'><strong>praerogativas</strong></span> 
     </span>
    </p>
   </div>
   <div class='ocr_carea' id='block_1_91' title="bbox 2232 4543 3852 4652">
    <p class='ocr_par' dir='ltr' id='par_1_91' title="bbox 2232 4543 3852 4632">
     <span class='ocr_line' id='line_1_91' title="bbox 2232 4543 3852 4632; baseline 0.007 -28"><span class='ocrx_word' id='word_1_545' title='bbox 2232 4550 2442 4628; x_wconf 77' lang='grc' dir='ltr'>γνώμην</span> <span class='ocrx_word' id='word_1_546' title='bbox 2465 4559 2560 4610; x_wconf 81' lang='grc' dir='ltr'>τοῦ</span> <span class='ocrx_word' id='word_1_547' title='bbox 2615 4551 3046 4632; x_wconf 75' lang='grc' dir='ltr'>ἀρχιεπισκόπου</span> <span class='ocrx_word' id='word_1_548' title='bbox 3106 4543 3728 4629; x_wconf 83' lang='grc' dir='ltr'>Κωνσταντινουπόλεως</span> <span class='ocrx_word' id='word_1_549' title='bbox 3767 4543 3852 4618; x_wconf 71' lang='grc' dir='ltr'>καί</span> 
     </span>
    </p>
   </div>
   <div class='ocr_carea' id='block_1_92' title="bbox 497 4636 2137 4718">
    <p class='ocr_par' dir='ltr' id='par_1_92' title="bbox 497 4636 2137 4718">
     <span class='ocr_line' id='line_1_92' title="bbox 497 4636 2137 4718; baseline -0.001 -18"><span class='ocrx_word' id='word_1_550' title='bbox 497 4638 698 4716; x_wconf 86' lang='lat' dir='ltr'><strong>habet)</strong></span> <span class='ocrx_word' id='word_1_551' title='bbox 740 4638 989 4718; x_wconf 87' lang='lat' dir='ltr'><strong>ejusque</strong></span> <span class='ocrx_word' id='word_1_552' title='bbox 1029 4636 1467 4715; x_wconf 85' lang='lat' dir='ltr'><strong>[sacerdotales]</strong></span> <span class='ocrx_word' id='word_1_553' title='bbox 1510 4644 1837 4696; x_wconf 87' lang='lat' dir='ltr'><strong>conventus</strong></span> <span class='ocrx_word' id='word_1_554' title='bbox 1868 4646 2137 4717; x_wconf 88' lang='lat' dir='ltr'><strong>oporteat</strong></span> 
     </span>
    </p>
   </div>
   <div class='ocr_carea' id='block_1_93' title="bbox 498 4723 2139 4808">
    <p class='ocr_par' dir='ltr' id='par_1_93' title="bbox 498 4723 2139 4808">
     <span class='ocr_line' id='line_1_93' title="bbox 498 4723 2139 4808; baseline -0.001 -17"><span class='ocrx_word' id='word_1_555' title='bbox 498 4726 1077 4791; x_wconf 72' lang='lat' dir='ltr'><strong>decidi.t}onst.vero</strong></span> <span class='ocrx_word' id='word_1_556' title='bbox 1101 4725 1295 4803; x_wconf 83' lang='lat' dir='ltr'><strong>l6,tit.</strong></span> <span class='ocrx_word' id='word_1_557' title='bbox 1320 4724 1550 4799; x_wconf 72' lang='lat' dir='ltr'><strong>2,Lib.l</strong></span> <span class='ocrx_word' id='word_1_558' title='bbox 1572 4723 2139 4808; x_wconf 63' lang='lat' dir='ltr'><strong>Cod.abrogatqua3-</strong></span> 
     </span>
    </p>
   </div>
   <div class='ocr_carea' id='block_1_94' title="bbox 496 4814 2139 4899">
    <p class='ocr_par' dir='ltr' id='par_1_94' title="bbox 496 4814 2139 4899">
     <span class='ocr_line' id='line_1_94' title="bbox 496 4814 2139 4899; baseline -0.001 -20"><span class='ocrx_word' id='word_1_559' title='bbox 496 4835 731 4899; x_wconf 88' lang='lat' dir='ltr'><strong>cunque</strong></span> <span class='ocrx_word' id='word_1_560' title='bbox 756 4825 1026 4899; x_wconf 91' lang='lat' dir='ltr'><strong>tempore</strong></span> <span class='ocrx_word' id='word_1_561' title='bbox 1046 4815 1377 4898; x_wconf 81' lang='lat' dir='ltr'><strong>tyrannidis</strong></span> <span class='ocrx_word' id='word_1_562' title='bbox 1399 4815 1684 4876; x_wconf 85' lang='lat' dir='ltr'><strong>adversus</strong></span> <span class='ocrx_word' id='word_1_563' title='bbox 1702 4814 2000 4878; x_wconf 90' lang='lat' dir='ltr'><strong>Zenonem</strong></span> <span class='ocrx_word' id='word_1_564' title='bbox 2023 4815 2139 4897; x_wconf 88' lang='lat' dir='ltr'><strong>[in-</strong></span> 
     </span>
    </p>
   </div>
   <div class='ocr_carea' id='block_1_95' title="bbox 494 4903 2133 4989">
    <p class='ocr_par' dir='ltr' id='par_1_95' title="bbox 494 4903 2133 4989">
     <span class='ocr_line' id='line_1_95' title="bbox 494 4903 2133 4989; baseline -0.001 -20"><span class='ocrx_word' id='word_1_565' title='bbox 494 4907 764 4989; x_wconf 65' lang='lat' dir='ltr'><strong>stitutae],</strong></span> <span class='ocrx_word' id='word_1_566' title='bbox 793 4907 857 4969; x_wconf 90' lang='lat' dir='ltr'><strong>in</strong></span> <span class='ocrx_word' id='word_1_567' title='bbox 904 4906 1037 4968; x_wconf 73' lang='grc'><strong>192</strong></span> <span class='ocrx_word' id='word_1_568' title='bbox 1081 4903 1497 4986; x_wconf 69' lang='lat' dir='ltr'><strong>praejudicium</strong></span> <span class='ocrx_word' id='word_1_569' title='bbox 1524 4904 1904 4967; x_wconf 85' lang='lat' dir='ltr'><strong>sacerdotum</strong></span> <span class='ocrx_word' id='word_1_570' title='bbox 1930 4906 2133 4968; x_wconf 87' lang='lat' dir='ltr'><strong>eccle-</strong></span> 
     </span>
    </p>
   </div>
   <div class='ocr_carea' id='block_1_96' title="bbox 493 4992 2132 5076">
    <p class='ocr_par' dir='ltr' id='par_1_96' title="bbox 493 4992 2132 5076">
     <span class='ocr_line' id='line_1_96' title="bbox 493 4992 2132 5076; baseline 0.001 -19"><span class='ocrx_word' id='word_1_571' title='bbox 493 4996 792 5059; x_wconf 88' lang='lat' dir='ltr'><strong>siasticive</strong></span> <span class='ocrx_word' id='word_1_572' title='bbox 850 5004 1058 5071; x_wconf 88' lang='lat' dir='ltr'><strong>status,</strong></span> <span class='ocrx_word' id='word_1_573' title='bbox 1110 5003 1319 5058; x_wconf 89' lang='lat' dir='ltr'><strong>contra</strong></span> <span class='ocrx_word' id='word_1_574' title='bbox 1365 4992 1733 5055; x_wconf 89' lang='lat' dir='ltr'><strong>anteriorum</strong></span> <span class='ocrx_word' id='word_1_575' title='bbox 1795 4995 2132 5076; x_wconf 90' lang='lat' dir='ltr'><strong>principum</strong></span> 
     </span>
    </p>
   </div>
   <div class='ocr_carea' id='block_1_97' title="bbox 495 5083 2137 5164">
    <p class='ocr_par' dir='ltr' id='par_1_97' title="bbox 495 5083 2137 5164">
     <span class='ocr_line' id='line_1_97' title="bbox 495 5083 2137 5164; baseline 0.002 -19"><span class='ocrx_word' id='word_1_576' title='bbox 495 5085 834 5147; x_wconf 86' lang='lat' dir='ltr'><strong>sanctiones</strong></span> <span class='ocrx_word' id='word_1_577' title='bbox 863 5085 1017 5148; x_wconf 83' lang='lat' dir='ltr'><strong>facta</strong></span> <span class='ocrx_word' id='word_1_578' title='bbox 1068 5092 1229 5160; x_wconf 91' lang='lat' dir='ltr'><strong>sunt,</strong></span> <span class='ocrx_word' id='word_1_579' title='bbox 1267 5090 1328 5145; x_wconf 90' lang='lat' dir='ltr'><strong>et</strong></span> <span class='ocrx_word' id='word_1_580' title='bbox 1370 5101 1502 5164; x_wconf 83' lang='lat' dir='ltr'><strong>quae</strong></span> <span class='ocrx_word' id='word_1_581' title='bbox 1530 5089 1703 5144; x_wconf 85' lang='lat' dir='ltr'><strong>antea</strong></span> <span class='ocrx_word' id='word_1_582' title='bbox 1736 5083 2137 5149; x_wconf 89' lang='lat' dir='ltr'><strong>obtinuissent</strong></span> 
     </span>
    </p>
   </div>
   <div class='ocr_carea' id='block_1_98' title="bbox 493 5172 2137 5254">
    <p class='ocr_par' dir='ltr' id='par_1_98' title="bbox 493 5172 2137 5254">
     <span class='ocr_line' id='line_1_98' title="bbox 493 5172 2137 5254; baseline 0.003 -20"><span class='ocrx_word' id='word_1_583' title='bbox 493 5182 762 5249; x_wconf 89' lang='lat' dir='ltr'><strong>renovat,</strong></span> <span class='ocrx_word' id='word_1_584' title='bbox 785 5192 854 5236; x_wconf 89' lang='lat' dir='ltr'><strong>ac</strong></span> <span class='ocrx_word' id='word_1_585' title='bbox 895 5172 1613 5254; x_wconf 88' lang='lat' dir='ltr'><strong>Constantinopolitanum</strong></span> <span class='ocrx_word' id='word_1_586' title='bbox 1638 5181 1777 5235; x_wconf 89' lang='lat' dir='ltr'><strong>ante</strong></span> <span class='ocrx_word' id='word_1_587' title='bbox 1804 5173 1952 5236; x_wconf 89' lang='lat' dir='ltr'><strong>alios</strong></span> <span class='ocrx_word' id='word_1_588' title='bbox 1981 5177 2137 5239; x_wconf 78' lang='lat' dir='ltr'><strong>resi-</strong></span> 
     </span>
    </p>
   </div>
   <div class='ocr_carea' id='block_1_99' title="bbox 494 5260 2137 5344">
    <p class='ocr_par' dir='ltr' id='par_1_99' title="bbox 494 5260 2137 5344">
     <span class='ocr_line' id='line_1_99' title="bbox 494 5260 2137 5344; baseline 0.004 -20"><span class='ocrx_word' id='word_1_589' title='bbox 494 5261 673 5325; x_wconf 88' lang='lat' dir='ltr'><strong>dendi</strong></span> <span class='ocrx_word' id='word_1_590' title='bbox 700 5262 802 5344; x_wconf 87' lang='lat' dir='ltr'><strong>jus</strong></span> <span class='ocrx_word' id='word_1_591' title='bbox 828 5262 1053 5326; x_wconf 89' lang='lat' dir='ltr'><strong>habere</strong></span> <span class='ocrx_word' id='word_1_592' title='bbox 1110 5262 1277 5326; x_wconf 78' lang='lat' dir='ltr'><strong>dicit.</strong></span> <span class='ocrx_word' id='word_1_593' title='bbox 1341 5260 1543 5327; x_wconf 86' lang='lat' dir='ltr'><strong>Const.</strong></span> <span class='ocrx_word' id='word_1_594' title='bbox 1601 5262 1703 5342; x_wconf 88' lang='grc'>35,</span> <span class='ocrx_word' id='word_1_595' title='bbox 1739 5263 1829 5327; x_wconf 92' lang='lat' dir='ltr'><strong>tit.</strong></span> <span class='ocrx_word' id='word_1_596' title='bbox 1863 5264 1922 5343; x_wconf 90' lang='lat'><strong>3,</strong></span> <span class='ocrx_word' id='word_1_597' title='bbox 1953 5264 2062 5328; x_wconf 90' lang='lat' dir='ltr'><strong>lib.</strong></span> <span class='ocrx_word' id='word_1_598' title='bbox 2095 5285 2137 5330; x_wconf 83' lang='grc' dir='ltr'><strong>ιι</strong></span> 
     </span>
    </p>
   </div>
   <div class='ocr_carea' id='block_1_100' title="bbox 2219 4639 3852 4728">
    <p class='ocr_par' dir='ltr' id='par_1_100' title="bbox 2219 4639 3852 4728">
     <span class='ocr_line' id='line_1_100' title="bbox 2219 4639 3852 4728; baseline 0.007 -33"><span class='ocrx_word' id='word_1_599' title='bbox 2219 4641 2316 4705; x_wconf 73' lang='grc' dir='ltr'>τῆς</span> <span class='ocrx_word' id='word_1_600' title='bbox 2382 4642 2542 4698; x_wconf 74' lang='grc' dir='ltr'>αὐτοῦ</span> <span class='ocrx_word' id='word_1_601' title='bbox 2611 4639 2848 4715; x_wconf 80' lang='grc' dir='ltr'>συνόδου,</span> <span class='ocrx_word' id='word_1_602' title='bbox 2909 4639 3027 4709; x_wconf 74' lang='grc' dir='ltr'>ἥτις</span> <span class='ocrx_word' id='word_1_603' title='bbox 3085 4642 3205 4722; x_wconf 78' lang='grc' dir='ltr'>ἔχει</span> <span class='ocrx_word' id='word_1_604' title='bbox 3285 4647 3351 4703; x_wconf 78' lang='grc' dir='ltr'>τὰ</span> <span class='ocrx_word' id='word_1_605' title='bbox 3422 4652 3696 4728; x_wconf 79' lang='grc' dir='ltr'>προνόμια</span> <span class='ocrx_word' id='word_1_606' title='bbox 3763 4651 3852 4719; x_wconf 73' lang='grc' dir='ltr'>τῆς</span> 
     </span>
    </p>
   </div>
   <div class='ocr_carea' id='block_1_101' title="bbox 2221 4722 3851 4810">
    <p class='ocr_par' dir='ltr' id='par_1_101' title="bbox 2221 4722 3851 4810">
     <span class='ocr_line' id='line_1_101' title="bbox 2221 4722 3851 4810; baseline 0.007 -25"><span class='ocrx_word' id='word_1_607' title='bbox 2221 4730 2452 4810; x_wconf 72' lang='grc' dir='ltr'>ἀρχαίας</span> <span class='ocrx_word' id='word_1_608' title='bbox 2488 4722 2725 4806; x_wconf 80' lang='grc' dir='ltr'>Ῥώμης.</span> <span class='ocrx_word' id='word_1_609' title='bbox 2758 4722 2820 4787; x_wconf 69' lang='grc' dir='ltr'><em>Ἠ</em></span> <span class='ocrx_word' id='word_1_610' title='bbox 2848 4729 2902 4787; x_wconf 76' lang='grc' dir='ltr'>δὲ</span> <span class='ocrx_word' id='word_1_611' title='bbox 2935 4731 3037 4805; x_wconf 70' lang='grc' dir='ltr'><strong>ις’</strong></span> <span class='ocrx_word' id='word_1_612' title='bbox 3072 4731 3211 4795; x_wconf 78' lang='grc' dir='ltr'>διάτ.</span> <span class='ocrx_word' id='word_1_613' title='bbox 3247 4743 3339 4793; x_wconf 77' lang='grc' dir='ltr'>τοῦ</span> <span class='ocrx_word' id='word_1_614' title='bbox 3364 4722 3522 4797; x_wconf 73' lang='grc' dir='ltr'>αύτδῦ</span> <span class='ocrx_word' id='word_1_615' title='bbox 3582 4722 3687 4803; x_wconf 76' lang='grc' dir='ltr'>τίτ.</span> <span class='ocrx_word' id='word_1_616' title='bbox 3727 4742 3851 4798; x_wconf 81' lang='grc' dir='ltr'>ἀκυ-</span> 
     </span>
    </p>
   </div>
   <div class='ocr_carea' id='block_1_102' title="bbox 2220 4820 3852 4910">
    <p class='ocr_par' dir='ltr' id='par_1_102' title="bbox 2220 4820 3852 4910">
     <span class='ocr_line' id='line_1_102' title="bbox 2220 4820 3852 4910; baseline 0.005 -34"><span class='ocrx_word' id='word_1_617' title='bbox 2220 4820 2459 4910; x_wconf 31' lang='grc' dir='ltr'><strong>ροῖ-στὰΔ</strong></span> <span class='ocrx_word' id='word_1_618' title='bbox 2499 4823 2763 4897; x_wconf 83' lang='grc' dir='ltr'>γενόμενα</span> <span class='ocrx_word' id='word_1_619' title='bbox 2823 4820 2874 4877; x_wconf 86' lang='grc' dir='ltr'>ἑν</span> <span class='ocrx_word' id='word_1_620' title='bbox 2933 4822 3008 4910; x_wconf 11' lang='grc' dir='ltr'>,τῇ</span> <span class='ocrx_word' id='word_1_621' title='bbox 3067 4823 3203 4880; x_wconf 82' lang='grc' dir='ltr'>κατὰ</span> <span class='ocrx_word' id='word_1_622' title='bbox 3265 4825 3535 4905; x_wconf 69' lang='grc' dir='ltr'>Ζήνωνος,</span> <span class='ocrx_word' id='word_1_623' title='bbox 3598 4828 3852 4910; x_wconf 86' lang='grc' dir='ltr'>τυραννίδι</span> 
     </span>
    </p>
   </div>
   <div class='ocr_carea' id='block_1_103' title="bbox 2219 4908 3854 4999">
    <p class='ocr_par' dir='ltr' id='par_1_103' title="bbox 2219 4908 3854 4999">
     <span class='ocr_line' id='line_1_103' title="bbox 2219 4908 3854 4999; baseline 0.006 -35"><span class='ocrx_word' id='word_1_624' title='bbox 2219 4908 2362 4987; x_wconf 82' lang='grc' dir='ltr'>παρὰ</span> <span class='ocrx_word' id='word_1_625' title='bbox 2413 4908 2481 4970; x_wconf 72' lang='grc' dir='ltr'>τὰ</span> <span class='ocrx_word' id='word_1_626' title='bbox 2549 4910 2738 4987; x_wconf 85' lang='grc' dir='ltr'>πρώην</span> <span class='ocrx_word' id='word_1_627' title='bbox 2800 4909 3053 4986; x_wconf 81' lang='grc' dir='ltr'>βασιλικὰ</span> <span class='ocrx_word' id='word_1_628' title='bbox 3103 4915 3441 4991; x_wconf 60' lang='grc' dir='ltr'>θεσπίσματα</span> <span class='ocrx_word' id='word_1_629' title='bbox 3480 4919 3616 4996; x_wconf 77' lang='grc' dir='ltr'><strong>περῖ</strong></span> <span class='ocrx_word' id='word_1_630' title='bbox 3670 4908 3854 4999; x_wconf 22' lang='grc' dir='ltr'>νὶερέων</span> 
     </span>
    </p>
   </div>
   <div class='ocr_carea' id='block_1_104' title="bbox 2218 4997 3854 5088">
    <p class='ocr_par' dir='ltr' id='par_1_104' title="bbox 2218 4997 3854 5088">
     <span class='ocr_line' id='line_1_104' title="bbox 2218 4997 3854 5088; baseline 0.007 -34"><span class='ocrx_word' id='word_1_631' title='bbox 2218 4997 2254 5066; x_wconf 77' lang='grc' dir='ltr'><strong>ἢ</strong></span> <span class='ocrx_word' id='word_1_632' title='bbox 2291 4999 2669 5061; x_wconf 75' lang='grc' dir='ltr'>καταστάσεως</span> <span class='ocrx_word' id='word_1_633' title='bbox 2702 4999 3180 5077; x_wconf 72' lang='grc' dir='ltr'>ἐκκλησιαστικής,</span> <span class='ocrx_word' id='word_1_634' title='bbox 3228 5007 3320 5061; x_wconf 80' lang='grc' dir='ltr'><strong>καὶ</strong></span> <span class='ocrx_word' id='word_1_635' title='bbox 3366 5007 3433 5063; x_wconf 80' lang='grc' dir='ltr'><strong>τὰ</strong></span> <span class='ocrx_word' id='word_1_636' title='bbox 3491 5011 3684 5088; x_wconf 86' lang='grc' dir='ltr'>πρώην</span> <span class='ocrx_word' id='word_1_637' title='bbox 3726 4997 3854 5065; x_wconf 69' lang='grc' dir='ltr'>ἂνα-</span> 
     </span>
    </p>
   </div>
   <div class='ocr_carea' id='block_1_105' title="bbox 2218 5088 3856 5179">
    <p class='ocr_par' dir='ltr' id='par_1_105' title="bbox 2218 5088 3856 5179">
     <span class='ocr_line' id='line_1_105' title="bbox 2218 5088 3856 5179; baseline 0.005 -34"><span class='ocrx_word' id='word_1_638' title='bbox 2218 5095 2451 5159; x_wconf 78' lang='grc' dir='ltr'>νεοῦται,</span> <span class='ocrx_word' id='word_1_639' title='bbox 2513 5088 2603 5146; x_wconf 88' lang='grc' dir='ltr'><strong>καί</strong></span> <span class='ocrx_word' id='word_1_640' title='bbox 2659 5112 2814 5169; x_wconf 80' lang='grc' dir='ltr'>φησι,</span> <span class='ocrx_word' id='word_1_641' title='bbox 2876 5092 2968 5149; x_wconf 76' lang='grc' dir='ltr'><strong>τὸν</strong></span> <span class='ocrx_word' id='word_1_642' title='bbox 3030 5097 3654 5179; x_wconf 56' lang='grc' dir='ltr'>βωνσταντινουπόλεως</span> <span class='ocrx_word' id='word_1_643' title='bbox 3715 5098 3856 5179; x_wconf 78' lang='grc' dir='ltr'>ἔχειν</span> 
     </span>
    </p>
   </div>
   <div class='ocr_carea' id='block_1_106' title="bbox 2217 5170 3847 5268">
    <p class='ocr_par' dir='ltr' id='par_1_106' title="bbox 2217 5170 3847 5268">
     <span class='ocr_line' id='line_1_106' title="bbox 2217 5170 3847 5268; baseline 0.006 -32"><span class='ocrx_word' id='word_1_644' title='bbox 2217 5185 2324 5236; x_wconf 84' lang='grc' dir='ltr'>τῶν</span> <span class='ocrx_word' id='word_1_645' title='bbox 2354 5177 2533 5268; x_wconf 75' lang='grc' dir='ltr'>ἄλλων</span> <span class='ocrx_word' id='word_1_646' title='bbox 2561 5179 2659 5247; x_wconf 76' lang='grc' dir='ltr'>τὴν</span> <span class='ocrx_word' id='word_1_647' title='bbox 2693 5176 2992 5268; x_wconf 63' lang='grc' dir='ltr'>προεδρίαν.</span> <span class='ocrx_word' id='word_1_648' title='bbox 3030 5170 3092 5239; x_wconf 67' lang='grc' dir='ltr'><em>Ἠ</em></span> <span class='ocrx_word' id='word_1_649' title='bbox 3124 5179 3179 5238; x_wconf 81' lang='grc' dir='ltr'>δὲ</span> <span class='ocrx_word' id='word_1_650' title='bbox 3209 5182 3291 5240; x_wconf 81' lang='grc' dir='ltr'><strong>λε’</strong></span> <span class='ocrx_word' id='word_1_651' title='bbox 3340 5183 3482 5249; x_wconf 79' lang='grc' dir='ltr'>διάτ,</span> <span class='ocrx_word' id='word_1_652' title='bbox 3528 5190 3628 5244; x_wconf 80' lang='grc' dir='ltr'>τοῦ</span> <span class='ocrx_word' id='word_1_653' title='bbox 3660 5187 3714 5268; x_wconf 88' lang='grc' dir='ltr'>γ’</span> <span class='ocrx_word' id='word_1_654' title='bbox 3744 5170 3847 5248; x_wconf 56' lang='grc' dir='ltr'>τίτ.</span> 
     </span>
    </p>
   </div>
   <div class='ocr_carea' id='block_1_107' title="bbox 2216 5262 3852 5348">
    <p class='ocr_par' dir='ltr' id='par_1_107' title="bbox 2216 5262 3852 5348">
     <span class='ocr_line' id='line_1_107' title="bbox 2216 5262 3852 5348; baseline 0.003 -21"><span class='ocrx_word' id='word_1_655' title='bbox 2216 5276 2310 5327; x_wconf 81' lang='grc' dir='ltr'>τοῦ</span> <span class='ocrx_word' id='word_1_656' title='bbox 2340 5266 2395 5325; x_wconf 88' lang='grc' dir='ltr'>α’</span> <span class='ocrx_word' id='word_1_657' title='bbox 2423 5267 2569 5346; x_wconf 79' lang='grc' dir='ltr'>βιϐλ.</span> <span class='ocrx_word' id='word_1_658' title='bbox 2601 5268 2772 5348; x_wconf 80' lang='grc' dir='ltr'>λέγει,</span> <span class='ocrx_word' id='word_1_659' title='bbox 2806 5268 2889 5326; x_wconf 78' lang='grc' dir='ltr'><strong>ὅτι</strong></span> <span class='ocrx_word' id='word_1_660' title='bbox 2938 5262 3172 5339; x_wconf 82' lang='grc' dir='ltr'>Ἐκάστη</span> <span class='ocrx_word' id='word_1_661' title='bbox 3200 5273 3355 5340; x_wconf 86' lang='grc' dir='ltr'>πόλις</span> <span class='ocrx_word' id='word_1_662' title='bbox 3388 5275 3527 5334; x_wconf 75' lang='grc' dir='ltr'>ἴδιον</span> <span class='ocrx_word' id='word_1_663' title='bbox 3559 5262 3852 5335; x_wconf 71' lang='grc' dir='ltr'>ἒπίσκοπον</span> 
     </span>
    </p>
   </div>
   <div class='ocr_carea' id='block_1_108' title="bbox 572 5440 3847 5527">
    <p class='ocr_par' dir='ltr' id='par_1_108' title="bbox 572 5440 3847 5527">
     <span class='ocr_line' id='line_1_108' title="bbox 572 5440 3847 5527; baseline 0.005 -25"><span class='ocrx_word' id='word_1_664' title='bbox 572 5440 635 5527; x_wconf 66' lang='grc' dir='ltr'><strong>’ῖὲ</strong></span> <span class='ocrx_word' id='word_1_665' title='bbox 663 5440 1156 5527; x_wconf 50' lang='lat' dir='ltr'><strong>Conc.Carthag.</strong></span> <span class='ocrx_word' id='word_1_666' title='bbox 1190 5464 1224 5505; x_wconf 92' lang='lat' dir='ltr'><strong>v</strong></span> <span class='ocrx_word' id='word_1_667' title='bbox 1254 5461 1387 5506; x_wconf 91' lang='lat' dir='ltr'><strong>can.</strong></span> <span class='ocrx_word' id='word_1_668' title='bbox 1424 5444 1461 5507; x_wconf 89' lang='grc'>5</span> <span class='ocrx_word' id='word_1_669' title='bbox 1495 5467 1511 5520; x_wconf 88' lang='grc'><strong>;</strong></span> <span class='ocrx_word' id='word_1_670' title='bbox 1558 5441 1744 5507; x_wconf 80' lang='lat' dir='ltr'><strong>Alric.</strong></span> <span class='ocrx_word' id='word_1_671' title='bbox 1776 5462 1831 5510; x_wconf 89' lang='lat' dir='ltr'><strong>c.</strong></span> <span class='ocrx_word' id='word_1_672' title='bbox 1865 5444 1964 5509; x_wconf 86' lang='lat'><strong>38.</strong></span> <span class='ocrx_word' id='word_1_673' title='bbox 2051 5446 2111 5499; x_wconf 66' lang='lat'><strong>79</strong></span> <span class='ocrx_word' id='word_1_674' title='bbox 2139 5446 2322 5511; x_wconf 86' lang='lat' dir='ltr'><strong>Cone.</strong></span> <span class='ocrx_word' id='word_1_675' title='bbox 2358 5446 2629 5527; x_wconf 75' lang='lat' dir='ltr'><strong>Carthag.</strong></span> <span class='ocrx_word' id='word_1_676' title='bbox 2662 5463 2723 5524; x_wconf 85' lang='lat' dir='ltr'><strong>v,</strong></span> <span class='ocrx_word' id='word_1_677' title='bbox 2758 5465 2812 5511; x_wconf 94' lang='lat' dir='ltr'><strong>c.</strong></span> <span class='ocrx_word' id='word_1_678' title='bbox 2869 5448 2971 5511; x_wconf 89' lang='grc'>93.</span> <span class='ocrx_word' id='word_1_679' title='bbox 3006 5448 3187 5513; x_wconf 81' lang='lat' dir='ltr'><strong>Afric.</strong></span> <span class='ocrx_word' id='word_1_680' title='bbox 3224 5470 3355 5517; x_wconf 87' lang='lat' dir='ltr'><strong>can.</strong></span> <span class='ocrx_word' id='word_1_681' title='bbox 3387 5452 3486 5520; x_wconf 72' lang='lat'><strong>4‘2.</strong></span> <span class='ocrx_word' id='word_1_682' title='bbox 3573 5456 3644 5509; x_wconf 77' lang='grc' dir='ltr'><strong>π)</strong></span> <span class='ocrx_word' id='word_1_683' title='bbox 3670 5455 3847 5522; x_wconf 88' lang='lat' dir='ltr'><strong>Conc.</strong></span> 
     </span>
    </p>
   </div>
   <div class='ocr_carea' id='block_1_109' title="bbox 488 5522 899 5588">
    <p class='ocr_par' dir='ltr' id='par_1_109' title="bbox 488 5522 899 5588">
     <span class='ocr_line' id='line_1_109' title="bbox 488 5522 899 5588; baseline 0.007 -3"><span class='ocrx_word' id='word_1_684' title='bbox 488 5522 677 5586; x_wconf 84' lang='lat' dir='ltr'><strong>Afric.</strong></span> <span class='ocrx_word' id='word_1_685' title='bbox 708 5540 764 5586; x_wconf 91' lang='lat' dir='ltr'><strong>c.</strong></span> <span class='ocrx_word' id='word_1_686' title='bbox 794 5523 899 5588; x_wconf 79' lang='grc'>49.</span> 
     </span>
    </p>
   </div>
   <div class='ocr_carea' id='block_1_110' title="bbox 560 5698 2121 5784">
    <p class='ocr_par' dir='ltr' id='par_1_110' title="bbox 560 5698 2121 5784">
     <span class='ocr_line' id='line_1_110' title="bbox 560 5698 2121 5784; baseline 0.005 -22"><span class='ocrx_word' id='word_1_687' title='bbox 560 5698 700 5784; x_wconf 76' lang='lat'><strong>(58)</strong></span> <span class='ocrx_word' id='word_1_688' title='bbox 726 5698 1066 5784; x_wconf 78' lang='lat' dir='ltr'><strong>Bonifacius</strong></span> <span class='ocrx_word' id='word_1_689' title='bbox 1094 5698 1361 5784; x_wconf 69' lang='lat' dir='ltr'><strong>insono.</strong></span> <span class='ocrx_word' id='word_1_690' title='bbox 1391 5699 1667 5781; x_wconf 77' lang='lat' dir='ltr'><strong>Carthag.</strong></span> <span class='ocrx_word' id='word_1_691' title='bbox 1696 5701 1837 5765; x_wconf 89' lang='lat' dir='ltr'><strong>anni</strong></span> <span class='ocrx_word' id='word_1_692' title='bbox 1877 5703 2016 5784; x_wconf 66' lang='lat'><strong>525,</strong></span> <span class='ocrx_word' id='word_1_693' title='bbox 2046 5722 2121 5769; x_wconf 78' lang='lat' dir='ltr'><strong>ex</strong></span> 
     </span>
    </p>
   </div>
   <div class='ocr_carea' id='block_1_111' title="bbox 483 5779 1259 5861">
    <p class='ocr_par' dir='ltr' id='par_1_111' title="bbox 483 5779 1259 5861">
     <span class='ocr_line' id='line_1_111' title="bbox 483 5779 1259 5861; baseline -0.006 -13"><span class='ocrx_word' id='word_1_694' title='bbox 483 5779 704 5848; x_wconf 86' lang='lat' dir='ltr'><strong>concil.</strong></span> <span class='ocrx_word' id='word_1_695' title='bbox 733 5798 814 5861; x_wconf 82' lang='lat' dir='ltr'><strong>vr,</strong></span> <span class='ocrx_word' id='word_1_696' title='bbox 847 5779 959 5846; x_wconf 86' lang='lat' dir='ltr'><strong>sub</strong></span> <span class='ocrx_word' id='word_1_697' title='bbox 986 5780 1259 5848; x_wconf 81' lang='lat' dir='ltr'><strong>Aurelio.</strong></span> 
     </span>
    </p>
   </div>
   <div class='ocr_carea' id='block_1_112' title="bbox 2285 5706 3065 5785">
    <p class='ocr_par' dir='ltr' id='par_1_112' title="bbox 2285 5706 3065 5785">
     <span class='ocr_line' id='line_1_112' title="bbox 2285 5706 3065 5785; baseline 0.005 -15"><span class='ocrx_word' id='word_1_698' title='bbox 2285 5707 2401 5785; x_wconf 79' lang='grc'>(59)</span> <span class='ocrx_word' id='word_1_699' title='bbox 2429 5708 2492 5771; x_wconf 86' lang='lat' dir='ltr'><strong>In</strong></span> <span class='ocrx_word' id='word_1_700' title='bbox 2525 5706 2667 5773; x_wconf 80' lang='lat' dir='ltr'><strong>villa</strong></span> <span class='ocrx_word' id='word_1_701' title='bbox 2694 5707 3065 5777; x_wconf 85' lang='lat' dir='ltr'><strong>suburbana.</strong></span> 
     </span>
    </p>
   </div>
  </div>
