4148 6198
368 242 488 310 657

1163 202 1584 316 SYNTAGMA
1631 249 2032 315 CANONUM.
2098 276 2181 300 -
2226 250 2383 314 TIT.
2430 251 2597 333 VIII,
2644 210 2811 317 CAP.
2860 251 2942 317 II.

3616 252 3734 320 658

367 383 572 475 ἐχέτω.
620 389 719 445 Καὶ
748 385 846 444 κᾶν
902 386 987 445 διὰ
1042 389 1183 453 θείας
1228 389 1558 470 ἀντιγραφῆς
1605 387 1871 465 τολμῆσοι
1915 410 1978 443 It:

2079 384 2489 471 Unaquaeque,
2538 389 2757 469 inquit,
2793 390 3000 454 civitas
3032 396 3343 475 proprium
3373 391 3729 474 episcopum

366 472 656 552 ἀφελέσθαι
700 475 857 533 πόλιν
898 485 992 534 τοῦ
1027 476 1156 538 ἰδίου
1198 476 1518 554 ἐπισκόπου,
1551 478 1588 548 ἢ
1634 484 1734 546 τῆς
1792 500 1978 556 περιοιι

2089 476 2327 539 habeto.
2350 478 2420 540 Et
2444 479 2493 540 si
2518 479 2651 560 quis
2673 481 2763 541 vel
2788 498 2897 560 per
2912 472 3177 543 divinum
3201 472 3563 562 rescriptum
3586 472 3733 547 civi-

365 562 523 621 γίδων
568 568 758 634 αὐτῆς,
794 567 831 633 ἦ
857 588 1003 631 τινος
1032 567 1199 624 ἄλλου
1250 567 1453 625 δικαίου
1488 589 1504 646 ;
1562 570 1853 647 γυμνοῦται
1898 574 1974 624 τῶ

2088 574 2265 627 tatem
2301 567 2605 649 [aliquam]
2631 576 2729 629 aut
2781 586 2892 631 suo
2923 571 3236 651 episcopo,
3270 579 3369 633 aut
3402 571 3727 652 territorio,

364 652 531 710 ὄντων
575 655 663 711 καὶ
706 655 1016 731 ἀτιμοῦται.
1063 654 1355 734 Ἐξῄρηται
1386 657 1442 715 δὲ
1496 661 1531 727 ἡ
1576 659 1795 734 Τομὲων
1856 665 2000 715 Σκυ-

361 743 477 805 θίας
521 743 677 808 πόλις
714 760 728 775 ⁸
764 748 792 802 ὁ
822 747 921 825 γὰρ
951 747 1244 809 ἐπίσκοπος
1301 747 1490 822 αὐτῆς,
1525 749 1614 805 καὶ
1656 752 1765 804 τῶν
1796 746 1999 804 λοιπῶν

364 846 586 909 προνοεῖ
622 853 634 866 °
718 835 807 890 καὶ
875 838 910 904 ἡ
996 835 1351 900 Λεοντόπολις
1423 836 1684 913 Ἰσαυρίας
1750 838 1854 893 ὑπὸ
1910 838 2001 892 τὸν

360 922 655 978 ὶπίσκοπόν
700 922 841 980 ἐστιν
898 920 1339 1004 Ἰσαυροπολεως.
1398 926 1522 984 "Ott
1567 925 1739 982 δὲκαὶ
1778 927 1815 994 ἦ
1858 937 1997 984 Κων-

362 1011 853 1096 σταντινουπόλεως
938 1012 1058 1094 ἔχει
1137 1018 1204 1072 τὰ
1281 1016 1542 1094 προνόμια
1603 1016 1700 1084 τῆς
1767 1015 1999 1096 ἀρχαίας

364 1090 607 1175 Ῥώμης,
637 1101 849 1181 εἴρηται
880 1090 1144 1180 καὶ-βιϐλ,
1181 1104 1255 1161 ια’
1288 1090 1380 1162 τοῦ
1412 1090 1681 1179 κῶδ,,τίτ.
1715 1090 1998 1177 καίδιατ.

361 1187 415 1245 α’
447 1191 535 1247 καὶ
566 1191 732 1263 μόνη,
779 1194 845 1248 ’Π
901 1190 956 1248 δὲ
1014 1192 1068 1249 α’
1097 1191 1236 1258 διάτ,
1282 1204 1376 1255 τοῦ
1419 1194 1483 1266 ιζ’
1516 1196 1621 1253 τίτ.
1652 1201 1746 1251 τοῦ
1773 1194 1824 1251 α’
1854 1193 1999 1270 βιὸλ,

357 1285 454 1337 τού
486 1279 648 1356 κώδ,,
692 1282 910 1358 Ῥώμην
944 1282 1110 1352 αὐτὴν
1139 1284 1486 1360 ὀνομάζεσθαι
1520 1281 1692 1363 λέγει.

442 1464 696 1521 ΚΕΦᾹΛ.
747 1458 828 1521 Β⁹.
872 1494 950 1505 —
994 1461 1117 1539 Περὶ
1174 1469 1256 1519 τοῦ
1311 1460 1390 1537 μὴ
1433 1464 1506 1525 ὡς
1549 1460 1743 1542 ἔτυχεν
1787 1459 1995 1530 ἀποδη-

354 1561 487 1622 μεῖν
572 1550 862 1607 ἒπίσκοπον
950 1549 981 1621 ἢ
1066 1549 1327 1630 κληρικὸν
1405 1554 1462 1609 ἓν
1548 1553 1703 1633 ἑτέρᾳ
1792 1549 1995 1631 διάγειν

354 1639 628 1715 παροικίᾳ,

768 1731 1112 1791 Ἀποστόλων
1143 1735 1320 1791 κανὼν
1352 1725 1440 1810 ιδ’,
1488 1734 1580 1798 ιε’,

437 1822 529 1885 ιδ’.
602 1823 927 1882 Ἐπίσκοπον
1013 1826 1091 1901 μὴ
1163 1826 1360 1892 ἐξεῖναι
1432 1826 1831 1902 καταλείψαντα
1890 1828 1990 1896 τὴν

353 1914 543 1969 ἑαυτοῦ
599 1914 904 1993 παροικίαν,
968 1916 1120 1992 ἑτέρᾳ
1178 1913 1469 1990 ἐπιπηδᾷν,
1515 1916 1611 1973 κᾶν
1663 1917 1765 1975 ὑπὸ
1797 1916 1989 1973 πλειὸ-

351 2026 460 2059 νων
523 2002 889 2081 ἀναγκάζηται
927 2023 941 2039 ’
1002 2007 1047 2061 εἰ
1116 2007 1193 2081 μή
1244 2029 1320 2070 τις
1383 2006 1600 2084 εὔλογος
1659 2006 1798 2062 αἰτία
1841 2007 1900 2083 ᾗ,
1953 2008 1987 2074 ἡ

352 2097 510 2151 τοῦτο
561 2095 854 2170 βιαζομένη
911 2098 1068 2155 αὖτὸν
1108 2110 1308 2172 ποιεῖν,
1341 2100 1414 2162 ὡς
1472 2095 1635 2154 πλέον
1695 2118 1745 2151 τι
1805 2094 1986 2174 κέρδος

348 2180 638 2257 δυναμένου
693 2186 851 2241 αὖτοῦ
904 2198 1020 2249 τοῖς
1071 2183 1252 2242 ἐκεῖσε
1304 2186 1451 2264 λόγῳ
1481 2183 1744 2246 εὗσεϐείας
1779 2182 1988 2259 συμϐαι-

346 2271 532 2328 λὲσθαι
566 2289 579 2302 '
616 2275 704 2330 καὶ
755 2276 911 2330 τοῦτο
959 2272 1015 2330 δὲ
1059 2276 1155 2332 οὒκ
1208 2275 1302 2356 ἀφ’
1360 2277 1569 2348 ἑαυτοῦ,
1626 2272 1765 2331 ἀλλὰ
1823 2274 1989 2352 κρίσει

344 2361 565 2419 πολλῶν
588 2361 894 2420 ἐπισκόπων
926 2362 1022 2420 καῖ
1053 2363 1387 2443 παρακλήσει
1417 2365 1672 2444 μεγίστῃ.

430 2451 523 2515 ιε’,
588 2452 654 2510 Εἴ
695 2475 776 2516 τις
834 2450 1211 2532 πρεσϐύτερος,
1271 2454 1306 2522 ἢ
1356 2453 1623 2528 διάκονος,
1658 2453 1695 2522 ἢ
1724 2452 1862 2516 ὅλως
1892 2460 1984 2510 τοῦ

341 2540 649 2619 καταλόγου
732 2546 838 2598 τῶν
910 2541 1209 2620 κληρικῶν,
1282 2541 1579 2618 ἀπαλείψας
1637 2544 1736 2610 τὴν
1795 2542 1983 2601 ἑαυτοῦ

339 2632 650 2709 παροικίαν,
700 2632 774 2696 εἷς
826 2631 1011 2706 ἑτέραν
1057 2631 1300 2708 ἁπέλθοι,
1346 2633 1435 2689 καὶ
1480 2630 1757 2695 παντελῶς
1802 2653 1978 2707 μετα-

334 2723 469 2783 στὰς
521 2718 771 2799 διατρίϐοι
834 2720 888 2776 ἐν
946 2719 1085 2797 ἄλλῃ
1129 2724 1380 2798 παροικίᾳ
1435 2722 1578 2800 παρὰ
1629 2722 1853 2800 γνώμην
1887 2731 1980 2780 τοῦ

332 2809 471 2867 ἰδίου
514 2809 831 2890 ἐπισκόπου,
879 2820 1065 2870 τοῦτον
1127 2811 1417 2885 κελεύομεν
1475 2810 1672 2886 μηκέτι
1734 2809 1977 2890 λειτουρ-

331 2913 459 2977 γεῖν
490 2918 507 2935 ⁸
565 2901 609 2956 εἰ
664 2899 900 2972 μάλιστα
957 2899 1426 2978 προσκαλουμὲνου
1483 2901 1639 2957 αὒτόν
1700 2907 1795 2957 τού
1854 2900 1975 2956 ὲπι-

332 2991 545 3047 σκόπου
600 2993 759 3049 αὐτοῦ
840 2989 1174 3065 ἐπανελθεῖν,
1240 2995 1344 3071 οὐχ
1400 2991 1723 3063 ὑπήκουσεν,
1777 2989 1973 3060 ἐπιμέοη

2085 664 2187 717 ant
2204 656 2322 717 alio
2346 657 2625 736 quopiam
2643 658 2784 737 jure
2810 657 3044 738 privare
3067 659 3283 722 audeat
3311 678 3325 723 :
3351 661 3589 723 exuitur
3610 661 3726 724 bo-

2084 745 2200 815 nis,
2231 753 2288 806 et
2320 745 2559 807 infamis
2584 746 2881 820 redditur,
2902 747 3209 829 Excipitur
3232 757 3429 812 autem
3460 751 3725 814 Tomen-

2083 834 2234 893 sium
2265 835 2520 915 Scythia)
2552 834 2784 899 civitas.
2832 836 3000 899 Illius
3031 839 3192 900 enim
3223 838 3545 920 episcopus
3577 842 3725 905 reli-

2082 940 2334 1011 quarum
2357 924 2532 1011 etiam
2551 921 2899 1003 [civitatum]
2920 943 3123 987 curam
3145 926 3528 1011 gerit.[Tum]
3544 929 3722 995 etiam

2086 1009 2672 1092 Leontopolislsauri
2692 1015 2897 1075 subest
2915 1014 3197 1096 episcopo
3219 1009 3719 1099 Isaumpolitano.

2085 1098 2251 1172 Quod
2307 1119 2483 1180 porro
2539 1100 3092 1183 Constantinopolis
3144 1098 3455 1186 privilegia
3508 1117 3724 1172 veteris

2083 1186 2287 1252 Romae
2320 1190 2557 1271 habeat,
2588 1190 2807 1253 dicitur
2837 1192 2943 1254 lib.
2998 1211 3041 1256 tt
3090 1195 3227 1256 cod.
3263 1195 3355 1256 tit.
3389 1197 3492 1272 91,
3525 1210 3718 1264 const.
3810 1204 3821 1211 ’

2085 1275 2283 1368 unica.
2340 1277 2541 1344 Const.
2608 1298 2746 1342 vero
2799 1284 2825 1342 1
2885 1284 2974 1344 tit.
3015 1286 3111 1359 17,
3144 1282 3252 1346 lib.
3281 1301 3327 1366 ι,
3358 1286 3492 1349 cod.
3526 1286 3720 1368 ipsam

2087 1366 2313 1447 [etiam]
2352 1369 2598 1430 Romam
2631 1371 2927 1433 nominari
2959 1371 3124 1436 dicit.

2162 1456 2348 1546 CAP.
2364 1454 2437 1520 II.
2458 1492 2533 1501 —
2554 1458 2646 1521 Ne
2678 1466 2898 1522 temere
2922 1463 3238 1543 episcopus
3264 1467 3718 1546 peregrinetur,

2078 1562 2273 1626 neque
2300 1545 2560 1610 clericus
2583 1552 2651 1611 in
2679 1550 2889 1613 aliena
2919 1550 3104 1631 degat
3124 1545 3431 1633 paraecia.

2017 1751 2054 1800 Β
2411 1728 2821 1807 Apostolorum
2855 1749 3118 1796 canones
3151 1735 3249 1809 14,
3285 1735 3386 1797 15.

2159 1819 2559 1902 14.Episcopo
2582 1823 2707 1904 (60)
2729 1843 2847 1885 non
2875 1825 3152 1907 licet,sua
3175 1827 3385 1891 relicta
3408 1831 3711 1910 parochia,

2073 1909 2144 1971 ad
2178 1910 2351 1972 aliam
2389 1911 2710 1987 transilire,
2747 1913 2982 1977 etiamsi
3015 1934 3051 1976 a
3084 1916 3359 1998 pluribus
3415 1909 3666 1998 cogatur
3695 1938 3710 1983 :

2074 1999 2187 2059 nisi
2216 2001 2291 2061 sit
2314 2000 2514 2081 aliqua
2535 2019 2717 2062 causa
2741 2003 2958 2064 rationi
2983 2014 3555 2088 consentanea,quae
3577 2026 3714 2069 eum

2075 2097 2242 2168 cogat
2289 2090 2405 2150 hoc
2457 2089 2673 2163 facere,
2720 2098 2925 2168 utpote
2954 2092 3024 2152 ad
3061 2094 3251 2172 majus
3284 2095 3541 2175 lucrum,
3574 2115 3709 2158 cum

2076 2178 2261 2257 possit
2288 2177 2417 2258 ipse
2452 2179 2544 2252 iis,
2581 2178 2681 2259 qui
2743 2178 2868 2240 illic
2926 2179 3222 2258 habitant,
3259 2183 3501 2262 pietatis
3526 2184 3711 2246 verbo

2073 2266 2347 2328 conferre
2382 2284 2398 2330 :
2441 2267 2620 2346 idque
2648 2287 2767 2329 non
2801 2286 2875 2331 ex
2902 2289 2993 2346 se,
3026 2270 3132 2332 sed
3164 2271 3486 2333 multorum
3542 2272 3709 2354 epis-

2072 2372 2356 2436 c0porum
2384 2356 2617 2435 judicio
2643 2368 2701 2417 et
2734 2360 2986 2420 maxima
3015 2359 3451 2425 exhortatione.

2153 2445 2247 2505 15.
2284 2443 2344 2507 Si
2372 2444 2505 2525 quis
2534 2446 2597 2495 74
2626 2447 2956 2528 presbyter,
2991 2449 3082 2511 vel
3109 2448 3424 2520 diaconus.
3456 2451 3551 2513 vel
3585 2470 3712 2513 om-

2065 2534 2206 2596 nino
2258 2553 2327 2597 ex
2385 2535 2742 2598 clericorum
2798 2538 3092 2619 catalogo,
3138 2538 3351 2601 relicta
3387 2554 3493 2602 sua
3523 2557 3709 2621 paro-

2064 2623 2222 2695 chia,
2254 2625 2316 2685 in
2348 2624 2522 2687 aliam
2548 2626 2939 2703 abscesserit,
2975 2636 3034 2689 et
3065 2645 3200 2690 cum
3236 2628 3477 2709 penitus
3511 2637 3706 2691 trans-

2062 2713 2219 2787 ierit,
2284 2722 2500 2793 praeter
2558 2715 2652 2776 sui
2723 2715 2990 2796 episcopi
3050 2716 3410 2780 sententiam
3469 2718 3533 2780 in
3591 2718 3709 2781 alia

2061 2802 2344 2882 parochia
2378 2812 2636 2880 maneat,
2692 2822 2827 2866 eum
2882 2823 3002 2867 non
3050 2807 3338 2886 amplius,
3373 2808 3507 2869 I95
3538 2807 3704 2871 cele-

2061 2890 2566 2974 brarejubemus,
2608 2897 2862 2956 maxime
2893 2900 2967 2969 si,
3008 2913 3147 2956 eum
3178 2895 3535 2960 adhortante
3566 2899 3703 2978 epi-

2057 2999 2243 3057 sc0po
2268 2991 2328 3042 ut
2359 2982 2607 3059 rediret,
2662 3002 2780 3044 non
2817 2984 3109 3064 paruerit,
3144 2984 3205 3046 in
3239 2986 3616 3047 contumacia
3646 2995 3705 3050 et

338 3101 445 3135 νων
514 3081 583 3156 τῇ
644 3076 849 3152 ἀταξία,
910 3081 980 3145 ὡς
1038 3078 1231 3143 λα’ἰκὸς
1292 3079 1474 3155 μέντοι
1534 3078 1710 3135 ἐκεῖσε
1765 3100 1972 3136 κοινω-

2084 3071 2379 3135 nsolentia
2410 3091 2800 3153 perseverans
2838 3091 2852 3137 :
2886 3072 2937 3134 is
2967 3081 3168 3135 tamen
3205 3082 3268 3135 ut
3322 3075 3510 3137 laicus
3539 3093 3705 3137 com-

333 3169 516 3231 νείτω.

706 3260 934 3320 Συνόδου
978 3262 1239 3340 Ἀγκύρας
1287 3262 1462 3318 κανὼν
1496 3260 1594 3329 ιη’.

503 3353 570 3414 Εἴ
598 3378 738 3423 τινες
783 3356 1066 3415 ἐπίσκοποι
1096 3356 1540 3428 κατασταθέντες,
1574 3376 1630 3418 κ.
1663 3376 1715 3414 τ.
1751 3354 1805 3412 λ.

556 3540 781 3603 Συνόδου
811 3541 1149 3621 Ἀντιοχείας
1180 3541 1354 3597 γανὼν
1385 3540 1462 3617 γ’,
1501 3540 1603 3618 ιγ’,
1638 3540 1750 3618 κβ’.

413 3636 488 3715 γ’.
528 3636 595 3696 Εἴ
646 3660 728 3701 τις
796 3633 1174 3713 πρεσϐύτερος,
1208 3634 1244 3703 ἢ
1297 3632 1567 3714 διάκονος,
1600 3635 1637 3702 ἢ
1693 3633 1833 3697 ὅλως
1864 3639 1969 3690 τῶν

326 3734 423 3784 τοῦ
462 3728 740 3804 ἱερατείου,
801 3724 1111 3781 καταλιπὼν
1163 3727 1264 3791 τὴν
1322 3725 1510 3780 ἑαυτοῦ
1554 3725 1834 3801 παροικίαν
1893 3725 1967 3787 είς

328 3816 512 3895 ἑτέραν
541 3815 785 3889 ἀπέλθοι,
817 3813 1003 3871 ἔπειτα
1059 3812 1335 3876 παντελῶς
1393 3814 1686 3886 μεταστὰς,
1721 3815 1796 3877 εἰς
1841 3813 1964 3869 ἑτέ-

326 3928 424 3984 ραν
464 3904 744 3982 παροικίαν
791 3900 1079 3981 διατρίϐειν
1136 3903 1384 3980 πειρᾶται
1427 3901 1514 3958 ἐπὶ
1564 3901 1753 3975 πολλῷ
1782 3903 1964 3982 χρόνῳ

324 3994 523 4071 μηγέτι
578 3993 935 4070 λειτουργεῖν,
997 3994 1042 4048 εί
1098 3991 1334 4067 μάλιστα
1384 3989 1633 4048 καλοῦντι
1703 3998 1780 4065 τῷ
1835 3991 1960 4048 ἐπι-

322 4084 511 4157 σκόπῳ
552 4084 631 4157 τῷ
683 4080 817 4155 ἰδίῳ,
864 4083 955 4138 καὶ
1009 4079 1324 4138 ἐπανελθεῖν
1381 4082 1454 4142 εἷς
1514 4089 1615 4148 τὴν
1682 4082 1962 4159 παροικίαν

318 4174 423 4240 τὴν
481 4173 669 4229 ἑαυτοῦ
736 4176 1105 4250 παραινοῦντι,
1167 4169 1245 4244 μὴ
1301 4171 1560 4227 ὑπακούοι
1594 4189 1608 4202 ·
1670 4171 1715 4226 εὶ
1770 4168 1829 4226 δὲ
1872 4171 1963 4226 καὶ

321 4262 564 4336 ἑπιμένοι
634 4268 704 4338 τῇ
763 4260 969 4336 ἀταξία,
1042 4259 1317 4325 παντελῶς
1375 4260 1534 4315 αὒτὸν
1593 4262 1962 4337 καθαιρεῖσθαι

320 4352 420 4418 τῆς
464 4350 817 4428 λειτουργίας,
851 4352 924 4414 ὣς
969 4349 1165 4424 μηκέτι
1224 4349 1412 4427 χώραν
1467 4346 1620 4428 ἔχειν
1679 4348 1961 4405 ἀποκατα-

2062 3160 2349 3224 municet.

2395 3255 2655 3319 Concilii
2689 3257 2732 3316 A
2748 3258 3006 3336 ncyrani
3032 3274 3230 3320 canon
3255 3258 3353 3321 t8.

2138 3347 2199 3412 Si
2223 3348 2325 3425 qui
2353 3352 2662 3413 constituti
2692 3357 2828 3410 sunt
2873 3351 3169 3432 episcopi,
3206 3360 3349 3427 etc.,
3384 3358 3454 3415 ut
3475 3370 3697 3435 supra,

2051 3455 2200 3519 pag.
2235 3437 2375 3502 506.

2177 3530 2437 3594 Concilii
2465 3529 2901 3595 Antiochensis
2950 3543 3215 3609 canones
3245 3532 3305 3606 3,
3343 3534 3441 3606 13,
3472 3532 3574 3596 22.

2131 3625 2193 3689 3.
2227 3624 2287 3688 Si
2344 3624 2479 3706 quis
2537 3623 2868 3704 presbyter,
2932 3624 3020 3686 vel
3069 3626 3380 3701 diaconus,
3416 3627 3507 3689 vel
3559 3629 3697 3709 quis

2052 3715 2297 3777 omnino
2357 3733 2425 3777 ex
2458 3713 2817 3776 sacerdotali
2876 3715 3092 3776 ordine
3143 3715 3355 3777 relicta
3385 3734 3491 3778 sua
3521 3736 3691 3797 paro—

2048 3803 2182 3865 chia
2214 3803 2271 3864 in
2324 3802 2502 3866 aliam
2556 3802 2791 3875 abierit,
2850 3802 3073 3864 deinde
3130 3802 3377 3865 omnino
3430 3807 3691 3867 commi-

2046 3911 2246 3971 grans,
2296 3892 2358 3953 in
2419 3892 2535 3953 alia
2590 3892 2870 3972 parochia
2923 3892 3099 3971 longo
3163 3899 3435 3972 tempore
3467 3899 3689 3958 versari

2045 3991 2317 4055 conetur,
2353 4000 2428 4042 ne
2459 3981 2717 4061 amplius
2750 3979 3040 4061 celebret,
3076 3982 3333 4042 maxime
3363 3983 3412 4043 si
3444 3983 3689 4064 proprio

2046 4071 2281 4133 vocanti
2335 4071 2617 4151 episcopo
2652 4077 2714 4130 ut
2763 4070 2827 4130 in
2873 4088 3039 4131 suam
3076 4069 3419 4151 parochiam
3452 4071 3685 4148 redeat,

2049 4161 2504 4240 exhortantique
2538 4178 2657 4219 non
2692 4166 2916 4237 pareat.
2964 4157 3026 4221 Si
3076 4168 3276 4220 autem
3332 4161 3388 4222 in
3424 4160 3690 4223 insolen-

2050 4250 2128 4311 tia
2153 4249 2413 4330 (ἀταξίᾳ),
2440 4259 2806 4330 perseverat,
2844 4248 2894 4310 is
2929 4247 3176 4309 omnino
3209 4266 3244 4309 a
3271 4266 3439 4311 sacro
3473 4251 3684 4313 minis-

2048 4339 2197 4403 terio
2228 4339 2583 4420 deponatur.
2611 4338 2674 4399 Si
2695 4347 2895 4401 autem
2930 4356 3093 4413 eum,
3130 4337 3234 4419 qui
3262 4346 3503 4419 propter
3533 4339 3688 4403 hanc

321 4441 562 4504 στάσεως
597 4481 616 4500 .
676 4427 720 4496 εἴ
771 4438 826 4495 δὲ
875 4438 1249 4515 καθαιρεθέντι
1304 4435 1387 4493 διὰ
1418 4437 1617 4505 ταύτην
1647 4438 1746 4505 τὴν
1791 4438 1962 4495 αἰτίαν

2085 4447 2286 4491 ausam
2323 4428 2632 4507 depositus
2675 4437 2784 4501 est,
2828 4427 2982 4489 alius
3016 4427 3332 4509 episcopus
3361 4429 3684 4511 receperit,

320 4528 540 4609 δέχοιτο
596 4529 776 4608 ἕτερος
832 4529 1148 4606 ἐπίσκοπος,
1212 4527 1466 4583 κάκεῖνον
1517 4525 1786 4601 ἐπιτιμίας
1831 4548 1960 4604 τυγ..

319 4620 512 4699 χάνειν
586 4620 690 4675 ὑπὸ
775 4623 959 4685 κοινῆς
1024 4614 1262 4691 συνόδου,
1321 4617 1394 4678 ὡς
1452 4612 1788 4693 παραλύοντα
1839 4617 1962 4682 τοὺς

318 4710 545 4783 θεσμοὺς
580 4709 700 4773 τοὺς
731 4706 1227 4775 ἒκκλησιαστικούς.

402 4798 499 4873 ιγ’.
550 4797 766 4864 Μηδένα
794 4797 1087 4855 ἐπίσκοπον
1119 4793 1346 4875 τολμᾷν,
1382 4816 1438 4854 κ.
1476 4816 1529 4855 τ.
1563 4792 1617 4856 λ,

398 4887 511 4964 ιβ’.
589 4888 917 4947 Ἐπίσκοπον
976 4886 1054 4963 μὴ
1114 4881 1400 4941 ἐπιϐαίνειν
1469 4880 1721 4961 ἀλλοτρία
1773 4881 1953 4964 πόλει,

313 5000 373 5041 κ,
408 5000 465 5041 τ,
498 4977 553 5040 λ,

586 5066 815 5126 Συνόδου
857 5065 1164 5132 Λαοδικείας
1194 5066 1370 5123 κανὼν
1400 5062 1519 5141 μα’,
1554 5065 1671 5142 μβ’.

393 5163 515 5238 μα’.
562 5162 686 5221 ’Ότι
733 5161 792 5218 οὒ
821 5159 905 5219 δεῖ
932 5161 1198 5237 ἱερατικὸν
1224 5160 1261 5227 ἦ
1305 5157 1588 5236 κληρικὸν,
1631 5158 1756 5218 ἄνευ
1787 5180 1950 5215 κανο-

310 5259 476 5311 νικῶν
506 5250 839 5331 γραμμάτων
869 5249 1090 5311 ὁδεύειν,

2047 4519 2149 4580 ille
2179 4535 2415 4597 quoque
2446 4536 2479 4578 a
2534 4521 2839 4578 communi
2893 4516 3116 4597 synodo
3151 4516 3452 4597 puniatur,
3489 4527 3552 4580 ut
3581 4518 3686 4599 qui

2045 4607 2195 4669 ritus
2227 4604 2667 4669 ecclesiasticos
2689 4604 2997 4668 dissolvat.

2124 4783 2227 4847 13.
2260 4782 2476 4847 Nullus
2505 4784 2824 4864 episcopus
2854 4780 3094 4859 audeat,
3116 4764 3262 4855 etc.,
3287 4789 3357 4843 ut
3382 4781 3677 4861 pag.475.

2120 4873 2220 4936 Ἠ.
2257 4871 2590 4953 Episcopus
2643 4871 2704 4933 in
2763 4871 3017 4933 alienam
3074 4868 3397 4948 civitatem,
3438 4876 3586 4945 etc.,
3616 4875 3681 4933 ut

2038 4982 2183 5045 pag.
2217 4963 2358 5025 478.

2192 5058 2325 5120 194
2358 5055 2623 5119 Conciliz‘
2646 5054 2969 5118 Laudiceni
2996 5068 3254 5117 canones
3283 5053 3382 5129 41,
3416 5052 3520 5116 42.

2117 5155 2215 5217 41.
2254 5151 2423 5226 Quod
2456 5169 2573 5212 non
2606 5157 2840 5231 oportet
2870 5166 3007 5210 eum
3039 5147 3143 5229 qui
3172 5156 3263 5211 est
3292 5156 3558 5212 sacratus
3587 5151 3678 5213 vel

2037 5242 2296 5307 clericus
2326 5240 2458 5302 sine
2491 5238 2797 5300 canonicis
2829 5235 3047 5299 litteris
3080 5236 3193 5300 iter
3220 5237 3480 5316 ingredi.

391 5432 454 5482 Ἠ
483 5430 615 5495 Nic.
648 5448 781 5493 can.
814 5428 912 5504 16,
947 5428 1229 5493 Antioch.
1265 5446 1398 5492 can.
1431 5426 1491 5489 3.
1527 5461 1592 5472 -
1621 5424 1772 5486 Vide
1804 5424 1909 5486 lib.
1943 5428 2002 5502 3,
2038 5424 2126 5486 De
2153 5422 2282 5486 vita
2314 5419 2731 5495 Constantini,
2765 5436 2896 5499 cap.
2928 5418 3027 5493 6|,
3061 5416 3204 5480 edit.
3237 5416 3595 5481 Valesianae.

394 5541 519 5618 (60)
556 5539 829 5621 Citantur
857 5535 1229 5621 Constantini
1261 5535 1448 5621 epist;
1471 5532 1531 5612 2,
1580 5533 1654 5596 ad
1684 5531 1908 5601 Euseb.
1945 5539 2005 5595 et
2030 5529 2313 5603 Antioch.
2348 5528 2662 5621 episcopos
2691 5526 2956 5608 scriptae.
2988 5524 3234 5590 Exstant
3261 5524 3420 5607 apud
3450 5524 3668 5589 Euseb.

311 5615 411 5685 De
431 5615 558 5686 vita
588 5619 910 5683 Constant.
942 5615 1051 5681 lib.
1080 5633 1169 5697 In,
1204 5633 1336 5700 cap.
1370 5616 1471 5681 57.
