  <div class='ocr_page' id='page_1' title='image "/cluster/home/n/w/nwhite01/storage/ocr_20150623/104/hvd.32044073502163/349.png"; bbox 0 0 4004 6230; ppageno 0'>
   <div class='ocr_carea' id='block_1_1' title="bbox 491 318 608 386">
    <p class='ocr_par' dir='ltr' id='par_1_1' title="bbox 491 318 608 386">
     <span class='ocr_line' id='line_1_1' title="bbox 491 318 608 386; baseline -0.009 0"><span class='ocrx_word' id='word_1_1' title='bbox 491 318 608 386; x_wconf 87' lang='grc'>659</span> 
     </span>
    </p>
   </div>
   <div class='ocr_carea' id='block_1_2' title="bbox 1668 315 2674 383">
    <p class='ocr_par' dir='ltr' id='par_1_2' title="bbox 1668 315 2674 383">
     <span class='ocr_line' id='line_1_2' title="bbox 1668 315 2674 383; baseline 0.002 -3"><span class='ocrx_word' id='word_1_2' title='bbox 1668 317 1934 382; x_wconf 87' lang='grc' dir='ltr'><strong>ΡΗΟΤΙΙ</strong></span> <span class='ocrx_word' id='word_1_3' title='bbox 1989 315 2508 383; x_wconf 70' lang='grc' dir='ltr'><strong>ΡΑΤΒΙΑΗΟΗᾸΒ</strong></span> <span class='ocrx_word' id='word_1_4' title='bbox 2559 320 2674 382; x_wconf 81' lang='lat' dir='ltr'><strong>GP.</strong></span> 
     </span>
    </p>
   </div>
   <div class='ocr_carea' id='block_1_3' title="bbox 3667 319 3755 386">
    <p class='ocr_par' dir='ltr' id='par_1_3' title="bbox 3667 319 3755 386">
     <span class='ocr_line' id='line_1_3' title="bbox 3667 319 3755 386; baseline 0 0"><span class='ocrx_word' id='word_1_5' title='bbox 3667 319 3755 386; x_wconf 84' lang='lat'><strong>660</strong></span> 
     </span>
    </p>
   </div>
   <div class='ocr_carea' id='block_1_4' title="bbox 569 457 2128 540">
    <p class='ocr_par' dir='ltr' id='par_1_4' title="bbox 569 457 2128 539">
     <span class='ocr_line' id='line_1_4' title="bbox 569 457 2128 539; baseline 0.001 -19"><span class='ocrx_word' id='word_1_6' title='bbox 569 462 674 524; x_wconf 62' lang='grc' dir='ltr'><strong>Ω.</strong></span> <span class='ocrx_word' id='word_1_7' title='bbox 711 457 880 534; x_wconf 87' lang='lat' dir='ltr'><strong>Quod</strong></span> <span class='ocrx_word' id='word_1_8' title='bbox 911 477 1033 520; x_wconf 91' lang='lat' dir='ltr'><strong>non</strong></span> <span class='ocrx_word' id='word_1_9' title='bbox 1065 463 1299 539; x_wconf 94' lang='lat' dir='ltr'><strong>oportet</strong></span> <span class='ocrx_word' id='word_1_10' title='bbox 1329 475 1433 520; x_wconf 90' lang='lat' dir='ltr'><strong>eos</strong></span> <span class='ocrx_word' id='word_1_11' title='bbox 1487 459 1591 539; x_wconf 89' lang='lat' dir='ltr'><strong>qui</strong></span> <span class='ocrx_word' id='word_1_12' title='bbox 1626 465 1765 519; x_wconf 89' lang='lat' dir='ltr'><strong>sunt</strong></span> <span class='ocrx_word' id='word_1_13' title='bbox 1793 459 2005 520; x_wconf 83' lang='lat' dir='ltr'><strong>sacrati</strong></span> <span class='ocrx_word' id='word_1_14' title='bbox 2039 459 2128 521; x_wconf 90' lang='lat' dir='ltr'><strong>vel</strong></span> 
     </span>
    </p>
   </div>
   <div class='ocr_carea' id='block_1_5' title="bbox 2221 457 3760 540">
    <p class='ocr_par' dir='ltr' id='par_1_5' title="bbox 2294 458 3760 540">
     <span class='ocr_line' id='line_1_5' title="bbox 2294 458 3760 540; baseline -0.001 -22"><span class='ocrx_word' id='word_1_15' title='bbox 2294 460 2387 538; x_wconf 86' lang='grc' dir='ltr'>μβ’</span> <span class='ocrx_word' id='word_1_16' title='bbox 2430 460 2554 518; x_wconf 79' lang='grc' dir='ltr'>Ὅτι</span> <span class='ocrx_word' id='word_1_17' title='bbox 2589 460 2649 516; x_wconf 77' lang='grc' dir='ltr'><strong>ού</strong></span> <span class='ocrx_word' id='word_1_18' title='bbox 2681 459 2765 518; x_wconf 91' lang='grc' dir='ltr'><strong>δεῖ</strong></span> <span class='ocrx_word' id='word_1_19' title='bbox 2792 461 3056 538; x_wconf 74' lang='grc' dir='ltr'>ἱερατικὸν</span> <span class='ocrx_word' id='word_1_20' title='bbox 3085 460 3121 528; x_wconf 73' lang='grc' dir='ltr'>ἢ</span> <span class='ocrx_word' id='word_1_21' title='bbox 3165 458 3439 540; x_wconf 81' lang='grc' dir='ltr'>κληρικὸν,</span> <span class='ocrx_word' id='word_1_22' title='bbox 3477 460 3580 517; x_wconf 78' lang='grc' dir='ltr'>ἄνευ</span> <span class='ocrx_word' id='word_1_23' title='bbox 3617 460 3760 517; x_wconf 77' lang='grc' dir='ltr'>κελεύ-</span> 
     </span>
    </p>
   </div>
   <div class='ocr_carea' id='block_1_6' title="bbox 491 547 1818 630">
    <p class='ocr_par' dir='ltr' id='par_1_6' title="bbox 491 547 1818 630">
     <span class='ocr_line' id='line_1_6' title="bbox 491 547 1818 630; baseline -0.005 -17"><span class='ocrx_word' id='word_1_24' title='bbox 491 550 718 630; x_wconf 88' lang='lat' dir='ltr'><strong>clerici,</strong></span> <span class='ocrx_word' id='word_1_25' title='bbox 755 549 1078 630; x_wconf 88' lang='lat' dir='ltr'><strong>sinejussu</strong></span> <span class='ocrx_word' id='word_1_26' title='bbox 1109 548 1377 628; x_wconf 86' lang='lat' dir='ltr'><strong>episcopi</strong></span> <span class='ocrx_word' id='word_1_27' title='bbox 1412 547 1528 608; x_wconf 92' lang='lat' dir='ltr'><strong>iter</strong></span> <span class='ocrx_word' id='word_1_28' title='bbox 1557 547 1818 626; x_wconf 83' lang='lat' dir='ltr'><strong>ingredi.</strong></span> 
     </span>
    </p>
   </div>
   <div class='ocr_carea' id='block_1_7' title="bbox 667 636 1958 718">
    <p class='ocr_par' dir='ltr' id='par_1_7' title="bbox 667 636 1958 718">
     <span class='ocr_line' id='line_1_7' title="bbox 667 636 1958 718; baseline -0.005 -16"><span class='ocrx_word' id='word_1_29' title='bbox 667 639 930 702; x_wconf 79' lang='lat' dir='ltr'><strong>Concilii</strong></span> <span class='ocrx_word' id='word_1_30' title='bbox 961 637 1642 718; x_wconf 73' lang='lat' dir='ltr'><strong>Constantinopolitani</strong></span> <span class='ocrx_word' id='word_1_31' title='bbox 1671 654 1867 699; x_wconf 87' lang='lat' dir='ltr'><strong>canon</strong></span> <span class='ocrx_word' id='word_1_32' title='bbox 1897 636 1958 697; x_wconf 75' lang='lat'><strong>2.</strong></span> 
     </span>
    </p>
   </div>
   <div class='ocr_carea' id='block_1_8' title="bbox 571 725 2131 810">
    <p class='ocr_par' dir='ltr' id='par_1_8' title="bbox 571 725 2131 810">
     <span class='ocr_line' id='line_1_8' title="bbox 571 725 2131 810; baseline -0.002 -19"><span class='ocrx_word' id='word_1_33' title='bbox 571 730 632 792; x_wconf 79' lang='lat'><strong>2.</strong></span> <span class='ocrx_word' id='word_1_34' title='bbox 664 728 947 810; x_wconf 87' lang='lat' dir='ltr'><strong>Episcopi</strong></span> <span class='ocrx_word' id='word_1_35' title='bbox 997 727 1069 790; x_wconf 84' lang='lat' dir='ltr'><strong>ad</strong></span> <span class='ocrx_word' id='word_1_36' title='bbox 1108 725 1411 789; x_wconf 87' lang='lat' dir='ltr'><strong>Ecclesias</strong></span> <span class='ocrx_word' id='word_1_37' title='bbox 1443 745 1575 808; x_wconf 73' lang='lat' dir='ltr'><strong>quae</strong></span> <span class='ocrx_word' id='word_1_38' title='bbox 1605 733 1744 788; x_wconf 91' lang='lat' dir='ltr'><strong>sunt</strong></span> <span class='ocrx_word' id='word_1_39' title='bbox 1773 725 1934 788; x_wconf 87' lang='lat' dir='ltr'><strong>ultra</strong></span> <span class='ocrx_word' id='word_1_40' title='bbox 1965 745 2131 791; x_wconf 86' lang='lat' dir='ltr'><strong>suam</strong></span> 
     </span>
    </p>
   </div>
   <div class='ocr_carea' id='block_1_9' title="bbox 491 815 1665 897">
    <p class='ocr_par' dir='ltr' id='par_1_9' title="bbox 491 815 1665 897">
     <span class='ocr_line' id='line_1_9' title="bbox 491 815 1665 897; baseline -0.001 -16"><span class='ocrx_word' id='word_1_41' title='bbox 491 819 825 894; x_wconf 70' lang='lat' dir='ltr'><strong>dimcesim,</strong></span> <span class='ocrx_word' id='word_1_42' title='bbox 861 825 1007 892; x_wconf 88' lang='lat' dir='ltr'><strong>etc.,</strong></span> <span class='ocrx_word' id='word_1_43' title='bbox 1040 823 1109 880; x_wconf 81' lang='lat' dir='ltr'><strong>ut</strong></span> <span class='ocrx_word' id='word_1_44' title='bbox 1138 833 1330 897; x_wconf 83' lang='lat' dir='ltr'><strong>supra</strong></span> <span class='ocrx_word' id='word_1_45' title='bbox 1358 833 1498 897; x_wconf 83' lang='lat' dir='ltr'><strong>pag.</strong></span> <span class='ocrx_word' id='word_1_46' title='bbox 1523 815 1665 880; x_wconf 81' lang='lat'><strong>4&#39;70.</strong></span> 
     </span>
    </p>
   </div>
   <div class='ocr_carea' id='block_1_10' title="bbox 621 905 2002 983">
    <p class='ocr_par' dir='ltr' id='par_1_10' title="bbox 621 905 2002 983">
     <span class='ocr_line' id='line_1_10' title="bbox 621 905 2002 983; baseline -0.003 -12"><span class='ocrx_word' id='word_1_47' title='bbox 621 907 884 971; x_wconf 60' lang='grc' dir='ltr'><strong>ϐοηθειίί</strong></span> <span class='ocrx_word' id='word_1_48' title='bbox 932 907 1445 970; x_wconf 70' lang='lat' dir='ltr'><strong>Chalcedonensis</strong></span> <span class='ocrx_word' id='word_1_49' title='bbox 1481 922 1740 969; x_wconf 84' lang='lat' dir='ltr'><strong>canones</strong></span> <span class='ocrx_word' id='word_1_50' title='bbox 1771 905 1868 983; x_wconf 88' lang='grc'><strong>13,</strong></span> <span class='ocrx_word' id='word_1_51' title='bbox 1902 906 2002 968; x_wconf 65' lang='grc'><strong>23.</strong></span> 
     </span>
    </p>
   </div>
   <div class='ocr_carea' id='block_1_11' title="bbox 572 994 2133 1074">
    <p class='ocr_par' dir='ltr' id='par_1_11' title="bbox 572 994 2133 1074">
     <span class='ocr_line' id='line_1_11' title="bbox 572 994 2133 1074; baseline -0.003 -14"><span class='ocrx_word' id='word_1_52' title='bbox 572 998 672 1060; x_wconf 86' lang='grc'><strong>13.</strong></span> <span class='ocrx_word' id='word_1_53' title='bbox 706 999 1002 1060; x_wconf 86' lang='lat' dir='ltr'><strong>Externos</strong></span> <span class='ocrx_word' id='word_1_54' title='bbox 1031 997 1288 1058; x_wconf 85' lang='lat' dir='ltr'><strong>clericos</strong></span> <span class='ocrx_word' id='word_1_55' title='bbox 1309 996 1373 1047; x_wconf 80' lang='lat'><strong>75</strong></span> <span class='ocrx_word' id='word_1_56' title='bbox 1389 1003 1450 1057; x_wconf 87' lang='lat' dir='ltr'><strong>et</strong></span> <span class='ocrx_word' id='word_1_57' title='bbox 1482 995 1716 1074; x_wconf 91' lang='lat' dir='ltr'><strong>ignotos</strong></span> <span class='ocrx_word' id='word_1_58' title='bbox 1749 997 1808 1056; x_wconf 93' lang='lat' dir='ltr'><strong>in</strong></span> <span class='ocrx_word' id='word_1_59' title='bbox 1842 995 1958 1057; x_wconf 88' lang='lat' dir='ltr'><strong>alia</strong></span> <span class='ocrx_word' id='word_1_60' title='bbox 1979 994 2133 1058; x_wconf 91' lang='lat' dir='ltr'><strong>civi-</strong></span> 
     </span>
    </p>
   </div>
   <div class='ocr_carea' id='block_1_12' title="bbox 493 1084 2134 1167">
    <p class='ocr_par' dir='ltr' id='par_1_12' title="bbox 493 1084 2134 1167">
     <span class='ocr_line' id='line_1_12' title="bbox 493 1084 2134 1167; baseline -0.001 -19"><span class='ocrx_word' id='word_1_61' title='bbox 493 1094 612 1150; x_wconf 85' lang='lat' dir='ltr'><strong>tate</strong></span> <span class='ocrx_word' id='word_1_62' title='bbox 642 1086 773 1148; x_wconf 87' lang='lat' dir='ltr'><strong>sine</strong></span> <span class='ocrx_word' id='word_1_63' title='bbox 806 1085 1031 1167; x_wconf 86' lang='lat' dir='ltr'><strong>proprii</strong></span> <span class='ocrx_word' id='word_1_64' title='bbox 1069 1085 1337 1166; x_wconf 88' lang='lat' dir='ltr'><strong>episcopi</strong></span> <span class='ocrx_word' id='word_1_65' title='bbox 1371 1084 1882 1147; x_wconf 84' lang='lat' dir='ltr'><strong>commendatitiis</strong></span> <span class='ocrx_word' id='word_1_66' title='bbox 1911 1085 2134 1147; x_wconf 90' lang='lat' dir='ltr'><strong>litteris</strong></span> 
     </span>
    </p>
   </div>
   <div class='ocr_carea' id='block_1_13' title="bbox 494 1175 1556 1258">
    <p class='ocr_par' dir='ltr' id='par_1_13' title="bbox 494 1175 1556 1258">
     <span class='ocr_line' id='line_1_13' title="bbox 494 1175 1556 1258; baseline -0.005 -20"><span class='ocrx_word' id='word_1_67' title='bbox 494 1195 790 1258; x_wconf 88' lang='lat' dir='ltr'><strong>nusquam</strong></span> <span class='ocrx_word' id='word_1_68' title='bbox 826 1176 946 1238; x_wconf 90' lang='lat' dir='ltr'><strong>ullo</strong></span> <span class='ocrx_word' id='word_1_69' title='bbox 980 1177 1157 1238; x_wconf 93' lang='lat' dir='ltr'><strong>modo</strong></span> <span class='ocrx_word' id='word_1_70' title='bbox 1185 1175 1556 1237; x_wconf 89' lang='lat' dir='ltr'><strong>ministrare.</strong></span> 
     </span>
    </p>
   </div>
   <div class='ocr_carea' id='block_1_14' title="bbox 573 1264 2134 1345">
    <p class='ocr_par' dir='ltr' id='par_1_14' title="bbox 573 1264 2134 1345">
     <span class='ocr_line' id='line_1_14' title="bbox 573 1264 2134 1345; baseline -0.004 -14"><span class='ocrx_word' id='word_1_71' title='bbox 573 1268 676 1331; x_wconf 77' lang='lat'><strong>23.</strong></span> <span class='ocrx_word' id='word_1_72' title='bbox 711 1266 992 1328; x_wconf 87' lang='lat' dir='ltr'><strong>Pervenit</strong></span> <span class='ocrx_word' id='word_1_73' title='bbox 1015 1265 1089 1327; x_wconf 89' lang='lat' dir='ltr'><strong>ad</strong></span> <span class='ocrx_word' id='word_1_74' title='bbox 1119 1284 1298 1328; x_wconf 86' lang='lat' dir='ltr'><strong>aures</strong></span> <span class='ocrx_word' id='word_1_75' title='bbox 1331 1271 1590 1338; x_wconf 90' lang='lat' dir='ltr'><strong>nostras,</strong></span> <span class='ocrx_word' id='word_1_76' title='bbox 1618 1264 1774 1345; x_wconf 90' lang='lat' dir='ltr'><strong>quod</strong></span> <span class='ocrx_word' id='word_1_77' title='bbox 1802 1265 1862 1326; x_wconf 93' lang='lat' dir='ltr'><strong>in</strong></span> <span class='ocrx_word' id='word_1_78' title='bbox 1899 1264 2134 1344; x_wconf 88' lang='lat' dir='ltr'><strong>provin-</strong></span> 
     </span>
    </p>
   </div>
   <div class='ocr_carea' id='block_1_15' title="bbox 493 1353 2133 1435">
    <p class='ocr_par' dir='ltr' id='par_1_15' title="bbox 493 1353 2133 1435">
     <span class='ocr_line' id='line_1_15' title="bbox 493 1353 2133 1435; baseline -0.002 -17"><span class='ocrx_word' id='word_1_79' title='bbox 493 1357 628 1430; x_wconf 90' lang='lat' dir='ltr'><strong>ciis,</strong></span> <span class='ocrx_word' id='word_1_80' title='bbox 663 1355 1000 1418; x_wconf 86' lang='lat' dir='ltr'><strong>eanonibus</strong></span> <span class='ocrx_word' id='word_1_81' title='bbox 1031 1356 1372 1418; x_wconf 73' lang='lat' dir='ltr'><strong>constitutae</strong></span> <span class='ocrx_word' id='word_1_82' title='bbox 1401 1353 1752 1435; x_wconf 81' lang='lat' dir='ltr'><strong>episcOpum</strong></span> <span class='ocrx_word' id='word_1_83' title='bbox 1777 1354 1990 1435; x_wconf 84' lang='lat' dir='ltr'><strong>synodi</strong></span> <span class='ocrx_word' id='word_1_84' title='bbox 2015 1373 2133 1414; x_wconf 89' lang='lat' dir='ltr'><strong>non</strong></span> 
     </span>
    </p>
   </div>
   <div class='ocr_carea' id='block_1_16' title="bbox 492 1443 2135 1524">
    <p class='ocr_par' dir='ltr' id='par_1_16' title="bbox 492 1443 2135 1524">
     <span class='ocr_line' id='line_1_16' title="bbox 492 1443 2135 1524; baseline -0.004 -14"><span class='ocrx_word' id='word_1_85' title='bbox 492 1448 727 1522; x_wconf 84' lang='lat' dir='ltr'><strong>ﬁant,et</strong></span> <span class='ocrx_word' id='word_1_86' title='bbox 755 1466 828 1510; x_wconf 84' lang='lat' dir='ltr'><strong>ex</strong></span> <span class='ocrx_word' id='word_1_87' title='bbox 856 1465 926 1510; x_wconf 91' lang='lat' dir='ltr'><strong>eo</strong></span> <span class='ocrx_word' id='word_1_88' title='bbox 961 1446 1149 1507; x_wconf 90' lang='lat' dir='ltr'><strong>multa</strong></span> <span class='ocrx_word' id='word_1_89' title='bbox 1177 1443 1584 1509; x_wconf 86' lang='lat' dir='ltr'><strong>ecclesiastica</strong></span> <span class='ocrx_word' id='word_1_90' title='bbox 1608 1443 1980 1522; x_wconf 84' lang='lat' dir='ltr'><strong>negligantur</strong></span> <span class='ocrx_word' id='word_1_91' title='bbox 2003 1462 2135 1524; x_wconf 64' lang='lat' dir='ltr'><strong>quae</strong></span> 
     </span>
    </p>
   </div>
   <div class='ocr_carea' id='block_1_17' title="bbox 493 1532 2136 1614">
    <p class='ocr_par' dir='ltr' id='par_1_17' title="bbox 493 1532 2136 1614">
     <span class='ocr_line' id='line_1_17' title="bbox 493 1532 2136 1614; baseline -0.002 -17"><span class='ocrx_word' id='word_1_92' title='bbox 493 1536 870 1598; x_wconf 83' lang='lat' dir='ltr'><strong>correctione</strong></span> <span class='ocrx_word' id='word_1_93' title='bbox 904 1534 1198 1614; x_wconf 82' lang='lat' dir='ltr'><strong>indigent.</strong></span> <span class='ocrx_word' id='word_1_94' title='bbox 1225 1533 1443 1599; x_wconf 87' lang='lat' dir='ltr'><strong>Statuit</strong></span> <span class='ocrx_word' id='word_1_95' title='bbox 1475 1550 1619 1612; x_wconf 90' lang='lat' dir='ltr'><strong>ergo</strong></span> <span class='ocrx_word' id='word_1_96' title='bbox 1651 1542 1855 1596; x_wconf 87' lang='lat' dir='ltr'><strong>sancta</strong></span> <span class='ocrx_word' id='word_1_97' title='bbox 1875 1532 2136 1614; x_wconf 80' lang='lat' dir='ltr'><strong>synodus</strong></span> 
     </span>
    </p>
   </div>
   <div class='ocr_carea' id='block_1_18' title="bbox 493 1621 2134 1698">
    <p class='ocr_par' dir='ltr' id='par_1_18' title="bbox 493 1621 2134 1698">
     <span class='ocr_line' id='line_1_18' title="bbox 493 1621 2134 1698; baseline -0.002 -12"><span class='ocrx_word' id='word_1_98' title='bbox 493 1625 828 1688; x_wconf 89' lang='lat' dir='ltr'><strong>secundum</strong></span> <span class='ocrx_word' id='word_1_99' title='bbox 859 1633 1206 1687; x_wconf 89' lang='lat' dir='ltr'><strong>sanctorum</strong></span> <span class='ocrx_word' id='word_1_100' title='bbox 1256 1623 1498 1686; x_wconf 83' lang='lat' dir='ltr'><strong>Patrum</strong></span> <span class='ocrx_word' id='word_1_101' title='bbox 1533 1640 1820 1698; x_wconf 84' lang='lat' dir='ltr'><strong>canones,</strong></span> <span class='ocrx_word' id='word_1_102' title='bbox 1857 1629 1920 1684; x_wconf 90' lang='lat' dir='ltr'><strong>ut</strong></span> <span class='ocrx_word' id='word_1_103' title='bbox 1950 1621 2043 1684; x_wconf 88' lang='lat' dir='ltr'><strong>bis</strong></span> <span class='ocrx_word' id='word_1_104' title='bbox 2073 1622 2134 1683; x_wconf 93' lang='lat' dir='ltr'><strong>in</strong></span> 
     </span>
    </p>
   </div>
   <div class='ocr_carea' id='block_1_19' title="bbox 493 1712 2135 1793">
    <p class='ocr_par' dir='ltr' id='par_1_19' title="bbox 493 1712 2135 1793">
     <span class='ocr_line' id='line_1_19' title="bbox 493 1712 2135 1793; baseline -0.002 -17"><span class='ocrx_word' id='word_1_105' title='bbox 493 1732 650 1776; x_wconf 91' lang='lat' dir='ltr'><strong>anno</strong></span> <span class='ocrx_word' id='word_1_106' title='bbox 671 1714 950 1777; x_wconf 89' lang='lat' dir='ltr'><strong>eumdem</strong></span> <span class='ocrx_word' id='word_1_107' title='bbox 969 1714 1031 1776; x_wconf 93' lang='lat' dir='ltr'><strong>in</strong></span> <span class='ocrx_word' id='word_1_108' title='bbox 1054 1716 1255 1777; x_wconf 89' lang='lat' dir='ltr'><strong>locum</strong></span> <span class='ocrx_word' id='word_1_109' title='bbox 1279 1713 1640 1776; x_wconf 79' lang='lat' dir='ltr'><strong>conveniant</strong></span> <span class='ocrx_word' id='word_1_110' title='bbox 1660 1712 2135 1793; x_wconf 81' lang='lat' dir='ltr'><strong>uniuscujusque</strong></span> 
     </span>
    </p>
   </div>
   <div class='ocr_carea' id='block_1_20' title="bbox 2213 551 2921 615">
    <p class='ocr_par' dir='ltr' id='par_1_20' title="bbox 2213 551 2921 615">
     <span class='ocr_line' id='line_1_20' title="bbox 2213 551 2921 615; baseline -0.003 -8"><span class='ocrx_word' id='word_1_111' title='bbox 2213 571 2350 614; x_wconf 85' lang='grc' dir='ltr'>σεως</span> <span class='ocrx_word' id='word_1_112' title='bbox 2382 551 2675 609; x_wconf 83' lang='grc' dir='ltr'>ἐπισκόπου</span> <span class='ocrx_word' id='word_1_113' title='bbox 2703 551 2921 615; x_wconf 80' lang='grc' dir='ltr'>ὁδεύειν,</span> 
     </span>
    </p>
   </div>
   <div class='ocr_carea' id='block_1_21' title="bbox 2417 639 3610 719">
    <p class='ocr_par' dir='ltr' id='par_1_21' title="bbox 2417 639 3610 719">
     <span class='ocr_line' id='line_1_21' title="bbox 2417 639 3610 719; baseline 0.002 -25"><span class='ocrx_word' id='word_1_114' title='bbox 2417 639 2642 698; x_wconf 90' lang='grc' dir='ltr'>Συνόδου</span> <span class='ocrx_word' id='word_1_115' title='bbox 2691 641 3304 706; x_wconf 83' lang='grc' dir='ltr'>Κωνσταντινουπόλεως</span> <span class='ocrx_word' id='word_1_116' title='bbox 3350 644 3512 700; x_wconf 83' lang='grc' dir='ltr'>κανὼν</span> <span class='ocrx_word' id='word_1_117' title='bbox 3547 642 3610 719; x_wconf 83' lang='grc' dir='ltr'>β’,</span> 
     </span>
    </p>
   </div>
   <div class='ocr_carea' id='block_1_22' title="bbox 2294 719 3608 813">
    <p class='ocr_par' dir='ltr' id='par_1_22' title="bbox 2294 719 3608 813">
     <span class='ocr_line' id='line_1_22' title="bbox 2294 719 3608 813; baseline -0.001 -25"><span class='ocrx_word' id='word_1_118' title='bbox 2294 719 2370 806; x_wconf 74' lang='grc' dir='ltr'><strong>β’.</strong></span> <span class='ocrx_word' id='word_1_119' title='bbox 2405 730 2538 794; x_wconf 84' lang='grc' dir='ltr'><strong>Τοὺς</strong></span> <span class='ocrx_word' id='word_1_120' title='bbox 2569 730 2698 810; x_wconf 77' lang='grc' dir='ltr'>ὐπὲρ</span> <span class='ocrx_word' id='word_1_121' title='bbox 2729 729 2988 798; x_wconf 86' lang='grc' dir='ltr'>διοίκησιν</span> <span class='ocrx_word' id='word_1_122' title='bbox 3021 727 3368 813; x_wconf 77' lang='grc' dir='ltr'>ἐπισκόπους,</span> <span class='ocrx_word' id='word_1_123' title='bbox 3399 755 3451 794; x_wconf 89' lang='grc' dir='ltr'><strong>κ,</strong></span> <span class='ocrx_word' id='word_1_124' title='bbox 3485 754 3531 793; x_wconf 86' lang='grc' dir='ltr'>τ.</span> <span class='ocrx_word' id='word_1_125' title='bbox 3563 731 3608 793; x_wconf 88' lang='grc' dir='ltr'><strong>λ,</strong></span> 
     </span>
    </p>
   </div>
   <div class='ocr_carea' id='block_1_23' title="bbox 2499 907 3562 990">
    <p class='ocr_par' dir='ltr' id='par_1_23' title="bbox 2499 907 3562 990">
     <span class='ocr_line' id='line_1_23' title="bbox 2499 907 3562 990; baseline 0.008 -27"><span class='ocrx_word' id='word_1_126' title='bbox 2499 907 2724 966; x_wconf 76' lang='grc' dir='ltr'>Συνόδου</span> <span class='ocrx_word' id='word_1_127' title='bbox 2757 907 3102 978; x_wconf 79' lang='grc' dir='ltr'><strong>Χαλκηδόνος</strong></span> <span class='ocrx_word' id='word_1_128' title='bbox 3135 912 3311 967; x_wconf 86' lang='grc' dir='ltr'>κανὼν</span> <span class='ocrx_word' id='word_1_129' title='bbox 3341 911 3437 990; x_wconf 75' lang='grc' dir='ltr'>ιγ’,</span> <span class='ocrx_word' id='word_1_130' title='bbox 3465 909 3562 988; x_wconf 82' lang='grc' dir='ltr'>κγ’.</span> 
     </span>
    </p>
   </div>
   <div class='ocr_carea' id='block_1_24' title="bbox 2296 997 3777 1080">
    <p class='ocr_par' dir='ltr' id='par_1_24' title="bbox 2296 997 3777 1080">
     <span class='ocr_line' id='line_1_24' title="bbox 2296 997 3777 1080; baseline -0.002 -25"><span class='ocrx_word' id='word_1_131' title='bbox 2296 999 2392 1079; x_wconf 86' lang='grc' dir='ltr'>ιγ’,</span> <span class='ocrx_word' id='word_1_132' title='bbox 2453 998 2654 1064; x_wconf 81' lang='grc' dir='ltr'>Ξένους</span> <span class='ocrx_word' id='word_1_133' title='bbox 2697 999 2984 1078; x_wconf 85' lang='grc' dir='ltr'>κληρικοὺς</span> <span class='ocrx_word' id='word_1_134' title='bbox 3051 1002 3137 1057; x_wconf 75' lang='grc' dir='ltr'><strong>καὶ</strong></span> <span class='ocrx_word' id='word_1_135' title='bbox 3182 1002 3538 1080; x_wconf 80' lang='grc' dir='ltr'>ἀναγνώστας,</span> <span class='ocrx_word' id='word_1_136' title='bbox 3576 1000 3620 1056; x_wconf 79' lang='grc' dir='ltr'><strong>ἐν</strong></span> <span class='ocrx_word' id='word_1_137' title='bbox 3663 997 3777 1073; x_wconf 73' lang='grc' dir='ltr'>ἑτέρᾳ</span> 
     </span>
    </p>
   </div>
   <div class='ocr_carea' id='block_1_25' title="bbox 2216 1085 3778 1167">
    <p class='ocr_par' dir='ltr' id='par_1_25' title="bbox 2216 1085 3778 1167">
     <span class='ocr_line' id='line_1_25' title="bbox 2216 1085 3778 1167; baseline -0.001 -23"><span class='ocrx_word' id='word_1_138' title='bbox 2216 1087 2371 1144; x_wconf 89' lang='grc' dir='ltr'>πόλει</span> <span class='ocrx_word' id='word_1_139' title='bbox 2431 1085 2559 1167; x_wconf 84' lang='grc' dir='ltr'>δίχα</span> <span class='ocrx_word' id='word_1_140' title='bbox 2623 1094 2956 1145; x_wconf 76' lang='grc' dir='ltr'><strong>συστατικῶν</strong></span> <span class='ocrx_word' id='word_1_141' title='bbox 3014 1091 3346 1166; x_wconf 61' lang='grc' dir='ltr'>γραμμάτων</span> <span class='ocrx_word' id='word_1_142' title='bbox 3403 1099 3491 1148; x_wconf 75' lang='grc' dir='ltr'>τοῦ</span> <span class='ocrx_word' id='word_1_143' title='bbox 3527 1089 3639 1148; x_wconf 74' lang='grc' dir='ltr'>ίδίου</span> <span class='ocrx_word' id='word_1_144' title='bbox 3685 1088 3778 1144; x_wconf 82' lang='grc' dir='ltr'>ἐπι·</span> 
     </span>
    </p>
   </div>
   <div class='ocr_carea' id='block_1_26' title="bbox 2217 1175 3440 1258">
    <p class='ocr_par' dir='ltr' id='par_1_26' title="bbox 2217 1175 3440 1258">
     <span class='ocr_line' id='line_1_26' title="bbox 2217 1175 3440 1258; baseline 0.007 -28"><span class='ocrx_word' id='word_1_145' title='bbox 2217 1179 2442 1257; x_wconf 85' lang='grc' dir='ltr'>σκόπου,</span> <span class='ocrx_word' id='word_1_146' title='bbox 2475 1175 2618 1258; x_wconf 80' lang='grc' dir='ltr'>μηδὲ</span> <span class='ocrx_word' id='word_1_147' title='bbox 2649 1176 2775 1234; x_wconf 84' lang='grc' dir='ltr'>ὅλου</span> <span class='ocrx_word' id='word_1_148' title='bbox 2807 1175 3058 1254; x_wconf 82' lang='grc' dir='ltr'><strong>μηδαμοῦ</strong></span> <span class='ocrx_word' id='word_1_149' title='bbox 3089 1179 3440 1258; x_wconf 77' lang='grc' dir='ltr'><strong>λειτουργεῖν.</strong></span> 
     </span>
    </p>
   </div>
   <div class='ocr_carea' id='block_1_27' title="bbox 2295 1257 3784 1348">
    <p class='ocr_par' dir='ltr' id='par_1_27' title="bbox 2295 1257 3784 1348">
     <span class='ocr_line' id='line_1_27' title="bbox 2295 1257 3784 1348; baseline 0.002 -25"><span class='ocrx_word' id='word_1_150' title='bbox 2295 1266 2407 1344; x_wconf 82' lang='grc' dir='ltr'>κγ’.</span> <span class='ocrx_word' id='word_1_151' title='bbox 2470 1257 2661 1324; x_wconf 78' lang='grc' dir='ltr'>Ἠλθεν</span> <span class='ocrx_word' id='word_1_152' title='bbox 2721 1269 2793 1330; x_wconf 83' lang='grc' dir='ltr'>εἷς</span> <span class='ocrx_word' id='word_1_153' title='bbox 2873 1268 3036 1331; x_wconf 72' lang='grc' dir='ltr'>ἀκοὰς</span> <span class='ocrx_word' id='word_1_154' title='bbox 3111 1275 3205 1336; x_wconf 84' lang='grc' dir='ltr'><strong>τῆς</strong></span> <span class='ocrx_word' id='word_1_155' title='bbox 3268 1257 3420 1348; x_wconf 78' lang='grc' dir='ltr'>ἁγίας</span> <span class='ocrx_word' id='word_1_156' title='bbox 3476 1267 3684 1341; x_wconf 70' lang='grc' dir='ltr'>συνόδου,</span> <span class='ocrx_word' id='word_1_157' title='bbox 3731 1268 3784 1326; x_wconf 80' lang='grc' dir='ltr'><strong>ὡς</strong></span> 
     </span>
    </p>
   </div>
   <div class='ocr_carea' id='block_1_28' title="bbox 2214 1353 3786 1439">
    <p class='ocr_par' dir='ltr' id='par_1_28' title="bbox 2214 1353 3786 1439">
     <span class='ocr_line' id='line_1_28' title="bbox 2214 1353 3786 1439; baseline 0 -28"><span class='ocrx_word' id='word_1_158' title='bbox 2214 1353 2460 1432; x_wconf 90' lang='grc' dir='ltr'>κληρικοί</span> <span class='ocrx_word' id='word_1_159' title='bbox 2501 1378 2639 1421; x_wconf 89' lang='grc' dir='ltr'>τινες</span> <span class='ocrx_word' id='word_1_160' title='bbox 2683 1357 2772 1413; x_wconf 81' lang='grc' dir='ltr'>καὶ</span> <span class='ocrx_word' id='word_1_161' title='bbox 2832 1358 3172 1436; x_wconf 73' lang='grc' dir='ltr'><strong>μονάζοντες,</strong></span> <span class='ocrx_word' id='word_1_162' title='bbox 3221 1359 3389 1434; x_wconf 75' lang='grc' dir='ltr'>μηδὲν</span> <span class='ocrx_word' id='word_1_163' title='bbox 3434 1356 3786 1439; x_wconf 74' lang='grc' dir='ltr'>ἐγκεχειρισμέ-</span> 
     </span>
    </p>
   </div>
   <div class='ocr_carea' id='block_1_29' title="bbox 2217 1445 3788 1520">
    <p class='ocr_par' dir='ltr' id='par_1_29' title="bbox 2217 1445 3788 1520">
     <span class='ocr_line' id='line_1_29' title="bbox 2217 1445 3788 1520; baseline -0.001 -20"><span class='ocrx_word' id='word_1_164' title='bbox 2217 1467 2295 1501; x_wconf 90' lang='grc' dir='ltr'><strong>νοι</strong></span> <span class='ocrx_word' id='word_1_165' title='bbox 2341 1447 2441 1502; x_wconf 74' lang='grc' dir='ltr'><strong>δπὸ</strong></span> <span class='ocrx_word' id='word_1_166' title='bbox 2485 1456 2578 1506; x_wconf 73' lang='grc' dir='ltr'><strong>τοῦ</strong></span> <span class='ocrx_word' id='word_1_167' title='bbox 2609 1445 2739 1503; x_wconf 81' lang='grc' dir='ltr'>ἰδίου</span> <span class='ocrx_word' id='word_1_168' title='bbox 2785 1446 3099 1520; x_wconf 82' lang='grc' dir='ltr'>ἐπισκόπου,</span> <span class='ocrx_word' id='word_1_169' title='bbox 3154 1447 3264 1504; x_wconf 87' lang='grc' dir='ltr'>’ἐστι</span> <span class='ocrx_word' id='word_1_170' title='bbox 3297 1447 3349 1504; x_wconf 79' lang='grc' dir='ltr'>δὲ</span> <span class='ocrx_word' id='word_1_171' title='bbox 3381 1449 3466 1505; x_wconf 83' lang='grc' dir='ltr'><strong>ὅτε</strong></span> <span class='ocrx_word' id='word_1_172' title='bbox 3497 1452 3575 1504; x_wconf 82' lang='grc' dir='ltr'>καὶ</span> <span class='ocrx_word' id='word_1_173' title='bbox 3601 1445 3788 1504; x_wconf 81' lang='grc' dir='ltr'>ἀκοινώ-</span> 
     </span>
    </p>
   </div>
   <div class='ocr_carea' id='block_1_30' title="bbox 2217 1532 3791 1616">
    <p class='ocr_par' dir='ltr' id='par_1_30' title="bbox 2217 1532 3791 1616">
     <span class='ocr_line' id='line_1_30' title="bbox 2217 1532 3791 1616; baseline -0.001 -26"><span class='ocrx_word' id='word_1_174' title='bbox 2217 1557 2366 1603; x_wconf 89' lang='grc' dir='ltr'>νητοι</span> <span class='ocrx_word' id='word_1_175' title='bbox 2421 1537 2702 1615; x_wconf 78' lang='grc' dir='ltr'>γενόμενοι</span> <span class='ocrx_word' id='word_1_176' title='bbox 2764 1534 2888 1614; x_wconf 86' lang='grc' dir='ltr'>παρ’</span> <span class='ocrx_word' id='word_1_177' title='bbox 2946 1537 3126 1616; x_wconf 78' lang='grc' dir='ltr'>αύτοῠ,</span> <span class='ocrx_word' id='word_1_178' title='bbox 3191 1536 3668 1613; x_wconf 77' lang='grc' dir='ltr'>καταλαμϐάνοντες</span> <span class='ocrx_word' id='word_1_179' title='bbox 3717 1532 3791 1600; x_wconf 67' lang='grc' dir='ltr'><strong>τήν</strong></span> 
     </span>
    </p>
   </div>
   <div class='ocr_carea' id='block_1_31' title="bbox 2214 1622 3792 1701">
    <p class='ocr_par' dir='ltr' id='par_1_31' title="bbox 2214 1622 3792 1701">
     <span class='ocr_line' id='line_1_31' title="bbox 2214 1622 3792 1701; baseline -0.003 -20"><span class='ocrx_word' id='word_1_180' title='bbox 2214 1625 2598 1701; x_wconf 81' lang='grc' dir='ltr'>βασιλεύουσαν</span> <span class='ocrx_word' id='word_1_181' title='bbox 2701 1625 3260 1684; x_wconf 84' lang='grc' dir='ltr'>Κωνσταντινούπολιν</span> <span class='ocrx_word' id='word_1_182' title='bbox 3294 1672 3310 1699; x_wconf 85' lang='grc'><strong>,</strong></span> <span class='ocrx_word' id='word_1_183' title='bbox 3400 1629 3483 1685; x_wconf 76' lang='grc' dir='ltr'><strong>ἐπί</strong></span> <span class='ocrx_word' id='word_1_184' title='bbox 3551 1626 3694 1684; x_wconf 82' lang='grc' dir='ltr'>πολὺν</span> <span class='ocrx_word' id='word_1_185' title='bbox 3754 1622 3792 1677; x_wconf 80' lang='grc' dir='ltr'>ὲν</span> 
     </span>
    </p>
   </div>
   <div class='ocr_carea' id='block_1_32' title="bbox 2217 1713 3792 1795">
    <p class='ocr_par' dir='ltr' id='par_1_32' title="bbox 2217 1713 3792 1795">
     <span class='ocr_line' id='line_1_32' title="bbox 2217 1713 3792 1795; baseline 0.001 -25"><span class='ocrx_word' id='word_1_186' title='bbox 2217 1714 2351 1791; x_wconf 74' lang='grc' dir='ltr'>αὐτῇ</span> <span class='ocrx_word' id='word_1_187' title='bbox 2408 1713 2757 1794; x_wconf 79' lang='grc' dir='ltr'>διατρίϐουσι,</span> <span class='ocrx_word' id='word_1_188' title='bbox 2819 1715 3061 1795; x_wconf 75' lang='grc' dir='ltr'>ταραχὰς</span> <span class='ocrx_word' id='word_1_189' title='bbox 3119 1715 3464 1790; x_wconf 74' lang='grc' dir='ltr'>ἐμποιοῦντες</span> <span class='ocrx_word' id='word_1_190' title='bbox 3530 1719 3610 1772; x_wconf 85' lang='grc' dir='ltr'><strong>καὶ</strong></span> <span class='ocrx_word' id='word_1_191' title='bbox 3669 1719 3792 1791; x_wconf 79' lang='grc' dir='ltr'>θορνο</span> 
     </span>
    </p>
   </div>
   <div class='ocr_carea' id='block_1_33' title="bbox 493 1801 2128 1886">
    <p class='ocr_par' dir='ltr' id='par_1_33' title="bbox 493 1801 2128 1886">
     <span class='ocr_line' id='line_1_33' title="bbox 493 1801 2128 1886; baseline 0.001 -23"><span class='ocrx_word' id='word_1_192' title='bbox 493 1803 819 1884; x_wconf 67' lang='lat' dir='ltr'><strong>provincias</strong></span> <span class='ocrx_word' id='word_1_193' title='bbox 848 1803 1215 1886; x_wconf 90' lang='lat' dir='ltr'><strong>episcopi,ut</strong></span> <span class='ocrx_word' id='word_1_194' title='bbox 1240 1801 1734 1883; x_wconf 80' lang='lat' dir='ltr'><strong>metropolitanus</strong></span> <span class='ocrx_word' id='word_1_195' title='bbox 1759 1802 1971 1864; x_wconf 90' lang='lat' dir='ltr'><strong>melius</strong></span> <span class='ocrx_word' id='word_1_196' title='bbox 2002 1820 2128 1864; x_wconf 88' lang='lat' dir='ltr'><strong>esse</strong></span> 
     </span>
    </p>
   </div>
   <div class='ocr_carea' id='block_1_34' title="bbox 2221 1801 3794 1886">
    <p class='ocr_par' dir='ltr' id='par_1_34' title="bbox 2221 1803 3794 1885">
     <span class='ocr_line' id='line_1_34' title="bbox 2221 1803 3794 1885; baseline -0.003 -25"><span class='ocrx_word' id='word_1_197' title='bbox 2221 1803 2432 1868; x_wconf 74' lang='grc' dir='ltr'>εοῦντες</span> <span class='ocrx_word' id='word_1_198' title='bbox 2517 1805 2616 1872; x_wconf 75' lang='grc' dir='ltr'>τὴν</span> <span class='ocrx_word' id='word_1_199' title='bbox 2689 1803 3144 1873; x_wconf 75' lang='grc' dir='ltr'>ἑακλησιαστικῆν</span> <span class='ocrx_word' id='word_1_200' title='bbox 3219 1807 3560 1885; x_wconf 68' lang='grc' dir='ltr'>κατάστασιν,</span> <span class='ocrx_word' id='word_1_201' title='bbox 3614 1803 3794 1877; x_wconf 77' lang='grc' dir='ltr'>ἀνατρέ·</span> 
     </span>
    </p>
   </div>
   <div class='ocr_carea' id='block_1_35' title="bbox 494 1890 2135 1973">
    <p class='ocr_par' dir='ltr' id='par_1_35' title="bbox 494 1890 2135 1973">
     <span class='ocr_line' id='line_1_35' title="bbox 494 1890 2135 1973; baseline -0.001 -19"><span class='ocrx_word' id='word_1_202' title='bbox 494 1894 892 1973; x_wconf 80' lang='lat' dir='ltr'><strong>perspexerit,</strong></span> <span class='ocrx_word' id='word_1_203' title='bbox 926 1903 984 1956; x_wconf 92' lang='lat' dir='ltr'><strong>et</strong></span> <span class='ocrx_word' id='word_1_204' title='bbox 1011 1893 1245 1972; x_wconf 84' lang='lat' dir='ltr'><strong>singula</strong></span> <span class='ocrx_word' id='word_1_205' title='bbox 1269 1892 1639 1971; x_wconf 87' lang='lat' dir='ltr'><strong>emergentia</strong></span> <span class='ocrx_word' id='word_1_206' title='bbox 1663 1891 1986 1971; x_wconf 88' lang='lat' dir='ltr'><strong>corrigant:</strong></span> <span class='ocrx_word' id='word_1_207' title='bbox 2012 1890 2135 1972; x_wconf 90' lang='lat' dir='ltr'><strong>epi-</strong></span> 
     </span>
    </p>
   </div>
   <div class='ocr_carea' id='block_1_36' title="bbox 492 1980 2132 2065">
    <p class='ocr_par' dir='ltr' id='par_1_36' title="bbox 492 1980 2132 2065">
     <span class='ocr_line' id='line_1_36' title="bbox 492 1980 2132 2065; baseline -0.001 -21"><span class='ocrx_word' id='word_1_208' title='bbox 492 1985 660 2062; x_wconf 91' lang='lat' dir='ltr'><strong>scopi</strong></span> <span class='ocrx_word' id='word_1_209' title='bbox 703 1991 929 2060; x_wconf 88' lang='lat' dir='ltr'><strong>autem,</strong></span> <span class='ocrx_word' id='word_1_210' title='bbox 985 1985 1088 2065; x_wconf 91' lang='lat' dir='ltr'><strong>qui</strong></span> <span class='ocrx_word' id='word_1_211' title='bbox 1148 2002 1268 2045; x_wconf 92' lang='lat' dir='ltr'><strong>non</strong></span> <span class='ocrx_word' id='word_1_212' title='bbox 1318 1981 1704 2052; x_wconf 90' lang='lat' dir='ltr'><strong>conveniunt,</strong></span> <span class='ocrx_word' id='word_1_213' title='bbox 1740 1980 1791 2043; x_wconf 91' lang='lat' dir='ltr'><strong>si</strong></span> <span class='ocrx_word' id='word_1_214' title='bbox 1823 1981 1884 2042; x_wconf 92' lang='lat' dir='ltr'><strong>in</strong></span> <span class='ocrx_word' id='word_1_215' title='bbox 1918 1980 2132 2042; x_wconf 89' lang='lat' dir='ltr'><strong>eadem</strong></span> 
     </span>
    </p>
   </div>
   <div class='ocr_carea' id='block_1_37' title="bbox 493 2069 2134 2154">
    <p class='ocr_par' dir='ltr' id='par_1_37' title="bbox 493 2069 2134 2154">
     <span class='ocr_line' id='line_1_37' title="bbox 493 2069 2134 2154; baseline -0.001 -20"><span class='ocrx_word' id='word_1_216' title='bbox 493 2073 812 2154; x_wconf 90' lang='lat' dir='ltr'><strong>metropoli</strong></span> <span class='ocrx_word' id='word_1_217' title='bbox 869 2080 1206 2150; x_wconf 88' lang='lat' dir='ltr'><strong>versentur,</strong></span> <span class='ocrx_word' id='word_1_218' title='bbox 1266 2080 1444 2153; x_wconf 89' lang='lat' dir='ltr'><strong>atque</strong></span> <span class='ocrx_word' id='word_1_219' title='bbox 1474 2070 1625 2132; x_wconf 89' lang='lat' dir='ltr'><strong>adeo</strong></span> <span class='ocrx_word' id='word_1_220' title='bbox 1657 2070 1790 2132; x_wconf 90' lang='lat' dir='ltr'><strong>sani</strong></span> <span class='ocrx_word' id='word_1_221' title='bbox 1821 2071 1943 2132; x_wconf 91' lang='lat' dir='ltr'><strong>sint</strong></span> <span class='ocrx_word' id='word_1_222' title='bbox 1973 2078 2032 2132; x_wconf 87' lang='lat' dir='ltr'><strong>et</strong></span> <span class='ocrx_word' id='word_1_223' title='bbox 2059 2069 2134 2132; x_wconf 88' lang='lat' dir='ltr'><strong>ab</strong></span> 
     </span>
    </p>
   </div>
   <div class='ocr_carea' id='block_1_38' title="bbox 495 2158 2131 2240">
    <p class='ocr_par' dir='ltr' id='par_1_38' title="bbox 495 2158 2131 2240">
     <span class='ocr_line' id='line_1_38' title="bbox 495 2158 2131 2240; baseline -0.001 -17"><span class='ocrx_word' id='word_1_224' title='bbox 495 2161 660 2228; x_wconf 89' lang='lat' dir='ltr'><strong>omni</strong></span> <span class='ocrx_word' id='word_1_225' title='bbox 713 2161 1108 2225; x_wconf 85' lang='lat' dir='ltr'><strong>inexcusabili</strong></span> <span class='ocrx_word' id='word_1_226' title='bbox 1146 2171 1206 2225; x_wconf 87' lang='lat' dir='ltr'><strong>et</strong></span> <span class='ocrx_word' id='word_1_227' title='bbox 1265 2159 1610 2224; x_wconf 86' lang='lat' dir='ltr'><strong>necessario</strong></span> <span class='ocrx_word' id='word_1_228' title='bbox 1660 2159 1900 2240; x_wconf 85' lang='lat' dir='ltr'><strong>negotio</strong></span> <span class='ocrx_word' id='word_1_229' title='bbox 1931 2158 2131 2235; x_wconf 88' lang='lat' dir='ltr'><strong>liberi,</strong></span> 
     </span>
    </p>
   </div>
   <div class='ocr_carea' id='block_1_39' title="bbox 491 2250 1334 2334">
    <p class='ocr_par' dir='ltr' id='par_1_39' title="bbox 491 2250 1334 2334">
     <span class='ocr_line' id='line_1_39' title="bbox 491 2250 1334 2334; baseline 0.005 -22"><span class='ocrx_word' id='word_1_230' title='bbox 491 2250 758 2314; x_wconf 84' lang='lat' dir='ltr'><strong>fraterne</strong></span> <span class='ocrx_word' id='word_1_231' title='bbox 787 2253 1334 2334; x_wconf 82' lang='lat' dir='ltr'><strong>reprehendantur.</strong></span> 
     </span>
    </p>
   </div>
   <div class='ocr_carea' id='block_1_40' title="bbox 2217 1891 3795 1974">
    <p class='ocr_par' dir='ltr' id='par_1_40' title="bbox 2217 1891 3795 1974">
     <span class='ocr_line' id='line_1_40' title="bbox 2217 1891 3795 1974; baseline -0.002 -24"><span class='ocrx_word' id='word_1_232' title='bbox 2217 1893 2373 1953; x_wconf 88' lang='grc' dir='ltr'>πουσί</span> <span class='ocrx_word' id='word_1_233' title='bbox 2410 1915 2466 1950; x_wconf 90' lang='grc' dir='ltr'><strong>τε</strong></span> <span class='ocrx_word' id='word_1_234' title='bbox 2515 1893 2699 1957; x_wconf 74' lang='grc' dir='ltr'>οἵιιους</span> <span class='ocrx_word' id='word_1_235' title='bbox 2733 1899 2892 1950; x_wconf 89' lang='grc' dir='ltr'>τινῶν</span> <span class='ocrx_word' id='word_1_236' title='bbox 2925 1911 2941 1927; x_wconf 86' lang='grc'>⁶</span> <span class='ocrx_word' id='word_1_237' title='bbox 2998 1895 3159 1974; x_wconf 82' lang='grc' dir='ltr'>ὥρισε</span> <span class='ocrx_word' id='word_1_238' title='bbox 3192 1897 3364 1953; x_wconf 90' lang='grc' dir='ltr'>τοίνυν</span> <span class='ocrx_word' id='word_1_239' title='bbox 3394 1899 3428 1965; x_wconf 74' lang='grc' dir='ltr'>ἡ</span> <span class='ocrx_word' id='word_1_240' title='bbox 3461 1897 3576 1974; x_wconf 65' lang='grc' dir='ltr'>ἁγία</span> <span class='ocrx_word' id='word_1_241' title='bbox 3605 1891 3795 1957; x_wconf 76' lang='grc' dir='ltr'>σύννδος,</span> 
     </span>
    </p>
   </div>
   <div class='ocr_carea' id='block_1_41' title="bbox 2217 1980 3798 2065">
    <p class='ocr_par' dir='ltr' id='par_1_41' title="bbox 2217 1980 3798 2065">
     <span class='ocr_line' id='line_1_41' title="bbox 2217 1980 3798 2065; baseline -0.002 -25"><span class='ocrx_word' id='word_1_242' title='bbox 2217 1983 2338 2049; x_wconf 81' lang='grc' dir='ltr'>τοὺς</span> <span class='ocrx_word' id='word_1_243' title='bbox 2398 1984 2666 2047; x_wconf 77' lang='grc' dir='ltr'>τοιούτους</span> <span class='ocrx_word' id='word_1_244' title='bbox 2725 1982 3225 2059; x_wconf 72' lang='grc' dir='ltr'>ὖπομιμνήσκεσθαι</span> <span class='ocrx_word' id='word_1_245' title='bbox 3286 1987 3385 2060; x_wconf 78' lang='grc' dir='ltr'>μὲν</span> <span class='ocrx_word' id='word_1_246' title='bbox 3456 1986 3689 2065; x_wconf 78' lang='grc' dir='ltr'>πρότερον</span> <span class='ocrx_word' id='word_1_247' title='bbox 3735 1980 3798 2035; x_wconf 70' lang='grc' dir='ltr'><strong>διὰ</strong></span> 
     </span>
    </p>
   </div>
   <div class='ocr_carea' id='block_1_42' title="bbox 2215 2070 3799 2151">
    <p class='ocr_par' dir='ltr' id='par_1_42' title="bbox 2215 2070 3799 2151">
     <span class='ocr_line' id='line_1_42' title="bbox 2215 2070 3799 2151; baseline -0.001 -24"><span class='ocrx_word' id='word_1_248' title='bbox 2215 2073 2309 2128; x_wconf 69' lang='grc' dir='ltr'>τοῦ</span> <span class='ocrx_word' id='word_1_249' title='bbox 2365 2071 2571 2129; x_wconf 86' lang='grc' dir='ltr'>ἐκδίκου</span> <span class='ocrx_word' id='word_1_250' title='bbox 2631 2077 2729 2140; x_wconf 79' lang='grc' dir='ltr'>τῆς</span> <span class='ocrx_word' id='word_1_251' title='bbox 2792 2073 2928 2129; x_wconf 70' lang='grc' dir='ltr'>κατὰ</span> <span class='ocrx_word' id='word_1_252' title='bbox 2996 2074 3550 2132; x_wconf 74' lang='grc' dir='ltr'>Κωνσταντινούπολιι</span> <span class='ocrx_word' id='word_1_253' title='bbox 3607 2070 3799 2151; x_wconf 71' lang='grc' dir='ltr'>ἆγιωτᾶο</span> 
     </span>
    </p>
   </div>
   <div class='ocr_carea' id='block_1_43' title="bbox 2214 2160 3800 2242">
    <p class='ocr_par' dir='ltr' id='par_1_43' title="bbox 2214 2160 3800 2242">
     <span class='ocr_line' id='line_1_43' title="bbox 2214 2160 3800 2242; baseline -0.002 -24"><span class='ocrx_word' id='word_1_254' title='bbox 2214 2184 2316 2228; x_wconf 88' lang='grc' dir='ltr'><strong>της</strong></span> <span class='ocrx_word' id='word_1_255' title='bbox 2364 2160 2710 2238; x_wconf 81' lang='grc' dir='ltr'>Ἐκκλησίας,</span> <span class='ocrx_word' id='word_1_256' title='bbox 2770 2162 2856 2219; x_wconf 82' lang='grc' dir='ltr'>ἐπὶ</span> <span class='ocrx_word' id='word_1_257' title='bbox 2894 2166 2970 2238; x_wconf 78' lang='grc' dir='ltr'><strong>τῷ</strong></span> <span class='ocrx_word' id='word_1_258' title='bbox 3013 2161 3244 2230; x_wconf 72' lang='grc' dir='ltr'>ἐξελθεῖν</span> <span class='ocrx_word' id='word_1_259' title='bbox 3312 2170 3413 2232; x_wconf 78' lang='grc' dir='ltr'><strong>τῆς</strong></span> <span class='ocrx_word' id='word_1_260' title='bbox 3470 2161 3800 2242; x_wconf 63' lang='grc' dir='ltr'>βασιλευούσης</span> 
     </span>
    </p>
   </div>
   <div class='ocr_carea' id='block_1_44' title="bbox 2215 2249 3802 2332">
    <p class='ocr_par' dir='ltr' id='par_1_44' title="bbox 2215 2249 3802 2332">
     <span class='ocr_line' id='line_1_44' title="bbox 2215 2249 3802 2332; baseline -0.001 -24"><span class='ocrx_word' id='word_1_261' title='bbox 2215 2249 2454 2318; x_wconf 86' lang='grc' dir='ltr'>πόλεως,</span> <span class='ocrx_word' id='word_1_262' title='bbox 2517 2254 2575 2310; x_wconf 79' lang='grc' dir='ltr'><strong>Εἰ</strong></span> <span class='ocrx_word' id='word_1_263' title='bbox 2629 2249 2682 2308; x_wconf 78' lang='grc' dir='ltr'>δὲ</span> <span class='ocrx_word' id='word_1_264' title='bbox 2737 2264 2858 2317; x_wconf 89' lang='grc' dir='ltr'>τοῖς</span> <span class='ocrx_word' id='word_1_265' title='bbox 2917 2254 3100 2317; x_wconf 69' lang='grc' dir='ltr'>αὐτοῖς</span> <span class='ocrx_word' id='word_1_266' title='bbox 3173 2254 3480 2332; x_wconf 67' lang='grc' dir='ltr'>πράγμασιν</span> <span class='ocrx_word' id='word_1_267' title='bbox 3549 2251 3802 2316; x_wconf 73' lang='grc' dir='ltr'>ἐπιμένοιεν</span> 
     </span>
    </p>
   </div>
   <div class='ocr_carea' id='block_1_45' title="bbox 492 2338 3802 2423">
    <p class='ocr_par' dir='ltr' id='par_1_45' title="bbox 492 2338 3802 2423">
     <span class='ocr_line' id='line_1_45' title="bbox 492 2338 3802 2423; baseline -0.002 -25"><span class='ocrx_word' id='word_1_268' title='bbox 492 2341 993 2423; x_wconf 74' lang='grc' dir='ltr'>ἀναισχυντοῦντες,</span> <span class='ocrx_word' id='word_1_269' title='bbox 1052 2343 1148 2402; x_wconf 85' lang='grc' dir='ltr'>καί</span> <span class='ocrx_word' id='word_1_270' title='bbox 1193 2343 1419 2406; x_wconf 77' lang='grc' dir='ltr'>ἄκοντας</span> <span class='ocrx_word' id='word_1_271' title='bbox 1479 2340 1674 2405; x_wconf 73' lang='grc' dir='ltr'>αὐτοὺς</span> <span class='ocrx_word' id='word_1_272' title='bbox 1731 2338 1816 2396; x_wconf 74' lang='grc' dir='ltr'><strong>διά</strong></span> <span class='ocrx_word' id='word_1_273' title='bbox 1873 2345 1966 2397; x_wconf 82' lang='grc' dir='ltr'><strong>τοῦ</strong></span> <span class='ocrx_word' id='word_1_274' title='bbox 2025 2339 2182 2400; x_wconf 73' lang='grc' dir='ltr'>αὐτοῦ</span> <span class='ocrx_word' id='word_1_275' title='bbox 2242 2339 2450 2399; x_wconf 88' lang='grc' dir='ltr'>ἐκδίκου</span> <span class='ocrx_word' id='word_1_276' title='bbox 2498 2339 2871 2421; x_wconf 80' lang='grc' dir='ltr'>ἐκϐάλλεσθαι,</span> <span class='ocrx_word' id='word_1_277' title='bbox 2901 2344 2989 2400; x_wconf 78' lang='grc' dir='ltr'><strong>καὶ</strong></span> <span class='ocrx_word' id='word_1_278' title='bbox 3045 2343 3165 2408; x_wconf 83' lang='grc' dir='ltr'>τοὺς</span> <span class='ocrx_word' id='word_1_279' title='bbox 3215 2341 3370 2410; x_wconf 73' lang='grc' dir='ltr'>ἰδίους</span> <span class='ocrx_word' id='word_1_280' title='bbox 3423 2341 3802 2419; x_wconf 79' lang='grc' dir='ltr'>καταλαμϐάνειν</span> 
     </span>
    </p>
   </div>
   <div class='ocr_carea' id='block_1_46' title="bbox 492 2432 712 2496">
    <p class='ocr_par' dir='ltr' id='par_1_46' title="bbox 492 2432 712 2496">
     <span class='ocr_line' id='line_1_46' title="bbox 492 2432 712 2496; baseline 0 -8"><span class='ocrx_word' id='word_1_281' title='bbox 492 2432 712 2496; x_wconf 86' lang='grc' dir='ltr'>τόπους.</span> 
     </span>
    </p>
   </div>
   <div class='ocr_carea' id='block_1_47' title="bbox 590 2517 2035 2600">
    <p class='ocr_par' dir='ltr' id='par_1_47' title="bbox 590 2517 2035 2600">
     <span class='ocr_line' id='line_1_47' title="bbox 590 2517 2035 2600; baseline -0.003 -16"><span class='ocrx_word' id='word_1_282' title='bbox 590 2519 860 2584; x_wconf 77' lang='lat' dir='ltr'><strong>Concilii</strong></span> <span class='ocrx_word' id='word_1_283' title='bbox 890 2520 1239 2586; x_wconf 76' lang='lat' dir='ltr'><strong>Sardicensi</strong></span> <span class='ocrx_word' id='word_1_284' title='bbox 1272 2536 1542 2583; x_wconf 85' lang='lat' dir='ltr'><strong>canones</strong></span> <span class='ocrx_word' id='word_1_285' title='bbox 1571 2519 1634 2600; x_wconf 87' lang='lat'><strong>3,</strong></span> <span class='ocrx_word' id='word_1_286' title='bbox 1668 2518 1767 2594; x_wconf 84' lang='grc'><strong>11,</strong></span> <span class='ocrx_word' id='word_1_287' title='bbox 1804 2517 1906 2599; x_wconf 73' lang='lat'><strong>12,</strong></span> <span class='ocrx_word' id='word_1_288' title='bbox 1941 2517 2035 2582; x_wconf 81' lang='grc'><strong>16.</strong></span> 
     </span>
    </p>
   </div>
   <div class='ocr_carea' id='block_1_48' title="bbox 579 2607 2136 2690">
    <p class='ocr_par' dir='ltr' id='par_1_48' title="bbox 579 2607 2136 2690">
     <span class='ocr_line' id='line_1_48' title="bbox 579 2607 2136 2690; baseline 0 -20"><span class='ocrx_word' id='word_1_289' title='bbox 579 2609 640 2673; x_wconf 90' lang='lat'><strong>3.</strong></span> <span class='ocrx_word' id='word_1_290' title='bbox 672 2607 851 2672; x_wconf 93' lang='lat' dir='ltr'><strong>Osius</strong></span> <span class='ocrx_word' id='word_1_291' title='bbox 912 2609 1232 2690; x_wconf 86' lang='lat' dir='ltr'><strong>episcopu</strong></span> <span class='ocrx_word' id='word_1_292' title='bbox 1263 2608 1412 2670; x_wconf 80' lang='lat' dir='ltr'><strong>dixit</strong></span> <span class='ocrx_word' id='word_1_293' title='bbox 1445 2626 1460 2668; x_wconf 88' lang='lat'><strong>:</strong></span> <span class='ocrx_word' id='word_1_294' title='bbox 1493 2607 1620 2670; x_wconf 83' lang='lat' dir='ltr'><strong>Hoc</strong></span> <span class='ocrx_word' id='word_1_295' title='bbox 1649 2625 1888 2689; x_wconf 89' lang='lat' dir='ltr'><strong>quoque</strong></span> <span class='ocrx_word' id='word_1_296' title='bbox 1920 2625 2136 2670; x_wconf 86' lang='lat' dir='ltr'><strong>neces-</strong></span> 
     </span>
    </p>
   </div>
   <div class='ocr_carea' id='block_1_49' title="bbox 497 2697 2091 2779">
    <p class='ocr_par' dir='ltr' id='par_1_49' title="bbox 497 2697 2091 2779">
     <span class='ocr_line' id='line_1_49' title="bbox 497 2697 2091 2779; baseline -0.001 -19"><span class='ocrx_word' id='word_1_297' title='bbox 497 2700 656 2762; x_wconf 90' lang='lat' dir='ltr'><strong>sario</strong></span> <span class='ocrx_word' id='word_1_298' title='bbox 681 2707 771 2761; x_wconf 92' lang='lat' dir='ltr'><strong>est</strong></span> <span class='ocrx_word' id='word_1_299' title='bbox 800 2698 1236 2779; x_wconf 86' lang='lat' dir='ltr'><strong>adjiciendum,</strong></span> <span class='ocrx_word' id='word_1_300' title='bbox 1268 2708 1412 2773; x_wconf 90' lang='lat' dir='ltr'><strong>etc.,</strong></span> <span class='ocrx_word' id='word_1_301' title='bbox 1445 2705 1517 2761; x_wconf 81' lang='lat' dir='ltr'><strong>ut</strong></span> <span class='ocrx_word' id='word_1_302' title='bbox 1549 2715 1745 2776; x_wconf 77' lang='lat' dir='ltr'><strong>supra</strong></span> <span class='ocrx_word' id='word_1_303' title='bbox 1770 2715 1921 2778; x_wconf 84' lang='lat' dir='ltr'><strong>pag.</strong></span> <span class='ocrx_word' id='word_1_304' title='bbox 1950 2697 2091 2760; x_wconf 78' lang='grc'><strong>471.</strong></span> 
     </span>
    </p>
   </div>
   <div class='ocr_carea' id='block_1_50' title="bbox 582 2785 2134 2870">
    <p class='ocr_par' dir='ltr' id='par_1_50' title="bbox 582 2785 2134 2870">
     <span class='ocr_line' id='line_1_50' title="bbox 582 2785 2134 2870; baseline -0.001 -21"><span class='ocrx_word' id='word_1_305' title='bbox 582 2789 680 2849; x_wconf 93' lang='grc'><strong>11.</strong></span> <span class='ocrx_word' id='word_1_306' title='bbox 713 2787 929 2851; x_wconf 89' lang='lat' dir='ltr'><strong>Hosius</strong></span> <span class='ocrx_word' id='word_1_307' title='bbox 961 2787 1281 2870; x_wconf 90' lang='lat' dir='ltr'><strong>episcopus</strong></span> <span class='ocrx_word' id='word_1_308' title='bbox 1312 2787 1464 2849; x_wconf 82' lang='lat' dir='ltr'><strong>dixit</strong></span> <span class='ocrx_word' id='word_1_309' title='bbox 1495 2809 1508 2846; x_wconf 89' lang='lat'><strong>:</strong></span> <span class='ocrx_word' id='word_1_310' title='bbox 1552 2785 1678 2848; x_wconf 91' lang='lat' dir='ltr'><strong>Hoc</strong></span> <span class='ocrx_word' id='word_1_311' title='bbox 1709 2804 1951 2868; x_wconf 87' lang='lat' dir='ltr'><strong>quoque</strong></span> <span class='ocrx_word' id='word_1_312' title='bbox 1981 2786 2134 2848; x_wconf 86' lang='lat' dir='ltr'><strong>deti-</strong></span> 
     </span>
    </p>
   </div>
   <div class='ocr_carea' id='block_1_51' title="bbox 499 2875 1822 2960">
    <p class='ocr_par' dir='ltr' id='par_1_51' title="bbox 499 2875 1822 2960">
     <span class='ocr_line' id='line_1_51' title="bbox 499 2875 1822 2960; baseline -0.001 -21"><span class='ocrx_word' id='word_1_313' title='bbox 499 2880 634 2941; x_wconf 91' lang='lat' dir='ltr'><strong>nire</strong></span> <span class='ocrx_word' id='word_1_314' title='bbox 666 2877 985 2959; x_wconf 89' lang='lat' dir='ltr'><strong>debemus,</strong></span> <span class='ocrx_word' id='word_1_315' title='bbox 1018 2883 1157 2960; x_wconf 73' lang='lat' dir='ltr'><strong>etc.,</strong></span> <span class='ocrx_word' id='word_1_316' title='bbox 1197 2881 1266 2939; x_wconf 83' lang='lat' dir='ltr'><strong>ut</strong></span> <span class='ocrx_word' id='word_1_317' title='bbox 1293 2894 1480 2958; x_wconf 85' lang='lat' dir='ltr'><strong>supra</strong></span> <span class='ocrx_word' id='word_1_318' title='bbox 1504 2893 1645 2957; x_wconf 76' lang='lat' dir='ltr'><strong>pag.</strong></span> <span class='ocrx_word' id='word_1_319' title='bbox 1683 2875 1822 2938; x_wconf 85' lang='lat'><strong>606.</strong></span> 
     </span>
    </p>
   </div>
   <div class='ocr_carea' id='block_1_52' title="bbox 579 2964 2136 3048">
    <p class='ocr_par' dir='ltr' id='par_1_52' title="bbox 579 2964 2136 3048">
     <span class='ocr_line' id='line_1_52' title="bbox 579 2964 2136 3048; baseline -0.002 -17"><span class='ocrx_word' id='word_1_320' title='bbox 579 2967 677 3031; x_wconf 74' lang='grc'><strong>12.</strong></span> <span class='ocrx_word' id='word_1_321' title='bbox 733 2966 950 3030; x_wconf 86' lang='lat' dir='ltr'><strong>Hosius</strong></span> <span class='ocrx_word' id='word_1_322' title='bbox 1007 2965 1329 3048; x_wconf 87' lang='lat' dir='ltr'><strong>episcopus</strong></span> <span class='ocrx_word' id='word_1_323' title='bbox 1390 2964 1584 3027; x_wconf 80' lang='lat' dir='ltr'><strong>dixit:</strong></span> <span class='ocrx_word' id='word_1_324' title='bbox 1637 2964 1789 3038; x_wconf 87' lang='lat' dir='ltr'><strong>Quia</strong></span> <span class='ocrx_word' id='word_1_325' title='bbox 1840 2965 1990 3026; x_wconf 87' lang='lat' dir='ltr'><strong>nihil</strong></span> <span class='ocrx_word' id='word_1_326' title='bbox 2047 2973 2136 3028; x_wconf 88' lang='lat' dir='ltr'><strong>est</strong></span> 
     </span>
    </p>
   </div>
   <div class='ocr_carea' id='block_1_53' title="bbox 495 3054 2131 3141">
    <p class='ocr_par' dir='ltr' id='par_1_53' title="bbox 495 3054 2131 3141">
     <span class='ocr_line' id='line_1_53' title="bbox 495 3054 2131 3141; baseline -0.002 -19"><span class='ocrx_word' id='word_1_327' title='bbox 495 3057 1096 3141; x_wconf 80' lang='lat' dir='ltr'><strong>praetermittendum,</strong></span> <span class='ocrx_word' id='word_1_328' title='bbox 1135 3055 1270 3118; x_wconf 70' lang='lat' dir='ltr'><strong>I95</strong></span> <span class='ocrx_word' id='word_1_329' title='bbox 1328 3055 1444 3116; x_wconf 88' lang='lat' dir='ltr'><strong>hoc</strong></span> <span class='ocrx_word' id='word_1_330' title='bbox 1492 3072 1731 3136; x_wconf 89' lang='lat' dir='ltr'><strong>quoque</strong></span> <span class='ocrx_word' id='word_1_331' title='bbox 1788 3054 2131 3118; x_wconf 81' lang='lat' dir='ltr'><strong>deﬁniatur.</strong></span> 
     </span>
    </p>
   </div>
   <div class='ocr_carea' id='block_1_54' title="bbox 2405 2519 3660 2602">
    <p class='ocr_par' dir='ltr' id='par_1_54' title="bbox 2405 2519 3660 2602">
     <span class='ocr_line' id='line_1_54' title="bbox 2405 2519 3660 2602; baseline 0.005 -25"><span class='ocrx_word' id='word_1_332' title='bbox 2405 2519 2634 2582; x_wconf 84' lang='grc' dir='ltr'>Συνόδου</span> <span class='ocrx_word' id='word_1_333' title='bbox 2665 2519 2930 2601; x_wconf 82' lang='grc' dir='ltr'>Σαρδικῆς</span> <span class='ocrx_word' id='word_1_334' title='bbox 2961 2523 3135 2580; x_wconf 87' lang='grc' dir='ltr'>κανὼν</span> <span class='ocrx_word' id='word_1_335' title='bbox 3169 2521 3247 2602; x_wconf 87' lang='grc' dir='ltr'>γ’,</span> <span class='ocrx_word' id='word_1_336' title='bbox 3277 2521 3374 2596; x_wconf 82' lang='grc' dir='ltr'>ια’,</span> <span class='ocrx_word' id='word_1_337' title='bbox 3412 2525 3508 2602; x_wconf 89' lang='grc' dir='ltr'>ιβ’,</span> <span class='ocrx_word' id='word_1_338' title='bbox 3546 2523 3660 2598; x_wconf 75' lang='grc' dir='ltr'>ις’.</span> 
     </span>
    </p>
   </div>
   <div class='ocr_carea' id='block_1_55' title="bbox 2299 2609 3804 2693">
    <p class='ocr_par' dir='ltr' id='par_1_55' title="bbox 2299 2609 3804 2693">
     <span class='ocr_line' id='line_1_55' title="bbox 2299 2609 3804 2693; baseline -0.004 -23"><span class='ocrx_word' id='word_1_339' title='bbox 2299 2609 2375 2691; x_wconf 86' lang='grc' dir='ltr'><strong>γ’.</strong></span> <span class='ocrx_word' id='word_1_340' title='bbox 2407 2612 2596 2676; x_wconf 67' lang='grc' dir='ltr'>⁸οσιις</span> <span class='ocrx_word' id='word_1_341' title='bbox 2627 2611 2917 2675; x_wconf 83' lang='grc' dir='ltr'>ἐπίσκοπος</span> <span class='ocrx_word' id='word_1_342' title='bbox 2963 2615 3118 2669; x_wconf 77' lang='grc' dir='ltr'>εἶπεν</span> <span class='ocrx_word' id='word_1_343' title='bbox 3151 2629 3167 2646; x_wconf 82' lang='grc'><strong><em>⁸</em></strong></span> <span class='ocrx_word' id='word_1_344' title='bbox 3227 2611 3552 2693; x_wconf 80' lang='grc' dir='ltr'>Ἀναγκαῖον</span> <span class='ocrx_word' id='word_1_345' title='bbox 3581 2613 3659 2670; x_wconf 82' lang='grc' dir='ltr'><strong>καὶ</strong></span> <span class='ocrx_word' id='word_1_346' title='bbox 3685 2615 3804 2668; x_wconf 82' lang='grc' dir='ltr'>τοῦτο</span> 
     </span>
    </p>
   </div>
   <div class='ocr_carea' id='block_1_56' title="bbox 2217 2699 2858 2778">
    <p class='ocr_par' dir='ltr' id='par_1_56' title="bbox 2217 2699 2858 2778">
     <span class='ocr_line' id='line_1_56' title="bbox 2217 2699 2858 2778; baseline 0 -19"><span class='ocrx_word' id='word_1_347' title='bbox 2217 2704 2596 2778; x_wconf 80' lang='grc' dir='ltr'>προστεθῆναι,</span> <span class='ocrx_word' id='word_1_348' title='bbox 2628 2723 2682 2761; x_wconf 91' lang='grc' dir='ltr'>κ.</span> <span class='ocrx_word' id='word_1_349' title='bbox 2717 2723 2769 2764; x_wconf 91' lang='grc' dir='ltr'><strong>τ,</strong></span> <span class='ocrx_word' id='word_1_350' title='bbox 2803 2699 2858 2760; x_wconf 91' lang='grc' dir='ltr'>λ.</span> 
     </span>
    </p>
   </div>
   <div class='ocr_carea' id='block_1_57' title="bbox 2301 2789 3804 2868">
    <p class='ocr_par' dir='ltr' id='par_1_57' title="bbox 2301 2789 3804 2868">
     <span class='ocr_line' id='line_1_57' title="bbox 2301 2789 3804 2868; baseline -0.003 -22"><span class='ocrx_word' id='word_1_351' title='bbox 2301 2791 2396 2853; x_wconf 86' lang='grc' dir='ltr'>ια’.</span> <span class='ocrx_word' id='word_1_352' title='bbox 2442 2789 2630 2854; x_wconf 66' lang='lat' dir='ltr'><strong>&quot;Octo:</strong></span> <span class='ocrx_word' id='word_1_353' title='bbox 2661 2790 2948 2853; x_wconf 74' lang='grc' dir='ltr'>ἐπίσκοπος</span> <span class='ocrx_word' id='word_1_354' title='bbox 2997 2794 3120 2848; x_wconf 78' lang='grc' dir='ltr'>εἷπε</span> <span class='ocrx_word' id='word_1_355' title='bbox 3155 2808 3169 2824; x_wconf 84' lang='grc'><strong>⁸</strong></span> <span class='ocrx_word' id='word_1_356' title='bbox 3219 2799 3318 2850; x_wconf 81' lang='grc' dir='ltr'><strong>Καὶ</strong></span> <span class='ocrx_word' id='word_1_357' title='bbox 3361 2800 3519 2851; x_wconf 82' lang='grc' dir='ltr'>τοῦτο</span> <span class='ocrx_word' id='word_1_358' title='bbox 3561 2791 3613 2850; x_wconf 78' lang='grc' dir='ltr'>δὲ</span> <span class='ocrx_word' id='word_1_359' title='bbox 3669 2789 3804 2868; x_wconf 79' lang='grc' dir='ltr'>ὁρίσαι</span> 
     </span>
    </p>
   </div>
   <div class='ocr_carea' id='block_1_58' title="bbox 2217 2877 3318 2959">
    <p class='ocr_par' dir='ltr' id='par_1_58' title="bbox 2217 2877 3318 2959">
     <span class='ocr_line' id='line_1_58' title="bbox 2217 2877 3318 2959; baseline 0.003 -23"><span class='ocrx_word' id='word_1_360' title='bbox 2217 2878 2525 2959; x_wconf 70' lang='grc' dir='ltr'>ὀφείλομεν,</span> <span class='ocrx_word' id='word_1_361' title='bbox 2557 2877 2651 2935; x_wconf 76' lang='grc' dir='ltr'>’ίνα</span> <span class='ocrx_word' id='word_1_362' title='bbox 2685 2881 2712 2935; x_wconf 82' lang='grc' dir='ltr'>ὁ</span> <span class='ocrx_word' id='word_1_363' title='bbox 2745 2879 3057 2955; x_wconf 77' lang='grc' dir='ltr'>ἐπίσκοπος,</span> <span class='ocrx_word' id='word_1_364' title='bbox 3092 2903 3143 2938; x_wconf 72' lang='grc' dir='ltr'>κ.</span> <span class='ocrx_word' id='word_1_365' title='bbox 3177 2903 3228 2941; x_wconf 89' lang='grc' dir='ltr'><strong>τ,</strong></span> <span class='ocrx_word' id='word_1_366' title='bbox 3263 2879 3318 2940; x_wconf 90' lang='grc' dir='ltr'>λ.</span> 
     </span>
    </p>
   </div>
   <div class='ocr_carea' id='block_1_59' title="bbox 2299 2967 3806 3046">
    <p class='ocr_par' dir='ltr' id='par_1_59' title="bbox 2299 2967 3806 3046">
     <span class='ocr_line' id='line_1_59' title="bbox 2299 2967 3806 3046; baseline -0.003 -22"><span class='ocrx_word' id='word_1_367' title='bbox 2299 2967 2391 3046; x_wconf 87' lang='grc' dir='ltr'>ιβ’.</span> <span class='ocrx_word' id='word_1_368' title='bbox 2437 2968 2623 3032; x_wconf 64' lang='lat' dir='ltr'><strong>&quot;Octo;</strong></span> <span class='ocrx_word' id='word_1_369' title='bbox 2687 2967 2975 3033; x_wconf 75' lang='grc' dir='ltr'>ἐπίσκοπος</span> <span class='ocrx_word' id='word_1_370' title='bbox 3031 2969 3188 3026; x_wconf 77' lang='grc' dir='ltr'>εἶπεν</span> <span class='ocrx_word' id='word_1_371' title='bbox 3222 2986 3236 3000; x_wconf 87' lang='grc'>⁶</span> <span class='ocrx_word' id='word_1_372' title='bbox 3286 2969 3511 3039; x_wconf 79' lang='grc' dir='ltr'>Ἐπειδὴ</span> <span class='ocrx_word' id='word_1_373' title='bbox 3565 2970 3696 3030; x_wconf 76' lang='grc' dir='ltr'>οὗδὲν</span> <span class='ocrx_word' id='word_1_374' title='bbox 3720 2971 3806 3024; x_wconf 70' lang='grc' dir='ltr'>ἐστι</span> 
     </span>
    </p>
   </div>
   <div class='ocr_carea' id='block_1_60' title="bbox 2218 3055 3811 3138">
    <p class='ocr_par' dir='ltr' id='par_1_60' title="bbox 2218 3055 3811 3138">
     <span class='ocr_line' id='line_1_60' title="bbox 2218 3055 3811 3138; baseline -0.003 -21"><span class='ocrx_word' id='word_1_375' title='bbox 2218 3057 2612 3138; x_wconf 82' lang='grc' dir='ltr'>παραλειπτέον</span> <span class='ocrx_word' id='word_1_376' title='bbox 2647 3073 2662 3087; x_wconf 90' lang='grc'>⁶</span> <span class='ocrx_word' id='word_1_377' title='bbox 2698 3059 2967 3117; x_wconf 80' lang='grc' dir='ltr'>καὶτοῦτο</span> <span class='ocrx_word' id='word_1_378' title='bbox 3001 3061 3265 3137; x_wconf 75' lang='grc' dir='ltr'>ὁρισθήτω</span> <span class='ocrx_word' id='word_1_379' title='bbox 3300 3104 3313 3118; x_wconf 94' lang='grc'><strong>.</strong></span> <span class='ocrx_word' id='word_1_380' title='bbox 3367 3061 3521 3127; x_wconf 68' lang='grc' dir='ltr'>Τινὲς</span> <span class='ocrx_word' id='word_1_381' title='bbox 3549 3067 3648 3119; x_wconf 81' lang='grc' dir='ltr'><strong>τῶν</strong></span> <span class='ocrx_word' id='word_1_382' title='bbox 3680 3055 3811 3116; x_wconf 72' lang='grc' dir='ltr'>ἀδελ-</span> 
     </span>
    </p>
   </div>
   <div class='ocr_carea' id='block_1_61' title="bbox 494 3143 2128 3230">
    <p class='ocr_par' dir='ltr' id='par_1_61' title="bbox 494 3143 2128 3224">
     <span class='ocr_line' id='line_1_61' title="bbox 494 3143 2128 3224; baseline -0.002 -14"><span class='ocrx_word' id='word_1_383' title='bbox 494 3148 746 3220; x_wconf 83' lang='lat' dir='ltr'><strong>Quidam</strong></span> <span class='ocrx_word' id='word_1_384' title='bbox 806 3146 1022 3208; x_wconf 82' lang='lat' dir='ltr'><strong>fratres</strong></span> <span class='ocrx_word' id='word_1_385' title='bbox 1082 3151 1141 3206; x_wconf 91' lang='lat' dir='ltr'><strong>et</strong></span> <span class='ocrx_word' id='word_1_386' title='bbox 1200 3144 1539 3224; x_wconf 90' lang='lat' dir='ltr'><strong>coepiscopi</strong></span> <span class='ocrx_word' id='word_1_387' title='bbox 1572 3143 1632 3204; x_wconf 90' lang='lat' dir='ltr'><strong>in</strong></span> <span class='ocrx_word' id='word_1_388' title='bbox 1681 3143 2037 3218; x_wconf 85' lang='lat' dir='ltr'><strong>civitatibus,</strong></span> <span class='ocrx_word' id='word_1_389' title='bbox 2072 3144 2128 3206; x_wconf 93' lang='lat' dir='ltr'><strong>in</strong></span> 
     </span>
    </p>
   </div>
   <div class='ocr_carea' id='block_1_62' title="bbox 2221 3143 3808 3230">
    <p class='ocr_par' dir='ltr' id='par_1_62' title="bbox 2221 3147 3808 3230">
     <span class='ocr_line' id='line_1_62' title="bbox 2221 3147 3808 3230; baseline -0.002 -24"><span class='ocrx_word' id='word_1_390' title='bbox 2221 3152 2330 3230; x_wconf 72' lang='grc' dir='ltr'><strong>φῶν</strong></span> <span class='ocrx_word' id='word_1_391' title='bbox 2372 3149 2460 3206; x_wconf 79' lang='grc' dir='ltr'><strong>καὶ</strong></span> <span class='ocrx_word' id='word_1_392' title='bbox 2504 3148 2932 3223; x_wconf 83' lang='grc' dir='ltr'>συνεπισκόπων,</span> <span class='ocrx_word' id='word_1_393' title='bbox 2963 3151 3018 3204; x_wconf 73' lang='grc' dir='ltr'><strong>ἐν</strong></span> <span class='ocrx_word' id='word_1_394' title='bbox 3061 3163 3185 3214; x_wconf 90' lang='grc' dir='ltr'>ταῖς</span> <span class='ocrx_word' id='word_1_395' title='bbox 3243 3148 3464 3206; x_wconf 88' lang='grc' dir='ltr'>πόλεσιν</span> <span class='ocrx_word' id='word_1_396' title='bbox 3511 3151 3563 3208; x_wconf 75' lang='grc' dir='ltr'>ἓν</span> <span class='ocrx_word' id='word_1_397' title='bbox 3594 3154 3673 3213; x_wconf 85' lang='grc' dir='ltr'>αἶς</span> <span class='ocrx_word' id='word_1_398' title='bbox 3713 3147 3808 3204; x_wconf 81' lang='grc' dir='ltr'>ἐπί-</span> 
     </span>
    </p>
   </div>
   <div class='ocr_carea' id='block_1_63' title="bbox 494 3232 2132 3319">
    <p class='ocr_par' dir='ltr' id='par_1_63' title="bbox 494 3232 2132 3319">
     <span class='ocr_line' id='line_1_63' title="bbox 494 3232 2132 3319; baseline -0.001 -21"><span class='ocrx_word' id='word_1_399' title='bbox 494 3235 712 3319; x_wconf 92' lang='lat' dir='ltr'><strong>quibus</strong></span> <span class='ocrx_word' id='word_1_400' title='bbox 765 3234 1041 3316; x_wconf 88' lang='lat' dir='ltr'><strong>episcopi</strong></span> <span class='ocrx_word' id='word_1_401' title='bbox 1097 3235 1582 3307; x_wconf 89' lang='lat' dir='ltr'><strong>constituuntur,</strong></span> <span class='ocrx_word' id='word_1_402' title='bbox 1636 3232 1909 3294; x_wconf 89' lang='lat' dir='ltr'><strong>videntur</strong></span> <span class='ocrx_word' id='word_1_403' title='bbox 1963 3233 2132 3296; x_wconf 84' lang='lat' dir='ltr'><strong>valde</strong></span> 
     </span>
    </p>
   </div>
   <div class='ocr_carea' id='block_1_64' title="bbox 492 3321 2132 3408">
    <p class='ocr_par' dir='ltr' id='par_1_64' title="bbox 492 3321 2132 3408">
     <span class='ocr_line' id='line_1_64' title="bbox 492 3321 2132 3408; baseline -0.002 -20"><span class='ocrx_word' id='word_1_404' title='bbox 492 3344 709 3408; x_wconf 86' lang='lat' dir='ltr'><strong>pauca,</strong></span> <span class='ocrx_word' id='word_1_405' title='bbox 741 3342 876 3402; x_wconf 66' lang='lat' dir='ltr'><strong>quas</strong></span> <span class='ocrx_word' id='word_1_406' title='bbox 905 3322 1022 3386; x_wconf 88' lang='lat' dir='ltr'><strong>sibi</strong></span> <span class='ocrx_word' id='word_1_407' title='bbox 1053 3323 1172 3384; x_wconf 87' lang='lat' dir='ltr'><strong>sint</strong></span> <span class='ocrx_word' id='word_1_408' title='bbox 1203 3323 1467 3404; x_wconf 89' lang='lat' dir='ltr'><strong>propria,</strong></span> <span class='ocrx_word' id='word_1_409' title='bbox 1502 3321 1813 3402; x_wconf 89' lang='lat' dir='ltr'><strong>possidere</strong></span> <span class='ocrx_word' id='word_1_410' title='bbox 1841 3343 1856 3398; x_wconf 90' lang='lat'><strong>;</strong></span> <span class='ocrx_word' id='word_1_411' title='bbox 1907 3323 1966 3384; x_wconf 93' lang='lat' dir='ltr'><strong>in</strong></span> <span class='ocrx_word' id='word_1_412' title='bbox 1997 3323 2132 3386; x_wconf 86' lang='lat' dir='ltr'><strong>aliis</strong></span> 
     </span>
    </p>
   </div>
   <div class='ocr_carea' id='block_1_65' title="bbox 491 3411 2132 3492">
    <p class='ocr_par' dir='ltr' id='par_1_65' title="bbox 491 3411 2132 3492">
     <span class='ocr_line' id='line_1_65' title="bbox 491 3411 2132 3492; baseline -0.002 -15"><span class='ocrx_word' id='word_1_413' title='bbox 491 3422 690 3478; x_wconf 88' lang='lat' dir='ltr'><strong>autem</strong></span> <span class='ocrx_word' id='word_1_414' title='bbox 753 3414 902 3476; x_wconf 90' lang='lat' dir='ltr'><strong>locis</strong></span> <span class='ocrx_word' id='word_1_415' title='bbox 963 3430 1205 3492; x_wconf 89' lang='lat' dir='ltr'><strong>magnas</strong></span> <span class='ocrx_word' id='word_1_416' title='bbox 1262 3413 1718 3492; x_wconf 86' lang='lat' dir='ltr'><strong>possessiones,</strong></span> <span class='ocrx_word' id='word_1_417' title='bbox 1783 3430 1852 3473; x_wconf 80' lang='lat' dir='ltr'><strong>ex</strong></span> <span class='ocrx_word' id='word_1_418' title='bbox 1913 3411 2132 3492; x_wconf 89' lang='lat' dir='ltr'><strong>quibus</strong></span> 
     </span>
    </p>
   </div>
   <div class='ocr_carea' id='block_1_66' title="bbox 493 3501 2132 3584">
    <p class='ocr_par' dir='ltr' id='par_1_66' title="bbox 493 3501 2132 3584">
     <span class='ocr_line' id='line_1_66' title="bbox 493 3501 2132 3584; baseline -0.002 -18"><span class='ocrx_word' id='word_1_419' title='bbox 493 3503 670 3567; x_wconf 92' lang='lat' dir='ltr'><strong>etiam</strong></span> <span class='ocrx_word' id='word_1_420' title='bbox 709 3509 961 3584; x_wconf 92' lang='lat' dir='ltr'><strong>possunt</strong></span> <span class='ocrx_word' id='word_1_421' title='bbox 987 3520 1160 3582; x_wconf 90' lang='lat' dir='ltr'><strong>opem</strong></span> <span class='ocrx_word' id='word_1_422' title='bbox 1193 3502 1352 3564; x_wconf 82' lang='lat' dir='ltr'><strong>ferre</strong></span> <span class='ocrx_word' id='word_1_423' title='bbox 1385 3501 1754 3582; x_wconf 90' lang='lat' dir='ltr'><strong>pauperibus</strong></span> <span class='ocrx_word' id='word_1_424' title='bbox 1799 3520 1812 3564; x_wconf 92' lang='lat'><strong>:</strong></span> <span class='ocrx_word' id='word_1_425' title='bbox 1849 3501 1920 3562; x_wconf 92' lang='lat' dir='ltr'><strong>iis</strong></span> <span class='ocrx_word' id='word_1_426' title='bbox 1952 3502 2132 3580; x_wconf 88' lang='lat' dir='ltr'><strong>igitur</strong></span> 
     </span>
    </p>
   </div>
   <div class='ocr_carea' id='block_1_67' title="bbox 488 3588 2128 3670">
    <p class='ocr_par' dir='ltr' id='par_1_67' title="bbox 488 3588 2128 3670">
     <span class='ocr_line' id='line_1_67' title="bbox 488 3588 2128 3670; baseline -0.002 -15"><span class='ocrx_word' id='word_1_427' title='bbox 488 3599 571 3655; x_wconf 89' lang='lat' dir='ltr'><strong>ita</strong></span> <span class='ocrx_word' id='word_1_428' title='bbox 601 3609 734 3654; x_wconf 88' lang='lat' dir='ltr'><strong>esse</strong></span> <span class='ocrx_word' id='word_1_429' title='bbox 763 3590 1218 3653; x_wconf 90' lang='lat' dir='ltr'><strong>concedendum</strong></span> <span class='ocrx_word' id='word_1_430' title='bbox 1241 3588 1474 3670; x_wconf 90' lang='lat' dir='ltr'><strong>judico,</strong></span> <span class='ocrx_word' id='word_1_431' title='bbox 1528 3597 1591 3650; x_wconf 94' lang='lat' dir='ltr'><strong>ut</strong></span> <span class='ocrx_word' id='word_1_432' title='bbox 1638 3589 1688 3651; x_wconf 95' lang='lat' dir='ltr'><strong>si</strong></span> <span class='ocrx_word' id='word_1_433' title='bbox 1721 3589 1781 3651; x_wconf 92' lang='lat' dir='ltr'><strong>in</strong></span> <span class='ocrx_word' id='word_1_434' title='bbox 1817 3608 1954 3652; x_wconf 91' lang='lat' dir='ltr'><strong>suas</strong></span> <span class='ocrx_word' id='word_1_435' title='bbox 1986 3608 2128 3670; x_wconf 90' lang='lat' dir='ltr'><strong>pos-</strong></span> 
     </span>
    </p>
   </div>
   <div class='ocr_carea' id='block_1_68' title="bbox 489 3679 2126 3756">
    <p class='ocr_par' dir='ltr' id='par_1_68' title="bbox 489 3679 2126 3756">
     <span class='ocr_line' id='line_1_68' title="bbox 489 3679 2126 3756; baseline -0.002 -12"><span class='ocrx_word' id='word_1_436' title='bbox 489 3681 794 3746; x_wconf 87' lang='lat' dir='ltr'><strong>sessiones</strong></span> <span class='ocrx_word' id='word_1_437' title='bbox 815 3681 1052 3743; x_wconf 91' lang='lat' dir='ltr'><strong>venturi</strong></span> <span class='ocrx_word' id='word_1_438' title='bbox 1083 3686 1242 3752; x_wconf 89' lang='lat' dir='ltr'><strong>sunt,</strong></span> <span class='ocrx_word' id='word_1_439' title='bbox 1278 3687 1336 3740; x_wconf 91' lang='lat' dir='ltr'><strong>et</strong></span> <span class='ocrx_word' id='word_1_440' title='bbox 1364 3679 1592 3741; x_wconf 81' lang='lat' dir='ltr'><strong>fructus</strong></span> <span class='ocrx_word' id='word_1_441' title='bbox 1621 3697 1760 3742; x_wconf 91' lang='lat' dir='ltr'><strong>suos</strong></span> <span class='ocrx_word' id='word_1_442' title='bbox 1791 3679 2126 3756; x_wconf 89' lang='lat' dir='ltr'><strong>collecturi,</strong></span> 
     </span>
    </p>
   </div>
   <div class='ocr_carea' id='block_1_69' title="bbox 489 3767 2130 3849">
    <p class='ocr_par' dir='ltr' id='par_1_69' title="bbox 489 3767 2130 3849">
     <span class='ocr_line' id='line_1_69' title="bbox 489 3767 2130 3849; baseline -0.002 -15"><span class='ocrx_word' id='word_1_443' title='bbox 489 3771 682 3834; x_wconf 85' lang='lat' dir='ltr'><strong>tribus</strong></span> <span class='ocrx_word' id='word_1_444' title='bbox 713 3769 927 3832; x_wconf 90' lang='lat' dir='ltr'><strong>diebus</strong></span> <span class='ocrx_word' id='word_1_445' title='bbox 978 3768 1334 3845; x_wconf 87' lang='lat' dir='ltr'><strong>Dominicis,</strong></span> <span class='ocrx_word' id='word_1_446' title='bbox 1367 3767 1426 3830; x_wconf 93' lang='lat' dir='ltr'><strong>id</strong></span> <span class='ocrx_word' id='word_1_447' title='bbox 1460 3777 1573 3845; x_wconf 90' lang='lat' dir='ltr'><strong>est,</strong></span> <span class='ocrx_word' id='word_1_448' title='bbox 1616 3768 1806 3831; x_wconf 84' lang='lat' dir='ltr'><strong>tribus</strong></span> <span class='ocrx_word' id='word_1_449' title='bbox 1838 3769 2130 3849; x_wconf 87' lang='lat' dir='ltr'><strong>septima-</strong></span> 
     </span>
    </p>
   </div>
   <div class='ocr_carea' id='block_1_70' title="bbox 487 3857 2130 3940">
    <p class='ocr_par' dir='ltr' id='par_1_70' title="bbox 487 3857 2130 3940">
     <span class='ocr_line' id='line_1_70' title="bbox 487 3857 2130 3940; baseline -0.001 -16"><span class='ocrx_word' id='word_1_450' title='bbox 487 3861 584 3924; x_wconf 91' lang='lat' dir='ltr'><strong>nis</strong></span> <span class='ocrx_word' id='word_1_451' title='bbox 615 3862 673 3922; x_wconf 93' lang='lat' dir='ltr'><strong>in</strong></span> <span class='ocrx_word' id='word_1_452' title='bbox 701 3859 825 3921; x_wconf 83' lang='lat' dir='ltr'><strong>suis</strong></span> <span class='ocrx_word' id='word_1_453' title='bbox 857 3857 1342 3940; x_wconf 86' lang='lat' dir='ltr'><strong>possessionibus</strong></span> <span class='ocrx_word' id='word_1_454' title='bbox 1381 3858 1639 3938; x_wconf 86' lang='lat' dir='ltr'><strong>degant;</strong></span> <span class='ocrx_word' id='word_1_455' title='bbox 1676 3869 1736 3920; x_wconf 92' lang='lat' dir='ltr'><strong>et</strong></span> <span class='ocrx_word' id='word_1_456' title='bbox 1766 3859 1826 3919; x_wconf 91' lang='lat' dir='ltr'><strong>in</strong></span> <span class='ocrx_word' id='word_1_457' title='bbox 1860 3857 2130 3922; x_wconf 87' lang='lat' dir='ltr'><strong>Ecclesia</strong></span> 
     </span>
    </p>
   </div>
   <div class='ocr_carea' id='block_1_71' title="bbox 487 3947 2126 4035">
    <p class='ocr_par' dir='ltr' id='par_1_71' title="bbox 487 3947 2126 4035">
     <span class='ocr_line' id='line_1_71' title="bbox 487 3947 2126 4035; baseline -0.003 -20"><span class='ocrx_word' id='word_1_458' title='bbox 487 3969 621 4035; x_wconf 61' lang='lat' dir='ltr'><strong>quae</strong></span> <span class='ocrx_word' id='word_1_459' title='bbox 650 3967 836 4030; x_wconf 90' lang='lat' dir='ltr'><strong>prope</strong></span> <span class='ocrx_word' id='word_1_460' title='bbox 867 3958 976 4025; x_wconf 88' lang='lat' dir='ltr'><strong>est,</strong></span> <span class='ocrx_word' id='word_1_461' title='bbox 1011 3949 1075 4010; x_wconf 92' lang='lat' dir='ltr'><strong>in</strong></span> <span class='ocrx_word' id='word_1_462' title='bbox 1123 3967 1240 4030; x_wconf 86' lang='lat' dir='ltr'><strong>qua</strong></span> <span class='ocrx_word' id='word_1_463' title='bbox 1295 3947 1608 4029; x_wconf 80' lang='lat' dir='ltr'><strong>presbyter</strong></span> <span class='ocrx_word' id='word_1_464' title='bbox 1661 3948 1946 4028; x_wconf 89' lang='lat' dir='ltr'><strong>populum</strong></span> <span class='ocrx_word' id='word_1_465' title='bbox 1977 3969 2126 4011; x_wconf 86' lang='lat' dir='ltr'><strong>con-</strong></span> 
     </span>
    </p>
   </div>
   <div class='ocr_carea' id='block_1_72' title="bbox 483 4037 2122 4122">
    <p class='ocr_par' dir='ltr' id='par_1_72' title="bbox 483 4037 2122 4122">
     <span class='ocr_line' id='line_1_72' title="bbox 483 4037 2122 4122; baseline -0.002 -19"><span class='ocrx_word' id='word_1_466' title='bbox 483 4048 711 4122; x_wconf 88' lang='lat' dir='ltr'><strong>gregat,</strong></span> <span class='ocrx_word' id='word_1_467' title='bbox 751 4057 824 4100; x_wconf 90' lang='lat' dir='ltr'><strong>ne</strong></span> <span class='ocrx_word' id='word_1_468' title='bbox 882 4037 1360 4116; x_wconf 76' lang='lat' dir='ltr'><strong>congregationis</strong></span> <span class='ocrx_word' id='word_1_469' title='bbox 1419 4054 1634 4118; x_wconf 81' lang='lat' dir='ltr'><strong>expers</strong></span> <span class='ocrx_word' id='word_1_470' title='bbox 1664 4055 1796 4098; x_wconf 88' lang='lat' dir='ltr'><strong>esse</strong></span> <span class='ocrx_word' id='word_1_471' title='bbox 1831 4037 2122 4116; x_wconf 90' lang='lat' dir='ltr'><strong>videatur,</strong></span> 
     </span>
    </p>
   </div>
   <div class='ocr_carea' id='block_1_73' title="bbox 483 4125 2127 4207">
    <p class='ocr_par' dir='ltr' id='par_1_73' title="bbox 483 4125 2127 4207">
     <span class='ocr_line' id='line_1_73' title="bbox 483 4125 2127 4207; baseline -0.004 -13"><span class='ocrx_word' id='word_1_472' title='bbox 483 4128 822 4201; x_wconf 88' lang='lat' dir='ltr'><strong>conveniat,</strong></span> <span class='ocrx_word' id='word_1_473' title='bbox 857 4135 915 4188; x_wconf 93' lang='lat' dir='ltr'><strong>et</strong></span> <span class='ocrx_word' id='word_1_474' title='bbox 945 4125 1142 4188; x_wconf 78' lang='lat' dir='ltr'><strong>ofﬁcia</strong></span> <span class='ocrx_word' id='word_1_475' title='bbox 1174 4125 1374 4186; x_wconf 85' lang='lat' dir='ltr'><strong>divina</strong></span> <span class='ocrx_word' id='word_1_476' title='bbox 1397 4125 1614 4202; x_wconf 86' lang='lat' dir='ltr'><strong>obeat;</strong></span> <span class='ocrx_word' id='word_1_477' title='bbox 1651 4133 1710 4188; x_wconf 86' lang='lat' dir='ltr'><strong>et</strong></span> <span class='ocrx_word' id='word_1_478' title='bbox 1746 4144 1820 4186; x_wconf 89' lang='lat' dir='ltr'><strong>ne</strong></span> <span class='ocrx_word' id='word_1_479' title='bbox 1847 4125 2127 4207; x_wconf 81' lang='lat' dir='ltr'><strong>frequen-</strong></span> 
     </span>
    </p>
   </div>
   <div class='ocr_carea' id='block_1_74' title="bbox 486 4214 2124 4295">
    <p class='ocr_par' dir='ltr' id='par_1_74' title="bbox 486 4214 2124 4295">
     <span class='ocr_line' id='line_1_74' title="bbox 486 4214 2124 4295; baseline -0.002 -14"><span class='ocrx_word' id='word_1_480' title='bbox 486 4220 607 4283; x_wconf 88' lang='lat' dir='ltr'><strong>tius</strong></span> <span class='ocrx_word' id='word_1_481' title='bbox 663 4218 726 4278; x_wconf 95' lang='lat' dir='ltr'><strong>in</strong></span> <span class='ocrx_word' id='word_1_482' title='bbox 771 4215 1035 4290; x_wconf 85' lang='lat' dir='ltr'><strong>civitate,</strong></span> <span class='ocrx_word' id='word_1_483' title='bbox 1072 4214 1134 4274; x_wconf 92' lang='lat' dir='ltr'><strong>in</strong></span> <span class='ocrx_word' id='word_1_484' title='bbox 1185 4232 1301 4295; x_wconf 81' lang='lat' dir='ltr'><strong>qua</strong></span> <span class='ocrx_word' id='word_1_485' title='bbox 1333 4222 1425 4276; x_wconf 89' lang='lat' dir='ltr'><strong>est</strong></span> <span class='ocrx_word' id='word_1_486' title='bbox 1457 4215 1794 4294; x_wconf 88' lang='lat' dir='ltr'><strong>episcopus,</strong></span> <span class='ocrx_word' id='word_1_487' title='bbox 1831 4214 2007 4276; x_wconf 89' lang='lat' dir='ltr'><strong>absit.</strong></span> <span class='ocrx_word' id='word_1_488' title='bbox 2042 4217 2124 4278; x_wconf 91' lang='lat' dir='ltr'><strong>Eo</strong></span> 
     </span>
    </p>
   </div>
   <div class='ocr_carea' id='block_1_75' title="bbox 483 4302 2122 4384">
    <p class='ocr_par' dir='ltr' id='par_1_75' title="bbox 483 4302 2122 4384">
     <span class='ocr_line' id='line_1_75' title="bbox 483 4302 2122 4384; baseline -0.001 -15"><span class='ocrx_word' id='word_1_489' title='bbox 483 4306 646 4370; x_wconf 93' lang='lat' dir='ltr'><strong>enim</strong></span> <span class='ocrx_word' id='word_1_490' title='bbox 681 4303 858 4364; x_wconf 91' lang='lat' dir='ltr'><strong>modo</strong></span> <span class='ocrx_word' id='word_1_491' title='bbox 891 4311 948 4363; x_wconf 91' lang='lat' dir='ltr'><strong>et</strong></span> <span class='ocrx_word' id='word_1_492' title='bbox 980 4321 1080 4364; x_wconf 90' lang='lat' dir='ltr'><strong>res</strong></span> <span class='ocrx_word' id='word_1_493' title='bbox 1104 4303 1234 4382; x_wconf 89' lang='lat' dir='ltr'><strong>ejus</strong></span> <span class='ocrx_word' id='word_1_494' title='bbox 1266 4311 1514 4384; x_wconf 91' lang='lat' dir='ltr'><strong>propter</strong></span> <span class='ocrx_word' id='word_1_495' title='bbox 1566 4303 1757 4383; x_wconf 89' lang='lat' dir='ltr'><strong>ipsius</strong></span> <span class='ocrx_word' id='word_1_496' title='bbox 1790 4302 2122 4368; x_wconf 86' lang='lat' dir='ltr'><strong>absentiam</strong></span> 
     </span>
    </p>
   </div>
   <div class='ocr_carea' id='block_1_76' title="bbox 481 4393 2123 4473">
    <p class='ocr_par' dir='ltr' id='par_1_76' title="bbox 481 4393 2123 4473">
     <span class='ocr_line' id='line_1_76' title="bbox 481 4393 2123 4473; baseline -0.001 -15"><span class='ocrx_word' id='word_1_497' title='bbox 481 4393 634 4458; x_wconf 87' lang='lat' dir='ltr'><strong>nihil</strong></span> <span class='ocrx_word' id='word_1_498' title='bbox 666 4393 1014 4456; x_wconf 88' lang='lat' dir='ltr'><strong>detrimenti</strong></span> <span class='ocrx_word' id='word_1_499' title='bbox 1049 4393 1370 4472; x_wconf 85' lang='lat' dir='ltr'><strong>patientur,</strong></span> <span class='ocrx_word' id='word_1_500' title='bbox 1405 4400 1465 4455; x_wconf 89' lang='lat' dir='ltr'><strong>et</strong></span> <span class='ocrx_word' id='word_1_501' title='bbox 1515 4393 1868 4473; x_wconf 62' lang='lat' dir='ltr'><strong>arrogantia;</strong></span> <span class='ocrx_word' id='word_1_502' title='bbox 1919 4413 1986 4457; x_wconf 88' lang='lat' dir='ltr'><strong>ac</strong></span> <span class='ocrx_word' id='word_1_503' title='bbox 2018 4414 2123 4458; x_wconf 88' lang='lat' dir='ltr'><strong>su-</strong></span> 
     </span>
    </p>
   </div>
   <div class='ocr_carea' id='block_1_77' title="bbox 483 4481 1622 4569">
    <p class='ocr_par' dir='ltr' id='par_1_77' title="bbox 483 4481 1622 4569">
     <span class='ocr_line' id='line_1_77' title="bbox 483 4481 1622 4569; baseline 0.001 -28"><span class='ocrx_word' id='word_1_504' title='bbox 483 4481 711 4569; x_wconf 63' lang='lat' dir='ltr'><strong>perbiae</strong></span> <span class='ocrx_word' id='word_1_505' title='bbox 743 4481 975 4545; x_wconf 89' lang='lat' dir='ltr'><strong>crimen</strong></span> <span class='ocrx_word' id='word_1_506' title='bbox 1007 4481 1271 4559; x_wconf 75' lang='lat' dir='ltr'><strong>etfugere</strong></span> <span class='ocrx_word' id='word_1_507' title='bbox 1301 4481 1622 4545; x_wconf 79' lang='lat' dir='ltr'><strong>videbitur.</strong></span> 
     </span>
    </p>
   </div>
   <div class='ocr_carea' id='block_1_78' title="bbox 558 4659 2124 4745">
    <p class='ocr_par' dir='ltr' id='par_1_78' title="bbox 558 4659 2124 4745">
     <span class='ocr_line' id='line_1_78' title="bbox 558 4659 2124 4745; baseline -0.001 -17"><span class='ocrx_word' id='word_1_508' title='bbox 558 4662 786 4728; x_wconf 90' lang='lat' dir='ltr'><strong>Omnes</strong></span> <span class='ocrx_word' id='word_1_509' title='bbox 835 4659 1105 4744; x_wconf 89' lang='lat' dir='ltr'><strong>episcopi</strong></span> <span class='ocrx_word' id='word_1_510' title='bbox 1134 4659 1420 4724; x_wconf 89' lang='lat' dir='ltr'><strong>dixerunt</strong></span> <span class='ocrx_word' id='word_1_511' title='bbox 1454 4679 1467 4722; x_wconf 90' lang='lat'><strong>:</strong></span> <span class='ocrx_word' id='word_1_512' title='bbox 1501 4659 1702 4724; x_wconf 85' lang='lat' dir='ltr'><strong>Placet</strong></span> <span class='ocrx_word' id='word_1_513' title='bbox 1732 4662 1858 4724; x_wconf 61' lang='lat' dir='ltr'><strong>hinc</strong></span> <span class='ocrx_word' id='word_1_514' title='bbox 1887 4680 2124 4745; x_wconf 88' lang='lat' dir='ltr'><strong>quoque</strong></span> 
     </span>
    </p>
   </div>
   <div class='ocr_carea' id='block_1_79' title="bbox 477 4753 862 4818">
    <p class='ocr_par' dir='ltr' id='par_1_79' title="bbox 477 4753 862 4818">
     <span class='ocr_line' id='line_1_79' title="bbox 477 4753 862 4818; baseline -0.005 0"><span class='ocrx_word' id='word_1_515' title='bbox 477 4753 862 4818; x_wconf 84' lang='lat' dir='ltr'><strong>constitutio.</strong></span> 
     </span>
    </p>
   </div>
   <div class='ocr_carea' id='block_1_80' title="bbox 557 4840 2122 4926">
    <p class='ocr_par' dir='ltr' id='par_1_80' title="bbox 557 4840 2122 4926">
     <span class='ocr_line' id='line_1_80' title="bbox 557 4840 2122 4926; baseline -0.002 -18"><span class='ocrx_word' id='word_1_516' title='bbox 557 4845 657 4908; x_wconf 89' lang='lat'><strong>16.</strong></span> <span class='ocrx_word' id='word_1_517' title='bbox 693 4843 896 4908; x_wconf 80' lang='lat' dir='ltr'><strong>Aetius</strong></span> <span class='ocrx_word' id='word_1_518' title='bbox 930 4841 1251 4926; x_wconf 90' lang='lat' dir='ltr'><strong>episcopus</strong></span> <span class='ocrx_word' id='word_1_519' title='bbox 1280 4841 1430 4903; x_wconf 81' lang='lat' dir='ltr'><strong>dixit</strong></span> <span class='ocrx_word' id='word_1_520' title='bbox 1464 4840 1632 4903; x_wconf 88' lang='lat' dir='ltr'><strong>:Non</strong></span> <span class='ocrx_word' id='word_1_521' title='bbox 1664 4841 1948 4920; x_wconf 85' lang='lat' dir='ltr'><strong>ignoratis</strong></span> <span class='ocrx_word' id='word_1_522' title='bbox 1979 4861 2122 4924; x_wconf 85' lang='lat' dir='ltr'><strong>qua-</strong></span> 
     </span>
    </p>
   </div>
   <div class='ocr_carea' id='block_1_81' title="bbox 475 4929 2116 5016">
    <p class='ocr_par' dir='ltr' id='par_1_81' title="bbox 475 4929 2116 5016">
     <span class='ocr_line' id='line_1_81' title="bbox 475 4929 2116 5016; baseline -0.001 -19"><span class='ocrx_word' id='word_1_523' title='bbox 475 4935 552 4997; x_wconf 87' lang='lat' dir='ltr'><strong>lis</strong></span> <span class='ocrx_word' id='word_1_524' title='bbox 599 4941 943 5016; x_wconf 86' lang='lat' dir='ltr'><strong>quantaque</strong></span> <span class='ocrx_word' id='word_1_525' title='bbox 999 4932 1078 4995; x_wconf 92' lang='lat' dir='ltr'><strong>sit</strong></span> <span class='ocrx_word' id='word_1_526' title='bbox 1125 4929 1758 4994; x_wconf 88' lang='lat' dir='ltr'><strong>Thessalonicensium</strong></span> <span class='ocrx_word' id='word_1_527' title='bbox 1812 4940 2116 5014; x_wconf 89' lang='lat' dir='ltr'><strong>metropo-</strong></span> 
     </span>
    </p>
   </div>
   <div class='ocr_carea' id='block_1_82' title="bbox 473 5020 2120 5104">
    <p class='ocr_par' dir='ltr' id='par_1_82' title="bbox 473 5020 2120 5104">
     <span class='ocr_line' id='line_1_82' title="bbox 473 5020 2120 5104; baseline 0.001 -21"><span class='ocrx_word' id='word_1_528' title='bbox 473 5022 573 5085; x_wconf 92' lang='lat' dir='ltr'><strong>lis.</strong></span> <span class='ocrx_word' id='word_1_529' title='bbox 609 5024 781 5104; x_wconf 80' lang='lat' dir='ltr'><strong>Saepe</strong></span> <span class='ocrx_word' id='word_1_530' title='bbox 815 5027 1014 5104; x_wconf 91' lang='lat' dir='ltr'><strong>itaque</strong></span> <span class='ocrx_word' id='word_1_531' title='bbox 1046 5020 1120 5084; x_wconf 89' lang='lat' dir='ltr'><strong>ad</strong></span> <span class='ocrx_word' id='word_1_532' title='bbox 1154 5039 1283 5083; x_wconf 87' lang='lat' dir='ltr'><strong>eam</strong></span> <span class='ocrx_word' id='word_1_533' title='bbox 1319 5039 1390 5084; x_wconf 91' lang='lat' dir='ltr'><strong>ex</strong></span> <span class='ocrx_word' id='word_1_534' title='bbox 1432 5021 1756 5102; x_wconf 89' lang='lat' dir='ltr'><strong>provinciis</strong></span> <span class='ocrx_word' id='word_1_535' title='bbox 1789 5020 2120 5102; x_wconf 77' lang='lat' dir='ltr'><strong>presbyteri</strong></span> 
     </span>
    </p>
   </div>
   <div class='ocr_carea' id='block_1_83' title="bbox 473 5110 2118 5192">
    <p class='ocr_par' dir='ltr' id='par_1_83' title="bbox 473 5110 2118 5192">
     <span class='ocr_line' id='line_1_83' title="bbox 473 5110 2118 5192; baseline 0 -19"><span class='ocrx_word' id='word_1_536' title='bbox 473 5117 536 5173; x_wconf 86' lang='lat' dir='ltr'><strong>et</strong></span> <span class='ocrx_word' id='word_1_537' title='bbox 563 5111 799 5173; x_wconf 86' lang='lat' dir='ltr'><strong>diaconi</strong></span> <span class='ocrx_word' id='word_1_538' title='bbox 829 5111 1147 5192; x_wconf 91' lang='lat' dir='ltr'><strong>accedunt,</strong></span> <span class='ocrx_word' id='word_1_539' title='bbox 1179 5119 1235 5173; x_wconf 87' lang='lat' dir='ltr'><strong>et</strong></span> <span class='ocrx_word' id='word_1_540' title='bbox 1268 5110 1465 5174; x_wconf 85' lang='lat' dir='ltr'><strong>brevis</strong></span> <span class='ocrx_word' id='word_1_541' title='bbox 1498 5110 1786 5192; x_wconf 86' lang='lat' dir='ltr'><strong>temporis</strong></span> <span class='ocrx_word' id='word_1_542' title='bbox 1810 5128 1976 5172; x_wconf 88' lang='lat' dir='ltr'><strong>mora</strong></span> <span class='ocrx_word' id='word_1_543' title='bbox 1998 5130 2118 5175; x_wconf 91' lang='lat' dir='ltr'><strong>non</strong></span> 
     </span>
    </p>
   </div>
   <div class='ocr_carea' id='block_1_84' title="bbox 2216 3236 3810 3318">
    <p class='ocr_par' dir='ltr' id='par_1_84' title="bbox 2216 3236 3810 3318">
     <span class='ocr_line' id='line_1_84' title="bbox 2216 3236 3810 3318; baseline -0.004 -21"><span class='ocrx_word' id='word_1_544' title='bbox 2216 3261 2407 3297; x_wconf 91' lang='grc' dir='ltr'>σκοποι</span> <span class='ocrx_word' id='word_1_545' title='bbox 2479 3241 2859 3313; x_wconf 80' lang='grc' dir='ltr'>καθίστανται,</span> <span class='ocrx_word' id='word_1_546' title='bbox 2950 3236 3162 3296; x_wconf 77' lang='grc' dir='ltr'>δοκοῦαι</span> <span class='ocrx_word' id='word_1_547' title='bbox 3263 3242 3558 3308; x_wconf 72' lang='grc' dir='ltr'>κεκτῆσθαι</span> <span class='ocrx_word' id='word_1_548' title='bbox 3649 3236 3810 3318; x_wconf 70' lang='grc' dir='ltr'>σφόδρα</span> 
     </span>
    </p>
   </div>
   <div class='ocr_carea' id='block_1_85' title="bbox 2213 3325 3810 3408">
    <p class='ocr_par' dir='ltr' id='par_1_85' title="bbox 2213 3325 3810 3408">
     <span class='ocr_line' id='line_1_85' title="bbox 2213 3325 3810 3408; baseline -0.003 -22"><span class='ocrx_word' id='word_1_549' title='bbox 2213 3327 2366 3406; x_wconf 82' lang='grc' dir='ltr'>ὀλίγα</span> <span class='ocrx_word' id='word_1_550' title='bbox 2408 3328 2720 3407; x_wconf 78' lang='grc' dir='ltr'>ὑπάρχοντα</span> <span class='ocrx_word' id='word_1_551' title='bbox 2756 3325 2892 3408; x_wconf 73' lang='grc' dir='ltr'>ἴδια,</span> <span class='ocrx_word' id='word_1_552' title='bbox 2942 3326 2997 3383; x_wconf 88' lang='grc' dir='ltr'><strong>ἐν</strong></span> <span class='ocrx_word' id='word_1_553' title='bbox 3052 3328 3249 3408; x_wconf 82' lang='grc' dir='ltr'>ἑτέροις</span> <span class='ocrx_word' id='word_1_554' title='bbox 3299 3327 3352 3384; x_wconf 78' lang='grc' dir='ltr'>δὲ</span> <span class='ocrx_word' id='word_1_555' title='bbox 3387 3331 3575 3395; x_wconf 87' lang='grc' dir='ltr'>τόποις</span> <span class='ocrx_word' id='word_1_556' title='bbox 3628 3331 3810 3399; x_wconf 72' lang='grc' dir='ltr'>κτήσεις</span> 
     </span>
    </p>
   </div>
   <div class='ocr_carea' id='block_1_86' title="bbox 2213 3416 3810 3496">
    <p class='ocr_par' dir='ltr' id='par_1_86' title="bbox 2213 3416 3810 3496">
     <span class='ocr_line' id='line_1_86' title="bbox 2213 3416 3810 3496; baseline 0 -22"><span class='ocrx_word' id='word_1_557' title='bbox 2213 3417 2478 3496; x_wconf 81' lang='grc' dir='ltr'>μεγάλας,</span> <span class='ocrx_word' id='word_1_558' title='bbox 2515 3417 2567 3482; x_wconf 77' lang='grc' dir='ltr'>ἐξ</span> <span class='ocrx_word' id='word_1_559' title='bbox 2596 3419 2670 3470; x_wconf 83' lang='grc' dir='ltr'>ὧν</span> <span class='ocrx_word' id='word_1_560' title='bbox 2700 3418 2789 3473; x_wconf 86' lang='grc' dir='ltr'><strong>καὶ</strong></span> <span class='ocrx_word' id='word_1_561' title='bbox 2818 3416 3120 3495; x_wconf 78' lang='grc' dir='ltr'>ἐπικουρεῖν</span> <span class='ocrx_word' id='word_1_562' title='bbox 3151 3417 3358 3475; x_wconf 86' lang='grc' dir='ltr'>δυνατοί</span> <span class='ocrx_word' id='word_1_563' title='bbox 3384 3421 3489 3476; x_wconf 76' lang='grc' dir='ltr'>εἶσι</span> <span class='ocrx_word' id='word_1_564' title='bbox 3532 3434 3642 3483; x_wconf 88' lang='grc' dir='ltr'>τοῖς</span> <span class='ocrx_word' id='word_1_565' title='bbox 3668 3420 3810 3482; x_wconf 77' lang='grc' dir='ltr'>πένη-</span> 
     </span>
    </p>
   </div>
   <div class='ocr_carea' id='block_1_87' title="bbox 2214 3507 3812 3587">
    <p class='ocr_par' dir='ltr' id='par_1_87' title="bbox 2214 3507 3812 3587">
     <span class='ocr_line' id='line_1_87' title="bbox 2214 3507 3812 3587; baseline -0.003 -23"><span class='ocrx_word' id='word_1_566' title='bbox 2214 3523 2326 3564; x_wconf 88' lang='grc' dir='ltr'>σιν⁶</span> <span class='ocrx_word' id='word_1_567' title='bbox 2362 3507 2528 3569; x_wconf 75' lang='grc' dir='ltr'>οὕτως</span> <span class='ocrx_word' id='word_1_568' title='bbox 2563 3507 2746 3570; x_wconf 78' lang='grc' dir='ltr'>αὒτοῖς</span> <span class='ocrx_word' id='word_1_569' title='bbox 2789 3507 3171 3587; x_wconf 81' lang='grc' dir='ltr'>συγχωρητέον</span> <span class='ocrx_word' id='word_1_570' title='bbox 3201 3509 3364 3582; x_wconf 74' lang='grc' dir='ltr'>εἶναι,</span> <span class='ocrx_word' id='word_1_571' title='bbox 3405 3509 3501 3566; x_wconf 71' lang='grc' dir='ltr'>’ίνα</span> <span class='ocrx_word' id='word_1_572' title='bbox 3531 3512 3575 3566; x_wconf 79' lang='grc' dir='ltr'><strong>εί</strong></span> <span class='ocrx_word' id='word_1_573' title='bbox 3605 3508 3812 3584; x_wconf 82' lang='grc' dir='ltr'>μέλλοιεν</span> 
     </span>
    </p>
   </div>
   <div class='ocr_carea' id='block_1_88' title="bbox 2213 3597 3810 3674">
    <p class='ocr_par' dir='ltr' id='par_1_88' title="bbox 2213 3597 3810 3674">
     <span class='ocr_line' id='line_1_88' title="bbox 2213 3597 3810 3674; baseline 0 -22"><span class='ocrx_word' id='word_1_574' title='bbox 2213 3599 2288 3660; x_wconf 77' lang='grc' dir='ltr'>εἰς</span> <span class='ocrx_word' id='word_1_575' title='bbox 2331 3597 2426 3660; x_wconf 77' lang='grc' dir='ltr'>τὰς</span> <span class='ocrx_word' id='word_1_576' title='bbox 2471 3597 2672 3654; x_wconf 78' lang='grc' dir='ltr'>ἑαυτῶν</span> <span class='ocrx_word' id='word_1_577' title='bbox 2715 3599 3093 3674; x_wconf 88' lang='grc' dir='ltr'>παραγίνεσθαι</span> <span class='ocrx_word' id='word_1_578' title='bbox 3137 3599 3380 3672; x_wconf 74' lang='grc' dir='ltr'>κτήσεις,</span> <span class='ocrx_word' id='word_1_579' title='bbox 3432 3602 3520 3655; x_wconf 86' lang='grc' dir='ltr'>καὶ</span> <span class='ocrx_word' id='word_1_580' title='bbox 3562 3602 3654 3666; x_wconf 70' lang='grc' dir='ltr'>τὴν</span> <span class='ocrx_word' id='word_1_581' title='bbox 3704 3619 3810 3673; x_wconf 86' lang='grc' dir='ltr'>συγ·</span> 
     </span>
    </p>
   </div>
   <div class='ocr_carea' id='block_1_89' title="bbox 2211 3683 3810 3765">
    <p class='ocr_par' dir='ltr' id='par_1_89' title="bbox 2211 3683 3810 3765">
     <span class='ocr_line' id='line_1_89' title="bbox 2211 3683 3810 3765; baseline -0.002 -23"><span class='ocrx_word' id='word_1_582' title='bbox 2211 3683 2438 3761; x_wconf 78' lang='grc' dir='ltr'>κομιδὴν</span> <span class='ocrx_word' id='word_1_583' title='bbox 2522 3691 2628 3742; x_wconf 87' lang='grc' dir='ltr'><strong>τῶν</strong></span> <span class='ocrx_word' id='word_1_584' title='bbox 2711 3691 2931 3763; x_wconf 84' lang='grc' dir='ltr'>καρπῶν</span> <span class='ocrx_word' id='word_1_585' title='bbox 2991 3690 3281 3761; x_wconf 76' lang='grc' dir='ltr'>ποιεῖσθαι,</span> <span class='ocrx_word' id='word_1_586' title='bbox 3369 3702 3520 3765; x_wconf 79' lang='grc' dir='ltr'>τρεῖς</span> <span class='ocrx_word' id='word_1_587' title='bbox 3584 3687 3810 3764; x_wconf 65' lang='lat' dir='ltr'><strong>Rapina;</strong></span> 
     </span>
    </p>
   </div>
   <div class='ocr_carea' id='block_1_90' title="bbox 2210 3773 3813 3854">
    <p class='ocr_par' dir='ltr' id='par_1_90' title="bbox 2210 3773 3813 3854">
     <span class='ocr_line' id='line_1_90' title="bbox 2210 3773 3813 3854; baseline -0.001 -23"><span class='ocrx_word' id='word_1_588' title='bbox 2210 3773 2440 3854; x_wconf 64' lang='grc' dir='ltr'>ἡμέρας,</span> <span class='ocrx_word' id='word_1_589' title='bbox 2486 3773 2724 3831; x_wconf 81' lang='grc' dir='ltr'>τουτέστι</span> <span class='ocrx_word' id='word_1_590' title='bbox 2783 3788 2928 3852; x_wconf 87' lang='grc' dir='ltr'>τρεῖς</span> <span class='ocrx_word' id='word_1_591' title='bbox 2981 3773 3294 3851; x_wconf 73' lang='grc' dir='ltr'>ἑϐδομάδας,</span> <span class='ocrx_word' id='word_1_592' title='bbox 3354 3776 3409 3833; x_wconf 81' lang='grc' dir='ltr'><strong>ἐν</strong></span> <span class='ocrx_word' id='word_1_593' title='bbox 3475 3791 3591 3842; x_wconf 87' lang='grc' dir='ltr'>τοῖς</span> <span class='ocrx_word' id='word_1_594' title='bbox 3648 3779 3813 3833; x_wconf 78' lang='grc' dir='ltr'>ἑαυτῶν</span> 
     </span>
    </p>
   </div>
   <div class='ocr_carea' id='block_1_91' title="bbox 2212 3862 3813 3946">
    <p class='ocr_par' dir='ltr' id='par_1_91' title="bbox 2212 3862 3813 3946">
     <span class='ocr_line' id='line_1_91' title="bbox 2212 3862 3813 3946; baseline 0 -26"><span class='ocrx_word' id='word_1_595' title='bbox 2212 3865 2479 3938; x_wconf 80' lang='grc' dir='ltr'>κτήμασιν</span> <span class='ocrx_word' id='word_1_596' title='bbox 2547 3863 2730 3928; x_wconf 69' lang='grc' dir='ltr'>αύτούς</span> <span class='ocrx_word' id='word_1_597' title='bbox 2792 3862 3018 3944; x_wconf 84' lang='grc' dir='ltr'>διάγειν,</span> <span class='ocrx_word' id='word_1_598' title='bbox 3078 3865 3165 3921; x_wconf 83' lang='grc' dir='ltr'><strong>καὶ</strong></span> <span class='ocrx_word' id='word_1_599' title='bbox 3221 3868 3278 3922; x_wconf 69' lang='grc' dir='ltr'><strong>ἐν</strong></span> <span class='ocrx_word' id='word_1_600' title='bbox 3337 3867 3404 3932; x_wconf 74' lang='grc' dir='ltr'><strong>τη</strong></span> <span class='ocrx_word' id='word_1_601' title='bbox 3484 3867 3813 3946; x_wconf 79' lang='grc' dir='ltr'>ἆγχιστεούσῃ</span> 
     </span>
    </p>
   </div>
   <div class='ocr_carea' id='block_1_92' title="bbox 2214 3950 3812 4032">
    <p class='ocr_par' dir='ltr' id='par_1_92' title="bbox 2214 3950 3812 4032">
     <span class='ocr_line' id='line_1_92' title="bbox 2214 3950 3812 4032; baseline -0.001 -21"><span class='ocrx_word' id='word_1_602' title='bbox 2214 3952 2531 4025; x_wconf 75' lang='grc' dir='ltr'>Ἐκκλησία,</span> <span class='ocrx_word' id='word_1_603' title='bbox 2575 3954 2632 4009; x_wconf 74' lang='grc' dir='ltr'>ἒν</span> <span class='ocrx_word' id='word_1_604' title='bbox 2661 3955 2697 4029; x_wconf 73' lang='grc' dir='ltr'>ᾗ</span> <span class='ocrx_word' id='word_1_605' title='bbox 2740 3950 3089 4032; x_wconf 80' lang='grc' dir='ltr'>πρεσϐύτερος</span> <span class='ocrx_word' id='word_1_606' title='bbox 3149 3955 3391 4032; x_wconf 83' lang='grc' dir='ltr'>συνάγοι,</span> <span class='ocrx_word' id='word_1_607' title='bbox 3455 3958 3586 4032; x_wconf 77' lang='grc' dir='ltr'>ὑπὲρ</span> <span class='ocrx_word' id='word_1_608' title='bbox 3626 3962 3709 4011; x_wconf 77' lang='grc' dir='ltr'>τοῦ</span> <span class='ocrx_word' id='word_1_609' title='bbox 3753 3955 3812 4022; x_wconf 77' lang='grc' dir='ltr'>μὴ</span> 
     </span>
    </p>
   </div>
   <div class='ocr_carea' id='block_1_93' title="bbox 2211 4041 3814 4125">
    <p class='ocr_par' dir='ltr' id='par_1_93' title="bbox 2211 4041 3814 4125">
     <span class='ocr_line' id='line_1_93' title="bbox 2211 4041 3814 4125; baseline -0.002 -27"><span class='ocrx_word' id='word_1_610' title='bbox 2211 4044 2378 4124; x_wconf 81' lang='grc' dir='ltr'>χωρὶς</span> <span class='ocrx_word' id='word_1_611' title='bbox 2434 4041 2787 4107; x_wconf 84' lang='grc' dir='ltr'>συνελεύσεως</span> <span class='ocrx_word' id='word_1_612' title='bbox 2840 4045 2996 4102; x_wconf 69' lang='grc' dir='ltr'>αὐτὸν</span> <span class='ocrx_word' id='word_1_613' title='bbox 3049 4043 3228 4100; x_wconf 80' lang='grc' dir='ltr'>δοκεῖν</span> <span class='ocrx_word' id='word_1_614' title='bbox 3289 4047 3460 4125; x_wconf 86' lang='grc' dir='ltr'>εἶναι,</span> <span class='ocrx_word' id='word_1_615' title='bbox 3507 4045 3814 4124; x_wconf 66' lang='grc' dir='ltr'>συνέρχεσθαι</span> 
     </span>
    </p>
   </div>
   <div class='ocr_carea' id='block_1_94' title="bbox 2207 4131 3816 4213">
    <p class='ocr_par' dir='ltr' id='par_1_94' title="bbox 2207 4131 3816 4213">
     <span class='ocr_line' id='line_1_94' title="bbox 2207 4131 3816 4213; baseline -0.003 -24"><span class='ocrx_word' id='word_1_616' title='bbox 2207 4134 2296 4189; x_wconf 86' lang='grc' dir='ltr'><strong>καὶ</strong></span> <span class='ocrx_word' id='word_1_617' title='bbox 2335 4131 2666 4210; x_wconf 84' lang='grc' dir='ltr'>λειτουργεῖν</span> <span class='ocrx_word' id='word_1_618' title='bbox 2698 4149 2713 4165; x_wconf 79' lang='grc' dir='ltr'><strong>ο</strong></span> <span class='ocrx_word' id='word_1_619' title='bbox 2761 4133 2849 4188; x_wconf 80' lang='grc' dir='ltr'><strong>καὶ</strong></span> <span class='ocrx_word' id='word_1_620' title='bbox 2881 4134 2959 4207; x_wconf 76' lang='grc' dir='ltr'>μὴ</span> <span class='ocrx_word' id='word_1_621' title='bbox 2992 4133 3378 4213; x_wconf 83' lang='grc' dir='ltr'>συνεχέστερον</span> <span class='ocrx_word' id='word_1_622' title='bbox 3425 4137 3502 4198; x_wconf 80' lang='grc' dir='ltr'><strong>εἰς</strong></span> <span class='ocrx_word' id='word_1_623' title='bbox 3553 4147 3647 4204; x_wconf 69' lang='grc' dir='ltr'>τὴν</span> <span class='ocrx_word' id='word_1_624' title='bbox 3687 4131 3816 4188; x_wconf 85' lang='grc' dir='ltr'>πόλιν</span> 
     </span>
    </p>
   </div>
   <div class='ocr_carea' id='block_1_95' title="bbox 2208 4220 3815 4303">
    <p class='ocr_par' dir='ltr' id='par_1_95' title="bbox 2208 4220 3815 4303">
     <span class='ocr_line' id='line_1_95' title="bbox 2208 4220 3815 4303; baseline -0.001 -27"><span class='ocrx_word' id='word_1_625' title='bbox 2208 4221 2262 4277; x_wconf 84' lang='grc' dir='ltr'><strong>ἐν</strong></span> <span class='ocrx_word' id='word_1_626' title='bbox 2293 4225 2330 4298; x_wconf 76' lang='grc' dir='ltr'><strong>ᾗ</strong></span> <span class='ocrx_word' id='word_1_627' title='bbox 2387 4220 2527 4276; x_wconf 84' lang='grc' dir='ltr'>ἐστιν</span> <span class='ocrx_word' id='word_1_628' title='bbox 2573 4220 2859 4286; x_wconf 84' lang='grc' dir='ltr'>ἐπίσκοπος</span> <span class='ocrx_word' id='word_1_629' title='bbox 2903 4224 3312 4300; x_wconf 88' lang='grc' dir='ltr'>παραγίγνοιτο.</span> <span class='ocrx_word' id='word_1_630' title='bbox 3358 4231 3558 4281; x_wconf 79' lang='grc' dir='ltr'>Τοῦτον</span> <span class='ocrx_word' id='word_1_631' title='bbox 3599 4225 3693 4303; x_wconf 71' lang='grc' dir='ltr'><strong>γὰρ</strong></span> <span class='ocrx_word' id='word_1_632' title='bbox 3743 4222 3815 4276; x_wconf 77' lang='grc' dir='ltr'>τὸν</span> 
     </span>
    </p>
   </div>
   <div class='ocr_carea' id='block_1_96' title="bbox 2207 4310 3814 4393">
    <p class='ocr_par' dir='ltr' id='par_1_96' title="bbox 2207 4310 3814 4393">
     <span class='ocr_line' id='line_1_96' title="bbox 2207 4310 3814 4393; baseline 0 -27"><span class='ocrx_word' id='word_1_633' title='bbox 2207 4312 2406 4389; x_wconf 84' lang='grc' dir='ltr'>τρόπον</span> <span class='ocrx_word' id='word_1_634' title='bbox 2440 4310 2621 4367; x_wconf 84' lang='grc' dir='ltr'>καὶτᾶ</span> <span class='ocrx_word' id='word_1_635' title='bbox 2665 4312 2840 4368; x_wconf 78' lang='grc' dir='ltr'>οἰκεῖα</span> <span class='ocrx_word' id='word_1_636' title='bbox 2884 4311 3044 4368; x_wconf 67' lang='grc' dir='ltr'>αὐτοῦ</span> <span class='ocrx_word' id='word_1_637' title='bbox 3086 4313 3375 4390; x_wconf 82' lang='grc' dir='ltr'>πράγματα</span> <span class='ocrx_word' id='word_1_638' title='bbox 3420 4316 3566 4393; x_wconf 77' lang='grc' dir='ltr'>παρὰ</span> <span class='ocrx_word' id='word_1_639' title='bbox 3609 4316 3698 4380; x_wconf 65' lang='grc' dir='ltr'>τὴν</span> <span class='ocrx_word' id='word_1_640' title='bbox 3736 4312 3814 4367; x_wconf 76' lang='grc' dir='ltr'><strong>αὖ·</strong></span> 
     </span>
    </p>
   </div>
   <div class='ocr_carea' id='block_1_97' title="bbox 2208 4397 3816 4483">
    <p class='ocr_par' dir='ltr' id='par_1_97' title="bbox 2208 4397 3816 4483">
     <span class='ocr_line' id='line_1_97' title="bbox 2208 4397 3816 4483; baseline -0.001 -28"><span class='ocrx_word' id='word_1_641' title='bbox 2208 4405 2300 4456; x_wconf 81' lang='grc' dir='ltr'>τοῦ</span> <span class='ocrx_word' id='word_1_642' title='bbox 2343 4398 2623 4470; x_wconf 83' lang='grc' dir='ltr'>ἀπουσίαν,</span> <span class='ocrx_word' id='word_1_643' title='bbox 2687 4397 2803 4458; x_wconf 71' lang='grc' dir='ltr'>οὐδὲ</span> <span class='ocrx_word' id='word_1_644' title='bbox 2859 4402 2982 4475; x_wconf 86' lang='grc' dir='ltr'>μίαν</span> <span class='ocrx_word' id='word_1_645' title='bbox 3039 4403 3302 4475; x_wconf 83' lang='grc' dir='ltr'>ὑπομενεῖ</span> <span class='ocrx_word' id='word_1_646' title='bbox 3355 4405 3581 4483; x_wconf 85' lang='grc' dir='ltr'>ζημίαν,</span> <span class='ocrx_word' id='word_1_647' title='bbox 3640 4403 3718 4459; x_wconf 84' lang='grc' dir='ltr'><strong>καὶ</strong></span> <span class='ocrx_word' id='word_1_648' title='bbox 3767 4400 3816 4454; x_wconf 77' lang='grc' dir='ltr'>τὸ</span> 
     </span>
    </p>
   </div>
   <div class='ocr_carea' id='block_1_98' title="bbox 2208 4488 3817 4572">
    <p class='ocr_par' dir='ltr' id='par_1_98' title="bbox 2208 4488 3817 4572">
     <span class='ocr_line' id='line_1_98' title="bbox 2208 4488 3817 4572; baseline -0.001 -27"><span class='ocrx_word' id='word_1_649' title='bbox 2208 4493 2305 4556; x_wconf 82' lang='grc' dir='ltr'>τῆς</span> <span class='ocrx_word' id='word_1_650' title='bbox 2383 4488 2693 4561; x_wconf 79' lang='grc' dir='ltr'>ἀλαζονείας</span> <span class='ocrx_word' id='word_1_651' title='bbox 2779 4489 2874 4546; x_wconf 79' lang='grc' dir='ltr'><strong>καί</strong></span> <span class='ocrx_word' id='word_1_652' title='bbox 2953 4493 3044 4547; x_wconf 77' lang='grc' dir='ltr'>τοῦ</span> <span class='ocrx_word' id='word_1_653' title='bbox 3114 4493 3273 4572; x_wconf 77' lang='grc' dir='ltr'>τύφου</span> <span class='ocrx_word' id='word_1_654' title='bbox 3329 4492 3595 4550; x_wconf 84' lang='grc' dir='ltr'>ἐκκλίνειν</span> <span class='ocrx_word' id='word_1_655' title='bbox 3650 4491 3817 4555; x_wconf 76' lang='grc' dir='ltr'>δόξειεν</span> 
     </span>
    </p>
   </div>
   <div class='ocr_carea' id='block_1_99' title="bbox 2147 4571 2480 4656">
    <p class='ocr_par' dir='ltr' id='par_1_99' title="bbox 2147 4571 2480 4656">
     <span class='ocr_line' id='line_1_99' title="bbox 2147 4571 2480 4656; baseline 0.003 -23"><span class='ocrx_word' id='word_1_656' title='bbox 2147 4571 2190 4622; x_wconf 82' lang='lat' dir='ltr'><strong>D</strong></span> <span class='ocrx_word' id='word_1_657' title='bbox 2206 4575 2454 4656; x_wconf 67' lang='grc' dir='ltr'>ἔγκλημα</span> <span class='ocrx_word' id='word_1_658' title='bbox 2465 4625 2480 4642; x_wconf 87' lang='grc'><strong>.</strong></span> 
     </span>
    </p>
   </div>
   <div class='ocr_carea' id='block_1_100' title="bbox 2287 4665 3204 4732">
    <p class='ocr_par' dir='ltr' id='par_1_100' title="bbox 2287 4665 3204 4732">
     <span class='ocr_line' id='line_1_100' title="bbox 2287 4665 3204 4732; baseline 0 -9"><span class='ocrx_word' id='word_1_659' title='bbox 2287 4665 2560 4732; x_wconf 71' lang='grc' dir='ltr'>’Ἅπαντες</span> <span class='ocrx_word' id='word_1_660' title='bbox 2592 4670 2638 4723; x_wconf 78' lang='grc' dir='ltr'>οἱ</span> <span class='ocrx_word' id='word_1_661' title='bbox 2668 4667 2950 4726; x_wconf 78' lang='grc' dir='ltr'>ἐπίσκοποι</span> <span class='ocrx_word' id='word_1_662' title='bbox 2995 4669 3155 4726; x_wconf 71' lang='grc' dir='ltr'>εἶπον</span> <span class='ocrx_word' id='word_1_663' title='bbox 3189 4686 3204 4703; x_wconf 77' lang='grc' dir='ltr'><strong>ο</strong></span> 
     </span>
    </p>
   </div>
   <div class='ocr_carea' id='block_1_101' title="bbox 2204 4755 2622 4825">
    <p class='ocr_par' dir='ltr' id='par_1_101' title="bbox 2204 4755 2622 4825">
     <span class='ocr_line' id='line_1_101' title="bbox 2204 4755 2622 4825; baseline 0.007 -12"><span class='ocrx_word' id='word_1_664' title='bbox 2204 4756 2237 4825; x_wconf 72' lang='grc' dir='ltr'>ἡ</span> <span class='ocrx_word' id='word_1_665' title='bbox 2273 4755 2622 4820; x_wconf 77' lang='grc' dir='ltr'>διατύπωσις.</span> 
     </span>
    </p>
   </div>
   <div class='ocr_carea' id='block_1_102' title="bbox 2285 4844 3815 4927">
    <p class='ocr_par' dir='ltr' id='par_1_102' title="bbox 2285 4844 3815 4927">
     <span class='ocr_line' id='line_1_102' title="bbox 2285 4844 3815 4927; baseline -0.002 -26"><span class='ocrx_word' id='word_1_666' title='bbox 2285 4844 2408 4920; x_wconf 74' lang='grc' dir='ltr'><strong>ις’.</strong></span> <span class='ocrx_word' id='word_1_667' title='bbox 2455 4845 2658 4910; x_wconf 82' lang='grc' dir='ltr'>Ἀἐτιος</span> <span class='ocrx_word' id='word_1_668' title='bbox 2689 4846 2979 4912; x_wconf 84' lang='grc' dir='ltr'>ἐπίσκοπος</span> <span class='ocrx_word' id='word_1_669' title='bbox 3011 4847 3169 4904; x_wconf 72' lang='grc' dir='ltr'>εἶπεν</span> <span class='ocrx_word' id='word_1_670' title='bbox 3202 4865 3218 4882; x_wconf 86' lang='grc'><strong>·</strong></span> <span class='ocrx_word' id='word_1_671' title='bbox 3253 4850 3362 4906; x_wconf 68' lang='grc' dir='ltr'><strong>Οὔκ</strong></span> <span class='ocrx_word' id='word_1_672' title='bbox 3390 4849 3642 4927; x_wconf 79' lang='grc' dir='ltr'>ἀγνοεῖτε</span> <span class='ocrx_word' id='word_1_673' title='bbox 3684 4846 3815 4904; x_wconf 72' lang='grc' dir='ltr'>ὁποία</span> 
     </span>
    </p>
   </div>
   <div class='ocr_carea' id='block_1_103' title="bbox 2202 4933 3814 5016">
    <p class='ocr_par' dir='ltr' id='par_1_103' title="bbox 2202 4933 3814 5016">
     <span class='ocr_line' id='line_1_103' title="bbox 2202 4933 3814 5016; baseline 0.001 -26"><span class='ocrx_word' id='word_1_674' title='bbox 2202 4934 2290 4992; x_wconf 88' lang='grc' dir='ltr'><strong>καὶ</strong></span> <span class='ocrx_word' id='word_1_675' title='bbox 2332 4933 2538 5002; x_wconf 89' lang='grc' dir='ltr'>πηλίκη</span> <span class='ocrx_word' id='word_1_676' title='bbox 2581 4936 2839 5016; x_wconf 84' lang='grc' dir='ltr'>τυγχάνει</span> <span class='ocrx_word' id='word_1_677' title='bbox 2897 4939 2932 5005; x_wconf 81' lang='grc' dir='ltr'><strong>ἡ</strong></span> <span class='ocrx_word' id='word_1_678' title='bbox 2981 4943 3089 4992; x_wconf 87' lang='grc' dir='ltr'><strong>τῶν</strong></span> <span class='ocrx_word' id='word_1_679' title='bbox 3149 4937 3588 4996; x_wconf 77' lang='grc' dir='ltr'>Θεσσαλονικέων</span> <span class='ocrx_word' id='word_1_680' title='bbox 3629 4933 3814 5012; x_wconf 76' lang='grc' dir='ltr'>μητρό-</span> 
     </span>
    </p>
   </div>
   <div class='ocr_carea' id='block_1_104' title="bbox 2202 5022 3816 5105">
    <p class='ocr_par' dir='ltr' id='par_1_104' title="bbox 2202 5022 3816 5105">
     <span class='ocr_line' id='line_1_104' title="bbox 2202 5022 3816 5105; baseline 0.001 -25"><span class='ocrx_word' id='word_1_681' title='bbox 2202 5022 2380 5086; x_wconf 88' lang='grc' dir='ltr'>πολις.</span> <span class='ocrx_word' id='word_1_682' title='bbox 2437 5023 2704 5088; x_wconf 84' lang='grc' dir='ltr'>Πολλάκις</span> <span class='ocrx_word' id='word_1_683' title='bbox 2763 5033 3041 5105; x_wconf 82' lang='grc' dir='ltr'>τοιγαροῦν</span> <span class='ocrx_word' id='word_1_684' title='bbox 3093 5028 3166 5091; x_wconf 83' lang='grc' dir='ltr'><strong>είς</strong></span> <span class='ocrx_word' id='word_1_685' title='bbox 3222 5027 3424 5095; x_wconf 88' lang='grc' dir='ltr'>ταύτην</span> <span class='ocrx_word' id='word_1_686' title='bbox 3491 5028 3599 5085; x_wconf 80' lang='grc' dir='ltr'><strong>ἀπὸ</strong></span> <span class='ocrx_word' id='word_1_687' title='bbox 3647 5026 3816 5102; x_wconf 71' lang='grc' dir='ltr'>ἑτέρωι</span> 
     </span>
    </p>
   </div>
   <div class='ocr_carea' id='block_1_105' title="bbox 2202 5111 3814 5197">
    <p class='ocr_par' dir='ltr' id='par_1_105' title="bbox 2202 5111 3814 5197">
     <span class='ocr_line' id='line_1_105' title="bbox 2202 5111 3814 5197; baseline -0.001 -28"><span class='ocrx_word' id='word_1_688' title='bbox 2202 5115 2481 5194; x_wconf 64' lang='grc' dir='ltr'>ἐπαρχιῶν</span> <span class='ocrx_word' id='word_1_689' title='bbox 2551 5111 2892 5194; x_wconf 82' lang='grc' dir='ltr'>πρεσϐύτεροι</span> <span class='ocrx_word' id='word_1_690' title='bbox 2960 5117 3048 5172; x_wconf 85' lang='grc' dir='ltr'><strong>καὶ</strong></span> <span class='ocrx_word' id='word_1_691' title='bbox 3111 5114 3347 5173; x_wconf 82' lang='grc' dir='ltr'>διάκονοι</span> <span class='ocrx_word' id='word_1_692' title='bbox 3405 5119 3771 5197; x_wconf 85' lang='grc' dir='ltr'>παραγίνονται</span> <span class='ocrx_word' id='word_1_693' title='bbox 3802 5128 3814 5144; x_wconf 88' lang='grc'><em>’</em></span> 
     </span>
    </p>
   </div>
   <div class='ocr_carea' id='block_1_106' title="bbox 3266 4667 3815 4749">
    <p class='ocr_par' dir='ltr' id='par_1_106' title="bbox 3266 4667 3815 4749">
     <span class='ocr_line' id='line_1_106' title="bbox 3266 4667 3815 4749; baseline -0.009 -22"><span class='ocrx_word' id='word_1_694' title='bbox 3266 4669 3511 4749; x_wconf 80' lang='grc' dir='ltr'>Ἀρέσκει</span> <span class='ocrx_word' id='word_1_695' title='bbox 3568 4671 3653 4727; x_wconf 82' lang='grc' dir='ltr'><strong>καὶ</strong></span> <span class='ocrx_word' id='word_1_696' title='bbox 3705 4667 3815 4730; x_wconf 67' lang='grc' dir='ltr'>αὕτη</span> 
     </span>
    </p>
   </div>
   <div class='ocr_carea' id='block_1_107' title="bbox 472 5199 2128 5286">
    <p class='ocr_par' dir='ltr' id='par_1_107' title="bbox 472 5199 2119 5282">
     <span class='ocr_line' id='line_1_107' title="bbox 472 5199 2119 5282; baseline 0.001 -21"><span class='ocrx_word' id='word_1_697' title='bbox 472 5200 771 5275; x_wconf 91' lang='lat' dir='ltr'><strong>contenti,</strong></span> <span class='ocrx_word' id='word_1_698' title='bbox 807 5209 1183 5280; x_wconf 88' lang='lat' dir='ltr'><strong>permanent,</strong></span> <span class='ocrx_word' id='word_1_699' title='bbox 1217 5209 1277 5262; x_wconf 90' lang='lat' dir='ltr'><strong>et</strong></span> <span class='ocrx_word' id='word_1_700' title='bbox 1308 5219 1487 5264; x_wconf 92' lang='lat' dir='ltr'><strong>omne</strong></span> <span class='ocrx_word' id='word_1_701' title='bbox 1521 5209 1758 5282; x_wconf 90' lang='lat' dir='ltr'><strong>tempus</strong></span> <span class='ocrx_word' id='word_1_702' title='bbox 1789 5199 1912 5262; x_wconf 91' lang='lat' dir='ltr'><strong>illic</strong></span> <span class='ocrx_word' id='word_1_703' title='bbox 1943 5219 2119 5279; x_wconf 87' lang='lat' dir='ltr'><strong>agen-</strong></span> 
     </span>
    </p>
   </div>
   <div class='ocr_carea' id='block_1_108' title="bbox 2221 5199 3817 5286">
    <p class='ocr_par' dir='ltr' id='par_1_108' title="bbox 2221 5201 3817 5286">
     <span class='ocr_line' id='line_1_108' title="bbox 2221 5201 3817 5286; baseline 0 -28"><span class='ocrx_word' id='word_1_704' title='bbox 2221 5205 2287 5259; x_wconf 85' lang='grc' dir='ltr'>ιαὶ</span> <span class='ocrx_word' id='word_1_705' title='bbox 2331 5205 2427 5260; x_wconf 79' lang='grc' dir='ltr'><strong>οὐκ</strong></span> <span class='ocrx_word' id='word_1_706' title='bbox 2492 5204 2809 5283; x_wconf 83' lang='grc' dir='ltr'>ἀρκούμενοι</span> <span class='ocrx_word' id='word_1_707' title='bbox 2879 5205 3108 5285; x_wconf 80' lang='grc' dir='ltr'>βραχείᾳ</span> <span class='ocrx_word' id='word_1_708' title='bbox 3164 5203 3407 5284; x_wconf 78' lang='grc' dir='ltr'>διαγωγῇ</span> <span class='ocrx_word' id='word_1_709' title='bbox 3465 5207 3683 5286; x_wconf 83' lang='grc' dir='ltr'>χρόνου,</span> <span class='ocrx_word' id='word_1_710' title='bbox 3740 5201 3817 5258; x_wconf 79' lang='grc' dir='ltr'>ἑν-</span> 
     </span>
    </p>
   </div>
   <div class='ocr_carea' id='block_1_109' title="bbox 477 5288 2128 5375">
    <p class='ocr_par' dir='ltr' id='par_1_109' title="bbox 477 5288 2113 5373">
     <span class='ocr_line' id='line_1_109' title="bbox 477 5288 2113 5373; baseline 0.002 -25"><span class='ocrx_word' id='word_1_711' title='bbox 477 5295 569 5349; x_wconf 91' lang='lat' dir='ltr'><strong>tes</strong></span> <span class='ocrx_word' id='word_1_712' title='bbox 627 5288 1011 5367; x_wconf 85' lang='lat' dir='ltr'><strong>transigunt;</strong></span> <span class='ocrx_word' id='word_1_713' title='bbox 1060 5290 1152 5353; x_wconf 89' lang='lat' dir='ltr'><strong>vel</strong></span> <span class='ocrx_word' id='word_1_714' title='bbox 1202 5289 1294 5352; x_wconf 87' lang='lat' dir='ltr'><strong>vix</strong></span> <span class='ocrx_word' id='word_1_715' title='bbox 1353 5290 1594 5353; x_wconf 88' lang='lat' dir='ltr'><strong>tandem</strong></span> <span class='ocrx_word' id='word_1_716' title='bbox 1629 5297 1761 5373; x_wconf 90' lang='lat' dir='ltr'><strong>post</strong></span> <span class='ocrx_word' id='word_1_717' title='bbox 1789 5290 2113 5372; x_wconf 91' lang='lat' dir='ltr'><strong>plurimum</strong></span> 
     </span>
    </p>
   </div>
   <div class='ocr_carea' id='block_1_110' title="bbox 2221 5288 3813 5375">
    <p class='ocr_par' dir='ltr' id='par_1_110' title="bbox 2221 5293 3813 5375">
     <span class='ocr_line' id='line_1_110' title="bbox 2221 5293 3813 5375; baseline 0 -26"><span class='ocrx_word' id='word_1_718' title='bbox 2221 5295 2552 5368; x_wconf 84' lang='grc' dir='ltr'>ιπομένουσι,</span> <span class='ocrx_word' id='word_1_719' title='bbox 2586 5294 2673 5350; x_wconf 86' lang='grc' dir='ltr'><strong>καὶ</strong></span> <span class='ocrx_word' id='word_1_720' title='bbox 2716 5293 2926 5354; x_wconf 74' lang='grc' dir='ltr'>ἅπαντα</span> <span class='ocrx_word' id='word_1_721' title='bbox 2975 5297 3066 5352; x_wconf 64' lang='grc' dir='ltr'><strong>τὸν</strong></span> <span class='ocrx_word' id='word_1_722' title='bbox 3110 5294 3308 5375; x_wconf 83' lang='grc' dir='ltr'>χρόνον</span> <span class='ocrx_word' id='word_1_723' title='bbox 3353 5296 3531 5353; x_wconf 76' lang='grc' dir='ltr'>αὐτόοί</span> <span class='ocrx_word' id='word_1_724' title='bbox 3562 5304 3813 5353; x_wconf 77' lang='grc' dir='ltr'>ποιοῦντες</span> 
     </span>
    </p>
   </div>
   <div class='ocr_carea' id='block_1_111' title="bbox 471 5376 2128 5464">
    <p class='ocr_par' dir='ltr' id='par_1_111' title="bbox 471 5376 2114 5461">
     <span class='ocr_line' id='line_1_111' title="bbox 471 5376 2114 5461; baseline 0.004 -24"><span class='ocrx_word' id='word_1_725' title='bbox 471 5383 710 5458; x_wconf 88' lang='lat' dir='ltr'><strong>tempus</strong></span> <span class='ocrx_word' id='word_1_726' title='bbox 740 5377 797 5438; x_wconf 90' lang='lat' dir='ltr'><strong>in</strong></span> <span class='ocrx_word' id='word_1_727' title='bbox 831 5395 970 5438; x_wconf 87' lang='lat' dir='ltr'><strong>suas</strong></span> <span class='ocrx_word' id='word_1_728' title='bbox 1001 5376 1302 5442; x_wconf 88' lang='lat' dir='ltr'><strong>Ecclesias</strong></span> <span class='ocrx_word' id='word_1_729' title='bbox 1332 5383 1550 5444; x_wconf 87' lang='lat' dir='ltr'><strong>reverti</strong></span> <span class='ocrx_word' id='word_1_730' title='bbox 1585 5389 1900 5461; x_wconf 85' lang='lat' dir='ltr'><strong>coguntur.</strong></span> <span class='ocrx_word' id='word_1_731' title='bbox 1935 5381 2019 5444; x_wconf 91' lang='lat' dir='ltr'><strong>De</strong></span> <span class='ocrx_word' id='word_1_732' title='bbox 2040 5381 2114 5446; x_wconf 91' lang='lat' dir='ltr'><strong>iis</strong></span> 
     </span>
    </p>
   </div>
   <div class='ocr_carea' id='block_1_112' title="bbox 2221 5376 3814 5464">
    <p class='ocr_par' dir='ltr' id='par_1_112' title="bbox 2221 5378 3814 5464">
     <span class='ocr_line' id='line_1_112' title="bbox 2221 5378 3814 5464; baseline 0.001 -26"><span class='ocrx_word' id='word_1_733' title='bbox 2221 5381 2546 5456; x_wconf 73' lang='grc' dir='ltr'>ἴιατελοῦσιν,</span> <span class='ocrx_word' id='word_1_734' title='bbox 2589 5382 2624 5450; x_wconf 74' lang='grc' dir='ltr'>ἢ</span> <span class='ocrx_word' id='word_1_735' title='bbox 2682 5383 2841 5459; x_wconf 90' lang='grc' dir='ltr'>μολις</span> <span class='ocrx_word' id='word_1_736' title='bbox 2887 5385 3024 5460; x_wconf 84' lang='grc' dir='ltr'>μετᾶ</span> <span class='ocrx_word' id='word_1_737' title='bbox 3066 5383 3325 5441; x_wconf 88' lang='grc' dir='ltr'>πλεῖστον</span> <span class='ocrx_word' id='word_1_738' title='bbox 3369 5385 3570 5464; x_wconf 88' lang='grc' dir='ltr'>χρόνον</span> <span class='ocrx_word' id='word_1_739' title='bbox 3639 5385 3709 5446; x_wconf 75' lang='grc' dir='ltr'>εἷς</span> <span class='ocrx_word' id='word_1_740' title='bbox 3760 5378 3814 5435; x_wconf 68' lang='grc' dir='ltr'>τὰ</span> 
     </span>
    </p>
   </div>
   <div class='ocr_carea' id='block_1_113' title="bbox 472 5465 2128 5556">
    <p class='ocr_par' dir='ltr' id='par_1_113' title="bbox 472 5465 1202 5546">
     <span class='ocr_line' id='line_1_113' title="bbox 472 5465 1202 5546; baseline 0.004 -18"><span class='ocrx_word' id='word_1_741' title='bbox 472 5483 615 5546; x_wconf 87' lang='lat' dir='ltr'><strong>ergo</strong></span> <span class='ocrx_word' id='word_1_742' title='bbox 648 5465 1059 5530; x_wconf 80' lang='lat' dir='ltr'><strong>deﬁniendum</strong></span> <span class='ocrx_word' id='word_1_743' title='bbox 1089 5476 1202 5531; x_wconf 89' lang='lat' dir='ltr'><strong>est.</strong></span> 
     </span>
    </p>
   </div>
   <div class='ocr_carea' id='block_1_114' title="bbox 2221 5465 3812 5556">
    <p class='ocr_par' dir='ltr' id='par_1_114' title="bbox 2221 5465 3812 5556">
     <span class='ocr_line' id='line_1_114' title="bbox 2221 5465 3812 5556; baseline -0.001 -28"><span class='ocrx_word' id='word_1_744' title='bbox 2221 5472 2393 5529; x_wconf 88' lang='grc' dir='ltr'>αυτῶν</span> <span class='ocrx_word' id='word_1_745' title='bbox 2450 5470 2723 5528; x_wconf 78' lang='grc' dir='ltr'>ἐπανιέναι</span> <span class='ocrx_word' id='word_1_746' title='bbox 2813 5469 3143 5544; x_wconf 82' lang='grc' dir='ltr'>Ἐκκλησίας</span> <span class='ocrx_word' id='word_1_747' title='bbox 3225 5473 3640 5556; x_wconf 79' lang='grc' dir='ltr'>ἀναγκάζονται,</span> <span class='ocrx_word' id='word_1_748' title='bbox 3701 5465 3812 5544; x_wconf 78' lang='grc' dir='ltr'>Περΐ</span> 
     </span>
    </p>
   </div>
   <div class='ocr_carea' id='block_1_115' title="bbox 2191 5561 2806 5640">
    <p class='ocr_par' dir='ltr' id='par_1_115' title="bbox 2191 5561 2806 5640">
     <span class='ocr_line' id='line_1_115' title="bbox 2191 5561 2806 5640; baseline -0.002 -20"><span class='ocrx_word' id='word_1_749' title='bbox 2191 5561 2388 5621; x_wconf 78' lang='grc' dir='ltr'>τούτων</span> <span class='ocrx_word' id='word_1_750' title='bbox 2420 5563 2507 5620; x_wconf 80' lang='grc' dir='ltr'><strong>οὗν</strong></span> <span class='ocrx_word' id='word_1_751' title='bbox 2538 5561 2806 5640; x_wconf 83' lang='grc' dir='ltr'>ὁριστέον,</span> 
     </span>
    </p>
   </div>
   <div class='ocr_carea' id='block_1_116' title="bbox 548 5677 918 5758">
    <p class='ocr_par' dir='ltr' id='par_1_116' title="bbox 548 5677 918 5758">
     <span class='ocr_line' id='line_1_116' title="bbox 548 5677 918 5758; baseline 0 -18"><span class='ocrx_word' id='word_1_752' title='bbox 548 5679 610 5732; x_wconf 72' lang='grc'><strong>75</strong></span> <span class='ocrx_word' id='word_1_753' title='bbox 633 5677 786 5758; x_wconf 85' lang='lat' dir='ltr'><strong>Dist.</strong></span> <span class='ocrx_word' id='word_1_754' title='bbox 819 5677 918 5741; x_wconf 83' lang='lat' dir='ltr'><strong>7t.</strong></span> 
     </span>
    </p>
   </div>
  </div>
