4004 6230
491 300 609 366 663

1686 298 1951 366 ΡΗΟΤΙΙ
2000 301 2514 365 PATRIARCHE
2554 302 2668 364 ΟΡ.

3677 297 3771 364 664

490 435 894 524 Synudiquc
921 440 1130 524 prima
1161 442 1215 500 et
1246 435 1512 524 secunda
1541 447 1945 524 nuncupatur
1973 437 2140 524 Gon-

2230 437 2454 495 Συνόδου
2515 435 2566 492 α’
2637 435 2733 493 καῖ
2805 432 2856 512 β’
2927 437 3372 514 συγκροτηθείσης
3429 435 3478 491 ἐν
3547 443 3775 491 Κωνσταν-

570 516 978 598 stantihOpoli
1024 521 1088 578 in
1147 516 1367 597 templo
1415 516 1781 598 Sanctorum
1811 519 2141 598 Apostolo-

572 617 709 661 rum
738 597 1119 676 congregata
1150 615 1346 660 canon
1380 597 1479 659 l6.

571 719 832 794 Propter
864 714 1282 776 contentiones
1312 723 1490 795 atque
1539 714 1854 791 tumultus,
1891 725 2035 794 etc.,
2070 725 2142 779 ut

489 807 813 887 pag.486.

573 899 783 957 Const.
813 895 912 969 42,
969 895 1066 957 tit.
1099 894 1161 968 3,
1195 894 1302 956 lib.
1335 911 1356 956 ι
1405 895 1539 957 cod.
1593 897 1676 957 ait
1711 917 1724 960 :
1767 895 1855 959 Ob
1891 897 2140 959 multum

492 991 737 1047 omnino
767 983 1069 1064 negotium
1107 984 1828 1065 citrajussum-principis
1853 988 2143 1049 Constan-

495 1075 748 1154 tinopoli
780 1075 1102 1154 episcopus
1128 1083 1277 1148 esto,
1303 1073 1407 1135 sed
1440 1075 1864 1153 apocrisiarios
1897 1077 2138 1139 mittito.

495 1165 606 1238 Qui
638 1163 1097 1242 transgreditur,
1129 1163 1185 1242 [a
1217 1163 1575 1241 sacerdotio]
1611 1177 2057 1239 removetur,ac
2083 1165 2144 1226 in

493 1254 960 1333 indignationem
1023 1251 1302 1315 incurrit.
1366 1254 1567 1315 Const.
1622 1260 1823 1315 autem
1863 1256 1918 1328 1,
1959 1256 2048 1318 tit.
2083 1257 2144 1336 1,

497 1343 879 1407 Novellarum
909 1341 992 1402 ait
1019 1361 1030 1400 :
1087 1340 1300 1402 Nullus
1325 1341 1646 1422 episcopus
1675 1361 1706 1404 a
1738 1361 1846 1403 sua
1877 1342 2147 1406 Ecclesia

498 1433 758 1514 amplius
787 1451 1034 1507 annum,
1069 1431 1187 1492 nisi
1220 1449 1292 1493 ex
1351 1432 1642 1512 principis
1681 1433 1876 1512 jussu,
1911 1433 2140 1498 abesto.

496 1523 860 1585 Patriarchze
890 1522 1022 1582 illos
1057 1520 1121 1581 in
1173 1520 1464 1583 Ecclesiis
1517 1521 1641 1582 suis
1677 1522 2004 1602 perdurare
2033 1542 2140 1584 co-

499 1618 711 1692 gunto.
755 1611 817 1674 Si
855 1611 1036 1691 [quis]
1068 1628 1208 1672 vero
1243 1610 1391 1671 citra
1438 1610 1882 1693 imperatoriam
1913 1612 2141 1691 jussio-

500 1719 637 1762 nem
670 1701 827 1762 ultra
882 1719 1105 1761 annum
1161 1699 1334 1774 absit,
1400 1701 1530 1780 ejus
1560 1709 1779 1762 tractus
1807 1703 2142 1782 patriarcha

2305 516 2633 597 τινουπόλει,
2679 517 2732 574 ἐν
2787 520 2862 578 τῶ
2919 522 3028 590 ναῷ
3087 519 3193 573 τῶν
3249 517 3436 595 Ἀγίων
3477 515 3775 589 Ἀποστὸλων,

2300 599 2476 656 κανὼν
2510 598 2633 672 ις’.

2308 719 2406 776 Διὰ
2432 719 2526 781 τὰς
2556 718 2876 796 φιλονεικίας
2908 739 2964 774 τε
2999 718 3086 774 καὶ
3117 717 3380 798 ταραχὰς,
3413 740 3464 774 κ.
3497 739 3544 778 τ,
3571 714 3618 777 λ,

2310 887 2371 952 Ἠ
2423 893 2513 972 μβ’
2557 894 2789 960 διάταξις
2821 904 2912 953 τοῦ
2942 895 2993 974 γ’
3025 897 3127 957 τίτ.
3164 903 3254 952 “co-3
3310 895 3362 951 α’
3404 895 3539 972 βιϐλ.
3590 900 3664 950 τοῦ
3688 889 3788 954 κώδ,

2227 989 2411 1066 φησὶν,
2444 986 2524 1042 ὅτι
2557 985 2889 1050 Ἐπίσκοπος
2920 986 2997 1064 ἐφ’
3045 983 3341 1060 οἶῳδῆποτε
3393 987 3644 1062 πράγματι
3685 984 3790 1055 παρὰ

2227 1076 2466 1130 κέλευσιν
2523 1074 2809 1149 βασιλέως,
2887 1074 2939 1130 ἐν
3016 1075 3564 1132 Κωνσταντινουπόλει
3618 1074 3682 1145 μὴ
3730 1095 3796 1145 γι·

2231 1164 2418 1238 νὲσΘω,
2482 1163 2602 1220 ἀλλ’
2654 1164 3086 1242 ἀποκρισιαρίους
3132 1162 3398 1220 στελλὲτω
3433 1180 3446 1192 ⁸
3494 1167 3518 1218 ὁ
3568 1160 3614 1216 δὲ
3659 1183 3794 1235 παρι-

2227 1253 2421 1310 ϐαίνων
2487 1255 2866 1332 ἀγανακτεῖται
2912 1256 3000 1310 καὶ
3051 1254 3375 1334 ἀφορίζεται,
3411 1252 3471 1309 Ἠ
3507 1251 3556 1308 δὲ
3597 1250 3640 1306 α’
3693 1250 3795 1309 ὃιᾶτ,

2227 1352 2318 1402 τοῦ
2351 1343 2398 1400 α’
2445 1345 2546 1406 τίτ,
2579 1351 2684 1400 τῶν
2718 1350 2934 1420 Νεαρῶν
2966 1344 3117 1422 φησί’
3176 1343 3368 1410 Μηδεὶς
3428 1343 3690 1400 ἐπίσκοπος
3728 1338 3802 1402 ἔξω

2230 1434 2324 1501 τῆς
2357 1435 2513 1489 αὖτοῦ
2545 1431 2888 1506 Ἐκκλησίας,
2921 1432 3082 1489 πλέον
3111 1435 3351 1492 hvmo-:05
3380 1430 3800 1505 ἀπολιμπανέσθω,

2228 1524 2271 1579 εἰ
2343 1524 2420 1589 μὴ
2480 1524 2616 1578 κατὰ
2679 1521 2960 1598 βασιλικὴν
3021 1521 3284 1596 κέλευσιν,
3346 1530 3451 1579 τῶν
3511 1523 3803 1597 πατριαρχὼν

2227 1611 2636 1690 ἀναγκαζόντων
2671 1612 2879 1686 αὖτοὺς,
2925 1624 3046 1674 ταῖς
3106 1611 3276 1666 αὐτῶν
3310 1609 3645 1676 Ἐκκλησίαις
3671 1626 3804 1684 προσ-

2227 1714 2529 1778 καρτερεῖν.
2579 1702 2635 1758 El
2677 1699 2733 1756 δὲ
2778 1701 2919 1776 παρά
2971 1699 3254 1772 βασιλικὴν
3309 1699 3567 1773 κέλευσιν,
3601 1697 3716 1773 πέρα
3741 1701 3809 1750 τοῦ

501 1808 808 1851 sacrorum
847 1807 1143 1851 canonum
1210 1789 1342 1850 I98
1393 1791 1873 1870 praescriptiones
1923 1791 2135 1854 obser—

2226 1798 2460 1854 ξνιαυτοῦ
2516 1790 2886 1868 ἀπολειφθείη,
2948 1792 2975 1845 ὁ
3033 1796 3122 1847 τοῦ
3202 1791 3460 1864 κλίματος
3517 1787 3807 1865 πατριάρχης

501 1898 666 1953 vans,
698 1878 1074 1941 solemnibus
1104 1879 1298 1958 ipsum
1328 1889 1535 1940 vocato
1570 1880 1804 1943 edictis:
1839 1889 1898 1942 et
1925 1882 1974 1942 si
2006 1900 2136 1942 om-

502 1968 648 2030 nino
697 1967 1123 2047 immorigerus
1155 1977 1415 2041 maneat,
1453 1968 1648 2049 ipsum
1684 1969 1756 2030 ab
1791 1969 2138 2052 episcopatu

504 2057 815 2139 depellito,
849 2064 1031 2137 atque
1061 2056 1244 2118 alium
1279 2056 1479 2119 facito.
1514 2057 1573 2119 Si
1607 2075 1741 2120 vero
1775 2078 1890 2120 non
1925 2067 2142 2122 metro-

504 2147 832 2229 politanus,
894 2147 999 2208 sed
1060 2146 1211 2208 alius
1261 2151 1580 2227 episcopus
1612 2150 1711 2215 sit,
1748 2148 1850 2228 qui
1881 2157 2141 2225 emanet,

505 2237 1000 2317 metropolitauus
1025 2235 1311 2317 praedicta
1341 2255 1522 2316 super
1552 2237 1652 2298 illo
1688 2237 1887 2300 facito.
1919 2236 2141 2300 Verum

504 2325 554 2388 si
577 2334 899 2388 causentur
951 2325 1024 2387 ob
1067 2325 1367 2405 propriam
1399 2325 1948 2388 ecclesiasticamve
1979 2328 2141 2388 litem

507 2419 589 2493 [se
620 2414 972 2492 Ecclesiam]
1001 2413 1282 2476 deserere
1307 2414 1552 2477 debere:
1583 2415 1815 2477 libellos
1846 2417 2147 2497 supplices

506 2506 580 2567 ad
604 2503 1051 2583 imperatoriam
1081 2504 1448 2582 majestatem
1477 2523 1585 2584 per
1602 2506 2151 2578 ceconomos,cleri-

507 2601 741 2663 cos,aut
760 2591 1184 2672 apocrisiarios
1209 2593 1513 2666 mittunto,
1548 2612 1679 2673 qua:
1700 2595 1757 2654 in
1780 2594 2018 2675 [rebus]
2052 2614 2151 2656 ec-

507 2681 860 2745 clesiasticis
885 2680 1253 2753 desiderant,
1289 2682 1958 2760 impetraturi.Proinde
1988 2694 2149 2747 ante-

507 2789 682 2852 quam
707 2769 1038 2833 secundum
1073 2787 1337 2830 canones
1367 2769 1601 2832 litteras
1633 2773 2149 2836 commendatitias

513 2863 602 2942 (ut
631 2859 946 2938 vocantur)
972 2876 1102 2939 qum
1122 2859 1536 2920 testimonium
1561 2860 1638 2922 de
1659 2866 2016 2926 necessitate
2035 2881 2146 2944 pe-

506 2948 926 3029 regrinationis
949 2966 1070 3008 sure
1093 2947 1515 3027 perhibeant,a
1547 2951 2006 3032 metropolitano
2038 2971 2144 3015 suo

505 3040 580 3102 ad
604 3037 1047 3119 imperatoriam
1070 3039 1440 3117 majestatem
1465 3041 1789 3120 acceperit:
1828 3041 2146 3123 episcopus

2222 1880 2380 1937 αὒτὸν
2421 1881 2651 1937 καλείτω
2694 1893 2811 1944 τοῖς
2855 1879 3256 1954 νενομισμένοις
3289 1881 3612 1956 κηρύγμασι,
3649 1876 3812 1956 φυλάτ-

2224 1992 2331 2026 των
2389 1971 2484 2038 τὴν
2543 1975 2650 2025 τῶν
2712 1971 2866 2046 ἱερῶν
2924 1971 3158 2026 κανόνων
3215 1971 3608 2046 παρατήρησιν.
3668 1967 3714 2023 Εἰ

2225 2061 2395 2133 μείνοι
2463 2059 2627 2138 μέχρι
2687 2061 2885 2122 παντὸς
2932 2063 3194 2130 απειθῶν,
3244 2057 3502 2124 ὲξωθείτω
3565 2058 3705 2113 αὖτὸν
3737 2053 3812 2118 τῆς

2225 2149 2555 2228 ἐπισκοπῆς,
2601 2149 2687 2204 καὶ
2718 2148 2896 2227 ἕτερον
2926 2151 3144 2204 ποιείτω
3177 2167 3193 2184 ο
3230 2151 3273 2204 εἰ
3327 2147 3380 2204 δὲ
3441 2149 3520 2223 μὴ
3579 2166 3814 2221 μητροπο-

2226 2237 2400 2315 λίτης,
2463 2237 2584 2294 ἀλλ’
2623 2239 2800 2316 ἕτερος
2845 2239 3133 2299 ἒπίσκοπός
3176 2241 3323 2295 ἔστιν
3395 2242 3424 2295 ὁ
3487 2231 3815 2308 ἀπολιμπανό-

2228 2350 2408 2404 μενος,
2493 2331 2520 2384 ὁ
2604 2333 3001 2405 μητροπολιτης
3090 2326 3174 2384 ἐπ’
3253 2329 3396 2400 αύτῷ
3454 2329 3518 2384 τὰ
3593 2324 3815 2402 εἰρημένα

2230 2419 2472 2480 ποιείτω.
2536 2421 2592 2476 Εἰ
2650 2416 2705 2473 δὲ
2765 2419 3140 2496 προφασίζοιτο
3201 2415 3352 2484 δίκης
3405 2417 3584 2473 ἕνεκεν
3611 2414 3761 2479 ἰδικῆς
3799 2410 3821 2476 ἣ

2231 2507 2712 2581 ἐκκλησιαστικῆς,
2792 2506 3019 2587 ὀφείλειν
3096 2506 3588 2582 ἀπολιμπάνεσθαι,
3655 2503 3821 2569 δεῆπεις

2230 2604 2299 2674 τῇ
2328 2597 2573 2674 βασιλεία
2603 2597 2688 2653 διὰ
2719 2602 2824 2652 τῶν
2881 2597 3202 2670 οἰκονόμων,
3256 2596 3290 2662 ἣ
3336 2596 3636 2674 κληρικῶν,
3668 2593 3698 2661 ἢ
3724 2592 3825 2646 απο-

2232 2689 2536 2766 κρισιαρίων
2568 2686 2954 2760 πεμπέτωσαν,
2990 2685 3294 2760 τευξόμενοι
3342 2689 3462 2762 περῖ
3509 2687 3612 2743 τῶν
3660 2682 3827 2747 ἐκκλη-

2233 2784 2544 2850 σιαστικῶν,
2578 2776 2684 2832 τῶν
2733 2778 3098 2851 ζητουμένων,
3161 2777 3248 2842 Μὴ
3291 2777 3490 2832 ἀνιέτω
3534 2774 3586 2830 δὲ
3644 2773 3826 2828 ἐπίσκο-

2231 2887 2332 2926 πος
2388 2871 2442 2922 ἓν
2500 2867 2785 2939 Βυζαντίῳ,
2846 2867 2964 2942 πρὶν
3024 2867 3086 2920 ἃν
3139 2867 3273 2922 κατά
3306 2867 3431 2929 τοὺς
3477 2865 3714 2933 κανόνας,
3764 2868 3830 2914 τοῦ

2230 2956 2421 3012 οἰκείου
2455 2954 2852 3032 μητροπολίτου
2883 2951 3035 3010 λάϐοι
3090 2956 3383 3032 γράμματα
3444 2956 3511 3009 τὰ
3570 2952 3827 3022 καλούμενα

2229 3045 2543 3124 συστατικὰ,
2626 3045 2757 3121 πρὸς
2843 3044 2942 3108 την
3017 3043 3313 3121 βασιλείαν,
3372 3052 3730 3121 μαρτυροῦντι
3772 3043 3830 3104 τῷ

504 3128 847 3209 Byzantium
874 3145 949 3189 ne
969 3127 1195 3190 venito.
1219 3125 1710 3209 Metropolitanus
1733 3131 2140 3211 peregrinatuo

2227 3134 2499 3212 ἀναγκαίῳ
2552 3133 2647 3201 τῆς
2705 3130 3026 3206 ἀποδημίας,
3095 3131 3152 3190 Ὀ
3184 3133 3238 3188 δὲ
3284 3134 3685 3212 μητροπολίτης
3717 3129 3828 3183 ἀπο-

506 3237 609 3279 rus
641 3216 1072 3298 patriarchales
1102 3215 1328 3277 litteras
1365 3217 1618 3298 accipito
1679 3218 1764 3280 Ne
1795 3220 1907 3300 ipsi
1941 3239 2047 3300 per
2073 3238 2141 3284 se

511 3309 608 3388 [de
630 3307 816 3371 rebus
838 3305 989 3386 suis]
1012 3305 1082 3366 ad
1109 3306 1552 3385 imperatoriam
1579 3309 1950 3388 majestatem
1978 3309 2139 3374 refe-

505 3407 684 3460 runto
717 3416 732 3460 :
766 3395 871 3458 sed
905 3414 1040 3457 cum
1074 3396 1539 3475 patriarcha,aut
1568 3415 1690 3459 suae
1719 3399 1964 3460 ditionis
1992 3419 2139 3480 apo-

505 3487 793 3550 crisiariis
822 3484 1408 3559 communicanto,ae
1431 3504 1563 3547 cum
1589 3485 1712 3549 illis
1750 3488 1849 3567 [ad
1875 3491 2139 3568 impera-

504 3579 721 3655 torem]
757 3573 1191 3654 ingrediuntor.
1228 3572 1392 3636 Licet
1422 3584 1617 3638 autem
1651 3577 1795 3657 ipsis
1826 3578 2002 3638 etiam
2037 3597 2143 3658 per

503 3665 954 3729 referendarios
985 3681 1214 3742 magnae
1243 3663 1530 3726 Ecclesiae
1552 3665 1641 3726 vel
1672 3667 2142 3746 patriarcharum

504 3757 719 3817 horum
753 3754 826 3816 ad
853 3755 1273 3833 imperatorem
1305 3754 1558 3817 referre.
1585 3753 1843 3820 Constit.
1870 3775 2048 3837 porro
2081 3763 2139 3833 7,

503 3844 772 3925 ejusdem
799 3843 928 3906 tit.l
961 3840 1338 3903 Novellarum
1373 3861 1385 3901 :
1415 3843 1584 3915 Quod
1605 3845 1654 3904 si
1680 3847 2018 3928 episcopus,
2053 3847 2144 3908 in-

503 3933 850 4016 quit,multo
873 3939 1147 4011 tempore
1171 3929 1502 3992 Ecclesiam
1525 3951 1689 3993 suam
1718 3935 2050 4015 reliquerit,
2067 3955 2144 3999 ne

499 4025 631 4104 ipse
651 4037 1009 4085 aeconomus
1032 4029 1310 4100 sumptus
1333 4021 1709 4100 suppeditato
1749 4046 1760 4081 :
1797 4025 1902 4085 sed
1937 4025 2141 4102 isriuse

503 4111 666 4172 modi
690 4119 964 4189 sumptus
988 4108 1048 4168 in
1081 4109 1430 4170 occasiones
1462 4111 1901 4174 ecclesiasticas
1933 4124 1990 4176 et
2018 4115 2142 4194 pias

502 4197 866 4279 przebeto.Et
889 4197 1158 4276 ejusdem
1187 4197 1574 4259 tit.constit.3
1611 4216 1623 4260 :
1651 4198 1817 4270 Quod
1842 4201 1890 4262 si
1912 4203 2142 4282 episco-

502 4306 611 4366 pus
633 4289 766 4348 sine
804 4284 1022 4346 litteris
1061 4288 1154 4346 sui
1179 4286 1534 4366 patriarcha;
1563 4287 2140 4373 Constantinopolim

2224 3221 2434 3303 δημῶν,
2481 3225 2847 3302 πατριαρχικὲι
2889 3220 3204 3296 λαμϐανέτω
3270 3225 3588 3299 γράμματα,
3647 3221 3724 3276 καὶ
3773 3215 3830 3289 μὴ

2223 3311 2267 3368 δ’
2302 3314 2504 3370 ἑαυτῶν
2565 3313 2912 3388 μηνυέτωσαν
2963 3314 3096 3389 πρὸς
3139 3313 3235 3379 τὴν
3287 3312 3594 3388 βασιλείαν,
3629 3309 3749 3365 ἀλλὰ
3773 3311 3829 3376 τῷ

2223 3403 2535 3483 πατριάρχῃ
2593 3403 2629 3468 ἦ
2680 3415 2797 3464 τοῖς
2857 3401 3279 3479 ἀποκρισιαρίοις
3339 3408 3445 3468 τῆς
3507 3405 3674 3459 αὐτῶν
3715 3397 3831 3452 Sto-.-

2225 3495 2436 3560 κήσεως
2492 3493 2902 3571 κοινούσϐωσαν,
2988 3493 3077 3548 καὶ
3165 3492 3356 3553 αὐτοῖς
3469 3491 3827 3567 συνεισίτωσαν.

2225 3580 2434 3645 Ἔξεστι
2492 3580 2545 3636 δὲ
2606 3584 2936 3653 αὒτοϊς,καί
2993 3580 3076 3636 διὰ
3127 3587 3232 3636 τῶν
3290 3579 3726 3659 ῥαιφερενδαρίων
3752 3578 3829 3638 τῆς

2225 3670 2471 3749 μεγάλης
2523 3670 2867 3745 Ἐκκλησίας,
2901 3671 2934 3738 ἢ
2986 3669 3071 3726 διὰ
3123 3677 3229 3726 τῶν
3287 3672 3708 3746 ἀποκρισιαρὲων
3751 3667 3834 3755 tth

2224 3763 2579 3840 πατριαρχῶν
2630 3763 2824 3830 αὖτῶν,
2888 3759 3164 3836 ἀναφέρειν
3213 3766 3290 3832 τῷ
3334 3760 3588 3834 βασιλεῖ.
3628 3752 3682 3812 Ἠ
3715 3754 3759 3810 δὲ
3796 3760 3818 3821 ζ

2226 3850 2364 3910 διὲτ.
2427 3858 2519 3905 τοῦ
2575 3853 2732 3908 αὒτοῦ
2784 3840 2837 3905 α’
2865 3854 2965 3907 τίτ.
3001 3853 3105 3904 τῶν
3137 3856 3351 3926 Neapch
3384 3855 3575 3928 φησὶν,
3609 3849 3682 3902 ὅτι
3735 3846 3834 3900 Ἐὰν

2227 3939 2512 4004 ἐπίσκοπος
2544 3939 2740 4017 χρόνον
2803 3937 2966 3994 πολὺν
3000 3944 3097 4004 τῆς
3154 3937 3285 4000 ἰδίας
3346 3937 3681 4004 Ἐκκλησίας
3718 3935 3833 3989 ἁπο-

2227 4028 2434 4106 λειφθῇ,
2506 4029 2582 4100 μὴ
2643 4030 2950 4106 χορηγείτω
3011 4030 3154 4099 αιδτῷ
3201 4026 3442 4091 δαπάνας
3491 4028 3522 4083 ὅ
3569 4032 3835 4094 οἰκονόμος,

2226 4116 2344 4172 ἀλλ’
2391 4118 2424 4183 ἢ
2453 4118 2676 4182 τοιαύτη
2709 4117 2918 4182 δαπάνη
2970 4116 3289 4195 παρεχέσθω
3333 4119 3408 4178 εἷς
3443 4119 3732 4196 προφάσεις
3762 4113 3837 4165 ἐν·

2224 4205 2613 4272 κλησιαστικάς
2646 4207 2732 4261 καὶ
2763 4203 3024 4268 εὐσεϐεῖς.
3076 4211 3169 4262 Καὶ
3213 4209 3247 4272 ἡ
3305 4206 3358 4283 γ’
3407 4215 3502 4262 ιοῦ
3564 4206 3718 4262 abte-3
3754 4201 3837 4256 τὲτ.

2223 4295 2362 4354 διάτ.
2398 4297 2589 4374 φησίν,
2623 4296 2702 4350 ὅτι
2738 4286 2795 4351 Ὀ
2826 4295 3118 4358 ἐπίσκοπος
3170 4297 3338 4374 χωρὶς
3397 4297 3732 4373 γραμμάτων
3769 4299 3840 4344 το]

2574 4343 2589 4374 ἳ

499 4377 731 4451 ierit,se
755 4375 828 4437 ab
851 4373 1056 4464 habitu
1077 4373 1339 4464 alienum
1361 4375 1887 4464 facit.Const.vero
1904 4380 2136 4462 2,ejus-

2226 4373 2768 4464 πατριάρχουαῦτοῦ,
2803 4385 2966 4439 ἀνιὼν
3011 4384 3064 4439 ἓν
3129 4373 3725 4453 Κώνσταντινουπόλει,
3758 4379 3841 4435 ἁλ-

498 4466 634 4528 dem
661 4464 789 4528 tit.t
818 4461 1198 4526 Novellarum
1226 4463 1345 4523 ait:
1385 4463 1664 4546 Episcopi
1699 4461 2042 4531 necessaria
2063 4472 2139 4533 de

2226 4461 2662 4551 λότριον-ἒαυτὸν
2710 4461 2856 4529 ποιεῖ
2899 4473 2991 4528 τοῦ
3049 4475 3361 4552 σχήματος.
3430 4465 3494 4529 Ἠ
3546 4474 3601 4530 δὲ
3723 4471 3839 4525 διας.

497 4526 678 4617 causa
701 4526 940 4636 peregri
953 4553 1170 4627 naturi,
1211 4526 1686 4632 patriarchardm
1709 4526 2138 4641 aint—metrowpo:

2226 4526 2425 4551 "_r"’
2484 4526 2655 4529 “’”“””
2718 4526 2853 4529 ἾῨὟ⁷Ῠν
2914 4526 2983 4528 νῆ’
3058 4526 3361 4552 ’(t,u“""“
3450 4526 3494 4529 _
3554 4526 3598 4530 ’⁷
3645 4526 3671 4550 Ι-

2226 4571 2315 4620 τοῦ
2366 4567 2524 4621 αὐτοῦ
2567 4562 2619 4618 α’
2676 4567 2784 4618 τῶν
2844 4569 3056 4639 Νεαρῶν
3109 4565 3291 4640 φησὶν,
3339 4563 3420 4618 ὅτι
3475 4566 3625 4621 Κατᾶ
3682 4560 3843 4640 χρείας

497 4645 819 4708 litanorum
841 4659 1088 4704 suorum
1114 4642 1343 4704 litteras
1367 4643 1732 4724 accipiunto,
1759 4647 1849 4708 vel
1881 4649 2107 4729 impera
2129 4682 2140 4696 ι

2226 4652 2513 4728 ἀναγκαίας
2605 4649 2959 4725 ἐκδημοῦντες
3045 4653 3092 4706 οἱ
3182 4650 3489 4725 ἐπίσκοποι,
3579 4653 3846 4728 γράμματα

496 4733 665 4796 toria;
697 4732 1023 4813 majestatis
1057 4732 1232 4811 jussu
1283 4739 1778 4812 peregrinantor;
1810 4745 1867 4797 et
1898 4738 1997 4818 qui
2031 4757 2139 4817 pa-

2226 4739 2642 4815 λαμϐανέτωσαν
2699 4747 2805 4796 τῶν
2853 4747 3202 4818 πατριαρχῶν
3237 4743 3408 4796 αὒτῶν
3437 4743 3475 4808 ἣ
3523 4737 3845 4817 μητροπολι-

496 4824 776 4887 triarchze
807 4821 1466 4903 Constantinopolitano
1509 4823 1788 4900 subsunt,
1841 4825 1972 4889 sine
2009 4829 2142 4890 I99

2226 4836 2351 4902 τῶν,
2411 4830 2447 4896 ἦ
2503 4830 2637 4886 κατὰ
2693 4829 2980 4904 βασιλικὴν
3059 4831 3300 4888 κέλευσιν
3359 4831 3844 4906 ἀποδημείτιι.σαν”

493 4915 684 4994 ipsius
717 4912 1014 4993 permissu
1046 4911 1241 4992 ipsum
1279 4930 1355 4973 ne
1386 4913 1738 4976 accedunto.
1768 4914 1877 4986 Qui
1899 4917 2011 4978 hoc
2036 4937 2140 4997 pa-

2226 4921 2310 4976 καὶ
2367 4921 2412 4975 οἱ
2481 4921 2582 4975 ὑπὸ
2648 4920 2737 4974 τὸν
2794 4919 3410 4985 Κωνσταντινουπόλεως
3491 4921 3845 5000 πατριάρχην,

497 5013 590 5064 cto
616 5003 1144 5084 peregrinatur,ne
1167 5001 1428 5082 amplius
1444 5021 1601 5064 anno
1623 5002 1951 5066 Ecclesiam
1971 5025 2138 5069 suam

2226 5009 2401 5088 χωρίς
2446 5008 2741 5085 ἐπιτροπῆς
2785 5009 2946 5065 αὺτοῦ
2977 5011 3051 5070 εἷς
3104 5010 3270 5076 αὒτὴν
3314 5011 3392 5083 μὴ
3426 5010 3697 5067 ἀνίτωσαν
3726 5027 3740 5040 ·
3776 5007 3850 5061 καὶ

495 5092 849 5171 relinquito.
876 5092 990 5164 Qui
1015 5092 1339 5172 episcopus
1361 5091 1938 5172 Constantinopolim
1967 5113 2142 5159 vene-

2226 5101 2251 5155 δ
2281 5097 2448 5162 οὕτως
2480 5096 2798 5177 ἀποδημῶν,
2834 5099 2910 5171 μὴ
2944 5098 3106 5154 πλέον
3165 5099 3400 5155 ἐνιαυτοῦ
3434 5100 3538 5167 τὴν
3570 5101 3706 5156 ἰδιαν
3735 5096 3848 5152 Ἐκο

495 5179 600 5252 rit,
636 5180 1070 5260 qualiscunque
1103 5183 1199 5257 sit,
1234 5182 1308 5242 ad
1353 5182 1749 5262 patriarcham
1781 5181 2135 5263 ingreditor,

2226 5187 2450 5253 κλησίαν
2492 5188 2658 5246 ἒάτω.
2688 5190 2758 5246 Ὀ
2808 5186 2861 5242 δὲ
2919 5187 3346 5266 παραγινόμενος
3401 5189 3454 5243 ἐν
3521 5199 3850 5247 Κωνσταντι-

500 5277 558 5330 et
590 5287 700 5349 per
731 5269 925 5347 ipsum
973 5268 1046 5330 ad
1100 5271 1550 5350 imperatorem.
1605 5272 1825 5334 Contra
1857 5275 2004 5348 haec,
2038 5285 2140 5337 aut

2226 5275 2466 5333 νουπόλει
2541 5276 2857 5346 οἱοσδῆποτε
2942 5277 3255 5356 ἐπίσκοπος,
3317 5279 3496 5335 εἰσίτω
3591 5282 3720 5356 πρὸς
3771 5278 3847 5330 τὸν

498 5375 679 5438 supra
703 5357 1037 5438 [statutum]
1057 5367 1293 5440 tempus
1313 5359 1826 5440 peregrinantibus
1841 5365 2136 5425 meonomi

2226 5367 2588 5446 πατριάρχην,
2649 5367 2738 5422 καὶ
2789 5365 2856 5422 δι’
2916 5371 3076 5426 αὒτοῦ
3130 5369 3263 5442 πρὸς
3307 5369 3398 5423 τὸν
3447 5367 3702 5444 βασιλέα.
3736 5376 3848 5426 Τοῖς

500 5455 773 5537 sumptus
825 5465 900 5506 ne
950 5446 1495 5510 subministranto:
1557 5459 1616 5512 et
1645 5453 1991 5514 sacerdotes
2022 5454 2134 5515 sub

2226 5457 2359 5533 παρὰ
2401 5466 2589 5536 ταῦτα,
2652 5456 2688 5523 ἢ
2747 5456 2876 5534 ὑπὲρ
2945 5459 3035 5512 τὸν
3097 5459 3297 5537 χρόνον
3349 5455 3751 5529 ἀποδημοῦσιν,
3810 5456 3848 5508 οἱ

495 5535 711 5618 quibus
741 5542 1160 5610 censentur,ut
1194 5546 1720 5619 revertantur,per
1749 5541 1976 5604 litteras
1999 5543 2136 5606 hor-

2226 5545 2486 5619 )ixovdjmt
2543 5543 2780 5609 δαπάνας
2847 5548 2924 5618 μὴ
2985 5535 3417 5623 χορηνγείτωσαν,
3481 5550 3578 5600 καὶ
3632 5563 3847 5623 προτρε-

489 5625 692 5689 'tantor
725 5642 738 5690 :
773 5625 825 5688 si
855 5624 1156 5703 dill'erent,
1192 5626 1266 5687 ad
1320 5626 1572 5707 [judicii]
1609 5630 1935 5693 certamina
1985 5652 2130 5695 evo-

2226 5634 2460 5691 πέτωσαν
2503 5633 2690 5702 αὖτοὺς
2750 5635 2796 5690 οἱ
2855 5636 3018 5713 ἱερεῖς
3061 5633 3146 5712 ὑφ’
3193 5637 3279 5698 οὒς
3315 5633 3526 5691 τελοῦσι
3557 5632 3647 5689 διὰ
3680 5655 3846 5710 γραμ-
