4148 6198
377 347 493 415 665
1063 349 1482 415 SYNTAGMA
1530 347 1941 412 ‘CANONUM.
1991 380 2067 394 -
2121 341 2281 409 TlT.
2329 348 2496 422 VIII,
2559 349 2724 410 CAP.
2792 348 2904 428 IlI,
2951 347 3056 412 ιν.
3627 345 3743 413 666

377 491 564 566 μάτων
617 488 947 565 ὑποστρέψαι
981 503 995 518 ⁶
1062 489 1146 544 καὶ
1200 487 1660 566 ὓπερ-τιθεμένους,
1708 489 1839 565 πρὸς
1897 487 2011 552 τοὺς

2103 493 2273 547 canto
2304 505 2317 546 :
2343 492 2399 545 et
2424 483 2538 545 nisi
2559 483 2715 545 intra
2739 484 3146 562 praestitutum
3174 491 3410 565 tempus
3427 494 3740 548 revertan-

376 580 607 644 κανόνας
665 579 1043 636 καλείτωσαν⁶
1109 582 1208 635 καὶ
1265 579 1344 653 μὴ
1401 578 1830 657 ὑποστρέφοντας
1883 599 2011 658 sicut

2103 575 2728 655 tur,ejiciunto,atque
2751 574 2902 635 alios
2925 573 3267 636 ordinanto.
3304 575 3526 637 Eadem
3560 575 3739 637 etiam

374 675 469 726 τοῦ
528 667 842 746 ὁριζομένου
898 669 1118 748 χρόνου,
1191 665 1622 742 ἒκϐαλλέτωσαν,
1683 670 1772 724 καὶ
1825 665 2011 731 ἄλλους

2103 667 2165 727 in
2195 665 2430 728 clericis
2461 664 2874 743 cujuscunque
2904 662 3123 740 gradus
3171 663 3503 726 obtinento.
3533 663 3740 727 Const.

375 759 887 839 χειροτονείτωσαν.
949 759 1024 816 Τὰ
1079 758 1210 816 αὒτά
1260 758 1355 814 καί
1398 759 1516 835 περὶ
1564 757 1836 834 κληρικῶν
1873 759 2011 814 olou-

2103 757 2370 836 denique
2404 753 2477 815 12
2501 753 2770 833 ejusdem
2797 753 2885 814 tit.
2919 754 2943 812 1
2974 751 3562 834 Novellarumjubet,
3589 764 3648 815 ut
3681 754 3744 818 Si

374 835 578 918 δηποτε
621 849 826 924 βαθμοῦ
860 859 1071 924 κρατεῖ.
1110 837 1173 902 Ἠ
1209 844 1262 902 δὲ
1295 835 1370 923 ιβ’
1423 845 1561 910 διάτ,
1609 847 1703 904 τοῦ
1761 850 1922 904 αὐτοῦ
1961 848 2015 902 α’

373 938 478 996 τίτ.
512 944 620 994 τῶν
670 944 886 1014 Νεαρῶν
935 936 1385 1015 παρακελεύεται,
1423 937 1518 994 ’ίνα
1547 938 1675 994 Ἐάν
1706 959 1850 1000 τινος
1881 937 2016 994 Ἐκ-

373 1026 606 1095 κλησίας
667 1029 943 1083 ἀποστῶσι
996 1027 1269 1102 κληρικοὶ,
1302 1025 1472 1103 ἕτεροι
1522 1027 2016 1102 ἀντικαθιστάμενοι

371 1120 468 1179 τάς
509 1119 680 1174 αὐτῶν
717 1118 960 1186 σιτήσεις
993 1115 1332 1192 λαμϐάνωσι,
1364 1121 1450 1174 καὶ
1483 1118 1562 1193 μὴ
1589 1117 2014 1198 ὑποστρέφοντας

372 1207 569 1270 αὐτοὺς
629 1205 924 1282 λαμϐάνειν
957 1207 1142 1286 αὒτάς,
1177 1209 1264 1262 καὶ
1323 1206 1460 1279 μηδὲ
1518 1206 1811 1287 κερδαίνειν
1857 1207 2016 1268 αὒτάς

371 1299 498 1361 τοὺς
544 1305 920 1376 χορηγοῦντας
958 1313 971 1327 ⁶
1031 1301 1074 1353 εί
1117 1295 1172 1353 δὲ
1218 1299 1560 1374 στερήσουσι,
1623 1301 1813 1365 κτίσις
1842 1301 2016 1356 αὐτῶν

370 1387 518 1464 ῥητὴ
577 1398 696 1451 τοῖς
756 1383 1032 1464 πριϐάτοις
1064 1387 1393 1468 ἀφορίζεται,
1425 1388 1562 1444 ὥστε
1593 1389 1690 1456 την
1747 1389 2017 1468 χορηγίαν

373 1481 475 1543 τῆς
507 1477 776 1545 σιτήσεως
810 1476 1017 1533 ἐκεῖθεν
1047 1480 1304 1554 γίνεσθαι,

461 1570 712 1624 ΚΕΦΑΛ.
777 1556 857 1628 Γ’,
913 1601 994 1611 -
1053 1568 1177 1644 Περὶ
1218 1574 1311 1624 τοῦ
1370 1572 1568 1648 λρῆναι
1627 1569 1745 1633 τοὺς
1790 1567 2016 1625 ἐπισκό-

371 1676 512 1717 πους
599 1656 694 1719 τὰς
773 1658 943 1722 αἰτίας
1019 1662 1118 1724 τῆς
1185 1656 1482 1736 ὁδοιπορίας
1540 1657 1645 1714 τῶν
1719 1656 1788 1714 δι’
1846 1661 2019 1717 αὐτῶν

372 1743 681 1822 παριόντων
713 1745 1022 1803 ἐπισκόπων
1055 1746 1554 1826 πολυπραγμονεῖν.

740 1839 968 1898 Συνόδου
999 1838 1264 1917 Σαρδικῆς
1309 1842 1483 1896 κανὼν
1529 1841 1646 1905 κα¹.

456 1935 772 1998 Γαοδέντιος
857 1934 1150 2000 ἐπίσκοπος
1237 1939 1360 1991 εἷπε
1399 1954 1411 1968 ⁶
1497 1943 1673 1994 Ταῦτα
1755 1938 1822 1992 τὰ
1904 1959 2019 1992 σω-

374 2027 657 2103 τηριωδῶς
718 2026 807 2082 καὶ
873 2022 1178 2090 ἀκολούθως
1239 2024 1510 2103 ὁρισθέντα
1568 2027 1657 2082 καὶ
1707 2027 2017 2103 πρεπόντως

371 2123 445 2193 τῇ
515 2117 757 2190 ἐπιτιμία
809 2117 956 2190 ὑμῶν
1009 2123 1117 2170 τῶν
1177 2115 1380 2194 ίερέων,
1443 2117 1532 2172 καὶ
1584 2121 1700 2189 Θεῷ
1759 2116 2018 2193 ἀρέσαντα

369 2208 462 2263 καὶ
518 2206 832 2284 ἀιθρώποις,
881 2204 977 2272 τὴν
1038 2202 1261 2280 δύναμιν
1319 2203 1415 2260 καί
1464 2207 1562 2273 τὴν
1608 2207 1767 2286 ἰσχὺν
1816 2207 2015 2262 ἑαυτῶν

371 2309 683 2374 κατασχεῖν
743 2299 802 2354 οὗ
857 2293 1200 2369 δυνήσονται,
1266 2295 1356 2351 ἰὰν
1398 2297 1476 2369 μὴ
1540 2298 1622 2351 (αἱ
1674 2294 1842 2374 φόϐος
1886 2297 2014 2359 ταῖς

368 2371 763 2466 ἒξενεχθείσαις
843 2385 1176 2461 ἀποφάσεσιν
1241 2385 1607 2462 ἀκολουθήσῃ.
1670 2371 1853 2460 Ἳσμεν
1913 2388 2014 2465 γὰρ

366 2477 458 2533 καὶ
512 2475 661 2530 αὖτοὶ
720 2473 1030 2545 πλεονάκις,
1076 2471 1163 2532 διὰ
1205 2475 1304 2541 τὴν
1358 2475 1552 2554 ὁλίγων
1604 2476 2009 2556 ἀναισχυντίαν,

372 2568 434 2623 τὸ
488 2568 636 2621 θετον
667 2564 761 2619 καί
808 2561 1253 2638 σεϐασμιώτατον
1285 2564 1454 2640 ὄνομα
1485 2571 1583 2632 τῆς
1613 2568 1904 2643 ἱερωσύνης
1938 2567 2010 2630 εἰς

370 2656 710 2733 κατάγνωσιν
763 2651 1100 2720 ἐληλυθέναι.
1139 2657 1194 2712 Εἰ
1255 2655 1427 2714 τοίνυν
1459 2678 1540 2720 τις
1572 2657 1714 2734 παρά
1757 2657 1822 2714 τά
1882 2664 2011 2714 πᾶσι

365 2745 615 2816 δόξαντα,
695 2741 963 2816 τολμήσοι
1051 2742 1385 2820 σπουδάζων,
1443 2746 1590 2826 τύφῳ
1651 2745 1856 2819 μᾶλλον
1924 2749 2012 2804 καὶ

371 2834 682 2912 ἀλαζονείᾲ,
714 2832 750 2900 ἢ
780 2839 858 2905 τῷ
889 2835 1006 2905 Θεῴ
1054 2833 1264 2911 ἀρέσαι,
1316 2834 1496 2912 ἕτερόν
1526 2858 1576 2891 τι
1605 2833 2010 2916 διαπράξασθαι,

374 2923 480 2991 ἤδη
532 2921 846 3000 γινωσκέτω
902 2921 1204 2998 ἐγκλήματι
1250 2923 1543 3002 ἀπολογίας
1602 2925 1788 2982 ἑαυτὸν
1845 2928 2010 2982 ὑπεύ-

367 3018 525 3070 θυνον
555 3010 926 3084 καθίστασθαι,
987 3011 1075 3067 καὶ
1121 3012 1221 3079 τὴν
1265 3013 1428 3088 τιμὴν
1471 3014 1647 3070 καὶτὸ
1679 3012 1885 3090 ἀξίωμα
1914 3016 2010 3084 τῆς

367 3102 673 3166 ἐπισκοπῆς
703 3098 1054 3159 ἀποϐάλλειν.

455 3281 730 3344 νΑπαντες
774 3279 1090 3356 ἀπεκρίνατο
1126 3298 1140 3314 ’
1205 3287 1398 3358 Πρέπει
1459 3284 1547 3339 καὶ
1612 3285 1823 3362 ἀρέσκει
1874 3288 2011 3361 ἡμῖν

369 3374 405 3440 ἡ
464 3371 694 3436 τοιαύτη
752 3369 968 3447 γνώμη.
1035 3368 1139 3426 Καὶ
1209 3377 1366 3427 τουτο
1429 3371 1484 3428 δὲ
1529 3374 1734 3430 ἐκεῖθεν
1779 3376 2014 3448 μάλιστα

372 3461 644 3538 γνώριμον
675 3460 987 3536 γενήσεται,
1027 3459 1122 3513 καί
1179 3458 1618 3537 πληρωθήσεται,
1671 3465 1760 3520 ἐὰν
1790 3465 2012 3528 ἕκαστος

371 3552 531 3624 ἡμῶν
559 3556 664 3606 τῶν
703 3549 758 3604 ὲν
789 3561 911 3610 ταῖς
947 3546 1196 3626 παρόδοις
1239 3548 1360 3616 ἤτοι
1397 3551 1632 3628 καναλίῳ
1662 3556 2010 3611 καθεστώτων

372 3638 709 3711 ἐπισκόπων,
771 3637 1056 3709 έπιζητοίη
1111 3639 1206 3704 τὴν
1266 3640 1436 3695 αἰτίαν
1489 3645 1584 3711 τῆς
1631 3643 1883 3720 παρόδου,
1918 3646 2012 3701 καί

371 3737 475 3786 ποῦ
530 3729 630 3796 τήν
693 3732 909 3797 πορείαν
971 3740 1232 3790 ποιεῖται,
1272 3730 1368 3786 Καὶ
1412 3730 1502 3785 ἐὰν
1548 3731 1645 3804 μὲν
1685 3732 1809 3811 εὕρῃ
1854 3736 2012 3792 αὐτὸν

369 3819 458 3875 ἐπὶ
515 3821 577 3874 τὸ
638 3815 996 3895 στρατόπεδον
1057 3819 1306 3892 ἀπιόντα,
1367 3819 1682 3891 ἐπιζητήσει
1744 3825 1833 3885 τὰς
1865 3823 2011 3902 αἶρέ-

373 3930 486 3972 σεις
570 3908 665 3969 τὰς
750 3905 930 3962 ἐπάνω
998 3908 1354 3983 προκειμένας
1392 3925 1406 3940 ⁸
1495 3911 1592 3968 κᾶν
1677 3912 2012 3989 κεκλημένος

373 3999 692 4076 ἀφικνῆται,
756 3997 968 4053 ἀπιόντι
1027 3999 1171 4071 αὒτῷ
1215 3998 1382 4073 μηδὲν
1441 4001 1693 4076 ἐμπόδιον
1750 4014 2008 4081 γίγνοιτο.

367 4089 427 4145 Εἰ
512 4086 566 4142 δὲ
638 4084 941 4151 ἐπιδείξεως
1021 4087 1210 4167 χάριν,
1296 4092 1471 4154 καθὼς
1557 4093 1860 4170 προείρηται
1947 4100 2014 4169 τῇ

367 4175 599 4252 ὑμετέρᾳ
645 4176 853 4254 ἀγάπη,
981 4173 1062 4231 διά
1109 4199 1256 4242 τινας
1303 4177 1545 4244 ἀξιώσεις
1599 4181 1880 4254 σπουδάζοι
1928 4184 2015 4239 ἐπὶ

367 4267 433 4322 τὸ
478 4264 861 4343 στρατόπεδον,
925 4267 1064 4340 μήτε
1122 4281 1240 4328 τοῖς
1300 4269 1612 4345 γράμμασιν
1670 4273 1828 4329 αὸτοῦ
1883 4273 2014 4329 ὑπο-

363 4356 608 4436 γράςρειν,
643 4357 782 4430 μήτε
814 4369 1096 4412 κοινωνεῖν
1127 4364 1204 4428 τῷ
1235 4359 1482 4433 τοιούτῳ,

449 4533 721 4599 ’Ἅπαντες
754 4534 916 4590 εἷπον
952 4549 965 4562 '
1006 4525 1291 4611 ιΟριζέοθω
1321 4535 1417 4592 καῖ
1449 4545 1627 4598 τοῦτο.

453 4630 706 4682 ΚΕΦΑΛ.
775 4612 860 4680 A'.
919 4653 998 4666 --
1059 4626 1181 4701 Περῖ
1265 4627 1556 4684 ὶπίσκοπον
1639 4629 1675 4695 ἢ
1741 4630 2011 4708 κληρικῶν

368 4713 636 4769 ἀπιόντων
668 4715 799 4791 πρὸς
829 4713 1055 4790 βασιλέα
1090 4714 1124 4782 ἢ
1159 4715 1279 4778 τοὺς
1309 4719 1434 4793 περὶ
1467 4718 1645 4776 αὐτόν.

648 4817 1253 4900 ΣυνόδουῇἈντιοχείας
1288 4824 1463 4879 κανὼν
1497 4823 1594 4899 ια’,
1634 4817 1730 4903 ιβ’.

451 4917 548 4990 ια’.
613 4928 679 4986 E’t'
710 4949 792 4991 τις
826 4929 1138 5002 ὶπίσκοπος,
1185 4930 1220 4998 ἢ
1271 4930 1644 5010 πρεσϐύτερος,
1685 4935 1713 5003 ἢ
1747 4934 1882 5001 ὅλως
1913 4943 2008 4992 τοῦ

364 5017 614 5092 κανόνος,
675 5017 798 5074 ἄνευ
854 5019 1078 5095 γνώμης
1134 5023 1222 5077 καὶ
1279 5024 1610 5097 γραμμάτων
1664 5033 1768 5082 τῶν
1825 5026 1878 5082 ἐν
1940 5032 2007 5103 τῇ

363 5106 602 5186 ἐπαρχίᾳ
662 5107 996 5183 ἐπισκόπων,
1044 5109 1130 5164 καὶ
1178 5109 1410 5185 μάλιστα
1455 5113 1544 5169 τοῦ
1584 5116 1719 5170 κατά
1761 5116 1858 5181 τὴν
1887 5139 2002 5189 μη-

361 5197 640 5274 τρόπολιν,
699 5199 956 5273 ὁρμήσειε
1017 5201 1149 5274 πρὸς
1209 5198 1433 5269 βασιλέα
1482 5201 1758 5277 ἀπελθεῖν,
1816 5215 2001 5264 τοῦτον

364 5285 827 5363 ἀποκηρύττεσθαι
888 5288 976 5342 καὶ
1032 5289 1346 5357 ἀπόϐλητον
1416 5291 1670 5368 γίνεσθαι,
1735 5297 1796 5351 οὖ
1840 5296 2004 5369 μόνον

360 5378 464 5442 τῆς
521 5376 820 5446 κοινωνίας,
855 5375 992 5433 ἀλλά
1035 5381 1123 5435 καὶ
1165 5385 1265 5446 τῆς
1310 5378 1456 5446 ἀξίας
1501 5383 1563 5449 ἧς
1599 5383 1849 5463 μετέχων
1878 5407 2000 5463 τυγ-

360 5466 545 5544 χάνει,
581 5467 654 5528 ὡς
693 5465 1057 5544 παρενοχλεῖν
1089 5468 1374 5543 τολμῶντα
1405 5473 1498 5536 τὰς
1529 5480 1619 5528 τοῦ
1645 5473 2000 5551 θεοφιλεστά-

359 5576 453 5611 του
507 5553 772 5630 βασιλέως
842 5556 998 5628 ἡμῶν
1060 5558 1252 5637 ἀκοὰς,
1298 5562 1443 5639 παρά
1503 5563 1599 5617 τὸν
1655 5565 1852 5636 θεσμὸν
1904 5564 2000 5632 τῆς

363 5641 693 5716 Ἐκκλησίας
728 5663 744 5679 ’
795 5646 840 5702 εί
867 5644 922 5702 δὲ
957 5645 1230 5728 ἀναγκαῖα
1259 5647 1452 5717 καλοίη
1484 5653 1644 5731 χρεία
1673 5655 1806 5733 πρὸς
1835 5655 1999 5732 βασι-

2033 4555 2080 4608 D

2104 845 2177 906 ab
2193 846 2392 924 aliqua
2413 843 2685 906 Ecclesia
2707 841 2998 904 recedant
3030 842 3366 925 clerici,alii
3399 845 3503 920 qui
3535 843 3744 908 subro-

2101 943 2336 1013 gantur,
2373 932 2742 994 annonarias
2769 931 3091 1012 pensiones
3124 932 3456 1013 percipiant
3486 952 3499 993 :
3546 953 3744 1014 neque

2099 1025 2211 1096 illi,
2245 1026 2294 1086 si
2343 1031 2742 1096 revertantur,
2798 1022 2932 1083 illas
2983 1023 3220 1102 capiant
3257 1045 3269 1081 :
3310 1042 3504 1105 neque
3551 1024 3650 1104 qui
3683 1025 3742 1087 id

2098 1133 2286 1193 genus
2303 1112 2670 1192 erogationis
2693 1111 3154 1185 sustinent,illas
3176 1113 3580 1177 lucrentur.Si
3603 1131 3742 1174 vero

2101 1203 2501 1283 [erogatores]
2542 1221 2611 1263 ex
2671 1201 3020 1262 annonariis
3080 1203 3473 1281 pensionibus
3533 1203 3742 1284 [quip-

2100 1295 2287 1374 piam]
2320 1292 2792 1364 interverterint,
2828 1301 2993 1352 certa
3041 1291 3172 1372 [ex]
3203 1290 3442 1353 illorum
3500 1312 3742 1372 posses-

2097 1383 2370 1444 sionibus
2403 1383 2626 1462 [portio
2659 1381 2979 1462 principis]
3014 1381 3259 1462 privatis
3293 1383 3654 1463 assignetur,
3679 1392 3744 1445 ut

2098 1473 2240 1536 inde
2266 1474 2506 1537 illarum
2542 1473 2641 1532 fiat
2673 1472 2959 1551 erogatio.

2181 1561 2350 1625 CAP.
2399 1561 2498 1624 ΙΙΙ.
2551 1596 2629 1606 -
2684 1561 2861 1636 Quod
2911 1559 3172 1624 debeant
3214 1565 3484 1644 episc0pi
3531 1579 3744 1625 causas

2099 1655 2392 1724 scrutari,
2429 1654 2502 1714 ob
2529 1668 2686 1732 quas
2715 1653 2979 1732 episcopi
3023 1653 3190 1731 apud
3239 1670 3303 1714 se
3353 1660 3746 1716 transeuntes

2097 1745 2602 1824 peregrinantur.

2414 1835 2675 1898 Concilii
2707 1834 3101 1898 Sardicensis
3127 1853 3328 1898 canon
3359 1840 3425 1895 21

2185 1929 2304 2014 [90]
2337 1929 2706 1993 Gaudentius
2739 1929 3059 2009 episcopus
3101 1929 3247 1990 dixit
3281 1950 3296 1990 :
3349 1931 3494 1992 Haec
3525 1931 3746 1993 saluta-

2099 2020 2250 2082 riter
2281 2029 2340 2081 et
2370 2028 2772 2097 congruenter
2817 2018 3086 2098 deﬁnita,
3121 2028 3179 2079 et
3210 2028 3426 2080 nostra:
3456 2020 3743 2082 sacerdo-

2101 2116 2222 2169 tum
2243 2107 2514 2187 dignitati
2537 2105 2992 2181 convenienter,
3017 2115 3075 2166 et
3100 2125 3230 2186 quae
3249 2106 3374 2167 Deo
3397 2115 3456 2167 et
3476 2107 3744 2167 homini-

2099 2197 2212 2259 bus
2245 2198 2616 2276 placuerunt,
2655 2195 2983 2276 potentiam
3018 2204 3073 2256 et
3107 2196 3264 2256 vires
3294 2214 3433 2256 suas
3469 2197 3744 2258 obtinere

2099 2305 2218 2348 non
2255 2294 2556 2367 poterunt,
2594 2285 2706 2345 nisi
2743 2287 2919 2345 etiam
2966 2292 3158 2344 metus
3190 2284 3381 2345 editas
3413 2287 3742 2347 sententias

2101 2385 2458 2439 consecutus
2491 2374 2823 2452 fueritlpsi
2857 2372 3016 2434 enim
3049 2375 3465 2455 scimus,szepe
3499 2384 3745 2455 propter

2098 2485 2421 2548 paucorum
2446 2465 2911 2545 impudentiam,
2943 2463 3209 2523 divinum
3238 2473 3295 2525 et
3318 2463 3376 2524 in
3404 2465 3612 2543 primis
3637 2484 3739 2526 ve—

2097 2555 2426 2617 nerandum
2459 2553 2783 2616 sacerdotii
2817 2571 3036 2614 nomen
3071 2552 3129 2612 in
3165 2552 3610 2614 damnationem
3637 2554 3747 2634 [vi-

2097 2645 2558 2723 tuperationem,
2592 2645 2688 2706 vel
2727 2643 3168 2723 contemptum]
3214 2644 3354 2703 200
3385 2644 3740 2706 incurrisse.

2097 2733 2158 2797 Si
2190 2736 2323 2813 quis
2383 2753 2524 2813 ergo
2577 2741 2792 2814 praeter
2844 2751 2916 2796 ea
2948 2752 3081 2813 qua:
3113 2732 3396 2794 omnibus
3426 2734 3549 2795 visa
3579 2743 3740 2810 sunt,

2095 2842 2276 2884 ausus
2332 2823 2534 2897 fuerit,
2569 2822 2819 2884 studens
2872 2823 3050 2884 fastui
3088 2823 3268 2901 magis
3302 2831 3361 2882 et
3388 2824 3742 2902 arrogantia;

2097 2914 2348 2988 servire,
2393 2931 2566 2995 quam
2601 2915 2723 2975 Deo
2757 2912 3021 2992 placere,
3059 2911 3285 2986 aliquid
3317 2911 3478 2974 aliud
3513 2932 3690 2989 agere
3721 2931 3736 2976 :

2095 3003 2244 3064 sciat
2267 3005 2391 3083 jam
2425 3022 2491 3064 se
2522 3003 2799 3063 criminis
2834 3020 3028 3077 reum,
3064 3019 3132 3061 ac
3165 3000 3503 3062 defensioni
3540 3003 3738 3064 obno-

2096 3091 2256 3154 xium
2283 3093 2680 3173 constituere,
2733 3100 2791 3154 et
2823 3091 3204 3173 episcopatus
3235 3092 3523 3153 honorem
3553 3112 3621 3156 ac
3651 3093 3741 3156 di-

2096 3182 2382 3260 gnitatem
2415 3183 2744 3245 amittere.

2176 3271 2400 3334 Omnes
2422 3273 2887 3352 responderunt:
2907 3271 3182 3353 Decet,et
3205 3273 3395 3354 placet
3416 3273 3590 3335 nobis
3612 3274 3738 3336 hzec

2098 3362 2616 3424 sententia.Porro
2631 3371 2830 3422 autem
2851 3363 2963 3422 hoc
2984 3382 3222 3444 quoque
3243 3363 3412 3426 illinc
3431 3365 3547 3426 erit
3562 3365 3740 3425 maxi-

2100 3469 2194 3510 me
2217 3460 2422 3510 notum
2460 3459 2516 3510 et
2559 3450 2760 3529 reipsa
2802 3448 3208 3527 observatum,
3246 3453 3296 3511 si
3326 3454 3738 3534 unusquisque

2097 3548 2389 3612 nostrum,
2423 3539 2522 3619 qui
2549 3558 2754 3599 sumus
2779 3558 2962 3619 prope
2979 3539 3098 3599 vias
3120 3539 3386 3619 publicas
3405 3561 3510 3603 seu
3530 3542 3738 3603 canale

2093 3627 2400 3690 constituti
2431 3629 2725 3708 episcopi,
2759 3647 2893 3688 cum
2928 3629 3142 3690 viderit
3174 3630 3549 3710 episcopum,
3579 3649 3740 3710 qum-

2095 3728 2187 3779 rat
2221 3736 2462 3778 causam
2501 3717 2804 3791 transitus,
2841 3726 2898 3777 et
2929 3737 3049 3798 quo
3096 3728 3300 3798 pergat
3331 3741 3342 3776 :
3402 3729 3461 3780 et
3509 3719 3560 3780 si
3594 3738 3736 3780 eum

2095 3805 2335 3888 quidem
2361 3806 2420 3866 in
2442 3815 2634 3868 castra
2660 3807 3145 3886 proﬁciscentem
3172 3809 3488 3878 invenerit,
3513 3819 3739 3890 quaerat

2097 3896 2499 3977 conditiones,
2529 3913 2662 3976 quae
2711 3897 2993 3976 superius
3025 3899 3345 3977 propositae
3376 3907 3512 3958 sunt
3545 3917 3560 3958 :
3599 3909 3656 3959 et
3689 3900 3739 3959 si

2096 3998 2373 4048 evocatus
2399 3985 2688 4062 veniat,ei
2711 3987 2960 4047 abeunti
2984 3988 3137 4048 nihil
3173 3988 3592 4068 impedimenti
3617 3990 3736 4052 ﬁat.

2097 4077 2203 4138 Sin
2227 4085 2422 4137 autem
2445 4077 2863 4138 ostentationis
2888 4077 3364 4157 gratia,quemad
3378 4079 3615 4139 modum
3634 4097 3739 4140 ve-

2097 4175 2236 4228 strae
2265 4166 2577 4228 dilectioni
2627 4167 2906 4246 superius
2959 4167 3186 4228 dictum
3222 4176 3336 4241 est,
3371 4167 3458 4228 vel
3495 4178 3741 4249 propter

2098 4257 2434 4337 aliquorum
2468 4256 2766 4336 postulata
2797 4257 2857 4318 in
2883 4265 3078 4318 castra
3100 4258 3365 4338 festinat;
3392 4277 3500 4319 nec
3521 4258 3738 4321 litteris

2097 4347 2228 4426 ejus
2260 4345 2622 4419 subscribat,
2660 4365 2772 4407 nec
2806 4365 2941 4407 cum
2977 4367 3047 4408 eo
3083 4348 3509 4411 communicet.

2175 4435 2396 4498 Omnes
2423 4435 2704 4498 dixerunt
2739 4455 2752 4499 :
2786 4435 2909 4498 Hoc.
2946 4457 3186 4519 quoque
3213 4439 3603 4501 decernatur.

2184 4613 2347 4677 CAP.
2381 4613 2477 4676 IV.
2511 4651 2584 4660 —
2622 4617 2705 4677 De
2753 4617 3054 4696 epismpis
3102 4615 3200 4677 vel
3228 4616 3471 4678 clericis
3501 4617 3582 4677 ad
3611 4617 3734 4679 im-

2091 4711 2440 4783 peratorem
2471 4705 2570 4766 vel
2598 4709 2732 4783 ejus
2762 4705 2971 4767 aulam
2996 4706 3411 4786 pergentibus.

2301 4822 2563 4886 Conciiii
2592 4824 2960 4887 Antiocheni
2989 4841 3252 4886 canones
3285 4825 3385 4896 11,
3417 4821 3514 4883 42.

2171 4939 2271 4999 ll.
2325 4938 2388 5002 Si
2419 4939 2555 5019 quis
2583 4938 2926 5019 episcopus,
2979 4937 3069 4998 vel
3107 4937 3436 5018 presbyter.
3471 4937 3560 5000 vel
3591 4955 3730 4999 om-

2090 5029 2231 5089 nino
2263 5047 2333 5090 ex
2367 5047 2598 5089 canone
2631 5029 2781 5089 citra
2829 5028 3190 5088 sententiam
3223 5036 3281 5088 et
3313 5027 3542 5089 litteras
3569 5027 3732 5108 epis-

2089 5135 2378 5198 c0porum
2439 5117 2784 5198 provincia),
2819 5128 2877 5178 et
2940 5116 3198 5178 maxime
3229 5117 3730 5197 metropolitano-

2088 5225 2223 5268 rum
2256 5208 2329 5268 ad
2362 5207 2790 5286 imperatorem
2826 5206 3122 5285 proﬁcisci
3171 5224 3493 5285 aggressus
3523 5207 3724 5288 fuerit,

2086 5297 2137 5357 is
2165 5295 2480 5358 abdicetur
2514 5305 2572 5357 et
2601 5297 2873 5375 ejiciatur
2903 5315 3022 5356 non
3058 5295 3250 5357 solum
3283 5315 3316 5357 a
3346 5297 3726 5358 communio-

2086 5405 2186 5460 ne,
2218 5386 2324 5447 sed
2358 5386 2532 5448 etiam
2563 5405 2597 5447 a
2627 5386 2915 5464 dignitate
2947 5384 3120 5466 cujus
3168 5395 3258 5448 est
3308 5387 3630 5469 particeps,
3665 5395 3728 5448 ut

2085 5476 2184 5552 qui
2235 5477 2366 5535 201
2419 5475 2861 5555 religiosissimi
2911 5475 3302 5556 imperatoris
3333 5477 3525 5539 nostri
3555 5476 3724 5539 auri-

2084 5564 2198 5626 bus
2251 5564 2582 5626 molestiam
2637 5566 2854 5627 alferre
2897 5566 3112 5628 audeat
3146 5574 3364 5646 praeter
3393 5565 3571 5627 ritum
3607 5565 3724 5627 Ec-

2083 5653 2304 5719 clesiae.
2338 5654 2400 5718 Si
2430 5662 2632 5718 autem
2663 5653 3048 5718 necessarius
3080 5673 3224 5716 usus
3278 5654 3472 5736 exigat
3526 5663 3593 5716 ut
3646 5653 3720 5719 ad
