4148 6198
414 284 530 359 667

1605 292 1875 360 ΡΗΟΤΠ
1916 248 2435 364 Parnasum:
2474 297 2591 362 op.

3672 300 3795 371 668

410 429 840 521 imperatorem
871 444 938 491 se
966 424 1265 521 conferat,
1307 424 1368 489 id
1395 434 1706 521 agatcum
1737 429 2040 521 delibera-

2128 429 2224 490 λέα
2282 437 2475 513 ὁρμᾶν,
2535 441 2690 494 τοῦτο
2747 435 2998 516 πράττειν
3047 438 3187 516 μετά
3216 437 3462 517 σκέψεως
3515 441 3608 499 καὶ
3639 443 3796 521 γνώ-

411 519 580 584 tione
635 529 692 584 et
753 519 1060 583 sententia
1117 518 1567 600 metropolitani
1617 520 1960 602 provinciae,
1997 530 2055 586 et

421 630 629 675 eorum
661 609 765 693 qui
795 617 936 674 sunt
966 608 1029 672 in
1061 626 1156 687 ea,
1184 627 1514 692 eorumque
1544 609 1756 675 litteris
1790 613 2056 676 munitus

413 702 534 765 iter
560 700 826 766 invadat.

491 791 595 855 12.
630 789 694 854 Si
723 789 859 872 quis
888 809 922 852 a
953 789 1196 873 proprio
1223 790 1510 872 episcopo
1543 790 1852 873 depositus
1879 812 2052 875 pres-

410 880 605 962 byter,
627 879 719 942 vel
748 880 1161 956 diaconus,vel
1193 881 1514 961 episcopus
1547 900 1581 942 a
1611 883 2055 964 synodo,ausus

411 969 596 1034 fuerit
651 969 1042 1052 imperatoris
1089 970 1337 1033 auribus
1367 971 1705 1034 molestiam
1737 972 2052 1048 exhibere,

411 1079 549 1124 cum
580 1068 853 1142 oporteat
881 1060 956 1122 ad
999 1061 1290 1141 majorem
1342 1059 1634 1141 synodum
1662 1063 1953 1138 converti,
1991 1071 2052 1126 et

405 1152 528 1232 jus,
565 1151 727 1231 quod
779 1169 846 1213 se
893 1149 1122 1213 habere
1171 1157 1358 1232 putat,
1392 1149 1465 1212 ad
1499 1150 1701 1232 plures
1735 1152 2052 1234 episcopos

410 1240 669 1314 referre,
723 1259 1058 1321 eorumque
1104 1239 1610 1304 examinationem
1653 1249 1711 1303 et
1750 1241 2050 1321 judicium

411 1331 765 1410 suscipere:
793 1331 896 1412 qui
927 1330 1152 1411 itaque,
1188 1329 1280 1391 his
1307 1329 2050 1410 contemptis,imperatori

410 1419 702 1482 molestus
732 1419 935 1496 fuerit,
969 1419 1045 1495 is,
1078 1419 1243 1480 nulla
1271 1419 1443 1480 venia
1474 1417 1927 1501 dignus,neque
1957 1422 2048 1484 sui

410 1509 782 1572 defendendi
813 1510 1013 1571 locum
1043 1507 1286 1584 habeat,
1318 1526 1431 1570 nec
1461 1509 1857 1572 restitutionis
1886 1510 2049 1573 futu-

407 1608 492 1655 rae
518 1609 689 1673 spem
723 1599 1048 1672 exspectet.

575 1681 838 1746 Concilii
857 1681 1246 1746 Sardicensis
1271 1699 1473 1746 canon
1505 1683 1562 1758 Ἰ,
1597 1687 1656 1756 8,
1690 1679 1751 1757 9,
1784 1681 1885 1747 20.

486 1780 522 1841 7
537 1777 776 1843 .Hosius
790 1779 1110 1858 episcopus
1127 1776 1296 1840 dixit:
1313 1774 1398 1838 Im
1409 1776 1742 1859 portunitas
1756 1785 2050 1855 nostra,et

411 1869 598 1932 multa
622 1867 966 1942 assiduitas,
995 1879 1056 1930 et
1089 1867 1326 1948 injustte
1358 1885 1570 1948 preces
1597 1868 1952 1943 effecerunt,
1989 1875 2052 1930 ut

409 1975 521 2020 nos
552 1976 672 2020 non
722 1956 1056 2022 habeamus
1080 1966 1300 2020 tantam
1335 1956 1583 2035 gratiam
1620 1966 1678 2018 et
1705 1955 2045 2019 libertatem

406 2046 675 2124 dicendi,
712 2054 992 2128 quantam
1026 2045 1356 2108 debeamus
1404 2044 1650 2108 habere.
1688 2045 1854 2108 Multi
1883 2045 2044 2109 enim

406 2136 673 2217 episcopi
709 2155 830 2198 non
859 2135 1267 2199 intermittunt
1291 2135 1364 2199 ad
1415 2143 1613 2198 castra
1643 2137 1960 2218 accedere,
1990 2143 2049 2198 et

411 2227 670 2290 maxime
696 2226 850 2305 Afri,
876 2226 1001 2310 qui,
1056 2224 1564 2308 quemadmodum
1597 2225 1985 2306 cognovimus
2014 2244 2049 2289 a

409 2315 629 2380 dilecto
651 2316 834 2379 fratre
853 2325 1058 2379 nostro
1077 2325 1135 2378 et
1157 2315 1518 2398 coepiscopo
1540 2314 1742 2393 Grato,
1766 2316 2051 2379 salutaria

407 2407 661 2470 consilia
691 2426 811 2470 non
844 2407 1186 2482 admittunt,
1222 2405 1327 2468 sed
1377 2407 1458 2468 ita
1505 2411 1926 2480 contemnunt,
1983 2413 2049 2468 ut

2075 1799 2112 1851 Β
2212 1780 2283 1853 ζ’.
2317 1780 2502 1845 Ὀσιος
2535 1782 2830 1849 ἐπίσκοπος
2861 1786 3018 1842 εἶπεν
3053 1799 3067 1814 ⁶

2136 546 2248 601 μης
2311 528 2406 582 τοῦ
2447 525 2582 582 κατά
2637 525 2737 594 τὴν
2791 528 3128 607 μητρόπολιν
3185 534 3285 598 τῆς
3343 530 3612 612 ἐπαρχίας
3660 532 3794 589 ἐπι-

2136 614 2338 672 σκόπου
2388 616 2475 673 καί
2518 621 2627 675 τῶν
2668 614 2723 673 ἐν
2770 621 2930 696 αὐτῇ,
2977 632 3095 686 τοῖς
3139 641 3197 676 τε
3228 620 3430 678 τούτων
3464 621 3791 701 γράμμασιν

2136 701 2500 783 ἒφοδιάζεσθαι
2511 751 2528 767 .

2205 788 2317 881 ἰβ’ῗ.
2368 792 2436 851 Εἴ
2490 816 2573 859 τις
2632 795 2733 852 δπὸ
2773 797 2868 853 τοῦ
2922 795 3053 854 ἰδίου
3097 797 3396 856 ἐπισκόπου
3457 804 3793 881 καθαιρεθεὶς

2137 880 2512 962 πρεσϐύτερος,
2565 883 2601 952 ἢ
2645 881 2913 965 διάκονος,
2959 885 2994 954 ἢ
3045 890 3134 944 καὶ
3190 886 3485 952 ἐπίσκοπος
3516 880 3628 947 imo
3652 913 3790 948 συν-

2135 969 2280 1052 ὀδου,
2334 971 2636 1052 ἐνοχλῆσαι
2695 972 2985 1050 τολμήσειε
3015 976 3112 1040 τὰς
3142 977 3408 1054 βασιλέως
3440 979 3633 1057 ἀκοὰς,
3667 979 3794 1039 δέον

2135 1061 2229 1118 ἐπὶ
2287 1062 2502 1136 μείζονα
2558 1063 2871 1120 ἐπισκόπων
2943 1063 3156 1123 σύδοδον
3227 1067 3540 1147 τρέπεσθαι,
3603 1071 3697 1126 καὶ
3757 1069 3794 1126 ἃ

2134 1150 2554 1228 νομίζει-δίκαια
2600 1151 2772 1232 ἔχειν,
2829 1155 3250 1235 προσαναφέρειν
3282 1157 3523 1215 πλείοσιν
3555 1159 3790 1217 ἐπισκό-

2132 1265 2280 1317 ποις,
2335 1243 2423 1299 καὶ
2465 1243 2563 1310 τὴν
2606 1241 2733 1322 παρ’
2791 1243 2966 1300 αὖτῶν
3026 1244 3258 1311 ἐξέτασίν
3306 1269 3365 1304 τε
3397 1251 3486 1305 καὶ
3517 1248 3791 1327 ἐπίκρισιν

2134 1329 2445 1412 ἐκδέχεσθαι
2482 1347 2497 1361 ⁸
2559 1333 2604 1388 εί
2674 1333 2761 1390 καὶ
2816 1335 3019 1391 τούτων
3079 1335 3423 1415 ὀλιγωρήσας
3455 1337 3788 1418 ἐνοχλήσειε

2131 1427 2236 1510 τῷ-
2263 1419 2502 1501 βασιλεῖ,
2534 1428 2717 1510 τοῦτον
2764 1421 3040 1498 μηδεμιᾶς
3095 1427 3423 1504 συγγνώμης
3481 1425 3788 1510 ἀξιοῦσθαι,

2134 1507 2271 1586 μηδὲ
2315 1510 2503 1590 χώραν
2532 1508 2826 1588 ἀπολογίας
2859 1511 3033 1593 ἔχειν,
3077 1513 3217 1590 μηδὲ
3249 1513 3440 1572 ἐλπίδα
3472 1507 3790 1594 μελλούσης

2132 1597 2623 1662 ἀποκαταστάσεως
2656 1599 2981 1678 προσδοκᾶν,

2383 1691 2610 1750 Συνόδου
2642 1692 2903 1772 Σαρδικῆς
2933 1697 3110 1753 κανὼν
3140 1695 3210 1773 ζ’,
3244 1695 3320 1778 η’,
3351 1696 3400 1755 θ’
3445 1698 3518 1760 κ’.

3127 1783 3192 1842 Ἦ
3225 1786 3440 1864 ἀκαιρία
3473 1788 3655 1868 ἡμῶν,
3692 1793 3789 1849 καὶ

2131 1874 2166 1942 ἡ
2227 1870 2408 1939 πολλὴ
2465 1872 2744 1953 συιέχεια,
2791 1875 2881 1931 καὶ
2925 1878 2976 1931 αἱ
3030 1872 3200 1932 ἄδικοι
3263 1875 3514 1942 ἀξιώσεις
3547 1882 3788 1951 πεποιή-

2131 1984 2287 2020 κασιν
2336 1965 2480 2038 ἡμᾶς
2539 1963 2620 2038 μὴ
2673 1964 2942 2032 τοσαύτην
2987 1963 3138 2044 ἔχειν
3169 1966 3333 2044 χάριν
3362 1968 3448 2022 καὶ
3480 1967 3787 2046 παῤῥησίαν

2134 2050 2266 2120 ὅσην
2319 2053 2605 2132 ὀφείλομεν
2646 2057 2962 2121 κεκτῆσθαι.
2999 2053 3197 2112 Πολλοὶ
3241 2056 3344 2134 γὰρ
3389 2061 3496 2112 τῶν
3546 2057 3784 2116 ἐπισκό-

2130 2162 2247 2198 πων
2301 2140 2362 2196 οὒ
2404 2138 2766 2201 διαλείπουσιν
2824 2145 2898 2206 εἷς
2941 2145 3002 2199 τὸ
3062 2143 3420 2219 στρατόπεδον
3472 2148 3787 2225 παραγινό-

2131 2251 2304 2306 μενοι,
2360 2231 2450 2286 καὶ
2507 2229 2743 2306 μάλιστα
2775 2233 2821 2288 οἱ
2851 2232 3041 2312 Ἀφροί
3069 2248 3085 2264 ⁸
3134 2231 3360 2310 οἵτινες,
3395 2235 3574 2291 καθὼ)
3605 2233 3782 2314 ἔγνω·

2131 2322 2229 2394 μεν
2287 2320 2432 2396 παρὰ
2485 2327 2579 2376 τοῦ
2620 2318 2904 2398 ἀγαπητοῦ
2951 2319 3180 2401 ἀδελφοῦ
3231 2325 3387 2398 ἡμῶν
3430 2325 3520 2380 καὶ
3552 2348 3784 2384 συνεπι-

2130 2409 2333 2466 σκόπου
2402 2409 2622 2489 Γράτου,
2703 2411 2798 2475 τὰς
2875 2409 3238 2490 σωτηριώδεις
3327 2410 3629 2488 συμϐουλὰς
3721 2417 3785 2475 οὗ

408 2514 566 2558 unus
593 2496 776 2558 homo
800 2496 861 2558 in
884 2505 1079 2558 castra
1103 2495 1484 2578 plurimas,et
1514 2495 1806 2570 diversas,
1831 2504 1890 2558 et
1917 2513 2040 2578 qua

2131 2497 2552 2579 παραδέχονται,
2605 2497 2744 2556 ἀλλᾶ
2803 2508 3223 2580 καταφρονοῦσιν
3292 2502 3484 2581 οὕτως,
3551 2506 3626 2569 ὡς
3684 2506 3785 2566 ἓνα

406 2603 529 2648 non
562 2593 816 2666 possunt
862 2586 1076 2666 juvare
1119 2583 1440 2674 Ecclesias,
1480 2603 1706 2674 preces
1724 2585 1954 2659 afferat,
1991 2586 2040 2646 et

2130 2586 2403 2665 ἄνθρωπον
2455 2590 2528 2652 εἰς
2572 2591 2634 2646 τὸ
2699 2588 3055 2668 στρατόπεδον
3087 2589 3346 2656 πλείστας
3377 2593 3464 2650 καὶ
3493 2591 3781 2674 διαφόρους

407 2693 529 2738 non
560 2676 653 2754 (ut
673 2674 1095 2748 debettieri,et
1117 2673 1419 2752 convenit)
1461 2672 1828 2754 pauperibus
1851 2683 1910 2736 et
1933 2675 2040 2736 lai-

2129 2679 2215 2734 καὶ
2246 2679 2323 2753 μὴ
2352 2676 2644 2754 δυναμένας
2701 2677 2977 2759 ὠφελῆσαι
3033 2681 3129 2744 τὰς
3175 2680 3504 2749 Ἐκκλησίας
3564 2672 3779 2752 δεήσεις

406 2763 606 2832 cis.vel
621 2763 818 2826 viduis
831 2781 1006 2844 opem
1030 2771 1090 2826 et
1111 2761 1400 2825 auxilium
1427 2761 1705 2830 ferat,sed
1730 2763 2040 2827 saeculares

2131 2765 2478 2843 διακομίζειν·
2514 2769 2602 2824 καὶ
2633 2768 2711 2838 μὴ
2742 2770 2815 2833 ὡς
2847 2767 3048 2848 ὀφείλει
3081 2770 3340 2851 γίνεσθαι,
3374 2772 3463 2828 καὶ
3493 2773 3566 2837 ὡς
3600 2793 3781 2850 προσ-

406 2853 728 2935 dignitates
752 2861 811 2917 et
832 2853 1177 2917 functiones
1190 2851 1490 2934 aliquibus
1510 2851 1947 2934 acquiraLHaec
1959 2871 2040 2916 er-

2131 2857 2264 2925 ἧκόν
2295 2856 2408 2914 ἐστι
2436 2871 2554 2924 τοῖς
2583 2857 2776 2926 πένησι
2806 2859 2896 2914 καὶ
2936 2872 3055 2922 τοῖς
3089 2857 3310 2926 λα’ίκόῖς
3343 2859 3378 2928 ἢ
3411 2874 3534 2924 ταῖς
3568 2863 3777 2940 χήραις

405 2964 478 3025 go
504 2944 866 3026 perversitas
901 2943 1335 3006 detrimentum
1385 2960 1506 3004 non
1528 2942 1661 3004 sine
1683 2942 2040 3005 offendicula

2130 2946 2461 3025 συναίρεσθαι
2503 2946 2600 3003 καί
2651 2946 2988 3025 ἐπικουρεῖν,
3046 2947 3187 3005 ἀλλά
3217 2951 3455 3025 κοσμικά
3488 2949 3774 3026 ἀξιώματα

405 3043 466 3097 et
481 3035 987 3098 condemnatione
1007 3034 1145 3094 902
1166 3031 1338 3094 nobis
1361 3031 2040 3096 conciliat.Convenien-

2127 3039 2215 3092 καὶ
2271 3035 2488 3112 πράξεις
2540 3050 2809 3116 περινοεῖν
2854 3060 3016 3102 τισιν,
3084 3037 3228 3106 Αῦτη
3272 3040 3443 3096 τοίνῖν
3498 3040 3533 3108 ἡ
3577 3040 3780 3098 σκαιό-

405 3124 750 3215 ιίυεήευιειῐι
785 3142 921 3215 esse
939 3122 1321 3215 existimavi,
1337 3130 1400 3184 ut
1421 3119 1740 3215 episcopus
1763 3121 1848 3184 illi
1870 3141 2040 3215 suum

2128 3147 2249 3195 της,
2305 3127 2396 3182 τὸν
2459 3128 2722 3204 θραυσμὸν
2769 3125 2865 3183 οὔκ
2916 3126 3040 3184 ἄνευ
3097 3125 3397 3185 σκανδάλου
3441 3129 3587 3192 τινὸς
3631 3131 3776 3203 ἡμῖν

403 3213 691 3277 auxilium
725 3213 1113 3295 praabeat,cui
1142 3211 1215 3274 ab
1247 3212 1450 3293 aliquo
1482 3211 1570 3273 vis
1598 3212 1966 3288 aﬂ'ertur,vel
1993 3213 2040 3276 si

2126 3217 2216 3271 καὶ
2271 3215 2662 3293 καταγνώσεως
2700 3213 2948 3294 προξενεῖ
2983 3232 2997 3246 ⁸
3058 3215 3494 3297 πρεπωδέστερον
3525 3215 3580 3273 δὲ
3625 3218 3776 3275 εἶναι

404 3323 536 3386 qua;
562 3303 740 3366 vidua
772 3303 990 3382 injuria
1031 3302 1346 3378 afﬁciatur,
1381 3303 1473 3365 vel
1522 3301 1575 3363 si
1607 3303 1746 3379 quis
1777 3301 2040 3384 pupillus

2126 3304 2368 3380 ἐνόμισα,
2433 3304 2724 3363 ἐπίσκοπον
2775 3306 2873 3373 τὴν
2925 3305 3112 3367 ἑαυτοῦ
3181 3307 3434 3384 βοήθειαν
3504 3305 3775 3387 παρέχειν

404 3394 676 3468 privetur
702 3393 801 3476 iis,
842 3412 972 3476 quas
993 3394 1066 3455 ad
1102 3394 1296 3474 ipsum
1333 3392 1680 3473 pertinent;
1714 3392 1764 3454 si
1794 3392 2040 3474 quidem

2126 3393 2331 3470 ἐκείνῳ,
2389 3393 2535 3458 ὅστις
2592 3393 2653 3450 ἂν
2696 3396 2799 3451 ὑπό
2854 3417 2997 3460 τινος
3042 3396 3304 3472 βιάζοιτο,
3338 3397 3375 3464 ἢ
3436 3394 3490 3452 εἶ’
3532 3418 3616 3455 τις
3661 3403 3774 3455 τῶν

401 3485 529 3547 haec
550 3484 793 3546 nomina
807 3483 1031 3565 justam
1046 3482 1561 3544 habeantcausam
1584 3480 2037 3562 etsupplicatio-

399 3593 564 3639 nem.
601 3573 663 3637 Si
688 3576 888 3655 itaque
907 3573 1109 3636 dilecti
1145 3573 1383 3648 fratres,
1417 3572 1531 3634 hoc
1557 3571 1835 3634 omnibus
1864 3571 2038 3634 vide-

401 3673 495 3727 tur
524 3664 600 3726 iis
628 3683 761 3746 qua:
791 3663 864 3727 ad
896 3665 1090 3744 ipsum
1127 3662 1473 3744 pertinent;
1509 3661 1560 3722 si
1615 3661 1858 3743 quidem
1913 3661 2039 3724 ιιωο

397 3754 644 3817 nomina
661 3754 880 3834 justam
903 3753 1417 3816 habeantcausam
1437 3750 2034 3832 etsupplicationem.

397 3845 460 3909 Si
510 3845 736 3927 itaque,
788 3843 996 3907 dilecti
1043 3843 1284 3918 fratres,
1320 3843 1434 3904 hoc
1468 3840 1748 3903 omnibus
1779 3841 2036 3917 videtur,

395 3935 637 3998 statuite
659 3934 893 3996 nullum
917 3940 1198 4014 oportere
1222 3931 1570 4013 episcopum
1595 3930 1668 3993 ad
1708 3937 1902 3993 castra
1931 3948 2037 3993 ac-

394 4025 869 4106 cedere,pr2eter
890 4041 994 4084 eos
1011 4041 1162 4102 quos
1185 4022 1318 4102 pius
1343 4021 1672 4100 imperator
1697 4029 1902 4082 noster
1914 4017 2040 4081 suis

393 4115 610 4177 litteris
631 4113 910 4176 accersit.
936 4113 1053 4176 Sed
1086 4111 1229 4191 quia
1256 4128 1421 4188 saepe
1453 4109 1778 4186 contingit,
1803 4108 2038 4190 aliquos

393 4204 495 4286 qui
517 4211 694 4284 egent
727 4200 1164 4276 misericordia,
1199 4199 1273 4262 ad
1315 4197 1646 4261 Ecclesiam
1678 4198 2030 4278 confugere,

392 4294 494 4375 qui
527 4302 777 4376 propter
799 4310 907 4355 sua
935 4299 1180 4372 peccata
1209 4290 1302 4352 vel
1337 4287 1831 4368 relegatione,vel
1850 4289 1912 4350 in
1937 4288 2034 4350 in-

389 4383 581 4446 sulam
605 4380 1028 4462 deportatione
1059 4378 1351 4453 damnati,
1383 4379 1478 4441 vel
1513 4381 1719 4461 quavis
1746 4378 1863 4441 alia
1885 4397 2030 4441 sen-

390 4473 576 4535 tentia
605 4471 832 4535 addicti
862 4477 1041 4546 sunt;
1070 4469 1146 4531 iis
1179 4488 1299 4532 non
1331 4487 1465 4532 esse
1496 4467 1833 4548 negandum
1866 4467 2033 4530 auxi-

387 4563 560 4637 lium,
593 4560 700 4625 sed
731 4559 863 4624 sine
903 4561 1288 4623 cunctatione
1319 4569 1384 4623 et
1415 4558 1792 4622 dubitatione
1823 4558 1895 4620 iis
1926 4577 2031 4621 ve-

388 4654 552 4714 niam
583 4670 717 4715 esse
749 4652 1093 4734 petendam.
1129 4649 1193 4714 Si
1247 4651 1449 4730 itaque
1481 4651 1596 4712 hoc
1627 4667 1867 4729 quoque
1899 4647 2031 4729 pla-

387 4751 504 4820 cet,
537 4761 749 4806 omnes
778 4761 897 4804 una
938 4750 1203 4804 vestrum
1255 4740 1606 4818 suffragium
1659 4739 1834 4800 ferte.
1872 4739 2030 4803 lies-

387 4833 729 4916 ponderunt
755 4850 969 4896 omnes
1001 4849 1015 4895 :
1051 4830 1423 4894 Decernatur
1455 4837 1514 4891 et
1543 4829 1680 4893 boc.

466 4925 528 4988 8.
561 4923 777 4987 Hosius
807 4925 1132 5002 episcopus
1157 4921 1307 4982 dixit
1339 4938 1353 4984 :
1413 4918 1540 4982 Hoc
1572 4937 1810 5000 quoque
1838 4926 2030 4981 vestra

385 5014 629 5076 solertia
651 5013 983 5094 jndicet,ut
1012 5010 1150 5092 quia
1183 5011 1379 5072 visum
1406 5016 1522 5083 est,
1548 5027 1626 5070 ne
1657 5009 1875 5089 aliquis
1905 5008 2030 5089 epi-

383 5121 602 5184 scopus
631 5103 692 5164 in
722 5101 1292 5165 condemnationem
1324 5099 1550 5162 incidat
1579 5098 1652 5160 ad
1701 5107 1897 5161 castra
1921 5117 2026 5160 ve-

381 5193 585 5268 niens,
619 5191 671 5254 si
724 5192 826 5274 qui
859 5210 1072 5254 eorum
1115 5190 1438 5272 ejusmodi,
1464 5207 1721 5270 quarum
1745 5188 2027 5271 superius

381 5279 794 5356 meminimus,
815 5279 1071 5342 habeant
1107 5297 1464 5361 preces,per
1493 5279 1803 5361 proprium
1827 5279 2024 5341 diaco-

377 5388 520 5434 num
554 5369 817 5432 mittant.
872 5368 1128 5431 Ministri
1160 5370 1323 5431 enim
1357 5386 1614 5449 persona
1645 5387 1763 5432 non
1799 5377 1890 5430 est
1920 5368 2021 5430 in-

376 5459 630 5541 vidiosa,
665 5467 724 5522 et
755 5476 888 5541 qum
939 5475 1230 5520 concessa
1273 5457 1523 5539 fuerint,
1558 5458 1736 5520 citius
1766 5457 2025 5538 perferri

377 5555 682 5631 poterunt.
740 5546 1210 5630 Responderunt
1264 5563 1477 5610 omnes
1542 5569 1555 5608 :
1616 5547 1939 5611 Sanciatur
1967 5554 2028 5612 et

377 5637 518 5704 hoc.

2122 3484 2314 3564 χηρῶν
2357 3483 2620 3564 ἀδικοῖτο,
2655 3483 2690 3553 ἢ
2725 3484 2788 3541 αὖ
2816 3484 2976 3542 πάλιν
3005 3485 3232 3564 ὀρφανός
3282 3508 3362 3548 τις
3405 3485 3773 3565 ἀποστεροῖτο

2118 3579 2224 3629 τῶν
2274 3575 2416 3649 αὗτῷ
2480 3573 2886 3652 προσηκόντων,
2955 3574 3117 3654 α’ίπερ
3183 3572 3284 3653 ἄρα
3336 3577 3423 3632 καὶ
3478 3581 3644 3632 ταῦτα
3703 3577 3774 3633 τὰ

2121 3663 2358 3737 ὀνόματα
2389 3662 2596 3720 δικαίαν
2625 3663 2746 3744 ἔχει
2795 3668 2891 3732 τὴν
2928 3664 3169 3730 ἀξίωσιν.
3219 3666 3274 3722 Εἰ
3303 3666 3507 3745 τοίνυν,
3540 3664 3773 3743 ἀγαπη-

2120 3755 2200 3810 τοὶ
2268 3752 2505 3833 ἀδελφοὶ,
2565 3760 2696 3810 πᾶσι
2752 3763 2909 3814 τοῦτο
2968 3753 3144 3832 δοκεῖ,
3201 3753 3504 3832 ἐπικρίνατε
3563 3752 3774 3829 μηδένα

2122 3841 2415 3900 ἐπίσκοπον
2467 3842 2667 3922 χρῆναι
2718 3844 2792 3907 είς
2832 3844 2895 3899 τὸ
2947 3841 3306 3922 στρατόπεδον
3350 3843 3767 3923 παραγίνεσθαι,

2121 3934 2383 4010 παρεκτὸς
2436 3933 2636 3989 τούτων
2708 3935 2795 3996 οὒς
2854 3931 2918 3988 ἂν
2989 3935 3016 3989 ὁ
3075 3930 3457 3997 εὐσεϐέστατος
3513 3931 3770 4008 βασιλεὺς

2118 4022 2276 4095 ἡμῶν
2330 4033 2449 4083 τοῖς
2528 4022 2716 4078 ἑαυτοῦ
2795 4027 3074 4100 γράμμασι
3153 4021 3521 4099 μετακαλοῖτο
3555 4038 3569 4052 ⁸
3639 4020 3770 4078 ἀλλ’

2119 4109 2303 4179 ἐπειδῆ
2359 4108 2623 4175 πολλάκις
2678 4109 2956 4185 συμϐαίνει
3009 4113 3156 4177 τινὰς
3212 4111 3401 4169 οἴκτου
3448 4109 3762 4186 δεομένους,

2117 4215 2450 4280 καταφυγεῖν
2507 4200 2594 4257 ἐπὶ
2618 4200 2718 4268 τὴν
2748 4199 3101 4275 Ἐκκλησίαν,
3135 4201 3221 4256 διὰ
3250 4201 3316 4257 τὰ
3344 4200 3547 4257 ἑαυτῶν
3577 4199 3768 4278 ἀμαρ-

2116 4290 2332 4364 τήματα
2404 4292 2478 4354 εἷς
2537 4292 2885 4369 περιορισμὸν
2938 4291 2973 4359 ἢ
3037 4299 3201 4357 νῆσον
3247 4289 3765 4370 καταδικασθέντας,

2115 4379 2152 4448 ἢ
2184 4382 2249 4438 αὖ
2291 4379 2452 4437 πάλιν
2480 4379 2831 4448 οίαδηποτοῦν
2879 4380 3144 4460 ἀποφάσει
3189 4378 3592 4455 ἐκδεδομένους,
3639 4393 3766 4443 τοῖς

2117 4471 2376 4531 τοιούτοις
2437 4470 2515 4546 μὴ
2593 4469 2855 4549 ἀρνητέαν
2921 4470 3066 4527 εἶναι
3122 4470 3224 4537 τὴν
3281 4469 3556 4546 βοήθειαν,
3619 4467 3765 4526 ἀλλὰ

2116 4561 2287 4640 χωρὶς
2323 4557 2629 4638 μελησμοῦ,
2663 4559 2758 4616 καί
2817 4559 2940 4615 ἀνευ
2993 4566 3088 4616 τοῦ
3119 4557 3390 4631 διστάσαι,
3420 4570 3538 4622 τοῖς
3571 4558 3765 4613 τοιού-

2113 4672 2223 4711 τοις
2256 4651 2518 4706 αἰτεῖσθαι
2580 4648 2952 4728 συγχώρησιν.
3020 4649 3076 4706 Εἰ
3115 4649 3280 4728 τοίνυν
3321 4648 3407 4705 καὶ
3441 4653 3596 4704 τοῦτο
3626 4645 3764 4722 ἀρέ-

2115 4761 2255 4814 σκει,
2306 4739 2586 4819 σύμψηφοι
2645 4740 2848 4818 γίνεσθε
2909 4739 3166 4801 ἅπαντες.
3214 4722 3480 4802 ’Ἅπαντες
3538 4735 3765 4815 ἀπεκρίο

2115 4851 2272 4886 ναντο
2309 4845 2326 4866 ⁸
2360 4828 2644 4908 Ὀριζέσθω
2675 4829 2762 4885 καὶ
2787 4828 2970 4891 τοῦτο,

2189 4918 2278 4985 η’.
2311 4917 2499 4982 ⁹¹Οσιος
2544 4918 2833 4983 ἐπίσκοπος
2878 4921 3002 4974 εἷπε
3039 4965 3053 4980 ,
3101 4917 3200 4975 Καὶ
3241 4919 3399 4974 τοῦτο
3428 4916 3464 4983 ἧ
3494 4916 3763 4994 ἀγχίνοια

2110 5006 2258 5083 ὑμῶν
2317 5008 2572 5087 κρινάτω,
2631 5006 2707 5064 ἵν’
2768 5006 2956 5074 ἐπειδὴ
3013 5004 3156 5072 ἔδοξε
3213 5004 3387 5064 διὰτὸ
3419 5004 3498 5081 μή
3540 5006 3761 5062 πίπτειν

2111 5099 2213 5154 ὑπὸ
2265 5098 2602 5176 κατάγνωσίν
2658 5117 2776 5154 τινα
2831 5098 2937 5153 τῶν
2999 5096 3310 5154 ἐπισκόπων
3364 5095 3760 5175 ἀφικνούμενον

2111 5188 2183 5253 εἰς
2238 5189 2302 5245 τὸ
2373 5185 2758 5266 στρατόπεδον,
2815 5185 2870 5242 εἴ
2915 5207 3052 5252 τινες
3115 5185 3288 5242 αὐτῶν
3346 5184 3442 5246 τὰς
3499 5184 3760 5248 τοιαύτας

2108 5277 2290 5357 ἔχοιεν
2345 5275 2586 5352 δεήσεις,
2620 5276 2755 5334 οἴων
2799 5275 2980 5333 ἐπάνω
3008 5275 3455 5351 ἐπεμνήσθημεν,
3487 5271 3574 5331 διὰ
3624 5270 3762 5331 ἰδίου

2111 5365 2355 5424 διακόνου
2415 5364 2818 5425 ἀποστέλλοιεν.
2879 5365 2984 5424 Τοῦ
3026 5366 3127 5444 γὰρ
3170 5363 3436 5443 ὑπηρέτου
3482 5364 3544 5420 τὸ
3578 5362 3759 5442 πρόσ-

2110 5479 2256 5514 ωπον
2287 5460 2384 5516 οὒκ
2412 5455 2687 5535 ἐπίφθονον
2738 5454 3023 5536 τυγχάνει,
3067 5455 3154 5513 καὶ
3218 5455 3285 5511 τὰ
3329 5454 3761 5533 παρασχεθησό-

2111 5567 2271 5627 μενα,
2341 5549 2531 5604 θᾶττον
2604 5549 2927 5620 κομισθῆναι
2997 5542 3306 5612 δυνήσεται,
3369 5540 3758 5622 Ἀπεκρίναντο

2111 5636 2310 5704 πάντες
2344 5654 2360 5675 ο
2399 5635 2498 5695 Καὶ
2526 5640 2683 5693 τοῦτο
2715 5631 2990 5713 ὀριζέσθω.
