4148 6198
313 335 435 405 669

1115 336 1537 404 SYNTAGMA
1578 335 1974 402 CANONUM.
2024 370 2091 379 -
2147 335 2305 401 TIT.
2354 288 2520 418 vin,
2568 337 2733 401 CAP.
2782 336 2885 403 iV.

3563 330 3683 401 670

399 468 471 540 θ’.
529 477 719 545 ’Όσιος
769 478 1060 543 ἐπίσκοπος
1108 476 1235 534 εἶπε
1268 494 1284 509 '
1337 478 1435 534 Καὶ
1477 475 1632 533 τοῦτο
1665 473 1953 532 ἀκόλουθον

2118 471 2179 534 9.
2212 471 2435 535 Hosius
2467 471 2789 553 episcopus
2817 471 2965 533 dixit
3001 488 3015 534 :
3049 470 3173 534 Hoc
3204 488 3445 554 quoque
3469 488 3685 533 conse-

318 570 463 627 εἶναι
524 573 742 652 νομίζω,
800 570 894 627 ἵνα
938 570 983 627 εἰ
1024 569 1080 625 iv
1143 566 1495 641 οἶᾳδηποτοῦν
1546 565 1780 646 ἱπαρχίᾳ
1832 564 1958 622 ἐπί-

315 681 513 719 σκοποι
553 662 686 741 πρὸς
746 659 969 740 ἀδελφὸν
1012 660 1102 716 καὶ
1146 657 1533 715 συνεπίσκοπον
1578 657 1779 713 ἑαυτῶν
1817 655 1959 712 ἀπο-

316 748 598 808 στέλλοιεν
629 748 865 823 δεήσεις,
902 751 929 806 6
975 748 1031 806 iv
1073 753 1140 825 τῇ
1198 749 1399 823 μείζονι
1458 746 1744 827 τυγχάνων
1776 744 1956 819 πόλει,

312 839 563 898 τουτέστι
618 845 688 916 τῇ
732 837 1092 918 μήτροπὸλει,
1126 839 1285 901 αὐτὸς
1328 839 1421 893 καί
1459 837 1553 893 τὸν
1584 834 1827 894 διάκονον
1858 836 1957 892 αὒ-

316 933 414 988 τοῦ
470 932 559 989 καὶ
614 930 710 994 τὰς
769 928 980 997 δεήσεις
1018 926 1370 1004 ἀποστέλλοι,
1415 925 1669 1007 παρέχων
1702 928 1843 1000 αὖτῷ
1872 924 1961 981 καὶ

316 1020 644 1087 συστατικὰς
700 1018 1013 1092 ἱπιστολὰς,
1070 1018 1287 1097 γράφων
1342 1015 1589 1086 δηλονότι
1633 1016 1771 1073 κατὰ
1824 1014 1959 1071 ἀκο-

315 1108 527 1167 λουθίαν
572 1109 842 1187 καὶπρὸς
891 1110 1016 1173 τοὺς
1074 1105 1431 1185 σδναδελφοὺς
1493 1107 1578 1162 καὶ
1636 1102 1955 1162 συνεπισκό-

314 1222 451 1264 πους
494 1202 676 1281 ἡμῶν,
725 1197 925 1263 οἵτινες
971 1198 1024 1255 ἐν
1085 1197 1271 1271 ἐκείνῳ
1301 1204 1377 1271 τῷ
1408 1201 1577 1275 καιρῷ
1607 1195 1662 1251 iv
1697 1208 1817 1259 τοῖς
1860 1193 1956 1250 τό·

314 1313 441 1356 ποις
472 1290 510 1359 ἢ
540 1290 595 1347 ἐν
626 1289 753 1354 ταῖς
786 1288 976 1345 πόλεσι
1007 1286 1262 1366 διάγοιεν,
1298 1286 1353 1343 ἐν
1384 1286 1477 1351 αῖς
1510 1288 1537 1341 6
1585 1282 1958 1346 εὖσεϐἐστατος

312 1379 570 1457 βασιλεὺς
613 1380 680 1437 τὰ
735 1376 973 1454 δημόσια
1031 1377 1323 1456 ⁴πράγματα
1394 1373 1725 1454 διακυϐερνᾷ,
1792 1376 1849 1432 Εἰ
1906 1371 1959 1429 δὲ

310 1469 440 1550 ἔχοι
496 1491 573 1536 τις
630 1469 738 1526 τῶν
788 1467 1098 1525 ἐπισκόπων
1145 1465 1328 1545 φίλους
1374 1464 1427 1522 iv
1459 1472 1528 1543 τῇ
1558 1463 1697 1541 αὒλῇ
1726 1471 1819 1522 τοῦ
1848 1478 1960 1520 πα-

309 1559 521 1633 λατίου,
555 1559 643 1616 καὶ
691 1556 939 1635 βούλοιτο
981 1557 1102 1636 περί
1160 1578 1327 1630 τινος,
1356 1554 1489 1633 ὅπερ
1515 1551 1960 1631 πρεπωδέστατον

310 1649 406 1721 εἴη
464 1648 711 1721 ἀξιῶσαι,
750 1648 828 1723 μὴ
884 1646 1149 1704 κώλύοιτο
1200 1644 1287 1702 διὰ
1315 1652 1408 1703 τοῦ
1442 1645 1633 1702 ἑαυτοῦ
1686 1640 1957 1716 διακόνου,

2044 581 2238 646 quens
2260 582 2399 625 esse
2428 563 2731 638 existimo,
2769 570 2830 624 ut
2875 563 2935 623 in
2969 580 3347 644 quacumque
3379 560 3688 642 provincia

2045 653 2317 735 episcopi
2338 652 2411 716 ad
2439 654 2693 715 fratrem
2712 661 2773 714 et
2798 652 3226 733 coepiscopum
3248 670 3422 714 suum
3447 651 3684 713 mittant

2045 762 2280 825 preces,
2316 749 2368 805 is
2397 745 2498 825 qui
2531 750 2623 805 est
2670 742 2732 803 in
2784 742 3001 822 majori
3051 742 3317 817 civitate,
3355 742 3469 803 hoc
3498 748 3589 802 est
3618 739 3683 802 iu

2044 833 2391 915 metropoli,
2426 835 2555 914 ipse
2582 832 2923 893 ministrum
2952 850 3129 893 suum
3155 840 3215 894 et
3238 849 3449 912 preces
3472 831 3682 903 mittat,

2046 923 2324 1005 praebens
2356 922 2412 984 ei
2439 923 2579 984 205
2602 921 3129 984 commendatitias
3159 940 3397 1003 quoque
3427 920 3681 993 litteras,

2043 1013 2321 1075 scribens
2353 1012 2632 1075 videlicet
2693 1030 2802 1093 per
2861 1011 3359 1093 consequentiam
3397 1008 3577 1072 etiam
3610 1007 3686 1070 ad

2043 1102 2260 1165 fratres
2281 1111 2340 1166 et
2359 1103 2753 1183 coepiscopos
2775 1101 3143 1182 nostros,qui
3160 1100 3400 1163 scilicet
3418 1099 3521 1161 illo
3547 1106 3691 1160 tem-

2045 1212 2191 1273 pore
2217 1192 2442 1256 inlocis
2458 1192 2550 1255 vel
2576 1190 2918 1254 civitatibus
2945 1191 3212 1271 agant,in
3236 1189 3454 1272 quibus
3482 1188 3684 1269 piissi-

2046 1301 2177 1344 mus
2199 1282 2532 1363 imperator
2549 1278 2985 1358 rempublicam
3013 1279 3403 1359 gubernat.Si
3422 1279 3555 1360 quis
3574 1296 3687 1339 au-

2047 1380 2169 1435 tem
2188 1372 2520 1452 episcopus
2544 1371 2724 1433 habet
2740 1369 2968 1432 amicos
2993 1370 3053 1431 in
3076 1369 3211 1431 aula
3231 1368 3527 1451 palatii,et
3548 1367 3692 1429 velit

2043 1462 2469 1542 aliquid,quod
2504 1462 2579 1524 sit
2611 1460 2931 1523 honestum
2961 1469 3020 1522 et
3046 1460 3303 1538 justum,
3335 1458 3687 1540 impetrare.

2044 1571 2122 1614 ne
2154 1550 2547 1633 prohibeatur
2578 1568 2686 1632 per
2716 1568 2890 1611 suum
2916 1549 3261 1612 ministrum
3289 1556 3610 1627 etrogare,
3630 1554 3690 1609 et

2043 1642 2118 1704 iis
2149 1640 2463 1722 mandare,
2496 1649 2563 1704 ut
2612 1641 2836 1702 bonum
2869 1658 3042 1703 suum
3094 1638 3383 1701 auxilium
3414 1638 3472 1699 ei
3507 1637 3690 1699 velint

309 1740 401 1795 καὶ
443 1737 666 1804 ἀξιῶσαι
696 1739 786 1794 καὶ
816 1735 1146 1794 ἐντείλασθαι
1193 1736 1427 1811 τούτοις,
1464 1736 1551 1796 οὒς
1598 1754 1656 1789 1s
1702 1732 1801 1799 τὴν
1860 1730 1959 1788 αὖ·

2056 1731 2340 1813 praabere.
2369 1732 2480 1805 Qui
2514 1738 2714 1793 autem
2747 1732 3001 1793 Romam
3034 1730 3331 1791 accedunt
3363 1726 3693 1805 (quemad-

310 1834 419 1886 τῶν
449 1828 654 1906 ἀγαθὴν
687 1828 938 1903 βοήθειαν
968 1824 1203 1892 ἀξιοῦντι
1237 1828 1380 1897 αὐτῷ
1432 1822 1692 1903 παρέχειν
1734 1824 1953 1899 ἡγοῖτο.

2056 1822 2285 1885 modum
2318 1822 2605 1902 superius
2640 1819 2866 1882 dictum
2898 1820 3010 1899 est)
3034 1819 3255 1906 dilecto
3287 1817 3467 1906 fratri
3490 1825 3691 1906 nostro

314 1921 377 1977 Οἱ
409 1916 463 1973 δὲ
502 1903 605 1980 *εἰς
660 1907 875 1991 Ῥώμην
922 1915 1369 1995 παραγινόμενοι,
1422 1914 1593 1978 καθὼς
1638 1914 1952 1991 προείρηκα,

2056 1916 2102 1970 at
2131 1909 2489 1991 coepiscopo
2518 1906 2679 1971 Julio
2714 1925 3105 1990 preces,quas
3162 1905 3386 1968 habent
3434 1903 3687 1995 dandas,

311 2012 393 2081 τῷ
422 2008 692 2085 ἀγαπητῷ
752 2004 965 2085 ἀδελφῷ
1004 1994 1169 2080 ίῆμῶν
1199 2006 1290 2062 καὶ
1322 2003 1698 2075 συνεπισκόπῳ
1728 2000 1957 2081 Ἰουλίῳ,

2056 1996 2315 2079 praabere
2346 1999 2667 2073 debent,ut
2699 1999 2829 2079 ipse
2862 1997 3032 2077 prius
3066 1994 3446 2068 examinet,si
3470 1994 3690 2071 aliqua;

316 2098 412 2163 τὰς
463 2094 677 2166 δεήσεις
730 2094 790 2158 ἃς
836 2094 1020 2175 ἔχοιεν
1068 2091 1292 2166 διδόναι,
1341 2091 1605 2173 ὀφείλουσι
1675 2091 1956 2171 παρέχειν,

2056 2106 2252 2150 sarum
2279 2107 2396 2150 non
2423 2097 2563 2150 sunt
2587 2087 2967 2169 impudentes
2994 2106 3011 2164 ;
3038 2094 3094 2147 et
3122 2085 3210 2147 sic
3232 2102 3399 2175 suam
3424 2100 3597 2163 opem
3631 2089 3691 2142 et

312 2187 411 2244 ἵνα
462 2185 723 2265 πρότερος
788 2170 944 2249 αὖτδς
1007 2184 1312 2263 δοκιμάζοι,
1357 2170 1401 2238 si
1445 2182 1522 2255 μή
1567 2201 1706 2245 τινες
1749 2180 1800 2246 ἐξ
1846 2170 1959 2237 αὒ-

2056 2197 2249 2241 curam
2274 2178 2686 2260 praebens,eos
2704 2177 2776 2238 ad
2801 2182 2998 2239 castra
3030 2179 3242 2236 mittat.
3277 2170 3502 2265 Omnes
3532 2171 3687 2265 epis-

318 2282 429 2334 τῶν
459 2276 896 2354 ἀναισχυντοῐιν,
932 2275 1017 2331 καὶ
1063 2273 1232 2339 οὕτως
1288 2274 1389 2341 τὴν
1416 2273 1611 2331 ἑαυτοῦ
1637 2271 1959 2350 προστασίαν

2056 2268 2185 2348 copi
2216 2268 2500 2331 dixerunt
2529 2267 2644 2329 sibi
2678 2268 2916 2348 placere
2942 2274 2999 2329 et
3031 2283 3167 2327 esse
3190 2260 3689 2326 convenientissi-

318 2367 413 2424 καὶ
468 2363 714 2446 φροντίδα
779 2364 1061 2446 παρέχων,
1116 2365 1192 2428 εἷς
1249 2363 1309 2420 τὸ
1354 2358 1716 2441 στρατόπεδον
1777 2361 1959 2425 αὖτοὺς

2056 2376 2213 2420 mum
2249 2359 2359 2420 hoc
2390 2357 2736 2419 consilium.

314 2440 725 2516 ἀποστέλλοιεν.
789 2440 1070 2518 "hinc;
1101 2454 1148 2511 oi
1200 2454 1486 2510 ὶπίσκοποι
1530 2449 1880 2530 ἀπεκρίναντό
1925 2449 2382 2530 ἂρέσκεινναῦτετς
2426 2450 2514 2507 καὶ
2544 2445 2995 2529 πρεπωδεστάτην
3040 2445 3185 2502 εἶναι
3228 2445 3326 2513 τὴν
3382 2440 3690 2520 συμϐουλήν

317 2546 545 2613 ταύτην,

402 2633 480 2696 κ’.
526 2632 837 2700 Γαυδέντιος
868 2633 1156 2698 ἰπίσκόπος
1200 2636 1346 2690 εἷπι⁶
1382 2638 1555 2691 Ταῦτα
1580 2632 1646 2689 τὰ
1674 2651 1961 2710 σωτηριω-

316 2724 449 2801 δῶς,
481 2747 535 2788 κ,
568 2746 623 2786 1.
656 2722 711 2784 λ.

399 2817 499 2876 Καὶ
526 2820 685 2871 τοῦτο
716 2812 770 2869 δὲ
810 2812 1016 2871 ἐκεῖθεν
1049 2812 1283 2890 μάλιστα
1314 2810 1603 2892 γνώριμον,
1636 2833 1691 2874 κ.
1724 2833 1776 2869 1.
1812 2809 1865 2869 λ.

393 2995 669 3057 ’Ἅπαντες
701 2992 863 3049 εἶπον
897 3009 914 3028 ο
949 2990 1235 3072 Ὀριζέσθω
1264 2992 1353 3047 καὶ
1382 2997 1562 3051 τοῦτο.

555 3094 781 3155 Συνόδου
815 3095 1185 3175 Καρθαγέννης
1219 3095 1394 3151 κανὼν
1426 3093 1534 3174 ρδ¹,
1566 3092 1702 3173 ρξ’.

400 3190 525 3269 Περὶ
575 3196 683 3246 τῶν
714 3189 812 3257 τὴν
843 3186 1126 3267 διάγνωσιν
1158 3193 1261 3245 τῶν
1294 3186 1566 3264 δημοσίων
1600 3186 1952 3266 δικαστηρίων

314 3282 431 3339 ἀπὸ
462 3282 557 3337 106
585 3278 850 3356 βασιλέως
878 3280 1187 3341 αἱτούντων,

404 3366 511 3448 ρδ’.
557 3367 786 3446 ’Ἧρεσεν
837 3366 930 3423 ἵνα
983 3365 1336 3438 ὀστισδήποτε
1381 3368 1487 3424 ἀπὸ
1549 3370 1642 3424 106
1698 3366 1961 3445 βασιλέως

318 3459 609 3536 διάγνωσιν
650 3456 927 3532 δημοσίων
972 3456 1329 3535 δικαστηρίων
1375 3458 1615 3533 αἶτήσοι,
1671 3464 1769 3526 τῆς
1828 3456 1961 3520 ἰδίας

316 3553 487 3625 τιμῆς
520 3546 829 3625 στερηθείη·
871 3546 962 3602 ἐὰν
1007 3544 1059 3602 δὲ
1106 3547 1277 3624 κρίσιν
1324 3547 1685 3617 ἔπισκοπικὴν
1715 3548 1821 3604 ἀπὸ
1871 3558 1963 3606 του

318 3636 587 3716 βασιλέως
622 3638 854 3711 αἰτήσοι,
891 3634 1062 3711 μηδὲν
1096 3636 1237 3711 αὒτῷ
1269 3636 1571 3711 ἒμποδίσοι,

397 3726 517 3784 Ἵνα
574 3728 621 3783 οἱ
664 3726 748 3782 ἐπὶ
791 3729 854 3782 τὸ
898 3726 1190 3803 κομιτᾶτον
1233 3728 1608 3807 πορευόμενοι,
1642 3730 1739 3797 τὴν
1795 3728 1962 3785 αἰτίαν

316 3818 518 3875 ἑαυτῶν
550 3816 637 3872 καὶ
668 3816 745 3889 τῷ
790 3816 845 3871 ἰν
901 3814 1211 3895 Καρχηδόνι
1244 3819 1331 3874 καὶ
1361 3820 1438 3893 τῷ
1473 3809 1763 3895 Ῥωμαϊκῳ
1788 3820 1959 3899 ᾗερεῐ,

316 3904 657 3964 σπουδάσωσι
670 3929 687 3961 ν
718 3904 1029 3985 ἐμφανίσαι.

398 3994 532 4073 ρξ’.
580 3993 811 4070 Ἤρεσεν
839 3993 935 4050 ’ίνα
979 3992 1333 4066 ὁστισδήποτε
1390 3998 1521 4077 πρὸς
1568 3999 1628 4055 τὸ
1672 3999 1961 4074 κομιτάτον

313 4087 639 4161 πορευθῆναι
681 4081 952 4164 θελήσειε,
984 4090 1053 4161 τῇ
1082 4084 1382 4163 ἀπολυτικῇ
1434 4094 1501 4159 τῇ
1536 4087 1622 4145 ἐπὶ
1683 4089 1782 4157 τὴν
1831 4087 1959 4147 Ἐκ-

313 4173 544 4241 κλησίαν
578 4165 791 4249 Ῥώμης
832 4174 1158 4251 πεμπομένη
1218 4176 1521 4244 κατάδηλος
1581 4178 1827 4256 γένηται,
1875 4190 1963 4245 καὶ

312 4264 408 4321 ἵνα
440 4264 646 4320 ὂκεϊθεν
698 4262 774 4319 ἔτι
826 4264 935 4339 μὴν
987 4263 1320 4333 ἀπολυτικὴν
1351 4264 1489 4343 λάϐῃ
1520 4267 1605 4323 ἐπὶ
1644 4269 1697 4325 τὸ
1731 4270 1963 4343 κομιτά-

314 4376 435 4416 τον,
473 4352 567 4408 Διδ
601 4351 691 4409 ἐὰν
734 4354 762 4410 6
806 4351 987 4410 λαϐὼν
1030 4351 1366 4422 ἂπολυτικὴν
1411 4358 1545 4433 πρὸς
1603 4358 1701 4425 τὴν
1747 4349 1961 4433 Ῥώμην

316 4443 504 4521 μόνον,
542 4443 827 4513 σιωπήσας
874 4442 975 4511 τὴν
1019 4441 1286 4521 ἀνάγκην,
1320 4442 1389 4499 δι⁹
1433 4445 1499 4513 ἢν
1532 4446 1603 4511 εἷς
1635 4448 1695 4504 τὸ
1726 4450 1958 4523 κομιτά-

2127 2630 2231 2694 20.
2264 2627 2636 2693 Gaudentius
2668 2627 2990 2708 episcopus
3020 2624 3170 2688 dixit
3204 2622 3383 2688 :Haac
3413 2618 3691 2685 salutari-

2046 2724 2159 2797 ter,
2195 2726 2342 2800 etc.,
2374 2727 2441 2782 ut
2468 2736 2609 2801 pag.
2639 2718 2781 2783 666.

2124 2806 2315 2873 Porro
2347 2816 2545 2872 autem
2581 2825 2824 2889 quoque
2847 2806 3012 2870 illinc
3036 2808 3149 2869 erit
3172 2802 3427 2867 maxime
3448 2809 3682 2880 notum,

2043 2908 2191 2976 etc.,
2230 2906 2294 2962 ut
2321 2917 2461 2980 pag.
2497 2899 2640 2961 666.

2120 2990 2349 3052 Omnes
2381 2989 2663 3052 dixerunt
2698 3008 2712 3052 :
2745 2986 2871 3050 Hoc
2902 3004 3143 3069 quoque
3176 2986 3570 3048 decernatur.

2120 3092 2389 3157 Consilii
2423 3094 2932 3175 Carthagiitcmis
2982 3110 3247 3155 canones
3286 3092 3422 3166 104,
3462 3088 3601 3151 106.

2116 3190 2209 3251 De
2240 3189 2338 3251 his
2385 3190 2493 3269 qui
2532 3187 2920 3269 publicorum
2959 3187 3336 3267 judiciomm
3384 3184 3685 3265 cognitio-

1976 3276 2018 3329 C
2043 3294 2178 3341 nem
2221 3279 2295 3340 ab
2326 3279 2702 3358 imperatore
2729 3277 3137 3357 poposccrint.

2133 3368 2509 3432 itt4.Placuit
2529 3368 2686 3441 77,ut
2708 3366 3075 3448 quicumque
3097 3366 3169 3429 ab
3194 3365 3554 3444 imperatore
3576 3384 3682 3426 co-

2045 3456 2752 3535 gnitionemjudiciorum
2772 3456 3151 3536 publicorum
3179 3454 3689 3535 petierit,honore

2048 3552 2289 3627 proprio
2344 3546 2654 3626 privetur;
2697 3545 2747 3606 si
2780 3557 2981 3607 autem
3018 3544 3361 3625 episcopale
3382 3543 3685 3623 judicium

2046 3636 2119 3698 ab
2151 3636 2514 3717 imperatore
2550 3636 2893 3716 postularit,
2928 3635 3077 3696 nihil
3114 3637 3165 3696 ei
3196 3634 3375 3695 obsit.

2126 3725 2267 3787 204
2303 3726 2375 3789 Ut
2392 3734 2715 3804 pergentes
2738 3726 2819 3787 ad
2839 3726 3221 3799 comitatum,
3240 3740 3483 3785 causam
3504 3738 3686 3784 suam

2044 3817 2138 3879 vel
2168 3814 2642 3895 Carthagincnsi
2663 3813 2754 3876 vel
2777 3813 3049 3877 Romano
3071 3812 3348 3894 pontifici
3370 3812 3686 3875 insinuare

2038 3914 2399 3987 procurent.

2126 3996 2261 4061 106.
2298 3994 2531 4057 Placuit
2550 3995 2635 4070 78,
2671 4002 2734 4056 ut
2754 3993 3105 4075 quicunque
3123 3992 3196 4054 ad
3219 3996 3562 4055 comitatum
3596 3990 3686 4053 ire

2043 4085 2392 4161 voluerit,in
2414 4086 2665 4146 formata
2692 4102 2823 4164 quas
2841 4083 2915 4145 ad
2942 4082 3106 4145 urbis
3133 4080 3683 4144 RomaeEcclesiam

2049 4173 2890 4250 mittitur,intinietur,utinde
2912 4172 3089 4235 etiam
3112 4171 3185 4232 ad
3204 4171 3552 4233 comitatum
3571 4170 3686 4232 for-

2046 4275 2263 4327 matam
2289 4262 2747 4346 accipiat.Quod
2769 4264 2819 4325 si
2843 4262 3149 4343 accipiens
3177 4260 3251 4322 ad
3274 4261 3523 4323 Romam
3550 4270 3684 4323 tau-

2047 4356 2355 4417 tummodo
2370 4356 2781 4428 formatam,et
2806 4361 3007 4413 tacens
3030 4352 3459 4415 necessitatem
3482 4351 3684 4432 quaad

2045 4446 2397 4508 comitatum
2426 4443 2513 4506 illi
2541 4442 2913 4525 pergendum
2940 4450 3051 4517 est,
3086 4441 3343 4503 voluerit
3381 4442 3577 4503 statim
3612 4441 3686 4503 ad

314 4555 407 4591 τον
450 4531 609 4588 αὐτὸν
654 4533 764 4611 χρὴ
808 4532 1150 4611 πορευθῆναι,
1187 4532 1391 4609 Θελήσῃ
1423 4535 1613 4597 εὐθέως
1649 4535 1740 4593 ὶπί
1771 4539 1830 4594 τὸ
1860 4559 1959 4594 κο-

2056 4535 2394 4597 comitatum
2434 4552 2712 4613 pergere,
2748 4552 2781 4594 a
2811 4531 3239 4594 communione
3279 4543 3683 4594 removeatur.

317 4622 544 4699 μιτάτον
601 4619 838 4697 βαδίσαι,
875 4622 1179 4697 ἀποκινηθῂ
1223 4628 1323 4691 τῆς
1367 4625 1668 4691 κοινωνίας.
1734 4624 1861 4684 Ἐὰν
1906 4626 1959 4685 δὲ

316 4711 498 4768 ἐκεῖσε
564 4709 618 4765 ἂν
674 4712 742 4787 τῇ
802 4702 985 4789 Ῥώμη
1046 4709 1278 4791 αἰφνιδία
1338 4713 1549 4792 ἀνάγκη
1611 4714 1824 4795 ἀποφυῇ
1869 4720 1964 4774 τοῦ

316 4799 578 4857 ἀπελθεῖν
643 4802 715 4867 εἷς
767 4802 830 4857 τὸ
887 4802 1202 4878 κομιτάτον,
1271 4801 1553 4882 ἐμφανίσει
1628 4805 1793 4873 αὐτὴν
1863 4808 1963 4876 τὴν

314 4892 562 4970 ἀνάγκην
632 4897 709 4965 τῷ
785 4890 1065 4975 ἑπισκόπῳ
1140 4892 1384 4969 Ῥώμης,
1442 4896 1530 4951 καὶ
1597 4898 1958 4975 παρακομίσει

313 4982 609 5059 ἀντίγραφα
654 4988 746 5038 τοῦ
801 4982 972 5049 αὐτῆς
1021 4972 1233 5057 Ῥώμης
1286 4984 1582 5044 ἐπισκόπου
1620 5006 1634 5020 ⁸
1670 4972 1719 5043 αἱ
1752 4987 1960 5044 ἀπολυ-

312 5072 459 5128 τικαῖ
500 5068 555 5125 δὲ
601 5072 651 5125 αἱ
699 5070 805 5127 ἀπὸ
866 5077 973 5127 τῶν
1032 5074 1436 5149 πρωτευόντων,
1483 5074 1517 5143 ἢ
1576 5081 1682 5134 τῶν
1727 5076 1957 5148 οἱωνδή-

310 5182 445 5219 ποτε
507 5160 841 5239 ἐπισκόπων,
894 5174 1013 5224 τοῖς
1083 5160 1231 5226 ἰδίοις
1292 5162 1577 5243 κληρικοϊς
1661 5164 1954 5247 διδόμεναι,

2045 4623 2215 4697 Quod
2242 4624 2291 4686 si
2317 4623 2397 4686 ibi
2423 4626 2633 4688 Romae
2657 4622 2711 4684 ei
2735 4621 3053 4702 repentina
3080 4621 3408 4682 necessitas
3422 4632 3552 4682 orta
3565 4622 3686 4682 fue-

2043 4714 2121 4775 rit
2142 4714 2212 4777 ad
2226 4714 2572 4777 comitatum
2590 4710 3130 4794 pergendi,alleget
3150 4708 3307 4789 apud
3330 4713 3682 4790 episc0pum

2042 4802 2211 4866 urbis
2235 4806 2445 4869 Romaa
2471 4806 2656 4883 ipsam
2683 4798 3200 4879 necessitatem,et
3222 4798 3298 4859 de
3321 4799 3431 4860 hoc
3455 4797 3680 4859 rescri-

2044 4900 2143 4974 pta
2175 4893 2447 4975 ejusdem
2480 4894 2734 4955 Romani
2767 4889 3038 4970 episcopi
3069 4887 3355 4969 perferat.
3390 4887 3682 4949 Formatae

2043 4992 2406 5065 autem,quie
2423 5002 2456 5044 a
2480 4980 2833 5063 primatibus
2857 4980 3002 5040 vela
3023 4976 3503 5059 quibuscumque
3526 4977 3683 5058 epis-

2041 5074 2213 5154 copis
2241 5074 2481 5135 clericis
2514 5071 2774 5151 propriis
2803 5068 3048 5141 dantur,
3083 5066 3343 5128 habeant
3370 5067 3529 5129 diem
3562 5066 3679 5129 Pa-

2039 5163 2199 5225 scbte
2229 5181 2243 5226 :
2278 5164 2436 5245 quod
2468 5163 2516 5223 si
2549 5161 2745 5222 adhuc
2778 5158 3055 5239 ejusdem
3090 5156 3233 5217 anni
3278 5158 3522 5220 Pascha:
3546 5157 3674 5219 dies

307 5250 491 5330 σχῶσι
550 5250 651 5316 τὴν
713 5248 920 5328 ἡμέραν
963 5252 1057 5306 τοῦ
1116 5252 1334 5331 Πάσχα,
1383 5252 1509 5309 Ἐὰν
1552 5252 1607 5311 δί
1683 5255 1862 5331 ἀκμήν

2062 5260 2303 5315 ncertns
2333 5260 2444 5329 est,
2478 5252 2582 5314 ille
2615 5249 2963 5329 praecedens
2985 5245 3677 5328 adjungatur,quomodo

306 5338 489 5418 ἡμέρα
542 5345 636 5397 τοῦ
695 5339 892 5417 Πάσχα
923 5346 1017 5396 106
1048 5341 1207 5398 αὐτοῦ
1234 5342 1479 5401 ὶνιαυτοῦ
1513 5342 1815 5412 κατάδηλος
1859 5349 1954 5404 οὒκ

2056 5343 2191 5404 ιοιει
2220 5351 2353 5424 post
2402 5340 2773 5405 consulatum
2820 5340 2880 5401 in
2916 5335 3172 5419 publicis
3203 5336 3390 5417 gestis
3420 5337 3672 5401 ascribi.

306 5427 475 5501 ἔστιν,
538 5430 573 5497 ἡ
630 5429 723 5485 106
765 5429 1224 5509 προηγησαμένου
1291 5436 1713 5515 προσζευχθείη,
1746 5435 1804 5491 ὃν
1833 5436 1951 5515 τρό-

2056 5432 2264 5496 Ἰαοιιὶι
2285 5440 2343 5495 et
2361 5432 2602 5511 illud,ut
2625 5426 2911 5494 adversus
2934 5425 3271 5492 Douatistas
3296 5435 3354 5488 et
3378 5444 3671 5510 paganos,

389 5683 453 5739 77
482 5682 665 5755 Cons.
696 5684 885 5755 Afric.
919 5687 1065 5757 Can.
1104 5688 1207 5758 7t.
1290 5690 1355 5743 78
1379 5688 1534 5761 Ibid.
1567 5690 1670 5760 73.
