4004 6230
503 272 613 341 671

1675 278 1943 388 ΡΗΟΤΙΙ
2005 279 2522 380 PATRIABCHE
2565 280 2677 344 ΟΡ.

3708 279 3806 348 672

497 411 587 474 vel
619 429 828 475 eorum
859 412 1353 494 superstitiones,
1389 413 1566 496 legati
1601 415 1774 477 missi
1806 415 1880 478 de
1903 415 2018 479 hoc
2034 416 2125 497 glo

2261 439 2339 474 τον
2371 414 2530 474 εἴωθε
2561 418 2698 494 μετὰ
2743 416 2842 484 τὴν
2875 417 3124 474 δπατείαν
3166 415 3453 497 γράφεσθαι
3485 415 3541 474 ἓν
3576 431 3677 483 τοῖς
3723 419 3806 488 δη-

504 503 666 565 rioso
693 503 948 565 concilio
978 503 1266 584 quidquid
1296 504 1443 566 utile
1475 503 1869 586 porviderint,
1907 506 1982 568 de
2012 507 2125 586 g’lo-

2261 508 2438 574 ιοσίοις
2469 507 2893 587 πεπραγμένοις.

504 592 855 656 riosissimis
882 594 1254 674 principibus
1286 597 1639 676 impetrent.

577 684 808 746 Placuit
835 685 1012 745 etiam
1041 685 1289 765 petitum
1328 687 1599 748 omnium
1621 687 2145 768 episcoporum,ut

2306 686 2503 764 "Epeos
2584 685 2639 742 δὲ
2716 687 2960 761 κακεῖνο,
3049 685 3187 742 ὥστε
3269 687 3407 742 κατᾶ
3462 690 3563 741 τῶν
3621 695 3812 743 Δονατι-

499 773 769 853 epistolis
800 775 1077 836 omnibus
1108 775 1183 836 de
1213 777 1473 838 concilio
1507 777 1720 839 dandis
1743 779 2025 839 sanctitas
2048 785 2125 839 tu:

2261 782 2386 852 τῶν,
2435 777 2522 834 καὶ
2576 780 2683 832 τῶν
2739 775 3038 856 Ἐλλήνων,
3095 776 3185 832 καὶ
3240 781 3345 830 τῶν
3421 777 3692 852 θρησκειῶν
3741 777 3812 833 αύ-

495 863 621 925 sola
641 864 1003 928 subscribat.
1031 865 1103 927 Et
1121 867 1638 947 subscripserunt.
1675 868 1954 930 Aurelius
1977 868 2140 948 epis-

2223 873 2356 947 τῶν,
2409 868 2530 930 τοὺς
2606 864 2944 944 πεμφθέντας
3004 866 3386 942 τοποτηρητᾶς
3446 865 3503 920 ἐκ
3581 870 3666 932 τῆς
3742 889 3814 921 τι-

496 972 686 1034 copus
719 955 1216 1034 Carthaginensis
1272 957 1411 1018 huic
1472 957 1715 1019 decreto
1743 959 2050 1031 consensi,
2086 977 2118 1020 e

2269 958 2347 1021 ίας
2407 957 2604 1022 ταύτης
2677 953 2918 1026 συνοδου,
2983 962 3085 1012 πᾶν
3157 957 3329 1010 ὁτιοῦν
3405 957 3661 1034 χρήσιμον
3708 977 3814 1010 συν-

498 1044 780 1124 ρτωιθοῑυ
811 1045 1166 1127 subscripsi.
1206 1045 1500 1110 Similiter
1545 1057 1604 1109 et
1637 1047 1839 1110 cmteri
1869 1048 2141 1128 episcopi

496 1134 1006 1215 subscripserunt.

493 1249 632 1304 πων,

2227 1046 2424 1120 ίὸωσιν,
2483 1046 2543 1101 ἐκ
2613 1052 2718 1102 τῶν
2779 1043 3140 1110 ἐνδοξοτάτων
3201 1047 3516 1115 αἰτήσασθαι
3568 1043 3815 1120 βασιλέωι.

2225 1136 2449 1213 ’Ήρεσεν
2502 1135 2577 1192 ἔτι
2637 1137 2746 1210 μὴν
2798 1157 2863 1211 τῃ
2925 1133 3130 1202 αἰτήσει
3191 1138 3406 1192 πάντων
3478 1135 3580 1190 τῶν
3631 1133 3819 1190 ἐπισκό-

665 1226 756 1283 ἵνα
812 1227 1008 1291 πάσαις
1052 1241 1176 1292 ταῖς
1235 1226 1568 1306 ὀφειλούσαις
1628 1226 1841 1296 δοθῆναι
1886 1242 2009 1292 ταῖς
2056 1235 2150 1295 τῆς
2205 1223 2421 1283 συνόδου
2454 1225 2794 1300 ἐπιστολαῖς,
2841 1227 2876 1293 ἡ
2931 1225 3000 1292 σὴ
3051 1224 3321 1299 ἁγιωσύνη
3352 1225 3494 1299 μόνη
3547 1224 3815 1300 ὑπογράφῃ*

498 1317 594 1372 Καὶ
650 1316 982 1392 ὑπέγραψαν⁹
1048 1317 1309 1395 Αὖρήλιος
1369 1319 1656 1380 ἐπίσκοπος
1716 1323 1814 1384 τῆς
1866 1318 1922 1373 ἒν
1996 1314 2302 1397 Καρχηδόνι
2375 1313 2726 1387 Ἐκκλησίας,
2785 1322 2862 1390 τῷ
2918 1316 3138 1394 παρόντι
3201 1315 3506 1394 ψηφίσματι
3572 1314 3820 1390 συνῄνεσα,

493 1404 587 1460 καί
620 1405 1119 1483 παραναγνωσοέντι
1165 1407 1468 1484 ὅπὲγραψα.
1503 1407 1735 1480 Ὀμοίως
1770 1410 1856 1464 καὶ
1886 1410 1932 1463 οἱ
1963 1406 2138 1464 λοιποὶ
2170 1407 2448 1462 ἐπίσκοποι
2481 1405 2818 1483 ὑπέγραψαν.

571 1494 712 1554 205
741 1493 912 1558 CAP.
948 1496 1019 1558 V.
1052 1530 1131 1541 —-
1158 1495 1239 1558 De
1281 1496 1589 1576 hospitum
1645 1497 2046 1578 susceptione,
2079 1502 2135 1559 et

492 1583 562 1645 de
581 1586 859 1665 paciﬁcis
889 1591 946 1646 et
975 1586 1491 1647 commendaticiis
1519 1585 1811 1664 epistolis.

819 1679 1242 1759 Apostolorum
1272 1697 1532 1742 canones
1571 1678 1664 1756 12,
1700 1680 1800 1743 33.

573 1770 674 1833 12.
709 1771 772 1834 Si
804 1772 940 1853 quis
966 1772 1230 1834 clericus
1263 1773 1354 1833 vel
1382 1772 1570 1835 laicus
1613 1785 1980 1852 segregatus,
2014 1771 2136 1832 sive

494 1879 614 1922 non
668 1861 1079 1940 recipiendus,
1143 1862 1490 1936 discedens,
1545 1863 1608 1924 in
1639 1863 1829 1924 altera
1857 1861 2006 1924 urbe
2033 1880 2137 1922 re-

2303 1499 2553 1556 ΚΕΦΑΛ.
2588 1497 2666 1554 Ε¹.
2697 1527 2773 1538 —
2801 1496 2925 1570 Περὶ
2956 1492 3236 1574 ὑποδοχῆς
3285 1493 3473 1569 ξενων,
3519 1492 3603 1550 καὶ
3631 1491 3736 1570 περὶ
3759 1491 3822 1546 εἰ·

2217 1588 2451 1661 ρηνικῶν
2481 1584 2578 1639 καῖ
2610 1590 2944 1640 συστατικῶν
2979 1583 3300 1645 ἐπιστολῶν,

2623 1675 2970 1734 Ἀποστόλων
3004 1677 3179 1733 κανὼν
3209 1675 3308 1753 ιβ’,
3343 1675 3452 1754 λγ’.

2306 1771 2410 1848 ιβ’.
2446 1769 2514 1829 Εἴ
2561 1793 2642 1835 τις
2687 1770 2943 1850 κληριιιὸς
2989 1773 3024 1839 ἢ
3071 1769 3289 1843 λα’ίκὸς,
3338 1769 3694 1848 ἀφωρισμένος
3726 1766 3824 1834 ἤτοι

2219 1859 2460 1934 ἄδεκτος,
2509 1860 2752 1918 ἀπελθὼν
2797 1865 2851 1916 ἓν
2895 1861 3048 1938 ἑτέρᾳ
3105 1863 3262 1918 πόλει
3307 1859 3478 1940 δεχθῇ
3509 1861 3629 1916 ἄνευ
3675 1880 3830 1936 γραμ-

492 1960 702 2030 ceptus
735 1951 913 2014 fuerit
941 1953 1172 2032 absque
1205 1952 1428 2015 litteris
1471 1952 2002 2023 commendatitiis,
2036 1970 2125 2013 se-

2265 1953 2405 2006 ἀτων
2437 1956 2791 2024 συστατικῶν,
2828 1951 3156 2029 ἆφοριζὲσθω
3186 1953 3271 2006 καὶ
3303 1952 3330 2006 ὁ
3373 1949 3648 2026 δεξάμενος
3691 1946 3772 2003 καί
3808 1947 3830 2000 ὁ

487 2050 794 2119 gregetur,
828 2050 888 2103 et
920 2042 1019 2122 qui
1050 2042 1311 2122 excepit,
1353 2053 1412 2104 et
1443 2043 1546 2122 qui
1580 2052 1866 2122 exceptus
1893 2049 2010 2103 est.

578 2129 678 2194 33.
707 2129 914 2192 Nullus
946 2141 1335 2193 externorum
1365 2132 1814 2212 episcoporum,
1848 2133 1937 2194 vel
1974 2147 2134 2208 pres-

493 2219 866 2301 byterorum,
905 2222 996 2283 vel
1029 2223 1422 2286 diaconorum
1465 2221 1595 2284 sine
1630 2219 2135 2283 commendatitiis

492 2311 837 2391 recipiatur,
874 2312 1067 2394 iisque
1113 2312 1506 2374 offerentibus
1549 2312 1992 2373 examinentur.
2030 2311 2135 2373 Sin

496 2401 715 2476 minus,
753 2401 824 2462 iis
855 2420 987 2478 qua:
1012 2413 1151 2463 sunt
1178 2402 1547 2476 necessaria,
1579 2402 1716 2463 aliis
1739 2401 2134 2477 exhibitis,ad

495 2490 982 2552 communionem
1021 2511 1096 2552 ne
1125 2491 1558 2567 admittantur;
1594 2491 1778 2552 multa
1815 2493 1972 2553 enim
2030 2509 2136 2571 per

493 2580 937 2660 surreptionem
970 2581 1141 2644 ﬁunt.

673 2763 944 2825 Concilii
970 2764 1327 2827 Antiocheni
1355 2781 1620 2826 canones
1652 2767 1711 2838 7,
1746 2763 1806 2838 8,
1841 2763 1939 2824 11.

571 2857 633 2918 7.
667 2856 879 2919 Nullus
912 2865 1196 2919 externus
1253 2858 1386 2919 sine
1443 2856 1712 2938 pacificis
1741 2853 2129 2936 suscipiatur.

573 3040 632 3097 8.
661 3035 784 3098 Nec
819 3037 1147 3118 presbyteri
1181 3037 1282 3117 qui
1315 3045 1454 3097 sunt
1483 3035 1545 3096 in
1579 3034 1918 3116 pagis,d<-nt
1948 3050 2131 3094 cano-

493 3125 659 3186 nicas
690 3128 997 3205 epistolas,
1028 3129 1120 3189 vel
1177 3126 1250 3188 ad
1315 3126 1474 3188 solos
1532 3125 1762 3186 vicinos
1816 3123 2133 3204 episcopos

493 3215 778 3321 epistolas
801 3217 1104 3321 emittant.
1141 3215 1567 3321 C‘horepiscppi
1614 3223 1814 3276 autem
1852 3211 1994 3274 nulli
2028 3230 2190 3321 re~C

451 3371 456 3376 ,
491 3305 886 3384 prehensioni
915 3306 1128 3367 afﬁnes
1159 3305 1303 3367 dent
1335 3305 1635 3386 paciﬁcos.

572 3395 672 3457 ll.
706 3397 764 3457 Si
817 3397 950 3477 quis
981 3396 1323 3478 episcopus,
1361 3396 1452 3457 vel
1506 3393 1837 3476 presbyter,
1871 3390 1962 3453 vel
1995 3408 2130 3452 om-

490 3484 633 3546 nino
663 3504 732 3548 ex
765 3506 1020 3564 canone,
1054 3495 1196 3561 etc.,
1230 3495 1294 3546 ut
1325 3504 1511 3568 supra
1537 3504 1674 3566 pag.
1709 3485 1828 3548 666

718 3580 980 3643 Concilii
1011 3581 1340 3644 Laodiceni
1370 3598 1624 3643 canones
1661 3582 1762 3660 41,
1798 3580 1899 3641 42.

569 3674 670 3736 41.
707 3673 876 3746 Quod
912 3694 1028 3736 non
1059 3682 1292 3755 oportet
1320 3693 1454 3736 eum
1487 3675 1586 3755 qui
1624 3682 1712 3735 est
1738 3680 2005 3734 sacratus
2033 3671 2129 3734 vel

489 3762 745 3824 clericus
775 3765 908 3827 sine
938 3765 1247 3826 canonicis
1280 3765 1497 3826 litteris
1530 3765 1644 3826 iter
1672 3762 1934 3842 ingredi.

567 3855 668 3914 42.
703 3853 871 3926 Quod
903 3875 1018 3916 non
1063 3864 1303 3935 oportet
1356 3873 1460 3916 eos
1490 3855 1591 3934 qui
1621 3862 1759 3914 sunt
1791 3851 2007 3914 sacrati
2043 3853 2129 3914 vel

487 3941 716 4020 clerici,
750 3943 880 4005 sine
904 3945 1076 4023 jussu
1109 3945 1375 4024 episcopi
1404 3945 1516 4004 iter
1549 3942 1808 4021 ingredi.

727 4038 994 4101 Concilii
1024 4038 1528 4100 Chalcedonensis
1561 4055 1755 4098 canon
1794 4039 1885 4096 15.

572 4132 665 4192 13.
701 4129 997 4194 Externos
1031 4131 1288 4194 clericos
1320 4141 1379 4192 et
1408 4130 1644 4210 ignotos
1674 4129 1733 4190 in
1770 4129 1885 4191 alia
1915 4129 2127 4192 civita~

487 4229 567 4295 te,
601 4229 746 4294 etc.,
778 4230 844 4284 ut
871 4239 1013 4301 pag.
1049 4221 1189 4283 659.

713 4354 854 4415 206
883 4355 1142 4416 Concilii
1172 4354 1560 4416 Surdicensls
1595 4372 1789 4417 canon
1815 4355 1879 4418 9.

563 4447 780 4510 Hosius
833 4448 1153 4528 episcOpus
1212 4449 1407 4509 dixit:
1472 4450 1600 4511 Hoc
1631 4468 1875 4528 quoque
1907 4467 2121 4512 conse-

483 4556 675 4618 quens
704 4557 838 4601 esse
868 4539 1170 4609 existimo,
1203 4547 1348 4619 etc.,
1382 4545 1447 4600 ut
1467 4557 1605 4618 pag.
1639 4540 1781 4601 667.

713 4632 979 4694 Concilii
1011 4631 1516 4713 Carthaginensis
1549 4649 1751 4692 canon
1773 4631 1875 4693 23.

568 4726 643 4790 Ut
673 4729 937 4810 episcopi
968 4735 1138 4791 trans
1163 4744 1334 4788 mare
1362 4744 1483 4789 non
1512 4727 1997 4806 proficiscantur.

559 4907 735 4982 Item,
769 4916 833 4970 ut
864 4907 1127 4990 episcopi
1179 4915 1342 4968 trans
1399 4923 1584 4979 mare,
1635 4912 1776 4981 etc.,
1833 4912 1898 4968 ut
1929 4924 2121 4986 supra

477 5015 624 5076 pag.
659 5001 801 5062 662.

747 5093 1004 5157 Concilii
1034 5092 1388 5156 mcumenici
1417 5107 1495 5158 vt,
1530 5107 1726 5152 canon
1759 5092 1856 5154 l7.

561 5185 854 5257 Quoniam
889 5188 1255 5248 diversarum
1283 5183 1684 5247 Ecclesiarum
1706 5184 1935 5261 clerici,
1970 5193 2112 5262 etc.,

477 5282 543 5335 ut
572 5293 713 5354 pag.
748 5275 886 5339 545.

554 5365 724 5426 CAP.
755 5364 855 5427 VI.
889 5401 966 5412 —
993 5367 1062 5427 In
1093 5383 1211 5447 quo
1243 5366 1531 5445 cli/ferant
1548 5365 1824 5446 paci/ica:
1846 5369 2116 5448 epistolae

474 5471 510 5515 a
546 5457 1060 5518 commendatitiis
1083 5454 1374 5536 epistolis.

692 5550 952 5613 Concilii
981 5549 1499 5611 Chalcedonensis
1529 5567 1726 5612 canon
1761 5552 1858 5614 ll.

559 5641 784 5707 Omnes
843 5660 1160 5728 pauperes,
1225 5651 1284 5704 et
1361 5639 1463 5722 qui
1521 5642 1744 5705 auxilio
1817 5643 2110 5730 indigent,

2221 2038 2452 2120 δεχθείς,

2298 2129 2416 2208 λγ¹,
2453 2129 2666 2197 Μηδένα
2697 2136 2804 2186 τῶν
2835 2128 2994 2195 ξένων
3025 2129 3359 2198 ἒπισκόπιυν,
3393 2128 3430 2195 ἢ
3465 2125 3830 2206 πρεσϐυτέρων,

2216 2221 2252 2288 ἦ
2283 2218 2563 2294 διακόνων,
2612 2220 2736 2276 ἄνευ
2793 2226 3124 2275 συστατικῶν
3173 2215 3588 2298 προσδέχεσθαι·
3622 2219 3704 2272 καὶ
3731 2214 3834 2270 ἔπι-

2217 2309 2524 2390 φερομὲνων
2582 2308 2635 2365 δὲ
2667 2313 2839 2367 αὒτῶν
2872 2309 3354 2385 ἀνακρινέσθωοαν,
3393 2309 3485 2364 καὶ
3517 2307 3606 2362 ἐὰν
3637 2307 3727 2380 μὲν
3754 2306 3836 2358 ὦσι

2217 2401 2443 2478 κήρυκες
2514 2405 2613 2466 τῆς
2671 2397 2962 2477 εὖσεϐείας,
3027 2395 3534 2477 προσδεχέσθωσαν.
3574 2397 3628 2454 εἰ
3670 2393 3720 2450 δὲ
3771 2393 3834 2467 μή

2218 2510 2277 2565 γε
2309 2492 2372 2546 τὰ
2431 2491 2560 2566 πρὸς
2607 2491 2698 2550 τὰς
2744 2489 2931 2567 χρείας
2978 2492 3162 2551 α·ἶ›τοῖς
3219 2487 3748 2565 ἐπιχορηγήσαντες,
3777 2485 3838 2544 εἰς

2215 2580 2503 2635 κοινωνίαν
2563 2579 2752 2641 αὖτοὺς
2799 2579 2877 2652 μὴ
2923 2575 3280 2652 προσδέξησθε
3311 2593 3326 2608 ⁸
3376 2575 3559 2632 πολλὰ
3590 2575 3686 2653 γὰρ
3725 2571 3838 2628 κατὰ

2216 2668 2556 2747 συναρπαγὴν
2587 2669 2816 2744 γίνεται.

2457 2759 2684 2817 Συνόδου
2716 2761 3056 2840 Ἀντιοχείας
3089 2761 3266 2817 κανὼν
3298 2749 3369 2831 ζ’,
3403 2763 3486 2835 η’,
3525 2758 3620 2816 ια’.

2293 2860 2365 2925 ζ’.
2406 2852 2617 2922 Μηδένα
2649 2853 2770 2910 ἄνευ
2800 2856 3077 2932 εἰρηνικῶν
3109 2854 3440 2932 γραμμάτων
3476 2851 3726 2932 δέχεσθαι
3755 2853 3842 2905 τῶν

2215 2941 2398 3009 ξένων,

2295 3033 2374 3101 η’.
2430 3033 2576 3102 Μηδὲ
2635 3031 3017 3109 πρεσϐυτέρους
3080 3032 3200 3094 τοὺς
3249 3031 3302 3087 ἐν
3349 3044 3476 3098 ταῖς
3523 3031 3729 3112 χώραις
3755 3048 3843 3083 κα-

2217 3125 2425 3188 νονικᾶς
2469 3123 2755 3186 ἐπιστολὰς
2788 3121 3008 3196 διδόναι,
3043 3124 3078 3191 ἣ
3123 3124 3254 3200 πρὸς
3299 3122 3502 3196 μόνους
3537 3122 3662 3184 τοὺς
3694 3119 3846 3196 γείτο-

2214 3237 2307 3275 νας
2350 3214 2659 3270 ἒπισκόπων
2709 3211 2995 3277 ἐπιστολὰς
3027 3212 3322 3287 ἐκπέμπειν
3361 3231 3377 3246 ’
3426 3213 3555 3276 τοὺς
3588 3209 3643 3266 δὲ
3676 3208 3843 3264 ἀνεπι·

2213 3304 2452 3374 λήπτους
2481 3305 2937 3384 χωρεπισκόπων,
2973 3301 3172 3359 διδόναι
3206 3303 3520 3378 εἰρηνικάς.

2297 3392 2394 3452 ια’.
2453 3393 2518 3452 Εἴ
2559 3415 2638 3454 τις
2667 3396 2958 3450 ἱπεσκοπος
3017 3391 3053 3459 ἤ
3103 3389 3488 3470 πρεσϐύτερος,
3523 3391 3560 3458 ἦ
3590 3389 3727 3452 ὅλως
3769 3391 3844 3442 τοῦ

2215 3484 2463 3559 κανόνος,
2497 3505 2552 3542 κ.
2586 3505 2639 3546 τ,
2676 3482 2732 3543 λ.

2498 3575 2726 3634 Συνόδου
2760 3574 3072 3642 Λαοδικείας
3104 3577 3282 3633 κανὼν
3306 3575 3430 3651 μα’,
3461 3575 3587 3653 μβ’.

2296 3670 2414 3746 μα’.
2451 3670 2574 3729 ’Ὁτι
2607 3671 2666 3728 οὖ
2707 3669 2792 3727 δεῖ
2836 3671 3102 3742 ἱερατικὸν
3132 3670 3167 3737 ἢ
3200 3668 3464 3746 κληρικὶν
3497 3669 3622 3725 ἄνευ
3651 3686 3848 3723 κανονιο

2215 3768 2325 3817 κῶν
2355 3762 2690 3837 γραμμάτων
2721 3760 2945 3822 ὁδεύειν,

2297 3849 2558 3926 μβ’.“οτι
2604 3849 2663 3908 οὗ
2710 3848 2794 3906 δεῖ
2841 3853 3106 3927 ἱερατικὸν
3137 3850 3173 3918 ἢ
3217 3847 3485 3927 κληρικὸν
3535 3848 3659 3905 ἄνευ
3689 3843 3849 3903 κελεύ⁹

2215 3961 2350 4003 σεως
2382 3940 2690 3997 ἐπισκόπων
2717 3938 2941 4002 ὁδεύειν,

2572 4032 2798 4092 Συνόδου
2830 4031 3169 4102 Χαλκηδόνος
3193 4036 3370 4090 κανὼν
3402 4032 3512 4112 ιγ’.

2293 4130 2390 4210 ιγ’.
2426 4131 2626 4196 Ξένους
2661 4130 2947 4210 κληρικοὺς
2981 4131 3066 4186 καὶ
3097 4131 3444 4208 ἀναγνώστας
3482 4129 3540 4187 ἓν
3573 4129 3726 4206 ἑτέρᾳ
3757 4123 3849 4180 πό-

2211 4219 2317 4301 λει,
2355 4243 2405 4278 κ.
2443 4244 2493 4283 τ,
2530 4220 2582 4282 λ,

2607 4353 2832 4411 Σονόδου
2866 4351 3127 4432 Σαρδικῆς
3159 4355 3335 4409 κανὼν
3365 4351 3440 4412 ϐ’.

2286 4449 2474 4513 ²¹Οσιος
2507 4449 2793 4512 ἐπίσκοπος
2825 4448 2950 4505 εἶπε
2993 4464 3009 4478 ⁹
3042 4451 3137 4505 Καὶ
3168 4454 3323 4504 τοῦτο
3371 4447 3681 4504 ἀκόλουθον
3721 4442 3849 4500 εἶναι

2146 4541 2429 4620 ονομίζω,
2462 4564 2518 4600 κ.
2551 4563 2601 4602 τ.
2636 4539 2690 4602 λ.

2551 4633 2778 4692 Συνόδου
2812 4636 3150 4710 Καρθαγένης
3182 4631 3358 4688 κανὼν
3384 4632 3509 4709 κγ’,

2281 4727 2453 4784 ’Ὥστε
2543 4729 2664 4792 τοὺς
2749 4726 3073 4790 ἐπισκόπους
3153 4724 3318 4803 πέραν
3392 4724 3692 4790 Θαλάσσης
3777 4716 3845 4793 μὴ

2203 4817 2533 4893 ἀποδημεῖν.

2283 4997 2514 5073 Ὀμοίως
2545 4996 2828 5052 ἒπίσκοποι
2857 4995 3020 5072 πέραν
3049 4992 3347 5071 θαλάσσης,
3380 5015 3440 5053 κ.
3473 5015 3532 5052 τ.
3568 4991 3631 5054 λ.

2444 5087 2668 5146 Συνόδου
2703 5092 3078 5163 οἷκουμενικῆς
3111 5088 3268 5155 ἕκτης
3301 5088 3490 5145 κανὼν
3523 5083 3622 5155 ιζ’.

2284 5181 2607 5260 Ἐπειδήπερ
2678 5181 2942 5261 διαρόρων
3005 5179 3347 5246 Ἐκκλησιῶν
3427 5175 3732 5258 κληρικοῖ,
3802 5193 3853 5228 κ.

2201 5296 2254 5336 τ,
2289 5273 2342 5332 λ.

2287 5367 2535 5421 ΚΕΦΑΛ.
2584 5360 2688 5436 ς’.
2756 5396 2828 5405 —
2906 5363 3024 5441 Περὶ
3088 5358 3337 5439 διαφορᾶς
3399 5359 3707 5438 εἰρηνικῶν
3777 5346 3859 5408 κιῖ

2201 5458 2534 5510 συστατικῶν
2566 5449 2888 5511 ἐπιστολῶν.

2553 5545 2778 5605 Συνόδου
2813 5543 3157 5612 Χαλκηδόνος
3187 5544 3364 5600 κανὼν
3395 5540 3505 5605 ια’,

2279 5641 2485 5705 Πάντας
2542 5641 2660 5707 τοὺς
2718 5640 2953 5710 πένητας
3030 5638 3124 5698 καί
3167 5637 3455 5717 δεομένους
3519 5633 3854 5716 ἐπικουρίας,
