4148 6198
297 335 421 404 673
1029 331 1447 402 SYNTAGMA
1491 328 1884 402 CANONUM.
1935 364 2011 381 —-
2055 325 2212 398 TI'I‘.
2262 329 2428 416 VIII,
2477 326 2640 398 CAP.
2691 330 2950 400 V-VIII.

297 476 441 551 μετᾶ
487 473 802 549 δοκιμασίας
849 472 1169 536 ἐπιστολίοις
1200 473 1379 532 εἴτουν
1407 473 1699 551 εἰρηνικοῖς
1731 468 1934 534 ἐκκλη-

2047 485 2156 527 :um
2189 468 2798 550 examinatione,cum
2833 468 3104 549 epistolis
3138 487 3245 530 seu
3277 469 3549 549 paciﬁcis
3569 490 3668 534 ec-

296 579 611 626 σισστικοϊς
658 567 844 635 μόνοις
903 561 1100 620 ὁδεύειν
1134 563 1425 642 ὡρίσαμεν,
1453 561 1547 618 καί
1583 562 1661 637 μὴ
1693 583 1942 620 συστατι-

2047 556 2382 621 :lesiasticis
2413 558 2556 619 solis
2609 558 2761 620 viam
2813 558 3049 638 ingredi
3081 559 3422 634 statuimus,
3461 570 3520 623 et
3549 581 3672 624 non

296 668 451 730 κοῖς,
479 653 564 710 διὰ
595 656 654 711 τὸ
687 655 784 718 τὰς
818 653 1136 717 συστατικὰς
1169 653 1456 716 ἐπιστολὰς
1499 653 1788 728 προσήκειν
1821 663 1942 714 τοῖς

2047 666 2162 708 :um
2193 648 2704 710 commendatitiis
2739 667 2753 710 :
2788 649 3067 729 quoniam
3100 649 3330 711 litteras
3366 669 3674 714 commen-

3555 332 3674 402 674
3770 355 3774 360 ‘

295 744 453 803 οὖσιν
479 745 532 801 ἐν
562 745 834 822 ὑπολήψει
867 747 1053 820 μόνοις
1093 744 1420 824 παρέχεσθαι
1454 742 1790 816 προσώποις.

623 929 850 991 Συνόδου
885 927 1252 1006 Καρθαγέννης
1283 927 1459 983 κανὼν
1490 923 1624 1004 ρξ’.

381 1022 502 1081 Ἵνα
546 1026 592 1081 οἱ
638 1025 724 1080 ἐπὶ
780 1025 840 1079 τὸ
896 1021 1187 1096 κομιτᾶτον
1238 1020 1585 1098 πορευόμενοι
1648 1018 1743 1085 τὴν
1775 1019 1946 1074 αἰτίαν

293 1113 532 1188 ἑαυτῶν,
567 1116 654 1169 καὶ
685 1118 760 1186 τῷ
787 1116 844 1168 ἓν
899 1108 1230 1191 Καρχηδόνι,
1263 1111 1352 1166 καὶ
1383 1117 1460 1184 τῷ
1489 1112 1784 1185 Ῥωμαϊκῷ
1813 1110 1948 1186 ἱερεῖ

292 1200 674 1260 σπουδάσωσιν
708 1203 1017 1281 ἐμφανίσαι.

384 1292 519 1372 ρξ’.
550 1292 778 1370 ’Ἡρεσεν
809 1291 903 1348 ’ίνα
935 1289 1289 1358 ὀστισδήποτε
1333 1291 1464 1364 πρὸς
1513 1291 1571 1345 τὸ
1629 1287 1941 1368 κομιτᾶτον,

291 1404 444 1440 κ.τ.
480 1382 533 1439 λ.

385 1477 639 1530 ΚΕΦΑΛ.
691 1460 770 1534 Ζ’,
817 1505 896 1516 —
960 1472 1070 1530 Τίσι
1115 1469 1200 1527 δεῖ
1243 1472 1362 1533 τοὺς
1410 1466 1736 1530 ἐπισκόπους
1801 1468 1942 1544 βοη-

291 1563 420 1616 θεῖν
455 1577 470 1592 ⁸
543 1563 628 1617 καὶ
697 1562 816 1640 περὶ
859 1561 1190 1637 ἐπισκόπιυι,
1249 1564 1336 1617 καὶ
1393 1556 1786 1638 πρεσϐυτέρων,
1859 1557 1946 1614 καὶ

293 1647 588 1725 διακόνων,
663 1651 740 1723 μὴ
814 1653 1195 1732 χορηγούντων
1257 1661 1375 1714 τοῖς
1452 1647 1680 1706 ἐνδεέσιν
1737 1646 1944 1714 ἐκκλη-

297 1754 636 1805 σιαστικοϊς.

771 1831 1120 1894 Ἀποστόλων
1164 1836 1338 1893 κανὼν
1384 1838 1439 1891 νθ
1451 1823 1485 1897 ’,

391 1929 494 1993 νθ’,
549 1929 615 1987 Εἴ
661 1953 743 1995 τις
789 1930 1104 2010 ἐπίσκοπος,
1151 1930 1187 1998 ἢ
1231 1927 1608 2008 πρεσϐύτερος,
1650 1929 1794 1990 τινὸς
1842 1934 1945 1984 τῶν

305 2025 583 2094 κληρικῶν
625 2019 832 2086 ἐνδεοῦς
878 2022 1054 2100 ὄντος,
1102 2021 1180 2096 μὴ
1224 2021 1557 2100 ἐπιχορηγετ
1613 2020 1679 2075 τὰ
1735 2017 1944 2090 δέοντα,

309 2107 639 2187 ἀφοριζέσθω
674 2130 686 2143 ⁸
737 2111 1004 2180 ἐπιμένων
1055 2111 1135 2188 δὲ,
1169 2112 1515 2191 καθαιρείσθω
1559 2113 1630 2176 ὡς
1688 2109 1946 2188 φονεύσας

301 2201 393 2256 τὸν
426 2197 653 2281 ἀδελφὸν
687 2201 869 2265 αὐτοῦ,

709 2296 936 2356 Συνόδου
967 2295 1231 2376 Σαρδικῆς
1262 2298 1436 2355 κανὼν
1465 2296 1544 2368 ζ’.

385 2389 463 2462 ζ’.
497 2389 685 2456 "Ocno;
717 2391 1010 2457 ἐπίσκοπος
1043 2394 1223 2450 εἶπεν⁸
1252 2392 1316 2448 Ἥ
1340 2393 1552 2471 ἀκαιρία
1581 2390 1943 2470 ἡμῶν,κ.τ,λ,

392 2573 449 2627 Οἱ
509 2573 791 2647 πενόμενοι
853 2573 1127 2650 αἱρετικοὶ,
1175 2575 1236 2630 οὗ
1279 2576 1640 2654 χορηγούνται
1674 2569 1739 2626 τὰ
1781 2569 1942 2646 λεγό-

303 2682 442 2735 μενα
490 2660 828 2737 ἀξιωματικὰ
871 2662 978 2718 ἀπὸ
1033 2670 1141 2719 τῶν
1197 2663 1551 2740 δικαστηρίων
1585 2661 1619 2730 ἢ
1662 2666 1767 2717 τῶν
1813 2658 1944 2716 Ἐκ-

302 2751 572 2828 κλησιῶν,
607 2754 681 2815 ὡς
710 2751 856 2829 βιὸλ.
892 2753 943 2809 α’
970 2757 1072 2812 τίτ.
1110 2753 1178 2825 ε’,
1214 2753 1348 2812 διάτ.
1383 2753 1458 2814 κ’.

392 2848 643 2905 ΚΕΦΑΔ,
680 2843 766 2904 Η’,
801 2879 879 2890 —
926 2845 1047 2924 Περὶ
1092 2842 1322 2902 συνόδων
1366 2845 1454 2901 καὶ
1504 2849 1608 2901 τῶν
1666 2843 1740 2906 εἷς
1784 2842 1944 2906 αὐτὰς

301 2933 384 3007 μὴ
417 2931 706 2994 ἀπιόντων.

791 3029 1136 3088 Ἀποστόλων
1169 3031 1344 3087 κανὼν
1373 3029 1458 3102 λζ’

389 3120 495 3194 λζ’,
547 3124 802 3205 Δεύτερον
843 3133 936 3182 τοῦ
980 3123 1126 3191 ἔτους
1176 3123 1390 3188 σύνοδος
1423 3122 1648 3201 γινέσθω
1684 3123 1789 3180 τῶν
1819 3121 1945 3179 ἔπι-

2028 737 2265 800 datitias
2287 739 2361 800 iis
2386 739 2531 800 solis
2565 740 2839 820 personis
2862 759 2999 820 quae
3026 749 3165 801 sunt
3189 751 3671 825 suspectze,pra3-

2031 824 2160 888 beri
2192 837 2448 908 oportet.

2259 921 2524 984 Consilii
2555 923 3048 1003 Carthaginiensis
3074 943 3267 988 canon
3305 927 3437 992 106.

2117 1013 2189 1076 Ut
2216 1023 2530 1096 pergentes
2577 1016 2658 1078 ad
2687 1019 3042 1079 comitatum
3088 1037 3334 1082 causam
3364 1039 3542 1084 suam
3574 1026 3670 1087 vel

2033 1103 2510 1184 Carthaginensi
2557 1107 2649 1168 vel
2697 1105 2974 1170 Romano
3017 1109 3300 1188 pontifici
3351 1112 3673 1176 insinuare

2022 1203 2378 1273 procurent.

2115 1285 2248 1346 106.
2277 1284 2602 1364 Placuit,ut
2633 1285 2980 1368 quicunque
3008 1288 3080 1350 ad
3116 1289 3491 1369 comitatum,
3524 1300 3669 1368 etc.,

2026 1379 2094 1435 ut
2116 1391 2257 1454 pag.
2298 1375 2436 1441 680.

2112 1463 2250 1522 207
2281 1463 2450 1528 CAP.
2485 1462 2614 1526 Vll.
2649 1499 2724 1511 —-
2761 1463 3144 1542 Quibusnam
3197 1468 3457 1534 debeant
3497 1490 3671 1553 opem

2031 1551 2196 1631 ferre
2223 1557 2502 1634 episcopi.
2537 1555 2615 1617 Et
2633 1559 2706 1618 de
2728 1559 3051 1637 episcopis,
3083 1557 3483 1639 presbyteris,
3527 1551 3672 1625 Elia-

2033 1645 2200 1705 conis
2228 1646 2340 1723 qui
2382 1662 2508 1708 non
2563 1645 2919 1725 largiuntur
2949 1648 3263 1728 egentibus
3295 1650 3669 1716 ecclesiasti-

2028 1749 2140 1796 εις.

2457 1828 2884 1910 Apostolorum
2912 1848 3103 1893 canon
3133 1832 3234 1895 59.

2111 1921 2212 1984 59.
2247 1920 2309 1984 Si
2365 1925 2499 2004 quis
2553 1925 2874 2004 episcopus
2931 1925 3021 1986 vel
3055 1926 3393 2008 presbyter,
3429 1947 3562 1991 cum
3595 1929 3672 1992 sit

2031 2011 2251 2093 aliquis
2277 2031 2347 2075 ex
2371 2013 2610 2077 clericis
2629 2032 2881 2093 egenus,
2919 2033 2989 2076 ea
3013 2035 3143 2095 quae
3167 2025 3303 2080 sunt
3331 2021 3674 2083 necessaria

2033 2103 2086 2163 ei
2120 2123 2239 2164 non
2261 2104 2978 2185 suppeditat,segregetur
3002 2124 3015 2164 :
3040 2106 3133 2165 sin
3157 2114 3354 2168 autem
3385 2128 3669 2188 perseve-

2029 2193 2694 2274 ret,deponatur,utqui
2715 2194 2954 2255 fratrem
2981 2213 3155 2255 suum
3181 2195 3580 2263 interfecerit.

2352 2287 2618 2352 Cancilii
2638 2287 3024 2350 Sardicensis
3053 2307 3248 2351 canon
3279 2291 3339 2352 7.

2113 2381 2171 2442 ‘7.
2204 2380 2419 2442 Hosius
2450 2385 2770 2461 episcopus
2819 2380 2967 2442 dixit
3000 2402 3013 2444 :
3055 2381 3484 2464 lmportunitas
3516 2405 3662 2449 nos-

2030 2477 2144 2544 tra,
2181 2480 2325 2546 etc.,
2358 2477 2425 2532 ut
2452 2489 2598 2550 pag.
2629 2471 2767 2534 667.

2109 2560 2448 2639 Indigentes
2481 2560 2742 2622 haeretici
2768 2579 2886 2622 non
2918 2561 3220 2642 accipiunt
3244 2564 3545 2645 ejudiciis
3565 2575 3668 2629 aut

2029 2649 2318 2713 Ecclesiis
2349 2670 2419 2712 ea
2445 2669 2578 2731 quae
2637 2651 2961 2714 honoraria
3013 2653 3318 2732 dicuntur,
3377 2664 3438 2717 ut
3482 2656 3588 2718 lib.
3621 2674 3664 2734 l,

2032 2741 2120 2801 tit.
2159 2745 2218 2818 5,
2248 2753 2444 2804 const.
2473 2742 2532 2803 8.

2110 2829 2277 2895 CAP.
2313 2829 2468 2895 Vlll.
2505 2865 2575 2879 —
2611 2830 2696 2894 De
2725 2833 2995 2913 synodis,
3030 2834 3188 2896 etde
3239 2851 3361 2897 non
3409 2851 3668 2899 concur-

2028 2921 2301 2984 rentibus
2331 2922 2412 2984 ad
2442 2922 2632 3003 ipsas.

2453 3016 2882 3098 Apostolorum
2913 3034 3110 3080 canon
3136 3019 3235 3083 37.

2108 3125 2208 3188 37.
2243 3125 2344 3187 Bis
2391 3125 2455 3186 in
2498 3143 2656 3188 anno
2687 3126 2788 3188 ﬁat
2813 3127 3239 3208 episcoporum
3292 3128 3576 3209 synodus,
3611 3137 3677 3192 et

301 3214 552 3294 σκόπων,
605 3217 693 3271 καὶ
751 3215 1182 3286 ἁνακρινέτωσαν
1237 3214 1504 3283 ἀλλήλους
1575 3215 1642 3272 τὰ
1700 3211 1941 3290 δόγματα

2051 3223 2189 3278 nter
2217 3215 2280 3266 79
2303 3234 2370 3277 se
2396 3216 2743 3278 examinent
2772 3215 3020 3278 decreta
3050 3217 3381 3300 religionis,
3416 3229 3474 3280 et
3505 3219 3668 3282 inci-

303 3309 407 3370 τῆς
470 3302 761 3386 εὐσεϐείας,
815 3307 909 3362 καί
968 3307 1061 3370 τὰς
1130 3305 1498 3380 ἐμπιπτούσας
1556 3302 1938 3371 ἐκκλησιαστι-

300 3396 405 3458 κὰς
465 3394 770 3474 ἀντιλογίας
824 3394 1203 3470 διαλυὲτωσαν,
1264 3394 1403 3460 ἅπαξ
1463 3396 1560 3470 μὲν
1608 3400 1676 3470 τῇ
1717 3393 1946 3469 τετάρτῃ

303 3481 557 3560 ἑϐδομάδι
615 3491 712 3551 τῆς
775 3491 1176 3560 Πεντηκοστῆς,
1223 3485 1460 3562 δεύτερον
1509 3484 1564 3541 δὲ
1621 3475 1943 3562 Ὑπερϐερε-

299 3576 456 3631 ταίου
486 3572 781 3651 δωδεκάτῃ,
817 3576 954 3632 κατὰ
988 3567 1276 3651 Ῥωμαίους
1309 3573 1618 3652 ὀκτωϐρίού.

436 3739 446 3745 ν
729 3668 958 3727 Συνόδου
991 3670 1211 3736 Νικαίας
1243 3671 1421 3728 κανὼν
1452 3667 1521 3730 ε’.

390 3761 465 3825 ε’,
500 3763 623 3840 Περὶ
655 3767 761 3818 τῶν
814 3763 1193 3833 ἀκοινωνήτων
1236 3764 1562 3842 γενομένωδ,
1611 3760 1725 3818 εἴτε
1754 3766 1860 3817 τῶν
1891 3761 1944 3816 ἐν

300 3851 515 3932 κλήρῳ,
562 3853 675 3908 εἴτε
718 3857 825 3908 τῶν
879 3853 931 3908 ἐν
989 3852 1163 3928 λαϊκῷ
1218 3876 1473 3933 ταγματι,
1533 3855 1635 3909 ὑπὸ
1679 3858 1785 3909 τῶν
1829 3849 1946 3908 καθ’

304 3943 545 4010 ἑκάστην
591 3941 857 4021 ἐπαρχίαν
915 3943 1246 4018 ὶπισκόπων,
1315 3945 1574 4022 κρατείτω
1629 3946 1664 4011 ὴ
1727 3941 1943 4020 γνώμη,

310 4033 455 4090 κατᾶ
517 4033 610 4089 τὸν
653 4035 851 4089 κανόνα
900 4034 990 4089 τὸν
1041 4031 1417 4112 διαγορεύοντα
1471 4036 1594 4098 τοὺς
1637 4031 1722 4112 ὑφ’
1755 4033 1946 4109 ἐτέρων

303 4119 742 4203 ἆποϐληθὲντας,
787 4121 873 4201 ὕφ’
935 4123 1126 4200 ἐτέρων
1180 4125 1256 4199 μὴ
1299 4125 1629 4203 προσίεσθαι.
1665 4122 1945 4193 Ἐξεταζὲ-

306 4216 418 4270 σθω
446 4211 501 4269 δὲ
534 4213 612 4286 μὴ
673 4213 1011 4293 μικροψυχίᾳ
1041 4214 1278 4288 πάντως,
1311 4216 1355 4270 εἰ
1413 4213 1730 4292 φιλονεικίᾳ,
1764 4211 1799 4281 ἤ
1844 4236 1946 4269 τινι

303 4303 529 4378 τοιαύτῃ
589 4301 747 4374 ἀηδίᾳ
818 4311 908 4358 τοῦ
978 4303 1296 4375 ἐπισκόπου,
1369 4303 1777 4382 ἀποσυνάγωγοι
1849 4325 1946 4381 γε-

308 4393 585 4470 γένηνται.
646 4394 764 4450 Ἵνα
819 4395 906 4448 οὖν
987 4400 1137 4449 τοῦτο
1199 4394 1298 4460 τὴν
1355 4393 1658 4471 πρέπουσαν
1712 4393 1948 4458 ἐξέτασιν

307 4479 602 4562 λαμϐάνοι,
647 4481 828 4547 καλῶς
865 4481 1016 4561 ἔχειν
1060 4481 1232 4547 ἔδοξεν
1265 4483 1491 4541 ἑκάστου
1548 4482 1786 4539 ἐνιαυτοῦ
1829 4479 1945 4538 καθ’

2026 3304 2240 3367 dentes
2290 3305 2728 3367 ecclesiasticas
2757 3305 3198 3368 controversias
3253 3319 3617 3388 componant
3651 3327 3664 3370 :

2025 3393 2213 3455 semel
2263 3394 2510 3470 quidem
2561 3402 2769 3474 quarta
2818 3395 3195 3457 hebdomada
3254 3400 3666 3475 Pentecostes,

2027 3484 2244 3544 iterum
2265 3492 2462 3546 autem
2487 3483 2922 3563 hyperberetzei
2946 3485 3308 3548 duodecimo
3340 3488 3671 3550 secundum

2027 3571 2328 3636 Romanos
2354 3574 2642 3634 octobris.

2403 3665 2674 3728 Concll'ii
2703 3663 2950 3727 Nicoem'
2978 3680 3175 3727 canon
3207 3665 3268 3728 5.

2109 3759 2262 3824 5.De
2286 3760 2358 3821 iis
2379 3758 2479 3840 qui
2502 3759 2608 3819 a80
2623 3757 3046 3822 communione
3059 3759 3356 3837 segregati
3379 3761 3670 3837 sunt,sive

2031 3850 2389 3914 clericorum
2412 3851 2537 3911 sive
2550 3848 2837 3911 laicorum
2852 3847 3324 3925 sintordinis,ab
3345 3851 3672 3932 episcopis,

2029 3941 2130 4020 qui
2156 3939 2372 4001 suntin
2397 3956 2754 4020 unaquaque
2794 3937 3120 4017 provincia,
3149 3938 3339 4002 valeat
3363 3943 3667 4003 sententia

2028 4029 2356 4092 secundum
2374 4027 2800 4105 canonem,qui
2820 4029 3166 4108 pronuntiat
3180 4029 3418 4110 eos,qui
3442 4030 3516 4091 ab
3541 4031 3672 4093 aliis

2030 4119 2210 4199 ejecti
2234 4127 2520 4194 sunt,non
2544 4137 2676 4181 esse
2699 4117 2931 4202 ab_aliis
2955 4117 3360 4181 admittendos
3396 4139 3410 4180 :
3437 4121 3668 4182 exami-

2034 4217 2209 4271 netur
2230 4216 2456 4290 autem,
2483 4207 2753 4286 nunquid
2776 4207 2868 4268 vel
2892 4206 3384 4288 pusillanimitate
3408 4209 3496 4271 vel
3531 4209 3670 4270 208

2031 4298 2752 4378 contentione,velaliqua
2773 4296 3068 4374 ejusmodi
3088 4296 3354 4379 episcopi
3377 4298 3670 4362 acerbita-

2033 4386 2886 4468 te,congregationepulsisint
2915 4383 2990 4448 Ut
3014 4387 3124 4446 hoc
3147 4405 3287 4466 ergo
3312 4390 3672 4450 convenian-

2032 4488 2148 4540 tem
2173 4484 2667 4540 examinationem
2718 4477 2995 4557 accipiat,
3030 4485 3196 4538 recte
3219 4476 3443 4541 habere
3477 4481 3667 4541 visum

309 4572 544 4638 ἑκάστην
591 4572 854 4651 ἓπαρχίαν
899 4570 973 4634 δὶς
1019 4579 1112 4629 τοῦ
1165 4570 1336 4652 ἔτους,
1396 4570 1639 4636 συνόδους
1685 4574 1939 4648 γίνεσθαι·

2047 4575 2210 4643 ist,ut
2233 4567 2482 4646 singulis
2503 4567 2674 4627 annis
2698 4566 2757 4626 in
2781 4583 3140 4646 unaquaque
3163 4566 3472 4646 provincia
3502 4568 3591 4628 bis
3611 4569 3665 4616 81

1432 4668 1458 4677 ιν

308 4660 400 4718 (να
430 4667 584 4737 κοινῇ
635 4663 849 4718 πάντων
893 4668 999 4717 τῶν
1045 4661 1354 4718 ἐπισκόπων
1398 4668 1496 4729 τῆς
1555 4662 1820 4742 ἐπαρχίας
1861 4661 1946 4718 ἐπὶ

2030 4661 2090 4720 in
2105 4676 2262 4720 anno
2285 4657 2495 4738 synodi
2522 4658 2685 4716 ﬁant:
2714 4663 2775 4716 ut
2798 4674 2932 4716 cum
2959 4673 3166 4715 omnes
3191 4655 3514 4734 provincia:
3537 4658 3672 4735 epi-

303 4754 367 4809 τὸ
427 4753 553 4808 αύτὸ
611 4751 986 4829 συναγομένων
1032 4752 1097 4808 τὰ
1139 4760 1352 4810 τοιοῦτα
1415 4753 1702 4828 ζητήματα
1755 4752 1941 4817 ἒξετά-

2047 4747 2200 4829 ςοομὶ
2224 4747 2284 4808 in
2309 4745 2590 4808 eumdem
2642 4746 2840 4806 locum
2861 4743 3263 4806 communiter
3285 4744 3669 4821 conveniunt,

303 4850 474 4915 ζοιτο,
509 4844 595 4898 καὶ
644 4842 810 4907 οὕτως
851 4845 897 4900 οἱ
959 4841 1399 4921 ὁμολογουμένως
1454 4843 1942 4922 προσκεκρουκότες

2047 4837 2330 4924 ijusmodi
2353 4836 2718 4916 quaastiones
2739 4833 3252 4924 examinenturzet
3271 4833 3358 4894 sic
3381 4852 3529 4914 quos
3551 4835 3672 4914 epi-

305 4940 384 5008 τῷ
436 4931 739 5013 ἒπισκόπῳ,
785 4934 922 4988 κατὰ
963 4931 1126 5010 λόγον
1169 4933 1518 5000 ἆκοινώνητοι
1578 4935 1720 5011 παρὰ
1781 4941 1940 4990 πᾶσιν

2047 4922 2271 5012 ςεοριιιη
2293 4927 2616 4990 offendisse
2638 4922 3104 5022 constiterit,_jus
3119 4931 3173 4982 te
3191 4939 3323 5022 esse
3340 4941 3670 5022 congrega-

305 5024 453 5081 εἶναι
494 5021 706 5100 δόξωσι,
757 5022 952 5102 μέχρις
1025 5022 1087 5078 ἂν
1145 5030 1222 5098 τῷ
1280 5030 1442 5097 κοινῷ
1485 5029 1591 5078 τῶν
1635 5024 1942 5081 ἐπισκόπων

2047 5011 2192 5084 .ione
2213 5015 2472 5099 separati
2496 5015 2650 5096 apud
2679 5030 2888 5074 omnes
2911 5011 3266 5112 videantur,
3279 5011 3482 5112 donec
3507 5013 3673 5093 epis-

304 5111 432 5190 δόξῃ
519 5113 618 5180 τὴν
675 5101 1176 5193 φιλανθρωποτέραν
1254 5115 1384 5192 ὑπὲρ
1460 5117 1632 5173 αὐτῶν
1709 5114 1944 5171 ἐκθέσθαι

2047 5128 2317 5193 :oporum
2340 5103 2786 5186 congregationi
2808 5101 3084 5193 videatur
3123 5119 3228 5182 pro
3252 5101 3326 5164 iis
3348 5102 3673 5165 humanio-

307 5207 516 5283 ψῆφον.
564 5203 626 5259 Αἱ
670 5201 724 5258 δὲ
762 5201 968 5259 σύνοδοι
1029 5202 1378 5284 γινέσθωσαν,
1424 5204 1519 5278 μία
1564 5203 1662 5278 μὲν
1705 5205 1806 5282 πρὸ
1849 5206 1946 5270 τῆς

309 5303 784 5375 Τεσσαρακοστης,
827 5291 920 5348 τίνα
964 5293 1141 5360 ποίσης
1202 5296 1566 5373 μικροψυχίας
1624 5294 1945 5374 ἀναιρουμέ-

307 5404 431 5457 νης,
463 5385 524 5439 τὸ
581 5381 749 5461 δῶρον
804 5384 1032 5461 καθαρὸν
1090 5385 1455 5464 προσφέρηται
1506 5391 1581 5460 τῷ
1625 5392 1741 5461 Θεῷ
1776 5405 1792 5422 ⁸
1825 5383 1948 5444 δευ-

304 5471 436 5552 τέρα
467 5470 522 5529 δὲ
553 5473 673 5552 περὶ
702 5474 794 5530 τὸν
833 5479 926 5531 τοῦ
955 5474 1271 5552 μετοπώρου
1299 5477 1506 5554 καιρόν.

2029 5190 2156 5266 rem
2185 5199 2454 5281 proferre
2477 5194 2861 5258 sententiam.
2891 5190 3113 5270 Synodi
3139 5201 3337 5254 autem
3364 5193 3530 5269 ﬁant,
3558 5211 3678 5255 una

2029 5291 2272 5375 quidem
2299 5284 3029 5375 antequadragesimam,
3064 5289 3150 5357 ut,
3178 5281 3469 5375 omnibus
3491 5282 3678 5344 animi

2030 5371 2316 5446 sordibus
2377 5374 2649 5452 sublatis,
2682 5391 2898 5454 purum
2931 5390 3147 5435 munus
3174 5371 3298 5437 Deo
3330 5373 3621 5439 olferatur
3654 5393 3672 5440 :

2032 5469 2302 5538 secunda
2329 5473 2530 5531 autem
2563 5463 2834 5528 autumni
2865 5473 3160 5545 tempore.

387 5650 452 5702 79
479 5650 616 5743 Nic1
660 5670 795 5715 can.
832 5653 891 5716 5.
979 5651 1040 5702 80
1066 5654 1282 5733 Apost.
1353 5655 1422 5719 l3
1451 5663 1512 5720 et
1571 5655 1649 5721 33
1690 5704 1706 5735 ,
1755 5659 2039 5743 Antiogh.
2093 5655 2154 5732 6,
2192 5651 2288 5730 73,
2327 5655 2425 5726 ll,
2461 5671 2522 5734 q.
2582 5648 2641 5713 3.
2725 5649 2779 5700 εί
2824 5646 3035 5728 Apost.
3072 5644 3196 5724 28;
3243 5644 3521 5708 Antioch.
3554 5645 3672 5724 15;

302 5732 512 5798 Innoc.
545 5735 645 5799 10.
