4148 6198
495 288 613 362 675

809 429 1076 495 aoncilii
1107 425 1476 494 Antioch-eui
1503 445 1701 492 canon
1730 428 1832 493 20.

575 525 675 589 20.
711 523 962 607 Propter
1020 542 1162 588 usus
1219 522 1686 599 ecclesiasticos,
1721 531 1781 584 et
1816 542 1922 602 pro
1960 543 2130 588 com-

493 615 790 700 ponendis
843 614 1286 690 controversiis,
1319 621 1486 676 recte
1535 611 1760 675 habere
1789 612 1983 676 visum
2017 622 2130 695 est,

497 715 563 772 ut
591 704 802 788 synodi
857 705 1278 786 episcoporum
1329 703 1391 765 in
1438 720 1798 785 unaquaque
1828 704 2137 784 provincia

495 797 639 860 fiant
671 793 762 856 bis
791 795 851 856 in
883 811 1080 856 anno:
1144 793 1334 856 semel
1396 792 1642 874 quidem
1705 800 1835 874 post
1893 793 2135 856 tertiam

493 883 932 948 bebdomadem
963 884 1100 946 festi
1131 885 1400 956 Pascliae,
1434 890 1498 944 ut
1525 890 1737 963 quarta
1759 881 2139 945 hebdomade

493 977 890 1040 Pentecostes
934 974 1288 1054 perficiatur
1332 973 1619 1056 synodus,
1676 972 2138 1052 metropolitano

495 1063 896 1148 provinciales
922 1064 1240 1146 episcopos
1269 1063 1634 1126 admonente
1686 1062 2011 1125 secundam
2036 1081 2138 1144 sy-

495 1155 721 1218 nodum
757 1153 956 1216 idibus
987 1155 1248 1217 octobris
1288 1153 1574 1229 futuram,
1608 1154 1710 1234 qui
1743 1160 1835 1216 est
1865 1152 2139 1216 decimus

497 1244 978 1327 hyperberetaei:
1039 1253 1103 1306 ut
1153 1244 1216 1306 in
1275 1245 1370 1306 his
1403 1243 1550 1324 ipsis
1581 1241 1825 1324 synodis
1851 1241 2142 1305 accedant

498 1333 837 1418 presbyteri
869 1343 927 1398 et
969 1333 1236 1408 diaconi,
1291 1341 1350 1396 et
1405 1349 1617 1394 omnes
1666 1332 1769 1414 qui
1821 1349 1887 1394 se
1916 1331 2141 1412 injuria

497 1424 744 1488 atiectos
776 1431 1004 1506 putant,
1038 1431 1097 1485 et
1128 1440 1160 1484 a
1191 1420 1415 1503 synodo
1461 1421 1756 1501 judicium
1814 1439 2140 1501 assequan-

499 1524 618 1590 tur,
651 1531 764 1577 nec
819 1512 958 1575 ullis
1016 1511 1192 1574 liceat
1221 1509 1482 1592 synodos
1513 1528 1622 1592 per
1650 1529 1715 1574 se
1745 1509 1969 1590 facere,
2003 1511 2138 1574 sine

497 1604 575 1666 iis
605 1603 823 1685 quibus
853 1609 992 1664 sunt
1021 1601 1266 1664 creditae
1299 1601 1683 1682 metropoles.

840 1785 1100 1852 Concilii
1125 1784 1460 1849 Laudiceni
1488 1802 1685 1848 canon
1713 1783 1818 1848 40.

1701 288 1962 360 PHOTII
2000 285 2512 360 PATRIARCHIE
2553 289 2668 358 GP.

3733 290 3840 365 676

2575 425 2804 484 Συνόδου
2848 420 3185 508 ’Δντιοχείας
3233 425 3408 484 κανὼν
3451 428 3506 484 κ’

2293 524 2377 585 κ’.
2409 523 2508 580 Διὰ
2537 522 2632 587 τὰς
2662 519 3122 591 ἑκκλησιαστικᾶς
3146 521 3357 602 χρείας,
3389 523 3476 580 καὶ
3504 523 3598 590 τὰς
3618 530 3720 582 τῶν
3753 526 3848 603 ἆμ-

2216 612 2662 693 φισϐητουμὲνων
2712 610 3002 692 διαλύσεις,
3043 610 3221 678 καλῶς
3253 610 3403 693 ἔχειν
3436 611 3579 680 ἔδοξε
3612 613 3846 681 συνόδους

2215 704 2332 761 καθ’
2366 703 2600 770 ἑκάστην
2659 700 2929 781 ἐπαρχίαν
2971 707 3078 759 τῶν
3128 701 3441 760 ὶπισκόπων
3471 704 3703 783 γίνεσθαι
3733 705 3850 763 δεύ-

2217 815 2368 874 τερον
2396 801 2490 852 τοῦ
2521 792 2699 872 ἔτους,
2731 791 2869 857 ἅπαξ
2916 792 3015 869 μὲν
3059 792 3199 866 μετὰ
3247 793 3347 861 τὴν
3388 795 3572 868 τρίτην
3602 792 3852 871 ἑϐδομάδα

2219 890 2319 952 τῆς
2378 885 2566 961 ἑορτης
2596 891 2690 941 τοῦ
2734 881 2953 962 Πάσχα,
3013 880 3152 938 ὥστε
3211 883 3281 952 τῇ
3338 882 3571 962 τετάρτῃ
3619 882 3853 961 ἑϐδομάδι

2219 978 2320 1040 τῆς
2365 973 2747 1040 Πεντηκοστῆς
2792 970 3157 1028 ἐπιτελεῖσθαι
3201 971 3302 1040 τὴν
3346 970 3590 1051 σύνοδον,
3663 974 3856 1049 ὑπομι-

2221 1063 2556 1138 μνήσκοντος
2611 1061 2736 1126 τοὺς
2767 1060 3117 1141 ἐπαρχιώτας
3164 1061 3260 1118 τοῦ
3307 1061 3362 1118 ἑν
3405 1068 3474 1139 τῇ
3505 1063 3856 1142 μητροπόλει·

2221 1151 2318 1219 τὴν
2377 1147 2431 1207 δὲ
2473 1148 2718 1228 δευτέραν
2779 1147 2995 1208 σύνοδον
3053 1150 3289 1229 γίνεσθαι
3351 1149 3515 1218 εἰδοῖς
3553 1151 3856 1230 όγτωόρίαις

2221 1238 2338 1308 ἥτις
2367 1238 2476 1296 ἐστὶ
2505 1238 2699 1309 δεκάτη
2747 1229 3181 1319 Ὑπερϐερεταίου
3213 1256 3229 1272 ⁶
3267 1240 3406 1298 ὥστε
3436 1240 3492 1299 ἓν
3523 1241 3714 1308 αύταῐς
3736 1229 3856 1301 γταύ·

2220 1351 2337 1394 ταις
2368 1342 2491 1392 ταῖς
2524 1327 2763 1393 συνόδοις
2793 1329 3036 1407 προιέναι
3098 1327 3486 1408 πρεσϐυτέρους
3543 1332 3634 1388 καὶ
3677 1330 3859 1388 διακό-

2221 1439 2367 1492 νους,
2401 1419 2488 1475 καὶ
2519 1437 2720 1484 παντας
2762 1419 2885 1483 τοὺς
2917 1417 3201 1487 ἠδικῆσθαι
3233 1419 3575 1499 νομίζοντας,
3609 1422 3696 1478 καὶ
3723 1421 3858 1501 παρὰ

2219 1513 2319 1576 τῆς
2350 1506 2566 1566 συνόδου
2611 1508 2928 1586 ἐπικρίσεως
2955 1509 3269 1588 τυγχάνειν
3298 1510 3376 1586 μὴ
3403 1509 3604 1577 ἐξεῖναι
3635 1509 3690 1567 δέ
3718 1531 3857 1574 τινας

2225 1595 2341 1656 καθ’
2399 1598 2588 1658 ἑαυτου
2630 1595 2875 1662 συνόδους
2926 1602 3230 1679 ποιεῖσθαι,
3264 1599 3385 1657 ἄνευ
3436 1606 3547 1660 τῶν
3577 1621 3858 1660 πεπιστευ-

2223 1686 2398 1764 μένων
2427 1689 2524 1753 τὰς
2556 1687 2945 1767 μητροπόλεις,

2591 1777 2821 1836 Συνόδου
2851 1778 3165 1845 Λαοδικείας
3198 1781 3376 1838 κανὼν
3406 1777 3489 1856 μ’,

579 1882 681 1946 40.
707 1880 877 1955 Quod
920 1898 1040 1943 non
1071 1887 1306 1962 Oportet
1339 1879 1658 1961 episcopos
1707 1883 1810 1959 qui
1857 1885 2143 1942 vocantur

2304 1869 2386 1948 μ’.
2432 1870 2556 1930 ’Ὅτι
2615 1875 2676 1931 ού
2721 1870 2805 1929 δεῖ
2845 1873 3174 1936 ἱπισκόπους
3235 1873 3600 1949 καλουμένους
3631 1875 3704 1940 είς
3737 1875 3858 1933 σύν-

494 1970 567 2036 ad
589 1970 912 2054 synodum,
949 1969 1276 2050 negligere,
1311 1969 1414 2031 sed
1477 1969 1669 2044 abire,
1707 1977 1764 2032 et
1799 1968 2022 2032 docere
2048 1967 2142 2030 vel

497 2061 726 2136 doceri,
775 2060 849 2123 ad
881 2061 1022 2122 209
1055 2059 1496 2122 correctionem
1547 2058 1834 2121 Ecclesiae
1884 2067 1945 2120 et
1995 2057 2145 2120 reli-

497 2168 779 2233 quorum.
813 2147 876 2213 Si
935 2149 1071 2232 quis
1124 2156 1323 2212 autem
1386 2148 1740 2229 neglexerit,
1791 2149 1842 2210 is
1874 2148 2142 2229 seipsum

497 2239 846 2317 accusabit;
879 2246 1280 2321 praeterquam
1340 2239 1390 2300 si
1445 2247 1692 2321 propter
1722 2236 2144 2320 intemperiem

499 2337 559 2395 et
585 2329 1006 2411 agritudinem
1038 2347 1159 2391 non
1187 2327 1415 2392 veniat.

743 2423 1007 2488 Concilii
1035 2421 1543 2487 Chalcedonensis
1573 2440 1776 2487 canon
1811 2423 1906 2487 19.

582 2520 682 2583 19.
716 2519 994 2582 Pervenit
1041 2517 1116 2580 ad
1166 2536 1343 2580 aures
1393 2526 1654 2594 nostras,
1709 2517 1871 2599 quod
1904 2517 1966 2580 in
2001 2534 2144 2599 pro-

497 2607 735 2684 vinciis,
787 2607 1124 2670 canonibus
1178 2609 1521 2670 constitutae
1579 2607 2007 2689 episcoporum
2058 2627 2150 2688 sy-

500 2697 646 2761 nodi
677 2716 793 2759 non
821 2697 990 2772 fiant,
1023 2703 1084 2758 et
1133 2714 1204 2758 ex
1260 2715 1332 2759 eo
1365 2697 1553 2759 multa
1585 2697 1999 2759 ecclesiastica
2029 2715 2142 2758 ne-

496 2788 806 2870 gligantur
836 2805 970 2866 qua:
1003 2786 1391 2850 correctione
1423 2785 1718 2864 indigent.
1754 2784 1970 2849 Statuit
1999 2803 2147 2867 ergo

503 2891 710 2942 sancta
735 2876 995 2960 synodus
1023 2876 1360 2940 secundum
1391 2885 1737 2939 sanctorum
1769 2874 2012 2939 Patrum
2041 2893 2146 2938 ca-

502 2986 719 3046 nones,
753 2975 818 3031 ut
848 2966 941 3029 bis
989 2967 1050 3028 in
1084 2984 1242 3029 anno
1275 2967 1554 3029 eumdem
1602 2966 1664 3027 in
1695 2965 1890 3028 locum
1920 2983 2148 3028 conve-

501 3060 667 3122 niant
695 3057 1173 3138 uniuscujusque
1222 3055 1544 3138 provincia
1595 3055 1882 3137 episcopi,
1918 3066 1984 3118 ut
2015 3073 2148 3118 me-

503 3149 906 3231 tropolitanns
938 3147 1158 3210 melius
1209 3164 1344 3211 esse
1391 3145 1789 3228 perspexerit,
1825 3154 1884 3208 et
1913 3144 2148 3225 singula

505 3237 878 3317 emergentia
935 3236 1262 3318 [corrigunt
1324 3256 1338 3297 :
1397 3235 1668 3317 episcopi
1726 3236 1984 3317 autem],
2043 3233 2148 3317 qui

2227 1960 2346 2020 οδον
2388 1975 2767 2044 καταφρονεῖν,
2804 1961 2926 2020 ἀλλ’
2960 1962 3174 2020 ἀπιέναι
3231 1965 3322 2021 καὶ
3352 1963 3623 2023 διδάσκειν
3653 1965 3688 2035 ἢ
3717 1963 3854 2023 διδά-

2226 2055 2468 2125 σκεσθαι,
2524 2053 2598 2116 εἰς
2655 2052 2986 2130 κατόρθωσιν
3058 2059 3160 2122 τῆς
3216 2051 3547 2122 Ἐκκὶησίας
3618 2056 3707 2114 καὶ
3758 2062 3857 2113 τῶν

2227 2141 2434 2199 λοιπῶν
2468 2159 2484 2177 ο
2522 2143 2566 2198 εί
2611 2139 2665 2197 δὲ
2709 2141 3164 2223 καταφρονήσειεν
3209 2145 3237 2201 ὁ
3266 2149 3534 2221 τοιοῦτος,
3571 2145 3756 2202 ἑαυτὸν
3785 2146 3860 2202 αί-

2229 2232 2473 2290 τιάσεσαι
2506 2246 2521 2263 ⁸
2557 2234 2846 2313 παρεκτὸς,
2879 2234 2924 2289 εί
2955 2234 3032 2310 μὴ
3063 2231 3131 2291 δι’
3192 2232 3504 2310 ἀνωμαλίαν
3549 2234 3860 2314 ἀπολιμπά-

2232 2344 2396 2384 νοιτο.

2573 2415 2804 2475 Συνόδου
2834 2414 3178 2485 Χαλκηδόνος
3221 2418 3399 2477 κανὼν
3434 2416 3530 2481 ιϐ’.

2313 2497 2600 2573 ιθ’.Ἠλθεν
2631 2512 2703 2578 είς
2723 2512 2822 2576 τὰς
2844 2511 3110 2592 ἡμετέρας
3141 2512 3330 2585 ἀκοὰς,
3365 2513 3437 2578 ὡς
3465 2513 3528 2569 ἓν
3556 2525 3683 2579 ταῖς
3707 2511 3864 2592 ἐπαρ-

2231 2601 2378 2681 χίαις
2436 2603 2488 2658 αἱ
2544 2602 2988 2678 κεκανονισμέναι
3039 2600 3248 2660 σύνοδοι
3302 2608 3408 2659 τῶν
3458 2602 3772 2661 ἂπισκόπων
3809 2603 3863 2662 ού

2229 2691 2488 2768 γίνονται,
2549 2695 2638 2749 καὶ
2695 2691 2756 2749 ὲκ
2811 2691 3001 2749 τούτου
3058 2690 3236 2750 πολλᾶ
3291 2691 3693 2772 παραμελετται
3761 2699 3858 2750 τῶν

2229 2781 2556 2861 διορθώσεως
2625 2781 2893 2861 δεομένων
2951 2783 3415 2851 ἔκκλησιαστικῶν
3480 2785 3808 2864 πραγμάτων
3847 2799 3860 2815 ⁸

2229 2870 2390 2948 ὥρισε
2445 2872 2618 2930 τοίνυν
2676 2875 2711 2942 ἦ
2765 2873 2890 2952 ἁγία
2933 2871 3174 2948 σύνοδος,
3229 2881 3367 2932 κατα
3414 2875 3538 2941 τοὺς
3569 2881 3678 2931 τῶν
3710 2874 3860 2954 ἁγίων

2233 2961 2482 3041 Πατέρων
2521 2962 2773 3043 κανόνας,
2820 2961 2896 3027 δὶς
2941 2970 3034 3020 τοῦ
3077 2962 3317 3024 ἐνιαυτοῦ
3374 2962 3463 3022 ἰπὶ
3492 2965 3560 3022 τὸ
3591 2965 3713 3021 αὐτὸ
3743 2985 3860 3020 συν-

2231 3051 2446 3132 τρέχειν
2503 3051 2620 3111 καθ⁹
2679 3052 2909 3121 ἑκάστην
2985 3052 3251 3133 ἐπαρχίαν
3334 3054 3455 3118 τοὺς
3517 3052 3854 3133 δπισκόπους,

2231 3141 2353 3199 ἔνθα
2396 3143 2459 3198 ἂν
2526 3144 2555 3200 ὁ
2611 3147 2712 3211 τῆς
2769 3142 3160 3223 μητροπόλεως
3222 3142 3513 3210 ἐπίσκοπος
3575 3142 3853 3222 δοκιμάσῃ,

2230 3234 2324 3289 καί
2382 3230 2616 3310 διορθοῦν
2673 3232 2875 3291 ἕκαστα
2931 3233 2997 3290 τὰ
3039 3233 3408 3290 ἀνακύπτοντα
3448 3251 3462 3266 ⁸
3511 3235 3635 3299 τοὺς
3679 3231 3732 3290 δὲ
3785 3233 3856 3309 μὴ

505 3345 626 3391 non
657 3315 1057 3400 conveniunt,
1090 3315 1144 3387 si
1175 3327 1237 3388 in
1283 3315 1491 3388 eadem
1548 3315 1863 3405 metropoli
1895 3315 2146 3387 verse—n-

2233 3319 2503 3388 συνιόντας
2557 3321 2910 3403 ἐπισκόπους,
2938 3319 3300 3398 ἐνδημοῦντας
3332 3335 3458 3388 ταῖς
3514 3323 3716 3384 ἑαυτῶν
3758 3323 3855 3381 πό-

505 3425 622 3493 tur,
656 3425 835 3498 atque
863 3414 1014 3478 adeo
1046 3414 1177 3478 sani
1207 3415 1330 3478 sint
1361 3421 1421 3477 et
1451 3414 1524 3477 ab
1557 3415 1723 3477 omni
1753 3413 2152 3478 inexcusabili

505 3513 566 3658 ἓι
593 3507 934 3569 necessario
967 3505 1208 3586 negotio
1268 3504 1468 3588 liberi,
1523 3504 1784 3568 fraterne
1813 3504 2150 3588 reprehen-

548 3603 749 3658 antur.

507 3615 775 3754 “amisii:
805 3687 1288 3770 Carthaginensi
1333 3706 1594 3754 canones
1645 3689 1744 3766 t8,
1779 3689 1880 3767 73,
1912 3689 2017 3766 76,
2048 3689 2150 3752 95.

587 3783 762 3849 18..ςί
783 3786 923 3866 quis
951 3782 1214 3847 clericus
1242 3783 1824 3859 ordinatus,etc.,ut
1849 3800 1989 3865 pag.
2008 3781 2152 3847 482.

589 3875 771 3938 Dicm
794 3873 1042 3938 Pascha
1067 3874 1166 3939 die
1193 3873 1441 3939 concilii
1465 3873 1911 3938 nuntiandum.

592 4051 845 4120 73.ltem
871 4053 1091 4134 placuit
1112 4059 1177 4116 ut
1197 4051 1331 4116 dies
1350 4049 1714 4116 venerabilis
1730 4051 2152 4128 Paschaa,etc.,

508 4150 577 4210 ut
598 4161 750 4227 pag.
785 4143 929 4206 642.

587 4233 684 4298 De
711 4234 1011 4316 episcopis
1042 4233 1150 4315 qui
1181 4232 1264 4296 ad
1292 4232 1555 4297 concilia
1585 4249 1713 4296 non
1736 4238 2085 4298 occurrunt.

589 4410 840 4476 76.Item
869 4410 1190 4492 placuit“,
1229 4419 1294 4474 ut
1321 4412 1800 4495 quotiescunque
1827 4410 2154 4475 concilium

511 4501 994 4582 congregandum
1017 4509 1128 4578 est,
1160 4502 1429 4584 episcopi
1456 4501 1560 4585 qui
1587 4521 1784 4585 neque
1807 4510 2005 4577 atate,
2037 4520 2152 4564 ne-

511 4609 632 4675 que
661 4589 1044 4671 aegritudine,
1080 4610 1276 4674 neque
1307 4591 1425 4656 alia
1473 4593 1732 4674 graviori
1788 4592 2154 4656 necessitate

2233 3409 2372 3486 λεσι,
2403 3413 2491 3468 καὶ
2531 3418 2699 3469 ταῦτα
2731 3411 2784 3470 ἐν
2814 3413 2963 3492 ὑγεία
3003 3409 3309 3490 διάγοντος,
3343 3413 3432 3470 καὶ
3461 3413 3650 3482 πάσης
3693 3413 3856 3491 άπερ-

2234 3500 2456 3570 αιτήτου
2497 3501 2584 3558 καὶ
2623 3500 2912 3580 ἀναγκαίας
2977 3498 3244 3580 ἀσχολίας
3309 3499 3469 3567 ὄντας
3538 3501 3850 3583 ἐλευθέρους,

2235 3587 2534 3670 ἀδελφικῶς
2564 3588 3019 3661 ἑπιπλήττεσθαι.

2336 3680 2562 3740 Συνόδου
2595 3685 2963 3763 Καρθαγίννης
2992 3684 3170 3742 κανὼν
3205 3683 3308 3760 ιη’,
3338 3684 3452 3764 ογ’,
3487 3686 3626 3762 ος⁹,
3661 3683 3768 3764 ιε’.

2318 3775 2420 3846 ιη’.
2455 3776 2580 3836 Ἐάν
2611 3800 2695 3844 τις
2725 3777 2981 3858 κληρικδς
3011 3784 3419 3860 χειροτονῆται,
3451 3802 3508 3840 κ.
3547 3803 3600 3842 τ.
3635 3780 3691 3844 λ.

2318 3867 2444 3947 Περὶ
2483 3875 2576 3926 τοὺ
2631 3869 2728 3937 τὴν
2796 3869 3001 3948 ἡμέραν
3055 3873 3149 3927 τοῦ
3210 3870 3406 3950 Πάσχα
3476 3868 3535 3928 ἰν
3595 3873 3662 3950 τῇ
3703 3867 3858 3949 ἡμέρᾳ

2237 3957 2335 4027 τῆς
2367 3955 2586 4038 συνόδου
2613 3956 2997 4038 ἂγγὲλλεσθαι.

2319 4046 2428 4128 στ’.
2475 4037 2707 4123 Ὀμοίως
2736 4047 2948 4128 ἤρεσεν,
2994 4048 3134 4107 ὥστε
3190 4053 3290 4120 την
3341 4050 3550 4131 ἡμέραν
3584 4056 3677 4110 τοῦ
3705 4068 3858 4130 προσ-

2237 4141 2469 4206 κυνητοῦ
2496 4138 2716 4220 Πάσχα,
2761 4162 2818 4201 κ.
2852 4161 2906 4203 τ,
2953 4138 3010 4203 λ,

2319 4229 2448 4307 Περὶ
2528 4231 2634 4287 τῶν
2709 4229 2788 4306 μὴ
2872 4230 3236 4290 ἀπαντώντων
3298 4231 3354 4289 ἰν
3423 4235 3551 4297 ταῖς
3637 4227 3856 4292 συνόδοις

2240 4319 2571 4381 ἰπισκόπων.

2319 4409 2454 4485 ος.
2480 4411 2714 4488 Ὀμοίως
2744 4409 2956 4489 ἤρεσεν,
2987 4411 3083 4470 ’ίνα
3119 4412 3518 4486 ὁσακισδόποτε
3549 4409 3752 4478 σύνοδον
3781 4407 3852 4466 δεῖ

2238 4504 2590 4583 συναχθῆναι,
2664 4502 2712 4560 οἱ
2769 4501 3047 4561 ἐπίσκοποι
3117 4502 3316 4569 οἵτινες
3365 4505 3483 4562 οὔτε
3553 4504 3694 4582 κείρᾳ
3749 4498 3850 4558 οὔτε

2237 4592 2476 4666 ἀσθενείᾳ
2545 4591 2660 4650 οὔτε
2732 4594 2839 4650 τινί
2897 4594 3160 4674 βαρυτέρᾳ
3202 4594 3414 4673 ἀνάγκη
3477 4593 3847 4672 ἐμποδίζονται,

508 4678 590 4742 im
600 4679 1074 4762 pediuntur.com
1083 4691 1359 4780 petenter
1375 4690 1774 4780 occurrantet
1798 4681 2147 4780 primatibus

2240 4680 2517 4761 ἁρμωδίως
2555 4682 2855 4760 ἀπαντῶσι,
2903 4685 2992 4741 καὶ
3034 4697 3154 4750 τοῖς
3219 4685 3584 4764 πρωτεύουσιν
3641 4680 3851 4746 ἑκάστης

509 4787 753 4834 suarum
778 4788 1158 4852 quarumque
1182 4772 1624 4853 provinciarum
1648 4771 2060 4849 intimetur,ut
2083 4772 2147 4836 de

2240 4773 2372 4837 ἰδίας
2416 4773 2587 4832 αὐτῶν
2629 4771 2894 4852 ἰπαρχίας
2947 4772 3294 4854 ἕμφανισθείη
3339 4776 3456 4854 περὶ
3514 4775 3723 4832 πάντων
3760 4775 3853 4826 τῶν

510 4860 812 4924 universis
826 4862 1130 4943 episcopis
1143 4861 1237 4924 vel
1261 4861 1518 4939 dum,vel
1545 4871 1668 4926 tres
1691 4869 1898 4925 turmae
1913 4862 2160 4939 ﬁant,ac

512 4951 588 5014 de
608 4950 860 5031 singulis
882 4951 1099 5013 turmis
1123 4949 1384 5014 vicissim
1407 4959 1701 5034 quotquot
1722 4951 1898 5016 electi
1911 4951 2156 5033 fuerint,

513 5040 590 5103 ad
604 5039 762 5102 diem
781 5039 1182 5102 conciliiQtO
1195 5043 1628 5104 instantissime
1645 5041 2162 5116 occurrant.Quod

514 5129 709 5192 sinon
733 5131 1035 5210 potuerint
1056 5147 1397 5207 occurrere,
1432 5131 1848 5195 excusationes
1873 5131 1998 5213 (63)
2023 5151 2163 5197 suas

515 5219 577 5281 in
636 5219 920 5281 tractoria
969 5219 1402 5298 conscribant;
1464 5221 1560 5285 vel
1593 5221 1644 5284 si
1675 5227 1809 5302 post
1836 5220 2160 5287 adventum

515 5309 814 5372 tractoria:
832 5309 1045 5392 aliqua;
1067 5311 1456 5375 necessitates
1469 5321 1723 5394 repente
1744 5311 1993 5376 forsitan
2017 5324 2163 5381 ortae

516 5398 770 5476 fuerint,
804 5398 916 5462 nisi
937 5401 1232 5465 rationem
1257 5401 1672 5484 impedimenti
1692 5404 1784 5466 sui
1806 5403 1961 5486 apud
1984 5425 2160 5471 suum

597 5567 663 5621 81
691 5567 874 5634 Cone.
903 5568 1178 5650 Carthag.
1205 5587 1265 5633 ν.
1298 5589 1434 5636 can.
1471 5571 1565 5635 10.
1599 5571 1790 5635 Afric.
1821 5591 1875 5637 c.
1902 5576 2007 5645 43.

2241 4863 2573 4940 ἐπισκόπων,
2635 4861 2748 4920 εἴτε
2805 4861 2918 4939 δύο,
2953 4861 3067 4921 εἴτε
3095 4877 3245 4944 τρεῖς
3278 4866 3638 4945 συναθροίσεις
3668 4862 3853 4942 γὲνῶν-

2242 4975 2330 5010 ται
2364 4971 2378 4986 ⁸
2443 4953 2541 5010 καί
2594 4951 2701 5010 ἀπὸ
2745 4952 2974 5012 ἑκάστου
3036 4952 3092 5010 δὲ
3150 4954 3443 5035 ἀθροισμοῦ
3499 4958 3574 5020 εἱς
3644 4947 3852 5029 ἀμοιϐὴν

2245 5041 2564 5116 ὃσοιδήποτε
2591 5041 2909 5123 ιπιλεγῶσι,
2956 5045 3091 5123 πρὸς
3135 5043 3234 5114 τήν
3277 5044 3485 5124 ἡμέραν
3527 5045 3623 5112 τῆς
3657 5035 3853 5100 συνόδου

2244 5133 2564 5197 ἰνστατικῶς
2597 5132 2998 5204 ἀπαντήσωσιψ
3039 5133 3131 5191 ἐὰν
3180 5132 3237 5191 δὲ
3269 5136 3347 5210 μὴ
3379 5133 3666 5204 δυνηθῶσιν
3695 5127 3852 5188 ἀπάν-

2242 5231 2430 5307 τῆσαι,
2473 5223 2662 5305 ἀθρόον
2704 5229 2868 5281 τινῶν
2916 5222 3189 5303 ἀναγκῶν,
3236 5226 3311 5290 ὡς
3361 5224 3525 5305 είκός,
3573 5215 3850 5307 ἀναφυομὲτ

2243 5338 2369 5395 νων,
2411 5303 2463 5374 ὶι
2505 5303 2584 5393 μὴ
2623 5316 2716 5373 τὸν
2774 5313 2936 5394 λόγον
2977 5324 3071 5375 τοῦ
3112 5316 3310 5374 οἰκείου
3350 5303 3680 5392 ἰμποδισμοῡ
3724 5303 3849 5387 ποιρά

2241 5415 2319 5485 τῷ
2375 5408 2553 5482 οἰκείῳ
2609 5405 2932 5488 πρωτεύοντι
3019 5405 3396 5490 ἂποόώσωσιδ,
3470 5404 3696 5489 όσρείλειν
3743 5398 3848 5460 τοὺς

602 5669 726 5758 (63)
753 5668 920 5734 Ηειιο
948 5669 1307 5735 sententiam
1336 5669 1576 5739 Graecus
1601 5671 1904 5756 interpres
1932 5677 2158 5762 omisit,
2190 5678 2474 5764 quoniam
2506 5676 2802 5744 tractoria
2830 5674 2978 5760 quid
3009 5683 3170 5743 esset
3199 5693 3320 5742 non
3359 5674 3663 5744 intellexit.
