4004 6230
301 330 393 403 677

1037 331 1456 404 SYNTAGMA
1501 325 1898 403 CANONUM.
1947 369 2024 382 —
2075 323 2228 401 TI'r.
2276 323 2446 418 VIII,
2487 333 2651 400 CAP.
2699 327 2864 402 VIII.

3506 265 3633 402 67s

299 475 541 540 τοιούτους
611 479 682 553 τῇ
745 473 996 548 κοινωνίᾳ
1036 479 1134 541 τῆς
1203 472 1330 539 ίδίας
1404 472 1566 532 χύτιῖιν
1626 473 1903 551 ἀρκεῖσθαι

1995 470 2307 551 primatem
2338 469 2735 546 reddiderint,
2766 469 3053 534 Ecclesia
3084 489 3207 533 suae
3246 474 3628 537 communio-

300 563 624 632 Ἐκκλησίας.

301 653 503 712 Σύνοδου
561 658 640 733 μὴ
719 655 953 733 γίνεσθαι
1025 655 1212 724 κοινήν
1273 676 1330 711 τε
1399 655 1487 710 καὶ
1554 651 1806 732 ὀλοτελῆ,
1866 651 1911 707 εί

861 745 939 820 μὴ
969 742 1022 810 ἐξ
1054 743 1319 821 ἀνάγκης.

362 832 466 911 μ’.
501 833 729 913 Ἤρεσεν
759 833 898 892 ὥστε
946 834 1024 909 μὴ
1068 833 1212 890 εἶναι
1245 833 1550 913 παραιτέρω
1578 833 1905 891 ἐνιαυσιαίαν

293 924 512 1002 ἀνάγκην
557 931 650 981 τοῦ
705 921 1063 998 συντρίϐεσθαι
1106 924 1229 988 τοῦς
1273 922 1555 1002 ἀδελφοὺς,
1603 923 1724 980 ἀλλ’
1769 925 1906 980 ὁσά-

293 1035 364 1077 κις
391 1013 451 1068 ἃν
481 1013 637 1080 κοινὴ
667 1015 824 1094 χρεία
857 1012 1084 1089 καλέση,
1115 1014 1295 1080 πάσης
1326 1014 1568 1071 τουτέστι
1599 1019 1698 1080 τῆς
1723 1012 1908 1093 Ἀφρι-

290 1103 392 1179 κῆς,
448 1103 780 1181 γραμμάτων
825 1102 1116 1178 διδομένων
1175 1103 1521 1176 ὁθειδήποτε,
1582 1105 1713 1183 πρὸς
1770 1105 1907 1161 ταύ-

285 1216 372 1260 την
399 1195 494 1261 τὴν
523 1191 776 1271 καθέδραν
808 1191 1021 1250 σύνοδον
1051 1192 1281 1273 ὀφείλειν
1313 1193 1631 1271 συνάγεσθαι
1663 1193 1719 1249 ἐν
1740 1194 1908 1270 ταύτῃ

284 1288 345 1358 τῇ
370 1283 597 1362 ἐπαρχίᾳ
624 1280 744 1339 ἔνθα
776 1281 839 1338 ἂν
867 1285 903 1354 ἦ
957 1284 1109 1363 ιρεία
1152 1284 1242 1340 καὶ
1283 1285 1318 1351 ἡ
1365 1281 1740 1350 ἐπιτηδειότης
1774 1306 1904 1344 συν-

284 1373 453 1448 ωθήσῃ
486 1390 503 1408 ⁶
575 1373 628 1428 αἱ
699 1371 755 1428 δὲ
799 1373 960 1430 αἰτίαι
1007 1374 1060 1429 αἱ
1102 1374 1182 1450 μὴ
1223 1371 1374 1430 οὖσαι
1423 1374 1622 1449 κοιναὶ,
1681 1374 1735 1430 ἐν
1780 1387 1903 1437 ταῖς

281 1459 418 1524 ἰδίαις
451 1461 737 1542 ἐπαρχίαις
770 1465 1040 1542 κριθῶσιν.

486 1553 713 1613 Συνόδου
756 1557 1131 1631 οἶκουμενικῆς
1175 1555 1338 1625 ἕκτης
1381 1558 1560 1614 κανὼν
1602 1556 1686 1625 η’.

353 1649 426 1717 η’.
458 1649 556 1708 Ἐν
585 1657 712 1707 πᾶσι
746 1651 810 1707 τὰ
841 1651 943 1708 ὑπὸ
973 1656 1079 1707 τῶν
1107 1651 1271 1729 ἁγίων
1301 1652 1458 1726 ἡμῶν
1491 1650 1744 1732 Πατέρων
1773 1656 1902 1712 θεσ-

283 1741 543 1815 πισθέντα,
575 1741 670 1796 καί
726 1741 891 1816 ἡμεῖς
940 1753 1158 1820 κρατεῖν
1207 1739 1549 1819 βουλόμενοι,
1581 1743 1904 1819 ἀνανεοῦμεν

1996 579 2070 623 ne
2101 561 2326 625 debere
2352 579 2485 624 esse
2515 568 2854 625 contentos.

2077 650 2415 715 Concilium
2437 651 2762 715 unversole
2789 652 3040 715 nonnisi
3067 669 3145 715 eo:
3163 655 3516 718 necessitate
3535 656 3630 737 fa-

1990 741 2286 805 ciendum.

2069 832 2172 895 95.
2208 831 2434 896 Placuit
2486 831 2550 882 83
2581 839 2791 894 utnon
2844 831 2920 893 sit
2961 831 3118 894 ultra
3147 831 3470 912 fatigandis
3500 835 3627 897 fra-

1991 921 2182 983 tribus
2204 921 2613 983 anniversaria
2644 920 3110 995 necessitas,sed
3143 922 3378 1002 quoties
3405 942 3628 1004 exege-

1990 1009 2068 1072 rit
2115 1029 2292 1074 causa
2319 1011 2673 1085 communis,
2706 1010 2769 1072 id
2818 1017 2909 1072 est
2947 1011 3127 1072 totius
3156 1011 3392 1088 Africae,
3428 1015 3626 1076 unde-

1992 1118 2234 1178 cunque
2263 1099 2336 1163 ad
2373 1100 2496 1182 (64)
2529 1101 2682 1162 hanc
2731 1099 2938 1161 sedem
2991 1098 3067 1161 de
3101 1100 3213 1162 hac
3248 1119 3316 1164 re
3342 1102 3494 1164 datm
3525 1103 3628 1165 lit-

1993 1195 2135 1252 tera
2175 1189 2418 1265 fuerint,
2449 1189 2930 1270 congregandam
2964 1206 3099 1252 esse
3130 1191 3428 1271 synodum
3463 1192 3526 1255 in
3557 1212 3629 1257 ea

1989 1279 2320 1359 provincia,
2354 1279 2456 1342 ubi
2511 1280 2924 1361 opportunitas
2983 1282 3352 1362 persuaserit
3384 1300 3398 1342 :
3435 1301 3631 1346 causas

1988 1377 2188 1432 autem
2222 1388 2352 1451 quas
2380 1386 2735 1432 communes
2765 1387 2884 1431 non
2916 1378 3079 1446 sunt,
3112 1370 3174 1431 in
3206 1369 3332 1433 suis
3379 1374 3629 1454 provin-

1989 1459 2096 1522 ciis
2119 1459 2501 1539 judicentur.

2270 1551 2532 1616 Consilii
2559 1553 2917 1615 cecumenici
2945 1569 3007 1614 vr
3039 1569 3233 1616 canon
3262 1553 3324 1617 8.

2068 1645 2127 1706 8.
2162 1643 2227 1707 In
2261 1644 2542 1707 omnibus
2573 1663 2643 1708 ea
2669 1646 2733 1696 84
2752 1663 2882 1726 quae
2926 1664 2961 1708 a
3007 1646 3232 1709 nostris
3253 1647 3478 1710 sanctis
3509 1647 3633 1712 Pa-

1987 1732 2181 1796 tribus
2213 1734 2454 1798 decreta
2483 1743 2622 1797 sunt
2642 1753 2750 1798 nos
2770 1753 3010 1816 quoque
3041 1745 3167 1798 rata
3195 1754 3262 1800 ac
3294 1736 3467 1799 ﬁrma
3496 1755 3632 1801 esse

280 1830 368 1888 καί
393 1832 483 1888 τὸν
527 1831 725 1887 κανόνα
769 1833 861 1887 τὸν
910 1828 1308 1910 διαγορεύοντα,
1343 1831 1471 1911 καθ’¹
1515 1830 1743 1889 ἕκαστον
1790 1831 1903 1900 ἔτος

1995 1825 2280 1904 volentes,
2316 1843 2610 1887 canonem
2642 1844 2881 1908 quoque
2911 1843 3298 1904 renovamus,
3332 1829 3432 1908 qui
3458 1826 3632 1907 jubet

283 1918 514 1985 συνόδους
574 1924 679 1977 τῶν
729 1920 782 1977 ἐν
842 1921 1044 1997 ἑκάστῃ
1099 1920 1335 2001 ἐπαρχίᾳ
1396 1922 1628 1999 γίνεσθαι
1674 1921 1901 1980 ἐπισκό-

282 2033 410 2086 πων,
465 2009 586 2067 ἔνθα
629 2009 692 2066 ἂν
726 2011 753 2066 ὁ
785 2015 885 2076 τῆς
929 2010 1319 2089 μητροπόλεως
1381 2009 1646 2087 δοκιμάσϊ⁸
1678 2011 1902 2069 ἐπίσκο-

288 2122 401 2178 πος,
433 2097 616 2167 ἐπειδὴ
676 2096 730 2156 δὲ
776 2098 862 2156 διά
899 2121 958 2156 τε
987 2101 1084 2164 τὰς
1117 2097 1400 2178 Βαρϐάρων
1444 2098 1757 2176 ἐπιδρομὰς,
1819 2099 1904 2158 διά

285 2210 339 2246 τε
374 2190 459 2254 τὰς
501 2189 935 2268 προσπιπτούσας
975 2190 1157 2270 ἐτέρας
1188 2191 1382 2264 αἰτίας,
1420 2187 1688 2254 ἀδυνάτως
1720 2194 1766 2248 οἱ
1797 2192 1902 2249 τῶν

281 2279 602 2347 Ἐκκλησιῶν
632 2277 880 2356 πρόεδροι
925 2279 1136 2360 ἔχουσι,
1167 2278 1242 2346 δὶς
1271 2287 1364 2338 τοῦ
1393 2280 1633 2339 ἐνιαυτοῦ
1660 2281 1754 2346 τὰς
1787 2303 1905 2341 συν-

278 2367 414 2432 όδους
446 2373 740 2450 ποιεῖσθαι,
774 2368 946 2436 ἔδοξεν
997 2370 1134 2426 ὥστε
1188 2369 1372 2448 τρόπῳ
1427 2371 1583 2427 παντὶ
1627 2369 1767 2436 ἅπαξ
1812 2378 1903 2429 τοῦ

277 2458 440 2538 ἔτους,
495 2459 598 2526 τὴν
642 2465 749 2516 τῶν
806 2459 1299 2538 προγεγραμμένων
1329 2458 1662 2539 ἐπισκόπων,
1698 2459 1783 2517 διὰ
1810 2461 1899 2538 τὰ,

275 2549 345 2606 ὡς
408 2548 570 2619 εἰκὸς,
617 2547 954 2629 ἀναφυόμενα
1006 2546 1429 2615 ἐκκλησιαστικὰ
1498 2548 1784 2628 κεφάλαια,
1847 2550 1902 2606 ἐν

275 2637 465 2705 ἑκάστη
494 2638 731 2716 ἐπαρχία
785 2639 1019 2715 γίνεσθαι
1079 2636 1317 2717 σύνοδον,
1356 2638 1463 2694 ἀπὸ
1492 2637 1588 2705 τῆς
1621 2639 1776 2717 ἁγίας
1807 2646 1903 2697 τοῦ

273 2729 461 2806 Πάσχα
505 2727 716 2802 ἑορτῆς,
767 2729 856 2783 καὶ
907 2727 1075 2807 μέχρι
1125 2726 1564 2806 συμπληρώσεως
1595 2731 1689 2785 τοῦ
1721 2729 1899 2786 ὀκτω-

267 2814 408 2894 ϐρίου
448 2816 622 2891 μηνός
664 2816 890 2873 ἑκάστου
932 2817 1107 2889 ἔτους,
1140 2818 1279 2874 κατὰ
1320 2818 1412 2874 τὸν
1454 2818 1620 2874 τόπον
1651 2817 1710 2874 ὃν
1743 2821 1770 2875 ὁ
1805 2825 1900 2887 τῆς

269 2904 674 2984 μητροπόλεως,
706 2907 841 2962 καθα
875 2908 1213 2984 προείρηται,
1245 2905 1525 2982 δοκιμάσει
1555 2907 1845 2971 ἐπίσκοπος
1880 2926 1896 2941 ⁹

264 3002 383 3061 τοὺς
424 2993 478 3050 δὲ
524 2995 604 3070 μὴ
649 2994 924 3060 συνιόντας
969 2995 1319 3076 ἐπισκόπους,
1375 2993 1734 3072 ἐνδημοῦντας
1777 3011 1900 3064 ταῖς

265 3085 464 3143 ἑαυτῶν
515 3084 731 3156 πόλεσι,
777 3085 866 3141 καὶ
908 3095 1074 3143 ταῦτα
1133 3085 1188 3142 ἐν
1238 3087 1386 3164 ὑγεία
1438 3083 1741 3162 διάγοντας,
1813 3089 1903 3145 καὶ

1985 1914 2461 1996 uniuscujusque
2494 1915 2820 1996 provincia:
2849 1916 3271 1999 episcoporum
3307 1917 3632 1998 quotannis

1988 2003 2120 2066 ﬁeri
2179 2005 2459 2085 synodos,
2496 2005 2596 2067 ubi
2658 2005 3156 2086 metrOpolitanus
3188 2007 3512 2088 episcopus
3545 2025 3632 2070 sa-

1987 2094 2104 2154 tius
2135 2111 2268 2156 esse
2330 2093 2587 2156 duxerit.
2644 2093 2940 2167 Quoniam
2970 2102 3166 2156 autem
3201 2105 3445 2176 propter
3473 2095 3629 2158 Bar-

1988 2180 2267 2245 barorum
2302 2183 2710 2262 incursiones,
2740 2192 2800 2245 et
2833 2183 3115 2264 quasdam
3150 2184 3327 2246 aliam
3357 2184 3630 2247 inciden-

1986 2280 2077 2334 tes
2107 2291 2338 2342 causas.
2376 2292 2494 2335 non
2551 2280 2802 2354 possunt
2849 2273 2949 2353 qui
2980 2271 3270 2334 Ecclesiis
3300 2271 3628 2354 praesident

1984 2361 2248 2442 synodos
2282 2361 2373 2424 bis
2403 2363 2462 2423 in
2499 2381 2657 2425 anno
2685 2362 2908 2436 facere,
2941 2361 3134 2424 visum
3165 2370 3254 2425 est
3285 2369 3350 2424 ut
3378 2363 3623 2426 omnino

1986 2452 2174 2514 semel
2209 2454 2268 2513 in
2298 2470 2456 2515 anno
2482 2462 2731 2534 propter
2761 2452 3202 2514 ecclesiasticas
3232 2453 3622 2533 quaestiones,

1985 2550 2052 2606 ut
2083 2549 2556 2604 consentaneum
2590 2551 2701 2619 est,
2738 2549 3140 2622 emergentes,
3184 2541 3284 2603 iiat
3314 2541 3628 2622 pradicto~

1984 2651 2118 2696 rum
2147 2631 2570 2714 episcoporum
2601 2631 2863 2713 synodus
2891 2650 2925 2693 a
2945 2641 3151 2694 sancto
3175 2629 3417 2694 Paschae
3445 2631 3621 2710 festo,

1987 2733 2046 2786 et
2075 2741 2264 2804 usque
2293 2723 2370 2785 ad
2393 2722 2660 2786 octobris
2691 2722 2916 2785 mensis
2947 2721 3478 2803 complementum,
3505 2723 3625 2784 sin-

1984 2813 2139 2894 gulis
2167 2812 2366 2889 annis,
2425 2811 2488 2874 in
2547 2812 2682 2874 loco
2740 2829 2942 2894 quem,
3009 2821 3078 2873 ut
3126 2810 3476 2892 praedictum
3509 2818 3624 2888 est,

1987 2903 2484 2984 metropolitanus
2530 2904 2854 2984 episcopus
2897 2901 3191 2983 aptiorem
3236 2900 3622 2982 judicaverit.

1984 2991 2032 3054 li
2060 3002 2262 3056 autem
2295 2993 2394 3073 qui
2447 3009 2566 3054 non
2596 2991 2958 3054 conveniunt
2987 2990 3280 3072 episcopi,
3314 3008 3450 3052 cum
3483 2992 3620 3052 illi

1987 3083 2046 3145 in
2079 3084 2208 3145 suis
2237 3082 2574 3144 civitatibus
2605 3089 2804 3162 agant,
2839 3090 2897 3143 et
2925 3080 3057 3143 sani
3086 3081 3226 3156 sint,
3263 3085 3323 3142 et
3353 3080 3427 3143 ab
3458 3080 3625 3144 omni

261 3173 442 3239 πάσης
489 3174 858 3252 ἀπαραιτήτου
917 3173 1013 3230 καΐ
1077 3174 1368 3254 ἀναγκαίας
1427 3173 1689 3255 ἀσχολίας
1744 3173 1900 3242 ὄντας

1995 3172 2320 3236 inevitabili
2349 3181 2410 3236 et
2458 3172 2806 3237 necessario
2858 3171 3101 3252 negotio
3133 3170 3333 3245 liberi,
3366 3171 3630 3234 fraterno

261 3261 590 3342 ἐλευθέρους,
623 3261 925 3343 ἀδελφικῶς
956 3263 1398 3335 ἐπιπλήττεσθαι.

489 3356 718 3414 Συνόδο.)
751 3359 976 3424 Νικαίας
1009 3360 1072 3416 τὸ
1102 3356 1344 3432 δεύτερον
1376 3361 1552 3418 κανὼν
1583 3360 1688 3435 ς’.

367 3454 496 3531 Περὶ
525 3459 619 3509 τοῦ
648 3453 881 3530 γίνεσθαι
911 3453 1136 3521 τοπικὴν
1165 3452 1380 3511 σύνοδον
1405 3455 1542 3514 κατᾶ
1571 3457 1789 3536 χρόνον.

337 3547 446 3621 ς’.
478 3545 803 3625 Ἐπειδήπερ
846 3548 1022 3604 κανών
1055 3547 1199 3605 ἐστιν
1232 3549 1260 3605 ὁ
1291 3548 1487 3626 λέγων,
1522 3548 1598 3614 δὶς
1631 3553 1724 3608 τοῦ
1752 3550 1903 3614 ἔτους

248 3637 376 3695 καθ’
409 3636 648 3703 ἑκάστην
677 3636 943 3715 ἐπαρχίαν
971 3638 1084 3718 χρὴ
1115 3639 1346 3716 γίνεσθαι
1379 3637 1463 3696 διὰ
1522 3640 1903 3720 συναθροίσεως

246 3725 576 3783 ἐπισκόπων
607 3727 703 3790 τὰς
735 3728 1017 3791 κανονικὰς
1049 3727 1332 3801 ζητήσεις,
1393 3727 1480 3784 διὰ
1523 3727 1613 3784 οῦν
1641 3730 1742 3797 τὴν
1773 3750 1906 3786 συν-

244 3814 451 3896 τριϐὴν
506 3817 595 3872 καὶ
653 3818 716 3872 τὸ
767 3813 960 3879 ἐνδεῶς
1019 3815 1170 3895 ἔχειν
1216 3819 1347 3896 πρὸς
1410 3815 1713 3898 ὁδοιπορίαν
1779 3820 1901 3882 τοὺς

240 3907 786 3984 συναθροιζομένους,
817 3905 1016 3985 ὥρισαν
1065 3909 1115 3962 οἱ
1157 3906 1254 3974 τῆς
1286 3903 1368 3980 ς’
1413 3909 1632 3966 συνόδου
1679 3909 1907 3988 Πατέρες

240 3995 302 4061 ἐξ
342 3997 592 4059 ἅπαντος
633 3996 831 4074 τρόπου
874 3999 962 4053 καὶ
1018 3996 1361 4077 προφάσεως,
1423 3995 1562 4064 ἅπαξ
1591 3997 1683 4054 τοῦ
1727 3997 1906 4056 ἐνιαυ-

237 4094 345 4144 τοῦ
397 4085 664 4162 γίνεσθαι,
720 4085 817 4142 καὶ
861 4085 928 4142 τὰ
970 4084 1278 4166 ἐσφαλμένα
1309 4083 1635 4164 διορθοῦσθαι
1672 4105 1686 4118 ⁸
1723 4095 1907 4146 τοῦτον

236 4176 337 4232 οὖν
384 4177 485 4230 τὸν
532 4175 732 4232 κανόνα
791 4177 877 4233 καὶ
933 4177 1098 4252 ἡμεῖς
1157 4173 1484 4251 ἂνανεοῦμεν
1512 4196 1528 4212 ο
1575 4179 1662 4234 καὶ
1723 4177 1778 4234 εἴ
1827 4201 1906 4246 τις

237 4267 448 4340 εὕρεθῇ
489 4262 678 4344 ἄρχων
734 4272 893 4322 τοῦτο
943 4265 1189 4346 κωλύων,
1219 4265 1550 4346 ἀφοριζέσθω
1584 4284 1600 4298 ⁸
1636 4268 1680 4324 εἰ
1709 4265 1766 4324 δέ
1824 4291 1905 4334 τις

236 4354 306 4411 ἐκ
349 4355 472 4412 τῶν
515 4354 932 4433 μητροπολιτῶν
975 4355 1244 4432 ἆμελήσοι
1310 4363 1468 4414 τοῦτο
1511 4357 1769 4437 γίνεσθαι,
1807 4357 1904 4416 ἐκ-

235 4447 340 4509 τὸς
388 4444 633 4522 ἄνάγκης
664 4446 753 4503 καὶ
796 4446 938 4521 βίας,
973 4447 1061 4502 καί
1101 4467 1245 4509 τινος
1304 4444 1525 4525 εὐλόγου
1562 4447 1901 4526 προφάσεως,

1989 3263 2420 3345 corripiantur.

2353 3357 2619 3421 aoncilii
2644 3357 2880 3422 Νέβιεπὶ
2907 3372 2950 3419 ιι
2979 3372 3174 3419 conon
3201 3357 3260 3420 6.

1988 3450 2076 3513 De
2128 3450 2358 3531 synodo
2411 3450 2790 3532 provinciali
2832 3449 3142 3512 interdum
3171 3447 3627 3512 constituendo.

2069 3544 2128 3604 6.
2162 3543 2454 3616 Quoniam
2478 3561 2670 3606 canon
2715 3550 2804 3605 est
2857 3543 2958 3623 qui
2990 3540 3137 3603 dicit
3168 3540 3262 3602 bis
3293 3541 3353 3602 in
3380 3558 3537 3603 anno
3565 3539 3631 3601 in

1989 3651 2344 3714 unaquaque
2359 3633 2665 3712 provincia
2679 3650 2786 3713 per
2796 3629 3296 3710 congregationes
3317 3648 3350 3692 e
3359 3629 3634 3711 piscopo-

1988 3741 2121 3784 rum
2151 3724 2285 3786 fieri
2306 3731 2586 3803 oportere
2609 3721 2978 3804 quaestiones
3003 3719 3349 3797 canonicas;
3387 3727 3634 3801 prepter

1988 3813 2390 3888 vexationem,
2443 3820 2504 3874 et
2551 3811 2711 3892 quod
2761 3811 2968 3874 itineri
3022 3810 3395 3892 perﬁciundo
3430 3810 3633 3870 minus

1991 3902 2452 3984 suiticerentqui
2465 3901 3198 3981 cogebantur,statuerunt
3219 3907 3439 3961 sanctas
3455 3907 3636 3960 sextaa

1991 3991 2204 4072 synodi
2224 3991 2432 4056 Patres
2450 3993 2536 4065 85,
2563 4009 2633 4054 ea
2653 3997 2901 4054 omnino
2925 3998 2986 4054 et
3011 4007 3370 4072 quacunque
3393 3995 3636 4072 postpo-

1989 4082 2105 4144 sita
2125 4100 2330 4158 causa,
2362 4081 2556 4145 semel
2579 4085 2641 4143 in
2665 4098 2824 4144 anno
2857 4081 3011 4158 ﬁeri,
3039 4088 3097 4143 et
3133 4079 3354 4142 delicta
3382 4076 3627 4157 corrigi.

1990 4169 2162 4234 Hunc
2191 4190 2332 4252 ergo
2363 4189 2660 4235 canonem
2691 4169 2757 4222 86
2787 4189 2896 4233 nos
2925 4187 3167 4252 quoque
3211 4186 3574 4233 renovamus
3605 4184 3622 4233 :

1989 4269 2050 4324 et
2067 4263 2115 4322 si
2141 4261 2276 4342 quis
2299 4261 2682 4342 magistratus
2703 4261 2818 4323 hoc
2854 4260 3186 4342 prohibere
3209 4259 3489 4321 inventus
3503 4258 3632 4321 iue-

1987 4350 2090 4424 rit,
2124 4362 2496 4431 segregetur.
2520 4349 2584 4414 Si
2607 4350 2742 4432 quis
2769 4359 2968 4412 autem
2993 4349 3494 4431 metropolitanus
3515 4347 3632 4410 hoc

1988 4438 2119 4502 ﬁeri
2153 4460 2271 4504 non
2303 4442 2594 4504 curaverit
2628 4447 3028 4522 prasterquam
3065 4441 3117 4501 vi
3149 4439 3239 4501 vel
3272 4437 3633 4501 necessitate

238 4547 374 4599 τοῖς
439 4549 747 4598 κανονικοτς
794 4535 1083 4611 ἐπιτιμίοις
1139 4533 1439 4592 ὑποκείσθω
1474 4551 1488 4568 ⁸
1528 4541 1625 4604 τῆς
1670 4535 1724 4592 δὲ
1770 4560 1898 4594 συν-

1995 4540 2055 4624 et
2075 4530 2473 4624 justaAaliqua
2517 4531 2593 4593 de
2643 4547 2846 4624 causa,
2881 4529 3191 4624 canonicis
3222 4529 3416 4610 poenis
3445 4527 3633 4624 subji-

240 4621 377 4680 ὁδου
409 4624 702 4701 γινομένης
737 4626 855 4705 περὶ
886 4629 1186 4682 κανονικῶν
1223 4627 1314 4682 καὶ
1357 4624 1723 4703 εύαγγελικῶν
1759 4650 1901 4707 πρα-

245 4712 506 4788 γμάτων,
554 4711 638 4771 δεῖ
687 4728 808 4779 τοῖς
850 4718 1306 4794 συναθροισθεῐσιν
1335 4713 1678 4788 ἐπισκόποις,
1713 4719 1767 4772 ἐν
1799 4739 1904 4792 με-

249 4795 390 4877 λέτη
457 4804 543 4860 καὶ
587 4804 820 4882 φροντίδι
865 4805 1099 4883 γίνεσθαι
1143 4811 1236 4862 τοῦ
1295 4803 1582 4884 φυλάττειν
1622 4807 1719 4870 τὰς
1763 4809 1904 4872 θείας

258 4891 350 4945 καὶ
390 4895 684 4962 ζωοποιοῦς
731 4893 954 4961 ἐνταλὰς
999 4903 1094 4952 τοῦ
1148 4897 1280 4952 Θεοῦ
1313 4913 1330 4930 ο
1375 4895 1431 4951 ἐν
1461 4896 1561 4973 γὰρ
1589 4903 1667 4970 τῷ
1697 4896 1905 4977 φυλάσ-

256 4983 444 5036 σεσθαι
473 4984 656 5064 αότὰς,
689 4982 1046 5050 ἆνταπόδοσις
1076 4984 1256 5055 πολλή
1294 5001 1308 5014 ·
1343 4982 1424 5040 ὅτι
1454 4986 1545 5040 καί
1578 4983 1776 5065 λύχνος
1808 4990 1903 5044 ἐν-

258 5066 427 5154 foli],
475 5078 630 5148 νόμος
674 5072 730 5130 δὲ
761 5075 899 5154 φῶς,
936 5077 1025 5132 καὶ
1067 5073 1184 5140 ὁδὸς
1215 5078 1360 5146 ζωῆς
1391 5072 1621 5154 ἔλεγχος
1654 5077 1743 5132 καὶ
1772 5099 1905 5133 παι-

259 5152 376 5245 δεία
409 5181 424 5195 ·
499 5167 590 5220 καί
669 5166 699 5232 ἦ
767 5152 960 5232 ἐντολὴ
1019 5166 1211 5245 Κυρίου
1252 5152 1562 5244 τηλαυγὴς,
1608 5165 1906 5245 φωτίζουσα

264 5243 567 5327 ὀφθαλμούς
599 5268 613 5283 ⁶
663 5254 743 5329 μὴ
776 5253 927 5334 ’ἐχειν
956 5251 1011 5310 δὲ
1043 5243 1222 5312 ἄδειαν
1277 5254 1370 5311 τδν
1413 5243 1817 5334 μητροπολίτην
1856 5255 1908 5323 ἑξ

1989 4619 2208 4683 ciatur.
2239 4620 2384 4683 Cum
2443 4629 2644 4683 autem
2699 4621 2774 4682 de
2822 4620 3130 4682 canonicis
3179 4625 3240 4680 et
3269 4615 3632 4695 evangelicis

1988 4709 2170 4772 rebus
2186 4709 2286 4772 ﬁat
2307 4709 2587 4791 synodus,
2616 4727 2764 4789 opus
2788 4718 2878 4770 est
2900 4717 2965 4771 ut
2986 4707 3336 4787 congregati
3360 4703 3635 4785 episcopi

1993 4818 2265 4880 magnam
2292 4817 2498 4862 curam
2528 4807 2587 4862 et
2619 4798 2986 4878 diligentiam
3021 4802 3329 4876 gerant,ut
3349 4792 3548 4855 divina
3575 4800 3636 4854 et

1990 4890 2223 4952 viviﬁca
2254 4891 2532 4952 mandata
2563 4896 2902 4951 serventur.
2932 4888 2996 4950 In
3022 4887 3110 4948 eis
3133 4884 3292 4946 enim
3315 4882 3634 4945 servandis

1989 4987 2084 5044 est
2138 4980 2452 5042 retributio
2509 4979 2694 5041 multa
2748 4979 2862 5036 87:
2923 4977 3205 5057 quoniam
3267 4973 3517 5037 lucerna
3545 4981 3638 5036 est

1990 5069 2332 5132 mandatum
2366 5071 2453 5145 88,
2505 5069 2598 5130 lex
2647 5084 2787 5129 vero
2818 5068 2940 5142 lux,
2966 5076 3026 5129 et
3074 5066 3170 5128 via
3199 5064 3329 5126 vita:
3361 5062 3634 5146 probatio

1989 5169 2049 5222 et
2077 5160 2420 5242 disciplina,
2447 5169 2505 5222 et
2536 5165 2901 5240 praaceptum
2927 5156 3166 5219 Domini
3201 5154 3472 5219 lucidum
3502 5152 3638 5217 illu-

1993 5249 2230 5312 minans
2261 5249 2489 5312 oculos.
2521 5247 2608 5311 Ne
2636 5246 2822 5310 liceat
2845 5255 3045 5309 autem
3071 5246 3536 5329 metropolitano
3564 5261 3638 5308 ex

345 5416 408 5504 εξ
430 5419 884 5504 Conc._ﬂilevit.
915 5442 1054 5488 can.
1099 5421 1136 5504 9
1168 5440 1185 5500 ;
1215 5422 1404 5487 Afric.
1435 5441 1489 5488 ο.
1521 5421 1642 5504 δῖε
1705 5424 1770 5476 ει
1797 5421 1903 5486 Nic

1995 5448 2025 5486 ι.
2058 5421 2142 5504 9;
2188 5418 2473 5504 Chalced.
2507 5417 2583 5482 19
2619 5417 2817 5504 ;_Can.
2842 5420 3052 5500 Apost.
3087 5416 3164 5482 37
3202 5437 3219 5496 ;
3249 5415 3532 5482 Antioch.
3559 5411 3641 5479 20

259 5493 331 5548 ⁸⁵
357 5499 538 5567 Cone.
567 5501 794 5569 Nicaen.
831 5523 887 5569 c.
919 5504 979 5566 5.
1065 5503 1130 5556 86
1160 5493 1306 5570 Can.
1337 5505 1440 5570 81.

1526 5504 1590 5555 87
1617 5503 1779 5570 Pssl.
1810 5521 1978 5582 xviri,
2016 5499 2138 5565 12.'
2195 5502 2262 5553 88
2287 5503 2464 5567 Prov.
2493 5515 2577 5578 vr,
2609 5499 2710 5562 25.

350 5622 475 5714 (iii)
505 5630 1331 5714 Sciliceticartbaginensem.
1363 5629 1704 5714 Ferrandus
1734 5632 1797 5694 in
1826 5631 2085 5696 Breoiar
2139 5646 2473 5713 canonum,
2506 5631 2599 5696 tit.
2636 5628 2776 5706 144,
2811 5645 3123 5714 perperam
3153 5626 3314 5691 hunc
3344 5639 3638 5692 canonem

263 5707 496 5772 oncilio
532 5712 927 5779 Antiocheno
965 5707 1200 5792 tribuit,
1237 5730 1347 5798 pro
1377 5712 1684 5778 Africano.
