4004 6230
332 294 343 355 ί
439 252 557 323 679

1632 255 1901 325 ΡΗΟΤΠ
1942 256 2459 328 PATRIARGHIE
2499 254 2612 322 GP.

3632 254 3723 326 680

431 394 509 457 iis
540 412 672 477 qua;
699 413 902 459 secum
954 394 1128 459 affert
1187 394 1528 478 episcopus,
1582 395 1675 459 vel
1701 396 2071 476 jumentum,

2184 400 2231 456 ὂν
2276 395 2586 477 ἐπιφέρεται
2641 394 2669 450 ὁ
2734 392 3024 456 ἐπίσκοπος
3100 392 3220 470 μετ’
3268 384 3441 469 αὐτοῦ,
3479 394 3512 463 ἢ
3552 399 3726 470 κτῆνος,

433 484 527 547 vel
557 485 815 567 aliquam
848 503 976 548 rem
1027 486 1208 549 aliam
1264 495 1497 567 petere.
1547 484 1610 549 Si
1645 485 1807 549 enim
1842 486 1955 550 hoc
1984 488 2078 550 fe-

437 574 594 638 cisse
623 575 1040 656 deprehensus
1068 575 1271 649 fuerit,
1308 574 1523 637 reddet
1553 574 1980 657 quadruplum.

526 663 982 728 Textusﬂonst.
1012 663 1051 726 2
1068 672 1127 727 et
1149 666 1249 739 17,
1271 664 1398 727 ιίι.1
1438 665 1825 727 Novellarum
1851 667 2075 743 volunt,

2166 488 2199 557 ἢ
2227 486 2407 565 ἕτερον
2440 484 2588 549 εἶδος
2619 482 2873 541 ἀπαιτεῖν
2908 500 2922 514 ⁶
2959 485 3002 542 εἰ
3031 482 3086 540 δὲ
3118 491 3275 542 τοῦτο
3304 486 3589 553 πεποιηκὼς
3615 485 3734 565 ἔλεγ-

2163 581 2295 658 χθῇ,
2329 575 2571 633 ἀποτίσει
2599 572 3016 653 τετραπλάσιον.

2247 659 2311 724 Ἦ
2342 664 2392 737 ζ’
2432 665 2519 722 καὶ
2549 666 2583 732 ἡ
2631 661 2700 735 ιζ’
2743 662 2976 730 διάταξις
3020 664 3115 722 τοῦ
3155 663 3207 722 α’
3266 664 3369 728 τίτ.
3424 671 3523 722 τῶν
3559 670 3737 743 Νεαρῶν

438 764 503 817 ut
530 754 716 817 semel
749 763 849 816 aut
899 755 993 817 bis
1038 755 1361 836 quotannis
1396 754 1482 834 [in
1515 758 1739 834 mense]
1772 758 1947 820 Junio
1978 767 2078 821 aut

2184 756 2437 813 ἰούλονται
2496 751 2636 819 ἅπαξ
2677 754 2712 822 ἢ
2764 752 2839 817 δὶς
2897 761 2990 811 τοῦ
3046 754 3220 827 ἔτους,
3283 754 3569 831 τῷἰουνίῳ
3615 755 3741 827 ἢτῷ

434 843 798 923 Septembri,
846 844 1450 927 metropolitanorum
1484 845 1641 925 apud
1685 846 2076 926 patriarchas,

2161 841 2532 923 Σεπτεμϐρίω,
2589 844 2825 921 γίνεσθαι
2884 842 3133 908 συνόδους
3193 851 3298 902 τῶν
3383 842 3743 924 μητροπολιτῶν

435 942 493 996 et
518 933 940 1015 episcoporum
969 933 1127 1015 apud
1162 933 1666 1015 metropolitanos
1692 934 2078 998 celebrentur

2184 937 2304 1013 παρὰ
2353 946 2473 998 τοῖς
2518 932 2904 1013 πατριάρχαις,
2965 934 3064 991 καὶ
3114 940 3222 991 τῶν
3286 933 3575 992 ἐπισκόπων
3630 933 3746 1011 παρά

437 1024 820 1104 synodi,2|2
836 1023 899 1086 in
921 1024 1145 1102 quibus
1163 1042 1534 1105 causae,quas
1555 1025 1843 1106 episcOpi,
1873 1025 2077 1088 clerici

2184 1037 2279 1088 τοῖς
2312 1020 2739 1102 μητροπολίταις
2777 1042 2790 1055 ’
2852 1023 2939 1080 καὶ
2998 1021 3328 1095 ἐξετάζεσθαι
3378 1024 3469 1087 τὰς
3515 1023 3661 1086 αἰτίας
3695 1022 3746 1086 ἃς

436 1123 496 1176 et
526 1114 809 1176 monachi
831 1114 1121 1177 adversus
1150 1132 1216 1177 se
1248 1112 1507 1175 invicem
1541 1113 1788 1195 habent,
1848 1114 2078 1178 exami-

2162 1116 2209 1171 οἱ
2268 1113 2549 1171 ἐπίσκοπόι
2611 1113 2710 1170 καῖ
2750 1115 2798 1169 οἱ
2843 1111 3089 1191 κληρικοὶ
3133 1116 3222 1170 καὶ
3265 1116 3313 1170 οἱ
3360 1114 3598 1193 μοναχοῖ,
3640 1113 3748 1188 πρὸς

438 1211 660 1266 nentur
693 1224 707 1265 :
743 1210 803 1266 et
832 1203 906 1265 de
967 1202 1108 1280 ﬁde,
1163 1202 1523 1278 canonibus,
1557 1222 1626 1265 ac
1655 1204 2078 1267 ecclesiasticis

2184 1203 2429 1274 ιλλήλους
2487 1200 2676 1282 ἔχουσι
2710 1219 2724 1235 ⁸
2763 1203 2883 1282 περί
2914 1225 2971 1259 τε
3004 1203 3234 1268 πίστεως
3276 1204 3375 1261 καί
3413 1203 3629 1260 κανόνων
3678 1202 3751 1257 καὶ

433 1292 689 1375 aliisque
703 1292 884 1356 rebus
911 1293 1257 1373 [tractetur]
1283 1311 1296 1356 :
1327 1291 1592 1373 denique
1613 1312 1745 1375 quae
1761 1293 2076 1357 adversum

2184 1293 2491 1372 πραγμάτων
2543 1292 3008 1360 ἑκκλησιαστικῶν
3054 1295 3141 1351 καὶ
3191 1292 3368 1350 ἄλλων
3427 1293 3519 1349 καῖ
3546 1292 3605 1348 τά
3632 1290 3753 1367 παρὰ

434 1401 695 1447 canones
754 1384 1073 1446 commissa
1129 1391 1292 1457 sunt,
1348 1384 1742 1461 corrigantur.
1780 1382 1962 1463 [Item
1998 1386 2077 1463 ut]

2184 1384 2279 1448 ;οὺς
2328 1384 2553 1448 κανόνας
2588 1381 3001 1459 ἁμαρτανόμενα
3050 1381 3377 1461 διορθοῦσθαι
3415 1403 3428 1418 ⁶

3487 1384 3530 1440 οἱ
3582 1379 3631 1436 δὲ
3669 1379 3752 1458 ἄρ-

434 1473 725 1554 prtesules
751 1490 1086 1551 eorumque
1115 1473 1419 1548 cohortes,
1447 1472 1563 1534 nisi
1589 1474 2078 1554 metropolitanos

2184 1494 2357 1554 ίοντες
2416 1472 2504 1529 καὶ
2547 1474 2600 1529 αἱ
2643 1470 2818 1539 τάξεις
2871 1475 3046 1529 αὐτῶν
3114 1474 3193 1548 μὴ
3259 1472 3605 1549 ἐπιτιθέμενοι
3654 1483 3755 1533 τοῖς

436 1572 495 1624 et
523 1563 847 1644 episcopos
906 1563 1166 1643 synodos
1220 1561 1530 1624 celebrare
1567 1564 2078 1643 procrastinantes

2184 1561 2585 1641 ιητροπολίταις
2619 1560 2715 1619 καὶ
2766 1561 3079 1627 ἐπισκόποις
3129 1564 3549 1641 ύπερτιθεμένοις
3606 1572 3755 1618 ποιεῖν

434 1660 706 1731 urgeant,
739 1661 841 1716 aut
863 1652 1217 1733 imperatori
1243 1653 1395 1730 [eam
1428 1654 1578 1731 rem]
1614 1653 2078 1732 signiﬁcent,su-

2184 1654 2254 1718 τὰς
2284 1651 2552 1717 συνόδους.
2584 1652 2620 1719 ἣ
2665 1656 2744 1727 μὴ
2792 1652 3089 1729 μηνύοντες
3137 1658 3206 1730 τῇ
3244 1654 3510 1731 βασιλείᾳ,
3541 1652 3758 1732 ἐσχάτως

432 1759 639 1821 premo
670 1742 1009 1805 afﬁciantur
1036 1743 1358 1822 supplicio.

513 1830 680 1896 CAP.
713 1830 810 1894 IX.
845 1866 919 1878 -—
950 1833 1041 1895 Ne
1076 1840 1295 1895 temere
1323 1833 1632 1914 episcopus
1663 1839 1770 1897 aut
1817 1832 2079 1898 clericus

431 1919 596 2001 ﬁlios
622 1938 764 1985 suos
792 1922 1202 2001 emancipent.

675 2011 936 2074 Concilii
966 2010 1474 2093 Carthaginiensis
1503 2031 1698 2076 canon
1733 2012 1835 2076 35.

517 2099 585 2163 Ut
610 2102 896 2182 episcOpi,
933 2101 1030 2167 vel
1076 2102 1287 2165 clerici
1340 2120 1465 2167 non
1507 2104 1693 2182 facile
1748 2105 1907 2186 ﬁlios
1940 2124 2082 2171 suos

429 2192 838 2271 emancipent.

516 2280 615 2345 35.
651 2281 727 2344 Ut
757 2279 1025 2364 episcopi
1056 2283 1120 2334 89
1153 2282 1280 2365 (65)
1315 2283 1408 2346 vel
1440 2282 1647 2346 clerici
1689 2283 1847 2347 ﬁlios
1875 2303 2016 2347 suos
2045 2302 2080 2347 ιι

2098 1779 2139 1830 Β
2159 1750 2546 1823 τιμωροῦνται,

2243 1838 2496 1897 ΚΕΦΑΛ,
2533 1831 2616 1892 ϐ’.
2653 1865 2731 1877 —
2762 1832 2886 1911 Περὶ
2915 1841 3009 1892 τοῦ
3048 1832 3127 1907 μὴ
3178 1833 3252 1898 ὡς
3285 1831 3475 1915 ἔτυχεν
3502 1830 3763 1891 ἐπίσκοπον

2161 1921 2197 1991 ἢ
2219 1921 2479 2002 κληρικὸν
2508 1922 2934 2000 ἐμμαγκιπεύειν
2963 1922 3029 1978 τὰ
3058 1920 3173 1980 ἴδια
3202 1923 3386 1987 τέκνα.

2501 2009 2728 2071 Συνόδου
2761 2011 3135 2090 Καρθαγέννης
3166 2015 3342 2071 κανὼν
3373 2013 3476 2076 λε’.

2247 2103 2372 2178 Περὶ
2401 2104 2495 2159 τοῦ
2520 2104 2642 2165 τοὺς
2684 2101 3009 2165 ἐπισκόπους
3063 2105 3152 2159 καὶ
3208 2104 3329 2166 τοὺς
3388 2103 3665 2182 κληρικοὺς
3703 2100 3769 2179 μὴ

2164 2194 2402 2273 εὐχερῶς
2433 2193 2498 2247 τὰ
2528 2190 2688 2247 τέκνα
2720 2190 2893 2247 at"):th
2924 2203 3104 2247 ποιεῖν
3135 2190 3545 2272 ἐμμαγιιίπατα.

2242 2280 2346 2340 λε’.
2381 2280 2555 2337 ᾳΩστε
2585 2281 2707 2345 τοὺς
2740 2280 3061 2345 ἐπισκόπους
3092 2280 3191 2337 καί
3221 2284 3342 2347 τοὺς
3367 2282 3668 2360 κληρικυὺς,
3700 2278 3774 2336 καὶ

433 2389 538 2434 sua
566 2378 853 2452 potestate
880 2390 987 2452 per
1016 2372 1570 2454 emancipationem
1605 2373 1772 2436 exire
1822 2393 1942 2437 non
1991 2374 2078 2435 si-

2184 2372 2227 2428 τά
2294 2370 2455 2428 τέκνα
2529 2371 2725 2451 αὐτῶν,
2793 2370 2872 2445 μὴ
2918 2369 3006 2442 ἰᾷν
3052 2369 3404 2436 αὒτεξουσίως
3448 2371 3651 2430 ἀπιέναι
3702 2366 3774 2423 διὰ

434 2468 603 2535 nant,
638 2460 752 2522 nisi
779 2461 856 2523 de
908 2461 1176 2525 moribus
1215 2482 1423 2525 eorum
1457 2463 1682 2525 fuerint
1712 2473 1772 2526 et
1802 2464 1877 2525 de
1909 2470 2078 2526 aetate

2189 2460 2655 2539 μμαγκιπατίονος
2686 2475 2701 2491 ‘
2753 2461 2798 2515 εἰ
2842 2460 2920 2534 μή
2975 2457 3030 2537 γ’
3057 2460 3121 2515 ἃν
3172 2462 3248 2526 εἷς
3279 2463 3404 2527 τοὺς
3440 2462 3662 2543 τρόπους
3701 2459 3775 2514 καὶ

432 2549 653 2631 securi,
686 2557 751 2611 ut
799 2550 1032 2631 possint
1063 2553 1137 2613 ad
1172 2569 1277 2614 eos
1324 2555 1445 2630 jam
1499 2552 1742 2635 propria
1772 2556 2078 2634 pertinere

2190 2553 2236 2615 ίς
2266 2552 2366 2619 τὴν
2406 2550 2622 2619 ἠλικίαν
2685 2546 2858 2608 αὐτῶν
2916 2548 3425 2632 πληροφορηθῶσιν,
3473 2556 3547 2617 ὡς
3602 2549 3772 2607 λοιπον

436 2649 802 2794 Ρθίῖῗξὲίά.
834 2763 906 2775 --
943 2729 1256 2806 Quomodo
1312 2733 1583 2813 episcopi
1628 2736 1911 2811 repetant
1959 2730 2080 2795 sibi

436 2822 566 2883 loca
597 2820 675 2883 ab
700 2818 1004 2885 haereticis
1033 2828 1353 2903 occupata.

655 2998 915 3065 Concitii
945 2999 1456 3081 ϐανιΙιαρίηεηςὶε
1491 3016 1687 3063 canon
1718 2998 1857 3063 121.

514 3104 601 3168 De
630 3105 728 3168 his
757 3106 867 3185 qui
889 3105 1098 3186 plebes
1128 3104 1210 3167 ad
1238 3121 1305 3167 se
1331 3105 1723 3185 pertinentes
1739 3102 2079 3184 negligunt-

516 3281 624 3343 121
644 3284 811 3346 .item
837 3282 1058 3364 placuit
1076 3283 1237 3359 90,ut
1258 3282 1602 3365 quicunque
1623 3283 1932 3362 negligunt
1954 3282 2084 3345 loca

434 3372 509 3435 ad
541 3390 709 3435 suam
771 3372 1119 3437 cathedram
1179 3371 1568 3453 pertinentia,
1604 3371 1667 3434 in
1725 3372 2081 3435 catholicam

432 3463 725 3525 unitatem
752 3462 998 3540 lucrari,
1025 3462 1463 3526 conveniantur
1482 3480 1517 3525 a
1532 3461 1921 3542 diligentibus
1938 3463 2082 3525 vici-

434 3554 529 3614 nis
562 3551 889 3634 episcopis,
926 3561 990 3615 ut
1022 3551 1080 3615 id
1115 3570 1297 3631 agere
1327 3570 1445 3614 non
1476 3558 1809 3616 morentur.
1830 3550 1999 3624 Quod
2030 3549 2081 3613 si

431 3641 593 3704 intra
639 3659 743 3704 sex
801 3660 1044 3706 menses
1068 3643 1210 3703 215
1248 3661 1283 3704 a
1332 3642 1431 3703 die
1489 3641 1907 3704 conventionis
1960 3659 2082 3703 non

434 3732 882 3814 eﬂ‘ecerint,qui
914 3733 1179 3814 potuerit
1209 3750 1280 3794 ea
1314 3731 1641 3808 lucrari,ad
1666 3732 1861 3812 ipsum
1889 3730 2078 3812 perti-

436 3830 639 3886 neant.
672 3820 759 3884 Ita
789 3841 958 3900 sane,
1013 3831 1079 3884 ut
1134 3826 1185 3885 si
1238 3821 1344 3884 ille
1394 3814 1468 3883 ad
1501 3840 1679 3903 quem
1718 3820 2081 3902 pertinuisse

440 3910 814 3988 videbantur,
839 3912 1100 3993 probare
1127 3911 1390 3993 potuerit
1409 3912 1595 3991 magis
1629 3911 1796 3973 illius
1826 3910 2076 3974 electam

439 4001 866 4082 negligentiam
898 4001 972 4064 ab
1008 4002 1336 4077 haereticis,
1363 4010 1428 4062 ut
1450 4002 1696 4082 impune
1727 3999 1808 4061 ibi
1843 4001 1989 4076 sint,
2024 4007 2084 4061 et

438 4108 606 4153 suam
639 4092 1012 4171 diligentiam
1048 4092 1231 4153 fuisse
1288 4098 1674 4172 praeventam,
1708 4099 1772 4151 ut
1802 4109 1871 4152 eo
1905 4091 2083 4152 modo

440 4180 572 4260 ejus
596 4199 739 4244 cura
771 4179 1094 4243 sollicitior
1145 4180 1433 4242 vitaretur
1469 4197 1486 4257 ;
1540 4198 1676 4241 cum
1711 4179 1824 4241 hoc
1846 4178 2087 4258 judices

439 4271 708 4351 episcOpi
739 4272 1161 4351 cognoverint,
1218 4288 1344 4331 sum
1394 4269 1695 4332 cathedrae
1747 4268 1878 4331 loca
1905 4274 2087 4331 resti-

441 4365 633 4420 tuant.
670 4357 826 4420 Sane
856 4360 905 4421 si
953 4357 1229 4442 episcopi
1282 4358 1443 4421 inter
1495 4378 1642 4440 quos
1673 4376 1855 4421 causa
1881 4376 2087 4420 versa-

441 4456 564 4529 tur,
596 4447 973 4511 diversarum
1030 4447 1481 4530 provinciarum
1534 4455 1698 4530 sunt,
1731 4448 1833 4510 ille
1864 4448 2088 4531 primas

439 4538 542 4600 det
565 4537 828 4617 judices,
864 4538 926 4600 in
959 4538 1134 4619 cujus
1166 4539 1474 4620 provincia
1533 4547 1625 4603 est
1662 4539 1831 4602 locus
1861 4539 1936 4601 de
1967 4558 2084 4620 quo
2107 4532 2158 4594 D

440 4628 849 4693 contenditur.
883 4627 947 4692 Si
978 4634 1177 4691 autem
1232 4646 1304 4690 ex
1353 4629 1662 4692 communi
1692 4628 1907 4709 placito
1935 4628 2084 4691 vici-

439 4737 552 4781 nos
577 4720 814 4800 judices
845 4718 1159 4799 elegerint,
1194 4724 1294 4780 aut
1316 4737 1471 4781 unus
1494 4718 1769 4798 eligatur,
1792 4726 1893 4781 aut
1925 4729 2079 4783 tres:

438 4818 506 4872 ut
536 4812 585 4873 si
618 4819 743 4874 tres
767 4808 1085 4889 elegerint,
1122 4807 1392 4872 omnium
1428 4810 1791 4874 sententiam
1822 4826 2083 4890 sequan-

441 4907 560 4981 tur,
594 4909 697 4963 aut
723 4900 1003 4965 duorum.

2100 3160 2144 3212 ο
2165 3160 2334 3258 lugu:

2160 2640 2227 2701 τά
2255 2642 2620 2718 ἁμαρτήματα
2649 2643 2822 2699 αὐτῶν
2858 2640 2932 2703 εἰς
2962 2642 3149 2705 αὒτςὺς
3184 2642 3497 2704 συντείνειν.

2243 2737 2495 2793 ΚΕΦΑΛ,
2569 2730 2632 2791 1⁸.
2706 2763 2787 2775 -
2864 2732 2985 2794 Πῶς
3044 2727 3340 2791 ἐκδικοῦσιν
3400 2734 3448 2789 οἱ
3510 2731 3772 2789 ἐπίσκοποι

2158 2822 2281 2885 τοὺς
2373 2820 2706 2899 ἁρμόζοντας
2764 2821 2948 2883 αὐτοῖς
3020 2823 3216 2887 τόπους
3297 2826 3447 2902 παρα
3521 2823 3779 2902 αἱρετικῶν

2159 2911 2586 2992 κατεχομένους,

2440 2998 2670 3059 Συνόδου
2715 3002 3085 3083 Καρθαγέννης
3131 3003 3303 3060 κανὼν
3348 3001 3501 3081 ρκα’.

2246 3103 2379 3185 Περῖ
2437 3108 2541 3163 τῶν
2623 3104 2965 3183 ἀμελούντων
3045 3114 3152 3165 τῶν
3231 3109 3421 3172 αὐτοῖς
3496 3104 3786 3175 ἀνηκόντων

2246 3284 2392 3365 ρκα⁹.
2449 3277 2678 3362 Ὀμοίως
2730 3285 2919 3367 ἤρεσεν
2961 3287 3054 3345 ἵνα
3098 3287 3504 3361 οἱτινεσδήποτε
3551 3284 3789 3363 ἀμελοῦσι

2163 3382 2271 3434 τῶν
2302 3375 2482 3433 τόπων
2525 3382 2630 3433 τῶν
2680 3375 2989 3445 ἀνηκόντων
3034 3384 3102 3456 τῇ
3152 3380 3326 3436 αύτῶν
3387 3376 3616 3457 καθέδρᾳ
3676 3374 3792 3452 πρὸς

2162 3467 2224 3524 τὸ
2260 3467 2478 3532 τούτους
2521 3463 2766 3546 κερδᾶναι
2798 3470 2872 3532 εἷς
2904 3469 3002 3537 τὴν
3049 3467 3343 3539 καθολικὴν
3389 3470 3646 3541 ἑνότητα,
3703 3464 3791 3539 ἑγ-

2162 3555 2434 3623 κληθῶσιν
2503 3555 2610 3613 ἀπὸ
2697 3561 2803 3613 τῶν
2860 3558 3216 3636 γειτνιώντων
3276 3562 3467 3625 αύτοῖς
3533 3550 3789 3631 ἓπιμελῶν

2163 3645 2497 3721 ἐπισκόπων,
2532 3646 2650 3726 περὶ
2679 3646 2772 3704 τοῦ
2803 3647 2882 3723 μὴ
2913 3645 3298 3705 ἀναϐάλλεσθαι
3354 3659 3517 3709 τοῦτο
3562 3642 3745 3726 πράξει
3774 3658 3788 3673 ⁹

2161 3734 2243 3792 διὸ
2277 3736 2367 3793 ἒάν
2414 3736 2562 3800 ἐντὸς
2608 3738 2932 3815 προθεσμίας
2989 3737 3178 3814 μηνῶν
3212 3738 3288 3813 ἓξ,
3325 3739 3436 3797 ἀπὸ
3469 3740 3573 3808 τῆς
3601 3734 3790 3813 ἡμέρας

2161 3826 2262 3896 τῆς
2320 3826 2438 3904 περὶ
2494 3833 2680 3884 τοῦτον
2736 3825 3114 3902 συνελεύσεως,
3175 3828 3347 3905 μηὸὲι
3424 3830 3685 3901 ἀνύσωσι,
3726 3824 3796 3896 τῷ

2164 3913 2436 3991 δυναμένῳ
2476 3915 2665 3974 λοιπὸν
2717 3920 2933 3985 τούτους
2989 3916 3235 3995 κερδᾶναι
3297 3921 3746 3997 προσκυρωθῶσιν
3776 3929 3790 3945 ·

2166 4004 2334 4066 οὕτως
2375 4004 2581 4079 μέντοι,
2641 4006 2733 4064 ἵνα
2777 4007 2867 4064 ἐὰν
2922 4008 3129 4072 ἐκεῖνος
3174 4009 3304 4087 πρὸς
3345 4011 3406 4065 ὃν
3462 4006 3798 4065 ἐνδείκνυνται

2169 4095 2390 4165 ἀνήκειν
2444 4097 2492 4150 οἱ
2544 4102 2797 4174 τοιοῦτοι,
2846 4096 3151 4165 ἓξεπίτηδες
3204 4097 3291 4160 διά
3347 4120 3473 4155 τινα
3516 4091 3807 4169 οἰκονομίαν

2170 4183 2343 4251 ἔδοξεν
2403 4184 2654 4261 ἀμελεῖν,
2692 4196 2847 4246 τοῦτο
2904 4190 3010 4244 τῶν
3055 4189 3336 4268 αἱρετικῶν
3382 4184 3809 4262 ἐπιλεξαμένων·

2170 4273 2309 4331 ὥστε
2350 4272 2619 4350 ἀθορύϐως
2666 4276 2853 4338 αὐτοὺς
2912 4276 3320 4357 παραδέξασθαι,
3353 4279 3451 4335 καὶ
3504 4278 3563 4335 ἐν
3590 4273 3815 4342 τοσούτῳ

2169 4365 2202 4435 ᾖ
2236 4362 2397 4422 αὐτοῦ
2439 4363 2722 4441 ἐπιμέλεια
2762 4367 2866 4422 ὑπὸ
2898 4366 3078 4441 ἐτέρου
3118 4365 3470 4448 προελήφθη,
3505 4369 3652 4444 ᾗτινι
3684 4382 3814 4421 κατ-

2169 4454 2470 4534 εχρήσατο,
2549 4458 2669 4520 τοὺς
2757 4456 2945 4518 αότοὺς
3003 4457 3299 4538 αἱρετικοὺς
3374 4457 3552 4515 πλέον
3608 4457 3808 4522 ἐκάκιζε

2169 4545 2356 4628 τούτου
2397 4542 2594 4621 μεταξὺ
2671 4546 2979 4603 ὶπισκόπων
3043 4548 3326 4626 κρινόντων
3373 4540 3813 4627 διαγινωσκομέ-

2169 4626 2281 4714 seu,
2347 4636 2394 4690 οἱ
2438 4635 2594 4691 τόποι
2652 4641 2721 4712 τῇ
2778 4636 2935 4693 αὐτοῦ
2992 4636 3216 4717 καθέδρα
3270 4626 3770 4696 ἀποκατασταθῶσι
3803 4646 3817 4662 ⁸

2167 4728 2275 4779 τῶν
2333 4720 2391 4779 δὲ
2448 4724 2738 4801 κρινόντων
2813 4724 3149 4801 ἐπισκόπων,
3204 4726 3266 4784 ἐκ
3324 4725 3610 4809 διαφόρων
3661 4725 3820 4780 ὄντων

2168 4811 2470 4894 ἄπαρχιῶν,
2505 4812 2712 4877 ἐκεῖνος
2768 4816 2796 4870 ὁ
2840 4816 3125 4895 πρωτεύων
3163 4817 3282 4883 τοὺς
3329 4815 3601 4881 δικαστὰς
3646 4814 3819 4883 δώσει,

2168 4902 2370 4968 οὗτινος
2416 4903 2470 4959 ἐν
2520 4908 2585 4981 τῇ
2629 4902 2786 4984 χώρᾳ
2820 4906 2848 4961 ὁ
2895 4904 3053 4972 αύτὸς
3112 4906 3344 4988 ὑπάρχει
3376 4907 3585 4978 τόπος,
3619 4903 3737 4984 περὶ
3765 4900 3822 4956 οὗ

439 4988 849 5071 φιλονεικεϊταυ
910 4991 1003 5048 ἐὰν
1073 4988 1128 5047 δὲ
1199 4990 1335 5048 κατᾶ
1393 4991 1584 5060 κοινὴν
1643 4991 1956 5064 συναίνεσιν,
2019 4991 2256 5069 γείτονας
2310 4992 2653 5061 ἐπιλέξωνται
2710 4994 2918 5074 κριτὰς,
2978 4995 3015 5065 ἢ
3077 4994 3166 5061 εἷς
3237 4995 3471 5078 ἐπιλεγῇ
3553 4995 3592 5066 ἢ
3654 5004 3821 5073 τρεῐς.

440 5080 531 5135 καὶ
559 5078 649 5136 ἒοὶν
675 5094 821 5159 τρεῖς
851 5079 1223 5158 ἐπιλὲξωνται,
1256 5080 1292 5150 ἢ
1325 5087 1394 5159 τῇ
1424 5088 1529 5138 τῶν
1560 5079 1700 5138 ὅλων
1733 5083 1899 5161 ψήφῳ
1928 5079 2473 5160 ἑπακολουθήσουσιν,
2507 5084 2543 5152 ἢ
2575 5090 2642 5161 τῇ
2670 5087 2779 5141 τῶν
2808 5082 2919 5149 δύο,

523 5168 766 5231 Novella
788 5167 860 5232 37
885 5167 1295 5246 ait,Ecclesias
1312 5170 1529 5233 Africae
1542 5170 1797 5233 firmiter
1808 5168 2086 5232 obtinere

444 5258 863 5339 possessiones
877 5277 1040 5324 suas:
1057 5267 1117 5323 et
1136 5264 1187 5322 si
1201 5260 1525 5341 paganiaut
1539 5262 1805 5325 haeretici
1819 5262 2085 5343 ipsarum

524 5436 589 5486 39
620 5436 800 5499 Conc.
838 5437 1112 5516 Carthag.
1144 5454 1231 5510 ιιι,
1263 5454 1399 5502 can.
1437 5442 1510 5504 14
1548 5458 1564 5516 ;
1600 5440 1782 5503 Afric.
1813 5460 1867 5504 c.
1901 5441 1959 5507 3.

2254 5166 2316 5229 Ἠ
2375 5172 2482 5250 ριβ’
2527 5175 2701 5253 Νεαρά
2759 5177 2911 5255 φησὶ,
2962 5175 3067 5238 Τὰς
3133 5174 3459 5246 Ἐκκλησίας
3528 5178 3822 5259 Ἀφρικῆς,

2169 5262 2423 5343 ἀσφαλῶς
2453 5262 2609 5344 ἔχειν
2640 5265 2735 5331 τὰς
2764 5266 2982 5338 κτήσεις
3015 5266 3213 5324 αὐτῶν·
3250 5268 3339 5325 καὶ
3368 5268 3463 5325 ἐὰν
3488 5267 3768 5337 ’Ἕλληνες
3790 5262 3823 5330 ἦ

2045 5441 2108 5492 90
2139 5440 2324 5505 Conc.
2355 5440 2599 5508 Milevit.
2628 5459 2697 5525 ll,
2730 5461 2783 5507 c.
2817 5441 2898 5506 24
2930 5463 2947 5522 ;
2976 5442 3165 5509 Afric.
3196 5464 3253 5509 ο.
3283 5445 3381 5510 88.

523 5552 653 5647 (ϐξὶ)
687 5551 1271 5647 (εἶινιειιιιεηἱειιοιτιιοε¹
1291 5554 1651 5647 existimavit
1692 5565 2086 5642 conrogatam
2114 5557 2190 5623 de
2218 5566 2374 5623 coetu
2412 5559 2532 5623 dici
2563 5578 2671 5643 pro
2699 5568 3084 5627 concacatum
3117 5580 3131 5627 :
3183 5581 3320 5627 cum
3351 5562 3428 5626 sit
3456 5578 3831 5647 conrogare,

435 5632 755 5720 porrigere
791 5642 850 5701 et
876 5633 951 5698 ad
984 5632 1376 5699 breviarium
1406 5636 1503 5698 hic
1533 5637 1851 5705 referatur.
