4148 6198
581 306 699 376 683

1771 301 2039 372 PHOTII
2081 299 2597 373 PATRIARCHE
2638 304 2752 374 CP.

3779 318 3881 388 684

661 445 733 508 81
770 443 914 528 [80].
943 439 1214 504 Diximus
1252 459 1376 506 non
1422 451 1704 525 oportere
1746 443 2098 525 episcOpum
2126 441 2203 503 vel

2382 443 2500 507 πα’,
2550 442 2792 520 Εἴπομεν
2821 444 2902 501 ὅτι
2934 444 3013 519 μὴ
3070 447 3183 525 χρὴ
3227 445 3516 506 ἐπίσκοπον
3557 450 3590 518 ἢ
3621 453 3884 530 πρεσϐύτε-

582 534 997 618 presbyterum
1028 529 1295 614 seipsum
1323 534 1397 595 ad
1435 533 1707 615 publicas
1743 532 2216 596 administratio--

580 642 688 688 nes
712 621 1052 697 demittere,
1083 620 1189 683 sed
1243 622 1306 684 in
1338 623 1762 687 ecclesiasticis
1792 623 2047 704 negotiis
2076 640 2215 684 ver-

581 716 724 780 sari.
755 712 867 778 Vel
900 731 1042 792 ergo
1100 718 1180 776 ita
1230 733 1349 778 non
1408 716 1608 780 facere
1641 717 2090 798 persuadeatur,
2128 715 2214 778 vel

578 807 950 888 deponatur;
1001 822 1181 868 nemo
1238 806 1399 868 enim
1451 814 1647 888 potest
1692 808 1926 870 duobus
1955 805 2216 868 dominis

577 895 805 959 servire
832 894 1164 956 secundum
1200 895 1439 958 Domini
1470 895 1972 960 adhortationem.

880 987 1148 1051 Concilii
1178 987 1682 1054 Chalcedonensis
1708 1008 1925 1054 canon.

657 1082 716 1145 3.
751 1080 1032 1144 Pervenit
1059 1080 1133 1143 ad
1165 1091 1432 1144 sanctam
1463 1083 1778 1164 synodum,
1812 1083 1970 1165 quod
2002 1098 2210 1144 eorum

574 1172 702 1254 qui,
735 1172 899 1235 clero
926 1171 1185 1252 c00ptati
1215 1173 1620 1253 sunt,quidam
1652 1183 1896 1255 propter
1920 1182 2091 1253 turpe
2113 1171 2207 1233 lu-

573 1280 738 1325 crum
765 1261 992 1324 alienas
1045 1261 1456 1340 possessiones
1507 1263 1872 1338 conducunt,
1925 1270 1986 1324 et
2016 1279 2213 1324 saecu-

571 1351 721 1414 laria
742 1349 976 1430 negotia
999 1349 1584 1425 exercent,divinum
1602 1351 1999 1414 ministerium
2027 1349 2216 1429 negli-

571 1437 1183 1521 gentes,sazcularium
1209 1457 1348 1502 vero
1379 1440 1593 1502 domos
1623 1441 1979 1516 subeuntes,
2011 1449 2070 1501 et
2101 1457 2210 1501 eo-

569 1547 704 1592 rum
736 1529 1074 1591 facultatem
1107 1529 1519 1592 tractationem
1551 1547 1618 1591 ac
1662 1530 2031 1592 curationem
2066 1547 2210 1611 pro-

571 1628 705 1701 pter
728 1618 1033 1681 avaritiam
1081 1618 1503 1698 suscipientes.
1559 1619 1802 1682 Detiniit
1833 1638 1974 1698 ergo
2005 1625 2212 1682 sancta

571 1709 854 1790 synodus,
883 1713 1183 1771 neminem
1213 1709 1522 1791 deinceps,
1544 1729 1655 1773 nec
1687 1711 2060 1791 episcopum,
2096 1727 2210 1771 nec

2299 555 2388 610 ρον
2435 533 2680 591 καθιέναι
2725 534 2912 590 ἑαυτὸν
2955 536 3029 596 είς
3087 535 3349 610 δημοσίας
3403 535 3707 615 διοικήσεις,
3766 543 3887 611 ἀλλὰ

2299 637 2707 702 προσευκαιρετν
2736 637 2860 688 ταῖς
2886 623 3376 691 ἔκκλησιαστικατς
3435 628 3634 705 χρείαις
3669 649 3682 662 ·
3720 631 3752 699 ἢ
3778 653 3890 688 πει-

2296 711 2464 770 θέσθω
2509 713 2600 769 οὗν
2641 719 2796 770 τοῦτο
2839 713 2916 789 μὴ
2959 725 3161 793 ποιεῖν,
3224 714 3259 782 ἢ
3316 717 3657 793 καθαιρείσθω
3687 736 3702 754 ’
3745 717 3891 785 οὐδεὶς

2298 801 2398 878 γὰρ
2456 799 2668 859 δύναται
2711 801 2823 858 δυσὶ
2865 803 3065 881 κυρίοις
3109 801 3404 884 δουλεύειν,
3468 807 3602 862 κατὰ
3653 808 3746 875 τὴν
3798 819 3893 867 Κυ-

2297 891 2488 968 ριακὴν
2521 890 2935 969 παρακέλευσιν,

2652 981 2880 1040 Συνόδου
2912 982 3257 1051 Χαλκηδόνος
3285 985 3464 1043 κανὼν
3493 984 3567 1063 γ’.

2374 1077 2454 1155 γ’,
2489 1063 2680 1136 Ἠλθεν
2709 1079 2785 1142 είς
2819 1078 2916 1146 τὴν
2948 1078 3104 1156 ἁγίαν
3147 1079 3385 1154 σύνοδον,
3419 1079 3499 1136 ὅτι
3528 1087 3631 1138 τῶν
3661 1084 3712 1138 ἓν
3737 1081 3898 1163 κλήρῳ

2294 1166 2723 1246 κατειλεγμένων
2790 1168 2930 1231 τινὲς
3002 1166 3068 1224 δι’
3132 1169 3586 1249 αἰσχροκέρδειαν,
3635 1171 3898 1251 ἆλλοτρίων

2294 1257 2589 1332 κτημάτων
2646 1257 2880 1334 γίνονται
2955 1260 3236 1338 μισθωταὶ,
3297 1261 3388 1315 καὶ
3446 1261 3730 1338 πράγματα
3782 1285 3898 1319 κοσ-

2296 1347 2428 1422 μικὰ
2498 1344 2866 1425 ἐργολαϐοῦσι,
2927 1352 3027 1415 τῆς
3085 1349 3184 1422 μὲν
3253 1355 3347 1405 τοῦ
3406 1357 3538 1407 Θεοῦ
3597 1349 3902 1430 λειτουργίας

2298 1439 2813 1514 καταρᾳθυμοῦντες,
2845 1437 2968 1501 τοὺς
3027 1437 3083 1492 δὲ
3116 1440 3221 1494 τῶν
3267 1444 3546 1514 κοσμικῶν
3599 1441 3904 1521 ὑποτρέχον-

2292 1547 2380 1592 τες
2418 1525 2628 1600 οἴκους,
2673 1528 2762 1583 καὶ
2805 1529 2999 1585 οὐσιῶν
3045 1529 3361 1606 χειρισμους
3423 1527 3802 1608 ἀναδεχόμενοι
3830 1529 3904 1588 διὰ

2293 1613 2664 1694 φιλαργυρίαν.
2708 1612 2899 1692 ’Ὢρισε
2949 1616 3124 1670 τοίνυν
3151 1617 3186 1682 ἡ
3218 1616 3344 1692 ἁγία
3400 1619 3489 1673 καὶ
3547 1615 3750 1694 μεγάλη
3791 1619 3903 1677 σύν-

2294 1701 2439 1782 οδος,
2471 1701 2675 1778 μηδένα
2701 1710 2796 1760 τοῦ
2825 1702 3035 1782 λοιποῦ,
3069 1703 3148 1778 μὴ
3177 1705 3498 1780 ἒπίσκοπον,
3532 1708 3611 1779 μὴ
3641 1705 3900 1787 κληρικὸν,

571 1799 1000 1876 clericum,nec
1021 1799 1508 1876 monachum,vel
1530 1802 1948 1882 possessiones
1972 1799 2203 1862 condu-

2293 1794 2368 1869 μη
2411 1792 2732 1873 μονάζοντα,
2791 1793 2826 1861 ἢ
2884 1796 3193 1868 μισθοῦσθαι
3249 1795 3531 1874 κτήματα,
3596 1796 3628 1864 ἢ
3682 1800 3907 1876 πραγμᾶο

567 1889 833 1966 cere,vel
857 1889 1244 1953 saecularibus
1268 1889 1715 1969 possessionum
1739 1891 2205 1954 administratio-

568 1977 748 2041 nibus
774 1978 1037 2059 seipsum
1090 1981 1388 2059 ingerere,
1452 1980 1569 2042 nisi
1613 1981 1820 2062 utique
1853 1999 1924 2044 ex
1957 1982 2088 2060 lege
2132 1981 2203 2043 ad

564 2065 1032 2130 inexcusabilem
1056 2068 1432 2149 impuberum
1457 2069 1696 2132 tutelam
1720 2070 2086 2146 vocetur,vel
2111 2071 2203 2132 ci-

563 2155 756 2218 vitatis
781 2161 1094 2238 episcopus
1120 2175 1258 2220 eum
1287 2176 1490 2221 rerum
1524 2160 2064 2222 ecclesiasticarum
2093 2179 2202 2223 cu-

564 2263 690 2308 ram
721 2263 932 2326 gerere
963 2247 1286 2326 permittat,
1329 2250 1467 2309 217
1510 2249 1602 2310 vel
1647 2249 2075 2329 orphanorum,
2109 2250 2203 2311 vel

565 2336 902 2412 viduarum,
934 2337 1151 2418 quibus
1179 2339 1479 2419 provideri
1510 2359 1627 2402 non
1663 2349 1884 2420 potest,
1919 2351 1976 2404 et
2003 2359 2204 2421 perso-

563 2444 779 2488 narum
803 2443 938 2507 quae
959 2425 1368 2490 ecclesiastico
1386 2428 1608 2490 auxilio
1632 2430 2198 2510 maximeindigent,

565 2521 813 2594 propter
836 2513 1112 2575 timorem
1135 2512 1458 2579 domini.Si
1481 2516 1618 2598 quis
1637 2525 1834 2578 autem
1859 2536 1991 2598 quae
2013 2526 2204 2580 statu-

564 2610 623 2664 ta
649 2609 807 2679 sunt,
841 2601 1129 2684 deinceps
1161 2604 1492 2683 transgredi
1547 2623 1865 2684 aggressus
1920 2606 2120 2682 fuerit,
2155 2607 2206 2670 is

565 2691 762 2772 poenis
795 2689 1221 2754 ecclesiasticis
1251 2693 1626 2772 subjiciatur.

807 2783 1065 2849 Concilii
1094 2784 1604 2868 Carthaginensis
1636 2805 1832 2852 canon
1862 2791 1961 2854 t6.

645 2878 746 2944 16.
786 2877 858 2942 Ut
879 2877 1092 2942 nullus
1119 2879 1452 2962 cpiscopus,
1489 2889 1632 2959 etc.,
1667 2888 1732 2946 ut
1759 2901 1902 2965 pag.
1937 2882 2077 2946 550.

914 3061 1176 3126 Concilii
1203 3063 1438 3128 Nicmni
1459 3079 1499 3128 ιι
1531 3082 1725 3128 canon
1763 3067 1858 3132 10.

646 3156 815 3233 Quod
837 3173 962 3220 non
982 3162 1249 3237 oporteat
1292 3156 1564 3240 clericos,
1615 3177 1728 3221 sua
1759 3159 1972 3226 relicta
1993 3178 2198 3242 parae-

567 3248 684 3324 ςέο,
720 3248 787 3310 in
817 3245 1008 3309 aliam
1035 3248 1366 3322 incurrere,
1402 3249 1598 3311 inscio
1623 3250 1912 3330 episcopo.

647 3337 748 3399 10.
783 3335 1071 3409 Quoniam
1099 3336 1375 3399 nonnulli
1405 3337 1788 3420 clerici,etc.,
1813 3348 1880 3404 ut
1907 3341 2200 3423 pag.662.

564 3516 794 3598 Synodi
823 3533 959 3598 quae
981 3517 1186 3598 prima
1218 3517 1563 3581 etsecunda
1594 3528 1991 3601 nuncupatur
2019 3520 2204 3585 Cons-

647 3605 1012 3686 tantinopoli
1039 3608 1106 3668 in
1138 3606 1362 3687 templo
1381 3607 1749 3672 Sanctorum
1771 3613 2204 3690 Apostolorum

643 3701 1019 3776 congregata!
1046 3712 1245 3758 canon
1277 3696 1374 3758 tl.

642 3789 742 3848 11.
767 3784 1155 3866 Presbyteros
1177 3784 1270 3846 vel
1290 3784 1598 3862 diaconos,
1634 3788 1952 3851 saeculares
1979 3792 2199 3868 magis-

561 3881 750 3936 tratus
770 3873 862 3936 vel
881 3891 1056 3935 curas
1077 3873 1606 3954 suscipientes,vel
1623 3894 1724 3938 eas
1742 3895 1873 3958 quae
1896 3877 1956 3939 in
1987 3878 2199 3957 magis-

559 3971 817 4027 tratuum
840 3962 1068 4026 aedibus
1089 3962 1394 4040 dicuntur,
1421 3964 1786 4040 curationes,
1807 3966 1994 4028 divini
2017 3975 2074 4028 et
2096 3985 2196 4028 sa-

559 4053 648 4116 cri
671 4071 931 4116 canones
952 4051 1313 4133 depositioni
1364 4053 1719 4132 subjiciunt.
1758 4053 1884 4117 Hoc
1916 4074 2057 4135 ergo
2089 4075 2198 4119 nos

2291 1905 2399 1940 των
2449 1883 2754 1962 ἐπεισάγειν
2801 1884 2988 1966 ἑαυτὸν
3032 1897 3321 1958 κοσμικαῖς
3350 1883 3678 1966 διοικήσεσι,
3710 1887 3840 1954 πλὴν
3869 1888 3905 1943 εί

2291 1974 2368 2050 μή
2399 1995 2502 2033 που
2532 1974 2592 2030 ἐκ
2635 1958 2812 2050 νόμων
2854 1958 3080 2032 καλδττο
3128 1976 3204 2038 είς
3252 1973 3533 2054 ἀφηλίκων
3569 1958 3906 2056 ἀπαραίτητον

2293 2065 2608 2142 ἓπιτροπὴν,
2643 2066 2679 2132 ἢ
2713 2066 2741 2120 ὁ
2770 2069 2870 2132 τῆς
2915 2065 3124 2128 πόλεως
3179 2063 3498 2140 ἐπίσκοπος,
3545 2065 3906 2133 ἐκκλησιαστι-

2289 2156 2400 2213 κών
2457 2153 2736 2233 ἐπιτρέψοι
2795 2154 3090 2234 φροντίζειν
3155 2155 3518 2234 πραγμάτων,
3575 2155 3610 2224 ἢ
3667 2157 3904 2238 ὀρφανῶν,

2289 2245 2374 2300 καί
2434 2245 2624 2323 χηρῶν
2653 2241 3023 2320 ἀπρονοήτων,
3069 2242 3166 2299 καί
3207 2250 3312 2299 τῶν
3345 2245 3650 2322 προσώπων
3681 2245 3782 2300 τῶν
3810 2247 3906 2321 μά-

2287 2332 2444 2389 λιστα
2505 2338 2603 2412 τῆς
2670 2332 3127 2400 ἐκκλησιαστικῆς
3184 2330 3454 2408 δεομένων
3517 2333 3786 2412 βοηθείας,
3837 2333 3908 2392 διὰ

2288 2414 2381 2469 τὸν
2438 2411 2602 2490 φόϐον
2661 2425 2753 2473 τοῦ
2807 2414 2986 2491 κυρίου
3015 2427 3028 2442 ³
3105 2414 3150 2469 εί
3202 2412 3257 2470 δέ
3314 2435 3398 2478 τις
3458 2411 3804 2494 παραϐαίνειν
3851 2417 3907 2471 τὰ

2289 2503 2556 2581 ὡρισμένα
2611 2510 2704 2560 τοῦ
2747 2502 2938 2562 λοιποῦ
2991 2502 3360 2583 ἐπιχειρήσω,
3393 2506 3420 2560 ὁ
3452 2514 3694 2570 τοιοῦτος
3727 2504 3907 2573 ἐκκλη-

2291 2606 2592 2658 σιαστικοϊς
2623 2593 2922 2651 ὑποκείσθω
2951 2593 3262 2668 ἐπιτιμίοις.

2619 2685 2846 2748 Συνόδου
2880 2685 3255 2765 Καρθαγέννης
3284 2689 3463 2745 κανὼν
3496 2690 3602 2764 ις’.

2371 2776 2494 2851 ις’,
2553 2776 2724 2836 ’Ὠστε
2802 2774 3010 2854 μηδένα
3077 2776 3367 2835 ἐπίσκοπον
3449 2780 3489 2847 ἣ
3550 2778 3904 2859 πρεσϐύτερον,

2286 2887 2341 2928 κ.
2375 2889 2426 2928 τ.
2461 2867 2518 2928 λ.

2514 2961 2741 3019 Συνόδου
2773 2963 2993 3026 Νικαίας
3025 2965 3085 3019 τὸ
3116 2960 3382 3040 δεύτερον,
3418 2963 3596 3021 κανὼν
3633 2963 3696 3028 ι’.

2365 3056 2490 3115 "On
2547 3057 2610 3114 οὖ
2682 3055 2767 3114 δεῖ
2845 3055 3135 3135 κλυριγοὺς
3200 3055 3498 3114 ἀπολιπεῖν
3557 3059 3659 3126 τὴν
3728 3058 3906 3116 ἑαυτῶν

2287 3146 2590 3227 παροικίαν,
2679 3147 2766 3203 καὶ
2842 3145 2898 3202 ἰν
2960 3145 3113 3224 ἑτέρᾳ
3183 3143 3492 3225 ἀφικέσθαι,
3559 3149 3732 3230 χωρὶς
3773 3147 3903 3218 εἰδή-

2286 3259 2421 3296 σεως
2452 3245 2549 3296 τοῦ
2575 3236 2894 3299 Επισκόπου,

2368 3324 2430 3387 ι’.
2462 3325 2684 3398 Ἐπειδή
2727 3349 2868 3392 τινες
2907 3329 3016 3385 τῶν
3077 3325 3348 3404 κληρικῶν
3408 3327 3902 3410 παραλογιζόμενοι,

2285 3439 2342 3480 κ.
2369 3439 2424 3481 τ.
2457 3416 2513 3482 λ,

2287 3504 2512 3564 Συνόδου
2587 3506 2639 3563 α’
2697 3506 2794 3565 καῖ
2863 3505 2914 3583 β’
2974 3507 3424 3587 συγκροτηθείσης
3498 3508 3556 3566 ἂν
3639 3520 3905 3570 Κωνστανο

2365 3595 2670 3655 τινουπόλει
2719 3597 2776 3654 έν
2818 3597 2895 3673 τῷ
2952 3604 3063 3671 ναῷ
3121 3603 3227 3655 τῶν
3289 3587 3485 3678 Ἀγίων
3545 3598 3902 3675 Ἀποστόλων,

2365 3687 2544 3746 κανὼν
2577 3685 2677 3752 ια’,

2367 3801 2442 3839 ια.
2474 3779 2606 3842 Τοὺς
2657 3775 3038 3853 πρεσϐυτέρους
3085 3776 3120 3845 ἢ
3177 3775 3478 3859 διακόνους,
3517 3781 3778 3856 κοσμικὰς
3816 3779 3904 3857 ἀρ·

2283 3869 2389 3949 χὰς
2443 3868 2480 3937 ἢ
2509 3866 2787 3948 φροντίδας
2830 3865 3286 3947 ἀναδεχομένους,
3321 3867 3358 3935 ἥ
3389 3869 3486 3934 τὰς
3516 3869 3575 3926 έν
3603 3884 3724 3934 τοῖς
3747 3870 3902 3932 οἴκοις

2279 3959 2388 4016 τῶν
2429 3958 2710 4038 ἀρχόντων
2753 3956 3049 4035 λεγομένας
3108 3959 3519 4039 κουρατωρείας,
3589 3961 3638 4016 οἱ
3667 3963 3800 4016 θεῖοι
3828 3966 3907 4017 καὶ

2278 4049 2407 4128 ίεροὶ
2460 4048 2679 4114 κανόνες
2721 4046 3021 4122 καθαιρέσει
3061 4045 3523 4106 καθυποϐάλλουσι
3564 4067 3582 4086 ο
3636 4057 3788 4107 τοῦτο
3826 4049 3904 4104 οὗν

557 4161 793 4224 quoque
812 4141 1260 4217 conﬁrmantes,
1287 4141 1362 4204 de
1388 4142 1636 4224 reliquis
1658 4162 1900 4224 quoque
1923 4145 2028 4223 qui
2061 4153 2200 4208 sunt

2287 4141 2368 4196 καὶ
2424 4139 2589 4213 ἡμεῖς
2620 4138 3048 4217 ἐπικουροῦντες,
3079 4140 3168 4194 καί
3191 4139 3317 4216 περί
3349 4143 3457 4196 τῶν
3486 4136 3700 4198 λοιπῶν
3732 4139 3832 4197 τῶν
3858 4136 3904 4193 ἂν

556 4233 620 4294 in
647 4231 1004 4294 clericorum
1041 4231 1307 4310 catalogo
1339 4231 1724 4296 decernimus
1759 4255 1772 4292 :
1799 4236 1961 4316 quod
1989 4235 2038 4297 si
2065 4237 2199 4316 quis

2287 4228 2465 4306 κλήρῳ
2497 4227 2928 4307 κατειλεγμένων
2983 4225 3342 4306 διοριζόμεθα,
3400 4229 3476 4294 ὡς
3520 4227 3582 4286 εἴ
3629 4251 3710 4294 τις
3751 4227 3906 4286 αὒτῶν

559 4338 767 4384 eorum
812 4319 1125 4382 saecularia
1160 4321 1355 4384 ofﬁcia
1396 4331 1684 4399 assumat,
1719 4323 1809 4386 vel
1845 4343 1945 4389 eas
1977 4345 2109 4408 quae
2135 4327 2197 4390 in

2287 4320 2542 4397 κοσμικὰς
2602 4319 2776 4396 ἀρχὰς
2822 4317 3278 4397 μεταχειρίζοιτο,
3325 4316 3362 4384 ἥ
3417 4319 3514 4384 τὰς
3579 4319 3637 4377 έν
3668 4332 3785 4382 τοῖς
3814 4317 3904 4373 τῶν

558 4411 1014 4490 magistratuum
1037 4410 1266 4474 uadibus
1285 4411 1377 4474 vel
1407 4411 1469 4473 in
1503 4412 1858 4476 suburbanis
1890 4406 2193 4492 dicuntur,

2287 4409 2556 4488 ἀρχόντων
2605 4407 2780 4471 οἴκοις
2823 4406 2859 4474 ἥ
2917 4408 3256 4484 προαστείοις
3313 4407 3615 4486 λεγομένας
3647 4428 3902 4489 κουρστω·

557 4501 897 4564 curationes
927 4499 1233 4583 suscipiat,
1269 4501 1321 4563 is
1349 4521 1417 4564 ex
1452 4502 1618 4566 clero
1644 4504 2195 4586 expellatur.Nemo

2287 4500 2420 4574 ρείας
2477 4497 2816 4578 ἀναδέχοιτο,
2875 4506 3062 4586 τοῦτον
3115 4505 3208 4554 τοῦ
3239 4499 3430 4555 οἰκείου
3464 4497 3673 4578 κλήρου
3725 4496 3904 4586 ὶκδιώῖ

557 4593 716 4654 enim
741 4598 956 4674 potest,
989 4599 1054 4654 ut
1075 4601 1164 4655 est
1193 4590 1414 4655 Christi
1461 4593 1585 4655 veri
1618 4583 1735 4656 Dei.
1761 4596 1952 4657 nostri
1981 4614 2090 4658 vox
2119 4596 2192 4657 ab

2287 4593 2460 4647 κεσθαι
2490 4607 2504 4624 ⁸
2539 4587 2702 4654 οὐδεὶς
2732 4589 2832 4667 γὰρ
2869 4585 3108 4662 δύναται,
3141 4588 3280 4645 κατὰ
3309 4589 3407 4656 τὴν
3436 4591 3532 4645 τοῦ
3566 4590 3798 4669 Χριστοῦ
3823 4583 3904 4642 τοῦ

553 4679 691 4762 ipso
740 4680 968 4763 prolata
993 4681 1079 4760 93,
1128 4699 1319 4763 eaque
1377 4681 1556 4763 longe
1586 4683 1918 4761 verissima,
1955 4684 2192 4748 duobus

553 4771 814 4836 dominis
843 4777 1090 4836 servire.

640 4863 886 4928 Tascius.
921 4862 1124 4927 Const.
1162 4863 1261 4939 17,
1297 4862 1384 4924 tit.
1421 4863 1483 4941 3,
1520 4863 1625 4928 lib.
1659 4880 1702 4940 t,
1753 4865 1887 4929 cod.
1934 4873 2090 4928 vetat
2118 4885 2194 4930 ne

553 4952 763 5016 clerici
784 4971 1092 5015 accessum
1116 4952 1461 5016 habeantad
1476 4954 1746 5035 publicas
1769 4955 1855 5018 vel
1873 4954 1946 5018 ad
1961 4956 2193 5018 curiam

549 5042 929 5123 pertinentes
951 5041 1320 5106 actiones.Et
1345 5043 1422 5107 40
1454 5044 1725 5124 ejusdem
1751 5045 1841 5109 tit.
1875 5053 2067 5108 const.
2094 5051 2192 5108 in-

548 5131 787 5195 terdicit
833 5131 1258 5196 defensoribus
1306 5133 1724 5211 ecclesiarum,
1784 5153 1860 5199 ne
1892 5143 2194 5199 extremas

549 5221 690 5283 918
721 5221 1056 5283 voluntates
1102 5223 1430 5298 insinuent,
1488 5230 1669 5305 atque
1703 5226 1762 5287 in
1796 5231 2191 5289 temeratores

549 5328 787 5394 pcenam
845 5313 1271 5393 quinquaginta
1316 5312 1602 5376 librarum
1653 5313 1826 5397 [auri]
1861 5315 2088 5379 statuit.
2120 5319 2194 5381 Et

549 5399 821 5482 ejusdem
849 5401 941 5464 tit.
973 5403 1056 5465 ait
1087 5418 1101 5466 :
1139 5401 1313 5476 Quod
1347 5402 1642 5485 episcopi,
1675 5405 2032 5486 presbyteri,
2066 5406 2192 5472 dia-

619 5672 684 5725 95
708 5670 918 5738 Matth.
948 5688 1034 5754 v1,
1068 5673 1168 5740 24.

2277 4678 2535 4748 ἀληθινοῦ
2593 4686 2727 4738 Θεοῦ
2781 4677 2935 4753 ἡμῶν
2993 4675 3312 4734 αὒτόλεκτον
3372 4680 3462 4735 καὶ
3515 4677 3905 4756 ἆψευδεστάτην

2275 4770 2481 4851 φωνὴν,
2517 4767 2628 4825 δυσὶ
2662 4769 2865 4846 κυρίοις
2894 4765 3183 4830 δουλεύειν.

2355 4860 2422 4918 Ἣ
2453 4859 2518 4931 ιζ’
2563 4857 2794 4924 διάταξις
2826 4864 2918 4916 ¹ιοῦ
2947 4856 3001 4915 α’
3031 4854 3177 4935 βιϐλ.
3235 4865 3330 4916 τοῦ
3383 4855 3516 4921 κώδ.
3563 4858 3760 4916 κωλύει
3789 4857 3905 4918 τοὺς

2277 4949 2568 5030 κληρικοὺς
2623 4946 2852 5026 πάροδον
2881 4947 3033 5028 ἔχειν
3091 4949 3164 5013 εἷς
3207 4949 3302 5014 τὰς
3363 4947 3626 5023 δημοσίας
3680 4945 3904 5027 πράξεις,

2278 5044 2314 5112 ἥ
2355 5041 2453 5104 τὰς
2484 5039 2811 5119 ἁρμοζούσας
2870 5051 2994 5103 ταῖς
3037 5036 3260 5115 βουλαῖς
3289 5053 3305 5068 ⁰
3367 5041 3454 5096 καὶ
3505 5039 3540 5106 ἠ
3597 5038 3659 5114 μ’
3701 5045 3794 5095 τοῦ
3821 5037 3911 5092 αὖ·

2279 5140 2372 5190 τοῦ
2401 5129 2504 5192 τίτ.
2537 5127 2678 5190 διᾶτ.
2711 5127 3031 5206 ἀπαγορεύει
3067 5141 3186 5193 τοῖς
3221 5127 3707 5204 ἐκκλησιεκδίκοις,
3742 5127 3905 5207 ἐμφα-

2276 5223 2432 5294 νίζειν
2483 5218 2789 5283 τελευταίας
2841 5216 3149 5295 βουλήσεις,
3202 5219 3394 5287 ποινὴν
3459 5218 3520 5277 ἐκ
3578 5216 3906 5298 παραϐασίας

2275 5312 2519 5389 ὁρίζουσα
2549 5308 2592 5364 ν’
2623 5308 2840 5388 λιτρῶν⁶
2874 5307 2963 5363 καὶ
2991 5308 3028 5377 ἠ
3060 5306 3141 5364 va’
3169 5315 3266 5366 τοῦ
3293 5310 3453 5368 αὖτοῦ
3473 5303 3907 5386 τίτ.φησὶν,δτιοὶ

2274 5405 2557 5465 ἐπίσκοποι
2590 5399 2677 5458 καὶ
2707 5397 3050 5479 πρεσϐύτεροι
3081 5396 3176 5455 καί
3225 5395 3461 5456 διάκονοι
3500 5397 3588 5454 καὶ
3618 5393 3904 5454 δποδιάκο·
