4148 6198
263 317 380 383 685

991 324 1452 420 βΥΝΤΑῦΜΑ
1495 318 1896 393 (ιΑΝοΝιιΜ.

2019 361 2021 372 ι
2076 324 2233 388 TIT.
2280 322 2447 402 vm,
2495 320 2657 386 CAP.
2706 317 2873 387 XIV.

3509 315 3628 390 686
3705 294 3710 300 ’

265 473 345 508 νοι
361 452 449 541 καὶ
471 454 839 534 μοναχοὶ,κὸὶν
857 455 936 531 μη
961 456 1132 538 ἔχωσι
1165 459 1523 539 χειροτονίαν,
1558 459 1904 541 ἆλειτουργη-

2019 455 2510 531 oni,st‘1bdiaconi
2533 463 2592 518 et
2614 453 3074 532 monachi,licet
3095 471 3217 517 non
3241 461 3380 519 sunt
3399 455 3632 533 clerici,

263 543 381 597 σίαν
402 540 592 622 ἔχουσι
619 543 802 611 παίσης
823 547 1120 624 ὶπιτροπῆς
1136 551 1224 604 καὶ
1247 551 1657 628 κουρατωρείας,
1691 540 1908 631 σχολά-

262 638 446 701 ζοντες
475 631 660 707 μέντοι
705 648 829 698 ταῖς
876 634 1184 705 ἐκκλησίαις
1237 637 1336 695 καί
1378 651 1496 701 τοῖς
1529 641 1907 719 μοναστηρίοις

262 721 467 809 αὐτῶν,
502 721 598 778 καὶ
632 724 708 796 μὴ
739 723 1063 801 ἀμελοῦντες
1097 733 1196 795 τῆς
1223 730 1365 792 θείας
1399 726 1757 809 λειτουργίας.

349 802 412 866 Ἠ
471 809 524 866 δέ
584 810 638 887 β’
697 811 836 875 διάτ.
900 821 992 871 τοῦ
1035 815 1087 870 α’
1146 817 1249 876 τίτ.
1298 823 1403 874 τῶν
1451 802 1665 898 Νεαριῖιν
1722 839 1909 898 φησιν,

259 896 348 955 ὅτι
408 898 702 965 ἐπίσκοπος
759 902 794 970 ἢ
852 905 1123 984 μοναχὸς.
1172 904 1232 960 οὒ
1285 907 1484 982 γίνεται
1541 896 1815 984 κηδεμών*
1865 896 1910 963 oi

259 985 317 1042 δὶ
353 987 448 1045 ἄλ)
462 1012 509 1046 οι
539 989 788 1069 κληρικοὶ
817 999 924 1049 τῶν
953 992 1097 1050 ἱδίων
1129 995 1402 1074 συγγενῶν
1438 995 1909 1073 κηδεμονεύουσιν,

258 1074 358 1132 ἐὰν
421 1078 556 1134 εἴσω
594 1077 641 1134 δ’
685 1089 872 1156 μηνῶν
919 1084 1062 1160 παρὰ
1105 1087 1180 1158 τῷ
1231 1083 1466 1162 ἁρμοδίῳ
1493 1083 1720 1162 δικαστῇ
1749 1087 1914 1158 οἰκείᾳ

259 1167 578 1245 προαιρέσει
623 1168 1018 1235 καταδέξωνται
1053 1187 1066 1202 ·
1137 1175 1224 1230 καὶ
1278 1173 1337 1230 οὐ
1410 1177 1911 1251 προκριματίζονται

257 1257 386 1334 περὶ
419 1256 590 1324 ἄλλην
630 1258 952 1334 κηδεμονίαν
987 1281 999 1294 ·
1051 1259 1169 1319 οὔτε
1200 1260 1254 1318 δὲ
1285 1261 1558 1338 δημοσίων
1600 1263 1910 1344 ἐκλήπτωρ,

257 1344 303 1413 ἢ
348 1344 543 1427 τελῶν,
578 1347 614 1416 ἢ
646 1350 890 1419 κτήσεων
921 1349 1250 1431 ἀλλοτρίων,
1303 1353 1338 1420 ἢ
1396 1354 1694 1434 κουράτωρ,
1732 1352 1909 1430 οἴκου,

256 1434 303 1503 ἢ
334 1434 580 1502 ἐντολεὺς
639 1436 817 1512 δίκης,
862 1441 898 1506 ἣ
958 1440 1229 1520 ἐγγυητής
1261 1460 1274 1475 '
1343 1443 1471 1521 ὅπερ
1519 1449 1625 1500 τῶν
1655 1444 1912 1501 τοιούτων

257 1526 454 1582 αἰτιῶν
513 1529 830 1602 ὶπίσκοπος,
886 1530 922 1597 ἢ
975 1532 1280 1608 οἰκονόμος,
1337 1533 1373 1598 ἢ
1432 1531 1592 1596 ἄλλος
1653 1532 1908 1612 κληρικὸς

259 1614 473 1692 πίνεται
528 1617 754 1692 ὀνόματι
799 1617 932 1699 ἰδίῳ,
986 1619 1022 1688 ἢ
1074 1620 1172 1688 τῆς
1205 1619 1552 1696 Ἐκκλησίας,
1588 1623 1621 1690 ἢ
1653 1632 1744 1681 τοῦ
1803 1645 1912 1698 μοι⁹

259 1705 556 1784 ναστηρίου
615 1708 776 1764 αὐτοῦ
809 1723 823 1738 ⁸
876 1710 970 1774 τὰς
1006 1707 1062 1764 δὲ
1111 1710 1508 1788 παρακειμένας
1541 1713 1762 1782 κτήσεις
1793 1725 1910 1775 τοῖς

1992 548 2236 611 omnino
2252 546 2700 608 immunitatem
2726 543 2927 606 tutelae
2946 551 3127 625 atque
3148 563 3308 608 curae
3326 544 3627 610 habeant:

1991 641 2040 702 si
2073 647 2274 700 tamen
2293 636 2572 699 ecclesiis
2595 642 2652 698 et
2676 633 3068 697 monasteriis
3098 636 3226 697 suis
3257 653 3502 717 operam
3533 656 3635 702 na-

1991 736 2152 801 vent,
2187 744 2382 806 neque
2414 725 2687 788 divinum
2721 723 3128 788 ministerium
3161 725 3486 804 negligant.

2075 815 2124 880 Τ
2121 824 2322 879 extus.
2352 815 2560 878 Const.
2616 817 2675 889 2,
2708 814 2800 874 tit.
2835 832 2853 876 ι
2899 811 3280 876 Novellarum
3314 815 3422 892 ait,
3474 816 3638 898 quod

1994 905 2317 987 episcopus
2344 910 2445 967 aut
2488 902 2820 966 monachus
2858 910 3021 965 tutor
3050 922 3173 966 non
3204 904 3314 968 ﬁat
3350 926 3364 969 :
3396 905 3499 968 alii
3523 925 3637 970 au-

1997 1005 2114 1058 tem
2147 993 2357 1058 clerici
2415 1000 2806 1074 cognatorum
2840 1011 3090 1056 suorum
3137 1001 3370 1058 tutores
3417 996 3561 1074 sint,
3588 999 3642 1059 si

1994 1086 2154 1148 intra
2175 1093 2428 1165 quatuor
2451 1102 2690 1146 menses
2720 1082 2878 1161 apud
2901 1090 3347 1164 competentem
3366 1085 3640 1165 judicem

1998 1172 2291 1256 [tutelam]
2308 1172 2549 1254 propria
2567 1173 2867 1235 voluntate
2889 1173 3290 1252 susceperint:
3317 1193 3438 1256 quo
3460 1175 3638 1251 facto,

1995 1264 2228 1325 nullum
2280 1263 2697 1343 prsejudicium
2747 1262 2910 1324 circa
2947 1263 3129 1325 aliam
3169 1263 3414 1326 tutelam
3452 1264 3640 1326 usti-

1995 1361 2198 1417 neant.
2212 1351 2403 1430 [Quod
2428 1352 2598 1432 item]
2616 1370 2810 1432 neque
2833 1351 3206 1432 publicarum
3223 1353 3644 1433 [contributio-

1995 1445 2164 1519 num]
2196 1449 2807 1522 susceptores,neque
2829 1442 3205 1521 vectigalium
3227 1442 3644 1507 alienarumve

1993 1531 2450 1613 possessionum
2483 1530 2930 1610 [conductores]
2957 1534 3160 1608 neque
3183 1531 3424 1595 familim
3465 1551 3646 1596 cura-

1993 1631 2388 1701 tores,neque
2406 1630 2836 1701 procuratores
2855 1620 3210 1702 litis,neque
3231 1641 3417 1703 super
3436 1623 3643 1686 istius-

1996 1710 2370 1773 modicausis
2396 1709 3045 1792 ﬁdejussoressuo,aut
3060 1711 3336 1774 ecclesia
3351 1721 3649 1776 monaste-

261 1794 442 1850 αὐτῶν
489 1795 734 1874 εόαγέσιν
781 1795 980 1872 οἴκοις,
1014 1797 1260 1856 δύνανται
1311 1805 1619 1875 μισθούσθαι
1663 1803 1748 1858 καὶ
1807 1802 1909 1877 ἒμ-

2019 1801 2146 1861 ’ἰὶνε
2169 1800 2262 1862 sui
2291 1799 2657 1880 nomine,vel
2684 1800 2955 1883 episcopi
2978 1800 3069 1863 vel
3088 1803 3414 1874 mconomi,
3439 1802 3650 1864 velalii

263 1885 602 1962 φυτεύεσθαι,
659 1889 872 1944 πάντων
923 1887 1030 1944 τῶν
1087 1892 1347 1969 μοναχῶν
1392 1891 1478 1946 καὶ
1525 1890 1799 1969 κληρικῶν
1857 1891 1913 1947 ὲν

266 1972 604 2051 συμϐολαίῳ,
644 1977 680 2044 ἢ
708 1976 795 2034 ἐπὶ
839 1976 1102 2058 πράξεως,
1165 1980 1546 2036 συναινούντων
1606 1982 1692 2037 καὶ
1747 2001 1914 2059 φανε-

268 2066 504 2139 ρούντων
562 2066 851 2145 συμφέρειν
895 2069 954 2123 τὸ
1011 2070 1296 2144 γινόμενον
1329 2089 1340 2102 ·
1414 2071 1500 2125 καὶ
1545 2071 1693 2126 αὒτοὶ
1753 2068 1808 2126 δὲ
1865 2071 1915 2125 οἱ

269 2155 457 2210 σεπτοῖ
503 2155 648 2212 οἶκοι
680 2169 799 2222 τοῖς
849 2156 1134 2236 κληρικοῖς
1178 2163 1349 2218 αὐτῶν
1382 2164 1625 2236 μισθοῦσι
1666 2160 1754 2216 καὶ
1809 2159 1912 2234 ἐμ-

259 2244 566 2322 φυτεύουσι,
631 2248 798 2325 χωρὶς
870 2247 976 2303 τῶν
1019 2244 1088 2302 δι’
1134 2248 1316 2326 ἐτέρου
1363 2250 1527 2324 νόμου
1571 2248 1913 2306 κωλυθέντων

263 2334 574 2411 προσώπων
606 2355 622 2370 ⁶
675 2338 700 2392 ὃ
749 2334 804 2391 δὲ
838 2338 980 2414 παρὰ
1027 2340 1191 2394 ταὸτα
1243 2343 1437 2418 ποιῶν,
1471 2339 1644 2412 εἰμὲν
1688 2338 1913 2395 ἐπίσκο-

271 2423 378 2487 πός
434 2423 572 2500 ἐστι,
633 2426 700 2481 τὰ
754 2426 1045 2504 πράγματα
1111 2427 1268 2486 αὖτοῦ
1321 2429 1494 2484 πάντα
1544 2434 1611 2503 τῇ
1656 2427 1915 2499 ἐκκλησίᾳ

277 2515 437 2570 who-3
492 2523 911 2594 προσκυροῦνται
947 2533 960 2547 '
1026 2519 1068 2573 εί
1119 2516 1173 2573 δὲ
1204 2517 1484 2593 οἰκονόμος
1517 2517 1552 2585 ἢ
1581 2516 1742 2583 ἄλλος
1775 2517 1917 2583 κλη-

276 2603 448 2682 ριδιὸς,
509 2605 702 2673 ποινὴν
761 2603 938 2662 δίῗωσι
983 2607 1336 2686 χρηματικὴν
1395 2608 1493 2674 τὴν
1564 2605 1920 2682 νομιζομένην

276 2698 353 2765 τῷ
411 2691 692 2768 ἐπισκόπῷ
751 2698 932 2774 αὗτοῦ,
1004 2697 1050 2751 οἶ
1123 2693 1178 2751 δὲ
1238 2695 1686 2771 ἐμπιστεύσαντες
1735 2695 1920 2755 αὐτοῖς

276 2783 372 2846 τὰς
430 2781 750 2858 διοικήσεις,
803 2785 838 2853 ἢ
897 2782 1151 2850 λαϐόντες
1220 2788 1408 2850 αὖτοὺς
1472 2786 1762 2864 ἒγγυητᾶς,
1826 2787 1920 2842 οὐκ

279 2869 500 2950 ἔχουσιν
565 2872 784 2951 ἀγωγην
814 2874 933 2930 κατ’
967 2874 1165 2956 αὐτῶν,
1198 2874 1231 2944 ἢ
1262 2877 1616 2954 πραγμάτων,
1649 2875 1684 2943 ἢ
1716 2875 1920 2952 ἒγῖυη’

278 2967 409 3035 τῶν,
473 2961 509 3028 ἢ
564 2961 887 3039 ἐκκλησιῶν,
941 2965 976 3030 ἦ
1007 2967 1380 3040 μοναστηρίων
1414 2967 1582 3022 αὐτῶν
1619 2981 1632 2994 ·
1667 2963 1806 3020 ἀλλὰ
1834 2965 1922 3020 καὶ

278 3050 377 3118 τὴν
435 3048 825 3126 συμϐαίνουσαν
885 3057 991 3110 τῶν
1075 3054 1349 3130 δημοσίων
1427 3054 1633 3132 βλάϐην
1711 3052 1921 3110 οἴκοθεν

281 3139 790 3218 ἇποθεραπεύουσιν.

1997 1888 2209 1951 clerici
2235 1889 2399 1952 (iant.
2432 1887 2674 1951 Possint
2693 1897 2896 1952 autem
2925 1889 3272 1969 adjacentes
3293 1890 3444 1971 ipsis
3464 1910 3648 1954 vene-

1996 1977 2293 2041 rabilibus
2313 1978 2592 2040 domibus
2625 1979 3073 2059 possessionem
3096 1979 3160 2040 in
3179 1979 3648 2043 conductionem

2000 2079 2061 2131 et
2085 2068 2508 2148 emphyteusin
2534 2070 2836 2146 accipere:
2856 2070 2942 2146 [ut
2962 2071 3184 2146 tamen]
3207 2087 3420 2131 omnes
3437 2069 3649 2132 clerici

1999 2169 2061 2221 et
2082 2157 2363 2220 monachi
2387 2160 2446 2219 in
2465 2158 2867 2220 instrumento
2889 2165 2990 2220 aut
3009 2157 3163 2220 actis
3177 2158 3650 2235 consentiant,et

1998 2248 2313 2310 declarent
2344 2267 2474 2309 eam
2514 2255 2638 2310 tum
2676 2248 2805 2309 fore
2831 2246 3304 2310 conducibilem.
3339 2246 3511 2328 Ipsas
3539 2267 3648 2311 au-

1998 2345 2119 2400 tem
2170 2337 2555 2401 venerabiles
2613 2337 2828 2399 domus
2863 2337 3105 2400 clericis
3138 2336 3264 2399 suis
3297 2338 3557 2413 elocare,
3593 2346 3653 2399 et

1999 2427 2060 2489 in
2095 2426 2516 2508 emphyteusin
2547 2427 2715 2500 dare,
2750 2429 3018 2508 exceptis
3045 2425 3320 2508 personis
3343 2445 3453 2508 per
3470 2427 3648 2490 aliam

2003 2517 2197 2596 legem
2253 2517 2600 2596 prohibitis,
2632 2535 2700 2578 ac
2734 2517 2980 2578 easdem
3010 2535 3044 2577 a
3078 2516 3322 2579 clericis
3347 2517 3651 2599 accipere.

2007 2604 2204 2685 [Quod
2235 2603 2444 2686 etiam]
2472 2605 2573 2686 qui
2635 2613 2845 2667 contra
2903 2605 3028 2667 haec
3059 2605 3292 2680 fecerit,
3326 2605 3380 2667 si
3407 2605 3652 2687 quidem

2005 2695 2328 2775 episcopus
2358 2695 2451 2770 sit,
2493 2713 2706 2756 omnes
2738 2695 2928 2775 ipsius
2970 2694 3286 2757 facultates
3331 2694 3522 2776 ipsius
3552 2713 3656 2758 ec-

2005 2782 2205 2845 clesiae
2235 2783 2594 2846 addicantur
2626 2805 2639 2847 :
2675 2784 2727 2846 si
2776 2803 2914 2848 vero
2967 2801 3339 2862 mconomus,
3374 2793 3477 2848 aut
3501 2784 3655 2846 alius

2003 2872 2287 2954 clericus,
2326 2891 2560 2952 pinnam
2599 2875 3016 2954 pecuniariam
3049 2872 3466 2954 subeat,quam
3501 2874 3656 2954 epis-

2004 2979 2191 3042 copus
2227 2963 2413 3042 ipsius
2445 2962 2807 3042 probaverit.
2849 2961 3041 3041 [Quod
3081 2964 3412 3044 postremo]
3443 2963 3546 3044 qui
3571 2963 3657 3043 ip-

2006 3051 2088 3112 sis
2119 3051 2676 3114 administrationes
2707 3052 3103 3127 crediderint,
3137 3061 3237 3114 aut
3269 3052 3659 3132 ﬁdejussores

1939 3140 2170 3222 cipsos
2220 3142 2596 3221 acceperint,
2650 3141 2936 3204 adversus
2992 3141 3178 3222 ipsos,
3233 3148 3336 3204 aut
3382 3159 3506 3219 res,
3555 3149 3660 3204 aut

279 3229 701 3310 ﬁdejussores,
734 3240 837 3294 aut
889 3233 1202 3310 ecclesias,
1237 3241 1337 3295 aut
1385 3234 1750 3296 monasteria
1801 3231 2103 3296 actionem
2161 3248 2280 3291 non
2333 3230 2643 3292 habeant:
2703 3231 2808 3293 sed
2843 3232 3022 3293 etiam
3071 3230 3122 3294 si
3154 3230 3314 3312 quod
3372 3231 3656 3294 damnum

281 3318 598 3402 publicum
635 3321 974 3400 obvenerit,
1010 3323 1122 3405 [id]
1150 3323 1224 3386 de
1254 3342 1360 3386 suo
1395 3330 1748 3388 resarciant.

371 3427 622 3481 ΚΕΦΑΛ.
677 3423 787 3485 ΙΔ’.
849 3459 922 3470 —
983 3428 1108 3505 Περὶ
1164 3423 1474 3483 ἐπισκόπων
1519 3424 1606 3482 καὶ
1656 3423 1927 3504 κληρικῶν

288 3511 557 3570 συνόντων
587 3512 819 3591 γυναιξὶν
845 3513 1202 3581 ἐπεισάκτοις.

721 3603 950 3662 Συνόδου
980 3607 1200 3670 Νικαίας
1233 3607 1408 3663 κανὼν
1435 3606 1511 3685 γ’.

373 3691 452 3770 γ’.
486 3689 858 3773 Ἀπηγόρευσε
890 3696 1178 3768 καθόλουῇ
1230 3695 1444 3774 μεγάλη
1505 3693 1744 3774 σύνοδος,
1791 3695 1932 3770 μήτε

289 3782 599 3864 ἰπισκόπῳ,
645 3785 784 3860 μήτε
855 3782 1217 3865 πρεσϐυτέρῳ,
1275 3787 1415 3861 μήτε
1483 3784 1735 3859 διακόνῳ,
1798 3784 1935 3858 μήτε

289 3872 433 3938 ὅλως
476 3874 578 3929 τινὶ
635 3878 739 3929 τῶν
797 3873 850 3931 ἰν
907 3883 984 3949 τῷ
1055 3874 1264 3952 κλήρῳ,
1327 3873 1524 3940 ἐξεῖναι
1597 3874 1938 3932 συνείσακτον

290 3962 448 4042 ἔχειν
483 3981 496 3995 ·
545 3960 687 4029 πλὴν
741 3964 786 4019 εἰ
835 3964 913 4039 μὴ
969 3963 1070 4042 ἄρα
1099 3964 1306 4042 μητέρα
1339 3964 1369 4032 ἢ
1401 3962 1632 4044 ἀδελφὴν
1677 3962 1712 4031 ἢ
1770 3963 1938 4043 θείαν,

289 4053 329 4123 ἢ
361 4051 394 4108 ἃ
425 4052 563 4129 μόνα
590 4051 854 4133 πρόσωπα
887 4059 1058 4110 πᾶσαν
1088 4054 1323 4131 ὑποψίαν
1352 4051 1725 4135 διαπέφευγεν.

544 4229 772 4289 Συνόδου
801 4232 1175 4307 οἷκουμενικῆς
1207 4232 1369 4301 ἕκτης
1409 4233 1586 4290 κανὼν
1630 4232 1702 4296 ε’,

384 4323 455 4385 ε’,
493 4322 696 4391 Μηδείς
725 4329 834 4380 τῶν
864 4323 919 4379 ἐν
947 4325 1198 4404 ἱερατικῷ
1219 4321 1667 4403 καταλεγόμενων
1684 4322 1941 4402 τάγματι,

297 4418 413 4472 τῶν
469 4411 526 4468 ἒν
570 4415 648 4486 τῷ
715 4415 898 4471 κανόνι
955 4413 1338 4495 ὶμςρερομένων
1396 4412 1714 4470 ἀνυπόπτων
1772 4433 1942 4490 προσ-

297 4505 469 4562 ώπων
499 4502 651 4567 ἐκτὸς
696 4499 919 4582 διάγων,
942 4505 1131 4583 γύναια
1162 4504 1444 4574 κεκτήσθω
1473 4502 1508 4570 ἢ
1541 4501 1939 4578 Θεραπαινίδας,

299 4595 368 4651 τὸ
411 4592 775 4661 ἀνεπίληπτον
834 4594 1004 4669 ἐαυτῷ
1064 4593 1297 4651 ἐντεῦθεν
1340 4598 1518 4672 τηρῶν
1552 4609 1569 4628 ⁸
1603 4593 1648 4648 εἰ
1677 4591 1732 4648 δὲ
1765 4614 1944 4671 παρα-

2092 3410 2232 3472 219
2264 3408 2430 3472 CAP.
2467 3408 2617 3473 XIV.
2652 3441 2726 3454 -
2760 3409 2846 3472 De
2875 3411 3178 3491 episcopis
3206 3417 3264 3473 et
3289 3409 3531 3474 clericis
3552 3414 3660 3492 qui

2011 3517 2147 3564 cum
2175 3500 2557 3563 subinduct'is
2588 3498 2950 3562 mulieribus
2978 3499 3284 3563 habitant.

2416 3592 2681 3655 Concilz'c'
2710 3591 2956 3654 Νίσαιηὶ
2977 3609 3179 3655 canon
3202 3591 3259 3657 3.

2100 3685 2159 3748 3.
2191 3685 2398 3748 Vetuit
2426 3686 2674 3748 omnino
2709 3702 2922 3764 magna
2951 3685 3324 3766 synodus,ne
3347 3685 3522 3748 liceat
3539 3682 3665 3767 epi-

2017 3794 2230 3857 scopo,
2265 3792 2380 3838 nec
2415 3774 2794 3856 presbytero,
2829 3792 2942 3836 nec
2969 3774 3249 3856 diacono,
3284 3793 3397 3838 nec
3425 3775 3535 3836 ulli
3561 3794 3665 3857 pe-

2017 3867 2182 3930 nitus
2229 3882 2437 3927 eorum
2471 3865 2573 3944 qui
2605 3873 2746 3927 sunt
2798 3865 2857 3926 in
2888 3863 3078 3946 clero,
3113 3864 3524 3928 introductam
3553 3866 3665 3927 ha-

2021 3957 2170 4020 bere
2223 3955 2540 4018 mulierem
2570 3955 2655 4032 9‘,
2691 3963 3092 4036 praeterquam
3145 3955 3356 4038 utique
3414 3963 3666 4020 matrem

2027 4048 2122 4110 vel
2145 4064 2440 4123 sororem,
2477 4045 2567 4108 vel
2599 4046 2866 4120 amitam,
2919 4045 3012 4107 vel
3052 4062 3156 4108 eas
3187 4064 3498 4127 personas,
3535 4063 3669 4128 quae

2027 4153 2266 4201 omnem
2298 4135 2700 4215 suspicionem
2733 4135 3053 4215 effugiunt.

2310 4227 2576 4291 Concilli
2605 4229 2962 4292 cecumenici
2991 4245 3051 4291 v1
3080 4247 3274 4294 canon
3303 4230 3364 4295 5.

2105 4329 2169 4389 5.
2201 4323 2412 4386 Nullus
2431 4323 2779 4404 eorum,qui
2803 4324 2862 4384 in
2895 4323 3252 4387 sacerdotali
3275 4325 3548 4407 catalogo
3568 4326 3669 4389 de-

2028 4423 2172 4496 gunt
2199 4415 2285 4489 95,
2317 4421 2485 4476 extra
2513 4430 2639 4489 eas,
2674 4431 2807 4494 quat
2838 4413 2900 4475 in
2935 4433 3166 4478 canone
3187 4423 3605 4492 recensentur,
3638 4434 3674 4477 a

2029 4503 2380 4586 suspicione
2408 4502 2636 4564 alienas
2669 4521 2985 4584 personas,
3019 4505 3337 4569 mulierem
3369 4506 3677 4587 possideat

2027 4595 2121 4656 vel
2143 4593 2519 4668 ancillam,se
2539 4593 2691 4655 nulli
2715 4595 3180 4673 reprehensioni
3199 4596 3440 4658 afﬁnem
3465 4614 3534 4657 ex
3558 4595 3673 4657 hoc

305 4681 481 4742 ϐαίνοι
534 4705 614 4748 τις
668 4683 735 4740 τὰ
797 4681 922 4763 παρ’
979 4683 1135 4761 ἡμῶν
1189 4682 1486 4763 ὁρισθέντα,
1545 4682 1894 4762 καθαιρείσθω

2031 4683 2369 4748 servans.Si
2403 4681 2537 4763 quis
2565 4693 2767 4746 autem
2801 4702 2936 4763 quae
2982 4701 3016 4745 a
3061 4684 3236 4746 nobis
3264 4684 3511 4746 deﬁnita
3537 4689 3677 4745 sunt

303 4776 370 4832 τὸ
426 4773 554 4831 αὒτὸ
604 4770 658 4829 δὲ
701 4779 856 4831 τοῦτο
899 4774 987 4830 καὶ
1029 4775 1077 4830 οἱ
1117 4773 1364 4854 εὐνοῦχοι
1420 4770 1925 4854 παραφυλαττέσθω·

2033 4772 3125 4855 transilierit,deponatur.Hocipsum
3152 4782 3347 4835 autem
3374 4773 3551 4835 etiam
3576 4791 3677 4835 eu-

307 4883 435 4939 σαν,
467 4865 530 4920 τὸ
593 4861 878 4940 ἄμεμπτον
935 4864 1151 4929 ἑαυτοῖς
1213 4864 1641 4942 προνοούμενοι·
1681 4859 1925 4942 παραϐαί-

2033 4865 2219 4928 nuchi
2241 4871 2482 4926 servant
2507 4880 2520 4926 :
2550 4875 2616 4925 ut
2637 4882 2671 4926 a
2691 4864 3136 4944 vituperatione
3157 4862 3340 4926 alieni
3364 4863 3504 4942 sint,
3537 4879 3679 4943 pro-

308 4974 492 5018 νοντες
555 4950 633 5030 δὲ,
668 4953 840 5030 εἰμὲν
901 4952 1149 5031 κληρικοί
1196 4954 1338 5034 εἶεν,
1383 4955 1856 5033 καθαιρείσθωσαν⁶
1908 4974 1925 5009 ε

2032 4954 2332 5018 videntes.
2368 4953 2476 5026 Qui
2505 4959 2705 5016 autem
2739 4953 3284 5032 transgrediuntur,
3310 4953 3360 5015 si
3398 4952 3521 5015 sint
3539 4951 3675 5034 qui-

311 5041 370 5101 δὲ
405 5044 614 5120 λα’ίκοὶ,
646 5042 1096 5124 ἀφοριζέσθωσαν.

543 5222 770 5282 Συνόδου
800 5225 1020 5289 Νικαίας
1044 5226 1105 5282 τὸ
1132 5221 1396 5306 δεύτερον,
1430 5223 1603 5283 κανὼν
1634 5222 1735 5292 ιη’.

395 5315 523 5374 "Ott
561 5317 622 5374 οὖ
652 5311 737 5372 δεῖ
758 5328 987 5394 γυναῖκα
1017 5313 1369 5374 ἐνδιαιτᾶσθαι
1402 5317 1456 5373 ἓν
1487 5314 1874 5390 ὲπισκοπείοις,
1921 5313 1958 5382 ἢ

311 5404 370 5464 ιν
404 5400 664 5481 ἀνδρείοις
695 5407 1099 5486 μοναστηρίοις.

403 5517 490 5563 ιη.
522 5494 885 5574 Ἀπρόσκοποι
915 5497 1141 5577 γίνεσθε,
1175 5497 1334 5578 φησὶν
1365 5497 1393 5554 ὁ
1425 5499 1570 5564 θεῖος
1603 5493 1956 5576 Ἀπόστολος,

2040 5045 2175 5110 dem
2207 5043 2438 5121 clerici,
2475 5043 2902 5124 deponantur:
2960 5044 3008 5105 si
3071 5061 3207 5106 vero
3266 5042 3430 5121 laici,
3465 5059 3676 5124 segre-

2040 5142 2280 5216 gentur.
2857 5134 2864 5138 ’

2385 5227 2655 5292 Consilii
2682 5229 2923 5294 Nicaem'
2954 5246 2995 5292 ιι
3023 5246 3216 5292 canon
3245 5229 3347 5293 l8.

2124 5323 2291 5399 Quod
2336 5323 2629 5387 mulieres
2679 5343 2806 5388 non
2861 5326 3114 5389 debeant
3141 5325 3209 5388 in
3238 5325 3558 5408 episcopiis
3585 5323 3684 5389 vel

2042 5417 2318 5479 virorum
2351 5416 2745 5480 monasteriis
2779 5417 3033 5480 versari.

2126 5503 2227 5568 18.
2261 5501 2404 5569 Sine
2421 5504 2757 5572 otiensione
2781 5523 2916 5571 esse
2939 5505 3118 5572 etiam
3143 5503 3217 5568 iis
3239 5505 3342 5588 qui
3363 5513 3530 5572 extra
3550 5513 3691 5571 sunt

401 5674 468 5728 9i
494 5672 750 5739 Siricius
778 5690 883 5738 xxx
916 5693 933 5754 ;
965 5681 1025 5739 et
1053 5675 1359 5760 Carthag.,
1390 5693 1478 5757 ιιι,
1516 5679 1613 5746 17.
1695 5679 1759 5735 95
1787 5678 2017 5749 Nicaea.
2052 5687 2116 5752 3.
