4148 6198
644 359 763 433 687
1385 388 1396 400 α
1825 355 2089 430 ΡΗΟΤῘΙ
2131 361 2252 430 PA'l

2338 359 2410 428 IFA
2420 358 2644 430 RCHE
2686 358 2800 429 GP.
3859 372 3965 438 688

645 500 843 583 inquit
865 497 1432 580 divinusApostolus
1448 496 1831 564 “Mulieres
1851 510 2051 563 autem
2074 501 2134 562 in
2157 499 2252 582 epi

2336 502 2450 558 ,καὶ
2479 512 2598 564 τοῖς
2642 498 2832 565 ἔξωθεν
2856 513 2870 530 ⁸
2907 499 2967 556 τὸ
2995 497 3048 554 δὲ
3080 511 3342 577 γυναῖκας
3391 498 3734 560 ἐνδιαιτᾶσθαι
3776 505 3826 561 ἐν
3853 507 3963 563 ἔπι-

643 591 869 672 scopiis
890 588 982 651 vel
1007 588 1391 651 monasteriis
1412 589 1765 664 versari,est
1787 591 1984 652 omnis
2002 591 2252 653 offensio

2364 591 2654 664 σκοπείοις,
2705 589 2740 654 ἦ
2781 591 2870 646 καὶ
2915 591 3316 666 μοναστηρίοις,
3384 593 3580 654 παντὸς
3635 595 3964 670 προσκόμμα-

646 685 739 743 nis
769 696 973 742 causa.
1010 678 1075 740 Si
1101 679 1237 760 quis
1282 696 1422 758 ergo
1455 679 1734 740 ancillam
1773 680 1857 740 vel
1912 680 2166 742 liberam
2217 680 2252 741 ii

2361 701 2450 742 τος
2508 678 2686 734 αἴτιον
2721 694 2735 709 ⁸
2787 678 2842 733 εἴ
2899 700 2980 741 τις
3025 680 3113 735 οὖν
3159 676 3357 746 δούλην
3403 680 3438 747 ἢ
3484 679 3747 757 ἐλευθέραν
3798 687 3851 739 ἓν
3898 694 3967 760 τῷ

643 769 949 850 episeopio
1004 768 1316 850 possidere
1373 770 1792 850 deprehensus
1840 770 2039 841 fuerit,
2073 771 2162 832 vel
2215 769 2252 830 il

2361 768 2696 841 ὶπισιοπείῳ
2736 767 3010 840 κτώμενος
3072 771 3368 847 φωραθείη,
3431 770 3466 835 ἣ
3514 769 3569 826 ἐν
3627 775 3964 849 μοναστηρίῳ,

641 859 1008 920 monasterio
1039 861 1114 920 ad
1165 858 1568 920 ministerium
1620 859 1862 940 aliquod
1902 859 2272 933 obeundum,

640 949 926 1028 puniatur
960 965 974 1008 :
1011 947 1103 1009 sin
1151 955 1349 1010 autem
1404 958 1770 1028 perseveret,
1801 949 2158 1029 deponatur.
2211 945 2277 1010 Si

638 1056 786 1101 vero
817 1038 1002 1102 etiam
1036 1037 1096 1098 in
1128 1035 1493 1099 suburbanis
1531 1037 1819 1100 mulieres
1851 1056 1984 1100 esse
2015 1038 2276 1117 contige-

636 1128 738 1204 rit,
773 1136 832 1188 et
860 1126 1118 1190 voluerit
1149 1126 1468 1208 episcopus
1510 1128 1600 1188 vel
1638 1127 1984 1189 monasterii
2019 1128 2273 1208 praefec-

637 1226 732 1281 tus
757 1217 900 1280 illuc
929 1217 1047 1278 iter
1098 1215 1322 1292 facere,
1357 1225 1652 1298 praesente
1703 1217 1988 1298 episcopo
2016 1217 2106 1278 vel
2140 1236 2272 1278 mo-

636 1307 882 1370 nasterii
915 1305 1196 1388 praefecto
1253 1307 1394 1366 220
1451 1307 1669 1368 mulier
1711 1325 1781 1368 eo
1809 1315 2080 1387 tempore
2107 1306 2270 1368 nullo

609 1405 612 1410 '
635 1399 812 1459 modo
837 1395 1239 1458 ministerium
1263 1394 1464 1470 obeat,
1489 1395 1595 1457 sed
1625 1395 1742 1457 alio
1760 1396 1819 1456 in
1843 1396 1974 1457 loco
1997 1413 2263 1457 seorsum

629 1485 1126 1567 versetur,donec
1148 1485 1477 1548 recesserit
1495 1484 1946 1566 episcopus,aut
1969 1486 2264 1562 hegume-

630 1596 764 1652 nus,
801 1585 867 1638 ut
889 1575 1086 1639 omnis
1113 1575 1610 1656 reprehensionis
1640 1575 1872 1636 occasio
1903 1575 2142 1635 vitetur.

627 1671 859 1734 Basilii
907 1689 987 1734 ex
1033 1669 1285 1752 epistola
1327 1669 1411 1752 agt
1442 1669 1810 1752 Gregorium
1844 1669 1966 1748 [ed.
2002 1667 2268 1750 Parego-

876 1749 1075 1831 rium}
1098 1758 1168 1811 ut
1197 1768 1233 1811 a
1261 1749 1628 1812 muliercula
1655 1757 1998 1831 separetur.

2358 860 2489 936 πρὸς
2547 857 2861 935 ἐγχείρησιν
2909 854 3175 922 διακονίας
3231 859 3398 937 τινὸς,
3455 859 3778 934 ἐπιτιμάσθω
3813 863 3965 918 ’ἔπι-

2359 948 2533 1022 μένων
2565 945 2644 1024 δὲ,
2679 947 3026 1022 καθαιρείσθω
3057 964 3074 981 ·
3120 947 3165 1002 εἰ
3217 945 3270 1002 δὲ
3305 949 3391 1003 καὶ
3421 949 3578 1028 τύχοι
3611 949 3664 1005 ἒν
3693 952 3964 1026 προστείοις

2357 1050 2617 1113 γυναῖκας
2669 1036 2840 1115 εἶναι,
2886 1036 2975 1092 καὶ
3017 1035 3233 1098 θελήσοι
3279 1036 3570 1102 ἐπίσκοπος
3607 1039 3639 1107 ἢ
3693 1041 3966 1117 ἡγούμενος

2357 1127 2573 1204 πορείαν
2625 1125 2679 1181 ἐν
2720 1137 2841 1188 τοῖς
2905 1125 3084 1181 ἐκεῖσε
3140 1127 3490 1208 ποιήσασθαι,
3560 1129 3814 1205 παρόντος
3855 1131 3967 1186 ἐπι-

2356 1217 2558 1272 σκόπου
2609 1214 2644 1283 ἢ
2703 1213 3029 1293 ἡγουμένου,
3075 1216 3329 1290 μηδόλως
3385 1217 3695 1296 ἐγχείρησιν
3725 1216 3968 1284 διακονίας

2353 1307 2626 1361 ποιεῖσθαι
2675 1303 2792 1360 κατ’
2826 1305 3036 1360 ἐκεῖνον
3068 1306 3159 1360 τὸν
3189 1307 3374 1384 καιρὸν
3406 1309 3615 1383 γυναικί
3641 1323 3654 1337 ’
3699 1305 3816 1363 ἀλλ’
3841 1309 3966 1366 ἰδια-

2351 1394 2488 1464 ζέτω
2543 1395 2596 1449 ἐν
2658 1393 2819 1470 ἐτέρῳ
2876 1394 3049 1466 τόπῳ,
3129 1394 3231 1460 ἕως
3293 1393 3354 1450 ἂν
3411 1397 3509 1463 τὴν
3571 1397 3966 1477 ἐπαναχώρησιν

2352 1482 2648 1550 ποιήσηται
2679 1485 2707 1539 ὁ
2741 1483 3055 1563 ἐπίσκοπος,
3086 1481 3170 1539 διὰ
3193 1485 3254 1540 τὸ
3276 1483 3674 1552 ἀνεπίληπτον,

2348 1664 2621 1722 Βασιλείου
2683 1667 2890 1750 ἐκῌτῆς
2948 1667 3080 1750 πρὸς
3132 1666 3424 1750 Γρηγόριον
3486 1667 3798 1750 ἐπιστολῆς,
3841 1671 3962 1728 ὥστε

2567 1746 2894 1826 χωρισθῆναι
2927 1747 3084 1803 αὐτὸν
3119 1754 3209 1803 τοῦ
3240 1748 3483 1806 συνοίκου
3513 1751 3748 1825 γυναίου.

705 1845 848 1926 Legi
876 1855 1007 1907 tuas
1039 1845 1267 1907 litteras
1297 1863 1430 1906 cum
1465 1844 1628 1905 omni
1663 1845 1967 1923 patientia,
2010 1862 2252 1920 sumque

2423 1839 2716 1920 Ἐνέτυχον
2745 1862 2838 1896 σου
2883 1854 3002 1903 τοῖς
3037 1842 3313 1920 γράμμασι
3364 1849 3503 1916 μετὰ
3550 1843 3730 1910 πάσης
3771 1867 3957 1923 μακρο-

623 1934 958 2000 admiratus
995 1952 1122 2008 cur,
1173 1951 1309 1995 cum
1357 1932 1552 2013 possis
1582 1935 1733 2012 apud
1770 1951 1878 1994 nos
1909 1931 2174 1994 breviter
2203 1943 2262 1995 et

622 2025 803 2088 facile
833 2024 1004 2086 factis
1053 2023 1170 2085 tuis
1198 2041 1436 2085 causam
1494 2041 1697 2100 agere,
1729 2022 1789 2083 in
1821 2022 2006 2084 rebus
2047 2041 2259 2102 repre-

621 2114 828 2178 hensis
883 2113 1212 2195 persistere
1242 2113 1408 2181 velis,
1435 2131 1503 2172 ac
1529 2113 1723 2191 longis
1749 2111 2133 2174 sermonibus
2160 2131 2261 2174 cu-

616 2223 754 2266 rare
785 2212 976 2266 tentes
1005 2200 1384 2264 insanabilia.
1419 2199 1540 2262 Nec
1575 2201 1772 2282 primi,
1822 2220 1932 2263 nec
1968 2199 2105 2275 soli,
2141 2204 2257 2264 Pa-

617 2298 843 2376 regori,
877 2293 1265 2369 sancivimus,
1301 2301 1361 2353 ut
1396 2311 1471 2354 ne
1525 2311 1642 2353 una
1671 2311 1805 2354 cum
1834 2290 1977 2352 viris
2010 2291 2254 2354 habita-

615 2394 752 2448 rent
785 2385 1088 2446 mulieres.
1122 2385 1242 2446 Sed
1275 2382 1407 2461 lege
1457 2401 1751 2444 canonem
1793 2401 1824 2443 a
1855 2383 2079 2443 sanctis
2109 2400 2252 2444 nos-

615 2475 726 2536 tris
756 2473 1033 2536 Patribus
1062 2473 1285 2535 editum
1317 2473 1379 2533 in
1410 2471 1635 2552 synodo
1670 2471 1934 2543 Nicaena,
1991 2471 2092 2552 qui
2123 2490 2255 2533 ma-

617 2564 829 2626 nifeste
861 2563 1107 2625 sancivit
1137 2571 1452 2623 extraneas
1483 2561 1769 2622 mulieres
1801 2581 1919 2623 non
1952 2562 2253 2623 esse.Vita

613 2661 812 2715 autem
843 2651 1060 2714 czelebs
1089 2651 1151 2712 in
1195 2670 1268 2713 eo
1306 2651 1680 2712 honestatem
1711 2649 1913 2723 habet,
1947 2658 2008 2710 ut
2039 2667 2072 2710 a
2101 2668 2249 2710 con-

611 2744 775 2805 victu
833 2741 1104 2804 mulieris
1163 2747 1495 2822 separetur.
1550 2740 1747 2812 Quare
1797 2739 1846 2798 si
1887 2739 2018 2819 quis
2065 2737 2247 2801 verbo

610 2833 938 2916 professus,
987 2831 1189 2912 reipsa
1245 2847 1377 2911 quae
1434 2829 1885 2910 conjugatorum
1919 2836 2056 2888 sunt
2079 2827 2244 2909 facit,

609 2923 805 3004 palam
866 2931 958 2984 est
1017 2939 1151 2982 eum
1203 2919 1556 2996 virginitatis
1588 2918 1830 2998 quidem
1868 2917 2244 2979 honestatem

606 3012 670 3074 in
701 3012 947 3074 nomine
979 3009 1282 3092 persequi,
1317 3007 1421 3071 sed
1476 3026 1857 3088 nequaquam
1893 3006 1966 3068 ab
1998 3006 2243 3069 indeco-

606 3121 673 3164 ra
703 3103 1010 3184 voluptate
1041 3099 1363 3162 abstinere.
1394 3097 1585 3160 Tanto
1618 3117 1760 3176 ergo
1792 3097 1977 3176 magis
2007 3105 2242 3177 oporte-

601 3193 708 3254 bat
749 3201 809 3255 te
846 3188 1230 3272 postulationi
1278 3198 1497 3251 nostra;
1528 3188 1700 3249 facile
1734 3187 1974 3252 cedi-re.
2013 3195 2236 3266 quanto

602 3288 662 3342 te
693 3281 780 3343 ais
809 3297 944 3342 esse
966 3279 1312 3342 liberiorem
1336 3277 1410 3340 ab
1441 3277 1604 3339 omni
1639 3295 1928 3356 corporea
1960 3275 2235 3338 libidine.

601 3368 808 3452 Neque
857 3369 1017 3434 enim
1069 3369 1265 3430 virum
1339 3368 1718 3449 septuaginta
1775 3385 1964 3428 annos
2029 3375 2237 3428 natum

599 3461 875 3522 existimo
934 3458 1255 3520 libidinose
1287 3457 1556 3519 habitare
1600 3475 1733 3518 cum
1790 3455 2041 3518 muliere
2077 3477 2089 3514 :
2127 3474 2238 3518 nec

597 3549 757 3630 quod
789 3557 961 3630 turpe
984 3547 1226 3628 aliquod
1259 3547 1488 3608 facinus
1523 3545 1734 3608 fuisset
1757 3545 2108 3618 admissum,
2138 3544 2236 3605 id-

597 3639 761 3702 circo
793 3639 1071 3701 constitui
1111 3656 1242 3718 quae
1273 3637 1590 3712 constitui;
1635 3635 1740 3697 sed
1775 3636 1931 3715 quod
1963 3633 2036 3696 ab
2067 3634 2234 3714 Αροι-

597 3728 749 3790 stolo
791 3728 1112 3790 didicimus
1173 3726 1602 3789 offendiculum
1655 3725 1819 3786 fratri
1854 3742 1972 3784 non
2009 3741 2236 3804 ponere

591 3819 666 3882 ad
698 3817 1042 3881 scandalum
1076 3817 1157 3877 97.
1198 3815 1440 3880 Scimus
1484 3826 1680 3877 autem
1715 3814 1872 3894 quod
1905 3833 1938 3875 a
1969 3814 2232 3875 nonnul-

2342 1932 2553 2006 θυμίας,
2607 1931 2693 1986 καὶ
2747 1931 3040 2005 ἐθαύμασα,
3111 1937 3226 1994 πῶς
3269 1929 3560 2006 δυνάμενος
3608 1935 3736 2008 ἡμῖν
3781 1935 3958 1992 συντό-

2343 2042 2458 2096 μως
2503 2020 2590 2076 καὶ
2647 2018 2882 2082 εὐκόλως
2925 2019 3373 2099 ἀπολογήσασθαι
3424 2019 3512 2077 διὰ
3559 2030 3668 2078 τῶν
3726 2025 3956 2102 πραγμά-

2343 2132 2475 2183 των,
2519 2122 2636 2170 τοῖς
2683 2110 2780 2183 μὲν
2825 2111 3281 2188 κατηγορυμένοις
3353 2111 3631 2184 ἐπιμένειν
3675 2112 3953 2194 καταθέων

2341 2198 2532 2277 λόγοις
2591 2197 2644 2255 δὲ
2688 2214 2917 2276 μακροῖς
2949 2201 3256 2278 θεραπεύειν
3289 2201 3598 2280 ἐπιχειρεῖς
3630 2204 3695 2258 τὰ
3741 2204 3910 2259 ἀνίατα
3937 2221 3948 2233 ·

2339 2288 2458 2344 οὔτε
2501 2295 2701 2368 πρῶτοι
2763 2288 2878 2345 οὔτε
2935 2291 3113 2360 μόνοι,
3148 2292 3194 2345 ὦ
3228 2291 3510 2368 Γρηγόριε,
3579 2292 3954 2365 ἐνομοθετήσα-

2338 2398 2436 2453 μεν
2493 2390 2754 2456 γυναῖκας
2798 2375 3012 2452 ἀνδράσι
3057 2380 3135 2452 μή
3195 2392 3489 2443 συνοικεῖν,
3527 2379 3682 2436 Ἀλλ’
3715 2381 3951 2458 ἀνάγνωθι

2338 2468 2428 2522 τὸν
2460 2466 2655 2523 κανόνα
2696 2468 2787 2522 τὸν
2844 2460 3189 2547 ἐξενεχθέντα
3235 2470 3376 2545 παρὰ
3423 2470 3533 2526 τῶν
3578 2471 3742 2549 ἁγίων
3796 2471 3954 2527 Πατέ-

2338 2578 2444 2635 ρων
2507 2555 2655 2630 ἡμῶν
2701 2556 2754 2611 ἐν
2803 2564 2872 2627 τῆ
2916 2555 3119 2630 συνόδῷ
3173 2563 3419 2637 Νικαίας,
3453 2559 3514 2622 ὃς
3577 2567 3812 2639 φανερῶς
3861 2561 3950 2618 ἄπ-

2335 2646 2593 2723 ηγόρευσε
2627 2646 3001 2710 συνεισάκτους
3037 2648 3114 2722 μὴ
3154 2647 3303 2703 εἶναι
3341 2667 3355 2684 ’
3389 2649 3598 2726 ἀγαμία
3640 2647 3694 2705 δὲ
3726 2651 3778 2706 ἐν
3805 2651 3951 2723 τούτῳ

2333 2735 2454 2816 ἔχει
2505 2738 2567 2791 τὸ
2622 2737 2840 2815 σεμνὸν,
2876 2736 2930 2791 ἐν
2961 2741 3038 2810 τῷ
3072 2739 3395 2816 κεχωρίσθαι
3448 2742 3550 2804 τῆς
3613 2739 3746 2811 μετᾶ
3783 2762 3949 2817 γυναι-

2329 2832 2440 2881 κῶν
2496 2823 2771 2903 διαγωγῆς
2807 2841 2821 2854 ⁶
2857 2827 2929 2887 ὡς
2962 2825 3025 2881 ἂν
3057 2825 3531 2903 ἐπαγγελλόμενός
3587 2850 3668 2890 τις
3713 2831 3786 2902 τῷ
3836 2829 3945 2884 ὀνό-

2332 2936 2484 2992 ματι,
2516 2913 2654 2991 ἔργῳ
2681 2916 2745 2970 τὸ
2777 2915 2884 2971 τῶν
2915 2929 3038 2979 ταῖς
3094 2917 3295 2992 γυναιξὶ
3356 2918 3747 2974 συνοικούντων
3801 2922 3947 2985 ποιῆ-

2327 3026 2439 3082 ται,
2471 3001 2633 3070 δῆλός
2681 3004 2792 3058 ἐστι
2847 3005 2908 3060 τὸ
2969 3005 3067 3080 μὲν
3111 3009 3213 3072 τῆς
3272 3007 3557 3084 παρθενίας
3601 3010 3790 3082 σεμνὸν
3816 3009 3944 3082 ἐντῇ

2324 3095 2658 3170 προσηγορία
2707 3091 2936 3168 διώκων,
3000 3097 3095 3151 τοῦ
3151 3093 3206 3150 δὲ
3265 3096 3382 3151 καθ’
3430 3095 3630 3164 ἡδονὴν
3679 3097 3806 3170 ἀπρε
3840 3103 3942 3161 τοῦς

2325 3184 2402 3260 μὴ
2463 3183 2819 3262 ἀφιστάμενος
2856 3199 2869 3213 ·
2918 3185 3158 3258 τοσούτῳ
3201 3187 3290 3240 οὖν
3321 3205 3380 3240 σε
3425 3185 3636 3243 μᾶλλον
3688 3187 3847 3265 ἐχρῆν
3872 3187 3942 3242 εὖ·

2323 3273 2497 3334 κόλως
2541 3271 2696 3346 ἡμῶν
2741 3273 2883 3328 εἶναι
2927 3279 2992 3349 τῆ
3033 3271 3272 3353 ἀξιώσει,
3308 3272 3522 3353 ὅσῳπερ
3568 3275 3744 3354 λέγεις
3803 3275 3935 3331 ἐλεύ-

2319 3367 2468 3440 θερος
2499 3363 2643 3418 εἶναι
2675 3363 2877 3426 παντὸς
2933 3371 3244 3437 σωματικοῦ
3308 3366 3502 3428 πάθους
3541 3379 3556 3395 ⁶
3595 3364 3712 3422 οῧτε
3743 3367 3836 3443 γὰρ
3864 3367 3939 3421 τὸν

2320 3449 2789 3527 ἐϐδομηκονταετῆ
2852 3461 3116 3529 γεγονότα
3168 3453 3415 3527 πείθομαι
3451 3454 3709 3528 ἐμπαθῶς
3759 3455 3938 3532 γυναικὶ

2321 3544 2611 3617 συνοικεῖν,
2645 3539 2764 3597 οὕτε
2789 3542 2862 3604 ὡς
2895 3542 2982 3596 ἐπὶ
3029 3540 3294 3619 γενομένη
3358 3543 3459 3600 τινὶ
3518 3544 3706 3618 ἀτόπῳ
3754 3544 3932 3622 πράξει,

2317 3632 2584 3708 ὡρίσᾶμεν
2647 3629 2680 3686 ἂ
2736 3631 2824 3686 καὶ
2873 3630 3144 3708 ὡρίσαμεν
3178 3647 3193 3663 '
3229 3630 3352 3687 ἀλλ’
3385 3631 3574 3702 ἐπειδὴ
3606 3633 3932 3716 ἐδιδάχθημεν

2316 3723 2460 3794 παρὰ
2516 3727 2609 3778 τοῦ
2665 3718 3019 3794 Ἀποστόλου,
3082 3721 3159 3796 μὴ
3218 3721 3414 3778 τιθέναι
3493 3724 3817 3800 πρόσκομμα
3864 3729 3930 3797 τῷ

2316 3810 2528 3890 ἀδελφῷ
2577 3808 2870 3866 σκάνδαλον
2901 3827 2916 3841 ·
2980 3809 3206 3886 οἴδαμεν
3250 3809 3306 3868 δὲ
3360 3813 3441 3869 ὅτι
3501 3816 3567 3870 τὸ
3617 3816 3755 3891 παρά
3795 3833 3932 3870 τινων

589 3908 667 3970 lis
695 3919 860 3970 recte
890 3908 1142 3988 geritur,
1173 3907 1307 3968 aliis
1337 3905 1716 3967 occasionem
1748 3921 1881 3964 esse
1915 3904 2226 3983 peccandi.

2336 3908 2475 3979 ιγιῶς
2545 3902 2850 3979 γινόμενον,
2885 3987 2890 3988 ν
2926 3899 3109 3966 ἄλλοις
3183 3901 3401 3981 ἀφορμὴ
3477 3904 3611 3982 πρὸς
3693 3905 3928 3981 ἁμαρτίαν

587 3996 785 4071 Quare
813 3987 1198 4079 praecipimus
1245 4005 1588 4058 sanctorum
1643 3996 1880 4054 Patrum
1915 3993 2226 4054 decretum

2336 3989 2525 4068 ιπάρξει
2561 4009 2575 4023 ·
2635 3991 2822 4046 τούτου
2867 3987 3045 4046 ἕνεκεν
3102 3990 3530 4068 προσετάξαμεν,
3587 3994 3831 4067 ἑπόμενοι
3873 3997 3927 4067 τῇ

587 4097 934 4168 sequentes,
970 4095 1034 4147 ut
1063 4104 1096 4147 a
1127 4084 1480 4146 muliercula
1510 4082 1838 4163 separeris.
1862 4082 2010 4154 Quid
2047 4082 2228 4160 igitur

2336 4081 2536 4158 ιατὲιγῇ
2568 4085 2670 4146 τῆν
2699 4080 2864 4157 ἁγίων
2913 4079 3189 4157 Πατέρων,
3251 4083 3593 4160 χωρισθῆναί
3626 4105 3684 4140 σε
3727 4090 3813 4140 τοῦ
3839 4104 3926 4158 γυ-

584 4177 1081 4256 chorepiscopum
1141 4175 1402 4247 incusas,
1438 4182 1496 4234 et
1526 4178 1747 4234 veteris
1780 4171 2114 4233 inimicitiae
2143 4172 2226 4232 fa-

2339 4170 2476 4226 αίου.
2539 4169 2596 4227 Τί
2639 4171 2727 4224 οὖν
2771 4168 3024 4246 ἐγκαλεῖς
3095 4176 3173 4242 τῷ
3217 4174 3652 4248 χωρεπισκόπῳ,
3709 4173 3792 4228 καὶ
3830 4193 3923 4228 πα-

582 4266 671 4327 cis
698 4265 1098 4327 mentionem?
1118 4261 1269 4335 Quid
1293 4261 1368 4322 de
1395 4261 1569 4322 nobis
1600 4260 1876 4338 quereris
1895 4261 2026 4322 23H
2063 4261 2222 4342 quod

2342 4266 2462 4323 αιᾶς
2521 4258 2718 4338 ἔχθρας
2764 4259 3087 4334 μέμνησαι;
3132 4260 3182 4315 τί
3210 4258 3265 4315 δὲ
3313 4256 3459 4335 ἡμᾶς
3501 4262 3822 4342 καταμέμφῃ
3860 4261 3920 4323 ὡς

579 4353 788 4416 faciles
842 4351 1162 4415 calumniis
1206 4369 1387 4413 aures
1418 4351 1810 4432 praebeamus,
1851 4369 1918 4412 ac
1953 4370 2072 4412 non
2108 4370 2220 4431 po-

2336 4348 2552 4415 ὒκόλους
2590 4350 2754 4413 ἀκοὰς
2800 4348 3028 4430 ἔχοντας
3074 4350 3148 4414 εἷς
3202 4351 3264 4407 τὸ
3327 4349 3424 4415 τὰς
3475 4347 3728 4417 διαϐολὰς
3770 4371 3919 4415 προσ-
4031 4417 4040 4423 _

581 4443 700 4506 tius
730 4443 805 4504 de
839 4451 896 4504 te
926 4441 1078 4523 ipse,
1115 4440 1218 4522 qui
1265 4440 1487 4502 adduci
1519 4459 1637 4502 non
1673 4449 1866 4521 potes,
1902 4449 1964 4501 ut
1995 4458 2027 4501 a
2081 4459 2218 4502 mu-

2336 4442 2489 4518 εσθαι,
2549 4437 2670 4496 ἄλλ’
2737 4441 2862 4519 οὐχὶ
2921 4440 3095 4514 ἐαυτῷ
3145 4440 3225 4514 μὴ
3276 4441 3601 4519 ἆνεχομένῳ
3641 4440 3914 4507 ἀποστῆναι

576 4531 749 4595 lieris
800 4531 1243 4594 consuetudine
1283 4530 1580 4592 recedas?
1629 4530 1798 4608 Ejice
1844 4530 2024 4608 igitur
2055 4529 2252 4606 illam;

2336 4529 2397 4597 ῆς
2442 4531 2574 4606 πρὸς
2621 4530 2718 4596 τὴν
2751 4543 2980 4608 γυναῖκα
3027 4532 3304 4596 συνηθείας
3342 4549 3358 4606 ;
3403 4528 3599 4587 ἔκϐαλε
3642 4533 3807 4587 τοίνυν
3834 4531 3916 4586 αὖ·

575 4639 646 4685 ex
677 4622 796 4684 tuis
824 4621 1079 4697 aedibus,
1112 4632 1172 4683 et
1230 4628 1291 4682 in
1355 4620 1716 4682 monasterio
1775 4620 2092 4682 constitue.
2128 4618 2218 4682 Sit

2336 4619 2400 4686 ὴν
2459 4617 2566 4675 ἀπὸ
2623 4625 2717 4676 τοῦ
2750 4619 2905 4678 οἴκου
2949 4635 3067 4692 σου,
3115 4621 3205 4677 καὶ
3263 4619 3612 4686 κατάστησον
3668 4620 3822 4686 afﬁni!
3867 4615 3914 4672 ἐν

571 4711 678 4776 illa
705 4731 840 4776 cum
901 4713 1254 4792 virginibus,
1317 4720 1376 4773 et
1404 4711 1562 4793 apud
1599 4721 1657 4772 te
1687 4711 1948 4772 serviant
1981 4709 2116 4784 viri,
2152 4717 2216 4771 ut

2342 4709 2644 4787 οναστηρίῳ
2679 4727 2693 4742 ·
2740 4707 2881 4764 ’έστω
2922 4707 3100 4777 ἐκείνη
3163 4711 3301 4782 μετὰ
3373 4709 3668 4790 παρθένων,
3728 4709 3808 4764 καὶ
3863 4706 3915 4762 σὺ

569 4821 649 4866 ne
679 4802 792 4866 Dei
841 4821 1064 4865 nomen
1121 4808 1366 4884 propter
1413 4792 1517 4863 vos
1560 4800 2036 4880 blasphemetur.
2072 4799 2214 4861 Haec

2336 4805 2562 4873 πηρετηῦ
2611 4799 2714 4855 ὑπὸ
2757 4795 2984 4876 ἀνδρῶν,
3039 4799 3130 4855 ’ίνα
3162 4800 3241 4872 μὴ
3270 4800 3332 4855 τὸ
3360 4799 3530 4874 ὄνομα
3561 4807 3654 4856 τοῦ
3698 4796 3821 4854 Θεοῦ
3852 4792 3912 4850 δι’

569 4893 765 4956 donec
793 4893 1034 4970 feceris,
1091 4890 1559 4953 innumerabilia
1609 4907 1740 4971 quae
1789 4908 1898 4970 per
1927 4889 2213 4970 epistolas

2336 4893 2439 4962 μᾶς
2469 4886 2858 4966 βλασφημῆται
2894 4905 2908 4924 ⁸
2942 4885 3044 4948 ἕως
3100 4886 3165 4943 ἂν
3200 4895 3365 4944 ταὺτα
3409 4894 3597 4967 ποιῇς,
3645 4889 3695 4944 αἱ
3738 4884 3909 4961 μυριά-

569 4983 788 5046 scribis
818 4982 971 5044 nihil
1003 4992 1061 5043 te
1083 4980 1398 5061 juvabunt,
1428 4979 1535 5042 sed
1569 4979 1850 5042 morieris
1879 4979 2212 5053 otiosus,ac

2336 4997 2376 5041 ις
2411 4976 2578 5052 ἅσπερ
2608 4977 2934 5055 συγγράφεις
2963 4973 3048 5032 διὰ
3076 4981 3184 5034 τῶν
3228 4975 3552 5050 ἐπιστολῶν,
3603 4975 3745 5036 οὐδὲν
3773 4975 3902 5053 dips-

565 5073 788 5133 reddes
816 5070 1074 5133 Domino
1116 5073 1410 5132 rationem
1463 5067 1569 5130 otii
1603 5069 1710 5132 tui.
1748 5067 1919 5141 Quod
1952 5067 2002 5128 si
2031 5085 2212 5130 ausus

2336 5066 2519 5136 ήσουσί
2561 5086 2644 5140 σε,
2690 5063 2829 5122 ἀλλὰ
2885 5064 3223 5136 τελευτήσεις
3265 5066 3467 5145 ἀργῶν,
3502 5065 3590 5123 καί
3623 5064 3806 5127 δώσεις
3841 5067 3904 5134 τῷ

565 5161 755 5224 fueris
785 5161 936 5222 citra
965 5159 1448 5222 emendationem
1497 5157 1900 5221 sacerdotium
1936 5157 2043 5218 tibi
2075 5159 2209 5219 vin-

2340 5160 2464 5234 υρίῳ
2507 5154 2666 5234 λόγον
2710 5155 2810 5223 τῆς
2854 5164 3078 5214 σεαυτοῦ
3135 5156 3345 5234 ἀργίας.
3389 5156 3514 5213 Ἐὰν
3557 5153 3613 5210 δὲ
3644 5153 3905 5228 τολμήσῃς

561 5249 792 5331 dicare,
852 5250 1173 5312 anathema
1229 5249 1351 5311 eris
1408 5249 1575 5312 omni
1632 5247 1894 5329 populo;
1930 5256 1990 5308 et
2017 5247 2118 5328 qui
2151 5256 2208 5308 te

2336 5247 2369 5314 ἦ
2425 5244 2847 5324 διορθωσάμενος
2899 5247 3146 5320 σεαοτὸν,
3192 5245 3514 5326 ἀντέχεσθαι
3560 5251 3659 5312 τῆς
3699 5241 3903 5331 ἱερωσύέ

559 5328 1433 5420 τεοθροί·ίιιι,οαεοηιωιιιιὶοειί
1468 5358 1578 5421 per
1605 5328 1848 5403 omnem
1869 5337 2201 5401 Ecclesiam

2336 5357 2406 5412 ac,
2471 5335 2708 5410 ἀιάθεμα
2750 5332 2848 5410 ἔσῃ
2894 5335 3050 5391 παντὶ
3079 5341 3156 5409 τῷ
3183 5333 3302 5409 λαῷ
3333 5349 3349 5367 ⁸
3401 5335 3488 5392 καὶ
3537 5333 3584 5392 oi
3641 5328 3904 5416 δεχόμενοί

555 5439 758 5492 erunt.
2184 5452 2186 5454 ·
2286 5447 2370 5503 σε,
2405 5425 2725 5505 ἐγκήρυκτοι
2754 5424 2892 5481 κατὰ
2925 5430 3103 5481 πᾶσαν
3134 5423 3466 5491 Ἐκκλησίαν
3494 5425 3825 5502 γενήσονται.

637 5519 840 5584 Const.
895 5520 997 5598 19,
1046 5519 1140 5586 tit.
1193 5519 1252 5602 3,
1287 5517 1395 5584 lib.
1423 5538 1463 5597 ι,
1497 5519 1634 5584 cod.
1669 5519 1754 5583 ait
1787 5537 1802 5584 :
1838 5517 2199 5584 Sacerdotes

2366 5508 2428 5572 Ἠ
2462 5515 2528 5574 ιθ’
2574 5513 2808 5581 διάταξις
2864 5519 2958 5572 τοῦ
3001 5513 3057 5595 γ’
3099 5516 3203 5578 τίτ,
3249 5521 3344 5572 τοῦ
3388 5512 3440 5571 α’
3486 5509 3632 5592 βιὸλ.
3666 5519 3758 5571 τοῦ
3781 5506 3894 5570 κώό.

626 5700 745 5770 9⁸1
777 5701 918 5769 Cor.
956 5716 1020 5781 τ,
1057 5698 1159 5768 32.
1244 5700 1308 5754 97
1337 5701 1517 5766 Rom.
1549 5715 1673 5781 xiv,
1705 5698 1806 5764 t3.
