4148 6198
323 225 519 322 689

1108 257 1528 324 SYNTAGMA
1571 257 2095 326 GANONUM.--
2143 255 2300 321 TIT.
2346 256 2518 338 VIII,
2561 256 2727 322 CAP.
2777 253 2908 322 XV.

3573 255 3696 323 690

317 391 504 471 φησὶν,
539 389 621 449 ὅτι
673 393 720 448 οἱ
771 394 934 471 ἱερεῖς
988 394 1075 451 καὶ
1120 396 1167 450 οἷ
1211 392 1488 474 κληρικοί,
1547 398 1740 471 μόναις
1783 415 1943 456 συνοι-

2051 400 2110 456 et
2135 393 2340 463 clerici
2374 393 2666 456 matribus
2695 395 2820 457 suis
2849 391 3254 468 solummodo,
3288 400 3346 456 et
3368 392 3603 458 ﬁliabus
3631 403 3691 458 et

314 483 580 538 κείτωσαν
611 482 880 560 μητράσιν
929 484 1126 563 αὐτῶν,
1157 484 1246 540 καὶ
1303 484 1616 561 θυγατράσι,
1663 486 1750 542 καὶ
1798 482 1960 541 ἀδελ-

312 585 470 648 φαῖς,
517 572 606 627 καὶ
670 585 787 634 ταῖς
833 574 936 650 πρὸ
983 573 1169 630 τούτου
1201 576 1550 651 γαμηθείσαις
1582 577 1765 638 αὐτοῖς
1801 589 1814 604 ⁹
1862 574 1958 631 καί

311 662 352 728 ἡ
400 651 478 716 ια’
516 658 655 723 διάτ,
690 667 782 718 τοῦ
825 659 878 717 α’
901 663 1007 721 τίτ.
1040 667 1146 717 τῶν
1178 667 1392 738 Νεαρῶν
1422 661 1592 740 λέγει·
1629 663 1716 730 Μὴ
1747 661 1960 742 ἐχέτω-

311 771 417 806 σαν
459 753 508 808 αἱ
543 749 774 808 διάκονοι
817 752 1074 817 συνόντας
1125 751 1316 816 αὐταῖς
1372 774 1523 814 τινας
1557 752 1612 808 ἐν
1655 751 1797 818 τάξει
1854 751 1959 821 δῆ-

308 842 402 896 θεν
433 837 700 918 ἀδελφῶν,
749 839 784 908 ἢ
829 847 1125 918 συγγενῶν,
1158 841 1194 908 ἦ
1255 843 1362 897 τῶν
1414 839 1758 916 καλουμένων
1814 841 1958 922 ἀγα-

311 934 506 995 πητῶν
541 943 556 958 ⁸
618 927 738 984 ἀλλ’
801 929 836 997 ἢ
913 929 1030 986 καθ’
1094 931 1281 994 ἑαυτὰς
1343 931 1678 1009 οἰκείτωσαν,
1739 932 1774 999 ἦ
1841 944 1956 998 τοῖς

310 1017 572 1086 ἀληθέσιν
617 1021 789 1076 αὐτῶν
844 1016 1118 1098 ἀδελφοῖς,
1174 1020 1209 1088 ἢ
1270 1021 1454 1100 θείοις,
1520 1019 1552 1088 ἢ
1598 1030 1864 1099 γονεῦσιν,
1921 1022 1954 1089 ἦ

309 1111 522 1170 παισίν.
556 1111 614 1166 Εἰ
664 1106 720 1164 δέ
768 1131 848 1174 τις
897 1108 1111 1187 λέγοιτο
1147 1123 1382 1168 συνεῖναι
1415 1111 1469 1166 ἐν
1501 1110 1953 1191 ἐσχηματισμένῃ

307 1198 490 1274 ἀγαθῇ
541 1199 896 1277 προσηγορίᾳ,
943 1205 1152 1276 πονηρᾷ
1193 1197 1248 1254 δὲ
1300 1199 1522 1274 ὑποψίᾳ,
1571 1200 1651 1274 μὴ
1694 1221 1951 1279 χειροτο-

307 1289 525 1367 νείσθω,
584 1290 670 1343 καὶ
712 1291 1162 1367 χειροτονηθεῖσα
1217 1286 1272 1344 δὲ
1333 1298 1422 1347 τοῦ
1463 1289 1749 1368 σχήματος
1789 1289 1951 1346 ἐκπι-

305 1377 512 1450 πτέτω,
574 1378 857 1438 ὑπεύθυνος
919 1376 1047 1433 οὖσα
1092 1378 1184 1434 σὺν
1240 1377 1384 1451 αὗτῷ
1448 1379 1536 1434 καὶ
1579 1379 1749 1451 τούτῳ
1804 1379 1952 1452 νόμῳ

304 1470 398 1524 καὶ
428 1480 547 1533 τοῖς
577 1465 796 1528 λοιποῖς
824 1479 960 1545 τοῖς,
982 1467 1106 1531 τοὺς
1158 1466 1380 1545 φθορέας
1413 1465 1730 1538 καλάζουσιν
1765 1486 1777 1500 ·
1813 1470 1848 1536 ἡ
1893 1466 1948 1524 δὲ

304 1548 366 1633 β’
405 1555 544 1618 διάτ.
589 1562 685 1613 τοῦ
715 1556 876 1615 αὗτοῦ
906 1544 962 1612 α’
993 1557 1094 1616 τίτ.
1152 1558 1259 1612 τῶν
1308 1559 1521 1634 Νεαρῶν
1565 1555 1712 1635 λέγει
1745 1573 1760 1587 '
1824 1564 1948 1624 Μηο

303 1645 414 1710 δείς
458 1645 716 1723 κληρικὸς
747 1657 977 1722 γυναῖκα
1033 1645 1110 1719 μὴ
1170 1644 1340 1725 ἔχων,
1401 1647 1715 1702 ἐπείσακτον
1772 1646 1948 1725 ἐχέτω

306 1734 364 1790 ἐν
407 1740 484 1807 τῷ
520 1734 659 1808 οἷ’κῳ
703 1736 883 1805 αὐτοῦ,
945 1732 1088 1800 πλὴν
1139 1735 1364 1811 μητρὸς,
1416 1735 1504 1790 καὶ
1545 1736 1823 1812 θυγατρὸς,
1861 1738 1947 1791 καὶ

306 1821 564 1902 ἀδελφῆς,
597 1824 686 1878 καὶ
717 1828 823 1878 τῶν
857 1820 1031 1886 ἄλλως
1063 1822 1405 1882 ἀνυπόπτων.
1463 1825 1520 1880 Εἰ
1573 1821 1628 1878 δὲ
1672 1824 1752 1898 μὴ
1783 1834 1947 1882 ταῦτα

307 1908 700 1991 παραφυλάξει,
757 1912 844 1966 καὶ
889 1909 964 1974 δὶς
1008 1913 1363 1986 ὑπομνησθεὶς
1406 1913 1508 1968 ὑπὸ
1569 1919 1663 1970 τοῦ
1712 1913 1944 1969 ἐπισκό-

315 2023 420 2059 που
472 2000 508 2068 ἢ
554 2007 660 2058 τῶν
692 2007 1090 2078 συγκληρικῶν,
1126 2002 1203 2075 μὴ
1233 1997 1436 2076 ἐκϐάλῃ
1470 2001 1656 2076 αὒτὴν,
1693 2001 1789 2058 καῖ
1817 2024 1947 2058 κατ-

309 2094 598 2168 ηγορηθεὶς
679 2087 977 2170 ἀποδειχθῆ
1063 2090 1618 2168 συναναστρεφόμενος
1697 2091 1943 2164 ἆσὲμνως

309 2183 467 2256 αὐτῇ,
515 2180 869 2258 καθαιρείσθω
919 2179 1012 2235 καῖ
1063 2177 1286 2235 διδόσθω
1313 2185 1382 2256 τῇ
1410 2179 1578 2256 βουλῇ
1604 2185 1704 2247 τῆς
1735 2179 1945 2245 πόλεως

308 2275 376 2340 ἧς
408 2269 474 2337 ἦν
502 2266 762 2346 κληρικός
795 2283 809 2297 ⁸
867 2267 1158 2332 ἐπίσκοπος
1202 2266 1256 2322 δὲ
1300 2269 1526 2326 καθόλου
1577 2269 1782 2346 γυναικῖ
1816 2290 1944 2324 συν-

306 2359 406 2438 ὼν,
469 2360 804 2434 καθαιρεῖται
840 2371 852 2385 ⁸
914 2356 1034 2412 οὕτε
1089 2356 1144 2411 δὲ
1188 2354 1498 2413 διακόνισσα
1541 2358 1815 2414 συνοικεῖν
1847 2355 1943 2413 δυ-

305 2450 459 2504 ναταί
509 2469 614 2504 τινι
672 2444 947 2520 δυναμένῳ
996 2459 1158 2525 σχεῖν
1208 2447 1439 2520 ὑποψίαν
1486 2445 1717 2522 ἄσεμνον
1752 2462 1765 2478 ⁸
1801 2448 1942 2503 ὑπο-

300 2534 720 2612 μιμνησκομὲνη
779 2533 836 2592 δὲ
891 2535 1034 2612 παρὰ
1088 2543 1182 2592 τοῦ
1238 2534 1556 2609 ἐπισκόπου,
1633 2536 1724 2592 ἐὰν
1781 2537 1940 2594 αὐτὸν

298 2624 552 2683 ἐκϐαλεῖν
608 2624 921 2703 ὁπέρθηται,
1004 2636 1275 2702 στερεῖται
1347 2629 1446 2692 τῆς
1503 2625 1796 2702 ὑπηρεσίας
1853 2624 1942 2680 καί

297 2721 406 2773 τῶν
450 2714 688 2794 διαρίων,
735 2715 824 2770 καὶ
873 2710 1200 2788 ἐμϐάλλεται
1246 2714 1612 2789 μοναστηρίῳ,
1659 2713 1794 2781 ὅλην
1843 2714 1940 2782 τὴν

297 2805 443 2877 ζωὴν
503 2804 668 2870 ανότῆς
705 2819 719 2834 ⁸
776 2800 874 2859 καῖ
931 2802 997 2858 τὰ
1041 2803 1329 2880 πράγματα
1385 2804 1575 2877 αὐτῆς,
1622 2803 1667 2859 εἰ
1691 2804 1790 2878 μὲν
1819 2803 1937 2882 ἕχει

295 2892 521 2968 παῖδας,
582 2890 862 2970 ἀναλόγως
915 2893 988 2954 εἰς
1045 2892 1210 2960 αὐτὴν
1239 2894 1334 2949 καί
1376 2893 1562 2955 αὖτοὺς
1611 2894 1936 2970 μερίζονται,

295 2985 389 3042 καὶ
443 2985 506 3040 τὸ
561 2984 794 3061 ἁρμόζον
860 2981 995 3056 αὒτῇ
1053 2981 1214 3058 μέρος
1286 2983 1345 3039 τὸ
1405 2984 1764 3060 μοναστήριον
1809 2983 1939 3061 ὑπὲρ

293 3074 614 3152 ἀποτροφῆς
656 3071 823 3138 αὐτῆς
882 3069 1141 3143 λαμϐάνει
1174 3091 1189 3106 ο
1236 3075 1279 3129 εἰ
1323 3070 1378 3128 δὲ
1439 3075 1517 3148 μὴ
1563 3072 1680 3152 ἔχει
1711 3069 1934 3145 παῖδας,

295 3166 332 3233 ἡ
396 3135 655 3231 sunt.
719 3135 858 3237 ἐντῇ
922 3135 1014 3239 as,
1072 3161 1158 3217 καῖ
1219 3163 1281 3218 τὸ
1338 3135 1703 3239 μονάέτήὲὶον
1759 3135 1997 3228 more“

296 3255 438 3311 αὖτὰ
466 3253 792 3328 μερίζονται,

386 3347 636 3404 ΚΕΦΑΛ.
700 3333 806 3405 ιε’.
866 3376 945 3389 -
992 3349 1111 3405 Πῶς
1169 3339 1254 3398 δεῖ
1281 3339 1635 3416 ἐπισκόπους,
1671 3340 1707 3407 ἦ
1739 3341 1934 3418 κληρι-

294 3433 452 3511 κοὺς,
547 3432 583 3498 ἢ
682 3431 1191 3512 ἐγκρατιυομὲνους,
1292 3429 1511 3487 εἰσιέναι
1615 3430 1747 3508 πρὸς
1835 3451 1932 3506 γυ-

293 3534 518 3584 ναῖγας.

641 3613 870 3672 Συνόδου
903 3617 1242 3694 Καθαγέννης
1270 3616 1445 3671 κανὼν
1477 3603 1592 3681 λη’.

374 3710 550 3765 ’Ὥστε
579 3707 865 3784 κληρικοὺς
896 3709 932 3778 ἢ
965 3708 1448 3788 ἐγκρατευομὲνους
1488 3709 1620 3786 πρὸς
1652 3705 1938 3786 παρθένους

289 3802 326 3868 ἢ
359 3801 544 3880 χήρας
577 3799 652 3863 μὴ
683 3798 926 3860 εἰσιέναι.

370 3879 490 3954 λη’.
555 3886 810 3963 Κλῃρικοὶ
887 3887 918 3956 ἢ
977 3887 1422 3966 ἱγκρατευόμενοι
1481 3885 1615 3964 πρὸς
1663 3886 1841 3964 χήρας
1897 3886 1933 3951 ἦ

286 3976 606 4054 παρθένους,
642 3977 685 4032 εἰ
720 3977 798 4050 μὴ
856 3973 975 4031 κατ’
1037 3975 1333 4052 ἐπιτροπὴν
1375 3973 1470 4029 καί
1505 3976 1802 4030 συναίνεσιν
1842 3980 1932 4028 τοῦ

282 4065 420 4123 ἰδίου
463 4065 762 4122 ἐπισκόπου
806 4064 842 4133 ἢ
905 4067 1010 4120 τῶν
1051 4062 1442 4141 πρεσϐυτέρων,
1491 4062 1568 4137 μὴ
1601 4061 1881 4119 εἰσίτωσαν
1912 4079 1926 4094 ⁸

285 4157 378 4212 καὶ
409 4164 564 4214 τοῦτο
592 4153 646 4209 δὲ
679 4155 755 4228 μὴ
785 4152 940 4229 μόνοι
973 4153 1316 4210 ποιείτωσαν·
1353 4149 1491 4206 ἆλλᾶ
1523 4151 1658 4226 μετὰ
1691 4150 1932 4229 συγκλη-

288 4245 480 4323 ρικῶδ,
543 4244 580 4311 ἢ
624 4244 758 4318 μετᾶ
802 4244 1005 4299 τούτων
1064 4241 1182 4318 μεθ’
1226 4245 1300 4298 ὧν
1360 4243 1387 4296 ὃ
1447 4241 1742 4304 1ἐπίσκοπος
1787 4240 1823 4307 ἢ
1885 4243 1932 4295 οἱ

287 4331 664 4412 πρεσϐύτεροι,
723 4333 877 4408 μόνοι
954 4331 1142 4411 ἔχουσι
1202 4330 1302 4399 τήν
1374 4328 1587 4386 εἴσοδον
1650 4332 1779 4405 πρὸς
1840 4329 1932 4395 τὰς

289 4423 736 4500 τοιουτοτρόπους
780 4434 1067 4500 γυναῖκας,
1103 4421 1140 4487 ἢ
1170 4420 1305 4478 ὅπου
1337 4417 1548 4497 πάρεισι
1578 4416 1847 4496 κληρικοὶ,
1896 4421 1932 4488 ἥ

289 4511 508 4585 ἔντιμοί
536 4532 675 4574 τινες
711 4509 1038 4587 Χριστιανοί,

499 4603 727 4662 Συνόδου
759 4605 982 4667 Νικαίας
1014 4603 1072 4660 τὸ
1102 4600 1367 4681 δεύτερον,
1401 4602 1578 4657 κανὼν
1608 4599 1697 4676 κβ¹
1710 4646 1724 4662 ,

371 4699 501 4756 ’Ὀτι
559 4697 643 4755 δεῖ
727 4697 845 4773 μετ’
925 4697 1265 4777 εὐχαριστίας
1330 4693 1423 4751 καί
1485 4695 1662 4761 πάσης
1725 4694 1931 4774 φειδοῦς

295 4791 382 4846 καὶ
436 4785 711 4851 εὐλαϐείας
767 4787 1044 4866 μοναχοὺς
1107 4787 1150 4841 εἰ
1222 4781 1401 4860 συμόἧ
1473 4783 1608 4861 μετὰ
1665 4792 1933 4862 γυναικῶν

289 4879 515 4937 ἐσθίειν.

370 4967 493 5044 κβ¹.
554 4969 670 5027 Θεῶ
729 4963 826 5039 μὲν
869 4965 932 5020 τὸ
991 4969 1096 5020 πᾶν
1151 4964 1511 5036 ανατίθεσθαι,
1569 4964 1656 5020 καὶ
1710 4965 1770 5020 οὒ
1812 4976 1933 5026 τοῖς

287 5043 440 5120 ἰδίοις
494 5053 760 5130 θελήμᾶσι
803 5051 1139 5134 δουλοῦσθαι,
1192 5051 1332 5130 μέγα
1385 5043 1577 5131 χρῖμα
1621 5053 1878 5132 τυγχάνει
1915 5067 1930 5082 ⁶

293 5146 422 5205 Εἴτε
478 5145 580 5223 γὰρ
618 5143 844 5216 ἐσθίετε,
905 5142 1021 5198 εἴτε
1064 5147 1266 5213 πίνετε,
1314 5143 1342 5197 ὁ
1387 5144 1532 5206 θεῖος
1583 5140 1935 5221 Ἀπόστολος,

285 5236 466 5293 πάντα
521 5235 593 5298 εἰς
645 5230 799 5297 δόξαν
857 5233 992 5287 Θεοῦ
1046 5243 1284 5303 ποιεῖτε,
1346 5231 1498 5309 φησι.
1565 5234 1788 5308 Χριστὸς
1849 5231 1938 5286 οὖν

288 5328 316 5382 ὁ
375 5325 507 5386 Θεὸς
552 5324 707 5396 ἡμῶν
761 5321 816 5376 ἐν
876 5332 996 5383 τοῖς
1059 5318 1404 5398 Εὒαγγελίοις
1449 5323 1610 5378 αὒτοῦ
1637 5320 1732 5382 τὰς
1763 5321 1938 5400 ἀρχὰς

286 5420 397 5470 τῶν
458 5411 862 5490 ἁμαρτημάτων
927 5409 1212 5467 ἐκκόπτειν
1272 5407 1666 5488 προστέταχεν.
1715 5409 1787 5467 Οὔ
1841 5411 1941 5489 γὰρ

373 5599 439 5652 98
469 5597 652 5666 Cone.
685 5596 900 5676 Afric.,
933 5615 988 5661 c.
1036 5595 1094 5660 5.
1184 5596 1300 5662 991
1328 5594 1466 5663 Cor.
1503 5614 1561 5680 x,
1596 5595 1696 5661 3t.

2044 483 2380 553 sororibus,
2416 477 2476 545 et
2503 502 2635 564 qua).
2665 483 2814 565 ipsis
2843 491 3019 546 antea
3053 482 3396 564 nupserint,
3431 483 3685 546 cohabi-

2044 578 2194 636 tent.
2231 572 2300 633 Et
2331 581 2520 636 const.
2561 573 2620 636 1.
2653 573 2743 635 tit.
2783 580 2805 633 1
2853 572 3234 636 Novellarum
3271 593 3285 635 :
3319 571 3688 636 Diaconissaa

2041 660 2286 744 (inquit)
2319 663 2516 723 nullos
2547 680 2751 723 secum
2783 661 2914 724 loco
2946 662 3224 737 fratrum,
3264 669 3682 741 cognatorum,

2039 760 2140 812 aut
2196 751 2298 832 qui
2352 751 2560 814 dilecti
2610 760 2920 834 vocantur,
2972 751 3317 813 habitantes
3364 750 3626 816 habento
3666 773 3698 834 :V

2039 841 2143 902 sed
2176 850 2276 902 aut
2307 842 2473 920 solae,
2507 850 2607 902 aut
2655 860 2791 903 cum
2846 843 3154 919 germanis
3199 841 3324 902 suis
3367 840 3678 920 fratribus,

2039 930 2265 1007 patruis
2295 929 2476 992 etiam
2507 931 2600 992 vel
2629 932 3068 1008 avunculis,aut
3095 930 3443 1011 parentibus
3476 930 3567 992 vel
3601 931 3676 994 ﬁ-

2037 1018 2134 1080 liis
2185 1020 2512 1082 habitanto.
2576 1021 2741 1094 Quod
2793 1022 2846 1084 si
2897 1041 3030 1104 quae
3058 1021 3169 1083 sub
3199 1020 3404 1101 specie
3435 1022 3680 1084 honesti

2038 1109 2319 1184 nominis,
2353 1111 2460 1173 sed
2494 1129 2609 1171 non
2642 1111 2869 1192 absque
2923 1113 3078 1174 mala
3133 1111 3482 1192 suspicione
3512 1112 3678 1192 [cui-

2035 1200 2234 1280 piam]
2265 1200 2612 1263 cohabitare
2644 1199 2900 1274 dicatur,
2934 1220 3010 1262 ne
3051 1201 3360 1264 ordinator
3395 1224 3409 1262 ς
3439 1219 3508 1264 ac
3537 1221 3677 1265 vero

2031 1288 2150 1365 jam
2181 1289 2478 1360 ordinata,
2515 1288 2587 1350 ab
2620 1289 2827 1351 habitu
2863 1291 3124 1352 excidito
3160 1306 3173 1352 :
3234 1296 3453 1352 etcum
3489 1294 3676 1356 coha-

2037 1376 2294 1440 bitatore
2328 1380 2466 1441 huic
2500 1379 2616 1458 legi
2649 1380 3016 1461 reliquisque
3046 1398 3180 1457 quae
3209 1380 3272 1440 in
3303 1388 3677 1462 stupratores

2030 1468 2531 1542 animadvertunt,
2568 1468 2830 1530 obnoxia
2885 1480 3041 1533 esto.
3092 1469 3347 1532 Coustit.
3381 1478 3577 1533 autem
3610 1474 3673 1550 ‘2,

2032 1556 2302 1635 ejusdem
2339 1559 2468 1622 tit.i
2506 1557 2892 1620 Novellarum
2925 1560 3110 1622 dicit:
3145 1557 3356 1620 Nullus
3387 1560 3670 1640 clericus,

2029 1646 2134 1726 qui
2166 1665 2412 1708 uxorem
2447 1667 2566 1708 non
2625 1647 2826 1718 habet,
2882 1656 3098 1730 praeter
3145 1659 3424 1726 matrem,
3460 1648 3672 1724 tiliam,

1972 1752 2324 1834 θεοῖσι-ειη,
2360 1743 2416 1797 et
2451 1736 2510 1797 in
2562 1753 2710 1816 quas
2767 1736 2986 1816 alioqui
3044 1735 3308 1815 suspicio
3339 1755 3460 1799 non
3490 1739 3672 1816 cadit,

2030 1823 2090 1884 in
2124 1823 2302 1884 domn
2335 1842 2442 1886 sua
2471 1825 2794 1887 ascititiam
2830 1825 3184 1907 [mulierem]
3229 1824 3468 1889 habeto.
3503 1829 3674 1903 Quod

2029 1913 2077 1972 si
2111 1914 2235 1974 haec
2269 1933 2384 1975 non
2417 1913 2847 1989 observaverit,
2907 1922 2964 1976 et
3027 1914 3118 1975 bis
3149 1913 3224 1975 ab
3256 1915 3541 1997 episcopo
3572 1927 3674 1982 aut

2028 2002 2168 2063 229
2199 2003 2448 2082 collegis
2475 2003 2818 2064 admonitus
2872 2003 3188 2065 mulierem
3245 2021 3364 2065 non
3397 2007 3669 2083 ejecerit,

2027 2091 2119 2153 vel
2147 2101 2462 2154 accusatus
2515 2092 2803 2172 probetur
2850 2093 3168 2154 inhoneste
3227 2111 3362 2153 cum
3393 2093 3495 2155 illa
3520 2113 3669 2157 con-

2029 2181 2254 2242 versari
2289 2203 2302 2239 :
2350 2182 2694 2262 deponitor,
2727 2189 2788 2242 et
2817 2182 2998 2242 curiae
3030 2181 3288 2242 civitatis
3315 2184 3376 2242 in
3403 2201 3520 2263 qua
3550 2184 3670 2246 cle.

2027 2270 2189 2332 ricus
2244 2271 2374 2344 fuit,
2423 2271 2698 2335 traditor.
2756 2268 3089 2350 Episcopus
3120 2278 3344 2346 autem,
3380 2271 3481 2352 qui
3532 2291 3668 2336 mu-

2030 2359 2161 2420 lieri
2215 2358 2542 2433 cohabitat,
2599 2362 2846 2420 omnino
2907 2359 3251 2439 deponitur.
3286 2357 3494 2442 Neque
3523 2381 3668 2426 vero

2025 2447 2367 2510 diaconissa
2417 2448 2706 2528 cuipiam,
2767 2448 2828 2509 in
2884 2467 3062 2527 quem
3111 2448 3355 2511 sinistra
3404 2451 3668 2530 suspicio

2023 2537 2220 2612 cadat,
2253 2537 2599 2599 cohabitare
2629 2545 2846 2617 potest.
2892 2539 3038 2610 Quae
3077 2537 3151 2598 ab
3183 2539 3466 2619 episcopo
3497 2559 3669 2602 com-

2025 2625 2380 2699 monefacta,
2417 2627 2465 2687 si
2497 2626 2665 2687 illum
2694 2627 2917 2704 ejicere
2951 2626 3207 2706 differat,
3233 2626 3529 2706 spoliatur
3559 2630 3668 2691 mi-

2024 2716 2269 2777 nisterio
2302 2724 2360 2777 et
2391 2715 2622 2785 diariis,
2657 2724 2834 2796 atque
2876 2734 2986 2797 per
3015 2733 3254 2776 omnem
3289 2716 3468 2777 vitam
3494 2736 3666 2781 suam

2023 2804 2087 2865 in
2121 2806 2550 2867 monasterium
2583 2804 2874 2885 injicitur.
2909 2807 3028 2869 Res
3073 2811 3272 2866 autem
3319 2806 3473 2886 ejus,
3509 2806 3560 2869 si
3592 2807 3666 2870 li-

2023 2891 2203 2956 beros
2233 2895 2473 2968 habeat,
2505 2894 2668 2955 inter
2724 2895 2914 2974 ipsam
2960 2903 3020 2955 et
3049 2894 3185 2955 illos
3217 2911 3323 2975 pro
3354 2903 3482 2956 rata
3515 2896 3666 2959 divi-

2023 2984 2244 3045 duntur
2275 3002 2289 3047 :
2325 2992 2382 3046 et
2413 3002 2545 3066 qua;
2576 2984 2689 3062 ipsi
2715 2985 2905 3065 portio
2930 2983 3372 3064 competit,eam
3400 3003 3506 3064 pro
3537 2986 3668 3066 ejus

2021 3073 2302 3135 alimonia
2335 3073 2762 3134 monasterium
2797 3074 2953 3154 capit
2988 3092 3002 3134 :
3039 3073 3132 3134 sin
3160 3071 3383 3134 liberos
3413 3093 3531 3136 non
3564 3076 3668 3137 ha-

2022 3160 2149 3236 bet,
2211 3162 2470 3223 ecclesia
2527 3161 2587 3222 in
2635 3180 2750 3243 qua
2805 3169 2960 3238 erat,
3015 3170 3075 3224 et
3128 3162 3560 3226 monasterium
3595 3182 3667 3227 ex

2021 3269 2194 3328 aequo
2228 3251 2359 3312 illas
2386 3254 2754 3332 partiuntur.

2100 3340 2274 3406 CAP.
2306 3342 2437 3403 XV.
2468 3375 2545 3386 —
2578 3341 2880 3416 Quomodo
2929 3342 3233 3421 episcopos
3283 3341 3379 3404 vel
3407 3341 3666 3407 clericos

2016 3431 2109 3491 vel
2136 3432 2503 3492 continentes
2523 3431 2810 3493 accedere
2835 3430 3050 3492 deceat
3081 3430 3162 3492 ad
3194 3431 3497 3497 mulieres.

2261 3610 2530 3673 Concilii
2552 3610 3065 3691 Carthaginensis
3092 3627 3291 3674 canon
3318 3611 3420 3674 30.

2107 3702 2180 3766 Ut
2209 3702 2442 3778 clerici,
2472 3703 2564 3765 vel
2595 3705 2994 3780 continentes,
3031 3703 3110 3765 ad
3139 3705 3412 3783 virgines
3440 3702 3536 3767 vel
3564 3709 3663 3766 vi-

2020 3793 2177 3855 duas
2194 3810 2316 3854 non
2347 3793 2690 3856 accedant..

2099 3882 2280 3946 38.Ut
2309 3881 2517 3943 clerici
2546 3883 2632 3956 98,
2671 3881 2761 3942 vel
2795 3882 3202 3957 continentes,
3236 3881 3308 3943 ad
3335 3882 3550 3946 viduas
3573 3884 3665 3946 vel

2013 3971 2300 4052 virgines,
2337 3971 2450 4032 nisi
2482 3989 2551 4033 ex
2577 3973 2752 4051 jussu
2786 3971 2876 4032 vel
2913 3973 3209 4051 permissu
3236 3972 3663 4052 episcoporqu

2017 4071 2120 4124 aut
2168 4061 2683 4141 presbyterorum,
2740 4078 2860 4121 non
2910 4059 3248 4123 accedant:
3305 4068 3364 4122 et
3393 4063 3507 4124 hoc
3541 4081 3665 4124 non

2016 4150 2129 4212 solt
2178 4150 2420 4226 faciant,
2475 4150 2582 4212 sed
2640 4168 2774 4211 cum
2832 4148 3221 4223 conclericis,
3255 4149 3345 4212 vel
3402 4169 3536 4212 cum
3571 4152 3668 4212 bis

2016 4240 2232 4321 quibus
2263 4240 2585 4320 episcopus
2612 4247 2711 4302 aut
2743 4238 3060 4320 presbyter
3079 4238 3370 4318 jusserit:
3410 4258 3520 4302 nec
3551 4240 3667 4322 ipsi

2017 4327 2286 4409 episcopi
2316 4339 2377 4390 et
2408 4328 2746 4408 presbyteri
2781 4329 2896 4389 solt
2951 4327 3217 4389 habeant
3247 4346 3556 4391 accessum
3591 4329 3667 4391 ad

2017 4417 2364 4497 hujusmodi
2397 4417 2677 4492 feminas,
2697 4417 2806 4478 sed
2836 4417 2937 4479 ubi
2968 4425 3070 4479 aut
3097 4417 3302 4480 clerici
3336 4425 3668 4498 praesentes

1953 4491 2000 4543 Π
2018 4491 2178 4579 sunt,
2212 4515 2316 4567 aut
2343 4524 2554 4582 graves
2582 4491 2768 4586 aliqui
2800 4505 3150 4570 Christiani.

2258 4601 2401 4661 223
2434 4601 2706 4664 Concitii
2734 4600 2976 4663 Νἰιεωιιί
3008 4617 3047 4662 ιι
3076 4617 3279 4664 canon
3308 4600 3409 4663 Ἡ.

2098 4693 2278 4770 Quod
2303 4703 2574 4776 oporteat
2601 4711 2737 4756 eum
2767 4695 3124 4773 gratiarum
3152 4700 3391 4756 actione
3413 4702 3470 4756 et
3499 4696 3668 4756 omni

2017 4787 2387 4848 uerecundia
2419 4802 2492 4847 ac
2522 4783 2824 4864 religione
2853 4783 3174 4845 monachos
3218 4800 3356 4845 cum
3386 4781 3667 4846 mulieri;

2022 4875 2152 4945 bus,
2186 4875 2242 4936 si
2274 4874 2536 4948 accidat,
2571 4872 2984 4935 manducare.

2099 4962 2330 5027 22.0w
2353 4963 2596 5044 quidem
2622 4961 2965 5023 universum
2991 4959 3366 5032 dedicare,et
3386 4979 3508 5023 non
3532 4979 3666 5044 pro-

2021 5054 2168 5134 priis
2185 5051 2597 5114 voluntatibus
2617 5052 2971 5116 serviremes
2994 5064 3210 5128 magna
3229 5049 3490 5114 est.Sive
3509 5052 3671 5115 enim

2021 5143 2492 5215 comeditis,sive
2515 5138 3672 5221 bibitisjnquitdivinus-Apostolus.om-

2023 5238 2131 5294 nia
2157 5233 2225 5293 in
2251 5231 2353 5292 Dei
2377 5232 2645 5309 gloriam
2671 5231 2860 5307 facite
2875 5230 2958 5290 99.
2988 5229 3266 5293 Christus
3286 5237 3488 5293 autem
3515 5233 3676 5296 Deus

2025 5329 2229 5383 noster
2252 5321 2312 5380 in
2337 5320 2460 5381 suis
2481 5319 2822 5397 Evangeliis
2835 5320 3020 5400 jussit
3043 5327 3423 5400 peccatorum
3450 5320 3677 5402 princi-

2025 5416 2119 5492 pia
2139 5409 2577 5475 resecare.Nou
2597 5409 2759 5473 enim
2780 5410 3144 5476 adulterium
3166 5409 3363 5475 solum
3387 5410 3545 5494 apud
3570 5411 3671 5492 ip-
