4148 6198
445 317 554 383 691

1527 399 1530 402 ι
1623 299 1889 371 PHOTII
1943 275 2463 367 eumnam
2505 302 2623 369 cp.

3691 310 3810 376 692

445 472 574 517 sum
608 454 874 536 punitur,
909 450 1016 514 sed
1077 449 1260 512 etiam
1322 443 1702 536 cogitationis
1755 448 1951 536 motus
2011 435 2114 536 adi

2194 464 2225 536 ι.
2261 440 2486 519 μοιχεία
2529 440 2692 536 μύνον
2734 465 2840 522 παρ
2884 445 3042 502 αὐτοῦ
3102 442 3414 536 κολάζεται,
3450 444 3588 502 ἀλλὰ
3642 447 3732 503 καὶ
3775 447 3809 514 ἡ

445 527 924 626 aggrediendum
957 538 1320 602 adulterium
1354 535 1816 626 condemnatur,
1846 531 1977 626 ipso
2005 527 2092 590 di-

449 621 623 697 cente
650 653 664 693 :
699 633 815 707 Qui
849 633 1162 712 aspexerit
1191 626 1517 690 mulierem
1547 623 1626 686 ad
1652 621 2089 712 concupiscen-

450 725 593 787 dam
625 724 848 800 ipsam,
883 710 1016 783 eam
1063 721 1198 798 jam
1229 719 1296 780 in
1345 715 1529 779 corde
1569 728 1679 776 suo
1717 710 2088 800 adultaﬁviti.

451 811 624 874 Unde
652 799 766 872 nos
794 827 1034 891 quoque
1084 807 1306 881 edocti,
1357 805 1652 867 debemus
1701 799 2096 879 cogitationes

452 917 732 982 purgare.
766 899 911 962 Etsi
937 900 1104 961 enim
1128 897 1331 960 omnia
1363 897 1569 968 licent,
1593 910 1716 954 non
1743 899 1948 982 tamen
1976 904 2098 948 om-

449 980 564 1054 nia
593 989 928 1070 expediunt
955 987 1003 1065 9,
1040 996 1105 1050 ut
1136 1005 1170 1049 a
1199 1003 1343 1047 voce
1401 982 1736 1065 apostolica
1785 980 2095 1070 docemur.

452 1065 829 1157 Cuivis-ergo
860 1077 1093 1140 homini
1127 1093 1378 1139 necesse
1412 1081 1500 1135 est
1533 1071 1877 1143 comedere,
1909 1075 1972 1130 ut
2001 1065 2093 1128 vi-

451 1180 554 1232 vat
587 1189 600 1232 :
659 1177 719 1230 et
775 1167 998 1249 quibus
1058 1174 1150 1228 est
1180 1166 1305 1226 vita
1337 1163 1582 1244 quidem
1618 1157 2009 1249 matrimonii,
2043 1163 2101 1217 et

452 1247 811 1333 liberorum,
843 1265 902 1319 et
931 1257 1097 1318 laicaa
1132 1252 1606 1327 constitutionis,
1642 1247 1978 1330 permistim
2005 1263 2102 1306 co-

455 1348 705 1410 medere
733 1347 892 1408 viros
923 1353 982 1409 et
1008 1344 1440 1424 mulieres,'est
1475 1341 1548 1403 ab
1581 1340 1742 1403 omni
1771 1337 2104 1418 reprehen-

459 1441 632 1503 sione
661 1436 950 1513 alienum,
986 1436 1038 1497 si
1071 1434 1248 1496 modo
1281 1433 1338 1496 ei
1391 1432 1495 1510 qui
1528 1429 1626 1490 dat
1668 1430 2100 1490 nutrimentum

458 1527 679 1608 gratias
723 1534 922 1606 agant,
957 1543 1077 1586 non
1109 1541 1244 1586 cum
1298 1519 1557 1584 scenicis
1586 1515 2103 1608 quibusdam-stu-

460 1605 602 1691 diis,
661 1605 788 1678 sive
845 1611 1128 1677 satanicis
1187 1610 1438 1674 canticis
1499 1615 1559 1671 et
1599 1605 2005 1671 citharoecidis
2035 1620 2105 1666 ac

2172 527 2383 595 κίνησις
2436 537 2529 587 τοῦ
2579 530 2843 611 λογισμοῦ
2890 537 3022 612 πρὸς
3071 535 3172 602 τὴν
3200 536 3299 603 τῆς
3333 537 3590 616 μοιχείας
3621 535 3814 615 ἐγχεί-

2174 639 2356 695 ρησιν,
2399 631 2781 699 κατακέκριται
2820 641 2834 657 ⁶
2893 622 3147 702 λέγοντος
3206 629 3390 697 αὐτοῦ,
3427 617 3485 684 ’0
3536 623 3814 702 ἐμϐλέψας

2175 710 2388 785 γυναικί
2446 711 2578 789 πρὸς
2640 713 2701 768 τὸ
2760 715 3084 788 ἐπιθυμῆσαι
3143 713 3333 789 αύτῆς,
3387 714 3491 783 ἤδη
3550 717 3816 794 ἐμοίχευε-

2175 817 2267 854 σεν
2323 798 2487 866 αὐτὴν
2530 799 2586 856 ἐν
2637 806 2706 877 τῇ
2759 800 2944 881 καρδίᾳ
2987 802 3172 863 αὐτού.
3233 804 3422 860 Ἔνθεν
3482 804 3569 862 οὖν
3629 809 3816 880 μαθη-

2177 887 2468 964 τευθέντες,
2532 888 2827 968 λογισμοὺς
2871 893 3158 972 ὀφείλομεν
3214 896 3483 968 καθαίρειν
3517 913 3534 932 ⁸
3599 897 3657 952 Et
3714 893 3817 972 γὰρ

2178 978 2265 1034 καὶ
2323 979 2496 1037 πάντα
2571 978 2794 1055 ἔξεστιν,
2869 982 2990 1039 ἀλλ’
3049 984 3108 1041 ού
3165 984 3339 1040 πάντα
3398 983 3681 1064 συμφέρει,
3741 985 3818 1046 ὡς

2179 1064 2231 1131 ἐξ
2289 1066 2654 1136 ἀποστολικῆς
2712 1071 2893 1149 φωνῆς
2937 1069 3314 1148 διδασκόμεθα,
3349 1073 3585 1152 Ἐπάναγ
3601 1095 3686 1136 ιιες
3729 1074 3820 1128 οὖν

2183 1154 2294 1212 ἔστι
2336 1160 2496 1214 παντὶ
2538 1156 2683 1237 ἀνδρὶ
2746 1158 2830 1216 διὰ
2880 1163 2940 1217 τὸ
2984 1169 3082 1239 ζῇν
3126 1162 3316 1220 ἐσθίειν
3352 1183 3364 1196 ·
3399 1167 3487 1221 καὶ
3518 1165 3607 1228 οἷς
3652 1163 3752 1238 μὲν
3792 1165 3820 1218 6

2182 1245 2296 1322 βίος
2329 1245 2418 1302 ἐστ
2434 1246 2472 1321 ἰ,
2509 1248 2684 1326 γᾶμου
2718 1250 2806 1306 καὶ
2851 1251 3050 1308 τέκνων
3100 1253 3189 1308 καὶ
3250 1251 3448 1321 λα’ἰκῆς
3508 1251 3816 1324 διαθέσεως,

2183 1333 2372 1412 ἀναμὶξ
2427 1336 2616 1395 ἐσθίειν
2651 1336 2841 1416 ἄνδρας
2896 1343 2986 1398 καὶ
3041 1354 3326 1421 γυναῖκας,
3385 1350 3492 1400 τῶν
3552 1340 3824 1412 ἀδιαῦλη-

2183 1445 2292 1480 των
2322 1425 2434 1482 ἐστί
2466 1444 2481 1463 ·
2533 1430 2696 1503 μόνον
2739 1437 2815 1502 τῷ
2845 1427 3036 1487 διδόντι
3067 1432 3169 1499 τὴν
3199 1433 3424 1512 τροφὴν,
3459 1433 3560 1501 τὴν
3591 1434 3823 1512 εὔχαρι-

2185 1514 2333 1572 στίαν
2394 1519 2789 1597 προσάγοντας,
2850 1523 2938 1577 καὶ
2996 1523 3075 1597 μὴ
3130 1520 3215 1578 διά
3289 1545 3452 1580 τινων
3520 1521 3827 1599 θυμελικῶν

2184 1602 2645 1682 ἐπιτηδευμάτων,
2703 1607 2881 1670 εἵτουν
2933 1614 3245 1668 Σατανικῶν
3309 1613 3587 1693 ᾀσμάτων,
3664 1615 3826 1669 κιθα-

459 1704 823 1768 meretriciis
848 1700 1320 1775 inﬂexionibus;
1355 1717 1508 1777 quos
1547 1695 1898 1778 prophetica
1927 1710 2103 1756 exse-

2194 1695 2294 1773 ρῶν
2345 1717 2406 1752 τε
2465 1701 2561 1754 καὶ
2621 1700 2891 1777 πορνικῶν
2945 1699 3288 1779 λυγισμάτων
3326 1717 3340 1732 ⁸
3391 1707 3480 1768 οἷς
3529 1703 3825 1783 ἐπέρχεται

461 1794 646 1857 cratio
679 1794 1084 1874 persequitur,
1119 1791 1208 1854 sic
1264 1790 1478 1853 dicens
1517 1807 1531 1852 :
1575 1787 1667 1850 νω
1700 1787 1812 1867 qui
1843 1802 1977 1847 cum
2007 1785 2098 1845 ci-

2194 1785 2498 1864 προφητικὴ
2561 1788 2660 1865 ἄρα
2700 1789 2892 1845 οὒτωσὶ
2932 1787 3160 1868 λέγουσα
3195 1807 3209 1822 ⁶
3248 1793 3374 1849 Ούαὶ
3433 1795 3483 1849 οἱ
3541 1795 3678 1870 μετὰ
3730 1815 3826 1849 κι-

466 1884 642 1946 thara
672 1891 730 1945 et
755 1883 1051 1963 psalterio
1099 1887 1310 1943 vinum
1343 1879 1581 1952 bibunt,
1615 1875 1869 1939 Domini
1897 1881 2102 1935 autem

2194 1874 2345 1963 θάρας
2405 1876 2493 1931 καὶ
2577 1875 2873 1956 ψαλτηρίου
2933 1880 3022 1936 τὸν
3079 1881 3231 1938 οἶνον
3287 1882 3558 1957 πίνοντες,
3630 1883 3698 1940 τὰ
3769 1879 3826 1938 δὲ

461 1989 645 2053 opera
665 1961 791 2034 non
818 1974 1173 2052 respiciunt,
1200 1977 1255 2032 et
1288 1985 1472 2050 opera
1501 1982 1795 2029 manuum
1826 1965 1954 2053 ejus
1981 1979 2104 2053 non

2194 1961 2316 2042 ἔργα
2373 1966 2560 2042 Κυρίου
2633 1969 2727 2025 οὒκ
2811 1966 3161 2051 ἐμϐλέπουσι,
3220 1972 3316 2028 καῖ
3383 1974 3448 2029 τὰ
3532 1971 3662 2052 ἔργα
3717 1977 3826 2028 τῶν

463 2052 922 2126 consideranti
957 2061 1030 2124 Et
1057 2059 1252 2122 sicubi
1283 2058 1433 2120 tales
1457 2057 1686 2119 fuerint
1713 2054 1872 2116 inter
1906 2052 2105 2115 Chris-

2194 2054 2392 2133 χειρῶν
2447 2058 2606 2113 αὐτοῦ
2667 2058 2728 2113 οὒ
2784 2066 3104 2117 κατανοοῦσι
3139 2077 3152 2091 ⁸
3201 2063 3288 2118 καὶ
3331 2064 3375 2119 εἰ
3432 2062 3653 2120 πώποτε
3710 2061 3834 2118 εἷεν

463 2152 682 2232 tianos,
716 2152 1091 2230 corrigantur
1125 2171 1139 2210 :
1173 2149 1268 2211 sin
1300 2149 1519 2223 minus,
1556 2146 1838 2208 adversus
1869 2161 1972 2204 eos
2001 2159 2104 2203 ro-

2194 2152 2419 2202 τοιοῦτοι
2479 2147 2534 2200 ἐν
2577 2159 2694 2209 τοῖς
2750 2154 3118 2226 Χριστιανοϊς,
3165 2149 3584 2228 διορθούσθωσαν
3617 2169 3633 2184 ⁸
3680 2154 3726 2209 εἰ
3773 2149 3831 2208 δὲ

464 2241 580 2303 bur
609 2259 785 2303 suum
824 2239 1139 2302 obtineant
1171 2257 1302 2320 quae
1331 2237 1405 2300 ab
1439 2238 1538 2312 iis,
1572 2237 1672 2318 qui
1706 2252 1815 2296 nos
1846 2249 2106 2315 praeces-

467 2339 698 2403 serunt,
734 2331 1027 2393 canonice
1059 2329 1276 2391 tradita
1305 2337 1468 2390 sunt.
1521 2326 1630 2390 Cui
1677 2332 1873 2386 autem
1908 2321 2111 2403 quieta

470 2427 561 2483 est
591 2420 707 2483 vita
756 2428 816 2482 et
869 2419 1163 2496 solitaria,
1196 2426 1260 2480 ut
1311 2418 1411 2499 qui
1464 2417 1718 2479 Domino
1751 2413 1875 2475 Deo
1897 2413 2108 2493 jugum

469 2509 867 2571 monasticum
905 2508 1119 2570 tollere
1147 2507 1452 2583 statuerit,
1487 2507 1550 2568 in
1583 2503 1906 2566 solitudine
1937 2510 1995 2566 et
2024 2502 2112 2562 si-

470 2598 660 2660 lentio
692 2597 945 2662 sedebit.
983 2598 1162 2678 Atqui
1193 2597 1335 2657 224
1361 2615 1475 2658 nec
1503 2595 1576 2656 iis
1599 2590 1912 2672 etiam,qui
1934 2592 2114 2652 vitam

473 2685 908 2749 sacerdotalem
967 2685 1286 2766 elegerint,
1348 2685 1490 2747 licet
1537 2682 1782 2745 omnino
1843 2698 2114 2743 seorsum

475 2793 610 2838 cum
644 2774 1001 2838 mulieribus
1033 2773 1374 2852 comedere,
1415 2774 1530 2834 nisi
1563 2771 1772 2852 utique
1804 2787 1936 2831 cum
1972 2768 2117 2830 divi-

474 2865 572 2928 nis
600 2872 661 2927 et
714 2863 1016 2943 religiosis
1073 2863 1214 2925 viris
1262 2881 1330 2925 ac
1382 2859 1744 2924 mulieribus
1777 2879 1792 2921 :
1827 2867 1890 2920 ut
1919 2858 2116 2938 ipsum

476 2960 654 3018 etiam
688 2953 1030 3019 convivium
1056 2952 1129 3015 ad
1163 2953 1495 3034 spiritalem
1530 2949 1972 3012 correctionem
2007 2946 2116 3008 ad-

478 3044 679 3107 ducat.
711 3046 899 3105 Porro
957 3042 1221 3123 idipsum
1271 3042 1448 3104 etiam
1479 3046 1541 3101 tn
1575 3039 1840 3118 cognatis
1873 3037 2114 3099 faciant.

2191 2233 2270 2309 μή
2308 2253 2395 2312 γε,
2455 2234 2814 2312 κρατείτωσαν
2856 2236 2942 2295 ἐπ’
2988 2243 3169 2305 αὐτοῖς
3239 2242 3305 2298 τὰ
3361 2243 3504 2321 παρὰ
3561 2241 3667 2298 τῶν
3725 2243 3834 2319 πρὸ

2192 2324 2349 2398 ἡμῶν
2393 2330 2686 2382 κανονικῶν
2729 2324 3031 2388 ἐκδοθέντα.
3066 2329 3167 2395 Οἷς
3199 2327 3251 2385 δὲ
3285 2333 3312 2388 6
3362 2331 3477 2405 βίος
3520 2331 3660 2388 ἐστὶν
3691 2333 3834 2401 ἡσύ-

2195 2433 2318 2492 χιος
2370 2413 2457 2468 καὶ
2517 2414 2870 2491 μονότροπος,
2931 2419 3005 2481 ὡς
3067 2419 3477 2495 συνταξαμένους
3526 2422 3697 2499 Κυρίῲ
3755 2427 3836 2494 τῷ

2199 2507 2316 2575 Θεῷ
2339 2502 2496 2573 ἡμῶν
2526 2505 2680 2583 ζυγὸν
2732 2505 2947 2584 μονήρη
3004 2508 3150 2587 ἆραι,
3189 2512 3400 2568 καθίσαι
3442 2533 3502 2567 τε
3546 2511 3682 2568 κατᾶ
3728 2513 3836 2587 μό-

2197 2611 2290 2680 ναᾼς
2329 2592 2437 2680 ,καὶ
2496 2598 2798 2674 σιωπῆσαι,
2853 2595 2992 2652 ἀλλά
3068 2599 3177 2672 μὴν
3247 2601 3335 2656 καὶ
3390 2614 3510 2664 τοῖς
3565 2602 3837 2680 ἱερατικὸν

2199 2677 2574 2756 ἐκλεξαμένοις
2627 2684 2762 2759 βίον,
2823 2683 3055 2750 ούδόλως
3118 2685 3283 2753 ἔξεστι
3343 2688 3582 2747 κατιδίαν
3617 2677 3840 2769 ⁷γυνλιιξῖ

2198 2771 2511 2858 συνεσθίειν,
2547 2773 2592 2826 εί
2622 2773 2792 2846 μήπω
2840 2775 2977 2848 μετά
3018 2798 3175 2834 τινων
3224 2777 3493 2858 θεοφύόων
3537 2781 3626 2837 καὶ
3668 2780 3836 2839 εύλα-

2199 2856 2308 2916 ϐῶν
2355 2857 2556 2939 ἀνδρῶν
2613 2860 2648 2928 ἧ
2695 2864 2782 2919 καὶ
2825 2873 3086 2942 γυναικῶν
3124 2887 3140 2904 ·
3183 2868 3276 2924 ’ίνα
3321 2856 3410 2925 καὶ
3460 2869 3596 2938 αὖτῆ
3625 2871 3662 2939 ἦ
3704 2892 3835 2927 συν-

2201 2948 2458 3038 εστίασις,
2547 2951 2678 3028 πρὸς
2764 2955 3090 3032 κατόρθωσιν
3174 2959 3540 3033 πνευματικὴν
3595 2959 3784 3038 ἀπάγῃ
3816 2975 3835 2992 ⁶

2201 3039 2290 3096 καὶ
2352 3037 2437 3094 ἐπὶ
2497 3047 2770 3119 συγγενῶν
2814 3040 2869 3098 δὲ
2913 3046 2973 3101 τὸ
3018 3048 3143 3104 αὐτὸ
3186 3049 3530 3111 ποιείτωσαν,
3567 3051 3626 3107 Εἰ
3657 3037 3844 3106 δέκαί

477 3132 542 3196 Si
571 3141 769 3196 autem
798 3150 1008 3195 rursus
1037 3131 1369 3209 contingat,
1403 3138 1471 3219 ut
1507 3147 1639 3210 qum
1669 3136 1808 3219 sunt
1839 3128 2114 3219 adusum

2205 3131 2350 3219 αὖθις
2404 3128 2466 3219 ἐν.
2504 3127 2775 3210 ὁδοιπορίᾳ
2808 3131 2986 3211 συμϐῇ
3039 3136 3103 3192 τὰ
3146 3141 3242 3203 τῆς
3300 3138 3596 3216 ἀναγκαίας
3652 3141 3846 3219 χρείας

478 3220 824 3284 necessaria
858 3239 978 3282 non
1011 3219 1219 3282 afferat
1242 3218 1570 3280 monachus
1603 3217 1694 3278 vel
1725 3216 2026 3290 sacerdos,
2063 3223 2123 3275 et

481 3317 728 3392 propter
757 3308 1175 3372 necessitatem
1213 3309 1357 3370 velit
1401 3308 1524 3369 sive
1553 3307 1614 3367 in
1649 3305 1886 3387 publico
1918 3305 2121 3367 diver-

479 3398 669 3474 sorio,
703 3398 828 3461 sive
880 3399 942 3460 in
973 3398 1229 3477 alicujus
1276 3397 1454 3459 domo
1499 3395 1824 3476 divertere,
1857 3395 1913 3457 ei
1949 3394 2122 3456 liceat

478 3489 595 3552 hoc
622 3488 844 3560 facere,
879 3494 1086 3570 utpote
1114 3495 1372 3567 argenta
1403 3486 1786 3550 necessitate.

563 3577 732 3642 CAP.
758 3576 918 3642 XVI.
950 3613 1030 3625 —
1063 3577 1296 3642 Clerieo
1337 3595 1468 3640 non
1492 3577 1628 3640 licet
1659 3581 1957 3640 interesse
1986 3592 2127 3638 con-

483 3669 650 3734 vivio
678 3685 892 3732 eorum
922 3668 1031 3750 qui
1078 3669 1178 3731 vel
1217 3673 1474 3744 iterum,
1504 3666 1598 3730 vel
1628 3667 1797 3730 haud
1827 3673 1988 3729 recte
2014 3682 2126 3727 nu-

485 3757 656 3823 bunt.

743 3851 1009 3916 Cancitti
1033 3851 1545 3916 Neocaesariensis
1574 3869 1770 3915 canon
1796 3854 1860 3914 7.

563 3963 626 4025 7.
657 3960 976 4043 Presbyter
1026 3964 1085 4025 in
1134 3960 1362 4042 nuptiis
1418 3959 1551 4042 ejus
1603 3961 1704 4041 qui
1734 3959 1880 4022 duas
1907 3975 2124 4021 uxores

487 4052 672 4126 ducit,
704 4069 812 4114 seu
845 4051 1122 4130 digamus
1153 4051 1432 4126 efﬁcitur,
1469 4069 1545 4113 ne
1575 4049 1942 4112 convivetur.
1976 4046 2122 4110 Cum

487 4142 648 4205 enim
703 4141 977 4221 requirat
1034 4139 1447 4221 paenitentiam
1501 4137 1796 4218 digamus,
1833 4137 1966 4215 quis
2014 4137 2130 4198 erit

485 4228 830 4312 presbyter,
861 4228 966 4307 qui
999 4247 1075 4291 eo
1106 4229 1266 4310 quod
1299 4229 1377 4290 sit
1402 4228 1670 4292 convivio
1701 4235 1982 4308 acceptus
2007 4227 2131 4308 [ac-

489 4317 850 4400 cipiendus],
885 4317 1111 4400 nuptiis
1138 4317 1505 4380 assentiatur
1527 4316 1559 4378 ?

976 4425 1278 4489 Timothei
1302 4443 1500 4489 canon
1532 4426 1629 4488 11.

2205 3218 2282 3308 μὴ
2314 3217 2652 3298 ἐπιφέρεσθαι
2685 3225 2928 3304 μοναχὸν
2978 3222 3007 3290 ἦ
3052 3227 3140 3282 καὶ
3187 3228 3451 3305 ἱερατικὸν
3508 3217 3708 3308 ἄνδρα,
3757 3231 3852 3286 καὶ

2203 3305 2286 3364 διὰ
2317 3309 2376 3364 τὸ
2423 3309 2720 3386 ἀναγκαῖον
2751 3321 3067 3390 καταλῦσαι,
3109 3317 3354 3392 βούλεται
3400 3316 3513 3374 εἴτε
3553 3305 3849 3375 ἐννπανδο-

2206 3396 2342 3476 χείῳ
2384 3397 2418 3465 ἦ
2461 3400 2552 3455 καὶ
2580 3399 2636 3454 ἐν
2665 3398 2804 3476 οἴκῳ
2835 3405 2977 3466 τινὸς
3029 3402 3208 3461 ἄδειαν
3259 3404 3411 3486 ἔχειν
3469 3407 3629 3466 αὐτὸν
3687 3415 3846 3466 τοδτο

2206 3501 2410 3564 ποιεῖν,
2443 3491 2516 3554 ὡς
2547 3489 2644 3558 τῆς
2675 3492 2862 3571 χρείας
2894 3495 3352 3572 καταπειγούσης.

2290 3583 2545 3641 ΚΕΦΑΛ.
2607 3579 2731 3654 ις’,
2794 3616 2874 3627 -
2905 3585 3028 3657 Περὶ
3071 3590 3164 3642 τοῦ
3197 3585 3275 3660 μὴ
3318 3583 3549 3666 ὀφείλειν
3581 3585 3844 3665 κληρικὸν

2207 3671 2575 3725 συνεστιᾶσθαι
2670 3677 2747 3745 τῷ
2841 3669 3312 3752 δευτερογαμοῦντι
3400 3674 3430 3741 ἦ
3515 3677 3847 3754 παρανόμως

2211 3756 2490 3837 γαμοῦντι.

2561 3851 2787 3913 Συνόδου
2817 3859 3230 3934 Νεοκαισαρείας
3261 3856 3436 3913 κανὼν
3465 3855 3513 3928 ζ’

2287 3959 2364 4031 ζ’,
2416 3959 2772 4038 Πρεσϐύτερον
2816 3964 2890 4028 εἷς
2933 3964 3106 4042 γάμον
3151 3963 3503 4043 διγαμοῦντος
3549 3965 3627 4039 μὴ
3661 3964 3851 4020 ἑστιά-

2207 4052 2326 4106 σθαι
2361 4063 2376 4078 ⁸
2439 4047 2555 4106 ἐπεὶ
2611 4050 2896 4124 μετάνοιαν
2954 4053 3225 4119 αἱτοῦντος
3296 4061 3388 4110 τοῦ
3449 4051 3702 4131 διγάμου,
3770 4054 3852 4118 τίς

2209 4136 2356 4195 ἔσται
2420 4140 2446 4194 6
2500 4137 2849 4219 πρεσϐύτερος
2895 4143 2923 4197 ὁ
2967 4139 3052 4198 διὰ
3095 4145 3191 4212 τῆς
3244 4143 3536 4208 ἑστιάσεως
3579 4155 3699 4207 τοῖς
3745 4144 3856 4222 γά-

2213 4250 2335 4305 μοις
2367 4228 2879 4307 συγκατατιθέμενος
2913 4250 2929 4310 ;

2715 4427 3001 4503 Τιμοθθέου
3034 4427 3208 4484 κανὼν
3239 4428 3313 4485 ια’
3327 4473 3340 4488 .

569 4531 981 4613 Interrogatio
1013 4532 1114 4595 11.
1151 4529 1214 4594 Si
1243 4531 1382 4610 quis
1410 4532 1696 4596 clericum
1727 4533 2048 4610 vocaverit,
2067 4549 2114 4594 Ill

2194 4537 2198 4568 ’
2292 4533 2621 4612 Ἓρώτησις.
2658 4523 2754 4597 ια’.
2791 4534 2919 4596 Ἐάν
2948 4559 3028 4602 τις
3085 4535 3292 4613 καλέσῃ
3349 4535 3610 4614 κληρικὸν
3655 4539 3731 4602 είς
3793 4540 3858 4596 τὸ

489 4621 874 4686 matrimonio
908 4622 1254 4702 conjungat,
1288 4622 1495 4686 audiat
1524 4632 1721 4685 autem
1779 4639 1914 4685 esse
1946 4622 2114 4685 illici-

2210 4621 2382 4694 ζεῦξαι
2425 4623 2622 4700 γάμον,
2667 4625 2869 4703 ἀκούσῃ
2926 4624 2981 4682 δὲ
3020 4627 3113 4682 τὸν
3181 4627 3358 4704 γάμον
3417 4626 3757 4705 παράνομον,
3823 4627 3857 4696 ἤ

489 4721 615 4776 tum
649 4711 1124 4793 matrimonium,
1155 4717 1364 4793 utpote
1408 4711 1499 4774 vel
1528 4713 1726 4775 amitae
1753 4711 2114 4792 conjugium,

2211 4712 2547 4791 θειογαμίαν,
2611 4711 2641 4780 ἤ
2700 4713 2824 4792 γοῦν
2881 4712 3114 4794 ἀδελφὴν
3162 4713 3566 4782 τελευτησάσης
3600 4717 3857 4792 γυναικὸς

485 4802 581 4866 vel
635 4799 933 4866 defuncta
963 4800 1168 4866 uxoris
1197 4819 1332 4864 esse
1359 4819 1631 4864 sororem
1686 4819 1840 4876 eam,
1878 4819 2012 4882 quae
2039 4813 2114 4865 esi

2213 4802 2312 4870 τὴν
2358 4799 2656 4876 μέλλουσαν
2711 4803 3044 4881 ζεύγνυσθαι,
3111 4805 3157 4860 εἰ
3229 4803 3430 4882 ὀφείλει
3489 4803 3857 4873 ἀκολουθῆσαι

489 4889 872 4954 matrimonio
903 4890 1346 4972 conjungenda,
1379 4890 1637 4955 debetne
1660 4892 1832 4972 sequi
1854 4891 2108 4956 clericus

2219 4893 2247 4950 6
2276 4891 2528 4970 κληρικδς
2565 4890 2594 4959 ἥ
2624 4892 2929 4972 προσφορὰν
2955 4897 3179 4961 ποιῆσαι
3211 4912 3227 4974 ;

490 4981 584 5044 vel
613 4981 811 5045 facere
841 4979 1262 5044 oblationem?
2963 5049 2966 5053 λ

571 5069 930 5152 Responsio.
963 5069 1095 5135 Uno
1139 5069 1321 5133 verbo
1371 5070 1530 5134 dixi:
1583 5069 1649 5134 Si
1677 5069 1974 5133 audiverit
2002 5069 2114 5134 cle-

2296 5068 2631 5152 Ἀπόκρισις.
2679 5069 2856 5138 "avrai
2890 5071 3053 5130 εἶπον
3090 5089 3103 5104 °
3137 5071 3264 5131 Ἐὰν
3297 5069 3498 5149 ἀκούσῃ
3530 5073 3558 5129 6
3596 5071 3859 5148 ιιληρικὺς

491 5157 656 5222 ricus
698 5158 978 5222 illicitum
1021 5159 1499 5236 matrimonium,
1547 5178 1668 5223 non
1699 5159 1880 5222 debet
1911 5159 2114 5225 alieni:

2213 5161 2306 5220 τὸν
2361 5162 2536 5240 γάμον
2591 5162 2924 5240 παράνομον,
2981 5162 3078 5219 οὒκ
3132 5159 3330 5242 ὀφείλει
3360 5174 3646 5221 κοινωνεῖν
3675 5162 3858 5220 ἁλλο-

495 5249 755 5330 peccatis
781 5249 1251 5328 communicare,
1283 5258 1349 5314 ut
1377 5250 1524 5316 dicit
1552 5250 1907 5334 Apostolus.

2212 5251 2381 5332 τρίαις
2411 5251 2718 5332 ἁμαρτίαις,
2749 5251 2925 5318 καθώς
2956 5272 3120 5332 φησιν
3151 5253 3178 5311 6
3213 5249 3563 5317 Ἀπόστολος.

579 5575 600 5629 ι
636 5572 846 5643 Matth.
877 5591 937 5654 v,
972 5572 1072 5640 28.
1159 5574 1186 5619 ²
1216 5575 1241 5641 Ι
1275 5573 1409 5639 Cor.
1443 5589 1522 5652 vi,
1556 5574 1616 5654 1,
1649 5573 1710 5640 2.
1792 5575 1825 5627 3
1855 5575 2062 5642 Amos.
2092 5589 2176 5653 vx,
2209 5574 2271 5640 5.
