4148 6198
447 277 574 345 695
1367 317 1376 321 -
1645 271 1914 338 PHOTII
1955 269 2095 336 PA'I

2194 269 2473 335 ARGH/E
2513 271 2629 336 GP.
3081 313 3084 316 μ
3701 263 3825 334 696

441 415 620 479 nensi
647 421 814 494 gesta
843 419 1004 488 sunt,
1037 417 1097 473 et
1125 407 1671 490 subscriptionibus
1698 407 1946 470 fratrum
1975 407 2081 467 tir-

2190 405 2349 463 ἷονίων
2397 403 2727 472 Ἐκκλησίαν
2759 401 3092 483 πραχθέντα,
3128 400 3224 458 καΐ
3269 413 3394 467 ταῖς
3439 407 3550 459 τῶν
3579 398 3824 480 ἀδελφῶν

445 514 604 568 mata
633 490 998 574 claruerunt,
1032 500 1210 563 etiam
1271 518 1382 560 nos
1428 499 1544 560 hoc
1579 509 1920 560 servaturos
1951 513 2085 558 esse

2190 507 2504 573 ιπογραφατς
2579 497 2816 571 φανερῶς
2879 491 3205 570 κυρωθέντα,
3250 493 3339 548 καὶ
3396 493 3541 568 ἡμᾶς
3601 490 3677 548 ἔτι
3723 491 3825 565 μὲν

446 596 759 674 proﬁteor.
821 590 938 654 Sed
993 589 1140 652 illud
1171 588 1419 663 scimus,
1453 586 1792 650 inviolatam
1848 604 2089 666 semper

449 682 744 746 mansisse
773 679 1240 743 ecclesiasticam
1275 676 1679 758 disciplinam,
1739 677 1823 739 ita
1852 685 1918 737 ut
1949 675 2088 737 nul-

450 773 544 836 lus
593 772 839 833 fratrum
893 767 1191 850 prioribus
1245 768 1371 830 suis
1399 785 1465 829 se
1494 765 1811 847 aliquando
1842 764 2089 827 auderet

446 869 840 942 anteponere,
873 858 978 922 sed
1021 857 1236 920 ofﬁciis
1285 856 1593 920 cbaritatis
1624 855 1682 917 id
1714 872 1952 934 semper
1981 871 2088 915 exe-

445 950 703 1015 hibitum
763 959 850 1010 est
909 947 1229 1028 prioribus,
1291 945 1447 1025 quod
1502 944 1576 1007 ab
1635 942 2089 1025 insequentibus

446 1047 747 1120 gratanter
776 1054 1018 1117 semper
1052 1036 1450 1115 acciperetur.
1486 1036 1662 1096 Hunc
1695 1032 1970 1094 ordinem
1991 1032 2088 1120 ju-

447 1118 589 1191 beat
617 1127 898 1190 sanctitas
929 1133 1126 1187 vestra
1158 1123 1373 1186 melius
1429 1122 1640 1184 vestris
1675 1118 2090 1182 interlocutio-

449 1218 630 1282 nibus
661 1215 958 1280 roborari.

532 1397 631 1460 89.
693 1395 978 1460 Aurelius
1034 1393 1357 1475 episcopus
1404 1392 1604 1455 dixit:
1647 1393 1778 1453 Non
1811 1391 2094 1453 decuerat

452 1487 696 1568 quidem
728 1492 795 1549 ut
850 1487 978 1548 haec
1033 1488 1473 1565 repeteremus,
1506 1479 1622 1542 nisi
1653 1479 1804 1542 forte
1833 1480 2087 1541 exsiste-

451 1585 587 1640 rent
617 1574 1080 1638 inconsideratae
1128 1577 1359 1634 mentes
1401 1570 1820 1652 quorumdam,
1852 1586 1987 1651 quae
2017 1568 2089 1632 ad

451 1667 581 1728 hac
638 1663 952 1728 statuenda
1006 1672 1244 1725 BOSU'OS
1300 1668 1585 1723 acuerent
1641 1677 1861 1721 880308
1915 1681 1928 1717 ε
1982 1662 2090 1721 88d

2168 584 2494 663 φυλάξοντας
2553 581 2902 660 ὁμολογήσω.
2979 578 3196 638 Ἐκεῖνο
3244 583 3414 637 τοίνυν
3461 581 3820 655 ὶπιστᾶμεθα,

2171 674 2428 749 ἀμίαντον
2500 672 2582 728 ἀεὶ
2645 672 2742 740 τὴν
2804 669 3261 737 ἐκκλησιαστικὴν
3305 669 3659 749 φυλάττεσθαι
3716 691 3824 726 κα-

2171 764 2424 819 τάστασιν
2481 760 2674 834 οὕτως,
2736 762 2806 824 ὣς
2875 757 3078 830 μηδένα
3139 765 3248 814 τῶν
3320 756 3563 838 ἀδελφῶν
3618 757 3824 833 τολμᾷν

2171 853 2354 910 ἑαυτὸν
2400 856 2660 929 προτιμᾶν
2692 855 2974 927 προπετῶς
3008 853 3115 903 τῶν
3159 851 3260 924 πρὸ
3311 847 3495 922 αὐτοῦ,
3548 846 3688 904 ἀλλᾶ
3729 848 3830 905 καῖ

2171 941 2206 998 ἃ
2231 953 2356 1004 ταῖς
2385 945 2485 1007 τῆς
2546 940 2759 1018 ἂγάπης
2809 936 3018 1002 τάξεσιν
3049 937 3128 993 ἀεὶ
3160 939 3472 1018 παρεσχέθη
3524 932 3643 999 τοῖς
3694 957 3830 1016 προ-

2169 1050 2365 1108 τεροις,
2425 1030 2559 1105 ἅπερ
2608 1031 2654 1085 ol
2698 1026 3182 1088 ὶπακολουθοῦντες
3236 1028 3540 1106 χαριέντως
3602 1023 3829 1081 κατεδέ-

2174 1121 2330 1186 ξαντο
2364 1136 2380 1153 ⁸
2426 1118 2622 1185 ταύτην
2679 1119 2769 1174 οὖν
2828 1117 2928 1182 τὴν
2979 1113 3123 1179 τάξιν
3182 1116 3421 1172 κελεύσει
3489 1117 3526 1182 ἡ
3601 1115 3834 1191 ὑμετέρα

2175 1209 2443 1286 ἀγιωσύνη
2489 1209 2804 1287 κρειττόνως
2858 1219 2980 1271 ταῖς
3042 1205 3325 1285 ὑμετέραις
3370 1205 3682 1269 διαλαλιαϊς
3724 1206 3830 1281 βε-

2173 1296 2431 1357 ϐαιῶσαι.
3463 1299 3470 1308 ’

2256 1387 2367 1450 πθ’,
2415 1386 2678 1464 Αὐρήλιος
2733 1388 3024 1452 επίσκοπος
3067 1392 3224 1445 εἶπεν
3260 1403 3276 1418 ⁶
3339 1385 3448 1444 Οὔκ
3492 1385 3666 1465 ἐχρῆν
3725 1383 3834 1457 μὶν

2173 1478 2316 1553 ἡμᾶς
2372 1479 2536 1534 ταῦτα
2594 1475 3161 1557 έπαναλαμϐάνειν,·εἷ
3214 1478 3292 1551 μὴ
3345 1475 3437 1532 έὰν
3469 1476 3636 1554 τυχὸν
3680 1473 3830 1529 ἀκα-

2173 1570 2426 1634 τανόητοι
2486 1565 2708 1624 διάνοιαε
2761 1589 2930 1624 τινων
3005 1567 3338 1646 ἆνεφύησαν,
3401 1567 3452 1621 αἱ
3507 1566 3640 1640 πρὸς
3701 1561 3831 1624 τοὺς

2174 1656 2326 1734 ὅρους
2378 1657 2594 1720 τούτους
2655 1656 2747 1722 τὰς
2803 1657 3068 1735 ἡμετέρας
3149 1657 3417 1724 αἰσθήσεις
3496 1653 3769 1720 ὀξύνουσαι
3808 1669 3826 1682 ⁶

453 1754 793 1817 communis
826 1754 953 1816 haec
981 1769 1160 1814 causa
1186 1759 1300 1831 est,
1331 1768 1508 1831 quam
1549 1747 1873 1810 insinuavit
1911 1747 2092 1810 frater

2190 1744 2294 1802 ὶλλ²
2339 1743 2524 1811 ἐπειδὴ
2565 1743 2704 1812 αὕτη
2733 1748 2893 1816 καινή
2939 1746 3082 1803 ἔστιν
3131 1746 3295 1819 uitta,
3342 1746 3410 1812 ἢν
3454 1750 3542 1800 νῦν
3571 1742 3826 1822 ἐνεφάνι-

454 1852 516 1907 et
542 1843 944 1906 consacerdos
974 1851 1201 1913 noster,
1258 1848 1316 1903 et
1361 1838 1773 1918 unusquisque
1823 1847 2092 1899 nostrum

455 1933 732 1996 ordinem
765 1932 876 1993 sibi
910 1931 1218 1994 decretum
1251 1949 1283 1992 a
1335 1929 1457 1991 Deo
1489 1938 1830 2008 cognoscat,
1865 1938 1926 1990 et
1955 1947 2094 2008 pos-

454 2023 707 2084 teriores
736 2020 1138 2083 anterioribus
1167 2020 1461 2098 deferant,
1500 2037 1610 2079 nec
1641 2018 1729 2079 eis
1781 2018 2092 2080 inconsul-

453 2111 530 2173 tis
578 2110 803 2191 aliquid
864 2127 1040 2189 agere
1101 2116 1480 2190 praesumant.
1536 2107 1665 2180 Qua
1717 2106 1791 2168 de
1838 2125 1905 2169 re
1934 2108 2091 2184 dico,

453 2207 630 2282 prout
656 2207 861 2278 captus
891 2199 1079 2262 animi
1127 2197 1245 2261 mei
1303 2197 1545 2272 retinet,
1583 2213 1684 2258 eos
1716 2197 1815 2278 qui
1851 2205 2094 2277 putave-

451 2290 576 2352 rint
629 2290 847 2362 spretis
903 2287 1232 2368 majoribus
1291 2285 1518 2368 aliquid
1581 2287 2089 2364 priesumendum,

455 2386 864 2460 competenter
889 2376 963 2440 ab
995 2376 1160 2439 omni
1189 2376 1446 2440 concilio
1479 2376 1873 2438 coercendos.

535 2554 867 2636 Xantippus
895 2554 1214 2635 episcopus
1259 2554 1466 2634 prima
1497 2553 1660 2616 sedis
1690 2553 1970 2617 Nimidiaa
1997 2554 2094 2616 di-

457 2644 544 2709 xit
579 2665 594 2708 :
627 2643 870 2705 Audivit
893 2642 1158 2704 omnium
1191 2641 1439 2705 fratrum
1472 2643 1787 2724 praesentia
1818 2661 2094 2722 prosecu-

457 2734 684 2796 tionem
735 2730 933 2793 fratris
965 2737 1024 2791 et
1061 2731 1391 2793 sacerdotis
1447 2731 1633 2793 nostri
1664 2731 1916 2806 Aurelii,
1951 2733 2094 2815 quid

461 2821 535 2886 ad
561 2822 685 2884 haec
715 2819 1072 2902 respondit?

539 3000 681 3062 998
710 2998 981 3063 Datimus
1035 2997 1353 3078 episcopus
1383 2997 1530 3060 dixit
1575 3019 1588 3062 :
1627 2998 1770 3072 Qum
1804 3000 2097 3080 majorum

2177 1856 2265 1892 σεν
2309 1836 2338 1891 ὁ
2381 1832 2607 1912 Ξιδελφδς
2663 1836 2750 1891 καὶ
2807 1835 3212 1914 συλλειτουργδς
3275 1836 3456 1908 ἡμῶν,
3508 1831 3647 1889 ὥστε
3689 1831 3828 1888 ἔκα-

2178 1945 2302 1982 στον
2359 1925 2514 1999 ἡμῶν
2557 1924 2932 2002 επιγινώσκειν
2990 1927 3089 1994 τὴν
3143 1925 3284 2002 παρὰ
3328 1931 3422 1980 τοῦ
3463 1930 3598 1978 Θεοῦ
3655 1926 3828 1999 ψηφι-

2177 2018 2395 2071 σθεῐσαν
2442 2019 2585 2088 αὖτῷ
2614 2014 2758 2080 τάξιν
2795 2031 2813 2051 ⁶
2866 2016 2954 2074 καὶ
2996 2016 3092 2072 ἵνα
3137 2018 3186 2071 οἱ
3232 2012 3670 2091 μεταγενέστεροι
3707 2024 3834 2073 τοῖς

2182 2103 2453 2183 προτέροις
2487 2103 2810 2185 ἀναφέρωσι,
2846 2109 2932 2161 καὶ
2983 2105 3061 2180 μὴ
3105 2103 3422 2179 τολμήσωσι
3479 2103 3624 2180 παρὰ
3684 2100 3837 2179 γνώ-

2178 2215 2288 2271 μην
2333 2195 2534 2252 τούτων
2565 2196 2612 2249 τί
2643 2216 2770 2251 ποτε
2827 2195 3103 2274 πράττειν,
3159 2193 3242 2250 διὰ
3273 2200 3428 2250 τοῦτο
3473 2191 3620 2269 λέγω
3648 2192 3838 2252 καθὼς

2176 2285 2267 2341 τὸν
2311 2282 2442 2359 ἐμὸν
2486 2284 2770 2363 ὃποτρέχει
2837 2282 3121 2363 λογισμὸν,
3186 2283 3306 2347 τοὺς
3369 2273 3839 2361 καάφρονοῦντας

2175 2380 2282 2429 τῶν
2338 2374 2439 2451 πρὸ
2501 2373 2697 2452 αὐτῶν,
2733 2373 2822 2429 καί
2852 2396 2970 2429 τινα
3013 2372 3463 2446 ἀποτολμῶντας,
3529 2369 3830 2434 κωλυτέους

2177 2460 2438 2540 ἁρμοδίως
2470 2463 2613 2518 εἶναι
2645 2463 2752 2518 ἀπὸ
2781 2463 2956 2528 πάσης
2988 2467 3085 2529 τῆς
3115 2459 3354 2520 συνόδου.

2257 2561 2600 2638 Σάγκτιππος
2645 2559 2765 2642 (70)
2827 2561 3116 2624 επίσκοπος
3158 2565 3257 2628 τῆς
3303 2559 3520 2639 πρώτης
3564 2556 3826 2636 καθέδρας

2177 2653 2275 2718 τῆς
2309 2647 2608 2725 Νουμηδίας
2635 2650 2792 2707 εἴπεν
2825 2669 2839 2683 '
2892 2649 3156 2707 ’Ἤκουσεν
3198 2650 3235 2718 ἠ
3267 2649 3482 2706 πάντων
3510 2655 3619 2705 τῶν
3655 2648 3824 2706 ἀδελ-

2175 2745 2288 2819 φῶν
2359 2740 2618 2816 παρουσία
2675 2740 2772 2808 τὴν
2832 2738 3247 2806 ἐξακολούθησιν
3303 2745 3395 2798 τοῦ
3453 2737 3679 2817 ἀδελφοῦ
3735 2741 3827 2797 καὶ

2178 2829 2454 2906 συνιερέως
2512 2830 2665 2904 ἡμῶν
2739 2827 3021 2906 Αύρηλίου,
3080 2830 3131 2885 τί
3173 2830 3304 2908 πρὸς
3361 2835 3526 2886 ταῦτα
3596 2829 3829 2907 ἀποκρί-

2179 2938 2323 2974 νεται
2357 2936 2374 2992 ;

2263 3016 2501 3082 Δατϊμος
2535 3005 2656 3087 (74)
2691 3005 2979 3071 ἰπίσκοπος
3012 3007 3169 3064 εἴπεν
3197 3025 3211 3042 ·
3243 3007 3318 3066 Τὰ
3348 3009 3492 3086 παρὰ
3520 3013 3619 3075 τῆς
3647 3007 3831 3087 tiniqu

462 3089 730 3153 decrevit
761 3087 1077 3157 sententia,
1111 3085 1302 3148 nostri
1349 3087 1622 3149 assensui
1668 3088 2095 3168 mancipabun-

2190 3102 2288 3153 τῶν
2326 3096 2564 3174 ἀρχαίων
2621 3085 2913 3174 ὁρισθέντα,
2947 3091 3030 3174 ’τῇ
3081 3097 3316 3173 ἡμετέρᾳ
3375 3085 3668 3154 συναινέσει
3729 3085 3830 3156 έκ-

459 3189 577 3256 tur,
611 3187 676 3240 ut
704 3196 836 3258 quae
867 3181 1297 3258 praeteritorum
1349 3177 1739 3240 conciliorum
1790 3180 1972 3258 gestis
2004 3188 2099 3241 te-

460 3275 680 3330 nentur
704 3266 1184 3344 Carthaginensis
1215 3265 1728 3339 Ecclesiw,nostra
1757 3269 2100 3333 assensione

460 3357 640 3440 plene
669 3355 828 3437 apud
858 3372 1067 3417 omnes
1089 3355 1320 3418 firmata
1352 3363 1687 3420 teneantur.

535 3532 814 3599 Universi
854 3533 1127 3616 episcopi
1157 3534 1438 3599 dixerunt
1470 3552 1483 3594 :
1519 3533 1630 3598 Hic
1661 3537 1805 3599 ordo
1837 3545 1894 3600 et
1922 3556 1956 3600 a
1986 3541 2100 3601 Pa-

454 3625 669 3702 tribus,
705 3632 765 3687 et
812 3643 848 3686 a
898 3623 1226 3703 majoribus
1285 3632 1554 3687 servatus
1586 3635 1699 3701 est,
1734 3635 1791 3688 et
1834 3645 1868 3689 a
1900 3627 2098 3700 nobis,

454 3717 577 3780 Deo
609 3714 893 3796 propitio,
925 3712 1282 3791 servabitur,
1315 3715 1473 3777 salvo
1506 3715 1682 3778 etiam
1709 3717 1846 3796 jure
1874 3717 2102 3798 prima-

455 3814 550 3869 tus
577 3802 870 3867 Numidim
902 3810 962 3865 et
992 3803 1378 3877 Mauritania,
1411 3804 1487 3864 de
1517 3805 1761 3867 archivo
1805 3815 1865 3867 et
1894 3807 2101 3868 matri-

459 3893 594 3957 cula
621 3891 938 3956 Numidiae.
973 3891 1203 3955 Deinde
1242 3892 1466 3972 placuit
1497 3893 1772 3956 omnibus
1805 3896 2102 3978 episc0pis

458 3982 652 4066 quiin
683 3982 798 4044 hoc
829 3981 1083 4044 concilio
1131 3979 1639 4062 subscripserunt,
1692 3993 1754 4045 ut
1792 3986 2102 4048 matricula

457 4080 517 4135 et
546 4071 818 4134 archivus
849 4069 1168 4144 Numidiae,
1207 4077 1266 4132 et
1292 4071 1448 4151 apud
1484 4072 1734 4152 primam
1767 4073 1969 4136 sedem
1998 4076 2097 4153 sit,

458 4169 518 4224 et
545 4162 607 4223 in
639 4159 978 4240 metrOpoll,
1010 4157 1070 4220 id
1103 4165 1212 4234 est,
1244 4158 1653 4223 Constantina.

541 4426 613 4489 Ut
640 4424 902 4505 episcOpi
932 4424 1040 4505 qui
1067 4423 1469 4501 ordinantur,
1518 4426 1594 4490 ab
1646 4425 2108 4493 ordinatoribus

454 4517 586 4578 suis
613 4512 896 4595 epistolas
952 4513 1290 4594 accipiant,
1337 4531 1469 4594 qua:
1517 4515 1680 4580 diem
1712 4525 1769 4580 et
1797 4520 2095 4582 consulem

2190 4521 2536 4599 ἐπισκόπους,

455 4606 818 4686 praeferant.

535 4782 773 4847 Deinde
802 4782 1026 4865 placuit
1045 4786 1078 4837 5
1098 4783 1248 4864 (69),
1273 4789 1339 4845 ut
1359 4781 1700 4864 quicunque
1716 4785 2004 4866 deinceps
2025 4785 2100 4849 ab

458 4873 758 4954 episcopis
779 4873 1130 4937 ordinantur
1151 4891 1266 4954 pur
1288 4870 1624 4952 provincias
1653 4875 1985 4952 Africanas,
2019 4877 2108 4937 lit-

457 4967 616 5023 teras
635 4961 932 5042 accipiant
951 4963 1024 5025 ab
1051 4960 1504 5024 ordinatoribus
1538 4965 1662 5024 suis
1701 4982 1877 5025 manu
1900 4983 2110 5028 eorum

459 5050 1240 5130 conscriptas,continentes
1257 5049 1566 5112 consulem
1595 5059 1652 5114 et
1675 5054 1854 5115 diem:
1873 5054 2111 5116 utnulla

460 5137 768 5203 altercatio
788 5139 864 5201 de
879 5138 1414 5220 posterioribusvel
1433 5141 1835 5205 anterioribus
1857 5144 2102 5206 oriatur.

540 5395 571 5443 ῡ
600 5385 785 5450 Conc.
817 5386 1006 5452 Afric.
1041 5406 1177 5470 cap.
1212 5389 1313 5453 56.

545 5545 672 5630 (69)
701 5544 1121 5630 VideAugust.
1157 5549 1334 5630 epist.
1361 5550 1500 5627 238,
1533 5551 1606 5614 ad
1636 5551 1992 5620 Castorium.

543 5627 668 5709 (70)
702 5628 876 5711 Apud
906 5627 1297 5713 Beveregium
1331 5632 1711 5712 Ξάγκτιπποςο

2181 3185 2492 3255 δοθήσονται
2523 3204 2537 3222 ⁶
2577 3184 2671 3242 ἵνα
2713 3186 2778 3242 τὰ
2837 3185 3201 3266 περιεχόμενα
3255 3199 3378 3250 τοῖς
3430 3188 3830 3264 πεπραγμένοις

2182 3281 2286 3334 τῶν
2341 3274 2613 3352 προτέρων
2671 3273 2904 3331 συνόδων
2947 3274 3002 3330 έν
3045 3277 3114 3350 τῇ
3157 3275 3210 3330 ἐν
3258 3274 3566 3355 Καρχηδόνι
3598 3275 3836 3343 Ἐκκλη-

2183 3365 2290 3438 σῖᾳ,
2351 3366 2488 3421 κατὰ
2557 3372 2656 3430 τὴν
2720 3364 2986 3442 ἡμετέραν
3051 3369 3343 3422 συναίνεσιν
3389 3365 3836 3444 πεπληρωμένως

2181 3451 2369 3531 βέϐαια
2399 3453 2540 3531 παρὰ
2570 3458 2696 3509 πᾶσι
2730 3453 3111 3534 φυλαχθωσιν,

2263 3543 2580 3618 Σύμπαντες
2625 3545 2672 3598 ot
2701 3541 2987 3601 Ξπίσκοποι
3034 3545 3195 3600 εἶπον
3232 3563 3246 3578 ’
3284 3546 3352 3602 Ἥ
3386 3545 3529 3612 ταξις
3561 3545 3693 3613 αύτη
3728 3547 3830 3605 καί

2183 3631 2289 3688 ἀπὸ
2345 3633 2448 3688 τῶν
2499 3632 2768 3711 Πατέρων,
2814 3633 2903 3690 καὶ
2951 3633 3058 3690 ἀπὸ
3109 3637 3216 3690 τῶν
3247 3634 3489 3715 ἀρχαίων
3519 3636 3826 3719 ἐφυλάχθη,

2184 3723 2274 3778 καὶ
2314 3721 2406 3802 ἀφ’
2438 3724 2594 3797 ἡμῶν
2627 3722 2763 3778 κατὰ
2797 3722 3146 3802 συγχώρησιν
3191 3731 3322 3780 Θεοῦ
3363 3723 3774 3805 φυλαχθήσεται
3805 3743 3825 3760 ⁶

2184 3810 2486 3884 σωζομένου
2541 3811 2616 3866 ἔτι
2673 3811 2782 3886 μὴν
2850 3819 2938 3869 τοῦ
3010 3811 3213 3870 δικαίου
3281 3818 3389 3870 τῶν
3441 3816 3826 3892 πρωτευόντων

2182 3905 2281 3967 τῆς
2326 3897 2626 3974 Νουμηδίας
2676 3902 2764 3957 καὶ
2826 3901 3203 3981 Μαδριτανίας,
3261 3905 3324 3958 bc
3389 3909 3484 3960 τοῦ
3555 3909 3824 3983 χαρτοθε-

2183 3990 2294 4045 σίου
2343 3992 2438 4044 καὶ
2471 3989 2752 4066 ματρικίου
2795 3994 2892 4056 τῆς
2948 3988 3252 4064 Νουμηδίας
3288 4011 3302 4028 ·
3352 3991 3508 4070 ἤρεσε
3542 4000 3668 4050 πᾶσι
3701 4010 3827 4059 τοῖς

2182 4077 2498 4139 έπισκόποις
2554 4090 2672 4140 τοῖς
2730 4076 2786 4134 ἐν
2847 4079 3016 4154 ταύτῃ
3049 4085 3116 4155 τῇ
3176 4079 3376 4153 συνόδῳ
3427 4083 3835 4165 ὑπογράψασιν,

2182 4168 2277 4223 ἵνα
2317 4168 2380 4223 τὸ
2423 4167 2700 4242 ματρίκιον
2733 4169 2818 4224 καὶ
2862 4167 3166 4247 ἀρχέτυπον
3198 4175 3296 4236 τῆς
3355 4171 3681 4248 Νουμηδίας,
3748 4179 3841 4234 ,αἱ

2185 4257 2258 4320 εἷς
2294 4255 2390 4323 τὴν
2433 4255 2653 4332 πρώτην
2709 4255 2962 4336 καθέδραν
3006 4258 3066 4334 ᾗ,
3128 4259 3216 4316 καὶ
3261 4261 3336 4324 εἰς
3379 4263 3479 4328 τὴν
3538 4265 3837 4341 μητρόπο-

2186 4343 2269 4401 λιν
2302 4345 2729 4405 Κωνσταντίναν.

2271 4433 2394 4510 Περὶ
2459 4431 2794 4491 ἀπολυτικῶν
2893 4435 3031 4492 ὥστε
3107 4437 3228 4502 τοὺς
3315 4441 3837 4517 χειροτονουμένους

2651 4523 2758 4580 ἀπὸ
2854 4529 2960 4582 τῶν
3085 4530 3539 4606 χειροτονούντων
3645 4531 3837 4598 αὐτοὺς

2187 4609 2470 4676 ἐπιστολὰς
2547 4609 2866 4692 λαμϐάνειν,
2935 4613 2990 4670 έν
3060 4616 3154 4677 αῖς
3211 4615 3247 4682 ἦ
3310 4637 3369 4672 τε
3426 4616 3598 4695 ἡμέρα
3657 4623 3745 4677 καὶ
3807 4625 3839 4679 ὁ

2183 4699 2382 4766 ὕπατος
2411 4704 2754 4780 προφέρεται,

2266 4789 2493 4847 Ἔπειτα
2535 4789 2746 4865 ἤρεσεν,
2803 4789 2898 4848 ἵνα
2968 4790 3166 4858 οἵτινες
3224 4791 3424 4864 δήποτε
3485 4797 3619 4870 μετὰ
3663 4801 3836 4858 ταῦτα

2194 4885 2634 4958 χειροτονῶνται,
2695 4880 2796 4936 ἀνὰ
2880 4880 2975 4946 τὰς
3063 4887 3162 4949 τῆς
3223 4882 3482 4962 Ἀφρικῆς
3539 4885 3830 4966 ἐπαρχίας,

2195 4970 2484 5048 γράμματα
2514 4966 2716 5025 λάϐωσι
2763 4970 2906 5046 παρὰ
2964 4972 3066 5028 τῶν
3113 4977 3563 5051 χειροτονούντων
3607 4978 3826 5051 αὖτοὺς,

2192 5059 2261 5134 τῇ
2333 5059 2476 5138 χειρὶ
2532 5059 2702 5114 αὑτῶν
2784 5060 3258 5138 ὑπογεγραμμένα,
3338 5063 3664 5141 περιέχοντα
3735 5069 3828 5122 τὸν

2191 5148 2389 5204 ὕπατον
2431 5146 2527 5202 καῗ
2558 5149 2658 5215 τὴν
2684 5147 2888 5226 ἡμέραν
2923 5163 2937 5179 ⁸
2984 5149 3120 5206 ὥστε
3165 5151 3432 5226 μηδεμίαν
3474 5151 3828 5232 ἀμφισϐήτη-

2192 5258 2274 5297 σιν
2304 5237 2422 5314 περὶ
2451 5237 2680 5315 δστέρων
2709 5237 2745 5305 ἢ
2775 5236 3043 5317 προτέρων
3070 5239 3391 5307 ἀναφυῆναι.

2262 5556 2390 5641 (71)
2426 5556 2604 5644 Apiid
2636 5557 3020 5646 Beveregium
3058 5561 3352 5637 Διατίμιος,
