4148 6198
329 345 446 416 697

588 481 816 542 Συνὸδου
840 485 1215 560 οἶκουμενικῆς
1244 483 1406 551 ἕκτης
1440 484 1614 540 κανὼν
1646 481 1716 556 ζ’.

414 576 496 650 ζ’.
543 575 765 646 Ἐπειδὴ
825 580 1217 656 μεμαθήκαμεν
1270 578 1322 635 ἕν
1395 601 1500 635 τισι
1559 585 1665 635 τῶν
1727 577 1972 646 Ἐκκλη-

335 675 487 743 σιῶν,
563 666 840 734 διακόνους
925 670 1216 750 τυγχάνειν
1275 669 1487 749 ὀφρίκια
1545 667 1974 735 ἐκκλησιαστικά

332 756 593 836 ἶχοντας,
626 756 862 817 ἐντεῦθέν
896 757 952 814 τέ
993 779 1139 820 τινας
1189 761 1359 816 αὐτῶν
1405 755 1646 830 αὔθαδείᾳ
1675 759 1764 814 καὶ
1807 760 1973 814 αὖτο-

332 847 517 921 νομίᾳ,
581 847 977 927 κεχρημένους,
1031 849 1133 924 πρὸ
1176 853 1280 903 τῶν
1326 843 1695 926 πρεσϐυτέρων
1752 847 1976 919 καθέζε-

335 939 479 1008 σθαι,
541 937 785 1013 ὁρίζομεν
828 936 968 993 ὥστε
1018 937 1109 992 τὸν
1167 935 1436 1012 διάκονον,
1473 935 1571 992 κᾶν
1598 935 1652 991 ὲν
1684 935 1973 1012 ἀξιώματι,

332 1027 608 1084 τουτέστιν
669 1025 725 1082 έν
785 1027 1008 1106 όφρικίῳ
1063 1031 1140 1098 τῷ
1186 1025 1482 1100 οἱιρδήποτε
1543 1025 1976 1100 ἰκκλησιαστικῷ

333 1115 620 1195 τυγχάνοι,
653 1116 745 1172 τὸν
776 1123 1014 1174 τοιοῦτον
1047 1117 1125 1190 μὴ
1158 1118 1260 1195 πρὸ
1307 1123 1403 1172 τοῦ
1445 1115 1800 1196 πρεσϐυτέρου
1843 1121 1973 1173 καθ·

335 1202 569 1278 ἕζεσθαι,
607 1205 762 1269 ἐκτὸς
821 1207 866 1261 εί
926 1207 1003 1280 μὴ
1056 1206 1118 1262 τὸ
1157 1206 1447 1282 πρόσωπον
1492 1205 1710 1285 ἐπέχων
1753 1211 1846 1262 τοῦ
1891 1208 1973 1262 οἱ-

335 1294 482 1351 κείου
536 1295 874 1373 πατριάρχου
929 1295 965 1362 ἥ
1031 1295 1453 1373 μητροπολίτου,
1525 1296 1580 1351 ἐν
1625 1296 1778 1374 ἑτέρᾳ
1823 1294 1975 1352 πόλει

336 1384 734 1461 παραγένηται,
802 1384 891 1441 ἐπί
947 1406 1050 1440 τινι
1090 1384 1366 1464 κεφαλαίῳ
1400 1405 1414 1422 ο
1453 1385 1575 1442 τότε
1613 1386 1712 1464 γὰρ
1755 1387 1828 1447 ὡς
1881 1387 1975 1441 τὸν

333 1472 537 1530 ικείνου
592 1473 760 1530 τόπον
805 1473 1156 1554 ἀναπληρῶν,
1214 1476 1628 1550 τιμηθήσεται·
1689 1477 1732 1531 εἰ
1775 1473 1831 1530 δέ
1895 1497 1976 1540 τις

333 1567 544 1621 τοιοῦτο
605 1563 872 1640 τολμήσει
929 1571 1225 1642 τυραννικῷ
1280 1567 1567 1644 χρώμενος
1628 1565 1810 1644 θράσει
1853 1564 1973 1621 δια-

334 1653 655 1732 πράξασθαι,
701 1657 729 1710 6
775 1661 1016 1720 τοιοῦτος
1066 1655 1127 1711 ἑκ
1167 1661 1262 1712 τοῦ
1319 1656 1516 1714 οἰκείου
1571 1653 1976 1720 καταϐιϐασθεὶς

333 1743 564 1819 βαθμοῦ,
625 1743 862 1824 ἔσχατος
907 1743 1122 1800 πάντων
1180 1744 1414 1820 γενέσθω
1461 1750 1556 1801 τοῦ
1602 1747 1658 1800 ὲν
1687 1745 1834 1823 ᾧπερ
1877 1766 1977 1800 κα-

1178 348 1598 416 SYNTAGMA
1646 348 2042 413 GANONUM.
2080 367 2194 397 ν-ι
2250 349 2402 411 TIT.
2453 349 2557 428 1x,
2605 347 2769 410 CAP.
2819 345 2865 408 I.

3582 337 3698 406 698
3764 359 3776 367 δ

2345 486 2604 548 Concilii
2631 485 2992 547 mcumenici
3024 500 3077 545 v1
3109 501 3310 547 canon
3339 482 3402 547 7.

2097 577 2570 651 7.Quoniam6m
2591 578 2894 639 nonnullis
2914 577 3484 640 ecclesiisdiaconos
3504 577 3697 641 olﬁcia

2057 668 2461 730 ecclesiastica
2486 668 2711 729 habere
2744 667 3155 742 didicimus,et
3186 686 3255 728 ex
3283 669 3393 730 hoc
3428 669 3694 730 nonnul-

2059 757 2148 818 lo's
2181 776 2382 818 eoram
2421 756 2782 834 arrogantia,
2817 767 2877 817 et
2903 757 3148 819 licentia
3177 757 3360 819 fretos
3386 766 3523 821 ante
3555 760 3697 822 229

2062 846 2448 927 presbyteros
2465 846 3026 920 sedere,statuimus
3045 855 3106 908 ut
3128 848 3436 922 diaconus,
3463 848 3698 911 etiamsi

2059 937 2119 998 in
2148 937 2456 1016 dignitate,
2494 936 2552 998 id
2586 944 2704 1017 est,
2738 936 2797 998 in
2829 935 3040 1016 quovis
3073 937 3148 998 sit
3181 938 3374 998 cilicio
3408 937 3698 1000 ecclesia-

2058 1027 2377 1099 SIico,aute
2410 1025 2823 1107 presbyterum
2858 1044 2932 1087 ue
2962 1027 3195 1102 sedeat,
3219 1035 3614 1108 praeterquam
3648 1028 3698 1088 si

2061 1116 2285 1198 proprii
2310 1117 2670 1196 patriarchae
2690 1115 2782 1178 vel
2807 1117 3253 1197 metropolitani
3278 1117 3463 1180 vicem
3483 1137 3699 1197 gerens

2059 1208 2216 1268 adsit
2237 1213 2295 1266 in
2320 1207 2434 1267 alia
2458 1207 2694 1268 civitate
2720 1224 2902 1286 super
2917 1206 3114 1286 aliquo
3137 1209 3353 1288 capite:
3379 1217 3516 1269 tunc
3539 1209 3696 1270 enim

2059 1305 2122 1358 ut
2152 1296 2348 1357 locum
2375 1296 2535 1357 illius
2559 1295 2819 1375 implens
2844 1297 3322 1360 honorabitur.Si
3347 1301 3482 1379 quis
3501 1307 3701 1362 autem

2061 1386 2368 1467 tyrannica
2398 1386 2692 1447 adductus
2725 1386 3124 1461 audacia,tale
3155 1387 3293 1467 quid
3320 1389 3563 1450 efﬁcere
3592 1408 3700 1451 au-

2059 1494 2160 1538 sus
2183 1475 2442 1549 fueritis
2460 1492 2534 1537 ex
2557 1477 2797 1555 pr0prio
2824 1475 3007 1554 gradu
3034 1475 3310 1556 dejectus
3335 1478 3413 1538 sit
3432 1479 3701 1540 omnium

2061 1565 2305 1627 ultimus
2345 1565 2476 1645 ejus
2513 1565 2766 1639 ordinis,
2807 1568 2866 1625 in
2903 1565 3070 1645 cujus
3095 1574 3183 1626 est
3205 1568 3471 1644 catalogo
3504 1568 3564 1628 in
3597 1587 3702 1630 sua

2059 1654 2352 1730 Ecclesia,
2389 1656 2641 1717 Domino
2669 1662 2871 1716 nostro
2895 1655 3282 1736 admonente,
3317 1676 3391 1719 ne
3414 1657 3472 1718 in
3493 1657 3704 1738 primis

2062 1744 2306 1806 sedibus
2332 1745 3070 1825 dclectemur,secundum
3098 1764 3392 1828 eam,quaa
3415 1748 3471 1808 in
3498 1755 3702 1811 sancto

333 1831 622 1908 ταλέγεται
666 1833 940 1910 τάγματος
974 1831 1029 1887 ἐν
1060 1833 1128 1904 τῇ
1173 1832 1293 1888 κατ’
1333 1833 1494 1888 αὐτὸν
1545 1832 1804 1906 ἐκκλησίᾳ
1837 1849 1852 1864 ⁶
1886 1837 1981 1889 τοῦ

2065 1834 2424 1914 evangelista
2442 1837 2624 1912 Luca,
2662 1843 2726 1896 ut
2749 1854 2818 1896 ex
2844 1836 3085 1897 domino
3108 1845 3313 1899 nostro
3335 1845 3391 1899 et
3414 1837 3536 1899 Deo
3560 1856 3704 1918 pro-

336 1923 530 1993 Κυρίου
585 1924 724 1998 ἡμῖν
767 1921 1176 2002 παραινοῦντος,
1231 1922 1308 1996 μὴ
1353 1925 1561 2002 χαίρειν
1605 1936 1730 1988 ταῖς
1775 1945 1981 2000 πρωτο-

336 2010 596 2090 κλισίαις,
655 2012 792 2069 κατὰ
839 2013 939 2078 τὴν
992 2010 1046 2066 ἐν
1095 2017 1171 2085 τῲ
1211 2011 1346 2088 ἁγίῳ
1392 2012 1746 2089 εὐαγγελιστῇ
1806 2018 1982 2084 Λουκᾷ

342 2103 418 2164 ὣς
450 2099 703 2178 ἒξᾼαῦτοῦ
765 2101 949 2178 Κυρίου
976 2102 1132 2176 ἡμῶν
1157 2102 1245 2156 καὶ
1277 2107 1407 2158 Θεοῦ
1433 2102 1691 2176 κειμένην
1722 2101 1978 2158 διδασκα-

335 2187 478 2250 λίαν.
516 2173 703 2267 αΕλεγε
742 2173 851 2268 γὰρ.
886 2173 1029 2268 πρὸς.
1075 2191 1196 2255 τοὺς
1239 2173 1608 2264 κεκλημένους
1667 2189 1979 2270 παραϐολὴν

333 2278 556 2360 ἐπέχων
613 2284 730 2343 πῶς
790 2280 887 2342 τὰς
945 2279 1340 2358 πρωτοκλισίας
1387 2279 1694 2357 ἐξελέγοντο
1729 2299 1745 2317 ⁶
1805 2279 1980 2358 λέγων

334 2370 468 2447 πρὸς
526 2369 720 2432 αὒτούς
754 2386 768 2400 ⁸
817 2368 987 2427 ’Ὅταν
1035 2368 1239 2445 κληθῇς
1281 2370 1383 2426 ὑπό
1426 2391 1567 2435 τινος
1612 2372 1685 2433 εἷς
1745 2370 1974 2448 γάμους,

335 2460 417 2534 μὴ
475 2457 803 2534 κατακλιθῇς
881 2459 956 2521 εἰς
1037 2459 1138 2526 τὴν
1208 2458 1632 2536 πρωτοκλισίαν,
1697 2461 1774 2535 μή
1849 2481 1980 2515 ποτε

334 2547 682 2626 ὶντιμότερός
742 2569 835 2603 σο.)
889 2548 924 2624 ᾗ
983 2546 1316 2621 κεκλημένος
1374 2547 1704 2623 ὑπἀὐτοῦ,
1753 2549 1840 2604 καὶ
1883 2547 1978 2603 ὲλ-

334 2639 443 2695 θὼν
487 2639 514 2694 6
571 2637 626 2693 σὲ
679 2638 769 2694 καὶ
815 2638 976 2694 αὐτὸν
1030 2637 1290 2711 καλέσας,
1352 2638 1468 2716 ipe!
1513 2660 1620 2712 σοι,
1671 2640 1772 2702 Δὸς
1806 2639 1980 2712 τούτῳ

333 2725 528 2806 τόπον,
586 2729 676 2784 καὶ
747 2729 866 2784 τότε
923 2726 1051 2804 ἄρξῃ
1124 2726 1246 2801 μετ’
1288 2729 1548 2806 αἰσχύνης
1593 2731 1685 2784 τὸν
1744 2727 1977 2807 ἔσχατον

333 2820 502 2874 τόπον
557 2815 836 2895 κατέχειν.
903 2814 1058 2872 Ἀλλ’
1134 2814 1260 2871 ὅταν
1321 2815 1548 2896 κληθῆς,
1611 2817 1842 2873 ἀνάπεσε
1901 2820 1976 2880 εἱς

332 2909 425 2964 τὸν
487 2904 721 2986 ἔσχατον
777 2905 942 2963 τόπον
977 2925 992 2940 ·
1049 2905 1143 2962 ’ίνα
1216 2905 1343 2962 ὅταν
1417 2905 1544 2982 ἔλθῃ
1607 2908 1634 2962 6
1691 2906 1975 2974 κεκληκὼς

333 2996 470 3072 εἴπῃ
532 3018 639 3070 σοι,
710 2994 838 3052 Φιλε
899 2993 1267 3071 προσανάϐηθι
1324 2992 1591 3074 ἅνώτερον
1627 3011 1642 3027 ⁸
1712 2997 1799 3053 καὶ
1855 2999 1977 3054 τότε

333 3081 486 3142 ἕσται
600 3107 683 3141 σοι
795 3083 918 3150 δόξα
1004 3085 1232 3142 ἐνώπιον
1320 3091 1424 3141 τῶν
1512 3086 1976 3160 συνανακειμένων

2063 1923 2244 2002 fecta,
2283 1925 2475 2004 posita
2529 1933 2620 1986 est
2670 1923 3115 1987 doctrinam.lis
3164 1926 3325 1987 enim
3365 1927 3468 2005 qui
3512 1925 3703 1988 vocati

2063 2013 2508 2091 erant,dicebat
2528 2014 2684 2075 hanc
2709 2013 3081 2094 parabolam:
3114 2016 3370 2090 Quando
3395 2017 3471 2078 ab
3489 2019 3704 2097 aliqua

2065 2103 2146 2164 ad
2167 2108 2421 2183 nuptias
2447 2106 2742 2166 invitatus
2769 2105 2989 2180 fueris,
3014 2122 3092 2165 ne
3114 2105 3178 2164 in
3207 2107 3414 2184 primo
3438 2104 3564 2166 loco
3596 2123 3703 2168 ac-

2063 2191 2450 2271 cubueris,ne
2467 2199 2624 2269 forte
2644 2192 2955 2271 quispiam
2982 2197 3038 2254 te
3051 2192 3414 2257 honoratior
3432 2193 3506 2256 ab
3527 2212 3593 2255 eo
3617 2200 3707 2255 in-

2063 2281 2299 2343 vitatus
2317 2281 2527 2359 fuerit,
2561 2282 2735 2362 isque
2753 2282 2864 2362 qui
2888 2287 3019 2342 teet
3035 2283 3234 2362 ipsum
3256 2283 3574 2363 invitavit,
3603 2301 3706 2345 vc-

2064 2372 2203 2432 niat
2227 2377 2284 2432 et
2311 2371 2478 2432 dicat
2512 2392 2524 2428 :
2567 2371 2655 2432 Da
2697 2372 2749 2431 ei
2774 2369 2968 2433 locum
3003 2373 3552 2452 :etluncincipies
3572 2391 3705 2435 cum

2064 2460 2305 2540 pudore
2324 2461 2611 2522 ultimum
2636 2458 2835 2520 locum
2860 2466 3088 2522 tenere.
3120 2459 3238 2522 Sed
3258 2462 3511 2541 quando
3534 2464 3704 2524 invi-

2062 2557 2228 2612 tatus
2242 2549 2535 2627 fueris,in
2556 2547 2773 2610 ultimo
2793 2547 2922 2610 loco
2946 2551 3230 2612 accumbe
3252 2551 3594 2630 ut,quando
3614 2569 3707 2613 ve-

2060 2641 2223 2700 nerit
2243 2640 2348 2718 qui
2377 2646 2429 2700 te
2454 2638 2762 2711 invitavit,
2791 2638 2956 2699 dicat
2977 2638 3086 2700 tibi
3116 2659 3135 2699 :
3168 2640 3411 2714 Amice,
3448 2641 3709 2703 ascende

2059 2727 2252 2790 altius
2288 2745 2302 2789 :
2333 2736 2476 2790 tunc
2507 2732 2624 2789 erit
2661 2728 2774 2788 tibi
2804 2725 2926 2808 glow
2947 2727 3010 2788 ia
3041 2745 3247 2790 coram
3281 2730 3358 2791 iis
3382 2733 3488 2810 qui
3514 2739 3706 2791 tecum

2059 2816 2607 2880 accumbuntﬂam
2622 2818 2902 2898 quisquis
2917 2834 2980 2878 se
2995 2817 3236 2880 extollit
3252 2819 3705 2894 humiliabitur,

2059 2915 2113 2970 ct
2133 2907 2237 2988 qui
2256 2924 2319 2969 se
2339 2905 3031 2983 humiliat,ea:altabitur
3052 2905 3236 2970 7.Hoc
3267 2908 3460 2989 ipsum
3492 2917 3693 2970 autem

2061 2997 2237 3059 etiam
2298 2995 2638 3059 servabitur
2693 2997 2751 3056 in
2811 2996 3063 3077 reliquis
3111 2999 3300 3058 sacris
3351 2997 3693 3072 ordinibus,

2060 3085 2545 3166 quandoquidem
2570 3084 2955 3148 saecularibus
2975 3085 3366 3164 dignitatibus
3397 3087 3699 3169 Spiritales

335 3195 419 3232 σοι
456 3190 472 3206 ⁸
521 3173 602 3229 ὅτι
646 3179 752 3236 πᾶς
811 3177 840 3230 6
894 3175 1045 3249 ὑψῶν
1105 3175 1293 3230 ἑαυτὸν
1347 3176 1830 3251 ταπεινωθήσεται,
1895 3177 2002 3232 καῖι

2069 3176 2519 3255 prmstanticres
2548 3194 2681 3237 esse
2713 3175 2960 3238 scimus.

336 3265 364 3322 6
409 3265 678 3320 ταπεινῶν
722 3264 908 3320 ἑαυτὸν
954 3265 1320 3339 ὑψωθήσεται.
1385 3265 1455 3321 Τὸ
1485 3261 1539 3319 δὲ
1571 3265 1700 3320 αὐτὸ
1729 3263 2133 3345 φυλαχθήσειαι
2191 3267 2278 3321 καὶ
2308 3266 2391 3322 ἐπὶ
2423 3273 2528 3323 τῶν
2560 3265 2773 3323 λοιπῶν
2831 3267 3110 3345 ἱερατικῶν
3140 3270 3451 3348 ταγμάτων·
3513 3265 3704 3336 ὲπειδτὶ

335 3359 442 3411 τῶν
471 3353 607 3410 κατὰ
637 3352 839 3430 κόσμον
870 3352 1188 3431 ἀξιωμάτων
1217 3361 1490 3434 κρείττονα
1536 3354 1601 3411 τὰ
1645 3355 1983 3430 πνόυματικὰ
2011 3356 2364 3431 ἓπιστάμεθα.

1728 3737 2127 3824 ΤΙΤΛΟΣ
2202 3739 2270 3824 Θ
2311 3805 2328 3823 .

329 3946 487 3999 ΠΕΡΙ
549 3944 1062 3999 ΛΜΑΡῙῊΜΑΤΩΝ
1128 3948 1239 3999 ΚΑΙ
1297 3948 1504 3999 ΔιΚΩΝ
1570 3947 1986 4020 ΕΠΙΣΚΟΠΩΝ,
2049 3950 2162 4001 ΚΑΙ
2225 3947 2592 4022 ΚΛΗΡΙΚΩΝ,
2658 3951 2767 4001 ΚΑΙ
2830 3948 3237 4016 ΑΦΟΡΙΣΜΟΥ,
3307 3946 3417 3999 ΚΑΙ
3475 3948 3712 4000 ΚΑΘΑΙο

1079 4027 1370 4101 ΡΕΣΕΩΣ,
1409 4029 1518 4080 ΚΑΙ
1551 4025 1710 4079 ΠΟΙΛ
1746 4026 2211 4082 ΛΜΑΡΤΗΜΑΤΑ
2245 4029 2290 4080 Η
2325 4029 2724 4081 ΧΕΙΡΩΘΕΣΙΑ
2759 4028 2963 4086 ΔΥΕΙ..

1980 4203 2069 4214 σ-.

1679 4374 2156 4460 TITULUS
2230 4378 2379 4468 IX.

330 4529 477 4593 250
498 4530 594 4594 DE
621 4529 985 4596 PECCATIS
1009 4533 1108 4596 ET
1129 4533 1438 4598 JUDICIIS
1460 4532 2018 4611 EPISCOPORUM,‘
2037 4535 2131 4601 ET
2155 4539 2251 4602 DE
2282 4539 3062 4604 EXCOMMUNICATIONE
3079 4538 3174 4602 AC
3193 4533 3709 4610 DEPOSITIONE,

514 4612 613 4675 ET
644 4612 744 4676 DE
775 4611 1278 4692 PiENlTENTIA,
1315 4615 1410 4677 ΕΤ
1445 4612 1788 4687 QUAENAM
1821 4616 2163 4682 PECCATA
2193 4619 2642 4684 SOLVANTUR
2673 4619 2992 4683 MANUUM
3025 4615 3521 4683 IMPOSITIONE.

418 4795 673 4851 ΚΕΦΑΛ.
732 4796 822 4854 A’.
870 4827 944 4838 —
973 4794 1120 4860 Τίνες
1154 4798 1252 4852 καὶ
1286 4795 1430 4874 παρᾶ
1460 4795 1566 4852 τίσι
1597 4804 1989 4874 κατηγοροῦσιν

2155 4796 2394 4862 CAPUT
2425 4797 2734 4862 PRIMUM.
2769 4833 2846 4843 —
2892 4798 3159 4871 Quinam
3214 4800 3268 4856 et
3320 4793 3485 4869 apud
3533 4808 3708 4869 quos-

332 4879 650 4937 ἐπισκόπων
686 4882 715 4949 ii
750 4881 1024 4961 κληρικῶν
1063 4905 1078 4960 ;

825 4977 1175 5035 ’Λποστόλων
1208 4981 1383 5035 κανὼν
1414 4978 1472 5038 οδ
1486 4971 1516 5042 ’.

415 5066 514 5128 οϐ’.
551 5067 880 5128 Ἐπίσκοπον
931 5072 1370 5150 κατηγορηθέντα
1399 5073 1486 5131 ἐπί
1513 5096 1619 5132 τινι
1654 5075 1799 5154 παρὰ
1828 5073 1980 5140 ἄξιο-

332 5158 539 5215 πίστων
598 5158 911 5235 ἀνθρώπων,
984 5159 1266 5218 καλεῖσθαι
1336 5164 1496 5219 αὐτὸν
1539 5165 1838 5243 ἀναγκαῖον
1880 5167 1982 5222 ὑπὸ

331 5253 444 5303 τῶν
476 5247 786 5304 ἂπισκόπων
818 5297 832 5312 ,
879 5251 978 5305 κᾶν
1036 5253 1134 5325 μὲν
1167 5250 1467 5322 ἆπαντήσοι
1499 5256 1588 5310 καὶ
1619 5254 1981 5333 ὁμολογήσω,

334 5335 690 5416 ἐλεγχθέντος
745 5341 924 5412 αὐτοῦ,
987 5339 1240 5418 ὁριζέσθω
1298 5344 1358 5397 τὸ
1411 5343 1701 5419 ἐπιτίμιον.
1768 5344 1893 5402 Ἐὰν
1928 5344 1982 5402 δὲ

333 5424 670 5501 καλούμενος
729 5429 806 5502 μὴ
863 5430 1184 5510 ὑπακούσοι,
1245 5429 1509 5489 καλείσθω
1569 5433 1667 5489 καί
1710 5431 1978 5513 δεύτερον,

334 5513 822 5593 ἂποστελλομένων
878 5517 964 5575 ἐπ’
1013 5520 1170 5575 αὐτὸν
1229 5517 1318 5577 δύο
1363 5521 1672 5581 ἐπισκόπων
1707 5543 1720 5558 ⁶
1785 5524 1876 5582 ἐὰν
1925 5523 1978 5584 δὲ

419 5691 450 5743 ϐ
478 5690 704 5766 Nicaea.
739 5692 840 5763 48.
925 5694 956 5744 7
986 5696 1126 5760 Luc.
1161 5713 1278 5782 xw,
1312 5697 1487 5766 8-11.

2069 4905 2212 4951 nam
2247 4906 2539 4951 accusare
2569 4896 2798 4969 queunt
2829 4892 3130 4968 episcopos
3161 4888 3268 4944 aut
3297 4877 3589 4944 clericos?

2493 4983 2929 5063 Apostolorum
2964 4994 3162 5040 canon
3199 4976 3294 5038 74.

2147 5077 2226 5137 74
2259 5077 2400 5154 [73].
2437 5074 2800 5155 Episcopum
2837 5090 2872 5133 a
2923 5071 3065 5131 viris
3111 5069 3231 5129 [ille
3261 5065 3454 5146 dignis
3486 5065 3560 5128 ob
3593 5066 3706 5128 ali-

2066 5164 2211 5244 quid
2271 5172 2640 5237 accusatum,
2700 5162 2897 5242 ipsum
2929 5160 3000 5221 ab
3035 5157 3336 5238 episcopis
3369 5157 3568 5217 vocari
3597 5174 3709 5216 ne-

2068 5274 2237 5317 cesse
2269 5264 2358 5316 est
2395 5275 2408 5315 :
2450 5261 2505 5315 et
2536 5252 2584 5313 si
2616 5270 2679 5313 se
2733 5250 2978 5331 quidem
3037 5247 3278 5326 stiterit,
3313 5255 3370 5308 et
3401 5246 3710 5308 confessus

2068 5344 2159 5406 vel
2192 5343 2496 5405 convictus
2528 5341 2626 5416 sit,
2661 5349 2958 5402 statuatur
3004 5337 3267 5419 poena.Si
3295 5343 3491 5397 autem
3527 5354 3708 5396 voca-

2067 5442 2163 5495 tus
2197 5451 2312 5493 non
2347 5431 2642 5513 paruerit,
2676 5428 2942 5491 secundo
2977 5429 3152 5490 etiam
3189 5434 3460 5506 vocetur,
3510 5425 3708 5513 missis

2063 5521 2137 5587 ad
2166 5511 2364 5607 ipsum
2397 5516 2697 5603 episcopis
2727 5515 3057 5582 duobus.Si
3088 5514 3266 5579 etiam
3293 5513 3380 5578 sic
3411 5532 3530 5576 non
3563 5511 3706 5583 obe-
