4148 6198
410 283 529 359 699

1589 295 1856 363 ΡΗΟΤΙΙ
1907 296 2425 371 PATRIARCHE
2478 301 2593 367 GP.

3646 298 3763 370 700

408 424 612 519 dierit,
648 434 897 494 vocetur
949 435 1008 493 et
1056 429 1259 504 tertio,
1295 429 1529 495 duobus
1556 432 1629 495 ad
1662 450 1798 495 eum
1831 449 2043 496 rursus

2129 435 2212 493 καὶ
2255 436 2422 504 οὕτως
2467 438 2546 515 μὴ
2590 437 2906 514 ἐπακούσοι,
2965 435 3227 498 καλείσθω
3282 437 3373 498 καὶ
3437 437 3631 519 τρίτον,
3677 437 3767 497 δύο

409 516 612 581 missis
663 519 989 602 episcopis.
1044 519 1106 584 Si
1155 530 1354 585 autem
1393 522 1481 585 vel
1514 524 1600 585 sic
1629 541 1964 605 aspernans
1989 530 2049 586 et

407 616 732 672 contumax
755 628 821 672 se
853 630 972 672 non
1003 611 1249 688 stiterit,
1281 613 1546 694 synodus
1578 631 1650 676 ea
1679 631 1812 695 quae
1841 613 2049 675 viden-

406 702 526 776 tur,
557 697 842 762 adversus
871 719 1010 763 eum
1046 703 1420 781 pronuntiet,
1457 720 1532 766 ne
1563 702 1920 766 lucrifacere
1955 704 2043 766 vi-

409 785 642 859 deatur,
677 786 820 850 dum
843 789 1142 869 judicium
1175 791 1559 873 subterfugit.

584 878 844 945 Concilii
879 883 1556 965 Constantinoiiolitani
1583 904 1784 951 canon
1815 894 1872 952 6.

443 969 796 1046 6.Quoniam
814 975 988 1039 multi
1006 977 1488 1041 ecclesiasticum
1508 979 1785 1042 ordinem
1800 980 2049 1044 confun-

406 1057 554 1122 dere
567 1064 991 1128 etsubvertere
1005 1067 1544 1137 volentesjnimice
1559 1068 2050 1149 etsycophantice

406 1150 540 1240 ααι
569 1151 854 1217 adversus
875 1157 1246 1222 orthodoxos
1268 1158 1726 1240 episcopos,qui
1749 1156 2049 1222 Ecclesias

402 1239 1262 1312 administrant,accusationes
1275 1248 1561 1328 quasdam
1585 1239 2052 1326 conﬁngunt,ni-

297 1333 300 1340 ⁷
405 1328 490 1390 hil
513 1330 673 1394 aliud
697 1353 873 1415 quam
893 1337 1273 1399 sacerdotum
1296 1337 1516 1400 bonam
1541 1337 2046 1402 existimationem

405 1423 914 1499 contaminare,et
936 1425 998 1487 in
1024 1445 1170 1509 pace
1192 1427 1540 1506 degentium
1562 1428 1922 1508 p0pulorum
1948 1435 2046 1488 tu-

406 1510 634 1573 multus
656 1515 960 1578 concitare
981 1529 1364 1587 conantes.ea
1381 1517 1456 1578 de
1478 1535 1656 1578 causa
1681 1515 2049 1597 placuitsan-

2129 525 2294 583 πάλιν
2347 530 2663 586 ἐπισκόπων
2719 527 3201 605 ἀποστελλομένων
3245 529 3376 607 πρὸς
3419 527 3578 586 αὖτόν
3615 546 3630 562 ⁸
3675 529 3768 586 ἐὰν

2129 613 2183 673 δὲ
2234 619 2322 675 καὶ
2367 617 2534 686 οὕτως
2578 622 2987 700 καταφρονήσας
3035 619 3112 689 μὴ
3155 619 3482 694 ἀπαντήσοι,
3542 621 3576 688 ἦ
3636 619 3770 678 σύν-

2129 705 2250 772 οδος
2280 707 2656 790 ἀποφαινέσθω
2684 709 2804 766 κατ’
2838 711 2998 767 αὐτοῦ
3046 709 3112 766 τὰ
3154 707 3435 784 δοκοῦντα,
3485 707 3633 775 ὅπως
3687 708 3770 785 μὴ

2128 795 2252 874 δόξῃ
2286 797 2570 876 κερδαίνειν
2600 797 2922 880 φογοδικῶν.

2331 891 2559 953 Συνόδο.)
2595 892 3211 960 Κωνσταντινουπόλεως
3241 893 3417 952 κανὼν
3449 891 3555 968 ς’.

2210 989 2272 1061 ς’
2273 985 2312 1048 ’.
2358 985 2584 1056 Ἐπειδὴ
2641 987 2832 1046 πολλοὶ
2879 990 2982 1058 τὴν
3026 988 3486 1059 ἐκκλησιαπικῆν
3530 985 3772 1054 εὐταξίαν

2132 1091 2362 1159 συγχεῖν
2417 1078 2505 1136 καὶ
2564 1078 2882 1156 ἀνατρέπειν
2937 1078 3278 1156 βουλόμενοι,
3338 1077 3644 1159 φιλέχθρως
3685 1077 3774 1134 καὶ

2132 1174 2530 1248 συκοφαντικῶς
2565 1169 2732 1233 αἰτίας
2787 1169 2935 1233 τινας
2992 1169 3130 1225 κατά
3183 1174 3290 1226 τῶν
3343 1168 3774 1240 υίκονομούντων

2130 1257 2225 1320 τὰς
2276 1255 2598 1324 Ἐκκλησίας
2661 1255 2951 1335 όρθοδοξων
3021 1257 3329 1315 ἐπισκόπων
3384 1255 3774 1334 συμπλάσσου-

2129 1369 2239 1421 σιν,
2286 1344 2434 1406 οὒδὲν
2465 1346 2644 1424 ἕτερον
2675 1349 2710 1418 ἥ
2744 1346 2982 1427 χραίνειν
3014 1348 3108 1409 τὰς
3165 1354 3273 1404 τῶν
3331 1346 3514 1425 ἱερέων
3555 1346 3772 1413 ὑπολή-

2130 1441 2274 1513 ψεις,
2308 1438 2392 1492 καἱ
2425 1437 2666 1516 ταραχὰς
2697 1443 2805 1493 τῶν
2836 1438 3213 1515 είρηνευόντων
3254 1436 3399 1494 λαῶν
3427 1437 3773 1494 κατασκευᾶ-

2128 1533 2235 1597 ζειν
2304 1526 2730 1607 ἐπιχειροῦντες,
2794 1527 2984 1584 τούτου
3068 1524 3247 1584 ἕνεκεν
3307 1524 3465 1604 ἤρεσε
3521 1527 3589 1602 τῇ
3645 1526 3774 1604 ἆγίᾴ

406 1607 518 1660 ctaa
537 1602 766 1681 synodo
790 1605 1217 1686 episcOporuin
1244 1607 1346 1688 qui
1371 1605 1886 1686 Constantinopoli
1907 1625 2044 1669 con-

2131 1615 2332 1690 συνόδῳ
2409 1622 2517 1672 τῶν
2602 1618 2656 1672 ἐν
2736 1615 3293 1673 Κωνσταντινουπόλει
3363 1615 3772 1693 συνδραμόντων

402 1699 843 1768 venerunt,nec
866 1700 995 1756 sine
1012 1696 1390 1758 discussione
1409 1696 1727 1759 admittere
1748 1703 2044 1758 accusato-

2131 1703 2463 1779 ἐπισκόπων,
2525 1705 2604 1778 μὴ
2675 1702 3036 1770 ἀνεξετάστως
3106 1707 3415 1784 προσίεσθαι
3458 1706 3581 1770 τοὺς
3631 1726 3772 1761 κατ-

403 1795 528 1854 res,
565 1798 678 1842 nec
715 1784 1019 1858 omnibus,
1055 1804 1262 1848 eorum
1295 1785 1398 1866 qui
1422 1785 1723 1849 Ecclesias
1746 1785 2041 1847 adminis-

2129 1797 2384 1872 ηγόρους,
2431 1791 2567 1869 μηδὶ
2627 1800 2790 1851 πᾶσιν
2849 1793 3220 1872 ἐπιτρέπεσθαι
3276 1795 3371 1858 τὰς
3443 1796 3772 1872 κατηγορίας

403 1875 561 1930 trant
591 1874 1008 1936 accusationes
1027 1883 1522 1958 permittere,nec
1545 1894 1756 1937 omnes
1777 1875 2044 1938 exclude-

2133 1887 2404 1941 ποιεῖσθαι
2448 1883 2587 1940 κατὰ
2628 1890 2737 1940 τῶν
2795 1884 3217 1957 οἶκονομούντων
3273 1883 3368 1946 τᾶς
3414 1882 3771 1958 Ἐκκλησίας,

404 1974 518 2050 re:
544 1960 650 2021 sed
676 1967 724 2022 si
752 1965 886 2044 quis
907 1967 1214 2047 propriam
1239 1967 1482 2047 quidem
1511 1965 1845 2046 querelam,
1880 1965 1940 2027 id
1963 1974 2044 2029 esl

2136 1976 2274 2050 μήτε
2306 1975 2415 2048 μὴν
2460 1972 2664 2035 πάντας
2711 1971 3017 2030 ἀποκλείειν
3051 1989 3065 2004 '
3100 1972 3224 2029 ἀλλ’
3257 1975 3301 2030 εἰ
3331 1971 3428 2048 μέν
3465 1995 3540 2038 τις
3572 1974 3775 2030 οίκείαν

403 2046 717 2140 privatam,
737 2055 1006 2116 intendat
1028 2046 1413 2136 episcopo,ut
1435 2055 1798 2117 detrimento
1820 2054 2044 2135 aliquo,

2135 2046 2252 2119 τινὰ
2294 2046 2523 2140 μέμψιν,
2575 2062 2845 2119 τουτέστιν
2891 2059 3192 2136 ἰδιωτικὴν,
3244 2046 3511 2140 ἐπαγάγοι
3541 2069 3617 2137 τῷ
3648 2063 3777 2120 ἐπι-

400 2136 495 2197 vel
521 2137 744 2231 injuria
768 2143 968 2225 aliqua
988 2145 1060 2207 ab
1086 2147 1216 2227 ipso
1238 2145 1522 2222 allectus;
1550 2145 1610 2206 in
1635 2145 1932 2225 ejusmodi
1955 2164 2044 2208 ac-

2135 2152 2343 2227 σκόπῳ,
2377 2155 2450 2218 ὡς
2481 2151 2919 2231 πλεονεκτηθεὶς,
2957 2151 2986 2219 ii
3032 2150 3166 2208 ἄλλο
3216 2174 3266 2209 τι
3299 2153 3444 2228 παρὰ
3472 2154 3532 2209 τὸ
3570 2151 3779 2211 δίκαιον

402 2230 812 2323 cusationibus
829 2253 939 2296 nec
950 2244 1228 2298 accusata
1240 2235 1323 2298 ris
1338 2253 1792 2316 personam.nec
1813 2235 2044 2314 religio-

2131 2239 2259 2320 παρ’
2306 2246 2464 2300 αὑτοῦ
2499 2245 2802 2312 πεπονθώς,
2833 2242 2922 2298 ἐπὶ
2954 2246 3063 2298 τῶν
3107 2241 3362 2298 τοιούτων
3405 2247 3774 2323 κατηγοριῶν,

404 2333 543 2411 nem
569 2321 924 2385 examinari.
955 2323 1207 2406 Oportet
1246 2329 1408 2388 enim
1434 2325 1705 2406 episcopi
1727 2324 2044 2386 conscien-

2133 2332 2212 2406 μὴ
2286 2328 2639 2404 ἐξετάζεσθαι,
2719 2331 2858 2405 μήτε
2913 2333 3204 2408 πρόσωπον
3273 2335 3366 2386 τοῦ
3439 2321 3774 2411 κατηγόρου,

405 2405 552 2499 tiam
576 2426 714 2499 esse
738 2405 1023 2476 omnibus
1045 2414 1240 2477 modis
1263 2414 1544 2489 liberam,
1570 2423 1628 2476 et
1647 2405 1786 2476 eum
1812 2414 1914 2496 qui
1935 2414 2044 2476 sibi

2133 2405 2273 2497 μήτε
2302 2421 2401 2488 τὴν
2426 2420 2712 2498 θρησκείαν
2741 2435 2754 2448 ⁸
2791 2419 2904 2499 χρὴ
2935 2405 3036 2497 γὰρ
3065 2418 3231 2476 παντί
3260 2420 3462 2498 τρόπῳ,
3497 2405 3622 2476 τότε
3651 2405 3778 2477 om;

403 2493 684 2588 injuriam
710 2501 919 2564 factam
945 2522 1078 2566 esse
1101 2503 1698 2585 dicit,cujuscunque
1721 2504 1796 2566 sit
1815 2493 2044 2584 religio-

2133 2509 2274 2574 ειδὸς
2328 2512 2421 2566 τοῦ
2468 2509 2762 2568 ἐπισκόπου
2819 2509 3090 2586 ἐλεύθερον
3134 2509 3305 2588 εἶναι,
3352 2511 3443 2566 καὶ
3499 2509 3592 2565 τὸν
3648 2507 3774 2566 ἀδι-

401 2583 626 2677 nis,jus
647 2607 820 2653 suum
846 2593 1160 2675 consequi.
1184 2592 1246 2657 Si
1269 2583 1469 2656 autem
1496 2599 1570 2655 sit
1590 2583 1822 2656 crimen
1846 2583 2044 2656 eccle-

2130 2603 2343 2656 κεῖσθαι
2383 2598 2612 2677 λέγοντα
2656 2599 2778 2664 οἵας
2837 2597 2899 2654 ἂν
2954 2583 3342 2676 ᾗ-θρησκείας,
3392 2603 3500 2656 τῶι
3543 2595 3773 2656 δικαίων

404 2675 906 2769 siasticum,quod
928 2683 1209 2762 episcopo
1230 2683 1739 2760 intenditur,tunc
1754 2684 2044 2747 examina-

2130 2690 2443 2769 τυγχάνειν.
2464 2675 2471 2677 Ὗ
2495 2689 2553 2747 Ei
2605 2686 2659 2745 δὲ
2690 2686 3140 2754 ἐκκλησιαστικὸν
3170 2687 3265 2753 εἴη
3292 2675 3355 2744 τὸ
3385 2687 3771 2768 ἐπιφερόμενον

404 2763 456 2823 ri
481 2783 773 2856 personas
793 2781 1209 2835 accusatorum
1242 2793 1255 2831 :
1283 2781 1347 2834 ut
1371 2779 1632 2854 primum
1658 2774 1899 2855 quidem
1922 2773 2044 2834 hai-

2133 2763 2384 2855 ἒγκλῃλα
2428 2785 2504 2854 τῷ
2548 2777 2849 2851 ἐπισκόπψ,
2898 2777 3020 2833 τότε
3085 2773 3458 2850 δοκιμάζεσθαι
3491 2763 3615 2856 ’χρὴ
3660 2783 3772 2835 τῶν

403 2855 612 2920 reticis
635 2879 753 2924 non
790 2862 969 2925 liceat
989 2863 1358 2926 orthodoxos
1389 2863 1709 2946 episcopos
1729 2883 1836 2944 pro
1870 2863 2052 2926 rebus

405 2949 834 3016 ecclesiasticis
870 2971 1176 3016 accusare.
1210 2951 1541 3015 Haereticos
1563 2961 1761 3016 autem
1787 2953 2046 3016 dicimus

406 3047 465 3102 et
487 3041 588 3118 qui
609 3043 750 3104 olim
771 3043 845 3105 ab
863 3043 1134 3106 Ecclesia
1147 3041 1407 3104 abdicati
1422 3051 1651 3119 sunt,et
1668 3042 1769 3125 qui
1787 3053 1926 3106 sunt
1950 3063 2051 3126 po-

2134 2867 2578 2945 κατηγορούντων
2631 2867 2696 2922 τὰ
2745 2865 3030 2944 πρόσωπα,
3063 2865 3157 2922 ἵνα
3185 2866 3396 2944 πρῶτον
3427 2866 3530 2940 μὲν
3559 2867 3770 2943 αἱρετι-

2135 2957 2257 3022 κοῖς
2301 2957 2378 3031 μὴ
2435 2955 2526 3032 ἐξῇ
2571 2955 2894 3033 κατηγορίας
2923 2955 3061 3012 κατὰ
3089 2955 3196 3011 τῶν
3227 2951 3516 3032 ὸρθοδόξων
3541 2953 3770 3013 ἐπισκό-

2136 3067 2248 3102 πων
2304 3045 2435 3125 ὑπὲρ
2493 3045 2956 3113 ἐκκλησιαστικῶν
3023 3043 3352 3122 πραγμάτων
3441 3047 3713 3101 ποιεῖσθαι
3748 3058 3766 3077 ⁶

405 3138 533 3191 stea
554 3149 588 3191 a
611 3131 784 3194 nobis
805 3132 1287 3195 anathematizati
1321 3153 1334 3194 :
1359 3131 1566 3196 adhaac
1587 3142 1791 3195 autem
1824 3142 1884 3196 et
1915 3151 2042 3209 eos,

2133 3137 2424 3214 αἱρετικοὺς
2469 3133 2524 3192 δὲ
2556 3134 2785 3213 λέγομεν
2828 3133 2948 3199 τούς
2977 3155 3035 3189 τε
3087 3131 3250 3189 πάλαι
3294 3137 3395 3199 τῆς
3441 3131 3770 3200 Ἐκκλησίας

407 3219 510 3302 qui
533 3238 599 3283 se
611 3238 812 3284 sanam
829 3222 1074 3301 quidem
1097 3221 1272 3285 [idem
1297 3223 1569 3285 conﬁteri
1596 3241 1717 3304 prae
1737 3242 1803 3285 se
1819 3222 2041 3298 ferunt,

406 3309 594 3370 avulsi
612 3319 812 3373 autem
829 3311 1392 3387 suntetabscissi,et
1411 3310 1699 3374 adversus
1719 3311 2045 3375 canonicos

407 3408 643 3462 nostros
666 3403 977 3483 episcopos
1000 3402 1523 3481 congregationem
1559 3402 2042 3464 faciunt.l’raete-

403 3507 508 3551 rea
529 3497 728 3552 autem
753 3501 810 3554 et
830 3491 881 3554 si
899 3491 1083 3573 aliqui
1101 3509 1311 3555 eorum
1331 3489 1404 3552 ab
1429 3490 1694 3554 Ecclesia
1717 3491 1791 3553 ob
1816 3494 2043 3573 aliquas

407 3596 622 3642 causas
638 3583 803 3662 prius
827 3581 1303 3657 condemnati,et
1329 3581 1507 3662 ejecti
1528 3581 1617 3644 vel
1641 3582 2044 3645 excommuni-

406 3669 521 3731 cati
545 3671 924 3748 fuerint,sive
949 3691 1022 3735 ex
1049 3670 1374 3748 clero,sive
1396 3690 1468 3734 ex
1488 3671 1779 3734 laicorum
1803 3673 2037 3748 ordine,

404 3777 517 3822 nec
536 3760 826 3824 eislicere
847 3763 1201 3843 episcopum
1214 3762 1888 3842 accusare,priusquam
1915 3779 2044 3840 pro-

403 3851 600 3930 prium
626 3852 852 3914 crimen
871 3851 1283 3914 absterserint.
1309 3849 1807 3914 Similiteraulem
1829 3860 1888 3913 et
1909 3871 2038 3929 eos,

403 3939 506 4015 qui
528 3942 694 4021 prius
715 3943 855 4003 252
877 3942 964 4004 rei
989 3941 1124 4003 facti
1150 3939 1539 4021 accusatique
1559 3949 1850 4020 sunt,non
1874 3941 2040 4022 prius

373 4031 472 4110 ﬁad
501 4032 766 4114 episcopi
789 4032 880 4094 vel
913 4031 1167 4093 aliorum
1206 4031 1568 4093 clericorum
1591 4032 2039 4093 accusationem

402 4120 664 4197 admitti,
697 4139 872 4203 quam
900 4140 965 4183 se
1005 4120 1380 4200 objectorum
1425 4119 1540 4181 sibi
1591 4121 1907 4183 criminum
1943 4122 2039 4183 in-

402 4218 608 4272 sontes
650 4209 1053 4273 ostenderint.
1088 4209 1206 4272 Sed
1235 4209 1286 4272 si
1309 4209 1585 4271 nonnulli
1609 4227 1718 4271 nec
1744 4210 2038 4286 baretici,

402 4315 514 4358 nec
536 4298 1038 4362 excommunicati
1059 4297 1311 4376 fuerint,
1333 4315 1446 4360 nec
1471 4297 1636 4379 prius
1651 4299 2041 4375 damnati,vel

399 4388 738 4468 aliquorum
761 4388 1082 4451 criminum
1106 4386 1822 4465 accusati,dicantautem
1845 4408 1910 4452 se
1933 4391 2042 4452 ha-

2128 3224 2630 3305 ἀποκηρυχθέντας,
2689 3225 2778 3282 καὶ
2840 3224 2963 3288 τοὺς
3023 3223 3162 3298 μετᾶ
3247 3231 3413 3281 ταῦτα
3480 3223 3570 3302 ὑφ’
3613 3223 3772 3298 ἣμῶν

2128 3313 2637 3390 ἀναθεματισθέντας
2673 3331 2688 3349 ⁸
2751 3314 2884 3390 πρὸς
2941 3309 2996 3370 δὲ
3052 3311 3290 3391 τούτοις,
3349 3313 3437 3368 καὶ
3493 3313 3617 3377 τοὺς
3668 3314 3774 3381 τὴν

2125 3405 2304 3461 πίστιν
2359 3405 2457 3480 μὲν
2527 3405 2625 3471 τὴν
2697 3404 2822 3482 ὅγιῆ
2879 3401 3375 3480 προσποιουμένους
3447 3400 3767 3480 ὁμολογεῖν,

2125 3493 2528 3574 ἀποσχίσαντας
2571 3491 2626 3548 δὲ
2669 3493 2758 3548 καὶ
2807 3491 3252 3568 ἀντισυνᾶγοντας
3290 3503 3410 3556 τοῖς
3458 3504 3784 3556 κανονικοῖς

2123 3585 2276 3657 ἡμῶν
2311 3582 2624 3647 ἐπισκόποις
2661 3600 2676 3616 ·
2713 3579 2897 3638 ἔπειτα
2926 3578 2981 3636 δὲ
3022 3581 3108 3637 καῖ
3143 3579 3197 3636 εἴ
3225 3598 3369 3644 τινες
3399 3584 3506 3636 τῶν
3537 3581 3642 3637 ἀπὸ
3676 3581 3772 3648 τῆς

2123 3671 2449 3740 Ἐκκλησίας
2493 3672 2578 3728 ἐπὶ
2621 3671 2814 3736 αἰτίαις
2885 3671 2994 3726 τισὶ
3048 3669 3592 3750 προκατεγνωσμὲνοι
3652 3674 3767 3727 εἷεν

2124 3766 2212 3819 καὶ
2264 3760 2720 3836 ἀποϐεϐλημένοι,
2781 3758 2818 3826 ἦ
2880 3759 3259 3833 ἀκοινώνητοι,
3311 3757 3427 3816 εἴτε
3471 3759 3578 3816 ἀπὸ
3623 3757 3766 3830 κλήο

2124 3875 2238 3932 ρου,
2269 3850 2383 3908 εἴτε
2409 3851 2515 3907 ἀπὸ
2561 3849 2758 3908 λαϊκοῦ
2803 3849 3107 3928 τάγματος,
3143 3846 3282 3923 μηδὲ
3333 3848 3538 3914 τούτοις
3568 3847 3767 3914 ἐξεῖναι

2124 3954 2450 4020 κατηγορεῖν
2494 3941 2814 4019 ἐπισκόπου,
2847 3940 2966 4015 πρὶν
3023 3938 3086 3994 ἂν
3138 3939 3202 3994 τὸ
3259 3939 3458 3994 οἰκεῖον
3516 3936 3768 4015 ἔγκλημα

2122 4033 2378 4109 πρότερον
2410 4029 2781 4087 ἀποδύσωνται
2817 4049 2833 4067 ’
2869 4030 3067 4103 ὁμοίως
3093 4027 3148 4084 δὲ
3194 4028 3282 4084 καὶ
3328 4032 3451 4091 τοὺς
3481 4028 3586 4083 ὑπὸ
3627 4050 3767 4085 κατ-

2121 4123 2342 4199 ηγορίαν
2400 4117 2773 4197 προλαϐοῦσαν
2823 4116 3006 4198 ὄντας,
3040 4117 3119 4194 μὴ
3151 4118 3412 4196 πρότερον
3469 4117 3617 4174 εἶναι
3672 4115 3765 4174 δε-

2122 4213 2280 4272 κτοὺς
2315 4211 2389 4272 εἰς
2446 4209 2743 4266 ἐπισκόπου
2784 4209 3114 4286 κατηγορίαν
3151 4204 3181 4274 ii
3215 4207 3411 4285 ἑτέρων
3461 4204 3762 4281 κληρικῶν,

2123 4301 2242 4378 πρὶν
2301 4300 2363 4356 ἃν
2432 4299 2634 4364 ἀθώους
2706 4297 2926 4360 ἑαυτοὺς
3002 4302 3110 4354 τῶν
3171 4295 3519 4376 ἐπαχθέντων
3575 4299 3767 4359 αὺτοῖς

2125 4387 2470 4455 ἀποδείξωσιν
2541 4385 2925 4466 ἐγκλημάτων.
2986 4387 3044 4443 El
3131 4384 3319 4462 μέντοι
3402 4384 3567 4460 τινὲς,
3625 4386 3770 4460 μήτε

400 4475 549 4538 bere
592 4477 823 4558 aliquas
859 4477 1144 4540 adversus
1165 4477 1517 4558 episcopum
1560 4478 2038 4556 criminationes,

2129 4479 2402 4559 αἱρετικοὶ,
2437 4478 2577 4553 μήτε
2606 4475 2962 4544 ἀκοινώνητοι
2993 4478 3131 4549 εἷεν,
3177 4475 3319 4550 μήτε
3338 4561 3355 4570 ἢ
3376 4473 3769 4570 κατεγνωσμέ-

401 4565 696 4646 eosjubet
735 4576 940 4630 sancta
975 4567 1246 4650 synodus
1298 4567 1560 4648 primum
1601 4568 1848 4650 quidem
1881 4572 2037 4651 apud

2133 4590 2229 4642 νοι,
2287 4566 2325 4634 ἦ
2379 4565 2923 4644 προκατηγὸρημὲνοι
2979 4563 3067 4621 ἐπί
3123 4585 3233 4621 τισι
3296 4561 3768 4643 πλημμελημασι,

399 4657 723 4738 provinciaa
762 4657 1081 4740 episcopos
1129 4661 1574 4720 accusationem
1632 4660 1939 4741 persequi,
1983 4667 2042 4721 et

399 4747 556 4828 apud
580 4765 682 4810 eos
699 4748 956 4830 probare
981 4747 1236 4811 crimina
1259 4747 1558 4828 episcOpi,
1581 4747 1683 4830 qui
1703 4748 2039 4830 aliquarum

397 4855 603 4900 rerum
631 4836 1145 4910 accusatur.Quod
1166 4837 1214 4898 si
1233 4837 1530 4911 evenerit,
1557 4845 1620 4899 ut
1640 4837 2039 4918 provinciales

400 4927 669 5008 episcopi
691 4927 1080 5009 crimina,qui
1101 4929 1386 5008 episcopo
1408 4927 1704 4988 intentata
1720 4937 1880 5002 sunt,
1903 4946 2044 4990 cor-

398 5017 600 5095 rigere
614 5037 732 5079 non
751 5016 1158 5098 possint,tunc
1181 5019 1343 5096 ipsos
1359 5017 1649 5077 accedere
1662 5016 1734 5081 ad
1755 5017 2043 5097 majorem

400 5105 697 5184 synodum
719 5105 1001 5167 dimcesis
1026 5104 1190 5165 illius
1239 5103 1691 5186 episcoporum,
1727 5124 1836 5186 pro
1867 5125 2047 5168 causa

399 5201 865 5257 convocatorum
893 5214 910 5276 ;
952 5201 1010 5255 et
1029 5194 1475 5256 accusationem
1499 5213 1620 5256 non
1649 5194 1816 5276 prius
1840 5201 2044 5259 inten-

397 5284 754 5364 dere,quam
779 5283 842 5344 in
887 5283 1135 5364 scriptis
1174 5283 1405 5365 aequale
1429 5284 1762 5366 periculum
1787 5285 2043 5349 sibista-

397 5380 586 5446 tuant,
617 5374 668 5434 si
687 5372 932 5453 quidem
956 5377 1016 5432 in
1042 5371 1228 5435 rebus
1253 5373 1667 5436 examinandis
1697 5385 2042 5439 accusatum

398 5462 746 5544 episcopum
771 5460 1127 5523 calumniari
1149 5461 1404 5524 convicti
1427 5461 1742 5527 fuerint.Si
1771 5471 1903 5546 quis
1932 5483 2046 5526 au-

393 5561 514 5614 tem
565 5551 638 5613 iis
690 5569 847 5633 quas,
906 5559 972 5611 ut
1023 5551 1189 5631 prius
1245 5550 1618 5614 declaratum
1652 5562 1764 5628 est,
1799 5553 2046 5615 decreta

394 5643 660 5721 fuerunt,
690 5639 1082 5723 contemptis,
1116 5657 1298 5706 ausus
1327 5639 1510 5703 fuerit
1540 5642 1630 5706 vel
1661 5643 2048 5728 imperatoris

2124 4657 2333 4735 λέγοιεν
2374 4656 2429 4714 δὲ
2475 4656 2622 4736 ἔχειν
2652 4677 2772 4712 τινα
2801 4653 3260 4722 ἐκκλησιαστικὴν
3304 4654 3442 4710 κατά
3489 4659 3582 4710 τοῦ
3639 4652 3772 4709 ἐπι-

2123 4749 2328 4804 σκόπου
2373 4747 2727 4825 κατηγορίαν,
2772 4745 2982 4807 τούτοις
3027 4741 3240 4800 κελεύει
3287 4744 3320 4810 ἡ
3381 4742 3509 4820 ἀγία
3549 4740 3769 4805 σύνοδος

2123 4843 2332 4916 πρῶτον
2372 4837 2470 4908 μὲν
2514 4836 2599 4892 ἐπὶ
2641 4837 2748 4892 τῶν
2789 4839 2887 4902 τῆς
2949 4832 3216 4912 ἐπαρχίας
3271 4831 3489 4888 πάντων
3537 4830 3770 4888 ἐπισκό-

2127 4949 2243 4984 πων
2328 4926 2625 4984 ἐνίστασθαι
2711 4925 2805 4990 τὰς
2873 4924 3227 5001 κατηγορίας,
3302 4921 3392 4978 καὶ
3447 4920 3534 4978 ἐπ’
3591 4921 3770 4980 αὐτῶν

2127 5015 2379 5096 ἐλέγχειν
2435 5017 2502 5072 τὰ
2545 5013 2866 5094 ἐγκλήματα
2913 5019 3007 5070 τοῦ
3053 5014 3109 5068 ἐν
3143 5012 3336 5076 αἰτίαις
3369 5011 3511 5066 τισίν
3540 5009 3769 5067 ἐπισκό-

2129 5127 2253 5167 που.
2322 5107 2379 5164 Ei
2430 5105 2485 5162 δὲ
2542 5101 2779 5181 συμϐαίη
2840 5101 3164 5169 ἀδυνατῆσαι
3223 5101 3349 5166 τοὺς
3412 5099 3770 5180 ἐπαριεώτας

2125 5197 2257 5274 πρὸς
2317 5193 2591 5272 διόρθωσιν
2657 5199 2764 5250 τῶν
2821 5191 3224 5272 ἐπιφερομένων
3280 5189 3640 5270 ἐγκλημάτων
3692 5194 3774 5263 τῷ

2125 5285 2430 5358 ἐπισκόπῳ,
2463 5285 2585 5342 τότε
2615 5283 2806 5346 αὒτοδς
2858 5280 3129 5360 προσιέναι
3176 5281 3378 5356 μείζονι
3417 5277 3621 5353 συνόδῳ
3661 5283 3772 5335 τῶν

2129 5380 2226 5442 τῆς
2281 5372 2598 5443 διοικήσεως
2643 5373 2856 5440 ἐκείνης
2901 5370 3212 5428 ἐπισκόπων
3255 5370 3387 5448 ὑπὲρ
3443 5368 3542 5436 τῆς
3600 5369 3774 5434 αίτίας

2127 5465 2324 5532 ταύτης
2382 5461 2830 5543 συγκαλουμένων
2864 5475 2881 5492 ⁶
2939 5461 3029 5517 καὶ
3078 5460 3157 5537 μὴ
3210 5464 3425 5538 πρῶτον
3469 5455 3779 5514 ἐνίστασθαι

2126 5554 2228 5622 τὴν
2288 5553 2642 5631 κατηγορίαν,
2687 5553 2808 5629 πρὶν
2960 5547 3240 5630 ἐγγράφως
3299 5547 3487 5611 αὖτοὺς
3519 5548 3613 5603 τὸν
3653 5546 3780 5602 ἴσον

2131 5644 2318 5712 αὺτοῖς
2374 5643 2785 5706 ὑποτινύσασθαι
2845 5636 3110 5718 κίνδυνον,
3199 5635 3359 5718 εἴπερ
3417 5637 3472 5695 ἐν
3541 5638 3614 5718 τῇ
3664 5642 3780 5695 τῶν
