4148 6198
321 352 434 420 ’701

1179 352 1598 420 SYNTAGMA
1641 351 2039 418 CANONUM.
2085 382 2165 397 —
2212 351 2369 414 TIT.
2417 353 2524 432 IX,
2567 351 2730 415 CAP.
2782 352 2834 415 Ι.

3577 344 3702 413 702-

325 492 660 572 πραγμάτων
712 489 945 558 ἐξετάσει
999 499 1449 573 συκοφαντοῦντες
1485 494 1577 550 τὸν
1629 491 1972 571 κατηγορού-

2067 506 2235 552 aures
2258 489 2533 552 molestia
2547 489 2812 565 afﬁcere,
2840 487 2929 551 vel
2955 485 3333 551 saecularium
3359 484 3698 568 principum

323 603 488 658 μενον
544 581 835 640 ἐπίσκοπον
881 581 1175 661 ἑλεγθεϊεν*
1241 585 1287 640 εἰ
1316 582 1370 639 δέ
1423 605 1505 647 τις
1565 582 1976 661 καταφρονήσας

321 678 431 730 τῶν
476 672 612 729 κατὰ
667 672 735 729 τὰ
791 671 1200 751 προδηλωθέντα
1250 671 1605 752 δεδογμένων,
1653 671 1978 748 τολμήσειεν

321 762 358 830 ἢ
411 760 695 839 βασιλικὰς
755 760 1010 843 ἐνοχλεῖν
1058 763 1242 837 ἀκοὰς,
1279 763 1315 832 ἢ
1365 763 1642 840 κοσμικῶν
1695 761 1974 842 ἀρχόντων

323 848 668 930 δικαστήρια,
718 853 754 919 ἢ
808 853 1180 929 οἰκουμενικήν
1226 851 1443 910 σύνοδον
1489 852 1798 931 ταράσσειν,
1832 850 1974 908 πάν-

2053 577 2282 658 judicia
2311 580 2404 643 vel
2431 580 2826 642 universalem
2860 578 3150 661 synodum
3187 576 3562 660 perturbare,
3583 594 3697 638 ne-

2057 669 2563 750 glectisdiaecesis
2585 669 3054 750 episcopis,eum
3080 669 3242 732 nullo
3266 667 3442 730 modo
3466 685 3599 730 esse
3620 668 3698 730 ad

2057 760 2497 822 accusationem
2518 758 3048 833 admittendum,ut
3067 759 3170 842 qui
3193 756 3526 826 canonibus
3547 756 3701 836 inju-

2056 849 2206 911 riam
2236 849 2475 931 fecerit,
2503 856 2562 911 et
2583 849 3063 912 ecclesiasticum
3087 849 3361 912 ordinem
3392 847 3698 910 everterit.

321 962 421 1005 τας
455 940 729 1016 ἀτιμάσας
759 954 878 1007 τοῖς
935 942 1034 1011 τῆς
1064 940 1382 1013 διοικήσεως
1443 942 1790 1016 ἐπισκόπους,
1821 942 1910 998 τὸν
1943 947 2182 997 τοιοῦτον
2213 941 2286 1004 εἰς
2331 942 2659 1020 κατηγορίαν
2689 941 2749 998 τὸ
2793 941 3042 1020 παράπαν
3083 941 3160 1016 μὴ
3193 952 3333 997 εἶναι
3383 937 3590 1012 δεκτὸν,
3622 937 3697 1001 ὡς

317 1028 705 1110 καθυϐρίσαντα
732 1031 854 1093 τοὺς
885 1033 1136 1105 κανόνας,
1171 1033 1258 1089 καὶ
1288 1032 1388 1100 τὴν
1419 1029 1881 1100 ἐκκλησιαστικην
1913 1028 2292 1108 λυμηνάμενον
2324 1029 2586 1097 εὐταξίαν.

611 1119 838 1179 Συνόδου
870 1118 1212 1188 Χαλκηδόνος
1256 1123 1432 1180 κανὼν
1461 1120 1532 1181 θ’.
1580 1119 1694 1182 κα’.

403 1213 477 1276 θ’.
511 1213 580 1270 Εἴ
609 1237 694 1278 τις
722 1213 982 1294 κληρικὸς
1013 1216 1144 1291 πρὸς
1175 1214 1432 1295 κληρικὸν
1461 1221 1684 1294 πρᾶγμα
1715 1214 1862 1294 ἔχει,
1897 1214 1974 1288 μὴ

320 1302 846 1382 ἐγκαταλιμπανέτω
915 1305 1006 1360 τὸν
1081 1305 1283 1362 οἰκεῖον
1353 1305 1667 1385 ἐπίσκοπον,
1731 1302 1820 1361 καί
1889 1300 1976 1359 ἐπὶ

315 1392 558 1469 κοσμικὰ
630 1390 951 1472 δικαστήρια
1028 1393 1434 1475 κατατρεχέτω,
1506 1393 1646 1452 ἀλλὰ
1717 1393 1975 1473 πρότερον

313 1483 416 1552 τὴν
472 1482 722 1540 ὑπόθεσιν
752 1481 1070 1562 γυμναζὲτω
1123 1485 1267 1562 παρὰ
1307 1491 1385 1558 τῷ
1415 1482 1528 1558 ἰδίῳ
1576 1482 1882 1555 ἐπισκόπῳ·
1935 1482 1970 1548 ἡ

312 1594 442 1652 γουν
485 1572 679 1651 γνώμη
738 1574 907 1630 αὐτοῦ
953 1575 1048 1630 τοῦ
1103 1573 1420 1650 ἐπισκόποῦ,
1465 1570 1592 1650 παρ’
1648 1573 1738 1636 οἷς
1792 1572 1854 1627 ἂν
1911 1572 1974 1628 τὸ

313 1662 592 1742 ἀμφότερα
649 1662 789 1740 μέρη
820 1663 1139 1739 βούλωνται,
1186 1664 1253 1721 τὰ
1301 1664 1398 1732 τῆς
1448 1662 1600 1730 δίκης
1648 1665 1968 1741 συγκροτεῖ-

313 1755 460 1814 σθαι.
520 1754 579 1809 Εἰ
613 1749 668 1808 δέ
725 1774 804 1817 τις
835 1753 980 1831 παρὰ
1017 1761 1179 1811 ταῦτα
1237 1761 1479 1829 ποιησει,
1514 1766 1820 1817 κανονικοῒς
1852 1751 1977 1808 ἐπι-

313 1842 515 1917 τιμίοις
572 1843 890 1898 ὑποκείσθω·
927 1844 971 1898 εἰ
1025 1840 1083 1898 δὲ
1125 1843 1214 1899 καὶ
1273 1844 1531 1923 κληρικός
1587 1849 1809 1922 πρᾶγμα
1857 1840 1977 1920 ἔχει

313 1932 448 2008 πρὸς
505 1931 598 1987 τὸν
659 1929 802 1987 ἴδιον
858 1931 894 1999 ἢ
925 1932 1011 1988 καὶ
1069 1933 1199 2011 πρὸς
1251 1932 1428 2011 ἓτερον
1483 1933 1796 2006 ἐπίσκοπον,
1837 1929 1978 2008 παρὰ

2274 1119 2512 1178 Concilii
2540 1118 3000 1178 Chalcedonensis
3024 1134 3263 1176 canones
3297 1116 3352 1184 9,
3392 1117 3483 1172 21.

2137 1204 2198 1268 9.
2233 1202 2296 1266 Si
2327 1205 2456 1284 quis
2482 1203 2742 1266 clericus
2772 1203 2954 1266 habet
2983 1222 3118 1266 cum
3152 1202 3375 1265 clerico
3406 1200 3576 1262 litem
3599 1208 3701 1262 aut

2059 1298 2384 1370 negotium,
2421 1294 2730 1375 proprium
2777 1296 3125 1375 episcopum
3160 1311 3238 1355 ne
3286 1290 3607 1371 relinquat,
3641 1298 3701 1352 et

2057 1381 2131 1442 ad
2189 1382 2494 1445 saecularia
2543 1384 2777 1463 judicia
2827 1403 2902 1446 ne
2951 1390 3250 1458 excurrat,
3292 1380 3399 1443 sed
3457 1397 3700 1443 causam

2058 1473 2226 1552 prius
2255 1474 2412 1554 apud
2461 1474 2770 1554 proprium
2833 1474 3182 1555 episcopum
3230 1479 3364 1552 agat
3421 1488 3436 1534 :
3493 1470 3586 1533 vel
3623 1469 3700 1531 de

2057 1561 2326 1642 episcopi
2382 1565 2700 1641 sententia,
2753 1565 2913 1646 apud
2963 1582 3068 1626 eos
3097 1581 3248 1644 quos
3279 1568 3531 1642 utraque
3563 1576 3702 1640 pars

2057 1650 2326 1728 elegerit,
2347 1652 2644 1733 judicium
2691 1655 2968 1734 agitetur.
2999 1652 3064 1716 Si
3094 1652 3228 1733 quis
3259 1659 3454 1713 autem
3487 1657 3705 1730 praeter

2059 1739 2189 1802 haec
2218 1739 2452 1819 fecerit,
2486 1744 2630 1805 253
2661 1745 2969 1806 canonicis
3000 1743 3194 1824 poenis
3227 1739 3603 1821 subjiciatur.
3637 1738 3702 1800 Si

2061 1829 2317 1894 clericus
2347 1841 2548 1896 autem
2581 1855 2718 1898 cum
2777 1835 3019 1916 proprio
3048 1832 3141 1895 vel
3176 1833 3354 1894 etiam
3387 1828 3507 1892 alio
3539 1826 3701 1910 epis-

2059 1937 2209 2000 copo
2235 1923 2536 2002 negotium
2561 1933 2662 1986 aut
2696 1925 2863 1986 litem
2895 1924 3132 1996 habeat,
3168 1940 3198 1982 a
3237 1917 3559 2002 provincias
3605 1934 3701 1997 sy-

313 2007 387 2097 τέξῃ
449 2019 652 2095 συνόδῳ
681 2022 780 2088 τῆς
838 2007 1458 2101 ἐπαρχίαςνδικαζέσθω.
1510 2025 1570 2081 Εἰ
1625 2021 1678 2078 δὲ
1710 2023 1842 2100 πρὸς
1883 2007 1976 2076 τὸν

2067 2009 2218 2072 nodo
2243 2012 2573 2092 judicetur.
2608 2013 2671 2077 Si
2728 2022 2930 2076 autem
2991 2032 3126 2075 cum
3159 2011 3350 2092 ipsius
3383 2007 3704 2088 provincias

314 2109 423 2177 τῆς
477 2109 641 2177 αὒτῆς
692 2111 960 2192 ἐπαρχίας
992 2110 1387 2191 μετροπολίτην
1417 2114 1709 2176 ἐπίσκοπος
1742 2111 1779 2179 ἢ
1825 2109 1970 2177 κλη-

2067 2103 2522 2192 metropolitano
2556 2104 2877 2185 episcopus
2906 2103 2997 2164 vel
3049 2101 3305 2164 clericus
3352 2105 3705 2192 controver-

320 2199 472 2276 ριίὺς
535 2196 928 2279 ἀμφισϐητοίη,
975 2200 1438 2277 καταλαμϐανέτω
1495 2201 1532 2269 ἢ
1589 2201 1679 2257 τὸν
1741 2198 1971 2278 ἔξαρχον

320 2288 420 2356 τῆς
462 2286 806 2365 διοικήσεως,
840 2289 876 2358 ἢ
907 2290 1000 2346 τὸν
1047 2296 1144 2359 τῆς
1177 2289 1570 2367 βασιλευούσης
1625 2299 1968 2348 Κωνσταντι-

207 2402 217 2410 ·
320 2377 628 2444 νουπόλεως
672 2379 878 2458 θρόνον,
911 2379 1001 2436 καὶ
1041 2378 1128 2436 ἐπ’
1159 2379 1302 2454 αὖτῷ
1331 2380 1640 2451 δικαζέσθω.

401 2469 517 2529 κα’.
571 2469 869 2548 Κληρικοὺς
919 2467 956 2537 ἢ
992 2466 1240 2545 λαΐκοὺς,
1287 2475 1714 2549 κατηγοροῦντας
1745 2467 1972 2526 ἐπισκό-

318 2582 440 2618 πων
471 2559 507 2628 ἣ
552 2557 848 2637 κληρικῶν,
895 2556 1083 2622 ἁπλῶς
1131 2561 1218 2616 καὶ
1269 2557 1640 2634 ἀδοκιμάστως
1670 2558 1749 2634 μὴ
1798 2580 1968 2632 προσ-

317 2647 571 2730 δέχεσθαι
631 2650 704 2713 εἰς
761 2647 1114 2727 κατηγορίαν,
1151 2650 1194 2704 εἰ
1237 2649 1315 2724 μὴ
1359 2648 1614 2728 πρότερον
1672 2647 1968 2715 ἐξετασθείη

314 2738 491 2796 αὐτῶν
521 2740 556 2806 ἡ
586 2736 885 2814 ὑπόληψις.

316 2831 544 2891 Συνόδου
595 2832 966 2912 Καρθαγέννης
1016 2835 1193 2891 κανὼν
1235 2833 1315 2901 η’,
1365 2831 1462 2908 ια’,
1502 2830 1598 2910 ιβ’,
1636 2829 1727 2906 ιδ’,
1767 2833 1836 2906 ἰε,
1871 2829 1962 2892 ιθ’.

782 2911 860 2988 κ’,
908 2911 985 2992 λ’,
1020 2915 1169 2992 ρκη’,
1203 2912 1341 2994 ρκθ’,
1381 2913 1486 2993 ρλ’,

392 3007 518 3085 Περί
590 3010 697 3064 τῶν
768 3007 890 3070 τοὺς
948 3008 1186 3087 Πατέρας
1255 3007 1610 3084 αἰτιωμένων,
1673 3008 1759 3064 καὶ
1824 3007 1962 3064 ὥστε

313 3096 504 3173 μηδενὶ
589 3093 994 3173 δια6ε6)ημένῳ
1077 3097 1276 3164 ἐξεῖναι
1311 3146 1328 3180 ,
1403 3098 1700 3156 ἐπισκόπου
1785 3119 1964 3164 κατη-

314 3199 523 3266 γορετν,

399 3276 482 3344 η’.
526 3275 829 3354 Νουμήδιος
874 3276 1160 3342 ἐπίσκοπος
1212 3277 1605 3344 Μαξουλιτᾶνος
1639 3279 1819 3335 εἶπενο
1862 3269 1970 3333 Εἰσῖ

2051 2187 2199 2250 siam
2233 2191 2474 2271 habeat,
2511 2194 2789 2257 dimcesls
2818 2193 3144 2255 exarchum
3171 2189 3370 2265 adeat,
3395 2187 3486 2248 vel
3510 2185 3699 2266 impe-

2050 2278 2217 2340 rialis
2271 2281 2441 2346 urbis
2501 2282 3053 2365 Constantinopolis
3105 2281 3411 2354 thronum,
3446 2284 3506 2339 et
3534 2274 3696 2357 apud

2051 2384 2189 2429 eum
2221 2370 2432 2452 litiget.

2138 2460 2205 2521 2i
2223 2509 2238 2525 .
2272 2462 2538 2525 Clericos
2566 2463 2659 2526 vel
2717 2464 2927 2544 laicos,
2957 2463 3275 2544 episcopos
3303 2466 3409 2522 aut
3437 2454 3696 2519 clericos

2056 2559 2437 2628 accusantes,
2493 2571 2612 2614 non
2663 2553 3216 2631 indiscriminatim,
3253 2567 3365 2613 nec
3413 2547 3564 2608 citra
3593 2546 3694 2605 in-

2054 2638 2465 2721 quisitionem,
2503 2642 2820 2706 admittere
2849 2641 3295 2705 accusationem
3339 2636 3456 2699 nisi
3485 2649 3693 2698 eorum

2052 2729 2412 2793 existimatio
2442 2739 2610 2814 prius
2640 2732 2973 2794 examinata
3005 2731 3208 2793 fuerit.

2049 2829 2286 2888 Consilii
2319 2829 2782 2905 Carthaginensis
2812 2846 3052 2888 canones
3079 2829 3134 2892 8,
3187 2828 3276 2893 11,
3325 2824 3412 2891 12,
3466 2822 3552 2888 14,
3603 2819 3692 2890 15,

2452 2922 2540 2988 19,
2581 2922 2670 2988 20,
2704 2921 2795 2988 30,
2833 2921 2958 2988 128,
2996 2920 3120 2987 129,
3156 2918 3279 2975 130.

2116 3014 2196 3072 De
2217 3013 2302 3069 hie
2329 3015 2422 3088 qui
2451 3015 2512 3072 in
2565 3013 2965 3071 accusationem
3005 3009 3245 3084 majoris
3283 3010 3421 3064 natu
3447 3002 3696 3070 ueniunt;

2048 3098 2181 3152 etut
2209 3095 2520 3168 episcopum
2550 3095 2698 3153 nulli
2723 3095 3026 3154 criminosa
3056 3093 3220 3151 liceat
3241 3099 3530 3145 accusare.

2132 3275 2189 3339 8.
2215 3273 2533 3336 Numidius
2551 3275 2583 3324 8
2607 3273 2926 3355 episcopus
2947 3272 3341 3336 Maxulitanus
3365 3269 3510 3349 [ηις.
3541 3263 3691 3327 Mas-

320 3365 526 3424 πολλοί
597 3368 691 3424 οὒκ
761 3367 966 3446 ἀγαθῆς
1041 3367 1402 3447 ἀναπρεφῆς,
1463 3369 1660 3432 οἵτινες
1716 3370 1992 3455 ἡγοῦνται1

2067 3365 2372 3446 salitanus]
2407 3363 2587 3464 dixit}
2630 3364 2926 3465 Praeterea
2959 3371 3100 3464 sunt
3129 3355 3693 3460 quampluriminon

317 3457 444 3520 τοὺς
499 3456 740 3536 Πατέρας
796 3459 883 3513 καὶ
938 3457 1289 3532 ἐπισκόπους,
1337 3459 1411 3522 ὡς
1469 3456 1682 3538 ἔτυχεν,
1742 3448 1992 3536 ὀφείλειν

2067 3457 2227 3516 bonae
2253 3452 2744 3529 conversationis,
2777 3453 2881 3535 qui
2910 3450 3254 3514 existimant
3293 3448 3556 3538 majores
3589 3461 3693 3505 na-

319 3545 625 3628 ινᾶγεσθαιο
689 3547 811 3612 τοὺς
862 3569 1134 3612 τοιούτους
1178 3547 1262 3605 δεῖ
1304 3546 1718 3628 προσδέχεσθαι,
1752 3546 1788 3615 ἢ
1836 3548 1913 3623 μή
1950 3569 1966 3630 ς

403 3813 670 3895 Αὖρήλιος
731 3815 1022 3880 ἐπίσκοπος
1097 3816 1277 3873 εἶπεν·
1348 3815 1592 3896 Ἀρέσκει
1660 3816 1832 3873 τοίνυν
1900 3821 1970 3893 τῇ

321 3904 514 3983 ἀγάπῃ
578 3907 748 3981 δμων,
801 3906 922 3970 τοὺς
975 3903 1056 3968 εἴς
1107 3928 1223 3962 τινα
1259 3907 1405 3982 μύση
1467 3905 1965 3984 ἐμπεπλεγμένους,

321 3995 465 4052 κατὰ
511 3995 760 4072 Πατέρων
812 3994 997 4075 φωνὴν
1037 3997 1360 4074 κατηγορίας
1418 3996 1758 4053 ἀποτίθεσθαι
1798 4015 1815 4070 ;
1873 3994 1967 4054 Ἐκ

311 4085 532 4140 πάντων
587 4086 696 4142 τῶν
746 4083 1041 4142 ἐπισκόπον
1073 4083 1299 4167 ἐλέχθη,
1354 4085 1482 4143 Ἐὰν
1541 4082 1888 4152 διαϐέϐληται
1940 4087 1967 4142 ὁ

313 4173 582 4255 τοιοῦτος,
629 4174 710 4250 μὴ
741 4173 1075 4255 προσδεχθῇ.

395 4261 527 4322 Ἐὰν
585 4285 664 4331 τις
721 4262 1075 4343 πρεσϐύτερος
1145 4265 1283 4321 κατὰ
1335 4272 1431 4322 τοῦ
1486 4263 1616 4324 ἰδίου
1673 4263 1968 4322 ἐπισκόπου

317 4356 603 4437 φυσιωθεῖς
630 4355 842 4437 σχίσμα
876 4361 1025 4432 ποιῇ,
1073 4355 1308 4432 ἀνάθεμα
1344 4353 1504 4419 ἴστω.

403 4534 511 4598 ια’.
559 4534 697 4592 Ἀπὸ
768 4543 983 4592 πάντων
1043 4540 1149 4591 τῶν
1193 4533 1501 4592 ἐπισκόπων
1559 4533 1784 4615 ἐλέχθη,
1847 4534 1972 4593 Ἐὰν

316 4647 400 4690 τις
460 4624 839 4704 πρεσϐύτερος,
901 4624 958 4681 ἐν
1029 4630 1097 4702 τῇ
1156 4623 1399 4704 διαγωγῇ
1470 4628 1630 4682 αὒτοῦ
1687 4646 1971 4702 καταγνω-

317 4717 445 4791 σθῇ,
494 4713 696 4793 ὀφείλει
741 4717 769 4772 ὁ
827 4721 1067 4780 τοιοῦτος
1111 4727 1232 4778 τοϊς
1297 4719 1600 4793 γειτνιῶσιν
1651 4712 1968 4777 ἐπισκόποις

313 4803 741 4885 προσαγγεῖλαι,
787 4805 880 4861 ἵνα
939 4806 1086 4862 αὐτοὶ
1143 4811 1238 4862 τοῦ
1290 4804 1608 4882 πράγματος
1651 4803 1966 4882 ἁκροάσων-

313 4915 434 4968 ται,
489 4894 577 4951 καὶ
635 4891 700 4949 δι’
763 4895 936 4952 αὐτῶν
991 4901 1070 4969 τῷ
1128 4893 1242 4968 ἰδίῳ
1289 4893 1569 4968 ἐπισκόπῳ
1621 4891 1963 4970 καταλλαγῇ.

313 4989 488 5040 Τοῦτο
540 4981 596 5038 δὲ
640 4983 732 5039 ἐὰν
791 4983 871 5058 μὴ
922 4984 1152 5062 ποιήσῃ,
1210 4983 1332 5039 ἀλλ’
1390 4982 1520 5059 ὅπερ
1577 4981 1739 5049 ἀπείη
1796 4983 1961 5059 ὅπερ·

312 5071 444 5147 οψίᾳ
529 5073 903 5150 φυσιούμενος,
975 5071 1037 5129 ἐκ
1117 5077 1218 5139 τῆς
1291 5074 1385 5129 τοῦ
1465 5071 1595 5130 ἰδίου
1666 5071 1962 5129 ἐπισκόπου

310 5162 596 5225 κοινωνίας
653 5163 842 5220 ἑαυτὸν
873 5164 1109 5242 χωρίσῃ,
1154 5163 1243 5220 καὶ
1274 5163 1414 5244 παρὰ
1471 5164 1596 5239 μίαν
1638 5163 1776 5240 μετά
1806 5184 1964 5219 τινων

309 5251 527 5330 σχίσμα
574 5257 768 5329 ποιῶν,
800 5252 1036 5332 ἄγίασμα
1068 5256 1144 5327 τῷ
1189 5259 1304 5328 εδεῷ
1347 5251 1706 5332 προσενέγκῃ,
1753 5253 1780 5308 ὸ
1813 5259 1962 5310 τοιῦ-

393 5418 429 5470 8
455 5417 734 5501 Carthag.
769 5437 832 5499 ιι,
867 5437 1000 5502 cap.
1033 5420 1094 5486 6.
1178 5419 1212 5471 9
1243 5419 1517 5500 Carthag.
1549 5436 1617 5498 ιι,
1650 5437 1784 5504 cap.
1819 5427 1877 5484 8.

419 5551 523 5636 '1?)
558 5550 786 5636 Crzece,
819 5576 854 5636 Α(
882 5560 1102 5636 patres,
1139 5561 1198 5636 et
1228 5552 1567 5636 episcopos.
1605 5579 1629 5615 ι

427 5633 523 5715 73)
561 5634 683 5717 Ms.
735 5658 765 5690 ε
800 5633 1072 5717 ᾼιιίἰιίιιε
1101 5633 1648 5717 episcopus'dixit,
1703 5635 1950 5702 univer-

311 5731 445 5782 sum
473 5713 791 5784 concilium
824 5713 1202 5803 interrogans
1237 5732 1252 5782 :
1290 5713 1493 5782 Placet
1521 5716 1721 5800 igitur.
1754 5737 1784 5782 ι

2053 3556 2118 3607 tu
2144 3545 2292 3621 (79),
2326 3543 2416 3604 vel
2450 3543 2766 3623 episcopos
2796 3541 3020 3622 passim
3054 3557 3314 3619 vageque
3346 3537 3407 3597 in
3435 3551 3688 3623 accusa-7

2051 3639 2215 3696 tione
2269 3621 3002 3714 pulsandosrdehentne
3059 3638 3177 3692 tam
3234 3627 3408 3688 facile
3457 3621 3692 3687 admitti

2049 3741 2243 3786 necne
2273 3724 2404 3804 [ms.
2439 3733 2540 3784 aut
2573 3723 2796 3803 necne]
2813 3721 2844 3780 τ

2132 3803 2412 3876 Aurelius
2435 3811 2754 3893 episcopus
2774 3810 2920 3873 dixit
2946 3827 2958 3868 :
2987 3807 3185 3870 Placet
3200 3807 3381 3886 igitur
3400 3804 3524 3884 ('73)
3548 3803 3692 3893 cha-

2053 3903 2214 3967 ritati
2245 3891 2553 3984 vestraeﬁit
2581 3902 2630 3964 is
2650 3891 2767 3983 qui
2798 3899 3099 3981 aliquibus
3132 3896 3468 3960 sceleribus
3498 3891 3699 3984 irreti-

2055 4005 2151 4058 tus
2174 4002 2285 4075 est,
2323 3983 2529 4056 vocem
2573 3991 2859 4054 adversus
2905 3990 3196 4070 majorem
3231 3995 3372 4048 natu
3406 4003 3524 4075 non
3558 3983 3693 4062 (⁸74)

2051 4072 2281 4148 habeat
2313 4079 2681 4145 accusandi?
2703 4079 2795 4142 Ab
2823 4078 3116 4141 universis
3143 4075 3444 4158 episcopis
3468 4072 3693 4135 dictum

2049 4182 2162 4237 est:
2185 4173 2248 4236 Si
2272 4173 2632 4234 criminosus
2655 4180 2744 4233 est
2763 4169 2902 4249 (75),
2932 4187 3053 4231 non
3077 4167 3446 4239 admittatur,
3471 4163 3688 4244 placet.

2119 4275 2178 4331 Si
2202 4273 2332 4345 quis
2352 4271 2644 4344 presbyter
2671 4276 2857 4326 contra
2887 4269 3196 4342 episcopum
3233 4280 3401 4323 suum
3438 4263 3695 4336 inﬂatus,

2048 4354 2282 4412 schisma
2307 4354 2526 4425 fecerit,
2558 4351 2855 4409 anathema
2881 4351 2978 4408 sit.

2137 4535 2201 4595 11
2219 4533 2331 4597 .Ab
2352 4531 2652 4594 universis
2670 4528 2972 4611 episcopis
2990 4528 3022 4579 9
3043 4528 3269 4591 dictum
3297 4532 3387 4588 est
3419 4544 3434 4586 :
3460 4522 3524 4587 Si
3557 4523 3692 4604 quis

2054 4623 2370 4707 presbyter
2391 4641 2425 4684 a
2449 4620 2766 4702 praiposito
2809 4637 2919 4681 suo
2942 4625 3257 4697 correptus
3277 4611 3690 4707 fuerit,_d_ehet

2053 4701 2260 4792 utique
2281 4712 2437 4794 apud
2454 4701 2688 4773 vicinos
2710 4709 3025 4788 episcopos
3048 4703 3437 4785 conqueri,ut
3457 4701 3692 4794 abipsis

2051 4790 2180 4885 ejus
2203 4790 2382 4864 causa
2415 4799 2599 4882 possit
2615 4797 2835 4877 audiri,
2869 4815 2938 4858 ac
2963 4814 3069 4877 per
3093 4796 3256 4885 ipsos
3273 4810 3381 4885 suo
3399 4790 3686 4885 episcopo

2049 4875 2454 4957 reconciliari.
2487 4886 2656 4964 Quod
2682 4885 2798 4947 nisi
2823 4875 3057 4958 iecerit,
3091 4883 3232 4943 254
3261 4879 3367 4942 sed
3401 4875 3688 4957 superbia

2049 4982 2232 5065 (quod
2254 4981 2460 5059 absit!)
2494 4978 2733 5039 inﬂatus
2755 4973 3194 5038 secernendum
3221 4970 3387 5065 se‘ab
3418 4966 3687 5065 episcopi

2046 5055 2138 5135 sui
2169 5055 2597 5135 communione
2628 5065 2886 5143 duxerit,
2933 5082 3003 5125 ac
3051 5059 3370 5141 separatim
3403 5075 3538 5121 cum
3570 5055 3688 5118 ali-

2044 5162 2262 5244 quibus
2283 5159 2543 5222 schisma
2567 5151 3202 5244 faciens,sacriﬁcium
3230 5152 3354 5214 Deo
3377 5145 3685 5244 obtulerit,

2046 5236 2370 5316 anathema
2399 5246 2712 5320 habeatur,
2744 5251 2804 5305 et
2829 5243 3028 5307 locum
3053 5239 3285 5304 amittat
3316 5259 3330 5304 :
3356 5256 3425 5302 ac
3460 5236 3510 5299 si
3531 5253 3684 5318 que-

2123 5553 2254 5635 (74)
2284 5551 2394 5616 Ms.
2421 5557 2482 5635 et
2506 5549 2698 5635 Graec.
2733 5554 2939 5613 carent
2969 5563 3042 5611 ea
3068 5543 3276 5610 vocula
3303 5562 3426 5609 non
3455 5561 3468 5604 :
3519 5551 3682 5608 recte

2039 5630 2177 5702 nam
2209 5630 2468 5716 expungi
2493 5630 2697 5716 debet.

2122 5655 2177 5698 m
2209 5655 2278 5698 ex
2327 5655 2468 5716 ungi
2493 5655 2697 5697 uouet.

2122 5717 2252 5803 (Ἶὸ)
2285 5655 2397 5782 Bis.
2435 5738 2462 5775 ιι
2498 5710 2562 5778 Si
2590 5711 2917 5782 criminosa
2939 5715 3031 5774 est
3060 5723 3348 5794 persona.
3382 5723 3413 5768 ι
