4148 6198
344 321 467 393 705

429 463 601 517 ’Ὥστε
701 457 998 516 ἐπισκόπου
1089 481 1157 515 κα
1170 459 1586 538 τηγορουμένου,

347 558 694 630 πρωτεύοντα
753 548 846 616 τῆς
925 550 1087 605 αύτοῧ
1156 549 1422 629 ἐπαρχίας
1494 551 1556 605 τὸ
1612 554 1835 624 πρᾶγμα
1889 545 1986 599 ἆν-

345 645 660 719 ενεχθῆναι.

428 731 519 793 ιθ’,
555 729 818 808 Λῦρήλιος
852 729 1147 794 ἐπίσκοπος
1177 729 1336 784 εἶπεν
1373 747 1386 761 ⁸
1438 727 1564 786 Ἐάν
1607 750 1690 791 τις
1735 733 1838 784 τῶν
1869 728 1986 781 hm-

341 827 562 878 σκόπων
617 819 1013 897 κατηγορῆται,
1061 820 1206 896 παρὰ
1247 831 1367 881 τοῖς
1408 826 1506 884 τῆς
1578 818 1739 885 αὗτῆς
1797 816 1984 896 χώρας

340 911 709 988 πρωτεύουσιν
769 910 797 964 6
835 909 1138 986 κατήγορος
1181 907 1430 985 ἆναγείγῃ
1475 911 1534 964 τὸ
1565 913 1786 985 πρᾶγμα
1819 922 1832 937 ·

340 999 482 1076 μηδὲ
539 999 646 1056 ἀπὸ
698 1003 796 1066 τῆς
844 999 1126 1060 κοινωνίας
1158 997 1372 1073 κωλυθῇ
1416 1000 1443 1053 6
1489 998 1981 1075 κατηγορούμενος,

341 1092 386 1146 si
447 1091 525 1164 μή
571 1091 624 1166 γ⁹
677 1087 740 1144 ἂν
783 1091 914 1166 πρὸς
959 1086 1257 1164 ἀπολογίαν
1303 1087 1356 1143 ἐν
1400 1091 1480 1161 τῷ
1513 1086 1836 1164 δικαστηρίῳ
1876 1093 1982 1142 τῶν

334 1177 702 1256 ἇπιλεγέντων
782 1177 1012 1248 δικάζειν
1088 1177 1370 1254 γράμμασι
1449 1176 1844 1254 προσκληθείς,
1917 1181 1984 1251 τῇ

337 1267 618 1345 ὡρισμένῃ
713 1266 890 1344 ἡμέρᾳ
976 1264 1222 1341 ούδαμῶς
1306 1267 1636 1342 ἀπαντήσοι,
1709 1267 1979 1324 τουτέστιν

339 1358 487 1419 ἐντὸς
534 1359 860 1434 προθεσμίας
908 1358 1108 1435 μηνὸς,
1158 1356 1246 1426 ἀφ’
1289 1359 1357 1422 ἧς
1404 1357 1610 1435 ἡμέρας
1666 1356 1859 1435 φανείη
1925 1357 1980 1412 τὰ

337 1448 635 1525 γράμματα
666 1445 951 1521 δεξάμενος
985 1465 999 1479 ⁶
1037 1447 1126 1502 ἐὰν
1156 1445 1209 1502 δὲ
1252 1446 1478 1512 ἀληθεῖς
1507 1469 1656 1509 τινας
1687 1447 1776 1502 καὶ
1807 1446 1978 1524 ἀναγ-

340 1538 598 1598 καστικὰς
691 1537 859 1600 αἰτίας
935 1534 1211 1612 ἀποδείξῃ,
1289 1538 1381 1592 τὸν
1445 1540 1603 1594 αὐτὸν
1662 1535 1980 1601 κωλυσάσας

334 1625 641 1692 ἀπαντῆσαι
675 1627 807 1701 πρὸς
840 1625 1136 1702 ἀπολογίαν
1171 1631 1276 1681 τῶν
1305 1624 1426 1682 κατ’
1483 1630 1641 1684 αὒτού
1685 1626 1976 1702 προτεθέν-

333 1737 464 1790 των,
529 1715 676 1779 ἐντὸς
705 1714 885 1792 ἐτέρου
920 1717 1093 1789 μηνὸς
1137 1715 1392 1793 ἀκεραίαν
1437 1714 1638 1793 ἐχέτωι
1665 1715 1972 1796 εὐχέραιαν⁶

1201 319 1621 389 SYNTAGMA
1665 317 2059 386 CANONUM.
2121 353 2196 366 -
2251 314 2408 383 TIT.
2457 317 2562 399 Ix,
2610 311 2774 382 CAP.
2823 308 2900 382 i.‘
2947 304 2950 306 ’

3597 307 3716 390 70.6

1676 459 1809 536 πρὸς
1899 454 2054 510 «uva
2163 452 2239 516 Ut
2261 456 2315 516 si
2355 460 2490 535 quis
2529 456 2837 535 episcopus
2868 461 3216 531 accusatur,
3264 455 3346 517 ad
3393 457 3712 536 primatem

2071 545 2267 624 ipsius
2289 549 2623 624 provinciae
2650 561 2836 606 causa
2863 545 3199 622 deferatur.

2153 723 2540 786 19.Aurelius
2565 725 2885 807 episcopus
2904 725 2960 774 45
2983 723 3148 786 dixit:
3175 723 3458 805 Quisquis
3481 727 3712 804 episco-

2074 832 2285 893 porum
2318 823 2632 876 accusatur
2669 816 2742 877 ad
2797 815 3112 896 primatem
3169 814 3492 893 provincim
3521 814 3711 894 ipsius

1899 903 1988 962 καὶ
2071 922 2316 966 causam
2377 905 2609 966 deferat
2655 914 2998 978 accusator,
3058 922 3168 966 nec
3215 923 3248 965 a
3283 905 3713 967 communione

2066 993 2598 1072 suspendatur,cui
2621 995 2852 1057 crimen
2872 995 3347 1067 intenditur,nisi
3369 994 3440 1054 ad
3468 1012 3708 1058 causam

2065 1101 2234 1144 suam
2268 1083 2583 1145 dicendam
2609 1084 2939 1147 electorum
2961 1083 3327 1162 judiciorum
3360 1082 3458 1144 die
3492 1093 3712 1145 statuta

2065 1173 2286 1236 litteris
2316 1183 2596 1235 evocatus
2628 1175 2877 1236 minime
2910 1171 3268 1247 occurrerit,
3305 1173 3420 1234 hoc
3453 1182 3542 1234 est
3577 1173 3702 1252 (83)

2064 1262 2221 1324 intra
2243 1265 2495 1344 spatium
2523 1264 2772 1338 mensis,
2807 1283 2877 1326 ex
2903 1283 2972 1324 ea
3005 1263 3124 1332 die.
3162 1281 3276 1343 qua
3306 1281 3442 1324 eum
3481 1262 3706 1325 litteras

2062 1353 2367 1434 accepisse
2390 1353 2748 1415 constiterit.
2765 1353 2932 1425 Quod
2953 1351 3002 1414 si
3027 1352 3254 1433 aliquas
3281 1370 3452 1413 veras
3486 1369 3704 1414 neces-

2063 1442 2253 1504 sitatis
2285 1461 2500 1505 causas
2551 1443 2911 1524 probaverit,
2963 1443 3105 1502 956
3149 1441 3372 1522 quibus
3407 1443 3529 1520 (84)
3566 1461 3702 1504 eum

2062 1551 2384 1595 occurrere
2407 1552 2526 1594 non
2552 1535 2816 1613 potuisse
2840 1533 3217 1594 manifestum
3243 1533 3546 1607 sit,causae
3573 1532 3698 1612 (85)

2062 1622 2334 1685 dicendae
2363 1623 2520 1684 intra
2549 1623 2802 1684 alterum
2839 1641 3108 1684 mensem
3156 1629 3446 1700 integram
3483 1622 3704 1683 habeat

2061 1711 2426 1789 facultatem;
2444 1732 2647 1774 verum
2671 1727 2785 1774 tam
2805 1711 2906 1774 diu
2924 1721 3055 1793 post
3080 1729 3347 1773 mensem
3363 1711 3698 1774 secundum

333 1805 470 1880 μετὰ
513 1801 567 1860 δὲ
624 1805 717 1860 τὸν
761 1801 1002 1883 δεύτερον
1067 1810 1238 1885 μῆνα,
1298 1805 1376 1880 μὴ
1431 1807 1736 1880 κοινωνήσῃ
1778 1805 1878 1870 ἓως
1918 1807 1968 1861 οὗ

2061 1820 2179 1864 ιιοιι
2201 1803 2825 1877 communicet,donec
2847 1801 3227 1884 purgetur.Si
3246 1808 3445 1864 autem
3467 1800 3542 1863 ad
3565 1820 3704 1863 con-

329 1895 563 1972 καθαρὸς
595 1891 968 1973 ἀποδειχθείη.
1010 1896 1066 1950 Εἰ
1097 1892 1152 1950 δὲ
1193 1896 1327 1971 πρὸς
1385 1895 1668 1970 σύμπασαν
1712 1895 1810 1962 τὴν
1838 1895 1973 1966 ἐτη-

329 1985 450 2040 σίαν
507 1982 722 2039 σύνοδον
766 1983 1074 2050 ἀπαντῆσαι
1121 1985 1196 2058 μὴ
1233 1983 1545 2060 βουληθείη,
1579 1984 1673 2040 ’ίνα
1706 1984 1802 2040 κᾶν
1858 1985 1975 2042 ἐκεῖ

330 2075 396 2130 τὸ
441 2079 661 2150 πρᾶγμα
717 2075 878 2129 αὐτοῦ
935 2077 1232 2150 περαιωθῇ,
1291 2075 1449 2139 αὐτὸς
1497 2072 1614 2130 καθ’
1657 2076 1848 2131 ἑαυτοῦ
1874 2067 1974 2142 τῆς

329 2161 624 2230 καταδίκης
669 2164 769 2230 τὴν
814 2167 998 2239 σίρῆνρον
1028 2163 1473 2235 ἐκπεφωνηιέναι
1516 2164 1828 2243 κριθήσεται
1855 2184 1869 2200 ⁶
1917 2165 1970 2222 ἐν

327 2252 383 2309 δὲ
442 2253 520 2326 τῷ
575 2259 748 2330 καιρῷ
789 2255 834 2326 ᾧ
876 2255 936 2309 οὖ
972 2263 1249 2334 κοινώνεϊ,
1285 2252 1424 2329 μηδὲ
1457 2255 1510 2310 ἐν
1543 2263 1612 2332 τῇ
1642 2255 1745 2328 ἰδίᾳ
1777 2254 1972 2322 ἐκκλη-

324 2344 439 2416 σίᾳ,
487 2340 625 2418 μηδέ
669 2343 725 2398 ἐν
756 2343 1006 2420 παροικίᾳ
1037 2345 1371 2420 κοινωνήσῃ,
1411 2336 1469 2402 Ὀ
1515 2343 1570 2400 δὲ
1624 2346 1804 2402 τούτου
1837 2368 1966 2402 κατ-

325 2434 556 2510 ήγορος,
619 2432 710 2489 ἐὰν
772 2431 1022 2508 μηδαμοῦ
1078 2433 1454 2515 ἀπολειφθείη,
1501 2435 1556 2490 ἐν
1600 2436 1696 2498 αἶς
1740 2437 1968 2514 ἡμέραις

325 2527 656 2600 γυμνάζεται
737 2524 798 2577 τὰ
852 2529 946 2580 τοῦ
1016 2524 1357 2600 πράγματος,
1419 2523 1684 2598 μηδαμῶς
1754 2524 1968 2602 κωλυθῇ

323 2613 432 2668 ἀπὸ
461 2613 561 2679 τῆς
591 2613 870 2676 κοινωνίας
905 2628 917 2641 '
967 2612 1056 2668 ἐὰν
1116 2611 1169 2668 δέ
1199 2635 1329 2669 ποτε
1360 2612 1585 2688 ἐλλείψῃ
1619 2615 1806 2672 ἑαυτὸν
1834 2613 1968 2671 ὓπο-

323 2703 509 2779 σύρας,
570 2701 1071 2777 ὰποκαθισταμένου
1121 2708 1189 2779 σῇ
1235 2704 1488 2774 κοινωνίᾳ
1519 2711 1612 2761 τοῦ
1639 2705 1958 2778 ἐπισκόπου,

322 2791 480 2856 αύτὸς
510 2791 617 2847 ἀπὸ
649 2796 748 2858 τῆς
802 2793 1084 2855 κοινωνίας
1145 2789 1384 2864 ἐκϐληθῇ
1419 2795 1445 2847 ὅ
1477 2795 1777 2871 κατήγορος
1814 2810 1828 2825 ⁸
1863 2794 1961 2850 03-

318 2903 440 2944 τοις
493 2881 676 2955 μέντοι
729 2883 803 2938 ὡς
837 2883 915 2956 μὴ
951 2883 1040 2938 καὶ
1080 2882 1179 2948 τὴν
1220 2882 1501 2961 εὐχέρειαν
1534 2887 1676 2958 αὖτῴ
1707 2885 1962 2964 ἆνραιρεϊ-

318 2975 439 3027 σθαι
497 2971 594 3038 τῆς
649 2973 980 3051 κατηγορίας
1033 2973 1126 3028 τοῦ
1185 2973 1527 3050 πράγματος,
1559 2972 1650 3029 ἐὰν
1713 2972 1962 3042 δυνηθείη

317 3058 600 3126 ἀποδεῖξαι
643 3061 784 3118 κατὰ
844 3062 940 3128 τὴν
983 3061 1334 3140 προθεσμίαν,
1383 3065 1513 3142 οὖχί
1563 3064 1640 3130 μὴ
1669 3062 1961 3130 τεθεληκέ-

319 3172 432 3224 ναι,
495 3149 631 3208 ἀλλὰ
688 3152 767 3225 μὴ
797 3133 1110 3217 δεδυνῆσθαι
1149 3133 1488 3220 ἀπαντῆσαί
1528 3149 1768 3210 Ἐκείνου
1798 3133 2022 3223 δήλουο

315 3239 496 3320 ὄντος,
543 3242 615 3304 ὼς
661 3239 717 3295 έν
757 3247 835 3314 τῷ
877 3243 1148 3296 κινεῖσθαι
1194 3242 1256 3298 τὰ
1300 3248 1392 3299 τοῦ
1451 3241 1770 3319 πράγματος
1801 3241 1856 3297 ἐν
1885 3251 1962 3317 τῷ

2058 1893 2262 1955 cilium
2281 1893 2617 1955 universale
2639 1893 3117 1954 anniversarium
3142 1911 3464 1956 occurrere
3486 1891 3700 1954 nolue-

2058 1983 2160 2056 rit,
2200 1983 2470 2064 quamvis
2493 1984 2582 2045 vel
2611 1983 2690 2045 ibi
2714 2000 2892 2044 causa
2915 1983 2968 2062 ej
2981 2002 3047 2044 us
3072 1981 3457 2057 terminetur,
3487 1982 3616 2062 ipse
3638 1983 3700 2043 in

2056 2090 2121 2135 se
2145 2073 2546 2136 damnationis
2567 2073 2923 2134 sententiam
2948 2072 3172 2134 dixisse
3181 2071 3508 2150 judicetur,
3537 2079 3697 2132 tem-

2057 2181 2201 2244 pore
2219 2182 2511 2244 sane,quo
2536 2182 2655 2224 non
2678 2161 3245 2234 communicat,nec
3267 2160 3327 2220 in
3354 2178 3462 2221 sua
3493 2160 3694 2223 eccle-

2053 2254 2142 2316 sia
2163 2253 2252 2315 vel
2270 2253 2525 2334 parcecia
2547 2253 3310 2314 communicet.Accusator
3325 2259 3521 2312 autem
3537 2251 3691 2330 ejus,

2053 2344 2103 2405 si
2126 2361 2428 2423 nunquam
2454 2342 2668 2404 diebus
2682 2360 2875 2404 causae
2894 2340 3167 2403 dicenda:
3190 2340 3510 2420 defuerit,a
3532 2358 3692 2402 com-

2053 2433 2339 2494 munione
2373 2451 2491 2494 non
2517 2440 2897 2493 removeatur
2925 2449 2938 2494 :
2974 2431 3025 2492 si
3056 2447 3199 2493 vero
3231 2429 3553 2509 aliquando
3579 2429 3694 2492 de-

2051 2522 2232 2585 fuerit
2255 2522 2620 2584 subtrahens
2637 2539 2704 2582 se
2727 2521 3002 2582 restituto
3026 2519 3087 2580 in
3107 2526 3534 2581 communione
3555 2519 3689 2600 epi-

2048 2611 2391 2692 scopo,ipse
2415 2617 2798 2671 removeatur
2823 2628 2856 2670 a
2879 2607 3308 2671 communione
3323 2615 3642 2669 accusator
3675 2629 3690 2671 :

2048 2700 2128 2762 ita
2156 2711 2350 2762 tamen
2379 2699 2600 2778 (86),ut
2625 2717 2734 2760 nec
2757 2697 2871 2778 ipsi
2895 2697 3196 2760 adimatur
3222 2696 3474 2758 facultas
3497 2715 3694 2759 causa}

2049 2790 2426 2872 peragenda,
2455 2791 2508 2851 si
2533 2808 2598 2851 se
2623 2790 2696 2850 ad
2723 2789 2884 2851 diem
2909 2805 3226 2850 occurrere
3251 2806 3372 2848 non
3398 2787 3684 2864 noluisse,

2046 2883 2148 2944 sed
2184 2901 2302 2942 non
2338 2879 2602 2961 potuisse
2634 2877 2993 2959 probaverit.
3016 2876 3241 2940 Placuit
3272 2877 3421 2939 illud
3443 2885 3684 2951 vero,ut

2046 2990 2181 3033 cum
2202 2988 2378 3048 agere
2400 2969 2650 3050 coeperit
2673 2968 2731 3028 in
2758 2967 3177 3048 episcoporum
3193 2966 3448 3046 judicio,
3469 2967 3516 3027 si
3551 2967 3688 3029 fue-

2046 3062 2123 3123 rit
2153 3059 2521 3122 accusatoris
2554 3076 2810 3138 persona
2839 3055 3178 3136 culpabilis,
3207 3056 3280 3118 ad
3312 3057 3684 3135 arguentium

2050 3171 2163 3213 non
2197 3149 2494 3221 admittat,
2532 3147 2650 3210 nisi
2709 3147 2984 3228 proprias
3039 3163 3270 3220 causas,
3328 3165 3449 3208 non
3485 3156 3686 3210 tamen

2046 3239 2510 3312 ecclesiasticas,
2542 3256 2815 3300 asserere
2847 3237 3100 3299 voluerit
3130 3237 3278 3316 (87).

309 3337 418 3386 τῶν
447 3329 754 3386 ἐπισκόπων
785 3329 1130 3409 δικαστηρίῳ,
1163 3330 1256 3386 ἐὰν
1285 3328 1630 3397 διαϐέϐληται
1661 3333 1722 3387 τὸ
1753 3333 2040 3409 πρόσωπον
2071 3339 2163 3388 τοῦ
2207 3329 2529 3408 κατηγόρου,
2566 3331 2643 3402 μὴ
2674 3326 2984 3406 προσδεχθῇ
3014 3329 3088 3391 εἰς
3134 3327 3482 3406 κατηγορίαν,
3518 3328 3562 3383 εἰ
3605 3329 3684 3403 μή

311 3418 366 3496 γ’
393 3420 456 3474 ἃν
485 3419 614 3496 ὑπὲρ
642 3419 771 3476 ίδίου
802 3422 1136 3498 πράγματος,
1171 3421 1249 3494 μὴ
1281 3419 1465 3496 μέντοι
1502 3422 1620 3498 περὶ
1653 3420 2102 3488 ἐκκλησιαστικοῦ
2130 3420 2332 3496 θελήσῃ
2362 3416 2762 3492 επιϐαλέσθαι,,

312 3520 443 3596 Περὶ
525 3517 900 3598 πρεσϐυτέρων
987 3521 1073 3576 οιαὶ
1172 3519 1451 3596 κληρικῶν
1541 3522 1958 3600 κατηγορουμέ-

1077 3623 1208 3657 νων.

394 3690 469 3746 κ’.
505 3687 633 3746 Ἐὰν
663 3687 714 3744 δὲ
748 3686 1092 3769 πρεσϐύτεροι
1124 3690 1161 3757 ἢ
1217 3687 1456 3746 διάκονοι
1518 3694 1960 3768 κατηγορηθῶσι,

312 3778 817 3858 προσζευγνυμένου
866 3787 958 3836 τοῦ
1015 3780 1246 3855 νομίμου
1315 3781 1546 3857 ἀριθμοῦ
1604 3787 1706 3836 τῶν
1766 3779 1826 3837 ἐκ
1866 3787 1963 3849 τῆς

311 3868 724 3939 πλησιαζούσης
781 3869 1096 3932 τοποθεσίας
1141 3873 1365 3947 αἱρετῶν
1421 3869 1760 3944 ἐπισκόπων,
1795 3872 1883 3935 οὓς
1916 3874 1963 3928 οἱ

303 3960 778 4036 ⁴κατηγορούμενοι
838 3960 1173 4034 αἰτήσονται,
1235 3957 1511 4015 τουτέστιν
1590 3957 1675 4014 ἐπ’
1736 3959 1960 4034 ὀνόματι

307 4056 406 4106 τοῦ
453 4045 812 4126 πρεσϐυτέρου
856 4047 934 4127 ἓξ,
969 4051 1058 4105 καὶ
1087 4056 1181 4105 τοῦ
1209 4047 1462 4106 διακόνου
1490 4055 1682 4129 τριῶν,
1708 4049 1800 4105 σὺν
1830 4050 1959 4106 τού-

305 4159 418 4193 των
475 4137 634 4202 αὐτὸς
678 4140 706 4193 6
752 4135 892 4201 ἴδιος
936 4139 1044 4195 τῶν
1101 4139 1583 4218 κατηγορουμένων
1643 4139 1955 4214 ἐπίσκοπος,

300 4228 403 4292 τὰς
448 4228 618 4290 αίτίας
672 4227 846 4283 αὐτῶν
901 4227 1138 4293 ἐξετάσει
1173 4244 1187 4259 ⁸
1253 4236 1346 4286 τοῦ
1405 4227 1568 4284 αὐτοῦ
1599 4235 1704 4284 τῶν
1736 4231 1957 4308 ἡμερῶν

300 4320 398 4373 καὶ
454 4317 797 4396 ὑπαρθέσεων
853 4319 942 4374 καὶ
991 4317 1282 4382 ἐξετάσεων
1326 4319 1415 4374 καὶ
1457 4318 1787 4396 προσώπων,
1849 4341 1954 4394 με-

299 4406 436 4472 ταξὺ
464 4413 572 4463 τῶν
622 4407 1094 4485 κατηγορούντων,
1129 4410 1218 4465 καὶ
1268 4408 1756 4485 κατηγορουμένων
1789 4409 1955 4465 τύπου

302 4495 714 4577 φυλαττομένου
746 4515 760 4528 ⁶
809 4497 918 4553 τῶν
949 4495 1012 4552 δᾶι
1055 4497 1260 4554 λοιπῶν
1303 4497 1579 4576 κληρικῶν
1622 4500 1716 4561 τὰς
1761 4500 1951 4573 αίτίας,

2251 3517 2337 3581 De
2379 3515 2752 3598 presbyteris
2780 3522 2836 3579 et
2865 3515 3106 3578 clericis
3135 3515 3463 3578 accusatis.

2126 3687 2224 3750 20.
2258 3685 2322 3750 Si
2375 3693 2576 3749 autem
2637 3685 2694 3736 ¹6
2755 3684 2880 3765 (88)
2935 3683 3265 3765 presbyteri
3322 3684 3412 3744 vel
3445 3681 3686 3745 diaconi

2045 3777 2269 3840 iuerint
2321 3774 2607 3849 accusati,
2637 3774 2922 3854 adjuncto
2981 3771 3094 3834 sibi
3143 3790 3212 3833 ex
3273 3771 3482 3832 vicinis
3530 3771 3682 3833 locis

2046 3888 2180 3931 cum
2215 3868 2458 3949 proprio
2490 3866 2774 3946 episcopo
2804 3863 2950 3944 (89),
2983 3861 3248 3941 legitimo
3282 3879 3532 3922 numero
3559 3861 3680 3923 col-

2047 3959 2338 4039 legarum,
2373 3975 2523 4038 quos
2579 3955 2651 4016 ab
2705 3953 2918 4016 eodem
2967 3951 3224 4014 accusati
3275 3950 3681 4039 petierint,4id

2043 4037 2135 4112 est
2162 4065 2281 4108 una
2309 4037 2513 4108 seCum
2546 4049 2608 4104 in
2641 4040 2973 4123 presbyteri
3013 4039 3257 4101 nomine
3289 4056 3418 4111 sex,
3453 4037 3512 4098 in
3545 4037 3680 4098 dia-

2043 4138 2177 4202 coni
2238 4144 2382 4211 tres,
2443 4135 2713 4216 ipsorum
2776 4148 3015 4193 causam
3081 4129 3428 4200 discutiant,
3463 4127 3678 4189 eadem

2041 4227 2273 4289 dierum
2308 4234 2366 4286 et
2397 4225 2776 4302 dilationum,
2833 4230 2891 4282 et
2939 4238 2972 4280 a
3004 4217 3428 4280 communione
3477 4235 3680 4278 remo-

2041 4317 2297 4388 tionum,
2351 4326 2408 4377 et
2462 4313 2838 4376 discussione
2899 4326 3288 4391 personarum
3353 4309 3490 4366 257
3523 4307 3681 4369 inter

2037 4417 2417 4468 accusatores
2448 4413 2504 4466 et
2540 4421 2643 4465 eos
2670 4401 2771 4482 qui
2793 4407 3170 4477 accusantur,
3204 4398 3394 4458 forma
3425 4406 3676 4459 servata.

2042 4496 2435 4575 Reliquorum
2493 4505 2691 4555 autem
2728 4489 3091 4553 clericorum
3126 4506 3336 4550 causas
3365 4487 3545 4551 etiam
3575 4505 3678 4550 so-

303 4590 397 4644 καὶ
443 4590 603 4660 μόνος
650 4590 677 4642 6
733 4585 984 4652 ἑντόπιος
1028 4587 1317 4651 ἐπίσκοπος
1377 4585 1578 4665 διαγνῷ
1631 4590 1721 4644 καὶ
1779 4609 1952 4668 περα-

2067 4605 2135 4647 us
2166 4585 2486 4666 episcopus
2517 4582 2630 4644 loci
2663 4588 2963 4660 agnoscat,
3001 4590 3060 4641 et
3091 4578 3281 4641 finiat.

301 4677 497 4738 τώσει.

516 4771 640 4844 Περὶ
667 4775 1102 4847 κατηγοροῦντος
1139 4770 1226 4825 καὶ
1256 4769 1754 4849 κατηγορουμένου.

385 4870 468 4933 λ’.
503 4863 734 4944 Ὀμοίως
767 4869 982 4951 ἤρεσεν,
1015 4871 1108 4928 ’ίνα
1139 4873 1165 4929 ὁ
1211 4873 1680 4952 κατηγορούμενος
1712 4873 1747 4941 ἢ
1775 4875 1951 4930 ὁκατ-

302 4963 549 5044 ηγορῶν,
610 4964 668 5017 ἒν
725 4962 805 5035 τῷ
858 4962 1011 5037 τόπῳ
1043 4962 1161 5019 ὅθεν
1197 4963 1346 5019 ἐστὶν
1381 4966 1407 5020 ὁ
1452 4964 1948 5044 κατηγορούμενος,

379 5140 436 5183 ¹³
466 5140 743 5220 Carthag.
773 5158 860 5222 ιιι,
893 5158 1030 5222 cap.
1072 5143 1127 5207 7.
1213 5140 1270 5185 η
1296 5140 1571 5221 Carthag.
1607 5158 1697 5236 ιιι,
1733 5160 1866 5223 cap.
1899 5141 1960 5205 8.

385 5250 514 5340 (88)
546 5247 658 5340 iis.
692 5254 898 5340 intra:
934 5259 994 5313 et
1018 5250 1100 5313 ita
1131 5251 1322 5316 Graec.

385 5329 510 5414 (84)
546 5331 652 5394 Ms.
694 5355 720 5386 α
755 5329 972 5412 quibus
999 5340 1122 5394 tum
1157 5352 1276 5414 non
1305 5331 1596 5414 potuisse.

386 5413 511 5492 (85)
545 5414 657 5492 llis.
698 5435 724 5466 α
760 5431 956 5478 causae
985 5431 1110 5476 sum
1139 5413 1467 5476 discendae.
1512 5438 1534 5468 ι

385 5489 514 5572 (86)
552 5489 657 5554 Hae
691 5493 819 5554 dna:
850 5511 1026 5556 voces
1061 5513 1178 5556 non
1209 5502 1349 5555 sunt
1375 5494 1435 5554 in
1469 5511 1582 5555 ms.

289 5594 305 5612 '
379 5573 510 5653 (8⁷)
543 5574 657 5653 Ms.
691 5574 1027 5653 agendurm
1397 5609 1400 5614 .

297 5651 510 5800 17(88)
540 5651 887 5717 Ferrandus
919 5673 1053 5736 cap.
1090 5657 1190 5731 51,
1227 5672 1297 5716 ex
1356 5651 1576 5718 concil.
1614 5653 1816 5717 Carth.
1852 5654 1943 5716 tit.

2411 4766 2498 4826 De
2529 4767 2807 4827 accusata
2838 4767 2895 4826 et
2926 4767 3302 4824 accusatore.

2115 4871 2217 4934 30.
2244 4871 2390 4934 Item
2420 4869 2640 4952 placuit
2662 4869 2877 4945 (90),ut
2899 4877 3217 4929 accusatus
3237 4863 3330 4926 vel
3364 4873 3678 4926 accusator

2032 4963 2094 5024 in
2130 4982 2200 5026 eo
2233 4961 2388 5038 loco,
2424 4959 2584 5023 unde
2633 4967 2724 5021 est
2751 4957 2856 5020 ille
2886 4956 2987 5037 qui
3019 4963 3354 5030 accusatur,
3383 4953 3434 5014 si
3468 4955 3679 5017 metuit

2113 5252 2239 5344 (89)
2279 5249 2387 5314 Ms.
2453 5247 2691 5330 melius,
2732 5270 2760 5304 α
2807 5264 2883 5308 ex
2945 5242 3163 5306 vicinis
3217 5242 3366 5304 locis
3399 5241 3676 5323 praprius

2030 5349 2377 5415 episcopus.
2417 5353 2438 5386 ι

2109 5402 2440 5487 (90)Ἠιιιιε
2471 5427 2729 5492 quoque,
2766 5409 3070 5492 Canonem
3100 5404 3476 5492 Hipponensi
3511 5402 3674 5492 _Con-

1948 5490 1957 5496 ’
2028 5484 2169 5555 cilio
2203 5493 2410 5554 eadem
2474 5484 2918 5554 msfcollectio
2977 5484 3285 5551 Canon'u'm
3345 5484 3582 5558 tribuit,
3617 5495 3676 5547 et

2031 5573 2230 5651 Codex
2263 5571 2426 5637 Petri
2460 5571 2695 5648 Pithasi,
2743 5581 2800 5634 et
2839 5569 3183 5634 Ferrandus
3239 5585 3370 5649 cap.
3427 5566 3567 5642 198,
3605 5584 3676 5630 ex

2031 5653 2268 5730 Coucil,
2298 5652 2672 5738 Hipponensi
2703 5653 2795 5718 tit.
2831 5653 2888 5716 5.
3387 5694 3394 5698 -
