4148 6198
495 325 617 396 707

1691 326 1961 394 PHOTII
2001 328 2520 396 PATRIARGHE
2559 333 2678 398 CP.

3716 347 3820 415 708

497 460 759 554 aliquam
789 461 905 554 vim
951 458 1287 554 temerariae
1333 457 1985 554 multitudinis,_locum
2017 460 2123 525 sibi

2217 463 2310 523 ἐὰν
2367 461 2600 545 φοϐἧτάι
2656 486 2776 554 τινα
2865 465 2983 542 βίαν
3054 475 3356 548 προπετοῦς
3429 470 3824 554 πολυπληθείας,

498 552 677 632 eligat
704 553 1040 634 proximum
1070 551 1218 631 (91),
1253 569 1374 632 quo
1407 569 1529 613 non
1573 549 1655 613 sit
1683 549 1927 616 difﬁcile
1954 562 2139 618 testes

500 642 860 725 producere,
893 650 952 704 et
986 639 1090 703 ubi
1117 658 1299 704 causa
1328 639 1587 704 ﬁniatur.

559 831 724 969 ἕωιέ
743 832 1209 892 excommunicatt'
1238 831 1314 890 ad
1343 833 1756 892 accusationem
1783 833 2011 893 admitti
2025 850 2140 893 non

620 929 698 969 an
733 956 748 969 .

493 913 748 972 debeant.

569 1005 711 1068 128.
749 1003 1101 1086 Placuitque
1126 1006 1181 1056 ι’1
1208 1005 1516 1083 omnibtis,
1542 1007 1824 1086 quoniam
1857 1007 2138 1089 superio:

485 1095 656 1159 ribus
685 1095 1075 1158 conciliorum
1109 1095 1374 1158 decretis
1421 1096 1498 1158 de
1544 1095 1820 1176 personis
1849 1115 1992 1178 quae
2021 1097 2136 1160 ad-

483 1185 790 1248 mittendae
819 1202 937 1247 non
971 1193 1112 1247 sunt
1140 1186 1214 1247 ad
1257 1184 1706 1248 accusationem
1741 1185 2126 1261 clericorum,

476 1276 604 1356 jam
635 1277 1021 1338 constitutum
1047 1283 1159 1354 est,
1193 1283 1254 1338 et
1283 1294 1415 1356 quae
1459 1293 1736 1357 personae
1761 1294 1876 1337 non
1911 1275 2131 1338 admit-

483 1373 776 1441 terentur,
810 1383 932 1426 non
966 1382 1316 1444 expressum
1349 1373 1446 1426 est
1477 1383 1491 1424 :
1525 1364 1754 1426 idcirco
1807 1363 2130 1428 deﬁnimus

484 1475 622 1521 eum
652 1455 766 1517 rite
794 1453 869 1516 ad
900 1455 1346 1518 accusationem
1383 1473 1503 1516 non
1535 1453 1796 1529 admitti,
1851 1455 1950 1535 qui
1983 1474 2128 1535 pos-

484 1555 761 1627 teaquam
793 1545 1350 1607 excommunicatus
1380 1543 1585 1620 fuerit,
1639 1543 1701 1603 in
1751 1543 1883 1623 ipsa
1933 1544 2130 1608 adhuc

481 1633 1102 1698 excommunicatione
1133 1633 1514 1708 constitutus,
1548 1633 1674 1695 sive
1707 1632 1785 1694 sit
1839 1633 2123 1712 clericus,

479 1728 603 1788 sive
636 1725 821 1788 laicus
849 1742 1135 1786 accusare
1157 1723 1432 1786 voluerit.

547 1823 700 1890 Quod
725 1823 868 1879 servi
912 1828 965 1880 et
1012 1823 1226 1893 liberti,
1278 1838 1566 1895 omnesque
1601 1822 1846 1895 infames
1873 1829 2185 1898 personaB

473 1921 584 1964 non
612 1904 850 1962 debeant
886 1919 1175 1962 accusare.

558 1994 696 2059 129.
725 1994 874 2057 Item
908 1994 1131 2076 placuit
1163 1996 1220 2046 18
1251 2001 1315 2056 ut
1344 2012 1557 2057 omnes
1608 1995 1792 2071 servi,
1828 1996 1918 2058 vel
1971 2015 2116 2078 pro-

475 2086 588 2170 prii
620 2084 819 2148 liberti
851 2087 924 2147 ad
955 2091 1401 2150 accusationem
1433 2103 1552 2147 non
1579 2084 1998 2159 admittantnr;
2023 2088 2115 2150 vel

473 2193 709 2252 omnes,
743 2193 893 2256 quos
923 2173 995 2237 ad
1027 2175 1364 2238 accusanda
1393 2175 1632 2258 publica
1665 2175 1918 2238 crimina
1951 2176 2117 2256 leges

475 2266 729 2350 publica;
781 2284 901 2327 non
949 2265 1314 2330 admittunt:
1373 2285 1586 2329 omnes
1644 2265 1824 2329 etiam
1856 2267 2119 2330 infamiae

473 2357 724 2420 maculis
745 2357 1000 2437 aspersi,
1034 2357 1095 2419 id
1128 2365 1220 2419 est
1249 2356 1598 2431 histriones,
1627 2375 1698 2419 ac
1729 2357 2118 2438 turpitudini-

471 2446 583 2509 bus
639 2446 928 2526 subjectae
977 2463 1270 2526 personat,
1305 2446 1574 2509 haeretici
1605 2446 1814 2520 etiam,
1851 2445 1977 2510 sive
2011 2465 2118 2529 pa-

468 2535 632 2617 gani,
659 2553 765 2597 seu
793 2534 1008 2614 Judaei,
1041 2535 1147 2597 sed
1180 2544 1381 2597 tamen
1410 2535 1718 2616 omnibus,
1761 2535 1980 2617 quibus
2011 2554 2114 2600 ac-

471 2623 698 2688 cusatio
729 2623 1082 2703 denegatur,
1133 2624 1196 2686 in
1260 2625 1458 2688 causis
1490 2625 1755 2707 prepriis
1787 2627 2119 2689 accusandi

471 2712 720 2778 licentia
757 2731 875 2776 non
909 2712 1204 2791 neganda.

542 2905 706 2962 238
742 2903 810 2962 Ut
845 2901 940 2975 qui
965 2917 1138 2959 ιιιιιιιιι
1173 2902 1386 2960 crimen
1423 2917 1530 2961 non
1555 2902 1883 2976 probaverit
1919 2905 1994 2963 ad
2031 2907 2119 2964 at-

469 2994 659 3043 teram
685 2985 911 3043 admitti
939 2999 1048 3039 son
1077 2983 1287 3041 debeat.

552 3075 689 3140 130.
725 3078 874 3139 Item
903 3074 1148 3156 placuit,
1182 3081 1246 3136 ut
1276 3074 1756 3157 quotiescunque
1786 3077 2027 3140 clericis
2062 3079 2121 3130 l9

2219 555 2386 612 τόπον
2437 556 2610 629 ἑαυτῷ
2667 553 2981 624 ἐπιλέξηται
3037 557 3312 639 ἔγγιστον,
3368 559 3421 616 ἐν
3475 565 3519 636 ᾧ
3571 563 3661 620 οὒκ
3699 553 3826 624 ἔστιν

2221 643 2366 717 αὒτῷ
2439 642 2728 723 δυσχέρεια
2811 645 3078 726 μάρτυρας
3158 651 3504 728 προκομίσαι,
3586 652 3697 711 ἔνθα
3769 657 3825 713 τὸ

2221 738 2446 812 πρᾶγμα
2475 732 2634 790 αὐτοῦ
2666 744 3016 815 περατοῦται.

2300 821 2424 881 ’Ὁτι
2462 824 2511 880 οἱ
2553 823 2660 880 ἀπὸ
2704 826 2985 892 κοινωνίας
3035 823 3209 902 ὄντες,
3262 827 3339 890 εἷς
3395 831 3708 910 κατηγορίαν
3745 835 3829 892 οὒκ

2219 912 2494 992 ὀφείλουσι
2528 911 2960 995 προσδεχθῆναι.

2303 1001 2450 1081 ρκη’.
2486 1001 2687 1082 ’Ἦρεσε
2746 1004 2918 1061 τοίνυν
2961 1011 3148 1082 πᾶσιν,
3196 1006 3382 1077 ἐπειδὴ
3426 1022 3541 1075 τοῖς
3569 1009 3831 1092 ἁνωτὲροις

2222 1101 2326 1152 τῶν
2387 1092 2619 1153 συνόδων
2681 1095 2992 1174 ψηφίσμασι
3051 1099 3173 1175 περὶ
3226 1097 3526 1174 προσώπων
3581 1100 3834 1179 κληρικῶν

2215 1189 2323 1242 τῶν
2385 1184 2464 1260 μὴ
2517 1182 2840 1262 ὀφειλόντων
2920 1187 2994 1249 εἰς
3065 1188 3394 1266 κατηγορίαν
3452 1188 3828 1270 προσδεχθῆναι

2214 1275 2441 1353 ὡρίσθη,
2487 1275 2575 1330 καὶ
2619 1275 2714 1332 οὒκ
2779 1273 3191 1354 ἐπεξειργᾶσθη,
3259 1291 3393 1335 ποτα
3449 1279 3700 1357 πρόσωπα
3763 1282 3831 1355 μὴ

2213 1363 2616 1445 προσδεχθῶσι,
2702 1361 2787 1420 διὰ
2865 1372 3022 1422 τοῦτο
3094 1367 3361 1443 ὁρίζομεν,
3437 1376 3620 1426 τοῦτον
3685 1370 3835 1447 ὀρθῶς

2212 1457 2345 1534 πρὸς
2375 1455 2706 1533 κατηγορίαν
2737 1453 2816 1528 μὴ
2851 1453 3218 1534 εἰσδέχεσθαι,
3252 1455 3406 1522 ὅστις
3443 1458 3576 1533 μετὰ
3629 1458 3687 1514 τὸ
3739 1459 3833 1515 ἀπὸ

2211 1544 2492 1607 κοινωνίας
2550 1542 2796 1622 γενέσθαι
2853 1543 2908 1600 ἓν
2967 1546 3112 1619 αὐτῷ
3143 1544 3221 1602 ἔτι
3263 1553 3341 1620 τῷ
3372 1547 3648 1628 ἀφορισμῷ
3677 1547 3831 1626 δπάρ-

2211 1655 2327 1714 χει,
2359 1633 2475 1690 εἴτε
2506 1632 2769 1711 κληρικὸς
2827 1629 2946 1712 εἴη,
3003 1633 3116 1690 εἴτε
3166 1634 3363 1699 λα’ίκὸς
3413 1637 3440 1692 ὁ
3473 1635 3828 1714 κατηγορῆσαι

2208 1722 2560 1800 βουλόμενος.

2283 1812 2409 1871 ςὈτι
2465 1810 2644 1868 δοῦλοι
2700 1811 2790 1868 καὶ
2846 1810 3195 1893 ἀπελεύθεροι
3251 1815 3340 1870 καὶ
3401 1815 3574 1872 πάντα
3621 1814 3685 1872 τὰ
3712 1815 3825 1884 ἠτι-

2201 1902 2428 1979 μωμένα
2458 1902 2745 1980 πρόσωπα,
2778 1915 3111 1982 κατηγορεῖν
3140 1902 3236 1960 οὒκ
3265 1902 3590 1983 ὀφείλουσιν,

2282 1992 2427 2072 ρκθ’.
2487 1989 2734 2066 Ὁμοίως
2791 1991 3006 2072 ἤρεσεν,
3069 1993 3166 2051 ἵνα
3225 1993 3426 2059 πάντες
3477 1996 3525 2050 οἱ
3556 1991 3727 2051 δοῦλοι
3754 1994 3831 2051 καὶ

2200 2084 2248 2139 οἱ
2292 2080 2423 2140 ἴδιοι
2480 2079 2849 2159 ἀπελεύθεροι,
2923 2083 2998 2148 εἷς
3059 2083 3392 2163 κατηγορίαν
3466 2083 3543 2158 μή
3614 2082 3828 2161 προσδε-

2199 2176 2374 2252 χθῶσι
2401 2192 2414 2206 ·
2452 2170 2546 2228 καί
2592 2169 2791 2234 πάντες
2837 2183 2927 2236 οῖς
2973 2171 3459 2251 προκατηγορητέα
3505 2171 3827 2252 ἐγκλήματα,

2201 2261 2235 2318 ἃ
2262 2263 2350 2318 καὶ
2382 2263 2428 2319 οἱ
2458 2259 2711 2335 δημόσιοι
2744 2260 2899 2335 νόμοι
2933 2260 2996 2317 οὔ
3035 2260 3435 2340 προσδέχονται
3476 2276 3493 2294 ⁸
3535 2263 3624 2318 καὶ
3652 2263 3830 2327 πάντες

2199 2349 2278 2408 ἔτι
2338 2349 2447 2426 μην
2489 2352 2537 2406 οἱ
2563 2353 2661 2417 τῆς
2706 2349 2922 2425 ἀτιμίας
2983 2363 3103 2414 τοῖς
3165 2350 3375 2416 σπίλοις
3427 2349 3829 2430 ὲῤῥαντισμένοι,

2200 2440 2444 2498 τουτέστι
2497 2452 2661 2514 μῖμοι
2691 2439 2781 2496 καὶ
2811 2437 2912 2496 ὅσα
2953 2454 3079 2504 ταῖς
3111 2440 3477 2520 αἰσχρότησιν
3520 2439 3833 2507 ὑποϐέϐλην-

2201 2551 2288 2588 ται
2359 2527 2648 2607 πρόσωπα,
2713 2528 2968 2605 αἱρετικοὶ
3043 2527 3118 2584 ἔτι
3181 2530 3312 2609 μὴν,
3377 2528 3498 2585 εἴτε
3556 2527 3832 2607 Ἕλληνες,

2201 2619 2314 2678 εἴτε
2374 2615 2652 2696 ’[ουδαϊοι,
2685 2615 2835 2692 ὅμως
2895 2623 3057 2674 πᾶσιν
3087 2617 3178 2682 οἷς
3208 2617 3242 2684 ἡ
3274 2618 3506 2686 τοιαύτη
3549 2618 3832 2698 κατηγορία

2199 2707 2440 2786 ἀρνεῖται
2473 2706 2527 2762 ἐν
2583 2719 2710 2770 ταῖς
2763 2705 2918 2771 ἰδίαις
2975 2707 3192 2786 αἰτίαις,
3241 2711 3341 2777 τὴν
3395 2709 3494 2767 τοῦ
3523 2720 3835 2789 κατηγορεῖν

2200 2794 2380 2855 ἄδειαν
2412 2797 2492 2873 μὴ
2528 2795 2761 2877 όφείλειν
2795 2795 3100 2875 ἀρνεῖσθαι.

2283 2885 2399 2944 Ἵνα
2457 2888 2485 2943 ὁ
2528 2888 2648 2966 περὶ
2694 2887 2812 2949 ἐνὸς
2866 2885 3212 2966 ἐγκλήματος
3270 2886 3558 2955 ἀποδεῖξαι
3615 2889 3691 2966 μὴ
3749 2885 3830 2944 δυ-

2202 2976 2455 3053 νάμενος,
2484 2978 2621 3052 πρὸς
2651 2975 2832 3056 ἕτερον
2863 2981 2941 3051 μὴ
2969 2975 3250 3057 εἷσδεχθῇ.

2282 3064 2390 3141 ρλ’.
2439 3057 2670 3140 Ὀμοίως
2714 3065 2927 3144 ἤρεσεν,
2983 3065 3078 3122 ’ίνα
3131 3065 3535 3138 ὃσακισδήποτε
3567 3066 3829 3147 κληρικοϊς

469 3166 544 3229 ab
595 3153 1052 3228 accusator—ibus
1113 3153 1312 3226 multa
1347 3164 1606 3228 crimina
1637 3153 2027 3246 objiciuntur,
2062 3176 2120 3232 et

2207 3154 2311 3210 ἀπὸ
2344 3155 2689 3246 *κατηγόρων
2775 3153 2952 3212 πολλὰ
2977 3245 2997 3246 η
3028 3153 3349 3246 ἐγκλήματα
3428 3154 3826 3246 ὑποϐάλλονται,

472 3274 659 3318 unum
718 3272 788 3317 ex
847 3253 1019 3336 ipsis,
1070 3253 1146 3315 de
1193 3272 1313 3331 quo
1367 3256 1534 3336 prius
1565 3243 1825 3335 egerint,
1861 3243 2121 3337 probare

2207 3245 2289 3302 καὶ
2331 3243 2388 3299 ἓν
2431 3243 2483 3309 ἐξ
2527 3246 2701 3337 αὐτῶν
2759 3247 2878 3323 περί
2939 3245 3000 3302 οὗ
3057 3251 3270 3326 πρῶτον
3303 3245 3586 3328 ἐπράχθη,
3621 3244 3826 3304 ἀποδει-

471 3363 594 3408 non
623 3343 942 3422 valuerint,
973 3342 1047 3407 ad
1077 3351 1296 3407 uetera
1315 3343 1440 3425 jam
1467 3363 1588 3408 non
1620 3344 2033 3413 admittantur.

669 3527 882 3601 συν-ειη
918 3541 990 3586 eo:
1019 3527 1258 3600 epistola
1293 3525 1367 3586 ad
1399 3526 1668 3588 Damnum
1699 3545 1816 3603 cap.
1858 3531 1912 3588 1.

2202 3333 2400 3415 χθῆναι
2431 3334 2526 3391 οὒκ
2555 3331 2818 3410 ἠδυνήθη,
2851 3335 2986 3412 πρὸς
3017 3334 3085 3391 τὰ
3141 3333 3305 3395 λοιπᾶ
3354 3335 3498 3411 μετά
3559 3343 3718 3394 ταῦτα
3759 3336 3827 3412 μὴ

2203 3423 2638 3504 προσδεχθωσιν.

2208 3525 2467 3607 Κυρίλλου
2605 3527 2666 3585 In
2770 3533 2870 3597 τῆς
2985 3531 3118 3608 πρὸς
3233 3527 3444 3608 Δόμνον
3549 3528 3824 3596 ἐπιστολῆς

2900 3631 3024 3691 κεφ,
3058 3609 3142 3667 α’.

548 3703 936 3785 Unaquaeque
963 3719 1064 3765 res
1093 3707 1320 3780 nostra,
1356 3710 1500 3779 etc.,
1535 3709 1603 3767 ut
1645 3722 1788 3785 pag.
1825 3706 1970 3771 491.

2283 3706 2531 3767 Ἕκαστα
2559 3713 2668 3766 τῶν
2697 3708 2813 3766 καθ’
2844 3711 2990 3786 ἡμᾶς
3022 3709 3380 3791 πραγμάτων,
3411 3734 3472 3775 κ,
3503 3733 3558 3772 τ.
3590 3713 3646 3776 λ.

545 3793 920 3858 Generaliter
948 3792 1025 3855 de
1045 3792 1120 3855 iis
1143 3792 1245 3874 qui
1268 3792 1346 3855 de
1371 3792 1611 3874 publico
1631 3794 1891 3858 crimine
1914 3815 2120 3877 quam-

2288 3803 2517 3864 Γενικῶς
2547 3799 2669 3877 περὶ
2697 3799 2804 3856 τῶν
2836 3798 3192 3876 κωλυομένων
3247 3814 3582 3881 κατηγορεῖν
3635 3795 3831 3864 οίουδή-

467 3903 702 3968 cunque
735 3901 1054 3966 personam
1103 3900 1388 3944 accusare
1437 3881 1858 3963 prohibentur,
1902 3893 2116 3948 tractat

2207 3908 2335 3946 ποτε
2365 3887 2656 3967 προσώπου
2683 3889 2770 3945 επὶ
2827 3886 3074 3966 δημοσίῳ
3121 3889 3458 3968 ἐγκλήματι,
3495 3884 3831 3965 διαλαμϐάνει

469 3973 575 4040 lib.
608 3973 934 4056 tx,cod.tit.
970 3970 1661 4052 1,οι1ἰὺ.χινιιι,ἀίε.ιίι.
1694 3990 1760 4050 ιι,
1797 3974 1874 4036 de
1898 3975 2111 4038 crimi-

2207 3974 2402 4034 Ξιϐλίον
2431 3977 2482 4035 θ’
2511 3984 2604 4036 τοῦ
2632 3975 2768 4040 κώδ.
2802 3980 2904 4038 τίτ.
2937 3969 3016 4054 α’,
3046 3980 3134 4036 καὶ
3157 3976 3308 4056 βιϐλ.
3342 3978 3447 4054 μη¹
3479 3980 3589 4038 τῶν
3617 3977 3832 4055 Δίγ,τίτ.

468 4063 709 4127 nalibus
730 4080 895 4138 vero,
917 4071 978 4124 et
997 4061 1388 4142 pecuniariis,
1409 4069 1466 4124 et
1489 4063 1799 4125 canonicis
1821 4066 2111 4144 quaestio-

2207 4069 2268 4124 3"
2305 4066 2431 4148 περῖ
2458 4066 2514 4124 δέ
2545 4067 2969 4144 ἑγκληματικῶν
2999 4071 3088 4126 καὶ
3110 4071 3412 4127 κανονικών
3439 4070 3533 4126 καὶ
3562 4087 3829 4149 χρηματι-

468 4154 646 4216 nibus
663 4153 884 4216 dicitur
904 4151 967 4212 in
989 4151 1202 4214 codice
1224 4159 1280 4213 et
1302 4150 1697 4216 Novellis.Ait
1718 4161 1914 4214 autem
1938 4155 2046 4218 lib.
2066 4173 2109 4232 ι,

2207 4165 2306 4216 ιιῶν
2334 4158 2617 4229 ζητήσεων
2663 4157 2883 4236 εἴρηται
2938 4159 2993 4215 ὲν
3037 4166 3114 4234 τῷ
3144 4156 3278 4221 κῶδ.
3309 4159 3398 4216 καὶ
3433 4171 3557 4225 ταῖς
3588 4167 3828 4234 Νεαραῐς⁶

467 4242 558 4305 tit.
581 4242 910 4325 2,const.6,
934 4240 1093 4321 quod
1114 4241 1164 4302 si
1185 4239 1332 4321 quid
1352 4240 1413 4301 in
1437 4241 1720 4304 universo
1743 4240 1976 4323 Illyrico
2007 4263 2112 4308 ca-

2207 4249 2325 4328 ρησὶ
2349 4248 2450 4326 γὰρ
2479 4244 2687 4325 βιϐλ,α’
2715 4248 2822 4311 τίτ.
2855 4246 2933 4325 β’,
2957 4248 3096 4311 διάτ.
3120 4248 3202 4324 ς’
3234 4247 3318 4306 ὅτι
3346 4249 3444 4315 τὰς
3477 4244 3828 4329 ἀναφυομένας

466 4332 704 4394 nonicee
757 4330 1088 4392 dubietalis
1140 4333 1491 4418 remerserit,
1555 4331 1616 4392 id
1693 4350 1814 4394 non
1885 4333 2115 4416 absque

2207 4338 2480 4401 ιιαιονικὰς
2527 4335 2969 4418 ἀμφισϐητήσεις
3027 4339 3082 4396 ἐν
3140 4338 3253 4414 ὅλῳ
3295 4345 3374 4413 τῷ
3430 4338 3736 4418 Ἰλλυρικῷ,
3776 4333 3830 4389 οὗ

468 4421 723 4509 scientia
747 4419 1030 4482 antistitis
1061 4417 1229 4481 urbis
1257 4421 1952 4503 Constantinopolitanae,
1983 4445 2115 4508 quae

2207 4425 2280 4484 Βεϊ
2366 4417 2653 4504 τέμνεσθαι
2738 4429 2883 4507 παρᾶ
2963 4429 3189 4508 γνώμην
3244 4435 3340 4486 τοῦ
3413 4417 3828 4509 ἀρχιεπισκόπου

468 4508 674 4620 Romae
720 4508 943 4620 veteris
995 4509 1383 4590 praerogativa
1411 4510 1671 4620 laetatur,
1690 4513 1958 4620 jejusque
1991 4515 2123 4596 [sa-

2207 4516 2818 4584 Κωνσταντινουπόλεως
2869 4519 2968 4577 καί
3023 4525 3124 4588 τῆς
3199 4519 3359 4576 αὑτοῦ
3417 4508 3661 4593 συνόδου,
3723 4512 3827 4582 ἥτις

2207 4605 2220 4620 ιι
2405 4609 2417 4620 ι
2632 4608 2643 4620 ι
2828 4613 2854 4620 .-
2938 4611 2943 4616 -
3084 4612 3094 4620 ι
3196 4599 3242 4620 Ῑ-
3275 4607 3287 4620 ι
3583 4609 3595 4620 ι
3678 4607 3688 4620 1
3812 4599 3825 4620 ι

468 4599 809 4690 cerdotalis]
844 4606 1172 4690 conventus
1219 4608 1494 4681 oporteat
1541 4600 1765 4666 decidi.
1817 4603 1889 4666 Et
1919 4605 2012 4668 tit.
2046 4607 2111 4682 3,

2207 4605 2315 4686 ἔχει
2365 4609 2432 4664 τὰ
2466 4608 2748 4690 Δπρονόμια
2790 4613 2893 4676 τῆς
2927 4611 3160 4690 ἀρχαίας
3196 4599 3411 4683 Ῥώμης
3445 4624 3459 4640 ’
3511 4609 3600 4664 καὶ
3640 4607 3740 4662 τίτ.
3779 4599 3825 4678 γ’

466 4688 948 4770 const.29,quod
979 4688 1032 4751 si
1061 4688 1198 4770 quis
1229 4707 1335 4770 per
1364 4691 1726 4754 calumniam
1760 4694 2109 4775 episcopum

2207 4685 2335 4759 ίιᾶτ,
2384 4685 2526 4773 κβ,
2562 4696 2644 4754 ὅτι
2705 4699 2732 4754 ὁ
2793 4698 2929 4755 κατὰ
2965 4685 3327 4779 ’συκοφάντου
3371 4696 3458 4754 ἒπὶ
3513 4692 3828 4773 παραστάσει

463 4779 1063 4862 accnsando,[ipsum
1085 4779 1172 4860 se]
1188 4779 1480 4844 exhibere
1499 4781 1654 4863 apud
1673 4791 2112 4863 competentem

2207 4786 2338 4865 παρὰ
2393 4784 2624 4864 δικαστῇ
2680 4786 2973 4867 προσφόρῳ
3033 4777 3356 4862 αἰτιώμενος
3425 4785 3741 4858 ἐπίσκοπον,
3784 4777 3830 4835 λ’

459 4871 732 4954 judicem
791 4869 1047 4952 [cogat],
1111 4872 1356 4951 triginta
1406 4871 1605 4952 pondo
1657 4872 1848 4954 [auri]
1882 4873 2002 4936 det.
2037 4875 2113 4940 Et

2207 4873 2381 4932 Ξίδωσι
2411 4874 2592 4955 λίτρας
2625 4895 2638 4911 ο
2673 4875 2814 4938 διάτ.
2847 4876 2929 4934 κε’
2974 4884 3067 4936 τοῦ
3100 4878 3261 4936 αὐτοῦ
3295 4878 3426 4952 τίτ.,
3483 4874 3567 4933 ὅτι
3619 4876 3666 4930 οἱ
3698 4870 3830 4938 κλη-

461 4961 1048 5042 const.25,ejusdem
1079 4959 1346 5042 tit.quod
1371 4961 1574 5023 clerici
1599 4959 2107 5045 Constantinopo-

2207 4968 2329 5023 ιικοὶ
2385 4966 3010 5033 Κωνσταντινουπόλεως
3069 4973 3176 5024 τῶν
3219 4966 3525 5046 ἐναγόντων
3586 4965 3664 5041 μὴ
3709 4963 3829 5040 βου-

463 5050 662 5133 litani,
693 5052 745 5113 si
797 5059 1034 5114 actores
1093 5051 1292 5114 nolint
1322 5051 1486 5132 ipsos
1519 5051 1678 5132 apud
1711 5052 2104 5133 patriarcbam

2207 5055 2438 5131 δεομένων
2499 5055 2685 5121 αὐτοῖς
2747 5056 2960 5136 ἐνάγειν
3006 5058 3151 5137 παρὰ
3179 5059 3258 5132 τῷ
3306 5057 3648 5136 πατριάρχη,
3704 5047 3834 5129 παρὰ

464 5139 814 5216 convenire,
847 5141 1003 5222 apud
1033 5140 1196 5202 solos
1229 5140 1542 5221 prtefectos
1583 5141 1816 5222 litigent
1849 5161 1862 5206 :
1899 5143 2114 5226 [idque

2207 5146 2386 5221 μόνοις
2451 5158 2568 5210 τοῖς
2621 5146 2890 5228 ἐπάρχοις
2922 5145 3255 5220 δικάζονται,
3291 5146 3576 5226 ἐνάγοντες
3605 5144 3692 5201 καὶ
3719 5142 3834 5199 ἂνα-

464 5229 618 5311 sive]
653 5231 1034 5305 conveniant,
1068 5229 1194 5292 sive
1223 5236 1664 5294 conveniantur
1697 5252 1711 5296 :
1746 5234 1890 5310 [tum
1924 5234 2110 5299 etiam

2207 5235 2416 5316 ίόμενοι
2458 5241 2824 5316 χρηματικῶς
2882 5239 2972 5295 καὶ
3030 5235 3451 5317 ἐγκληματικῶς
3506 5234 3639 5311 ὑπὲρ
3667 5229 3830 5289 ίδικῶν

463 5319 606 5398 sive]
640 5317 1012 5401 pecuniaria,
1062 5319 1186 5383 sive
1238 5319 1573 5384 criminalis
1615 5318 1781 5406 [item
1814 5321 1999 5407 sive],
2034 5327 2110 5393 de

2207 5328 2282 5384 ιαὶ
2312 5324 2781 5394 ἐκκλησιαστικῶν
2815 5344 2832 5365 ο
2866 5330 2956 5384 καὶ
3005 5327 3054 5384 οἱ
3099 5327 3198 5404 μὲν
3248 5324 3525 5406 κληρικοὶ,
3562 5325 3654 5381 τὸν
3684 5321 3828 5379 ο⁹ικο-

543 5495 813 5590 ίῖ-Οοιιο.
863 5497 1068 5590 Cartb.
1125 5515 1400 5590 vli,_cap.
1440 5499 1733 5590 154910.
1766 5519 1821 5590 ρ·
1864 5503 1992 5590 95;
2034 5508 2123 5574 Cal

2207 5533 2261 5590 1.,
2287 5519 2358 5590 II,
2388 5521 2524 5590 cap.
2557 5504 2642 5590 ﬁ;
2694 5503 3044 5590 Car_th._1u,
3079 5523 3213 5588 cap.
3251 5505 3283 5568 Ἰ
3332 5512 3402 5590 _et
3429 5505 3494 5590 8.,
3524 5579 3547 5590 _
3576 5501 3628 5590 ξε
3658 5493 3828 5590 Cong.

464 5578 669 5646 ϐαι-ιιι.
700 5595 805 5659 vn,
839 5597 973 5661 cap.
1009 5581 1047 5640 2
1079 5596 1096 5656 ;
1128 5580 1318 5644 Afric.
1343 5578 1407 5642 c.
1437 5582 1542 5646 96.
1568 5579 1721 5645 Vide
1750 5578 1999 5664 August.
2031 5596 2209 5673 epist.
2239 5585 2388 5653 212.
2462 5578 2528 5630 ἰο
2558 5578 2742 5653 Conc.
2777 5585 2982 5651 Carth.
3017 5578 3121 5666 vn,
3153 5578 3296 5670 cap.
3325 5586 3364 5649 3
3401 5606 3419 5667 ;
3468 5579 3653 5650 Atrio.
3687 5599 3742 5644 c.
3776 5579 3829 5643 7.

546 5695 673 5781 (9i)
703 5694 812 5763 Ms.
853 5717 883 5760 ε
907 5695 1261 5763 Proximum
1283 5699 1437 5780 foro,
1471 5705 1536 5764 ut
1566 5715 1688 5763 non
1710 5697 1808 5766 sit.
1853 5727 1880 5767 ι
