4148 6198
335 343 456 414 709

1184 338 1603 411 SYNTAGMA
1659 335 2059 408 CANONUM.
2113 370 2191 384 -
2244 338 2397 404 TIT.
2447 330 2554 421 1x,
2598 337 2763 405 CAP.
2810 333 2856 402 Ι.

3587 329 3709 406 710

339 487 506 561 νόμον
548 483 583 552 ἢ
628 485 719 541 τὸν
763 479 1205 550 ἰκκλησιέκδικον
1251 479 1486 538 διδόασιν
1543 478 1838 559 ἐγγυητὴν,
1882 476 1978 534 καί

2067 473 2277 556 [rebus
2303 473 2605 560 ipsorum]
2639 473 2904 556 propriis
2961 473 3087 536 sive
3137 470 3576 538 ecclesiasticis
3610 476 3706 554 [li

338 579 446 655 οὐχ
496 574 678 654 ἕτερον
733 574 832 637 ἕως
887 573 932 628 ν’
990 572 1185 649 λιτρῶν
1222 591 1239 609 ο
1304 573 1394 628 καὶ
1451 572 1540 628 ἐὰν
1585 567 1874 647 ὺπερϐαίνῃ
1918 567 1979 625 τὸ

337 671 562 744 πρᾶγμα
631 663 925 743 ὁμολογίαν
982 661 1262 740 ἀνώμοτον
1314 660 1408 718 ὲπῖ
1479 667 1556 736 τῷ
1611 656 1977 739 ὑπερϐαίνοντι

336 761 489 831 ποσῷ
517 759 750 814 ποιοῦσι.

421 1021 521 1080 Καὶ
564 1023 612 1077 οἱ
653 1019 808 1097 νόμοι
853 1021 951 1101 γὰρ
994 1019 1091 1077 καὶ
1136 1022 1183 1076 οἱ
1247 1019 1469 1085 κανόνες
1514 1021 1779 1078 κωλύουσι
1834 1017 1977 1086 κλη-

335 1113 485 1190 ρικὸν
527 1110 750 1185 ὀμνύναι
788 1129 802 1145 ⁸
852 1113 880 1167 6
950 1109 1004 1166 δὲ
1072 1108 1353 1185 οἰκονόμος
1409 1109 1731 1189 ἐναγόμενος
1778 1112 1838 1166 οὒ
1897 1107 1978 1165 δί-

335 1199 498 1256 δωσιν
564 1199 856 1280 ἐγγυητὴν,
928 1201 1016 1256 καὶ
1072 1201 1230 1262 αὐτὸς
1300 1197 1354 1256 δὲ
1429 1203 1521 1257 καί
1598 1203 1644 1258 οἱ
1700 1198 1974 1279 κληρικοὶ,

337 1288 427 1346 δύο
473 1291 780 1366 νομίσματα
820 1290 952 1364 ὑπὲρ
995 1290 1347 1365 ὑπομνήσεως
1404 1289 1498 1346 καῖ
1553 1288 1825 1369 προϐολῆς
1883 1291 1976 1345 lv-

337 1378 539 1444 τολέως
596 1378 823 1456 διδόασι,
853 1377 950 1436 καί
995 1380 1061 1435 τὰ
1113 1378 1278 1435 λοιπὰ
1320 1377 1678 1456 δαπανήματα
1710 1377 1977 1460 φειδωλό-

337 1489 492 1546 τερον
535 1477 745 1526 ποιοῦσι
780 1485 795 1500 ⁸
829 1470 917 1525 καὶ
945 1470 980 1537 ἡ
1023 1467 1110 1545 λβ’
1153 1467 1293 1528 διάτ.
1329 1477 1422 1527 τοῦ
1465 1471 1624 1528 αὖτού
1653 1471 1760 1530 τίτ.
1792 1471 1976 1552 φησὶν,

338 1557 423 1615 ὅτι
468 1559 516 1613 οἱ
561 1557 864 1633 ἐπίσκοποι,
913 1558 1002 1615 καὶ
1053 1559 1098 1614 οἱ
1160 1557 1412 1637 κληρικοὶ
1461 1560 1548 1615 καὶ
1578 1562 1626 1616 οἱ
1655 1562 1889 1640 μοναχοὶ
1921 1559 1979 1617 o6

339 1649 578 1727 γίνονται
638 1645 895 1722 διάξιμοι,
956 1645 1096 1704 ἀλλὰ
1179 1649 1322 1728 παρὰ
1411 1663 1527 1710 τοῖς
1599 1649 1828 1730 ἄρχουσι
1873 1656 1980 1708 τῶν

339 1737 623 1816 ἔπαρχιῶν
681 1740 853 1797 αὗτῶν
893 1737 1171 1816 ἔνᾶγονται
1208 1755 1222 1770 ·
1289 1737 1342 1795 ἓν
1417 1739 1977 1797 Κωνσταντινουπόλει

2061 565 2734 629 instituatur.Similiter
2759 564 2939 646 quod]
2975 563 3181 626 clerici
3213 583 3404 645 usque
3434 565 3508 627 ad
3533 565 3706 646 quin-

2062 657 2352 737 quaginta
2382 655 2570 718 libras
2604 655 2780 736 [auri]
2835 672 3217 717 mconomum
3278 660 3380 715 aut
3429 654 3704 718 ecclesia

2062 745 2600 822 defensorem,non
2632 753 2829 807 autem
2863 743 3498 824 alium,ﬁdejussorem
3533 745 3698 828 dent:

2063 841 2121 897 et
2145 835 2196 896 si
2220 853 2317 897 res
2349 837 2500 913 [eam
2536 833 2947 916 quantitatem]
2984 833 3257 911 excedat,
3295 851 3402 914 pro
3455 835 3702 897 residuo

2062 924 2208 986 citra
2233 924 2656 1005 jusjurandum
2692 931 2966 987 caveant.

2146 1012 2395 1078 Textus.
2429 1015 2666 1077 Etenim
2721 1014 2885 1093 leges
2908 1021 3086 1093 atque
3115 1029 3385 1076 canones
3413 1011 3702 1076 clericum

2056 1103 2261 1183 jurare
2282 1104 2626 1185 prohibent.
2643 1106 2984 1182 [Postremo
3010 1103 3364 1185 vero,quod]
3391 1103 3449 1164 in
3471 1103 3574 1183 jus
3596 1121 3704 1164 vo-

2061 1203 2226 1256 catus
2242 1211 2592 1256 oeconomus
2613 1194 3038 1274 iidejussorem
3065 1212 3181 1255 non
3208 1194 3402 1270 det,et
3428 1201 3550 1255 tum
3573 1192 3703 1272 ipse

2060 1289 2185 1344 tum
2208 1284 2411 1346 clerici
2433 1285 2574 1346 259
2590 1302 2694 1364 pro
2722 1284 3052 1347 monitione
3078 1303 3146 1347 ac
3171 1285 3578 1364 procuratoris
3601 1283 3701 1345 in-

2061 1374 2369 1436 stitutioue
2387 1374 2534 1436 duos
2549 1373 3133 1441 solidos,exsecutori
3149 1374 3705 1456 dent,reliquosque

2063 1471 2339 1544 sumptus
2372 1464 2610 1545 parcius
2657 1464 2900 1528 faciant.
2939 1465 3011 1526 Et
3060 1472 3254 1527 const.
3291 1463 3390 1538 32,
3427 1464 3701 1544 ejusdem

2064 1553 2154 1617 tit.
2191 1555 2274 1616 ait
2307 1573 2322 1615 :
2357 1553 2530 1627 Quod
2555 1553 2848 1634 episcopi,
2883 1555 3115 1630 clerici,
3169 1563 3228 1615 et
3283 1555 3564 1618 monachi
3599 1554 3702 1633 [ad

2060 1653 2343 1706 extranea
2365 1643 2617 1724 judicia]
2642 1661 2761 1705 non
2783 1643 3310 1718 traducantur,sed
3333 1644 3489 1725 apud
3514 1653 3705 1706 recto-

2060 1754 2159 1797 res
2179 1734 2618 1816 provinciarum
2659 1736 3130 1796 conveniantur:
3186 1742 3245 1795 et
3277 1734 3697 1797 Constantino-

336 1826 393 1882 δὲ
438 1827 829 1906 εὑρισκόμενοι,
863 1827 1006 1907 παρᾶ
1058 1828 1244 1904 νόμοις
1283 1841 1404 1892 τοῖς
1438 1828 1703 1909 ἐπάρχοις
1750 1831 1975 1910 ἐνάγον-

2067 1825 2189 1906 poli
2213 1823 2460 1905 reperti,
2495 1824 2654 1905 apud
2682 1823 2998 1905 prafectos
3028 1824 3560 1903 duntaxatjudicio
3579 1823 3705 1906 pul-

335 1938 450 1996 ται,
497 1918 617 1974 ἔνθα
659 1918 747 1974 καὶ
803 1919 836 1986 ἡ
895 1917 1030 1994 τιμῇ
1074 1921 1259 1982 αὐτοῖς
1321 1917 1664 1999 φυλάττεται,
1712 1923 1800 1978 καὶ
1849 1943 1976 1977 συν-

335 2007 536 2085 ηγόρος
579 2005 940 2082 λαμϐάνουσιν
977 2024 990 2038 ’
1027 2007 1079 2064 ἐν
1111 2007 1166 2063 δὲ
1196 2020 1321 2072 ταῖς
1353 2008 1644 2088 ἐπαρχίαις
1676 2011 1806 2085 ὑπὲρ
1835 2010 1976 2068 ἰδίων

339 2097 673 2175 πραγμάτων
723 2097 1058 2177 ἐναγόμενοι,
1122 2098 1315 2170 μόνους
1375 2098 1497 2164 τοὺς
1571 2099 1882 2177 οἰκονόμους
1940 2101 1976 2170 ἢ

335 2187 463 2251 τοὺς
516 2185 982 2254 ἐκκλησιεκδίκους
1043 2185 1276 2245 διδόασιν
1334 2187 1599 2267 ἐγγυητάς
1635 2206 1649 2220 ⁸
1725 2191 1865 2270 παρᾶ
1922 2189 1977 2246 δὲ

335 2286 457 2342 τοῖς
495 2277 763 2358 ὑπάρχοις
819 2277 1179 2356 χρηματικῶς
1232 2275 1572 2356 ἒναγόμενοι,
1617 2277 1653 2346 ἢ
1706 2277 1978 2348 ἆλλήλους

334 2365 658 2447 ἔγγυῶνται,
691 2365 727 2434 ἢ
769 2368 1129 2436 ἒνυποθήκους
1173 2368 1415 2423 ποιοῦαιν
1465 2367 1759 2445 ὁμολογίας
1800 2384 1814 2400 ⁸
1847 2368 1978 2448 ὑπὲρ

333 2452 392 2511 δὲ
431 2462 538 2512 τῶν
581 2454 1069 2535 ἐκκλησιαστιγῶν,
1122 2456 1282 2530 μόνος
1324 2456 1352 2511 ὃ
1385 2457 1668 2534 οἰκονόμος
1703 2457 1973 2537 ἐνάγεται,

337 2545 398 2602 ὃν
439 2547 550 2626 χρὴ
590 2547 736 2624 παρᾶ
779 2553 872 2603 τοῦ
917 2546 1213 2604 ἔπισκόπου
1269 2547 1525 2626 γίνεσθαι,
1558 2550 1645 2604 καὶ
1674 2546 1852 2606 δίδωσι
1887 2551 1974 2607 τὸν

335 2634 777 2704 ἒκκλησνέκδικον
819 2634 1090 2714 ἐγγυητήν
1123 2652 1137 2667 ⁸
1193 2637 1281 2693 καὶ
1313 2635 1368 2692 ἐν
1399 2638 1496 2713 μὲν
1527 2650 1642 2700 τοῖς
1674 2637 1861 2706 ἥττοσι
1894 2638 1976 2696 δι-

333 2727 671 2807 καστηρίοις,
727 2725 860 2804 ὑπὲρ
893 2727 1248 2802 ὑπομνήσεως
1305 2725 1550 2785 διδόασιν
1600 2731 1647 2785 οἱ
1689 2729 1975 2787 ἐπίσκοποι

333 2818 423 2876 καὶ
468 2818 516 2872 οἱ
557 2815 803 2894 κληρικοὶ
845 2827 965 2879 τοῖς
1015 2813 1358 2880 ἐκϐιϐαστατς
1397 2820 1457 2876 οὖ
1486 2817 1652 2875 πλέον
1694 2828 1788 2877 τοῦ
1816 2821 1972 2896 νομί-

334 2927 542 2982 σματος
579 2919 596 2936 ⁸
633 2907 677 2961 εἰ
720 2902 774 2960 δὲ
833 2903 906 2960 δι’
961 2901 1276 2962 ἐκϐιϐαστοῦ
1304 2911 1410 2964 τῶν
1439 2907 1699 2989 ὑπάρχων
1725 2909 1831 2967 ἀπὸ
1858 2912 1974 2987 ψά-

2062 1914 2408 1991 sentur,ubi
2424 1921 2482 1976 et
2505 1914 2698 1976 honor
2717 1913 2865 1995 ipsis
2886 1922 3248 1990 servetur,et
3264 1913 3587 1976 advocatos
3611 1933 3706 1977 ac-

2064 2005 2312 2086 cipiant.
2338 2003 2402 2067 Si
2425 2022 2566 2066 vero
2593 2005 2651 2066 in
2679 2004 3003 2085 provinciis
3022 2004 3097 2066 ob
3119 2003 3390 2084 proprias
3412 2022 3510 2066 res
3528 2005 3586 2065 in
3604 2005 3702 2083 jus

2062 2103 2371 2170 vocentur,
2392 2112 2741 2157 aconomos
2764 2093 3048 2155 duntaxat
3068 2100 3168 2155 aut
3191 2094 3465 2156 ecclesia
3487 2093 3704 2156 defen-

2063 2203 2232 2248 sores
2250 2186 2642 2266 fidejussores
2663 2184 2809 2246 dent
2835 2203 2848 2244 :
2886 2183 3040 2265 apud
3068 2182 3379 2264 prafectos
3401 2191 3599 2245 autem
3629 2184 3714 2246 de

2061 2274 2242 2337 rebus
2265 2274 2628 2355 pecuniariis
2645 2274 3059 2349 conventi,aut
3079 2272 3331 2335 vicarias
3355 2273 3703 2353 iidejussio-

2061 2383 2170 2427 nes
2187 2363 2731 2443 prastent,autsub
2753 2363 3100 2424 facultatum
3126 2379 3368 2425 suarum
3394 2361 3706 2442 obligatio-

2062 2473 2140 2517 ne
2162 2454 2473 2517 cautiones
2492 2453 2735 2517 faciant.
2765 2452 2988 2533 [Quod]
3020 2452 3094 2514 de
3120 2452 3548 2515 ecclesiasticis
3579 2454 3702 2530 [re-

2062 2542 2194 2624 bus]
2215 2545 2380 2606 solus
2401 2561 2754 2606 aconomus
2779 2542 3194 2618 conveniatur,
3226 2560 3404 2624 quem
3431 2541 3506 2604 ab
3537 2542 3704 2622 epis-

2059 2651 2210 2713 copo
2236 2631 2502 2694 ordinari
2525 2639 2972 2712 oportet,atque
3001 2630 3154 2712 [ille]
3176 2629 3464 2692 Ecclesia
3487 2630 3706 2693 defen-

2059 2739 2257 2783 sorem
2284 2721 2705 2803 ﬁdejussorem
2748 2722 3035 2802 prabeat.
3065 2718 3255 2803 [Quod
3279 2719 3341 2781 in
3369 2719 3704 2783 minoribus

2052 2811 2305 2892 judiciis
2330 2811 2601 2894 episcopi
2627 2822 2687 2874 et
2709 2811 2918 2874 clerici
2958 2829 3062 2892 pro
3089 2810 3422 2872 monitione
3448 2829 3703 2873 exsecu-

2061 2902 2292 2964 toribus
2335 2922 2454 2964 non
2478 2903 2744 2984 amplius
2766 2901 2962 2964 solido
3011 2900 3422 2980 sportularum
3455 2901 3704 2965 nomine

331 3017 434 3075 φου
476 2999 648 3054 αὐτῶν
705 2995 1117 3071 ὑπομνησθῶσιν
1170 2994 1223 3051 ἐν
1267 2998 1560 3077 ἒπαρχίαις
1619 3000 1680 3055 οὖ
1728 2999 1894 3057 πλέον
1922 2999 1975 3077 β’

2067 2992 2294 3056 dent.Si
2319 3011 2456 3054 vero
2483 2993 2556 3055 ab
2582 2991 3000 3073 praefectorum
3023 3010 3090 3054 ex
3110 2989 3700 3072 sententiaipsorum

335 3087 639 3162 νομίσματα
668 3081 901 3141 διδόασιν
931 3083 1060 3163 ὑπὲρ
1091 3084 1460 3162 σπορτούλων,
1495 3085 1587 3144 Ἐν
1624 3091 1890 3164 Βυζαντίῳ
1919 3089 1975 3146 δὲ

2067 3082 2567 3144 admoneanturin
2595 3081 3051 3164 provincia,non
3072 3080 3334 3162 amplius
3354 3079 3585 3143 duobus
3609 3100 3701 3143 so-

337 3176 640 3252 νομίσματα
669 3173 889 3231 δίδωσιν
917 3176 944 3230 6
973 3173 1226 3240 ὲξωτικὸς
1251 3176 1312 3230 κλ
1328 3177 1510 3254 ηρικὸς
1542 3176 1671 3255 ὑπὲρ
1706 3183 1972 3256 σπορτού-

2067 3169 2202 3232 lidis
2233 3171 2563 3253 prabeant.
2592 3171 2855 3253 Byzantii
2881 3180 3078 3233 autem
3123 3170 3484 3252 peregrinus
3513 3171 3699 3233 cleri-

330 3265 464 3323 λων’
493 3263 576 3347 ἐφ’
606 3262 912 3341 ὁσῃδήποτε
942 3264 1205 3331 ποσότητι
1237 3263 1563 3342 ἕναγόμενος
1596 3269 1622 3323 6
1655 3265 1980 3341 ἓκϐιϐαστὴς

2067 3280 2172 3322 cus
2191 3262 2592 3342 sportularum
2629 3261 2819 3341 gratia
2839 3269 2966 3324 tres
3007 3279 3222 3323 aureos
3247 3260 3370 3334 det,
3406 3261 3481 3322 ob
3502 3279 3700 3341 quan-

332 3353 650 3426 οἷονδήποτε
693 3354 956 3432 κληρικὸν
987 3351 1207 3433 ὑϐρίζων
1230 3353 1266 3422 ἢ
1300 3354 1569 3431 σκύλλων,
1606 3357 1976 3428 ἆποζώινυται

2067 3361 2429 3432 tumcunque
2455 3352 2755 3433 [summa]
2780 3351 3173 3432 quantitatem
3223 3359 3551 3413 conventus
3569 3352 3703 3415 fue-

332 3446 422 3504 καὶ
453 3445 700 3526 ἐσχάτως
749 3457 1098 3523 τιμωρεῖται,
1141 3445 1197 3501 Εἰ
1242 3442 1297 3500 δέ
1347 3465 1484 3509 τινες
1517 3451 1752 3525 φανῶσιν
1783 3446 1977 3517 ἀδίκως

332 3536 522 3600 αὐτοῖς
585 3533 886 3615 ἐνάγοντες,
945 3532 1180 3591 διδόασιν
1239 3533 1424 3600 αὑτοῖς
1478 3536 1655 3600 πάσας
1703 3540 1795 3604 τὰς
1841 3543 1980 3598 κατὰ

332 3627 602 3706 πρόφασιν
619 3627 792 3684 mit-By
823 3624 882 3682 ἐκ
911 3625 1200 3703 προοιμίου
1231 3627 1332 3694 τῆς
1362 3622 1514 3693 δίκης
1546 3630 1982 3707 προσγενομένας

337 3717 526 3781 αὐτοῖς
554 3713 790 3780 δαπάνας
801 3761 816 3779 .

421 3975 486 4043 Ἠ
547 3981 603 4041 δὲ
660 3979 707 4040 ν’
767 3982 904 4046 διάτ.
952 3994 1046 4043 τοῦ
1104 3980 1262 4040 αὖτου
1322 3984 1423 4044 τίτ.
1478 3987 1662 4067 φησὶν,
1697 3985 1780 4045 ὅτι
1807 3989 1896 4046 καὶ
1928 3990 1975 4047 οἶ

333 4074 582 4155 κληρικοὶ
640 4072 820 4140 καλῶς
875 4071 929 4131 ἓν
982 4069 1327 4149 συμϐολαίοις
1387 4073 1714 4156 ἂπολὲγουσι
1759 4080 1828 4155 τῇ
1884 4085 1976 4136 τοῦ

332 4167 497 4249 φόρου
549 4162 838 4244 ἀπογραφῇ
869 4178 884 4195 ⁸
932 4166 1159 4242 γενικῶς
1203 4164 1305 4244 γὰρ
1365 4161 1565 4230 ἔξεστιν
1627 4167 1840 4243 ἑκάστῳ
1867 4175 1974 4226 τῶν

331 4253 468 4336 ὑπὲρ
500 4256 688 4312 ἑαυτοῦ
720 4265 1080 4334 καταφρονεῖν
1115 4271 1129 4288 ⁸
1165 4255 1252 4310 καὶ
1284 4254 1424 4318 διάτ,
1458 4251 1513 4332 β’
1548 4258 1640 4313 1:06
1668 4255 1714 4312 δ’
1745 4258 1851 4322 τίτ.
1882 4265 1975 4315 1:06

333 4343 498 4406 ἁῦτοῦ
551 4343 700 4423 βιϐλ.
758 4341 840 4400 ὅτι
899 4345 990 4400 ἰὰν
1049 4344 1151 4422 πρὸ
1211 4343 1416 4408 τελείας
1477 4346 1659 4426 ψήφου
1716 4343 1974 4424 κληρικὸς

334 4433 720 4511 ἆκκαλεσηται,
784 4433 883 4502 τᾶν
932 4432 1237 4512 ὡρισμένην
1281 4433 1342 4491 ἐκ
1399 4442 1492 4492 τοῦ
1551 4436 1716 4512 νόμου
1785 4437 1976 4505 ποινὴν

2062 3441 2383 3520 rit.[Quod]
2410 3451 2750 3518 exsecutor,
2776 3441 2878 3522 qui
2901 3439 3489 3522 cujusmodicunque
3513 3442 3699 3505 cleri-

2068 3551 2202 3595 cum
2235 3533 2619 3595 contumeliis
2648 3531 2940 3608 affecerit,
2975 3539 3078 3594 aut
3107 3531 3425 3602 vexaverit.
3460 3532 3702 3612 cingulo

2071 3622 2428 3704 privetur,et
2455 3640 2738 3704 supremo
2768 3620 3064 3702 supplicio
3092 3619 3555 3699 feriatur.[Quod
3588 3621 3699 3684 de-

2067 3711 2280 3794 nique]
2315 3713 2364 3774 si
2421 3714 2525 3792 qui
2577 3713 2710 3773 sine
2762 3713 2924 3790 justa
2960 3729 3138 3774 causa
3166 3711 3332 3791 ipsos
3362 3709 3702 3774 lacessiisse

2066 3802 2407 3884 videantur,
2438 3801 2587 3884 [illi]
2621 3799 2769 3882 ipsis
2797 3819 3007 3864 omnes
3039 3818 3511 3882 expensas,quas
3534 3819 3705 3865 occa-

2065 3897 2236 3955 sione
2265 3893 2505 3955 illorum
2537 3891 2612 3954 ab
2646 3888 2890 3953 exordio
2924 3890 3045 3952 litis
3074 3889 3393 3966 subierint,
3421 3889 3698 3958 reddant.

2145 3979 2998 4062 Temtus.Const.50,ejusdem
3023 3978 3290 4055 tit.dicit,
3315 3979 3470 4061 quod
3492 3981 3701 4044 clerici

2058 4080 2228 4136 recte
2268 4074 2329 4134 in
2371 4072 2788 4135 instrumentis
2828 4069 2943 4133 fori
2984 4069 3424 4152 prascriptioni
3465 4087 3699 4132 renun-

2061 4164 2234 4226 tient.
2267 4160 2646 4225 Generaliter
2687 4160 2846 4222 enim
2870 4162 3088 4240 cuique
3123 4157 3262 4219 licet
3284 4164 3700 4240 contemnere,

2059 4271 2191 4334 qua
2219 4269 2324 4333 pro
2345 4269 2408 4314 se
2433 4249 2695 4332 [indulta
2711 4247 2971 4330 sunt].Et
2992 4246 3700 4328 const.2,tit.4,ejusdem

2060 4341 2334 4423 lib.quod
2359 4341 2410 4404 si
2432 4350 2569 4404 ante
2597 4341 2775 4402 linem
2803 4340 3123 4402 sententia
3145 4337 3406 4400 clericus
3425 4356 3708 4419 provoca-

2060 4431 2490 4508 verit,multam
2523 4432 2663 4492 240
2692 4428 3124 4512 quinquaginta
3154 4427 3441 4489 librarum
3475 4427 3706 4508 argenti

337 4525 479 4582 κατᾶ
519 4531 626 4580 τῶν
668 4522 850 4580 ἄλλων
893 4523 1003 4580 τῶν
1047 4520 1094 4577 ν’
1154 4523 1401 4602 ἀργυρίου
1461 4525 1676 4607 λιτρῶν,
1711 4529 1738 4583 6
1789 4525 1977 4608 ’.ρίσκος

2067 4522 2125 4584 in
2139 4523 2251 4586 hoc
2265 4521 2551 4584 adversus
2565 4521 2714 4583 alios
2736 4517 3214 4582 constitutam.ab
3238 4516 3370 4598 ipso
3390 4517 3570 4580 ﬁscus
3586 4534 3706 4623 non

337 4611 399 4670 οὔ
455 4611 717 4690 λαμϐάνει
775 4611 902 4692 παρ’
961 4613 1147 4687 αὐτοῦ,
1179 4612 1321 4671 ἀλλὰ
1350 4626 1470 4679 τοῖς
1501 4615 1694 4682 πένησι
1725 4614 1981 4693 διανέμε-

338 4719 452 4763 ται*
499 4703 535 4772 ἡ
565 4701 620 4760 δὲ
649 4701 696 4776 ζ’
727 4701 869 4766 διάτ.
902 4709 995 4760 τοῦ
1026 4700 1184 4760 αὐτοῦ
1214 4705 1318 4763 τίτ.
1349 4704 1538 4783 φησὶν,
1571 4703 1651 4763 ὅτι
1687 4705 1772 4762 ἐπὶ
1804 4708 1985 4782 μόνων

339 4799 703 4874 χρηματικῶν
746 4792 943 4870 μεταξὺ
973 4793 1382 4872 συναινούντων,
1410 4793 1470 4850 03
1529 4792 1639 4868 μὴν
1682 4795 1770 4852 καὶ
1817 4795 1985 4853 ἀκόν-

341 4904 474 4959 των,
514 4883 750 4962 ἰσχυρῶς
793 4885 822 4939 6
876 4881 1170 4943 ἐπίσκοπος
1225 4880 1430 4954 δικάζει
1464 4898 1480 4916 ⁹
1525 4882 1614 4940 καὶ
1643 4881 1779 4947 διάτ,
1815 4883 1871 4950 η’
1904 4883 1984 4942 ὅτι

341 4973 375 5042 ἦ
419 4977 528 5030 τῶν
570 4973 882 5030 ἐπισκόπων
924 4974 1107 5052 ψῆφος
1152 4971 1378 5052 ἕῤῥωται
1433 4971 1627 5049 μεταξὺ
1657 4974 1766 5032 τῶν
1798 4973 1982 5032 ἐπιλίο

339 5055 583 5139 ξαμένων
634 5061 850 5137 αὐτοὺς,
897 5063 994 5117 καὶ
1035 5058 1177 5118 ἔοικε
1233 5075 1356 5126 ταῖς
1398 5061 1603 5142 ψήφοις
1652 5068 1760 5120 τῶν
1809 5064 1984 5144 ὑπάρ-

339 5173 483 5231 χων,
546 5149 637 5231 ἀφ’
697 5153 772 5208 ὧν
817 5148 1165 5208 ἐκκαλεῖσθαι
1198 5149 1294 5209 οὒκ
1324 5149 1494 5217 ἔξεστι
1529 5169 1545 5186 ⁶
1579 5154 1669 5210 καὶ
1703 5153 1842 5218 διάτ,
1883 5152 1982 5234 ιγ’,

337 5239 423 5296 ὅτι
481 5239 809 5318 βουλόμενος
862 5243 890 5297 ὃ
951 5239 1180 5319 ἒνᾶγων,
1232 5244 1292 5301 o6
1333 5241 1442 5313 μὴν
1483 5244 1572 5300 καὶ
1603 5242 1770 5324 ἔχων,
1805 5245 1984 5323 ἐνάγει

338 5330 484 5411 παρᾶ
529 5336 607 5406 τῷ
649 5329 1069 5411 ἆρχιεπισκόπῳ
1117 5330 1739 5409 Κωνσταντινοδπόλεως
1791 5334 1868 5409 τῷ
1899 5335 1984 5391 οἰ-

340 5420 584 5497 κονόμῳ,
643 5422 730 5478 καὶ
767 5433 888 5486 τοῖς
928 5419 1125 5485 ἄλλοις
1170 5425 1333 5482 αὐτοῦ
1361 5419 1676 5503 κληρικοτς,
1709 5421 1823 5479 εἴτε
1851 5425 1984 5502 πρὸς

341 5511 532 5576 αὐτοὺς
576 5510 692 5568 εἴτε
723 5511 858 5589 πρὸς
889 5511 990 5580 τὴν
1017 5511 1312 5581 ὶκκλησίαν
1340 5510 1479 5593 ἴχειο
1517 5513 1606 5570 καὶ
1635 5514 1670 5581 ἡ
1703 5509 1787 5570 κθ⁹
1819 5511 1984 5590 ὃιάτ,,

344 5599 428 5659 ὅτι
487 5601 683 5678 μηδεὶς
727 5599 789 5659 ἐκ
844 5602 1066 5680 πρώτης
1126 5601 1381 5660 αίτιάσθω
1422 5599 1682 5683 κληρικδν
1725 5604 1872 5684 παρὰ
1912 5609 1990 5680 τῷ

345 5691 690 5777 πατριάρχῃ,
735 5689 874 5752 ἀλλὰ
911 5692 1056 5774 παρᾶ
1096 5697 1174 5768 τῷ
1230 5691 1516 5773 ἑπισκόπῳ
1571 5694 1732 5753 αὐτοῦ
1768 5711 1782 5728 ο
1847 5695 1892 5752 ει
1935 5693 1989 5752 δὶ

2067 4611 2344 4692 accipiat,
2378 4610 2482 4672 sed
2523 4609 2888 4692 pauperibus
2912 4615 3138 4688 eroget.
3173 4609 3384 4674 Const.
3419 4614 3618 4668 autem
3643 4605 3703 4683 7,

2069 4702 2341 4783 ejusdem
2365 4701 2622 4782 tit.quod
2646 4701 2704 4762 in
2734 4697 3101 4781 pecuniariis
3137 4697 3422 4760 duntaxat
3452 4694 3704 4778 [causis]

2067 4794 2224 4854 inter
2247 4794 2718 4867 consentientes,
2745 4811 2862 4855 non
2885 4798 3084 4855 autem
3111 4788 3289 4851 etiam
3321 4787 3538 4848 invitos
3569 4785 3705 4847 eiii-

2068 4883 2292 4947 caciter
2315 4881 2984 4964 episcopusjudicet.Et
3007 4875 3439 4957 const.8,quod
3463 4875 3704 4956 episco‘

2070 4992 2280 5056 pornm
2303 4971 2602 5053 judicium
2627 4978 2821 5033 ratum
2858 4969 2935 5031 sit
2961 4969 3119 5030 inter
3139 4983 3242 5028 eos
3266 4965 3369 5045 qui
3390 4970 3550 5056 ipsos
3572 4964 3708 5056 ele-

2068 5053 2367 5142 gerint,ac
2391 5059 2592 5122 simile
2617 5059 2690 5120 sit
2716 5057 3140 5139 prafectorum
3163 5053 3547 5130 sententiis,a
3567 5055 3706 5136 qui-

2070 5151 2184 5213 bus
2207 5167 2532 5232 provocare
2552 5167 2670 5210 non
2695 5147 2861 5210 licet.
2891 5144 2960 5206 Et
2991 5149 3191 5206 const.
3233 5145 3328 5232 l3,
3365 5142 3524 5224 quod
3545 5152 3710 5206 actor

2068 5231 2364 5316 volens,ot
2391 5257 2510 5300 non
2542 5237 2720 5299 etiam
2755 5233 3162 5315 invitus,apud
3191 5231 3540 5314 episcopum
3557 5234 3708 5296 Con-

2067 5327 2496 5410 stantinopolis
2520 5326 2623 5389 lite
2648 5325 2843 5407 pulset
2869 5328 3380 5399 aconomum,aut
3401 5322 3553 5385 alios
3577 5323 3709 5404 ejus

2072 5418 2342 5494 clericos,
2378 5417 2506 5480 sive
2535 5415 2828 5480 adversus
2849 5414 3168 5498 ipsos,sive
3199 5413 3491 5477 adversus
3505 5411 3710 5476 Eccle-

2072 5509 2218 5572 siam
2235 5506 2573 5591 [actionem]
2586 5505 2914 5571 habeaLEt
2935 5502 3342 5582 29,constit.N
3349 5521 3484 5568 emo
3501 5503 3712 5586 prima

2074 5599 2201 5664 vice
2221 5597 2377 5682 apud
2406 5595 2954 5682 patriarcham,sed
2977 5594 3329 5679 episcopum
3352 5612 3552 5672 suum,
3579 5595 3709 5658 cle-

2073 5695 2267 5755 ricum
2309 5694 2593 5756 accusato
2620 5687 2710 5769 μὶ
2732 5705 2871 5754 vero
2897 5691 3242 5773 suspectum
3271 5684 3441 5748 illum
3473 5682 3706 5770 habent,
