4148 6198
488 283 600 351 711

1687 277 1953 360 PHOTII
1998 240 2522 378 mmime
2564 283 2680 352 cp.

3714 290 3823 364 712

487 421 642 503 apud
669 417 1193 502 metropolitanum
1208 421 1341 494 .Qui
1361 419 1407 483 si
1435 440 1672 503 quoque
1690 432 2012 504 suspectus
2033 425 2133 500 sit,

2221 423 2352 499 πρὸς
2385 423 2543 480 αὐτὸν
2572 423 2822 488 ὑπᾶπτως
2853 422 3150 502 ἕχει,παρᾶ
3175 429 3250 498 τῷ
3279 425 3666 505 μητροπολίτῃ,
3703 433 3756 488 El
3776 421 3827 489 δὲ

488 522 725 594 Oportet
755 533 890 574 cum
929 513 1028 574 illo
1071 512 1352 592 judicare
1386 511 1519 574 loco
1553 511 1732 574 totius
1763 513 1975 593 synodi
2012 523 2136 575 tres

492 603 821 665 secundum
855 601 1251 664 ordinationis
1283 601 1560 664 ordinem
1611 602 1903 682 primores
1940 624 1950 661 :
1992 611 2052 665 et
2083 603 2135 665 si

483 692 767 771 judicatis
791 711 907 753 non
929 691 1588 773 acquiescatur,[illius]
1619 700 1846 754 tractus
1874 691 2134 774 patriar,-

484 784 659 844 cham
693 782 998 857 advocari,
1027 794 1203 862 atque
1239 791 1517 862 tanquam
1543 783 1673 864 ipse
1697 782 1769 843 ab
1795 781 1966 844 initio
1991 802 2137 845 cau-

485 890 609 933 sam
639 874 1036 952 cognovisset,
1072 871 1512 951 ejusjudicatis
1546 871 1971 952 obtemperari.
2008 870 2137 934 Non

488 961 649 1023 enim
687 961 1164 1040 patriarcharum
1189 961 1510 1024 sententiae
1535 962 2019 1042 provocationem
2045 980 2138 1024 re-

488 1051 740 1128 cipiunt.
774 1049 940 1113 Idem
975 1051 1156 1112 etiam
1189 1051 1264 1112 de
1312 1050 1387 1114 iis
1440 1051 1541 1131 qui
1595 1053 1915 1133 episcopos
1945 1051 2008 1113 in
2035 1053 2137 1132 jus

487 1148 701 1206 vocant
724 1140 1074 1220 [dicendum
1111 1141 1260 1222 est].

568 1232 740 1294 Licet
767 1240 970 1293 autem
998 1251 1030 1293 a
1063 1231 1407 1312 patriarcha
1430 1238 1660 1312 petere,
1689 1239 1754 1292 ut
1778 1249 1885 1311 per
1910 1229 2138 1294 litteras

490 1342 626 1385 suas
649 1321 1121 1384 controversiam
1151 1322 1451 1400 episcOpis
1476 1319 1859 1396 transmittat,
1883 1331 1942 1383 et
1975 1320 2135 1402 [ille]

491 1433 598 1496 pro
623 1411 913 1493 sportulis
938 1430 1056 1472 non
1084 1411 1218 1490 plus
1240 1429 1416 1491 quam
1437 1421 1695 1492 quatuor
1719 1410 1988 1490 siliquas:
2018 1411 2133 1474 cle-

490 1504 650 1565 ricus
669 1503 847 1580 [vero]
865 1501 1017 1578 quia
1031 1499 1366 1580 patriarcha
1380 1501 1562 1561 autad
1582 1502 2132 1580 metropolitanum,

489 1602 589 1656 aut
620 1591 721 1653 ubi
752 1591 1074 1670 episcopus
1105 1590 1415 1668 delegatus
1451 1589 1653 1662 fuerit,
1697 1589 1978 1670 mittitur,
2015 1609 2135 1652 non

490 1685 623 1763 plus
655 1699 829 1762 quam
854 1698 960 1742 sex
985 1678 1211 1742 solidos
1232 1679 1470 1760 accipit:
1503 1676 1730 1761 [idque]
1749 1679 1810 1764 in
1838 1681 2136 1760 cujusmo-

2217 515 2471 572 κάκεῖνος
2547 512 2785 578 ὕποπτός
2866 513 3001 586 ἐστι,
3063 511 3148 570 δεῖ
3204 513 3529 587 συνδικάζειν
3593 521 3724 593 αὒτῷ
3776 521 3829 578 ἐκ

2219 602 2510 674 προσώπου
2566 608 2667 669 τῆς
2722 600 2857 669 ὅλης
2917 600 3135 659 συνόδου
3192 617 3337 680 τρεῖς
3396 605 3519 668 τοὺς
3571 609 3699 664 κατᾶ
3741 611 3828 678 τὴν

2219 693 2367 757 τσίξιν
2421 691 2518 759 τῆς
2577 693 2916 772 χειροτονίας
2949 693 3323 768 πρωτεύοντας
3360 713 3375 730 ⁶
3407 698 3491 751 καὶ
3524 697 3566 751 εἰ
3596 697 3668 769 μὴ
3699 720 3833 778 στερ-

2221 783 2331 861 χθῇ
2375 783 2443 837 τὰ
2483 782 2800 860 κεκριμένα,
2845 784 2939 838 τὸν
2991 787 3090 849 τῆς
3141 781 3458 853 διοικήσεως
3512 788 3832 868 πατριάρχην

2221 870 2625 945 ἐπικαλεῖσθαι,
2662 873 2751 927 καὶ
2783 885 2899 935 τοῖς
2945 871 3069 946 παρ’
3113 871 3273 929 αὒτοῦ
3315 873 3644 950 κεκριμένοις
3673 875 3832 951 ἐμμέ-

2221 981 2354 1037 νειν,
2414 962 2487 1022 ὡς
2538 958 2601 1014 ἂν
2654 962 2697 1015 εἰ
2743 961 2794 1025 ἐξ
2840 959 3018 1039 ἀρχῆς
3052 962 3206 1025 αὐτὸς
3256 959 3495 1017 ἐδίκασεν
3529 978 3543 992 ⁹

2219 1047 2571 1106 ὲκκαλοῦνται
2615 1051 2667 1105 αἱ
2698 1054 2805 1104 τῶν
2834 1057 3189 1128 πατριαρχῶν
3223 1055 3394 1130 ψῆφοι
3431 1071 3446 1086 ’

2220 1142 2339 1215 περί
2370 1145 2476 1194 τῶν
2507 1152 2623 1201 τοῖς
2656 1138 2974 1201 ἐπισκόποις
3009 1137 3333 1215 ἐναγόντων.

2297 1227 2515 1294 ’Ἔξεστι
2546 1226 2600 1284 δὲ
2636 1229 2774 1306 παρὰ
2835 1234 2910 1300 τῷ
2972 1229 3291 1308 πατριάρχτ,
3325 1231 3616 1305 αἰτιᾶσθαι,
3669 1230 3750 1312 ἐφ’
3800 1237 3840 1308 ᾧ

2221 1315 2306 1376 διὰ
2363 1317 2697 1396 γραμμάτων
2755 1320 2912 1376 αὐτοῦ
2972 1318 3065 1385 τὴν
3122 1319 3374 1374 ὑπόθεσιν
3434 1320 3710 1394 ἑπισκόπῳ
3737 1344 3840 1378 πα-

2221 1411 2598 1486 ραπεμφθῆναι
2635 1428 2648 1442 ι
2685 1407 2772 1462 καὶ
2806 1410 2866 1465 οὔ
2896 1405 3061 1463 πλέον
3092 1407 3368 1486 τεσσάρων
3419 1410 3676 1487 κερατίων
3724 1411 3843 1490 ὑπὲρ

2218 1495 2565 1574 σπορτούλων
2621 1494 2888 1571 λαμϐάνει
2939 1498 2962 1552 5
3020 1497 3166 1574 παρὰ
3212 1499 3551 1577 πατριάρχου
3583 1498 3616 1566 ἢ
3647 1521 3840 1575 μητρο-

2218 1585 2442 1643 ποὶίτου
2500 1586 2846 1661 πεμπόμενος
2889 1587 3150 1663 κληρικός
3188 1603 3201 1617 ⁸
3262 1586 3296 1653 ἢ
3359 1585 3482 1643 ἔνθα
3512 1589 3540 1643 6
3567 1587 3841 1655 ἐπίσκοπος

2219 1679 2246 1732 6
2293 1677 2558 1751 πεμφθείς
2616 1675 2733 1750 εἴη,
2788 1677 2847 1732 οὗ
2896 1674 3058 1732 πλέον
3089 1680 3196 1730 τῶν
3228 1675 3280 1740 ’ἐξ
3311 1675 3419 1736 λιτ.
3455 1675 3539 1754 ἐφ’
3569 1676 3842 1750 οίᾳδήποτε

3598 961 3709 1019 οὒδὲ
3745 968 3836 1044 γὰρ

3495 1053 3554 1108 τὸ
3598 1052 3720 1109 αὔτὸ
3760 1064 3838 1110 καί

491 1771 792 1850 dicuuque
810 1787 987 1831 causa
1005 1778 1062 1831 et
1080 1767 1926 1850 [summae]quantitate.Audit
1955 1770 2132 1831 etiam

2218 1768 2358 1838 αἰτίᾳ
2401 1766 2436 1834 ἢ
2475 1765 2763 1832 ποσότητι.
2826 1765 2885 1823 Ὀ
2942 1764 2998 1820 δὲ
3042 1768 3389 1845 πατριάρχης
3449 1766 3705 1843 ἀκροᾶται
3752 1772 3842 1836 τῆς

491 1861 826 1942 patriarcha
846 1861 1300 1939 provocationes
1324 1858 1449 1938 [ab]
1469 1857 1768 1938 episcopis
1791 1867 1896 1922 aut
1918 1868 2134 1922 metro-

491 1947 978 2032 politanis,quiex
995 1949 1180 2029 ipsius
1205 1948 1481 2010 mandato
1500 1947 2128 2028 judicarunt.[factas].

491 2040 600 2112 Qui
626 2058 767 2102 vero
792 2047 1002 2101 contra
1025 2040 1148 2100 haec
1169 2038 1570 2117 fecerit,quod
1586 2037 1842 2116 amplius
1858 2047 2131 2101 exactum

489 2128 784 2212 est,[ejus]
809 2130 1055 2212 duplum
1082 2127 1343 2209 dat,24l
1379 2128 1625 2208 haecque
1651 2126 1779 2207 [illi]
1805 2146 1838 2190 a
1872 2128 2131 2207 patriar-

487 2224 598 2280 cha
621 2232 717 2280 aut
741 2221 1197 2292 metropolitano
1223 2221 1607 2278 ecclesiastica
1633 2234 1802 2289 paana
1826 2218 2130 2290 inﬂigitur,

488 2317 551 2370 ut
579 2317 742 2370 extra
762 2307 1208 2369 ecclesiasticos
1235 2307 1534 2386 catalogos
1564 2305 1860 2385 ejiciatur.
1893 2305 2132 2386 [Atque]

487 2399 623 2461 haec
644 2397 909 2478 quidem,
941 2396 1180 2477 quando
1205 2395 1615 2458 controversia
1650 2395 2130 2457 ecclesiasticum

489 2497 706 2552 statum
731 2488 1068 2553 concernit.
1099 2488 1172 2551 At
1194 2488 1245 2550 si
1283 2487 1472 2550 civilis
1496 2488 1727 2564 sit,non
1762 2490 1993 2566 cogitur
2025 2506 2132 2550 ac-

489 2591 578 2641 tor
599 2593 695 2639 aut
715 2590 1018 2638 accusator
1046 2585 1160 2637 hac
1184 2581 1516 2638 custodire:
1542 2581 1643 2639 sed
1677 2581 1826 2651 apud
1855 2581 2134 2652 praesides

492 2662 1102 2743 movenda)[actionis]
1131 2661 1465 2724 facultatem
1492 2660 1695 2724 habet.
1718 2661 2133 2724 Const.autem

487 2755 550 2828 4,
585 2751 854 2832 ejusdem
879 2755 967 2812 tit.
1001 2749 1385 2813 Novellarum
1418 2751 1499 2810 ait
1537 2770 1550 2810 :
1586 2749 1650 2812 Si
1678 2750 1814 2826 quis
1843 2749 2135 2812 adversus

489 2842 771 2903 clericum
795 2841 1092 2903 actionem
1110 2840 1516 2919 pecuniariam
1543 2839 2132 2920 habeat.episcopum

487 2930 598 2993 Sub
630 2950 745 3012 quo
779 2931 880 2993 ille
911 2929 1691 3010 censetur,interpellato.ls
1725 2949 1844 2991 non
1877 2930 2134 2991 interve-

489 3022 692 3083 niente
723 3021 1022 3100 scriptura
1040 3020 1186 3082 citra
1215 3019 1419 3100 [ullos]
1448 3029 1720 3100 sumptus
1743 3019 2039 3099 judicato.
2068 3019 2135 3080 Et

2216 1855 2508 1922 ἐκκλησίας
2567 1856 2768 1911 τούτων
2825 1854 2876 1920 ἐξ
2958 1854 3250 1933 ἐπιτροπῆς
3312 1860 3472 1914 αὐτοῦ
3528 1854 3844 1914 δικασάντων

2214 1945 2527 2003 ἒπισκόπων
2585 1944 2619 2012 ἢ
2653 1943 3064 2024 μητροπολιτῶν
3101 1961 3113 1975 ⁸
3180 1944 3207 2000 6
3262 1946 3405 2024 παρὰ
3469 1953 3633 2003 ταῦτα
3663 1953 3842 2021 ποιῶν,

2217 2033 2432 2091 διπλοῦν
2507 2032 2688 2090 δίδωσι
2737 2036 2798 2090 τὸ
2849 2034 3247 2113 ὑπερπραχθὲν,
3307 2037 3394 2090 καὶ
3455 2037 3658 2113 γίνεται
3713 2036 3843 2114 παρὰ

2216 2133 2308 2182 τοῦ
2364 2125 2703 2203 πατριάρχου
2745 2125 2782 2193 ἢ
2827 2131 2919 2180 τοῦ
2956 2123 3354 2200 μητροπολίτου
3400 2125 3507 2181 ὑπὸ
3558 2125 3842 2193 ἐκκλησια-

2218 2215 2402 2272 στικὸν
2459 2214 2751 2289 ὲπιτίμιον,
2812 2211 3206 2288 ἐκϐαλλόμενος
3251 2220 3358 2269 τῶν
3392 2213 3840 2282 ἐκκλησιαστικῶν

2216 2302 2531 2380 καταλόγων
2566 2322 2578 2336 ·
2643 2305 2809 2358 ταῦτα
2867 2302 2964 2378 μὲν
3023 2301 3144 2359 ἔνθα
3199 2305 3330 2382 πρὸς
3395 2303 3842 2370 ἐκκλησιαστικήν

2216 2392 2312 2469 6ρᾷ
2355 2394 2416 2449 τὸ
2473 2397 2692 2469 πρᾶγμα
2752 2391 3079 2448 κατάστασιν
3113 2411 3127 2426 ⁸
3176 2394 3221 2448 εἷ
3264 2391 3318 2448 δὲ
3368 2391 3625 2459 πολιτικὴ
3671 2391 3758 2460 εἴη
3810 2392 3842 2459 ἧ

2218 2478 2647 2559 ἀμφισϐήτησις,
2702 2481 2800 2537 οὒκ
2855 2481 3215 2560 ἀναγκάζεται
3261 2485 3288 2538 6
3346 2481 3556 2562 ἓνάγων
3590 2483 3622 2551 ἢ
3652 2485 3678 2539 6
3718 2504 3843 2539 mtto

2217 2571 2433 2647 ηγορῶν
2490 2580 2656 2629 ταῦτα
2727 2570 3038 2650 φυλάττειν,
3099 2569 3224 2627 ἀλλ’
3285 2569 3469 2629 ἄδειαν
3525 2572 3646 2652 ἔχει
3715 2572 3845 2649 παρᾶ

2216 2673 2335 2720 τοῖς
2368 2656 2597 2738 ἅργουσι
2641 2673 2812 2716 κινεῖν
2849 2680 2860 2694 ·
2898 2662 2930 2728 ἡ
2961 2657 3015 2715 δὲ
3044 2657 3182 2719 διάτ.
3217 2657 3263 2716 δ’
3307 2668 3397 2717 τοῦ
3430 2661 3592 2718 αὐτοῦ
3619 2661 3718 2722 τίτ.
3748 2665 3845 2716 τῶν

2220 2754 2435 2827 Νεαρῶν
2493 2772 2682 2829 φησιν,
2729 2748 2809 2805 ὅτι
2853 2750 2942 2805 ἓάν
2986 2771 3066 2814 τις
3125 2749 3233 2829 ἔχῃ
3291 2749 3448 2818 δίκην
3509 2749 3843 2831 χρηματικην

2218 2847 2349 2918 πρὸς
2409 2837 2692 2915 κληρικὸν,
2753 2839 3131 2920 ἐντυγχανὲτω
3186 2840 3608 2915 τῷ,ἐπισκόπῳ
3662 2839 3748 2920 ὑφ’
3789 2839 3840 2894 ὃν

2218 2933 2369 2984 τελεῖ
2411 2930 2438 2984 ὁ
2482 2929 2831 3007 ἐναγόμενος,
2881 2931 2969 2986 καὶ
2997 2930 3248 3009 ἀγράφως
3307 2930 3538 3008 κρινέτω
3567 2930 3793 3006 ἀζημίως
3824 2943 3838 2960 ⁸

2217 3021 2302 3075 καὶ
2348 3019 2393 3074 εί
2436 3017 2713 3092 βούλονται
2768 3021 2835 3075 τὰ
2890 3019 3052 3098 μέρη,
3106 3021 3307 3096 γίνεται
3354 3019 3538 3098 ψῆφος
3571 3019 3838 3098 ἔγγραφος.

495 3110 546 3172 si
582 3119 781 3188 partes
811 3110 1020 3191 velint,
1053 3109 1351 3171 sententia
1383 3110 1442 3170 in
1478 3110 1707 3172 litteras
1735 3109 2133 3173 refertur.Ve-

2223 3109 2277 3165 Ei
2309 3105 2362 3162 δὲ
2408 3109 2542 3164 κατά
2573 3129 2692 3164 τινα
2741 3109 3004 3187 πρόφασιν
3036 3112 3096 3166 όῦ
3129 3107 3342 3165 δύναται
3372 3123 3565 3185 τεμεῖν
3594 3112 3691 3178 τὴν
3716 3111 3840 3164 ὑπό-

489 3218 623 3260 rum
657 3200 706 3261 si
730 3207 974 3280 propter
997 3199 1257 3281 aliquam
1282 3217 1521 3262 causam
1548 3199 1871 3279 episcopus
1893 3208 2129 3262 contro-

488 3287 742 3350 versiam
776 3288 1062 3350 decidere
1087 3308 1204 3350 non
1230 3288 1589 3370 possit,tunc
1615 3288 1872 3349 servatis
1897 3288 2135 3350 clericis

493 3378 667 3458 [suis]
695 3377 1022 3457 privilegiis
1042 3379 1198 3458 apud
1235 3377 1487 3455 [civiles]
1528 3377 1908 3456 magistratus
1935 3378 2006 3440 lis
2032 3378 2133 3440 in-

488 3469 781 3530 stituitur.
816 3467 888 3528 At
940 3466 992 3528 si
1037 3469 1113 3530 de
1163 3465 1524 3529 criminibus
1556 3475 1886 3548 quaeratur,
1926 3476 1983 3528 et
2015 3468 2135 3530 illis

488 3557 734 3636 quidem
757 3557 1062 3632 civilibus,
1091 3557 1356 3638 [civiles]
1385 3556 1766 3636 magistratus
1791 3567 1849 3618 et
1873 3556 2134 3638 Byzantii

491 3656 548 3709 et
573 3648 628 3709 in
655 3645 1274 3727 provinciisjudicant
1302 3669 1315 3710 :
1348 3647 1442 3727 [ut
1471 3646 1694 3727 tamen]
1720 3646 1795 3707 lis
1831 3655 1960 3726 post
1985 3666 2132 3709 con-

491 3737 864 3798 testationem
899 3737 1052 3799 duos
1080 3756 1320 3798 menses
1369 3756 1487 3798 non
1543 3736 1946 3798 transcendat.
1983 3737 2055 3799 Et
2084 3735 2136 3797 si

489 3827 748 3888 clericus
781 3845 956 3907 pinna
988 3827 1204 3906 dignus
1233 3827 1426 3908 [esse]
1480 3825 1775 3902 videatur,
1826 3825 1992 3906 prius
2028 3843 2136 3907 per

491 3918 839 3998 episcopum
856 3936 1026 3980 sacra
1049 3919 1333 3995 dignitate
1357 3917 1716 3996 nudatur,ac
1736 3915 1955 3976 deinde
1983 3916 2136 3994 legis

490 4005 764 4069 manibus
795 4005 1134 4087 subjicitur.
1173 4006 1329 4068 Sane
1362 4009 1410 4066 si
1443 4006 1725 4066 delictum
1761 4005 2134 4067 ecclesiasti-

490 4116 623 4159 cum
655 4096 1090 4168 sit,secundum
1119 4114 1404 4170 canones,
1440 4113 1591 4176 quos
1625 4094 1787 4173 leges
1823 4094 1998 4155 etiam
2032 4113 2131 4156 se-

491 4185 1530 4268 quuntur,episcopusjudicato,nec
1546 4183 1871 4262 cognitioni
1888 4183 2135 4267 [civiles]

495 4278 872 4355 magistratus
898 4275 1012 4354 [se]
1035 4271 1518 4335 immiscento.Et
1543 4274 2132 4353 const.15,ejusdem

495 4367 584 4428 tit.
613 4363 721 4437 Qui
749 4364 999 4442 (inquit)
1025 4362 1317 4424 adversus
1343 4363 1696 4426 monachum
1721 4363 2005 4444 aliquem,
2035 4374 2136 4426 aut

2216 3201 2360 3254 Θεσιν
2415 3199 2442 3252 6
2499 3196 2819 3271 ἐπίσκοπος,
2869 3198 2989 3254 τότε
3053 3199 3190 3277 παρᾶ
3221 3212 3340 3263 τοῖς
3371 3197 3636 3280 ἄρχουσιν
3665 3201 3698 3268 ἡ
3735 3196 3843 3264 δίκη

2217 3285 2455 3364 λέγεται,
2515 3285 2931 3366 φυλαττομένων
2989 3301 3110 3354 τοῖς
3174 3287 3458 3365 κληρικοῖς
3511 3297 3616 3346 τῶν
3661 3309 3841 3368 προνομ-

2217 3378 2378 3452 μίων.
2415 3377 2472 3432 Ei
2502 3374 2557 3432 δὲ
2609 3377 2727 3453 περὶ
2761 3376 3117 3455 ἐγκλημάτων
3168 3385 3439 3452 ζητεῖται,
3478 3380 3649 3453 εἰμὲν
3692 3378 3840 3434 πολι-

2217 3469 2403 3540 τικῶν,
2451 3467 2497 3522 οἱ
2541 3465 2802 3546 ἅρχοναες
2865 3464 3164 3538 δικάζουσιν
3214 3467 3267 3522 ἐν
3328 3472 3404 3542 τῷ
3455 3468 3716 3541 Βυζαντίῳ
3765 3466 3843 3523 καί

2215 3568 2338 3620 ταῖς
2399 3555 2710 3636 ἐπαρχίαις,
2769 3557 2867 3622 τῆς
2927 3554 3078 3623 δίκης
3155 3558 3294 3632 μετὰ
3355 3556 3716 3638 προκάταρξιν
3771 3554 3840 3630 μὴ

2216 3642 2636 3724 ὑπερϐαινοόσης
2717 3643 2802 3701 δύο
2881 3645 3100 3720 μῆνας·
3177 3648 3267 3703 καὶ
3323 3647 3416 3703 ἐὰν
3474 3647 3615 3727 φανῇ
3671 3646 3841 3710 ποινῆς

2219 3733 2368 3800 ἄξιος
2413 3737 2440 3790 6
2485 3732 2768 3812 κληρικὸς,
2828 3734 3085 3814 πρότερον
3143 3736 3464 3813 γυμνούσθω
3495 3735 3582 3793 διὰ
3610 3741 3700 3794 τοὺ
3727 3733 3840 3790 ἐπι-

2218 3825 2420 3882 σκόπου
2474 3829 2572 3892 τῆς
2633 3826 2904 3902 ἱερατικῆς
2963 3823 3135 3905 ἀξίας,
3199 3828 3284 3882 καὶ
3342 3826 3512 3888 οὕτως
3599 3827 3697 3882 ὑπὸ
3756 3823 3841 3884 τὰς

2217 3928 2413 3996 χεῖρας
2457 3913 2684 3993 γινέσθω
2726 3920 2818 3969 τοῦ
2875 3914 3038 3983 νόμου
3073 3930 3087 3944 ⁸
3137 3916 3181 3970 εί
3211 3913 3266 3970 δὲ
3320 3917 3380 3971 τὸ
3412 3915 3708 3994 ἁμάρτημα
3759 3911 3841 3967 ἔκ-

2217 4002 2598 4070 κλησιαστικόν
2641 4001 2807 4079 ἑστιν,
2867 4004 2894 4059 6
2953 4003 3243 4068 ἐπίσκοπος
3291 4004 3519 4082 κρινέτω
3568 4005 3703 4061 κατὰ
3729 4005 3838 4062 τοὺς

2219 4094 2470 4168 κανόνας,
2525 4093 2730 4150 οἷστισι
2786 4093 2870 4149 καὶ
2922 4094 2969 4150 οἱ
3014 4093 3168 4169 νόμοι
3200 4093 3445 4157 ἕπονται,
3484 4097 3587 4152 Καὶ
3623 4093 3698 4170 μὴ
3727 4092 3834 4148 ἑπι-

2219 4184 2643 4242 κοινωνείτωσαν
2675 4184 2726 4238 αἱ
2748 4181 3005 4262 ἄρχοντες
3031 4188 3098 4260 νῇ
3128 4184 3351 4255 ζητήσει
3387 4203 3400 4218 ·
3438 4185 3529 4240 καὶ
3558 4184 3592 4251 ἦ
3620 4183 3680 4240 ιε’
3711 4182 3836 4240 διάτ.

2218 4281 2312 4330 τοῦ
2355 4274 2513 4328 αὐτοῦ
2570 4271 2676 4332 τίτ.
2732 4274 2913 4346 φησὶν,
2975 4271 3055 4327 ὅτι
3105 4274 3132 4328 6
3195 4272 3342 4352 ἔχων
3387 4273 3520 4352 πρός
3578 4295 3692 4330 τινα
3745 4271 3839 4327 τῶν

2218 4365 2494 4441 ἀσκητῶν,
2549 4360 2584 4429 ἢ
2635 4360 2905 4440 παρθένων
2961 4361 3284 4437 ἱερωμένων,
3326 4362 3656 4441 ἥγυναικῶν
3685 4360 3839 4420 ονῦσῶν

495 4462 900 4518 consecratam
931 4452 1250 4532 virginem,
1282 4462 1382 4514 aut
1414 4453 1728 4514 mulierem
1769 4455 2130 4517 monasterio

2217 4454 2269 4510 ἐν
2300 4450 2706 4530 μοναστηρίοις,
2739 4455 2815 4523 τῷ
2874 4452 3158 4524 ἓπισκόπῳ
3213 4451 3386 4508 αὐτῶν
3417 4454 3674 4531 προσίτω.
3709 4451 3762 4510 Ὀ
3790 4449 3839 4506 δὲ

497 4545 919 4623 mancipatam,
951 4541 1308 4624 [actionem]
1340 4543 1516 4604 habet
1543 4563 1555 4600 :
1597 4540 1866 4623 ipsorum
1892 4541 2130 4623 episco-

495 4653 634 4718 pum
656 4631 1012 4695 accedito.[s
1035 4650 1174 4693 vero
1197 4633 1365 4695 illum
1391 4632 1669 4694 autillam
1688 4650 1797 4713 per
1820 4634 2126 4714 praesules,

491 4723 931 4805 apocrisiarios,
967 4721 1191 4784 aliosve
1245 4722 1583 4803 [homines]
1618 4721 1840 4802 probos
1873 4723 2129 4785 honeste

494 4813 833 4899 perducito,
861 4812 1162 4893 [causam]
1191 4832 1310 4893 que
1334 4811 1859 4884 considerato.Qui
1894 4813 2131 4896 [civilis]

495 4906 873 4984 magistratus
895 4902 1065 4982 [huic
1086 4904 1206 4983 rei]
1223 4921 1287 4964 se
1307 4902 1648 4964 immiscere
1668 4901 2133 4982 tentaverit,non

493 4995 847 5072 admittitur,
881 5003 937 5054 et
971 5010 1089 5054 una
1121 5011 1255 5052 cum
1290 4992 1537 5054 cohorte
1572 5009 1680 5052 sua
1726 4991 1936 5052 decem
1964 4991 2138 5054 libris

495 5084 691 5166 [auri]
742 5082 886 5142 ﬁsco
938 5080 1321 5162 [inferendis]
1376 5082 1685 5144 multatur.
1739 5081 2140 5144 Exsecutores

491 5191 636 5237 vero
665 5174 727 5231 in
757 5171 1059 5233 cancellos
1093 5171 1506 5245 includuntur,
1525 5180 1584 5231 et
1609 5187 1717 5251 pro
1751 5169 1966 5232 merito
1998 5172 2137 5232 242

495 5263 879 5341 castigantur,
916 5268 1091 5338 atque
1153 5277 1260 5340 per
1308 5265 1622 5341 episcopos
1655 5259 1729 5322 de
1760 5259 1994 5341 reliquo
2027 5280 2134 5324 ex-

493 5361 835 5416 secuturum
873 5349 1063 5409 ofﬁcio
1095 5349 1261 5428 fungi
1294 5351 1712 5430 prohibentur.

575 5440 739 5504 Scias
771 5438 1096 5518 vero,quod
1131 5449 1323 5499 const.
1382 5445 1439 5512 2,
1477 5440 1749 5520 ejusdem
1783 5440 1877 5503 tit.
1915 5443 1972 5516 1,
2005 5460 2136 5522 quat

493 5532 711 5595 harum
737 5528 1003 5590 omnium
1029 5527 1400 5589 validissima
1423 5539 1756 5610 est,utpote
1778 5549 1907 5611 quae
1930 5541 2134 5612 poste-

494 5622 624 5688 rius
646 5628 782 5684 nata
799 5619 899 5698 sit,
935 5617 1096 5681 dicat
1127 5635 1142 5683 :
1188 5615 1249 5682 Si
1289 5617 1424 5702 quis
1450 5617 1797 5702 episcopum
1824 5628 1924 5684 aut
1953 5619 2137 5685 cleri-

2218 4543 2354 4620 μετὰ
2407 4539 2738 4616 σεμνότητος
2790 4542 2946 4599 αὐτὸν
2998 4541 3034 4606 ἦ
3090 4540 3256 4607 αὒτὴν
3314 4541 3567 4621 ἆγαγέτω
3609 4541 3690 4598 διὰ
3742 4545 3836 4596 τῶν

2216 4629 2555 4711 ἡγουμένων,
2615 4627 2650 4696 ἥ
2699 4634 2806 4686 τῶν
2859 4630 3299 4713 ἀποκρισιαρίων,
3341 4630 3376 4699 ἦ
3426 4633 3620 4712 ἑτέρων
3673 4631 3836 4689 ἐπιει-

2217 4728 2350 4796 κῶς,
2383 4722 2470 4780 καὶ
2502 4721 2772 4777 σκοπείτω
2806 4735 2821 4751 '
2855 4719 3041 4801 ἅρχων
3079 4718 3134 4776 δὲ
3175 4723 3510 4798 πειρώμενος
3571 4717 3837 4801 παρεμϐα-

2217 4811 2336 4869 λεῖν
2395 4810 2606 4889 ἑαυτὸν,
2665 4805 2970 4888 διαδέχεται
3030 4811 3116 4866 καὶ
3171 4813 3458 4884 ζημιοῦται
3509 4817 3586 4885 τῷ
3616 4805 3836 4889 φίσκῳι’

2217 4901 2420 4978 λίτρας,
2453 4898 2568 4974 ἅμα
2597 4905 2666 4975 τῇ
2687 4897 2846 4954 αὐτοῦ
2875 4898 3041 4964 τάξει·
3076 4901 3123 4954 οἱ
3150 4896 3204 4954 δὲ
3235 4897 3544 4958 ἐκϐιϐασθιὶ
3575 4900 3835 4979 ἑγκλείον·

2222 5014 2308 5049 ται
2358 4990 2430 5054 είς
2490 4991 2550 5046 τὸ
2600 4988 2919 5066 κάγκελλον,
2980 4990 3070 5045 καὶ
3141 4991 3524 5067 προσηκόντως
3586 4987 3836 5070 σωφρονί-

2221 5087 2423 5154 ζονται,
2458 5079 2554 5136 καί
2587 5076 2670 5134 διὰ
2701 5084 2808 5134 τῶν
2858 5079 3164 5137 ἐπισκόπων
3213 5079 3510 5140 κωλύονται
3542 5088 3634 5140 τοῦ
3663 5077 3837 5137 λοιποῦ

2222 5165 2514 5240 ἐκϐιϐάζειν
2526 5213 2537 5228 .

2299 5443 2531 5499 Γίνωσιιε
2585 5441 2664 5518 δὲ,
2699 5441 2778 5499 ὅτι
2823 5445 2858 5512 ἡ
2907 5439 2960 5520 β’
2992 5441 3132 5504 διάτ.
3180 5453 3272 5503 τοῦ
3304 5448 3462 5504 αὒτοῦ
3492 5439 3542 5502 α’
3585 5445 3686 5506 τίτ,
3717 5434 3830 5498 tati-

2219 5554 2326 5588 των
2355 5535 2539 5589 πασῶν
2569 5532 2886 5614 ἷσχυροτὲρα
2939 5536 3092 5610 οὖσα,
3143 5535 3215 5597 ὡς
3259 5537 3346 5592 καὶ
3406 5535 3833 5614 μεταγενεστέρα,

2220 5624 2403 5705 φησίν,
2439 5621 2520 5683 ὅτι
2551 5620 2678 5683 Ἐάν
2707 5644 2789 5691 τις
2819 5625 2911 5680 τοῦ
2935 5621 3229 5702 μέλλοντος
3265 5628 3691 5708 χειροτονεῖσθαι
3721 5621 3834 5682 ἔπι-
