4148 6198
571 377 692 450 715
1012 416 1015 421 -
1763 368 2033 448 PHOTII
2072 371 2595 452 PATRIARCHJE
2636 374 2752 445 ορ.
3778 385 3880 462 ’716

567 519 833 582 cundum
849 532 1111 578 canones
1128 508 1768 598 dijudicato.Episcopi
1788 516 2061 595 ejusdem
2075 537 2206 598 syn-
2226 526 2268 575 Α

572 610 671 671 odi
699 609 859 668 inter
878 622 941 666 se
965 602 1317 686 [actionem]
1345 604 1822 685 habentes,apud
1858 607 2210 687 metropoli-

569 707 769 759 tanum
795 712 969 757 suum
995 701 1056 755 et
1085 694 1234 755 alios
1255 693 1529 772 ejusdem
1554 694 1766 775 synodi
1793 696 2109 775 episcopos
2135 696 2211 758 li~

567 787 791 865 tiganto
818 802 831 848 :
870 793 928 846 et
959 781 1075 843 nisi
1109 790 1362 864 utraque
1396 801 1534 864 pars
1566 784 1907 865 [judicatis]
1939 785 2079 845 244
2111 785 2208 846 in-

566 875 1033 956 sistat,ipsorum
1063 871 1402 951 patriarcha
1424 873 1717 953 [causam]
1742 875 2109 953 cognoscite:
2136 893 2206 936 ac

566 966 715 1029 nulli
735 961 1192 1028 contradicendi
1214 962 1330 1022 illis
1354 982 1484 1043 quae
1502 962 1578 1024 ab
1604 963 1703 1024 illo
1728 971 2207 1044 statuuntur,po-

563 1063 745 1119 testas
766 1064 916 1118 esto.
950 1052 1011 1116 Si
1036 1051 1300 1115 clericus
1322 1052 1608 1113 adversus
1647 1053 1995 1133 episc0pum
2029 1072 2203 1115 suum

562 1146 865 1210 actionem
887 1159 1127 1205 movere
1148 1141 1481 1214 velit,idem
1505 1141 1810 1205 esto.Cum
1836 1151 2035 1205 autem
2064 1162 2202 1204 con-

560 1245 653 1299 tra
697 1233 1223 1313 metropolitanum
1255 1231 1662 1312 interpellatio
1696 1232 2056 1312 instituitur,
2091 1251 2199 1311 pa-

560 1326 822 1390 triarcha
844 1323 1032 1404 ipsius
1060 1321 1339 1384 similiter
1369 1323 1739 1399 cognoscito.
1763 1320 2090 1402 Episcopus
2121 1322 2199 1383 li-

566 1418 759 1497 tigans
794 1432 994 1494 neque
1020 1411 1446 1491 tidejussiones
1477 1412 1848 1489 dato,neque
1867 1412 2199 1473 confessio-

562 1527 702 1571 nem
731 1501 1277 1577 facito.(Economi,
1315 1501 2109 1581 ptochotrophi,nosocomi,
2144 1510 2199 1563 et

556 1598 787 1662 similes
812 1614 922 1656 suo
955 1593 1244 1673 episcopo
1275 1590 1569 1653 subsunto
1594 1614 1606 1649 :
1634 1600 1693 1653 et
1717 1591 1876 1672 quod
1902 1591 2064 1671 ipsos
2087 1592 2199 1653 de-

559 1690 704 1751 bere
730 1683 1013 1767 patuerit,
1039 1682 1359 1761 exiguntor
1386 1704 1399 1745 :
1428 1700 1624 1763 neque
1653 1691 1794 1743 ante
1823 1681 2196 1743 exactionem

555 1778 629 1840 ad
650 1772 1128 1855 aliudjudicium
1169 1771 1491 1834 recedendi
1526 1779 1885 1852 potestatem
1911 1770 2192 1833 habento.

2370 518 2689 577 Ἐπίσκοποι
2718 525 2818 587 τῆς
2853 520 3013 588 αὒτῆς
3046 518 3266 577 συνόδου
3300 522 3434 596 πρὸς
3464 521 3705 594 ἀλλήλους
3735 529 3876 610 ἕχον-

2294 630 2406 683 τες,
2455 611 2596 687 παρὰ
2624 616 2701 685 τῷ
2744 610 3117 688 μητροπολίτῃ
3174 613 3371 683 αὒτῶν,
3420 616 3504 669 καὶ
3558 614 3735 692 ἑτέροις
3774 620 3881 676 ἐπι-

2294 699 2519 763 σκόποις
2564 699 2662 767 τῆς
2727 701 2892 768 αὐτῆς
2953 698 3175 757 συνόδου
3220 700 3524 772 δικάζονται
3557 723 3570 737 ·
3613 708 3693 761 καὶ
3730 709 3768 763 εἰ
3816 711 3883 783 μὴ

2292 787 2453 866 μέρος
2508 789 2759 867 ἑκάτερον
2821 789 3069 865 ἐμμένοι,
3130 792 3158 846 6
3203 789 3545 871 πατριάρχης
3574 795 3729 851 αὒτῶν
3768 819 3881 853 σκο-

2293 890 2412 953 πεῖ,
2456 876 2666 943 οὖδενὸς
2708 890 2827 941 τοῖς
2864 876 2990 957 παρ’
3038 880 3199 936 αὒτοῦ
3238 882 3587 953 τυπουμένοις
3629 881 3884 959 δυναμένου

2290 966 2587 1045 ἀντιλέγειν
2619 983 2632 997 ⁸
2669 970 2731 1025 τὸ
2762 970 2892 1025 αὒτὸ
2921 968 3034 1025 ἐστι
3077 968 3176 1024 κᾶν
3227 968 3487 1043 κληρικὸς
3516 974 3645 1028 κατᾶ
3673 984 3756 1033 τοῦ
3782 978 3887 1032 ἔπι-

2289 1057 2496 1114 σιόπου
2528 1056 2689 1114 αὐτοῦ
2735 1057 3020 1135 προσέλθοι
3054 1073 3069 1087 ·
3120 1057 3523 1137 προσελεύσεως
3556 1059 3606 1117 δὲ
3638 1064 3763 1118 κατὰ
3790 1087 3889 1137 μη-

2286 1145 2606 1224 τροπολίτου
2648 1146 2963 1225 γινομένης,
3020 1150 3048 1203 6
3112 1148 3463 1228 πατριάρχης
3520 1153 3670 1209 αὗτοῦ
3715 1154 3890 1226 ὁμοίως

2285 1248 2483 1292 σκοπεῖ
2514 1252 2527 1265 ·
2577 1235 2867 1300 ἐπίσκοπος
2906 1235 3278 1311 δικκζόμενος,
3310 1237 3430 1294 οὔτε
3480 1241 3663 1316 tam“
3705 1239 3892 1299 δίδωσιν

2283 1322 2404 1380 οὔτε
2446 1324 2737 1403 ὁμολογίαν
2768 1338 2921 1382 ποιεῖ
2953 1341 2969 1357 ⁸
3016 1328 3065 1382 οἱ
3095 1328 3369 1401 οἰκονόμοι
3412 1329 3501 1384 καὶ
3535 1332 3882 1409 πτωχοῖρόφοι

2282 1415 2373 1469 καὶ
2412 1415 2704 1489 νοσοκόμοι
2747 1414 2844 1471 καί
2878 1417 2925 1471 οἱ
2958 1423 3189 1473 τοσοῦτοι
3229 1423 3306 1491 τῷ
3335 1415 3452 1491 ἰδίῳ
3483 1418 3750 1494 ἐπισκόπῳ
3774 1422 3895 1477 ὁπό-

2284 1523 2487 1559 κεινται
2518 1521 2530 1535 ·
2564 1504 2654 1560 καὶ
2684 1505 2745 1559 τὸ
2784 1505 3115 1583 φαινόμενον
3158 1503 3466 1586 ἐποφείλειν
3510 1507 3714 1581 αὐτοὺς,
3746 1508 3893 1564 ἀπαι-

2284 1598 2518 1668 τοῦνται,
2582 1594 2659 1668 μὴ
2717 1591 3003 1667 δυνάμενοι
3076 1596 3179 1671 πρὸ
3259 1600 3361 1661 τῆς
3422 1594 3782 1670 ἆπαιτήσεως,
3834 1600 3895 1661 εὶς

2283 1679 2417 1738 ἄλλο
2445 1681 2788 1758 δικαστήριον
2831 1686 3169 1763 ἀναχωρεῖν,
3226 1683 3363 1740 ἀλλᾶ
3425 1687 3562 1760 μετὰ
3616 1687 3709 1754 τὴν
3748 1688 3892 1743 ἀπαί-

2280 1790 2437 1836 τησιν
2504 1771 2595 1826 ἐὰν
2653 1772 2911 1847 νομίσωσι
2954 1769 3249 1851 βεϐλάφθαι
3286 1792 3302 1807 ο
3369 1775 3414 1829 εἰ
3471 1773 3568 1849 μὲν
3621 1777 3888 1841 ἓπίσκοπὸς

558 1867 708 1932 Atsi
732 1872 862 1946 post
893 1862 1261 1924 ezactionem
1289 1861 1511 1942 injuria
1534 1880 1599 1923 se
1624 1861 1870 1923 allectos
1898 1879 2032 1923 esse
2064 1862 2193 1923 exi-

2281 1858 2426 1916 ἐστιν
2458 1863 2485 1917 6
2515 1861 2719 1939 κρίνὰς,
2767 1864 2795 1918 6
2840 1861 3245 1939 μητροπολίτης
3298 1862 3531 1934 ἐξετάζει
3565 1885 3580 1903 ο
3616 1866 3659 1920 εἰ
3690 1862 3740 1920 δὲ
3789 1889 3891 1939 μη-

559 1951 1272 2033 stimaverint,siquidem
1297 1954 1617 2032 epi500pus
1634 1950 1946 2031 judicavit,
1968 1958 2194 2013 metro-

561 2046 863 2130 politanus
890 2042 1062 2124 [rem]
1092 2041 1424 2103 examinato
1469 2041 1565 2130 :Asi
1596 2060 1739 2130 vero
1785 2041 2195 2130 metropolita-

559 2128 698 2209 nus,
735 2130 1071 2213 patriarcha
1102 2130 1466 2208 cognoscito.
1491 2128 1658 2201 Quod
1693 2129 1742 2190 si
1772 2128 1906 2210 quis
1936 2128 2191 2209 praedic-

559 2233 753 2287 torum
773 2228 912 2282 ante
932 2218 1231 2281 rationum
1257 2218 1697 2280 confectionem
1724 2226 1781 2280 et
1814 2218 2184 2281 exactionem

558 2320 829 2376 mortuus
863 2308 1064 2385 fuerit,
1099 2307 1377 2371 haeredes
1414 2309 1547 2388 ejus
1572 2306 1814 2370 obnoxii
1841 2316 2039 2369 sunto.

643 2404 886 2466 Textus.
919 2398 1212 2462 Similiter
1242 2398 1350 2460 lib.
1407 2417 1446 2473 I,
1504 2408 1705 2461 const.
1761 2398 1863 2472 41,
1901 2417 2034 2478 qua;
2066 2398 2147 2460 ait
2184 2418 2200 2459 :

554 2491 722 2566 Quod
756 2507 1116 2569 unoquoque
1168 2506 1326 2549 anno
1379 2506 1733 2550 oeconomus
1764 2486 2064 2549 rationem
2096 2488 2201 2550 ad-

557 2577 1015 2644 ministrationis
1043 2595 1167 2638 suae
1193 2576 1406 2638 reddat
1438 2577 1754 2658 episcopo.
1792 2577 2202 2640 Constitvero

557 2671 659 2745 ΞΔ,
698 2670 789 2733 tit.
821 2668 882 2743 2,
910 2666 1181 2746 ejusdem
1236 2665 1375 2727 libri
1436 2665 1608 2740 dicit,
1665 2665 1822 2746 quod
1857 2684 2204 2730 mconomos

556 2758 726 2823 urbis
755 2755 1434 2835 Constantinopolitanaz
1463 2754 1741 2835 singulis,
1775 2762 1872 2815 aut
1900 2773 2201 2817 summum

553 2849 808 2914 alternis
854 2845 1168 2909 mensibus
1204 2845 1363 2926 apud
1400 2845 1670 2907 arcarios
1714 2844 1981 2907 rationes
2009 2847 2203 2908 conﬁ-

550 2958 690 3004 cere
719 2942 1013 3021 oporteat,
1039 2934 1339 3016 alioquive
1378 2934 1823 3016 periclitentur.

630 3029 744 3103 Qui
774 3025 1093 3108 episcopus
1148 3033 1251 3087 ant
1307 3025 1566 3087 clericus
1596 3042 1670 3086 ex
1701 3024 2016 3105 provincia
2046 3024 2199 3088 Con-

555 3115 949 3197 stantinopoli
988 3113 1062 3175 ab
1112 3114 1473 3176 adversariis
1521 3113 2009 3195 invenitur,apud
2046 3133 2196 3195 pras-

2277 1948 2602 2027 τροπολίτης
2643 1950 2869 2030 ἔκρινεν,
2898 1953 2927 2007 6
2959 1953 3307 2032 πατριάρχης
3341 1965 3543 2010 σκοπεῖ
3577 1970 3590 1984 ·
3624 1955 3666 2009 εἷ
3708 1952 3761 2009 δὲ
3800 1956 3888 2033 πρὸ

2273 2043 2376 2106 τῆς
2420 2044 2527 2095 τῶν
2588 2038 2867 2119 λογισμῶν
2925 2040 3201 2109 ποιήσεως
3260 2043 3347 2097 καὶ
3409 2042 3509 2111 τῆς
3567 2042 3890 2114 ἀπαιτήσεως

2269 2126 2590 2262 ἒελευττίσει
2641 2138 2724 2192 τίς
2768 2135 2874 2186 τῶν
2917 2131 3246 2209 εἰρημένων,
3281 2134 3328 2187 οἱ
3385 2130 3712 2210 κληρονόμοι
3764 2137 3899 2194 αὒτοῦ

2303 2219 2609 2262 πόῚεΙυῩΗΙ-

2303 2240 2611 2277 ποκεινται.

2373 2388 2601 2473 Ὀμοίως
2660 2396 2807 2475 βιϐΑ,
2842 2396 2894 2453 α’
2928 2398 3032 2455 τίτ.
3068 2395 3120 2453 α’
3179 2394 3320 2462 διάτ,
3385 2400 3508 2480 μα’,
3568 2400 3687 2469 ἥτις
3740 2403 3898 2484 φησὶν,

2287 2487 2393 2565 ὅτι,
2430 2487 2557 2545 Κατ’
2602 2487 2843 2549 ἐνιαυτὸν
2872 2488 2900 2543 6
2949 2486 3230 2562 οἰκονόμος
3274 2491 3364 2546 τὸν
3423 2491 3593 2568 Λόγον
3631 2498 3727 2558 τῆς
3769 2495 3901 2549 αὐτοῦ

2286 2575 2600 2647 διοικήσεως
2658 2577 3000 2655 παρατίθεται
3056 2580 3133 2651 τῷ
3176 2577 3481 2650 ἐπισκὸπῳ·
3516 2582 3551 2649 ἡ
3580 2579 3634 2637 δὲ
3662 2572 3749 2658 κβ’
3775 2579 3895 2644 διᾶτ,

2284 2688 2380 2723 του
2418 2664 2470 2743 β’
2514 2667 2618 2726 tit.
2666 2675 2760 2725 1:06
2787 2664 2948 2724 αὐτοῦ
2976 2662 3123 2741 βιϐλ.
3166 2664 3336 2745 λέγει,
3372 2668 3452 2724 ὅτι
3493 2678 3593 2726 Δεῖ
3624 2672 3739 2734 τοὺς
3769 2672 3898 2727 οἰκο-

2287 2757 2483 2834 νόμους
2545 2754 3189 2831 Κωνσταντινουπόλεως,
3250 2758 3389 2814 κατοέ
3434 2759 3584 2834 μῆνα
3620 2760 3655 2828 ἢ
3701 2762 3760 2817 τὸ
3802 2761 3902 2834 μή·

2285 2868 2470 2903 κιστον
2525 2847 2657 2925 ὑπὲρ
2698 2844 2812 2916 δόο,
2860 2844 3180 2923 λογοποιεῖν
3249 2850 3383 2927 πρὸς
3440 2852 3568 2915 τοὺς
3624 2850 3899 2929 ἂρκαρίους,

2284 2938 2400 2993 ἒπεῖ
2439 2934 2827 2993 κινδυνεύουσιν
2857 2933 2908 3000 ἐξ
2940 2934 3229 3015 ἐπαρχίας.

2367 3022 2455 3083 Ἐν
2510 3022 3067 3083 Κωνσταντινουπόλει
3120 3025 3499 3103 εὑρισκόμενος
3553 3028 3897 3095 ἒπίσκοποςῆ

2284 3114 2540 3195 κληρικὸς
2584 3128 2701 3179 τοῖς
2756 3113 3032 3191 ἐνάγουσι,
3066 3114 3211 3192 παρὰ
3241 3115 3390 3189 μόνῳ
3420 3124 3499 3192 τῷ
3551 3118 3772 3199 ἐπάρχῳ
3810 3123 3898 3174 τῶν

549 3208 841 3272 toriorum
877 3204 1191 3285 praefectos
1239 3203 1644 3276 solummodo,
1679 3211 1779 3263 aut
1809 3222 1945 3264 eum
1985 3205 2086 3284 qui
2124 3205 2196 3267 ab

2283 3204 2644 3283 πραιτωρίων,
2676 3203 2713 3272 ἢ
2741 3210 2819 3276 τῷ
2871 3204 3016 3282 παρὰ
3070 3203 3167 3271 τῆς
3216 3204 3487 3281 βασίλείας
3533 3206 3898 3286 ἆφοριζομένῳ,

549 3294 942 3376 imperatoria
1000 3291 1316 3371 majestate
1368 3292 1463 3373 [ad
1499 3293 1629 3371 hoc]
1664 3291 2035 3372 designatur,
2076 3293 2192 3375 [se]

554 3385 818 3448 tuebitur
852 3406 865 3443 :
931 3390 1099 3444 extra
1149 3401 1328 3463 quam
1379 3383 1429 3443 si
1463 3383 1523 3443 in
1561 3380 1969 3462 provincialis
2000 3393 2192 3464 coepta

548 3475 751 3550 fuerit,
786 3482 929 3536 tunc
963 3470 1122 3533 enim
1157 3470 1280 3533 illic
1325 3471 1632 3552 impletur.
1666 3470 1951 3551 Religiosi
1983 3473 2184 3534 eccle-

548 3568 772 3628 siarum
798 3560 1167 3644 apocrisiarii
1193 3579 1297 3642 pro
1322 3561 1623 3643 episcopis
1653 3568 1753 3622 aut
1783 3561 2021 3623 clericis
2053 3581 2183 3643 pro-

546 3665 678 3737 pter
717 3651 1021 3736 publicum
1061 3650 1430 3731 privatumve
1471 3650 1742 3712 debitum
1788 3669 1907 3712 non
1951 3670 2181 3715 conve-

546 3746 799 3808 niuntur
832 3750 932 3804 aut
963 3740 1281 3820 exiguntur
1314 3758 1326 3802 ε
1359 3740 1473 3801 nisi
1504 3741 1553 3802 si
1584 3759 1655 3803 ex
1694 3740 1989 3802 mandatis
2015 3742 2181 3822 epis-

545 3853 830 3916 coporum
863 3839 966 3893 aut
1016 3848 1470 3893 moonomorum
1502 3829 1737 3912 aliquos
1768 3830 1921 3910 [ipsi]
1954 3849 2181 3893 conve-

544 3927 736 3989 niant.
760 3922 929 3985 Tunc
953 3921 1116 3983 enim
1147 3919 1220 3981 ab
1249 3920 1463 3982 iisdem
1498 3920 1587 3999 [et
1619 3920 1712 3998 iis]
1745 3920 1890 3981 solis
1906 3920 2181 3983 actiones

541 4014 904 4095 suscipiunt.
958 4009 1135 4089 [Sed]
1170 4008 1280 4069 etsi
1307 4008 1447 4069 dum
1489 4008 1579 4087 [in
1624 4008 1879 4088 judicio]
1919 4027 2178 4084 restion-

538 4106 707 4177 dent,
741 4122 806 4165 se
835 4098 1127 4163 obnoxios
1153 4096 1558 4174 reddiderint,
1598 4098 1830 4177 [etiam]
1866 4100 2006 4160 245
2038 4100 2179 4163 inde

536 4194 895 4258 exsistentes
925 4187 1197 4251 actiones
1230 4186 1857 4266 excipiunt.Episc0pi
1884 4198 1938 4250 et
1972 4190 2178 4253 clerici

2281 3293 2636 3372 ἅπολογεϊται
2672 3308 2686 3323 ⁸
2738 3294 2782 3348 εἰ
2830 3292 2909 3367 μὴ
2955 3292 3040 3349 ἐπὶ
3098 3294 3283 3373 χώρας
3340 3293 3526 3375 ἤρχθη
3585 3299 3616 3364 ἡ
3676 3298 3896 3359 ὐπόθεσις

2271 3385 2392 3442 τότε
2426 3386 2525 3462 γὰρ
2556 3384 2673 3440 ἐκεῖ
2703 3380 3002 3460 πληρουται
3030 3404 3045 3420 ·
3078 3387 3125 3439 οἱ
3155 3389 3260 3439 τῶν
3294 3383 3644 3453 ’Βκκλησιῶν
3676 3385 3899 3448 εὒλαϐεϊς

2268 3473 2685 3552 ἀποκρισιάριοι,
2758 3470 2856 3526 οὒκ
2940 3470 3219 3548 ἑνσὶγοντιι
3281 3472 3317 3540 ἢ
3373 3471 3727 3534 ἀπαιτοῦνται
3776 3474 3889 3553 ὑπὲρ

2266 3570 2371 3620 τῶν
2435 3562 2746 3619 ἐπισκόπων
2788 3560 2823 3628 ἢ
2866 3563 2972 3617 τῶν
3014 3559 3383 3636 Ἐκκλησιῶν,
3440 3565 3608 3643 χάριν
3665 3562 3898 3640 δημοσίου

2269 3654 2305 3723 ἢ
2361 3652 2630 3709 ἰδιωτικοῦ
2674 3650 2894 3731 χρέους,
2935 3651 2982 3706 εἰ
3027 3651 3105 3726 μὴ
3163 3651 3217 3717 ἐξ
3270 3651 3509 3708 ἐντολῶν
3552 3660 3661 3711 τῶν
3692 3655 3897 3710 ἐπισκό-

2266 3756 2381 3801 πων
2439 3743 2474 3811 ἢ
2531 3741 2637 3798 τῶν
2693 3742 2993 3816 οἰκονόμων
3022 3740 3271 3819 ἓνάγουσί
3308 3763 3357 3798 τι
3390 3758 3405 3773 ·
3441 3744 3568 3799 τότε
3603 3745 3705 3823 γὰρ
3737 3744 3899 3817 μόνων

2274 3836 2449 3892 πῦτῶν
2505 3833 2600 3897 τὰς
2644 3830 2926 3909 ἒναγωγὰς
2968 3828 3329 3910 ὑποδέχονται
3365 3850 3380 3866 ’
3418 3833 3463 3888 εί
3495 3830 3551 3888 δὲ
3581 3834 3668 3888 καὶ
3700 3833 3899 3911 ἐνόχους

2274 3923 2491 3984 ἑαυτοὺς
2534 3921 2965 3989 καταστήσουσιν
2996 3917 3051 3974 ἒν
3097 3924 3175 3993 τῷ
3228 3932 3411 3977 ποιεῖν
3456 3921 3553 3985 τὰς
3614 3921 3901 3999 ἀποκρίσεις

2265 4012 2521 4092 δέχονται
2578 4011 2675 4075 τὰς
2719 4011 2840 4087 περὶ
2894 4009 3097 4065 τούτων
3142 4008 3419 4090 ἐναγωγάς
3458 4030 3473 4046 ⁸
3538 4014 3590 4068 οἱ
3635 4013 3896 4068 ἐπίσκοποι

2261 4105 2351 4160 καὶ
2412 4104 2461 4158 οἱ
2519 4099 2768 4176 κληρικοὶ
2829 4096 2914 4155 διὰ
2971 4096 3253 4175 πρεσϐείαν
3311 4102 3348 4167 ἢ
3408 4102 3753 4181 χειροτονίαν
3782 4099 3900 4156 ἀπο-

2262 4190 2582 4264 δημοῦντες,
2642 4188 2739 4244 οὒκ
2787 4187 3066 4265 ἑνάγονται
3127 4186 3327 4268 μέχρις
3384 4187 3448 4244 ἂν
3505 4190 3894 4268 ὒποστρέψωσι,

539 4301 647 4365 per
699 4297 938 4342 causam
998 4276 1318 4353 legationis
1355 4284 1458 4365 aut
1488 4274 1889 4338 ordinationis
1923 4297 2181 4360 peregre

2277 4282 2341 4346 ιή
2404 4275 2795 4354 βλαπτομένων
2851 4280 2956 4330 τῶν
3015 4275 3257 4354 ἑχόντων
3318 4277 3511 4341 αὐτοὺς
3571 4278 3895 4345 ὑπευθύνους,

534 4362 932 4450 agentesmon
962 4368 1399 4426 conveniuntur
1427 4362 1620 4425 donec
1651 4365 1878 4427 reversi
1911 4366 2133 4431 fuerint
2161 4392 2174 4435 :

2277 4372 2325 4425 ἐκ
2350 4372 2449 4433 τῆς
2504 4365 2677 4422 α’δτῶν
2729 4363 3069 4439 ἀπολείψεως
3120 4365 3242 4443 περὶ
3271 4368 3496 4445 χρονίαν
3529 4367 3895 4447 παραγραφήν.

536 4468 600 4523 ut
630 4458 852 4535 tamen]
885 4453 988 4535 qui
1014 4459 1175 4535 ipsos
1204 4451 1493 4514 obnoxios
1525 4451 1765 4529 habent,
1799 4472 1873 4516 ex
1904 4456 2169 4523 absentia
2232 4460 2501 4541 ipsorum
2533 4452 2697 4515 circa
2726 4453 2882 4532 longi
2914 4451 3201 4533 tsmporis
3244 4454 3761 4536 praescriptionem
3791 4469 3897 4514 non

535 4548 848 4627 laedantur.

576 4638 914 4702 Citationes
932 4640 1107 4715 atque
1131 4634 1549 4695 exsecutiones
1571 4630 2179 4714 clericis,monachis,
2208 4664 2250 4715 ο

532 4725 813 4792 ascetriis
835 4733 892 4787 et
912 4723 1153 4797 ascetis,
1172 4721 1233 4783 in
1252 4720 1618 4803 pecuniariis
1644 4720 1875 4801 [causis
1898 4724 2041 4805 sive]
2068 4746 2183 4807 pu-

529 4818 710 4883 blicis
733 4816 898 4895 [sive]
925 4813 1168 4895 privatis
1209 4819 1558 4874 reverenter
1600 4810 1970 4877 inferuntor.
2004 4817 2185 4880 Nulla

526 4906 853 4973 monastria
878 4904 967 4965 vel
994 4903 1253 4966 ascetria
1277 4919 1309 4964 e
1359 4903 1730 4962 monasterio
1775 4901 2179 4967 abstrahitor:

521 4999 626 5062 sed
669 5014 774 5076 per
798 5000 1262 5075 procuratorem
1310 5007 1559 5052 causam
1611 4988 1826 5054 dicito.
1860 4993 2188 5057 Monachus

522 5084 802 5168 proprias
822 5090 926 5144 aut
950 5079 1315 5168 monasterii
1341 5078 1609 5159 [causas]
1635 5078 1760 5141 sive
1792 5098 1897 5159 per
1935 5100 2027 5157 se,
2059 5083 2187 5147 sive

525 5166 636 5259 per
660 5166 1356 5259 procuratoremagit.Si
1380 5187 1521 5259 vero
1546 5175 1758 5259 contra
1779 5169 1913 5259 haec
1930 5170 2054 5247 ﬁat,
2082 5172 2184 5252 ju-

524 5256 641 5329 dex
664 5260 906 5340 cingulo
930 5256 1367 5332 denudatur,et
1394 5257 1661 5339 quinque
1693 5256 1879 5319 libras
1901 5258 2056 5341 [auri
2080 5280 2181 5325 re-

2277 5265 2310 5321 εἰ
2365 5262 2420 5320 δὲ
2469 5262 2612 5341 παρὰ
2657 5268 2823 5319 ταῦτα
2854 5259 3100 5338 γένηται,
3151 5262 3178 5317 6
3221 5259 3477 5328 δικαστὴς
3506 5261 3891 5333 ἆποζώννυται,

520 5356 635 5418 bus
659 5348 978 5434 principis]
1006 5348 1256 5429 privatis
1280 5348 1401 5410 dat:
1448 5356 1771 5409 exsecutor
1813 5358 2013 5411 autem
2049 5358 2175 5413 tor-

2277 5355 2351 5411 ιαὶ
2383 5352 2431 5410 ε’
2464 5351 2644 5431 λίτρας
2676 5365 2795 5416 τοῖς
2841 5347 3130 5429 προϐάτοις
3181 5347 3360 5407 δίδωσι
3396 5369 3410 5385 '
3466 5350 3555 5407 καὶ
3607 5352 3637 5407 6
3678 5346 3889 5406 ἐκϐιϐα-

517 5442 741 5508 mentis
760 5438 1084 5532 _subdi_tur,_
1105 5437 1248 5532 etin
1275 5437 1560 5532 exsilium
1589 5437 1847 5532 mittitur
1879 5455 1893 5500 ε
1944 5438 2172 5532 [idque]

2277 5443 2389 5508 ττὴς
2447 5441 2787 5532 βασμνίζεται
2842 5440 2931 5497 καὶ
3001 5437 3289 5519 ἐξορίζεται
3357 5441 3576 5519 προνοίᾳ
3634 5448 3733 5498 τοῦ
3775 5438 3889 5494 ἑπι-

511 5551 655 5599 cura
678 5527 1088 5610 episcopi,qui
1113 5526 1295 5588 etiam
1323 5527 1670 5605 magistratu
1687 5524 1979 5588 ultionem
1998 5524 2171 5606 [irrol

2277 5534 2480 5611 τκόπου,
2534 5527 2683 5595 ὅστις
2740 5529 2831 5587 καὶ
2887 5527 3161 5608 ἀναφέρει,
3221 5536 3315 5586 τοῦ
3373 5527 3641 5608 ἄρχοντος
3673 5530 3887 5605 ὑπερτι-

511 5624 673 5706 gare]
698 5615 1229 5706 ditl'erente,[idad
1252 5614 1625 5706 principem]
1649 5615 1985 5706 refert.Pro
2010 5624 2163 5682 cita-

2279 5622 2469 5698 εμένου
2537 5621 2638 5689 τὴν
2698 5616 2970 5687 ἐκδίκησιν
3003 5635 3018 5650 ⁶
3096 5618 3227 5697 ὑπὲρ
3287 5616 3341 5675 δὲ
3400 5620 3785 5694 ὑπομνήσεως,
3826 5618 3886 5673 τὰ

510 5704 674 5781 tione
699 5706 1049 5794 pecuniaria
1068 5705 1161 5768 vel
1185 5704 1484 5770 criminali
1506 5704 1853 5787 hujusmodi
1874 5725 2149 5788 persona

2277 5719 2463 5771 οιαῦτα
2535 5710 2798 5789 πρόσωπα
2853 5709 3205 5793 χρηματικῆς
3290 5706 3326 5781 ἢ
3430 5706 3856 5778 ἑκκλησιαστικῆ

2354 4639 2411 4694 Αἱ
2441 4635 2777 4709 δπομνήσεις
2806 4635 2907 4690 καὶ
2939 4635 2987 4688 οἱ
3017 4630 3334 4710 ἐκϐιϐασμοὶ
3374 4636 3512 4710 μετὰ
3544 4639 3713 4711 τιμῆς
3742 4653 3895 4713 προσ-

2267 4726 2575 4805 αγέσθωσαν
2632 4736 2749 4788 τοῖς
2803 4721 3092 4800 κληρικοτς
3137 4724 3232 4779 καῖ
3293 4736 3571 4804 μοναχοϊς
3618 4726 3707 4781 καὶ
3736 4724 3897 4788 ἀσκη-

2266 4816 2434 4895 τρίαις
2499 4814 2587 4871 καὶ
2632 4812 3007 4891 ἆσκητηρίοις,
3044 4813 3130 4869 ἐπὶ
3159 4825 3279 4876 τοῖς
3335 4827 3714 4894 χρηματικοῖς
3759 4810 3896 4868 ἰδιω-

2267 4918 2444 4970 τικοῖς
2502 4903 2590 4961 καὶ
2648 4900 2929 4978 δημοσίοις
2961 4916 2978 4934 ⁹
3039 4901 3135 4957 καί
3183 4902 3481 4981 μονᾶστρια
3531 4903 3633 4978 μὲν
3664 4902 3701 4971 ἢ
3733 4902 3896 4970 ἀσκή-

2266 5017 2387 5065 τρια
2439 5003 2531 5052 τοῦ
2590 4992 2952 5071 μοναστηρίου
2997 4990 3077 5067 μὴ
3120 4990 3454 5071 ἀφελκέσθω,
3489 4991 3629 5049 ἀλλὰ
3655 4989 3725 5047 δι’
3754 4992 3893 5046 ἐντο-

2267 5084 2403 5150 λὲως
2446 5082 2704 5161 κρινέσθω
2737 5097 2755 5118 ⁸
2789 5083 2817 5137 6
2851 5078 2906 5136 δὲ
2947 5081 3191 5161 μοναχὸς
3243 5083 3334 5147 τὰς
3383 5080 3518 5145 ἰδίας
3577 5082 3614 5149 ἢ
3670 5082 3763 5146 τὰς
3815 5087 3897 5137 τοῦ

2267 5173 2651 5253 μοναστηρίου,
2708 5168 2824 5228 εἴτε
2854 5168 2922 5226 δι’
2956 5170 3147 5228 ἑαυτοῦ
3175 5170 3287 5228 εἴτε
3318 5169 3387 5227 δι’
3418 5170 3683 5234 ἐντολέως
3709 5169 3846 5228 θέλει
3876 5185 3892 5203 ⁶
