4004 6230
352 134 389 143 .-

231 448 322 521 117

1045 446 1466 516 SYNTAGMA
1515 449 1911 514 CANONUM.
1959 482 2038 495 --ι-
2090 447 2244 510 TlT.
2293 448 2397 527 IX,
2445 448 2611 511 CAP.
2662 442 2738 510 II.

3452 438 3570 518 718

232 593 401 669 αἰτίας,
446 591 497 647 ἓν
567 614 617 647 τι
686 588 1248 649 Κωνσταντινουπόλει
1311 588 1399 643 καὶ
1471 584 1831 661 ὁπουδήποτε,

1955 581 2655 664 loustanlinopoli,atque
2678 583 3223 665 alibicunque,non
3249 586 3404 651 ultra
3426 609 3567 672 qua-

233 686 283 739 οὒ
332 681 486 737 πλέον
516 679 560 736 δ’
604 682 865 759 κερατίων
897 676 1157 734 διδόασιν·
1213 678 1257 732 εἰ
1287 676 1343 732 δὲ
1392 674 1531 733 κατᾶ
1562 675 1851 753 βασιλικὴν

229 773 472 850 κέλευσιν,
505 770 539 838 ἢ
572 771 713 847 παρὰ
759 768 1024 848 ἄρχοντος
1082 767 1118 834 ἢ
1163 767 1524 846 πατριάρχου,
1569 765 1742 841 σταλῇ
1770 765 1845 829 τίς

230 864 292 925 εἷς
340 864 642 933 ὑπόμνησιν
681 860 877 938 αὒτὼν,
910 860 973 915 οὖ
1025 855 1187 913 πλέον
1236 855 1471 931 λήψεται
1517 856 1631 921 ἑνὸς
1689 857 1846 930 νομί-

228 968 433 1027 σματος·
497 950 624 1007 εἰδὲ
684 948 861 1006 πολλὰ
909 950 1127 1004 τοιαῦτα
1184 947 1445 1025 πρόσωπα
1473 948 1562 1003 επὶ
1607 953 1705 1022 μιᾷ
1760 948 1847 1002 καὶ

226 1049 284 1117 τῇ
327 1045 454 1117 αι)τῇ
498 1042 637 1113 αἰτία
693 1041 1135 1115 ὑπομνησθῶσιν,
1169 1036 1286 1101 ἐνὸς
1336 1038 1503 1111 μόνου
1558 1037 1848 1114 προσώπου

222 1131 455 1188 διδόασιν·
530 1133 826 1191 ἒπίσκοπος
906 1126 1037 1205 ὑπὲρ
1122 1130 1227 1183 τῶν
1301 1126 1444 1183 ἰδίων
1514 1129 1848 1205 πραγμάτων

224 1221 528 1298 ἔναγομενος
562 1218 743 1275 δίδωσι
801 1216 1127 1293 σπάρτουλα,
1161 1217 1293 1292 ὑπὲρ
1362 1217 1417 1272 δὲ
1472 1222 1572 1284 τῆς
1605 1217 1845 1284 Ἐκκλη-

226 1318 327 1373 σίας
358 1315 516 1369 αὐτοῦ
560 1311 640 1383 μὴ
692 1306 983 1388 ὀχλείσθω,
1020 1306 1142 1362 ἀλλ’
1186 1309 1213 1362 6
1264 1307 1546 1381 οἰκονόμος
1595 1308 1630 1375 ἢ
1691 1310 1719 1363 6
1767 1308 1851 1364 ἐπὶ

226 1401 373 1471 τούτῳ
429 1397 906 1477 προϐαλλόμενον
956 1399 983 1451 6
1042 1395 1097 1451 δὲ
1142 1396 1286 1473 παρὰ
1327 1404 1492 1452 ταὸτα
1549 1396 1850 1474 σπόρτουλα

225 1488 408 1561 λαϐὼν,
443 1490 506 1544 τὸ
556 1485 780 1543 διπλοῦτ
814 1482 1119 1562 ἀναδίδωσι,
1154 1493 1243 1541 καὶ
1291 1486 1393 1541 ὑπὸ
1425 1487 1703 1561 στρατείαν
1751 1488 1850 1563 μὲν

222 1580 289 1636 ὢν
329 1579 723 1650 ἀποζώννοται,
786 1576 1043 1652 κληρίκὸς
1100 1572 1154 1629 δὲ
1201 1579 1561 1654 καθαιρεῖταν
1619 1578 1846 1635 ιεπίσκοαι

1933 681 2068 733 tuor
2091 672 2340 752 siliquas
2362 672 2530 733 dant.
2555 672 2722 745 Quod
2755 676 2803 736 si
2826 675 3271 757 quisimperiali
3288 678 3569 756 jussione

1932 771 2031 823 aut
2053 781 2083 823 a
2112 763 2589 840 magistratu,aut
2610 782 2643 825 a
2672 766 3011 843 patriarcha
3036 766 3108 828 ad
3138 766 3413 830 citandos
3436 771 3571 834 illos

1932 851 2153 912 missus
2201 851 2404 929 fuerit,
2438 872 2560 913 non
2614 854 2770 916 ultra
2822 875 3002 917 unum
3037 855 3295 918 solidum
3348 861 3570 940 capiet.

1930 940 2081 1013 Quin
2102 941 2153 1002 si
2178 941 2378 1003 multa:
2401 942 2742 1005 istiusmodi
2774 963 3048 1024 persona)
3077 944 3137 1006 in
3173 964 3288 1010 una
3320 949 3571 1011 eadem-

1930 1050 2046 1111 que
2078 1049 2261 1093 causa
2295 1032 2584 1108 citentur,
2621 1034 2798 1096 unius
2826 1045 3052 1097 tantum
3087 1054 3359 1113 personae
3384 1041 3573 1121 [spor-

1931 1121 2111 1201 tulas]
2145 1120 2310 1183 dant.
2344 1120 2677 1203 Episcopus
2730 1141 2929 1187 rerum
2964 1142 3201 1187 suarum
3237 1120 3481 1191 nomine
3510 1130 3574 1194 in

1923 1210 2024 1289 jus
2051 1219 2316 1287 vocatus,
2354 1212 2454 1273 dat
2484 1212 2782 1291 sportulas
2809 1235 2823 1274 :
2870 1214 2973 1275 scd
3009 1234 3115 1293 pro
3146 1216 3329 1279 rebus
3359 1219 3573 1285 Eccle-

1937 1299 2041 1361 sia:
2070 1319 2195 1362 suae
2220 1320 2294 1362 ne
2328 1302 2688 1382 inquietalur
2718 1302 3043 1386 [quidem],
3073 1307 3176 1368 sed
3198 1324 3572 1386 (Economus,

1937 1389 2117 1469 quive
2150 1391 2223 1453 ad
2258 1390 2316 1451 id
2349 1391 2699 1470 designatus
2742 1402 2856 1456 est.
2890 1393 3001 1466 Qui
3036 1414 3175 1458 vero
3210 1407 3416 1460 contra
3447 1399 3574 1462 haec

1934 1480 2234 1558 sportulas
2265 1480 2516 1561 ceperit,
2550 1480 2797 1562 duplum
2830 1484 3064 1546 reddit:
3102 1494 3158 1547 et
3188 1487 3238 1547 si
3272 1488 3331 1549 iu
3363 1488 3576 1551 militia

1937 1567 2274 1650 [quapiam]
2289 1570 2636 1649 sit,cingulo
2665 1573 2949 1650 privatur:
2976 1575 3025 1635 si
3043 1575 3580 1659 clericus,(leponi-

223 1690 311 1734 πος
378 1670 495 1726 οὔτε
554 1667 640 1724 ἐπὶ
686 1672 1007 1748 χρηματικῇ
1081 1665 1198 1722 οὔτε
1270 1665 1648 1743 ἐγκληματικῇ
1705 1666 1849 1745 δίκῃ,

1955 1676 2051 1722 ur.
2078 1657 2412 1738 EpiscOpus
2439 1678 2637 1741 neque
2670 1671 2918 1742 propter
2942 1665 3345 1743 pecuniariam
3379 1657 3576 1748 neque

221 1763 391 1838 χωρὶς
450 1757 754 1821 κελεύσεως
785 1755 1096 1833 βασιλικῆς,
1144 1753 1383 1833 διάγεται
1509 1757 1848 1833 παρίσταται⁰

1955 1737 2185 1829 iropter
2234 1737 2609 1813 criminalem
2643 1737 2908 1829 causam,
2942 1737 3088 1817 citra
3130 1737 3577 1836 imperatoriam

221 1847 336 1903 ὅδὲ
380 1848 528 1925 παρὰ
583 1857 742 1906 ταῦτο
800 1843 1096 1924 προστάξας
1156 1844 1435 1925 ἐγγράφως
1492 1846 1527 1913 ἢ
1576 1847 1849 1927 ἀγράφως,

1961 1839 2535 1913 υςδίοηοιη,ςῖιιρὶιυιν
2557 1849 2658 1902 aut
2684 1842 3056 1917 sistitur.Qui
3072 1863 3213 1908 vero
3234 1857 3444 1909 contra
3465 1848 3580 1910 hoc

216 1937 611 2016 ἀποζώννυται,
643 1939 732 1993 καὶ
790 1934 839 1993 κ’
886 1935 1063 2013 λίτρας
1120 1943 1402 2009 ζημιοῦται
1449 1941 1516 2011 τῇ
1559 1935 1849 2012 Ἐκκλησία

1955 1937 2035 1990 tut
2086 1948 2194 2007 per
2223 1929 2578 2006 scripturam
2630 1939 2735 1994 aut
2786 1933 2934 1995 citra
2981 1935 3344 2015 scripturam
3371 1938 3578 2017 jusse-

214 2039 298 2086 τοι)
342 2028 669 2099 ἐπισκόπου,
735 2028 831 2082 καί
881 2028 907 2082 6
954 2023 1275 2093 ἐκϐιϐαστὴς
1332 2024 1720 2103 ἀποζώννυται,
1768 2033 1849 2088 καῖ

1955 2019 2034 2091 'it,
2070 2020 2208 2079 246
2239 2030 2294 2082 et
2326 2020 2566 2099 cingulo
2600 2021 2987 2100 spoliatur.et
3019 2024 3226 2104 viginti
3258 2025 3430 2088 libris
3464 2028 3582 2090 Ec-

209 2119 631 2194 βασανιζάμενος
695 2115 1005 2193 ἐξορίζεται*
1070 2116 1157 2171 καὶ
1226 2113 1263 2180 ἡ
1328 2113 1393 2185 ιζ’
1457 2112 1594 2175 διατ.
1669 2128 1761 2178 τοῦ
1803 2121 1849 2176 α¹

1955 2108 2134 2171 :lcsize
2161 2111 2427 2189 episc0pi
2460 2110 2894 2193 [applicandis]
2928 2113 3231 2178 multatur:
3260 2129 3582 2180 exsecutor

208 2210 304 2268 τίτ.
359 2213 468 2264 τῶν
540 2207 756 2284 Νεαρῶν
819 2228 1006 2285 σρησιν,
1054 2203 1159 2277 ὅτι,
1216 2206 1550 2262 Ἐπισκόπου
1607 2229 1849 2285 κατηγο-

1955 2207 2135 2261 uitem
2169 2200 2407 2278 cingulo
2454 2200 2816 2277 deuudatur,
2852 2209 2912 2263 et
2945 2203 3258 2264 tormentis
3299 2204 3579 2269 subditus

206 2298 481 2376 ρουμένου,
523 2300 552 2353 ὁ
601 2294 1011 2374 μητροπολίτης
1071 2295 1261 2371 κρίνει·
1310 2296 1355 2351 εἷ
1399 2293 1452 2349 δὲ
1512 2298 1849 2374 μητροπολί-

1955 2286 2210 2376 gxsulare
2233 2290 2502 2369 jubctur.
2555 2288 2624 2350 Et
2655 2301 2848 2354 coast.
2869 2292 2969 2366 17,
2996 2292 3081 2353 tit.
3111 2294 3136 2352 1
3167 2294 3574 2360 Novellarum:

205 2374 299 2455 της
343 2399 767 2464 κατηγορεῖται,
802 2388 829 2441 6
874 2385 1219 2464 πατριάρχης
1266 2386 1425 2441 αὐτοῦ
1468 2400 1690 2443 σκοπεῖ·
1725 2387 1771 2445 ἐῖ
1799 2387 1849 2445 δὲ

1955 2374 2085 2438 lum
2118 2378 2444 2458 episcopus
2471 2380 2705 2459 [inquit]
2728 2388 3063 2455 accusatur,
3085 2384 3582 2464 metropolitanus
3680 2383 3686 2391 ’

205 2477 455 2554 κληρικὸς
504 2476 547 2543 ἢ
591 2478 866 2554 μοναχὸς,
899 2476 926 2530 6
963 2474 1247 2537 ἐπίςκοπος
1300 2478 1480 2532 αὐτοῦ·
1517 2477 1605 2530 καὶ
1634 2479 1662 2533 6
1692 2478 1849 2534 πταί-

1967 2465 2185 2529 ndicat.
2221 2469 2280 2529 Si
2312 2485 2451 2529 vero
2495 2469 2991 2549 metropolitanus
3022 2480 3362 2554 accusetur,
3396 2473 3583 2555 ipsius

204 2589 320 2641 σας,
384 2572 694 2628 κανονικῶς
754 2563 1131 2642 σωφρονίζεται
1190 2571 1265 2638 τῷ
1324 2566 1538 2641 κρίματι
1601 2573 1694 2623 τοῦ
1766 2567 1849 2634 ἑξ-

1955 2556 2280 2618 iatriarclia
2334 2556 2664 2635 cognoscit.
2697 2558 2814 2622 Sed
2848 2559 2897 2620 si
2953 2561 3210 2623 clericus
3240 2571 3341 2623 aut
3372 2580 3582 2627 mona-

209 2663 506 2727 ετάζοντοςο
565 2657 601 2722 ὴ
632 2653 686 2711 δὲ
745 2653 873 2731 περί
920 2659 1310 2732 τοποτηρητῶν
1362 2652 1442 2731 ρλ’
1474 2656 1632 2732 νεαρὰ
1683 2655 1849 2734 λέγει,

1955 2645 2114 2720 :hus,
2143 2647 2269 2724 ejus
2300 2646 2642 2726 episcopus.
2677 2646 2790 2719 Qui
2820 2655 3018 2709 autem
3052 2649 3584 2731 deliquit,judicio

203 2745 279 2802 ὅτι
322 2747 655 2824 μοναστρια,
713 2742 799 2801 διὰ
855 2742 1101 2820 οὐδεμίαν
1158 2744 1401 2823 ἀγωγὴν,
1466 2744 1527 2801 ἐκ
1582 2755 1673 2806 τοῦ
1728 2745 1849 2804 ἰδίου

1955 2735 2074 2813 ejus
2122 2736 2223 2816 qui
2257 2738 2541 2814 [causam]
2599 2736 2923 2813 examinat,
2957 2739 3293 2801 secundum
3326 2759 3588 2804 canones

206 2838 575 2911 μοναστηρίου
604 2833 816 2890 ἕλκεται
829 2883 842 2896 ,

278 3111 539 3164 ΚΕΦΑΛ.
608 3103 695 3167 8'.
728 3137 807 3149 —
841 3104 1002 3162 Πόσοι
1059 3105 1145 3161 καὶ
1179 3104 1313 3168 τίνες
1360 3105 1852 3184 καταμαρτυροῦσιν

196 3192 510 3253 ἐπισκόπων
546 3195 588 3264 ἢ
613 3194 886 3271 κληρικῶν
922 3218 939 3267 ς

696 3284 1022 3342 Αποστόλων
1070 3286 1244 3341 κανὼν
1275 3284 1378 3343 οε⁹.

265 3378 368 3437 σε’.
436 3380 529 3440 Εἰς
574 3375 866 3451 μαρτυρίαν
923 3375 1024 3442 τὴν
1053 3376 1190 3431 κατᾶ
1237 3373 1557 3454 ὲπισκόποδ,
1590 3377 1853 3453 αἱρετικὸν

191 3465 262 3538 μὴ
300 3465 746 3547 προσδέχεσθαι,
781 3463 917 3520 ἀλλὰ
969 3465 1048 3539 μὴ
1082 3463 1135 3519 δὲ
1190 3466 1379 3521 πιστὸν
1436 3463 1551 3521 ἕνα’
1588 3464 1674 3521 ἐπὶ
1723 3466 1853 3523 στό-

190 3576 354 3628 ματος
407 3557 519 3635 γὰρ
592 3554 684 3610 δύο
726 3553 763 3621 ἢ
819 3556 979 3630 τριῶν
1052 3554 1327 3633 μαρτύρων
1386 3555 1705 3625 σταθήσεται
1757 3556 1854 3613 πᾶν

193 3644 358 3722 lie:-

385 3725 637 3783 Συνόδοδ
689 3724 1059 3803 Καρθαγὲννης
1092 3723 1266 3780 κανὼν
1313 3721 1365 3780 κ’
1398 3724 1474 3781 νϐ’
1509 3724 1651 3802 ρλα’.

264 3818 394 3894 Περί
472 3814 862 3896 πρεσϐυτέρων
938 3817 1024 3873 καὶ
1093 3812 1367 3891 κληρικῶν
1435 3815 1852 3896 κατηγορουμέ-

192 3930 338 3969 νων..

266 3996 343 4057 κ’.
378 3995 517 4055 Ἐὰν
572 3994 633 4052 δὲ
665 3992 1011 4073 πρεσϐύτεροι
1055 3994 1090 4062 ἣ
1132 3991 1368 4052 διάκονοι
1412 3996 1852 4075 κατηγορηθῶσι,

191 4109 242 4148 κ.
288 4109 340 4148 τ.
375 4085 435 4145 λ.

266 4180 394 4255 Περὶ
481 4184 592 4235 τοῦ
682 4174 993 4253 κληρικοὺς,
1086 4174 1251 4254 χάριν
1332 4173 1669 4253 διαγνώσεως
1755 4182 1854 4244 τῆς

182 4268 373 4332 οἰκείας
440 4267 637 4326 αὐτῶν
698 4266 945 4344 κρίσεως,
1006 4265 1084 4340 μὴ
1140 4265 1526 4344 ἀναγκάζεσθαι
1583 4264 1853 4333 δημοσίως

183 4373 512 4438 μαρτυρεῖν.

258 4450 356 4509 νϐ’.
401 4458 511 4506 Δεῖ
552 4450 783 4514 αἰτῆσαι
828 4444 905 4502 ἔτι
937 4445 1047 4520 μὴν
1084 4443 1179 4501 ’ίνα
1223 4445 1391 4522 ὁρίσαι
1427 4444 1851 4521 κᾶταξιώσωσιν,

1944 2825 2286 2904 castigatur.
2344 2827 2529 2888 Porro
2568 2826 2800 2888 novella
2856 2827 2987 2903 134,
3023 2829 3100 2891 de
3130 2830 3367 2893 vicariis
3409 2831 3579 2906 dicit,

1941 2914 2097 2994 qqu
2142 2914 2472 2978 monastria
2506 2934 2612 2997 per
2643 2915 2867 2978 nullam
2901 2917 3199 2981 actionem
3243 2937 3276 2982 e
3304 2938 3411 2982 suo
3444 2913 3577 2983 mo-

1937 3005 2197 3067 nasterio
2233 3005 2528 3068 trahatur.

2017 3092 2186 3158 CAP.
2213 3093 2287 3158 II.
2322 3128 2400 3142 --
2429 3095 2587 3172 Quot
2618 3097 2713 3160 vel
2763 3098 3016 3176 quinam
3047 3097 3250 3160 dicere
3298 3101 3580 3164 testimo-

1934 3184 2103 3246 nium
2138 3192 2366 3264 queant
2396 3187 2688 3248 adversus
2716 3188 3024 3267 episcopos
3049 3194 3155 3251 aut
3184 3189 3460 3255 clericos.

2366 3276 2791 3354 Apostolorum
2822 3292 3020 3339 canon
3054 3277 3152 3339 '75.

2020 3366 2096 3425 75
2147 3364 2293 3444 [74].
2328 3365 2393 3427 In
2447 3364 2857 3426 testimonium
2889 3365 3181 3431 adversus
3231 3370 3579 3452 episcopum

1937 3453 2256 3515 haereticus
2307 3472 2383 3515 ne
2412 3452 2791 3528 admittatur;
2825 3454 2928 3517 sed
2981 3473 3093 3518 nec
3126 3475 3281 3518 unus
3311 3458 3477 3521 solus
3502 3460 3580 3522 ﬁ-

1940 3542 2092 3603 delis
2128 3563 2141 3605 :
2201 3543 2275 3604 I-n
2303 3560 2407 3604 ore
2458 3542 2618 3604 enim
2655 3544 2915 3607 duorum
2968 3543 3065 3607 vel
3108 3546 3294 3608 trium
3338 3551 3578 3612 testium

1937 3634 2122 3694 stabit
2151 3650 2331 3695 omne
2362 3632 2633 3696 verbum.

2023 3721 2287 3785 Concilii
2325 3720 2832 3801 Certhagineusz‘s
2859 3740 3118 3786 canones
3162 3723 3262 3801 20,
3294 3725 3398 3802 59,
3436 3727 3576 3792 151.

2024 3811 2111 3874 De
2135 3810 2508 3892 presbyteris
2538 3819 2591 3873 et
2623 3810 2859 3875 clericis
2895 3815 3226 3877 accusatis.

2021 3989 2119 4055 20.
2145 3992 2206 4054 Si
2241 3989 2574 4073 presbyteri
2602 4002 2661 4055 et
2684 3991 2945 4067 diaconi,
2981 3999 3125 4068 etc.,
3160 4000 3231 4056 ut
3254 4011 3402 4076 pug.
3425 3995 3573 4060 706.

2025 4166 2096 4231 Ut
2126 4168 2338 4232 clerici
2364 4168 2670 4249 dejudicit'
2691 4170 2791 4231 sui
2818 4173 3166 4251 cognitione
3189 4189 3310 4235 non
3343 4190 3573 4255 cogan-

1940 4265 2043 4322 tur
2071 4260 2137 4321 in
2162 4257 2405 4335 publica
2435 4259 2638 4321 dicere
2664 4260 3075 4324 testimonium
3106 4260 3259 4343 (91).

2018 4438 2117 4501 59.
2152 4436 2481 4500 Petendum
2512 4437 2571 4487 90
2602 4437 2804 4512 etiam,
2842 4446 2907 4501 ut
2932 4445 3194 4504 statuere
3220 4441 3572 4523 dignentur,

182 4536 313 4595 ὥστε
386 4541 488 4595 ἰὰν
567 4556 719 4597 τινες
793 4534 848 4590 ἐν
933 4533 1229 4607 Ἐκκλησία
1298 4533 1612 4605 οἱανδήποτε
1686 4537 1849 4593 αἰτίαν

1955 4535 2002 4588 it
2029 4527 2078 4587 si
2108 4526 2210 4606 qui
2236 4526 2390 4588 forte
2431 4525 2494 4586 iu
2527 4526 2782 4589 ecclesia
2812 4528 3143 4608 quamlibet
3175 4549 3416 4595 causam
3444 4534 3582 4613 jure

183 4626 535 4703 ἀποστολικῷ
584 4624 784 4697 δικαίῳ
813 4628 889 4695 τῷ
935 4636 1059 4686 ταῖς
1116 4620 1463 4690 Ἐκκλησίαις
1521 4624 1843 4700 ἐπικειμένῳ

1963 4614 2256 4697 postolico
2305 4614 2584 4678 ecclesiis
2632 4614 2912 4699 imposito
2943 4636 3121 4697 agere
3167 4618 3489 4703 voluerint,
3520 4630 3583 4684 et

180 4719 446 4793 γυμνάσαι
504 4715 822 4787 Θελήσωσι,
853 4714 946 4769 καὶ
989 4711 1122 4777 ἴσως
1178 4714 1213 4780 ἡ
1269 4713 1413 4788 τομὴ
1442 4718 1549 4770 τῶν
1581 4712 1851 4792 κληρικῶν

180 4810 253 4880 τῷ
280 4807 362 4864 ivi
411 4807 585 4887 μέρει
646 4801 934 4882 ἁπαρὲσοι,
964 4801 1040 4870 μὴ
1083 4801 1283 4866 ἐξεῖναι
1331 4804 1464 4881 πρὸς
1509 4800 1851 4883 δικαστήριον

178 4896 249 4959 εἰς
306 4899 627 4978 μαρτυρίαν
693 4891 1080 4970 προκαλεῖσθαι
1140 4892 1231 4948 τὸν
1301 4891 1555 4966 κληρικὸν
1612 4895 1845 4969 ἐκεῖνον,

180 4987 267 5041 τὸν
334 4987 623 5066 πρότερον
682 4984 746 5039 τὸ
804 4980 933 5041 αὖτό
994 4987 1219 5059 πρᾶγμα
1268 4980 1620 5048 σκοπήσαντα
1660 4983 1697 5049 ἦ
1760 4985 1853 5040 καὶ

182 5077 544 5152 σκοπουμένῳ
592 5073 1011 5152 παρατυχόντα⁶
1074 5072 1159 5127 καὶ
1228 5069 1322 5152 ’ίνα
1382 5069 1519 5152 μηδὲ
1577 5072 1852 5148 προσώπῳ

182 5094 544 5152 σκοπουμινῳ
592 5094 1011 5208 παρατυῖοντα-
1074 5094 1159 5127 και
1236 5094 1322 5127 ινα
1382 5094 1519 5146 μηοε
1577 5094 1851 5148 προσωπῳ

181 5156 251 5219 τίς
319 5159 646 5229 προσήκων
720 5155 817 5209 tu
854 5156 1175 5227 ησιαστικῷ,
1240 5149 1496 5231 ἒναχθείη
1572 5154 1689 5230 περὶ
1758 5160 1851 5211 τοῦ

180 5245 406 5325 ὃῩείλειν
454 5254 801 5323 μαρτυρεῖν.

255 5340 411 5403 τίνας
441 5335 540 5393 δεῖ
575 5330 982 5412 προσδέχεσθαι
1014 5332 1086 5396 εἰς
1122 5333 1436 5411 μαρτυρίαν.

260 5424 404 5506 ρλα’.
442 5424 750 5505 Μάρτυρας
784 5420 839 5479 δὲ
869 5420 1001 5500 πρὸς
1033 5421 1324 5501 μαρτυρίαν
1356 5421 1434 5498 μὴ
1460 5421 1849 5504 προσδέχεσθαι

266 5618 326 5672 Ξο
350 5619 551 5688 Cone.
592 5614 882 5692 Carthag.
912 5632 968 5691 ν,
1003 5633 1136 5696 cap.
1171 5613 1270 5682 13.
1304 5615 1493 5679 Alric.
1526 5634 1580 5677 c.
1615 5616 1677 5680 6.

1933 4703 2201 4768 fortassis
2249 4704 2521 4767 decisum
2583 4706 2721 4786 [ms.
2777 4706 3035 4787 decisio]
3067 4707 3424 4771 clericorum
3475 4713 3583 4770 uni

1934 4794 2089 4876 parti
2138 4793 2512 4873 displicuerit
2553 4812 2569 4869 ;
2617 4813 2737 4856 non
2767 4794 2943 4856 liceat
2974 4795 3260 4857 clericum
3317 4798 3377 4857 in
3401 4797 3580 4875 judi-

1935 4886 2091 4946 cium
2124 4883 2197 4945 ad
2220 4884 2632 4946 testimonium
2665 4884 2943 4946 devocari
2976 4884 3113 4944 247
3143 4902 3303 4957 eum,
3337 4888 3438 4965 qui
3466 4904 3576 4948 co-

1934 4974 2129 5051 gnitor
2176 4974 2267 5035 vel
2295 4991 2558 5053 praesens
2606 4972 2838 5035 fuerit:
2888 4981 2950 5033 et
2978 4974 3113 5050 Ima.
3167 4972 3251 5053 ut]
3286 4975 3450 5036 nulla
3496 4975 3574 5036 ad

1934 5062 2348 5126 testimonium
2406 5062 2731 5125 dicendum
2804 5060 3199 5124 ecclesiastici
3257 5061 3581 5142 cujuslibet

1935 5171 2194 5235 persona
2227 5153 2523 5234 pulsetur.

2015 5330 2141 5407 Qui
2170 5331 2248 5393 ad
2276 5329 2693 5394 testimonium
2722 5329 3112 5395 udmittcndl.

2015 5421 2155 5484 131.
2187 5418 2402 5485 Testes
2435 5427 2633 5484 autem
2665 5421 2739 5485 ad
2769 5420 3182 5487 testimonium
3213 5439 3334 5487 non
3348 5423 3574 5491 admit-

276 5801 401 5889 (91)
427 5800 532 5867 At.
572 5797 671 5863 De
702 5792 936 5861 clericis
960 5793 1043 5864 ad
1071 5795 1481 5862 testimonium
1509 5812 1635 5864 non
1656 5792 1998 5880 pulsandis.
