  <div class='ocr_page' id='page_1' title='image "/cluster/home/n/w/nwhite01/storage/ocr_20150623/104/hvd.32044073502163/381.png"; bbox 0 0 4148 6198; ppageno 0'>
   <div class='ocr_carea' id='block_1_1' title="bbox 491 258 2157 377">
    <p class='ocr_par' dir='ltr' id='par_1_1' title="bbox 491 266 2157 377">
     <span class='ocr_line' id='line_1_1' title="bbox 491 266 2157 377; baseline -0.004 -40"><span class='ocrx_word' id='word_1_1' title='bbox 491 267 614 337; x_wconf 79' lang='lat'><strong>723</strong></span> <span class='ocrx_word' id='word_1_2' title='bbox 1595 266 1861 334; x_wconf 89' lang='lat' dir='ltr'><strong>PHOTII</strong></span> <span class='ocrx_word' id='word_1_3' title='bbox 1910 269 2157 377; x_wconf 29' lang='lat' dir='ltr'><strong>PA‘TRI.</strong></span> 
     </span>
    </p>
   </div>
   <div class='ocr_carea' id='block_1_2' title="bbox 2241 258 3819 377">
    <p class='ocr_par' dir='ltr' id='par_1_2' title="bbox 2241 258 3819 336">
     <span class='ocr_line' id='line_1_2' title="bbox 2241 258 3819 336; baseline 0.002 -3"><span class='ocrx_word' id='word_1_4' title='bbox 2241 264 2432 333; x_wconf 64' lang='lat' dir='ltr'><strong>iCH/E</strong></span> <span class='ocrx_word' id='word_1_5' title='bbox 2471 268 2587 333; x_wconf 86' lang='lat' dir='ltr'><strong>CP.</strong></span> <span class='ocrx_word' id='word_1_6' title='bbox 2687 286 2697 295; x_wconf 59' lang='grc'><strong>’</strong></span> <span class='ocrx_word' id='word_1_7' title='bbox 3186 258 3195 261; x_wconf 67' lang='grc'><strong>“</strong></span> <span class='ocrx_word' id='word_1_8' title='bbox 3717 268 3819 336; x_wconf 73' lang='grc'><strong>724</strong></span> 
     </span>
    </p>
   </div>
   <div class='ocr_carea' id='block_1_3' title="bbox 494 402 2157 494">
    <p class='ocr_par' dir='ltr' id='par_1_3' title="bbox 494 407 2136 494">
     <span class='ocr_line' id='line_1_3' title="bbox 494 407 2136 494; baseline -0.004 -21"><span class='ocrx_word' id='word_1_9' title='bbox 494 411 840 494; x_wconf 78' lang='lat' dir='ltr'><strong>demnatus,</strong></span> <span class='ocrx_word' id='word_1_10' title='bbox 871 415 930 473; x_wconf 90' lang='lat' dir='ltr'><strong>et</strong></span> <span class='ocrx_word' id='word_1_11' title='bbox 958 424 1169 473; x_wconf 88' lang='lat' dir='ltr'><strong>omnes</strong></span> <span class='ocrx_word' id='word_1_12' title='bbox 1198 422 1375 469; x_wconf 89' lang='lat' dir='ltr'><strong>unam</strong></span> <span class='ocrx_word' id='word_1_13' title='bbox 1407 407 1889 470; x_wconf 79' lang='lat' dir='ltr'><strong>consentientem</strong></span> <span class='ocrx_word' id='word_1_14' title='bbox 1922 407 2136 469; x_wconf 88' lang='lat' dir='ltr'><strong>adver-</strong></span> 
     </span>
    </p>
   </div>
   <div class='ocr_carea' id='block_1_4' title="bbox 2241 402 3831 494">
    <p class='ocr_par' dir='ltr' id='par_1_4' title="bbox 2241 402 3831 486">
     <span class='ocr_line' id='line_1_4' title="bbox 2241 402 3831 486; baseline 0 -23"><span class='ocrx_word' id='word_1_15' title='bbox 2241 406 2464 479; x_wconf 71' lang='grc' dir='ltr'>τκόπων,</span> <span class='ocrx_word' id='word_1_16' title='bbox 2512 406 2707 470; x_wconf 79' lang='grc' dir='ltr'>πάντες</span> <span class='ocrx_word' id='word_1_17' title='bbox 2772 428 2828 463; x_wconf 90' lang='grc' dir='ltr'><strong>τε</strong></span> <span class='ocrx_word' id='word_1_18' title='bbox 2892 404 3168 486; x_wconf 83' lang='grc' dir='ltr'>σύμφωνοι</span> <span class='ocrx_word' id='word_1_19' title='bbox 3231 402 3357 479; x_wconf 76' lang='grc' dir='ltr'>μίαν</span> <span class='ocrx_word' id='word_1_20' title='bbox 3396 402 3514 461; x_wconf 86' lang='grc' dir='ltr'>κατ’</span> <span class='ocrx_word' id='word_1_21' title='bbox 3557 406 3704 465; x_wconf 75' lang='grc' dir='ltr'><strong>αὒτοῦ</strong></span> <span class='ocrx_word' id='word_1_22' title='bbox 3755 407 3831 475; x_wconf 78' lang='grc' dir='ltr'><strong>ἐξ-</strong></span> 
     </span>
    </p>
   </div>
   <div class='ocr_carea' id='block_1_5' title="bbox 504 495 2150 578">
    <p class='ocr_par' dir='ltr' id='par_1_5' title="bbox 504 495 2150 578">
     <span class='ocr_line' id='line_1_5' title="bbox 504 495 2150 578; baseline -0.005 -13"><span class='ocrx_word' id='word_1_23' title='bbox 504 521 615 564; x_wconf 87' lang='lat' dir='ltr'><strong>sus</strong></span> <span class='ocrx_word' id='word_1_24' title='bbox 662 521 797 565; x_wconf 90' lang='lat' dir='ltr'><strong>eum</strong></span> <span class='ocrx_word' id='word_1_25' title='bbox 849 497 1210 564; x_wconf 86' lang='lat' dir='ltr'><strong>sententiam</strong></span> <span class='ocrx_word' id='word_1_26' title='bbox 1256 495 1534 573; x_wconf 91' lang='lat' dir='ltr'><strong>tulerint,</strong></span> <span class='ocrx_word' id='word_1_27' title='bbox 1584 497 1634 558; x_wconf 91' lang='lat' dir='ltr'><strong>is</strong></span> <span class='ocrx_word' id='word_1_28' title='bbox 1684 516 1760 559; x_wconf 91' lang='lat' dir='ltr'><strong>ne</strong></span> <span class='ocrx_word' id='word_1_29' title='bbox 1787 497 2044 578; x_wconf 78' lang='lat' dir='ltr'><strong>amplius</strong></span> <span class='ocrx_word' id='word_1_30' title='bbox 2075 495 2150 558; x_wconf 88' lang='lat' dir='ltr'><strong>ab</strong></span> 
     </span>
    </p>
   </div>
   <div class='ocr_carea' id='block_1_6' title="bbox 495 586 2144 672">
    <p class='ocr_par' dir='ltr' id='par_1_6' title="bbox 495 586 2144 672">
     <span class='ocr_line' id='line_1_6' title="bbox 495 586 2144 672; baseline -0.004 -18"><span class='ocrx_word' id='word_1_31' title='bbox 495 593 632 655; x_wconf 89' lang='lat' dir='ltr'><strong>aliis</strong></span> <span class='ocrx_word' id='word_1_32' title='bbox 655 592 989 672; x_wconf 85' lang='lat' dir='ltr'><strong>judicetur,</strong></span> <span class='ocrx_word' id='word_1_33' title='bbox 1021 589 1130 651; x_wconf 91' lang='lat' dir='ltr'><strong>sed</strong></span> <span class='ocrx_word' id='word_1_34' title='bbox 1156 586 1481 669; x_wconf 64' lang='lat' dir='ltr'><strong>provinciae</strong></span> <span class='ocrx_word' id='word_1_35' title='bbox 1511 586 1937 669; x_wconf 86' lang='lat' dir='ltr'><strong>episcoporum</strong></span> <span class='ocrx_word' id='word_1_36' title='bbox 1972 587 2144 647; x_wconf 86' lang='lat' dir='ltr'><strong>ﬁrma</strong></span> 
     </span>
    </p>
   </div>
   <div class='ocr_carea' id='block_1_7' title="bbox 499 679 1095 744">
    <p class='ocr_par' dir='ltr' id='par_1_7' title="bbox 499 679 1095 744">
     <span class='ocr_line' id='line_1_7' title="bbox 499 679 1095 744; baseline -0.008 0"><span class='ocrx_word' id='word_1_37' title='bbox 499 693 740 744; x_wconf 85' lang='lat' dir='ltr'><strong>maneat</strong></span> <span class='ocrx_word' id='word_1_38' title='bbox 768 679 1095 742; x_wconf 75' lang='lat' dir='ltr'><strong>sententia.</strong></span> 
     </span>
    </p>
   </div>
   <div class='ocr_carea' id='block_1_8' title="bbox 684 767 1954 840">
    <p class='ocr_par' dir='ltr' id='par_1_8' title="bbox 684 767 1954 840">
     <span class='ocr_line' id='line_1_8' title="bbox 684 767 1954 840; baseline -0.003 -8"><span class='ocrx_word' id='word_1_39' title='bbox 684 770 957 833; x_wconf 70' lang='lat' dir='ltr'><strong>(.‘oncilii</strong></span> <span class='ocrx_word' id='word_1_40' title='bbox 987 767 1501 832; x_wconf 76' lang='lat' dir='ltr'><strong>Chalcedonensis</strong></span> <span class='ocrx_word' id='word_1_41' title='bbox 1533 786 1729 831; x_wconf 88' lang='lat' dir='ltr'><strong>canon</strong></span> <span class='ocrx_word' id='word_1_42' title='bbox 1758 769 1816 840; x_wconf 87' lang='lat'><strong>9,</strong></span> <span class='ocrx_word' id='word_1_43' title='bbox 1861 768 1954 829; x_wconf 82' lang='lat' dir='ltr'><strong>t7.</strong></span> 
     </span>
    </p>
   </div>
   <div class='ocr_carea' id='block_1_9' title="bbox 582 856 2142 941">
    <p class='ocr_par' dir='ltr' id='par_1_9' title="bbox 582 856 2142 941">
     <span class='ocr_line' id='line_1_9' title="bbox 582 856 2142 941; baseline -0.005 -16"><span class='ocrx_word' id='word_1_44' title='bbox 582 860 713 925; x_wconf 80' lang='lat' dir='ltr'><strong>9.Si</strong></span> <span class='ocrx_word' id='word_1_45' title='bbox 736 860 870 941; x_wconf 86' lang='lat' dir='ltr'><strong>quis</strong></span> <span class='ocrx_word' id='word_1_46' title='bbox 892 860 1151 922; x_wconf 88' lang='lat' dir='ltr'><strong>clericus</strong></span> <span class='ocrx_word' id='word_1_47' title='bbox 1171 856 1351 919; x_wconf 85' lang='lat' dir='ltr'><strong>habet</strong></span> <span class='ocrx_word' id='word_1_48' title='bbox 1376 876 1511 921; x_wconf 93' lang='lat' dir='ltr'><strong>cum</strong></span> <span class='ocrx_word' id='word_1_49' title='bbox 1536 857 1755 919; x_wconf 85' lang='lat' dir='ltr'><strong>clerico</strong></span> <span class='ocrx_word' id='word_1_50' title='bbox 1781 858 1969 934; x_wconf 85' lang='lat' dir='ltr'><strong>litem,</strong></span> <span class='ocrx_word' id='word_1_51' title='bbox 1998 866 2142 933; x_wconf 89' lang='lat' dir='ltr'><strong>etc.,</strong></span> 
     </span>
    </p>
   </div>
   <div class='ocr_carea' id='block_1_10' title="bbox 503 949 927 1030">
    <p class='ocr_par' dir='ltr' id='par_1_10' title="bbox 503 949 927 1030">
     <span class='ocr_line' id='line_1_10' title="bbox 503 949 927 1030; baseline -0.009 -16"><span class='ocrx_word' id='word_1_52' title='bbox 503 958 577 1014; x_wconf 78' lang='lat' dir='ltr'><strong>ut</strong></span> <span class='ocrx_word' id='word_1_53' title='bbox 602 969 751 1030; x_wconf 87' lang='lat' dir='ltr'><strong>pag.</strong></span> <span class='ocrx_word' id='word_1_54' title='bbox 782 949 927 1014; x_wconf 73' lang='grc'><strong>702.</strong></span> 
     </span>
    </p>
   </div>
   <div class='ocr_carea' id='block_1_11' title="bbox 584 1036 2148 1118">
    <p class='ocr_par' dir='ltr' id='par_1_11' title="bbox 584 1036 2148 1118">
     <span class='ocr_line' id='line_1_11' title="bbox 584 1036 2148 1118; baseline -0.001 -18"><span class='ocrx_word' id='word_1_55' title='bbox 584 1041 684 1104; x_wconf 81' lang='lat' dir='ltr'><strong>l7.</strong></span> <span class='ocrx_word' id='word_1_56' title='bbox 720 1040 864 1114; x_wconf 77' lang='lat' dir='ltr'><strong>Quae</strong></span> <span class='ocrx_word' id='word_1_57' title='bbox 893 1047 1033 1102; x_wconf 89' lang='lat' dir='ltr'><strong>sunt</strong></span> <span class='ocrx_word' id='word_1_58' title='bbox 1063 1040 1126 1100; x_wconf 93' lang='lat' dir='ltr'><strong>in</strong></span> <span class='ocrx_word' id='word_1_59' title='bbox 1161 1055 1524 1118; x_wconf 84' lang='lat' dir='ltr'><strong>unaquaque</strong></span> <span class='ocrx_word' id='word_1_60' title='bbox 1573 1036 1874 1118; x_wconf 76' lang='lat' dir='ltr'><strong>provincia</strong></span> <span class='ocrx_word' id='word_1_61' title='bbox 1915 1037 2148 1099; x_wconf 89' lang='lat' dir='ltr'><strong>rurales</strong></span> 
     </span>
    </p>
   </div>
   <div class='ocr_carea' id='block_1_12' title="bbox 509 1127 1475 1213">
    <p class='ocr_par' dir='ltr' id='par_1_12' title="bbox 509 1127 1475 1213">
     <span class='ocr_line' id='line_1_12' title="bbox 509 1127 1475 1213; baseline -0.005 -21"><span class='ocrx_word' id='word_1_62' title='bbox 509 1131 852 1213; x_wconf 83' lang='lat' dir='ltr'><strong>parochias,</strong></span> <span class='ocrx_word' id='word_1_63' title='bbox 888 1139 1033 1202; x_wconf 86' lang='lat' dir='ltr'><strong>etc.,</strong></span> <span class='ocrx_word' id='word_1_64' title='bbox 1064 1136 1131 1191; x_wconf 86' lang='lat' dir='ltr'><strong>ut</strong></span> <span class='ocrx_word' id='word_1_65' title='bbox 1157 1147 1300 1210; x_wconf 88' lang='lat' dir='ltr'><strong>pag.</strong></span> <span class='ocrx_word' id='word_1_66' title='bbox 1333 1127 1475 1189; x_wconf 84' lang='lat'><strong>650.</strong></span> 
     </span>
    </p>
   </div>
   <div class='ocr_carea' id='block_1_13' title="bbox 697 1217 1956 1293">
    <p class='ocr_par' dir='ltr' id='par_1_13' title="bbox 697 1217 1956 1293">
     <span class='ocr_line' id='line_1_13' title="bbox 697 1217 1956 1293; baseline -0.005 -9"><span class='ocrx_word' id='word_1_67' title='bbox 697 1220 955 1284; x_wconf 78' lang='lat' dir='ltr'><strong>Consilii</strong></span> <span class='ocrx_word' id='word_1_68' title='bbox 985 1218 1352 1283; x_wconf 81' lang='lat' dir='ltr'><strong>Surdicensi</strong></span> <span class='ocrx_word' id='word_1_69' title='bbox 1381 1235 1644 1280; x_wconf 75' lang='lat' dir='ltr'><strong>canones</strong></span> <span class='ocrx_word' id='word_1_70' title='bbox 1674 1217 1732 1290; x_wconf 90' lang='lat'><strong>3,</strong></span> <span class='ocrx_word' id='word_1_71' title='bbox 1767 1218 1825 1293; x_wconf 87' lang='lat'><strong>5,</strong></span> <span class='ocrx_word' id='word_1_72' title='bbox 1863 1219 1956 1280; x_wconf 77' lang='lat' dir='ltr'><strong>H.</strong></span> 
     </span>
    </p>
   </div>
   <div class='ocr_carea' id='block_1_14' title="bbox 588 1306 2145 1390">
    <p class='ocr_par' dir='ltr' id='par_1_14' title="bbox 588 1306 2145 1390">
     <span class='ocr_line' id='line_1_14' title="bbox 588 1306 2145 1390; baseline -0.006 -14"><span class='ocrx_word' id='word_1_73' title='bbox 588 1310 649 1376; x_wconf 88' lang='lat'>3.</span> <span class='ocrx_word' id='word_1_74' title='bbox 682 1310 864 1374; x_wconf 90' lang='lat' dir='ltr'><strong>Osius</strong></span> <span class='ocrx_word' id='word_1_75' title='bbox 894 1310 1217 1390; x_wconf 88' lang='lat' dir='ltr'><strong>episcopus</strong></span> <span class='ocrx_word' id='word_1_76' title='bbox 1246 1306 1393 1371; x_wconf 83' lang='lat' dir='ltr'><strong>dixit</strong></span> <span class='ocrx_word' id='word_1_77' title='bbox 1427 1328 1442 1371; x_wconf 90' lang='lat'><strong>:</strong></span> <span class='ocrx_word' id='word_1_78' title='bbox 1503 1308 1629 1369; x_wconf 80' lang='lat' dir='ltr'><strong>Hoc</strong></span> <span class='ocrx_word' id='word_1_79' title='bbox 1659 1325 1899 1388; x_wconf 87' lang='lat' dir='ltr'><strong>quoque</strong></span> <span class='ocrx_word' id='word_1_80' title='bbox 1927 1325 2145 1370; x_wconf 88' lang='lat' dir='ltr'><strong>neces-</strong></span> 
     </span>
    </p>
   </div>
   <div class='ocr_carea' id='block_1_15' title="bbox 510 1397 1882 1478">
    <p class='ocr_par' dir='ltr' id='par_1_15' title="bbox 510 1397 1882 1478">
     <span class='ocr_line' id='line_1_15' title="bbox 510 1397 1882 1478; baseline -0.004 -16"><span class='ocrx_word' id='word_1_81' title='bbox 510 1400 671 1463; x_wconf 88' lang='lat' dir='ltr'><strong>sario</strong></span> <span class='ocrx_word' id='word_1_82' title='bbox 701 1409 793 1462; x_wconf 90' lang='lat' dir='ltr'><strong>est</strong></span> <span class='ocrx_word' id='word_1_83' title='bbox 823 1397 1256 1478; x_wconf 85' lang='lat' dir='ltr'><strong>adjiciendum,</strong></span> <span class='ocrx_word' id='word_1_84' title='bbox 1289 1405 1433 1471; x_wconf 88' lang='lat' dir='ltr'><strong>etc.,</strong></span> <span class='ocrx_word' id='word_1_85' title='bbox 1466 1405 1535 1459; x_wconf 83' lang='lat' dir='ltr'><strong>ut</strong></span> <span class='ocrx_word' id='word_1_86' title='bbox 1565 1414 1706 1476; x_wconf 80' lang='lat' dir='ltr'><strong>pag.</strong></span> <span class='ocrx_word' id='word_1_87' title='bbox 1743 1398 1882 1457; x_wconf 71' lang='lat'><strong>4&#39;71.</strong></span> 
     </span>
    </p>
   </div>
   <div class='ocr_carea' id='block_1_16' title="bbox 587 1485 2149 1568">
    <p class='ocr_par' dir='ltr' id='par_1_16' title="bbox 587 1485 2149 1568">
     <span class='ocr_line' id='line_1_16' title="bbox 587 1485 2149 1568; baseline -0.003 -17"><span class='ocrx_word' id='word_1_88' title='bbox 587 1490 646 1553; x_wconf 86' lang='lat'><strong>5.</strong></span> <span class='ocrx_word' id='word_1_89' title='bbox 684 1488 863 1553; x_wconf 87' lang='lat' dir='ltr'><strong>Osius</strong></span> <span class='ocrx_word' id='word_1_90' title='bbox 913 1488 1235 1568; x_wconf 87' lang='lat' dir='ltr'><strong>episcopus</strong></span> <span class='ocrx_word' id='word_1_91' title='bbox 1293 1486 1444 1548; x_wconf 79' lang='lat' dir='ltr'><strong>dixit</strong></span> <span class='ocrx_word' id='word_1_92' title='bbox 1486 1508 1499 1545; x_wconf 93' lang='lat'><strong>:</strong></span> <span class='ocrx_word' id='word_1_93' title='bbox 1552 1485 1807 1561; x_wconf 83' lang='lat' dir='ltr'><strong>Placuit,</strong></span> <span class='ocrx_word' id='word_1_94' title='bbox 1839 1494 1902 1547; x_wconf 93' lang='lat' dir='ltr'><strong>ut</strong></span> <span class='ocrx_word' id='word_1_95' title='bbox 1933 1485 1983 1547; x_wconf 94' lang='lat' dir='ltr'><strong>si</strong></span> <span class='ocrx_word' id='word_1_96' title='bbox 2014 1486 2149 1567; x_wconf 89' lang='lat' dir='ltr'><strong>quis</strong></span> 
     </span>
    </p>
   </div>
   <div class='ocr_carea' id='block_1_17' title="bbox 512 1576 1962 1662">
    <p class='ocr_par' dir='ltr' id='par_1_17' title="bbox 512 1576 1962 1662">
     <span class='ocr_line' id='line_1_17' title="bbox 512 1576 1962 1662; baseline -0.003 -20"><span class='ocrx_word' id='word_1_97' title='bbox 512 1579 836 1662; x_wconf 86' lang='lat' dir='ltr'><strong>episcopus</strong></span> <span class='ocrx_word' id='word_1_98' title='bbox 864 1578 1100 1639; x_wconf 86' lang='lat' dir='ltr'><strong>delatus</strong></span> <span class='ocrx_word' id='word_1_99' title='bbox 1130 1576 1335 1655; x_wconf 83' lang='lat' dir='ltr'><strong>fuerit,</strong></span> <span class='ocrx_word' id='word_1_100' title='bbox 1368 1585 1513 1652; x_wconf 89' lang='lat' dir='ltr'><strong>etc.,</strong></span> <span class='ocrx_word' id='word_1_101' title='bbox 1549 1584 1615 1639; x_wconf 84' lang='lat' dir='ltr'><strong>ut</strong></span> <span class='ocrx_word' id='word_1_102' title='bbox 1646 1594 1790 1656; x_wconf 80' lang='lat' dir='ltr'><strong>pag.</strong></span> <span class='ocrx_word' id='word_1_103' title='bbox 1822 1578 1962 1637; x_wconf 81' lang='grc'><strong>471.</strong></span> 
     </span>
    </p>
   </div>
   <div class='ocr_carea' id='block_1_18' title="bbox 587 1665 2153 1749">
    <p class='ocr_par' dir='ltr' id='par_1_18' title="bbox 587 1665 2153 1749">
     <span class='ocr_line' id='line_1_18' title="bbox 587 1665 2153 1749; baseline -0.004 -17"><span class='ocrx_word' id='word_1_104' title='bbox 587 1670 722 1731; x_wconf 67' lang='grc' dir='ltr'>Ωὸι</span> <span class='ocrx_word' id='word_1_105' title='bbox 763 1666 1231 1749; x_wconf 79' lang='lat' dir='ltr'><strong>Responderunt</strong></span> <span class='ocrx_word' id='word_1_106' title='bbox 1277 1665 1550 1748; x_wconf 88' lang='lat' dir='ltr'><strong>episcopi</strong></span> <span class='ocrx_word' id='word_1_107' title='bbox 1585 1689 1598 1726; x_wconf 90' lang='lat'><strong>:</strong></span> <span class='ocrx_word' id='word_1_108' title='bbox 1655 1665 1795 1738; x_wconf 65' lang='lat' dir='ltr'><strong>Qua:</strong></span> <span class='ocrx_word' id='word_1_109' title='bbox 1825 1667 1984 1728; x_wconf 88' lang='lat' dir='ltr'><strong>dicta</strong></span> <span class='ocrx_word' id='word_1_110' title='bbox 2013 1673 2153 1727; x_wconf 89' lang='lat' dir='ltr'><strong>sunt</strong></span> 
     </span>
    </p>
   </div>
   <div class='ocr_carea' id='block_1_19' title="bbox 516 1760 895 1841">
    <p class='ocr_par' dir='ltr' id='par_1_19' title="bbox 516 1760 895 1841">
     <span class='ocr_line' id='line_1_19' title="bbox 516 1760 895 1841; baseline -0.011 -18"><span class='ocrx_word' id='word_1_111' title='bbox 516 1760 895 1841; x_wconf 89' lang='lat' dir='ltr'><strong>placuerunt.</strong></span> 
     </span>
    </p>
   </div>
   <div class='ocr_carea' id='block_1_20' title="bbox 595 1845 2153 1928">
    <p class='ocr_par' dir='ltr' id='par_1_20' title="bbox 595 1845 2153 1928">
     <span class='ocr_line' id='line_1_20' title="bbox 595 1845 2153 1928; baseline -0.003 -17"><span class='ocrx_word' id='word_1_112' title='bbox 595 1849 694 1912; x_wconf 79' lang='grc'><strong>14.</strong></span> <span class='ocrx_word' id='word_1_113' title='bbox 726 1847 904 1912; x_wconf 91' lang='lat' dir='ltr'><strong>Osius</strong></span> <span class='ocrx_word' id='word_1_114' title='bbox 935 1847 1254 1928; x_wconf 88' lang='lat' dir='ltr'><strong>episcopus</strong></span> <span class='ocrx_word' id='word_1_115' title='bbox 1283 1845 1431 1909; x_wconf 86' lang='lat' dir='ltr'><strong>dixit</strong></span> <span class='ocrx_word' id='word_1_116' title='bbox 1468 1869 1481 1911; x_wconf 91' lang='lat'><strong>:</strong></span> <span class='ocrx_word' id='word_1_117' title='bbox 1512 1845 1679 1919; x_wconf 89' lang='lat' dir='ltr'><strong>Quod</strong></span> <span class='ocrx_word' id='word_1_118' title='bbox 1705 1856 1903 1909; x_wconf 90' lang='lat' dir='ltr'><strong>autem</strong></span> <span class='ocrx_word' id='word_1_119' title='bbox 1929 1864 2022 1908; x_wconf 90' lang='lat' dir='ltr'><strong>me</strong></span> <span class='ocrx_word' id='word_1_120' title='bbox 2044 1865 2153 1908; x_wconf 89' lang='lat' dir='ltr'><strong>un-</strong></span> 
     </span>
    </p>
   </div>
   <div class='ocr_carea' id='block_1_21' title="bbox 517 1935 2155 2021">
    <p class='ocr_par' dir='ltr' id='par_1_21' title="bbox 517 1935 2155 2021">
     <span class='ocr_line' id='line_1_21' title="bbox 517 1935 2155 2021; baseline -0.003 -19"><span class='ocrx_word' id='word_1_121' title='bbox 517 1940 830 2021; x_wconf 89' lang='lat' dir='ltr'><strong>dequaque</strong></span> <span class='ocrx_word' id='word_1_122' title='bbox 853 1936 1339 2010; x_wconf 90' lang='lat' dir='ltr'><strong>movet,reticere</strong></span> <span class='ocrx_word' id='word_1_123' title='bbox 1360 1956 1477 1998; x_wconf 89' lang='lat' dir='ltr'><strong>non</strong></span> <span class='ocrx_word' id='word_1_124' title='bbox 1502 1936 1793 2000; x_wconf 90' lang='lat' dir='ltr'><strong>debeo.Si</strong></span> <span class='ocrx_word' id='word_1_125' title='bbox 1821 1935 2155 1998; x_wconf 88' lang='lat' dir='ltr'><strong>inveniatur</strong></span> 
     </span>
    </p>
   </div>
   <div class='ocr_carea' id='block_1_22' title="bbox 513 2024 2150 2111">
    <p class='ocr_par' dir='ltr' id='par_1_22' title="bbox 513 2024 2150 2111">
     <span class='ocr_line' id='line_1_22' title="bbox 513 2024 2150 2111; baseline -0.004 -19"><span class='ocrx_word' id='word_1_126' title='bbox 513 2030 650 2111; x_wconf 88' lang='lat' dir='ltr'><strong>quis</strong></span> <span class='ocrx_word' id='word_1_127' title='bbox 680 2028 1002 2108; x_wconf 89' lang='lat' dir='ltr'><strong>episcopus</strong></span> <span class='ocrx_word' id='word_1_128' title='bbox 1031 2026 1109 2088; x_wconf 83' lang='lat' dir='ltr'><strong>ad</strong></span> <span class='ocrx_word' id='word_1_129' title='bbox 1140 2025 1289 2087; x_wconf 90' lang='lat' dir='ltr'><strong>iram</strong></span> <span class='ocrx_word' id='word_1_130' title='bbox 1325 2044 1659 2106; x_wconf 84' lang='lat' dir='ltr'><strong>propensus</strong></span> <span class='ocrx_word' id='word_1_131' title='bbox 1689 2026 1874 2107; x_wconf 90' lang='lat' dir='ltr'><strong>(quod</strong></span> <span class='ocrx_word' id='word_1_132' title='bbox 1909 2024 2150 2104; x_wconf 87' lang='lat' dir='ltr'><strong>quidem</strong></span> 
     </span>
    </p>
   </div>
   <div class='ocr_carea' id='block_1_23' title="bbox 516 2113 2155 2197">
    <p class='ocr_par' dir='ltr' id='par_1_23' title="bbox 516 2113 2155 2197">
     <span class='ocr_line' id='line_1_23' title="bbox 516 2113 2155 2197; baseline -0.002 -17"><span class='ocrx_word' id='word_1_133' title='bbox 516 2118 590 2180; x_wconf 90' lang='lat' dir='ltr'><strong>ab</strong></span> <span class='ocrx_word' id='word_1_134' title='bbox 619 2115 924 2197; x_wconf 90' lang='lat' dir='ltr'><strong>ejusmodi</strong></span> <span class='ocrx_word' id='word_1_135' title='bbox 970 2114 1219 2177; x_wconf 90' lang='lat' dir='ltr'><strong>homine</strong></span> <span class='ocrx_word' id='word_1_136' title='bbox 1277 2113 1491 2177; x_wconf 88' lang='lat' dir='ltr'><strong>abesse</strong></span> <span class='ocrx_word' id='word_1_137' title='bbox 1541 2114 1747 2195; x_wconf 91' lang='lat' dir='ltr'><strong>debet)</strong></span> <span class='ocrx_word' id='word_1_138' title='bbox 1781 2124 1839 2176; x_wconf 86' lang='lat' dir='ltr'><strong>et</strong></span> <span class='ocrx_word' id='word_1_139' title='bbox 1868 2114 2155 2176; x_wconf 82' lang='lat' dir='ltr'><strong>adversus</strong></span> 
     </span>
    </p>
   </div>
   <div class='ocr_carea' id='block_1_24' title="bbox 518 2205 2152 2287">
    <p class='ocr_par' dir='ltr' id='par_1_24' title="bbox 518 2205 2152 2287">
     <span class='ocr_line' id='line_1_24' title="bbox 518 2205 2152 2287; baseline -0.003 -17"><span class='ocrx_word' id='word_1_140' title='bbox 518 2207 929 2287; x_wconf 78' lang='lat' dir='ltr'><strong>presbyterum</strong></span> <span class='ocrx_word' id='word_1_141' title='bbox 960 2205 1051 2267; x_wconf 91' lang='lat' dir='ltr'><strong>vel</strong></span> <span class='ocrx_word' id='word_1_142' title='bbox 1101 2205 1421 2267; x_wconf 89' lang='lat' dir='ltr'><strong>diaconum</strong></span> <span class='ocrx_word' id='word_1_143' title='bbox 1470 2205 1588 2266; x_wconf 92' lang='lat' dir='ltr'><strong>cito</strong></span> <span class='ocrx_word' id='word_1_144' title='bbox 1621 2215 1979 2280; x_wconf 87' lang='lat' dir='ltr'><strong>commotus,</strong></span> <span class='ocrx_word' id='word_1_145' title='bbox 2013 2222 2152 2266; x_wconf 90' lang='lat' dir='ltr'><strong>eum</strong></span> 
     </span>
    </p>
   </div>
   <div class='ocr_carea' id='block_1_25' title="bbox 514 2294 2156 2376">
    <p class='ocr_par' dir='ltr' id='par_1_25' title="bbox 514 2294 2156 2376">
     <span class='ocr_line' id='line_1_25' title="bbox 514 2294 2156 2376; baseline -0.003 -17"><span class='ocrx_word' id='word_1_146' title='bbox 514 2296 789 2359; x_wconf 83' lang='lat' dir='ltr'><strong>Ecclesia</strong></span> <span class='ocrx_word' id='word_1_147' title='bbox 818 2295 1044 2376; x_wconf 88' lang='lat' dir='ltr'><strong>ejicere</strong></span> <span class='ocrx_word' id='word_1_148' title='bbox 1071 2295 1329 2357; x_wconf 90' lang='lat' dir='ltr'><strong>voluerit</strong></span> <span class='ocrx_word' id='word_1_149' title='bbox 1356 2313 1372 2370; x_wconf 89' lang='lat'><strong>;</strong></span> <span class='ocrx_word' id='word_1_150' title='bbox 1405 2294 1839 2375; x_wconf 88' lang='lat' dir='ltr'><strong>providendum</strong></span> <span class='ocrx_word' id='word_1_151' title='bbox 1873 2304 1961 2357; x_wconf 88' lang='lat' dir='ltr'><strong>est</strong></span> <span class='ocrx_word' id='word_1_152' title='bbox 1996 2314 2073 2356; x_wconf 91' lang='lat' dir='ltr'><strong>ne</strong></span> <span class='ocrx_word' id='word_1_153' title='bbox 2106 2294 2156 2354; x_wconf 94' lang='lat' dir='ltr'><strong>is</strong></span> 
     </span>
    </p>
   </div>
   <div class='ocr_carea' id='block_1_26' title="bbox 515 2384 2152 2467">
    <p class='ocr_par' dir='ltr' id='par_1_26' title="bbox 515 2384 2152 2467">
     <span class='ocr_line' id='line_1_26' title="bbox 515 2384 2152 2467; baseline -0.001 -20"><span class='ocrx_word' id='word_1_154' title='bbox 515 2396 766 2467; x_wconf 86' lang='lat' dir='ltr'><strong>repente</strong></span> <span class='ocrx_word' id='word_1_155' title='bbox 797 2384 1266 2458; x_wconf 88' lang='lat' dir='ltr'><strong>condemnetur,</strong></span> <span class='ocrx_word' id='word_1_156' title='bbox 1292 2393 1351 2446; x_wconf 91' lang='lat' dir='ltr'><strong>et</strong></span> <span class='ocrx_word' id='word_1_157' title='bbox 1381 2384 1811 2446; x_wconf 89' lang='lat' dir='ltr'><strong>communione</strong></span> <span class='ocrx_word' id='word_1_158' title='bbox 1865 2386 2152 2465; x_wconf 87' lang='lat' dir='ltr'><strong>privetur.</strong></span> 
     </span>
    </p>
   </div>
   <div class='ocr_carea' id='block_1_27' title="bbox 596 2472 2127 2555">
    <p class='ocr_par' dir='ltr' id='par_1_27' title="bbox 596 2472 2127 2555">
     <span class='ocr_line' id='line_1_27' title="bbox 596 2472 2127 2555; baseline -0.001 -18"><span class='ocrx_word' id='word_1_159' title='bbox 596 2472 822 2539; x_wconf 90' lang='lat' dir='ltr'><strong>Omnes</strong></span> <span class='ocrx_word' id='word_1_160' title='bbox 854 2473 1122 2555; x_wconf 86' lang='lat' dir='ltr'><strong>episcopi</strong></span> <span class='ocrx_word' id='word_1_161' title='bbox 1154 2473 1435 2535; x_wconf 86' lang='lat' dir='ltr'><strong>dixerunt</strong></span> <span class='ocrx_word' id='word_1_162' title='bbox 1467 2493 1481 2534; x_wconf 91' lang='lat'>:</span> <span class='ocrx_word' id='word_1_163' title='bbox 1520 2473 1636 2546; x_wconf 87' lang='lat' dir='ltr'><strong>Qui</strong></span> <span class='ocrx_word' id='word_1_164' title='bbox 1668 2473 1926 2554; x_wconf 87' lang='lat' dir='ltr'><strong>ejicitur,</strong></span> <span class='ocrx_word' id='word_1_165' title='bbox 1958 2482 2127 2555; x_wconf 88' lang='lat' dir='ltr'><strong>potes</strong></span> 
     </span>
    </p>
   </div>
   <div class='ocr_carea' id='block_1_28' title="bbox 396 2562 2152 2647">
    <p class='ocr_par' dir='ltr' id='par_1_28' title="bbox 396 2562 2152 2647">
     <span class='ocr_line' id='line_1_28' title="bbox 396 2562 2152 2647; baseline -0.001 -20"><span class='ocrx_word' id='word_1_166' title='bbox 396 2636 413 2647; x_wconf 27' lang='grc' dir='ltr'>ε</span> <span class='ocrx_word' id='word_1_167' title='bbox 515 2573 695 2627; x_wconf 87' lang='lat' dir='ltr'><strong>tatem</strong></span> <span class='ocrx_word' id='word_1_168' title='bbox 726 2562 909 2626; x_wconf 89' lang='lat' dir='ltr'><strong>habet</strong></span> <span class='ocrx_word' id='word_1_169' title='bbox 938 2563 1323 2641; x_wconf 83' lang='lat' dir='ltr'><strong>confugiendi</strong></span> <span class='ocrx_word' id='word_1_170' title='bbox 1354 2562 1426 2624; x_wconf 88' lang='lat' dir='ltr'><strong>ad</strong></span> <span class='ocrx_word' id='word_1_171' title='bbox 1455 2562 1808 2644; x_wconf 87' lang='lat' dir='ltr'><strong>episcopum</strong></span> <span class='ocrx_word' id='word_1_172' title='bbox 1841 2576 2152 2643; x_wconf 82' lang='lat' dir='ltr'><strong>metropo-</strong></span> 
     </span>
    </p>
   </div>
   <div class='ocr_carea' id='block_1_29' title="bbox 518 2652 2157 2734">
    <p class='ocr_par' dir='ltr' id='par_1_29' title="bbox 518 2652 2157 2734">
     <span class='ocr_line' id='line_1_29' title="bbox 518 2652 2157 2734; baseline 0 -19"><span class='ocrx_word' id='word_1_173' title='bbox 518 2653 593 2715; x_wconf 83' lang='lat' dir='ltr'><strong>lis</strong></span> <span class='ocrx_word' id='word_1_174' title='bbox 622 2652 893 2734; x_wconf 89' lang='lat' dir='ltr'><strong>ejusdem</strong></span> <span class='ocrx_word' id='word_1_175' title='bbox 929 2653 1251 2733; x_wconf 70' lang='lat' dir='ltr'><strong>provincia:</strong></span> <span class='ocrx_word' id='word_1_176' title='bbox 1284 2673 1300 2714; x_wconf 87' lang='lat'><strong>:</strong></span> <span class='ocrx_word' id='word_1_177' title='bbox 1337 2655 1386 2714; x_wconf 92' lang='lat' dir='ltr'><strong>si</strong></span> <span class='ocrx_word' id='word_1_178' title='bbox 1418 2664 1618 2714; x_wconf 81' lang='lat' dir='ltr'><strong>autem</strong></span> <span class='ocrx_word' id='word_1_179' title='bbox 1663 2654 2157 2733; x_wconf 78' lang='lat' dir='ltr'><strong>metropolitanus</strong></span> 
     </span>
    </p>
   </div>
   <div class='ocr_carea' id='block_1_30' title="bbox 521 2740 2157 2822">
    <p class='ocr_par' dir='ltr' id='par_1_30' title="bbox 521 2740 2157 2822">
     <span class='ocr_line' id='line_1_30' title="bbox 521 2740 2157 2822; baseline 0 -17"><span class='ocrx_word' id='word_1_180' title='bbox 521 2741 714 2816; x_wconf 91' lang='lat' dir='ltr'><strong>abest,</strong></span> <span class='ocrx_word' id='word_1_181' title='bbox 746 2740 820 2804; x_wconf 87' lang='lat' dir='ltr'><strong>ad</strong></span> <span class='ocrx_word' id='word_1_182' title='bbox 868 2742 1188 2804; x_wconf 82' lang='lat' dir='ltr'><strong>ﬁnitimum</strong></span> <span class='ocrx_word' id='word_1_183' title='bbox 1245 2743 1671 2815; x_wconf 86' lang='lat' dir='ltr'><strong>concurrendi,</strong></span> <span class='ocrx_word' id='word_1_184' title='bbox 1725 2751 1783 2803; x_wconf 88' lang='lat' dir='ltr'><strong>et</strong></span> <span class='ocrx_word' id='word_1_185' title='bbox 1811 2743 2061 2822; x_wconf 88' lang='lat' dir='ltr'><strong>rogandi</strong></span> <span class='ocrx_word' id='word_1_186' title='bbox 2093 2752 2157 2805; x_wconf 93' lang='lat' dir='ltr'><strong>ut</strong></span> 
     </span>
    </p>
   </div>
   <div class='ocr_carea' id='block_1_31' title="bbox 522 2831 2156 2915">
    <p class='ocr_par' dir='ltr' id='par_1_31' title="bbox 522 2831 2156 2915">
     <span class='ocr_line' id='line_1_31' title="bbox 522 2831 2156 2915; baseline 0.001 -21"><span class='ocrx_word' id='word_1_187' title='bbox 522 2851 699 2895; x_wconf 90' lang='lat' dir='ltr'><strong>suum</strong></span> <span class='ocrx_word' id='word_1_188' title='bbox 758 2831 1063 2910; x_wconf 78' lang='lat' dir='ltr'><strong>negotium</strong></span> <span class='ocrx_word' id='word_1_189' title='bbox 1141 2840 1424 2894; x_wconf 89' lang='lat' dir='ltr'><strong>accurate</strong></span> <span class='ocrx_word' id='word_1_190' title='bbox 1484 2832 1883 2894; x_wconf 85' lang='lat' dir='ltr'><strong>examinetur.</strong></span> <span class='ocrx_word' id='word_1_191' title='bbox 1948 2835 2156 2915; x_wconf 87' lang='lat' dir='ltr'><strong>Neque</strong></span> 
     </span>
    </p>
   </div>
   <div class='ocr_carea' id='block_1_32' title="bbox 523 2920 2153 3002">
    <p class='ocr_par' dir='ltr' id='par_1_32' title="bbox 523 2920 2153 3002">
     <span class='ocr_line' id='line_1_32' title="bbox 523 2920 2153 3002; baseline 0.001 -18"><span class='ocrx_word' id='word_1_192' title='bbox 523 2922 686 2984; x_wconf 90' lang='lat' dir='ltr'><strong>enim</strong></span> <span class='ocrx_word' id='word_1_193' title='bbox 744 2940 863 2982; x_wconf 92' lang='lat' dir='ltr'><strong>non</strong></span> <span class='ocrx_word' id='word_1_194' title='bbox 924 2928 1065 2983; x_wconf 83' lang='lat' dir='ltr'><strong>sunt</strong></span> <span class='ocrx_word' id='word_1_195' title='bbox 1110 2938 1285 2983; x_wconf 89' lang='lat' dir='ltr'><strong>aures</strong></span> <span class='ocrx_word' id='word_1_196' title='bbox 1319 2920 1658 3001; x_wconf 63' lang='lat' dir='ltr'><strong>praebenda:</strong></span> <span class='ocrx_word' id='word_1_197' title='bbox 1687 2921 1761 2982; x_wconf 91' lang='lat' dir='ltr'><strong>iis</strong></span> <span class='ocrx_word' id='word_1_198' title='bbox 1787 2923 1887 3002; x_wconf 88' lang='lat' dir='ltr'><strong>qui</strong></span> <span class='ocrx_word' id='word_1_199' title='bbox 1920 2932 2153 3002; x_wconf 88' lang='lat' dir='ltr'><strong>rogant.</strong></span> 
     </span>
    </p>
   </div>
   <div class='ocr_carea' id='block_1_33' title="bbox 520 3007 2155 3091">
    <p class='ocr_par' dir='ltr' id='par_1_33' title="bbox 520 3007 2155 3091">
     <span class='ocr_line' id='line_1_33' title="bbox 520 3007 2155 3091; baseline 0 -17"><span class='ocrx_word' id='word_1_200' title='bbox 520 3009 631 3075; x_wconf 85' lang='lat' dir='ltr'><strong>Ille</strong></span> <span class='ocrx_word' id='word_1_201' title='bbox 660 3027 904 3091; x_wconf 89' lang='lat' dir='ltr'><strong>quoque</strong></span> <span class='ocrx_word' id='word_1_202' title='bbox 956 3007 1301 3090; x_wconf 89' lang='lat' dir='ltr'><strong>episcopus,</strong></span> <span class='ocrx_word' id='word_1_203' title='bbox 1336 3009 1436 3090; x_wconf 91' lang='lat' dir='ltr'><strong>qui</strong></span> <span class='ocrx_word' id='word_1_204' title='bbox 1475 3011 1614 3089; x_wconf 90' lang='lat' dir='ltr'><strong>jure</strong></span> <span class='ocrx_word' id='word_1_205' title='bbox 1648 3011 1739 3073; x_wconf 89' lang='lat' dir='ltr'><strong>vel</strong></span> <span class='ocrx_word' id='word_1_206' title='bbox 1769 3011 1991 3091; x_wconf 89' lang='lat' dir='ltr'><strong>injuria</strong></span> <span class='ocrx_word' id='word_1_207' title='bbox 2018 3032 2155 3074; x_wconf 86' lang='lat' dir='ltr'><strong>eum</strong></span> 
     </span>
    </p>
   </div>
   <div class='ocr_carea' id='block_1_34' title="bbox 526 3098 2217 3191">
    <p class='ocr_par' dir='ltr' id='par_1_34' title="bbox 526 3098 2217 3191">
     <span class='ocr_line' id='line_1_34' title="bbox 526 3098 2217 3191; baseline 0.001 -29"><span class='ocrx_word' id='word_1_208' title='bbox 526 3099 774 3191; x_wconf 79' lang='lat' dir='ltr'><strong>expulit,</strong></span> <span class='ocrx_word' id='word_1_209' title='bbox 806 3116 978 3179; x_wconf 60' lang='lat' dir='ltr'><strong>aequo</strong></span> <span class='ocrx_word' id='word_1_210' title='bbox 1005 3098 1209 3191; x_wconf 78' lang='lat' dir='ltr'><strong>animo</strong></span> <span class='ocrx_word' id='word_1_211' title='bbox 1244 3098 1403 3191; x_wconf 76' lang='lat' dir='ltr'><strong>ferre</strong></span> <span class='ocrx_word' id='word_1_212' title='bbox 1456 3098 1642 3161; x_wconf 90' lang='lat' dir='ltr'><strong>debet</strong></span> <span class='ocrx_word' id='word_1_213' title='bbox 1668 3108 1735 3160; x_wconf 89' lang='lat' dir='ltr'><strong>ut</strong></span> <span class='ocrx_word' id='word_1_214' title='bbox 1766 3102 1855 3162; x_wconf 91' lang='lat' dir='ltr'><strong>rei</strong></span> <span class='ocrx_word' id='word_1_215' title='bbox 1881 3101 1980 3191; x_wconf 76' lang='lat' dir='ltr'><strong>fiat</strong></span> <span class='ocrx_word' id='word_1_216' title='bbox 2008 3119 2153 3164; x_wconf 71' lang='lat' dir='ltr'><strong>esa-</strong></span> <span class='ocrx_word' id='word_1_217' title='bbox 2175 3140 2217 3191; x_wconf 72' lang='grc' dir='ltr'>ο</span> 
     </span>
    </p>
   </div>
   <div class='ocr_carea' id='block_1_35' title="bbox 528 3186 2157 3268">
    <p class='ocr_par' dir='ltr' id='par_1_35' title="bbox 528 3186 2157 3268">
     <span class='ocr_line' id='line_1_35' title="bbox 528 3186 2157 3268; baseline 0.002 -18"><span class='ocrx_word' id='word_1_218' title='bbox 528 3189 804 3261; x_wconf 88' lang='lat' dir='ltr'><strong>minatio,</strong></span> <span class='ocrx_word' id='word_1_219' title='bbox 838 3196 896 3249; x_wconf 90' lang='lat' dir='ltr'><strong>et</strong></span> <span class='ocrx_word' id='word_1_220' title='bbox 926 3186 1022 3249; x_wconf 89' lang='lat' dir='ltr'><strong>vel</strong></span> <span class='ocrx_word' id='word_1_221' title='bbox 1071 3188 1202 3268; x_wconf 89' lang='lat' dir='ltr'><strong>ejus</strong></span> <span class='ocrx_word' id='word_1_222' title='bbox 1251 3187 1646 3249; x_wconf 84' lang='lat' dir='ltr'><strong>conﬁrmetur</strong></span> <span class='ocrx_word' id='word_1_223' title='bbox 1691 3190 2015 3265; x_wconf 89' lang='lat' dir='ltr'><strong>sententia,</strong></span> <span class='ocrx_word' id='word_1_224' title='bbox 2066 3192 2157 3254; x_wconf 91' lang='lat' dir='ltr'><strong>vel</strong></span> 
     </span>
    </p>
   </div>
   <div class='ocr_carea' id='block_1_36' title="bbox 527 3276 2159 3358">
    <p class='ocr_par' dir='ltr' id='par_1_36' title="bbox 527 3276 2159 3358">
     <span class='ocr_line' id='line_1_36' title="bbox 527 3276 2159 3358; baseline 0.002 -18"><span class='ocrx_word' id='word_1_225' title='bbox 527 3276 890 3355; x_wconf 80' lang='lat' dir='ltr'><strong>corrigatur.</strong></span> <span class='ocrx_word' id='word_1_226' title='bbox 946 3276 1301 3358; x_wconf 88' lang='lat' dir='ltr'><strong>Priusquam</strong></span> <span class='ocrx_word' id='word_1_227' title='bbox 1351 3285 1546 3340; x_wconf 88' lang='lat' dir='ltr'><strong>autem</strong></span> <span class='ocrx_word' id='word_1_228' title='bbox 1600 3278 1929 3358; x_wconf 83' lang='lat' dir='ltr'><strong>diligenter</strong></span> <span class='ocrx_word' id='word_1_229' title='bbox 1983 3288 2043 3342; x_wconf 89' lang='lat' dir='ltr'><strong>et</strong></span> <span class='ocrx_word' id='word_1_230' title='bbox 2090 3300 2159 3343; x_wconf 80' lang='lat' dir='ltr'><strong>ex</strong></span> 
     </span>
    </p>
   </div>
   <div class='ocr_carea' id='block_1_37' title="bbox 529 3366 2158 3448">
    <p class='ocr_par' dir='ltr' id='par_1_37' title="bbox 529 3366 2158 3448">
     <span class='ocr_line' id='line_1_37' title="bbox 529 3366 2158 3448; baseline 0.002 -19"><span class='ocrx_word' id='word_1_231' title='bbox 529 3366 649 3429; x_wconf 85' lang='lat' dir='ltr'><strong>ﬁde</strong></span> <span class='ocrx_word' id='word_1_232' title='bbox 699 3367 931 3446; x_wconf 86' lang='lat' dir='ltr'><strong>singula</strong></span> <span class='ocrx_word' id='word_1_233' title='bbox 986 3367 1325 3428; x_wconf 76' lang='lat' dir='ltr'><strong>examinata</strong></span> <span class='ocrx_word' id='word_1_234' title='bbox 1371 3366 1615 3442; x_wconf 80' lang='lat' dir='ltr'><strong>fuerint,</strong></span> <span class='ocrx_word' id='word_1_235' title='bbox 1651 3368 1750 3448; x_wconf 88' lang='lat' dir='ltr'><strong>qui</strong></span> <span class='ocrx_word' id='word_1_236' title='bbox 1782 3372 2158 3433; x_wconf 80' lang='lat' dir='ltr'><strong>communio-</strong></span> 
     </span>
    </p>
   </div>
   <div class='ocr_carea' id='block_1_38' title="bbox 521 3454 2160 3536">
    <p class='ocr_par' dir='ltr' id='par_1_38' title="bbox 521 3454 2160 3536">
     <span class='ocr_line' id='line_1_38' title="bbox 521 3454 2160 3536; baseline 0.002 -18"><span class='ocrx_word' id='word_1_237' title='bbox 521 3475 660 3518; x_wconf 89' lang='lat' dir='ltr'><strong>nem</strong></span> <span class='ocrx_word' id='word_1_238' title='bbox 694 3474 813 3518; x_wconf 89' lang='lat' dir='ltr'><strong>non</strong></span> <span class='ocrx_word' id='word_1_239' title='bbox 842 3455 1044 3532; x_wconf 82' lang='lat' dir='ltr'><strong>habet,</strong></span> <span class='ocrx_word' id='word_1_240' title='bbox 1078 3474 1198 3518; x_wconf 90' lang='lat' dir='ltr'><strong>non</strong></span> <span class='ocrx_word' id='word_1_241' title='bbox 1229 3454 1414 3517; x_wconf 88' lang='lat' dir='ltr'><strong>debet</strong></span> <span class='ocrx_word' id='word_1_242' title='bbox 1451 3464 1587 3517; x_wconf 91' lang='lat' dir='ltr'><strong>ante</strong></span> <span class='ocrx_word' id='word_1_243' title='bbox 1634 3458 1719 3519; x_wconf 87' lang='lat' dir='ltr'><strong>rei</strong></span> <span class='ocrx_word' id='word_1_244' title='bbox 1751 3459 2160 3536; x_wconf 85' lang='lat' dir='ltr'><strong>cognitionem</strong></span> 
     </span>
    </p>
   </div>
   <div class='ocr_carea' id='block_1_39' title="bbox 524 3545 2160 3625">
    <p class='ocr_par' dir='ltr' id='par_1_39' title="bbox 524 3545 2160 3625">
     <span class='ocr_line' id='line_1_39' title="bbox 524 3545 2160 3625; baseline 0.001 -17"><span class='ocrx_word' id='word_1_245' title='bbox 524 3545 642 3609; x_wconf 82' lang='lat' dir='ltr'><strong>sibi</strong></span> <span class='ocrx_word' id='word_1_246' title='bbox 699 3546 1186 3609; x_wconf 88' lang='lat' dir='ltr'><strong>communionem</strong></span> <span class='ocrx_word' id='word_1_247' title='bbox 1245 3563 1552 3625; x_wconf 83' lang='lat' dir='ltr'><strong>arrogare.</strong></span> <span class='ocrx_word' id='word_1_248' title='bbox 1609 3545 1668 3609; x_wconf 91' lang='lat' dir='ltr'><strong>Si</strong></span> <span class='ocrx_word' id='word_1_249' title='bbox 1725 3556 1923 3611; x_wconf 87' lang='lat' dir='ltr'><strong>autem</strong></span> <span class='ocrx_word' id='word_1_250' title='bbox 1958 3549 2160 3612; x_wconf 88' lang='lat' dir='ltr'><strong>clerici</strong></span> 
     </span>
    </p>
   </div>
   <div class='ocr_carea' id='block_1_40' title="bbox 525 3635 2161 3717">
    <p class='ocr_par' dir='ltr' id='par_1_40' title="bbox 525 3635 2161 3717">
     <span class='ocr_line' id='line_1_40' title="bbox 525 3635 2161 3717; baseline 0.001 -19"><span class='ocrx_word' id='word_1_251' title='bbox 525 3636 710 3717; x_wconf 91' lang='lat' dir='ltr'><strong>aliqui</strong></span> <span class='ocrx_word' id='word_1_252' title='bbox 739 3636 1156 3711; x_wconf 87' lang='lat' dir='ltr'><strong>convenerint,</strong></span> <span class='ocrx_word' id='word_1_253' title='bbox 1194 3643 1252 3698; x_wconf 91' lang='lat' dir='ltr'><strong>et</strong></span> <span class='ocrx_word' id='word_1_254' title='bbox 1313 3635 1447 3715; x_wconf 89' lang='lat' dir='ltr'><strong>ejus</strong></span> <span class='ocrx_word' id='word_1_255' title='bbox 1499 3635 1845 3717; x_wconf 84' lang='lat' dir='ltr'><strong>superbiam</strong></span> <span class='ocrx_word' id='word_1_256' title='bbox 1897 3648 1958 3702; x_wconf 91' lang='lat' dir='ltr'><strong>et</strong></span> <span class='ocrx_word' id='word_1_257' title='bbox 1984 3657 2161 3701; x_wconf 87' lang='lat' dir='ltr'><strong>arro-</strong></span> 
     </span>
    </p>
   </div>
   <div class='ocr_carea' id='block_1_41' title="bbox 520 3724 2161 3806">
    <p class='ocr_par' dir='ltr' id='par_1_41' title="bbox 520 3724 2161 3806">
     <span class='ocr_line' id='line_1_41' title="bbox 520 3724 2161 3806; baseline 0.002 -20"><span class='ocrx_word' id='word_1_258' title='bbox 520 3725 785 3804; x_wconf 79' lang='lat' dir='ltr'><strong>gantiam</strong></span> <span class='ocrx_word' id='word_1_259' title='bbox 845 3724 1145 3803; x_wconf 86' lang='lat' dir='ltr'><strong>viderint;</strong></span> <span class='ocrx_word' id='word_1_260' title='bbox 1204 3725 1347 3806; x_wconf 88' lang='lat' dir='ltr'><strong>quia</strong></span> <span class='ocrx_word' id='word_1_261' title='bbox 1379 3744 1499 3787; x_wconf 92' lang='lat' dir='ltr'><strong>non</strong></span> <span class='ocrx_word' id='word_1_262' title='bbox 1533 3729 1811 3789; x_wconf 89' lang='lat' dir='ltr'><strong>convenit</strong></span> <span class='ocrx_word' id='word_1_263' title='bbox 1839 3737 2161 3791; x_wconf 90' lang='lat' dir='ltr'><strong>contume-</strong></span> 
     </span>
    </p>
   </div>
   <div class='ocr_carea' id='block_1_42' title="bbox 517 3815 2163 3898">
    <p class='ocr_par' dir='ltr' id='par_1_42' title="bbox 517 3815 2163 3898">
     <span class='ocr_line' id='line_1_42' title="bbox 517 3815 2163 3898; baseline 0.002 -21"><span class='ocrx_word' id='word_1_264' title='bbox 517 3815 663 3878; x_wconf 91' lang='lat' dir='ltr'><strong>liam</strong></span> <span class='ocrx_word' id='word_1_265' title='bbox 697 3815 789 3878; x_wconf 88' lang='lat' dir='ltr'><strong>vel</strong></span> <span class='ocrx_word' id='word_1_266' title='bbox 819 3815 1099 3896; x_wconf 88' lang='lat' dir='ltr'><strong>injustam</strong></span> <span class='ocrx_word' id='word_1_267' title='bbox 1134 3815 1681 3896; x_wconf 83' lang='lat' dir='ltr'><strong>expostulationem</strong></span> <span class='ocrx_word' id='word_1_268' title='bbox 1715 3818 1857 3898; x_wconf 90' lang='lat' dir='ltr'><strong>pati,</strong></span> <span class='ocrx_word' id='word_1_269' title='bbox 1891 3818 2163 3882; x_wconf 87' lang='lat' dir='ltr'><strong>acerbio-</strong></span> 
     </span>
    </p>
   </div>
   <div class='ocr_carea' id='block_1_43' title="bbox 518 3902 2160 3983">
    <p class='ocr_par' dir='ltr' id='par_1_43' title="bbox 518 3902 2160 3983">
     <span class='ocr_line' id='line_1_43' title="bbox 518 3902 2160 3983; baseline 0.001 -15"><span class='ocrx_word' id='word_1_270' title='bbox 518 3902 689 3968; x_wconf 83' lang='lat' dir='ltr'><strong>ribus</strong></span> <span class='ocrx_word' id='word_1_271' title='bbox 747 3912 808 3966; x_wconf 88' lang='lat' dir='ltr'><strong>et</strong></span> <span class='ocrx_word' id='word_1_272' title='bbox 849 3903 1225 3983; x_wconf 82' lang='lat' dir='ltr'><strong>gravioribus</strong></span> <span class='ocrx_word' id='word_1_273' title='bbox 1273 3905 1472 3967; x_wconf 86' lang='lat' dir='ltr'><strong>verbis</strong></span> <span class='ocrx_word' id='word_1_274' title='bbox 1519 3925 1657 3967; x_wconf 87' lang='lat' dir='ltr'><strong>eum</strong></span> <span class='ocrx_word' id='word_1_275' title='bbox 1709 3906 1932 3969; x_wconf 91' lang='lat' dir='ltr'><strong>debent</strong></span> <span class='ocrx_word' id='word_1_276' title='bbox 1962 3908 2160 3970; x_wconf 89' lang='lat' dir='ltr'><strong>corri-</strong></span> 
     </span>
    </p>
   </div>
   <div class='ocr_carea' id='block_1_44' title="bbox 518 3992 2163 4076">
    <p class='ocr_par' dir='ltr' id='par_1_44' title="bbox 518 3992 2163 4076">
     <span class='ocr_line' id='line_1_44' title="bbox 518 3992 2163 4076; baseline 0.003 -21"><span class='ocrx_word' id='word_1_277' title='bbox 518 4011 683 4072; x_wconf 83' lang='lat' dir='ltr'><strong>gere,</strong></span> <span class='ocrx_word' id='word_1_278' title='bbox 720 4001 783 4055; x_wconf 92' lang='lat' dir='ltr'><strong>ut</strong></span> <span class='ocrx_word' id='word_1_279' title='bbox 814 3996 868 4055; x_wconf 91' lang='lat' dir='ltr'><strong>ei</strong></span> <span class='ocrx_word' id='word_1_280' title='bbox 922 3992 1223 4076; x_wconf 88' lang='lat' dir='ltr'><strong>quijubet</strong></span> <span class='ocrx_word' id='word_1_281' title='bbox 1269 4013 1401 4075; x_wconf 59' lang='lat' dir='ltr'><strong>quae</strong></span> <span class='ocrx_word' id='word_1_282' title='bbox 1450 3993 1693 4071; x_wconf 91' lang='lat' dir='ltr'><strong>decent,</strong></span> <span class='ocrx_word' id='word_1_283' title='bbox 1745 3996 2073 4059; x_wconf 88' lang='lat' dir='ltr'><strong>inserviant</strong></span> <span class='ocrx_word' id='word_1_284' title='bbox 2104 4007 2163 4060; x_wconf 92' lang='lat' dir='ltr'><strong>et</strong></span> 
     </span>
    </p>
   </div>
   <div class='ocr_carea' id='block_1_45' title="bbox 518 4082 2162 4164">
    <p class='ocr_par' dir='ltr' id='par_1_45' title="bbox 518 4082 2162 4164">
     <span class='ocr_line' id='line_1_45' title="bbox 518 4082 2162 4164; baseline 0.004 -20"><span class='ocrx_word' id='word_1_285' title='bbox 518 4082 828 4147; x_wconf 89' lang='lat' dir='ltr'><strong>obediant.</strong></span> <span class='ocrx_word' id='word_1_286' title='bbox 870 4082 1037 4146; x_wconf 91' lang='lat' dir='ltr'><strong>Sicut</strong></span> <span class='ocrx_word' id='word_1_287' title='bbox 1066 4084 1225 4145; x_wconf 90' lang='lat' dir='ltr'><strong>enim</strong></span> <span class='ocrx_word' id='word_1_288' title='bbox 1279 4083 1459 4145; x_wconf 90' lang='lat' dir='ltr'><strong>debet</strong></span> <span class='ocrx_word' id='word_1_289' title='bbox 1504 4083 1836 4164; x_wconf 87' lang='lat' dir='ltr'><strong>episcopus</strong></span> <span class='ocrx_word' id='word_1_290' title='bbox 1868 4086 2162 4150; x_wconf 90' lang='lat' dir='ltr'><strong>ministris</strong></span> 
     </span>
    </p>
   </div>
   <div class='ocr_carea' id='block_1_46' title="bbox 2235 494 3835 577">
    <p class='ocr_par' dir='ltr' id='par_1_46' title="bbox 2235 494 3835 577">
     <span class='ocr_line' id='line_1_46' title="bbox 2235 494 3835 577; baseline 0.002 -25"><span class='ocrx_word' id='word_1_291' title='bbox 2235 496 2505 575; x_wconf 68' lang='grc' dir='ltr'>ενέγκοιεν</span> <span class='ocrx_word' id='word_1_292' title='bbox 2548 502 2753 577; x_wconf 74' lang='grc' dir='ltr'>ψῆφον,</span> <span class='ocrx_word' id='word_1_293' title='bbox 2817 503 3003 553; x_wconf 79' lang='grc' dir='ltr'>τοῦτον</span> <span class='ocrx_word' id='word_1_294' title='bbox 3034 494 3230 570; x_wconf 81' lang='grc' dir='ltr'>μηκέτι</span> <span class='ocrx_word' id='word_1_295' title='bbox 3261 494 3389 574; x_wconf 81' lang='grc' dir='ltr'>παρ’</span> <span class='ocrx_word' id='word_1_296' title='bbox 3416 495 3611 573; x_wconf 83' lang='grc' dir='ltr'>ἑτέροις</span> <span class='ocrx_word' id='word_1_297' title='bbox 3641 496 3835 569; x_wconf 76' lang='grc' dir='ltr'>δικάζε-</span> 
     </span>
    </p>
   </div>
   <div class='ocr_carea' id='block_1_47' title="bbox 2232 583 3836 663">
    <p class='ocr_par' dir='ltr' id='par_1_47' title="bbox 2232 583 3836 663">
     <span class='ocr_line' id='line_1_47' title="bbox 2232 583 3836 663; baseline 0.001 -21"><span class='ocrx_word' id='word_1_298' title='bbox 2232 590 2375 660; x_wconf 82' lang='grc' dir='ltr'>σθαι,</span> <span class='ocrx_word' id='word_1_299' title='bbox 2408 585 2550 642; x_wconf 73' lang='grc' dir='ltr'>ἀλλὰ</span> <span class='ocrx_word' id='word_1_300' title='bbox 2596 587 2775 662; x_wconf 74' lang='grc' dir='ltr'>μένειν</span> <span class='ocrx_word' id='word_1_301' title='bbox 2826 583 3046 663; x_wconf 78' lang='grc' dir='ltr'>βεϐαίαν</span> <span class='ocrx_word' id='word_1_302' title='bbox 3075 588 3175 652; x_wconf 77' lang='grc' dir='ltr'>τὴν</span> <span class='ocrx_word' id='word_1_303' title='bbox 3204 586 3485 662; x_wconf 74' lang='grc' dir='ltr'><strong>σύμφωνον</strong></span> <span class='ocrx_word' id='word_1_304' title='bbox 3513 593 3614 643; x_wconf 78' lang='grc' dir='ltr'>τῶν</span> <span class='ocrx_word' id='word_1_305' title='bbox 3643 588 3722 645; x_wconf 84' lang='grc' dir='ltr'>ἐπὶ</span> <span class='ocrx_word' id='word_1_306' title='bbox 3748 593 3836 655; x_wconf 79' lang='grc' dir='ltr'>τῆς</span> 
     </span>
    </p>
   </div>
   <div class='ocr_carea' id='block_1_48' title="bbox 2231 676 3154 756">
    <p class='ocr_par' dir='ltr' id='par_1_48' title="bbox 2231 676 3154 756">
     <span class='ocr_line' id='line_1_48' title="bbox 2231 676 3154 756; baseline 0.001 -24"><span class='ocrx_word' id='word_1_307' title='bbox 2231 676 2495 756; x_wconf 79' lang='grc' dir='ltr'>ἐπαρχίας</span> <span class='ocrx_word' id='word_1_308' title='bbox 2528 676 2838 732; x_wconf 83' lang='grc' dir='ltr'>ἐπισκόπων</span> <span class='ocrx_word' id='word_1_309' title='bbox 2863 676 3154 754; x_wconf 77' lang='grc' dir='ltr'>ἀπόφασιν.</span> 
     </span>
    </p>
   </div>
   <div class='ocr_carea' id='block_1_49' title="bbox 2478 763 3575 837">
    <p class='ocr_par' dir='ltr' id='par_1_49' title="bbox 2478 763 3575 837">
     <span class='ocr_line' id='line_1_49' title="bbox 2478 763 3575 837; baseline -0.003 -16"><span class='ocrx_word' id='word_1_310' title='bbox 2478 763 2707 825; x_wconf 84' lang='grc' dir='ltr'>Συνόδου</span> <span class='ocrx_word' id='word_1_311' title='bbox 2763 764 3105 831; x_wconf 75' lang='grc' dir='ltr'>Χαλκηδόνος</span> <span class='ocrx_word' id='word_1_312' title='bbox 3148 765 3327 820; x_wconf 83' lang='grc' dir='ltr'>κανὼν</span> <span class='ocrx_word' id='word_1_313' title='bbox 3366 764 3439 837; x_wconf 84' lang='grc' dir='ltr'>θ’,</span> <span class='ocrx_word' id='word_1_314' title='bbox 3487 766 3575 835; x_wconf 83' lang='grc' dir='ltr'>ιζ’,</span> 
     </span>
    </p>
   </div>
   <div class='ocr_carea' id='block_1_50' title="bbox 2309 844 3843 934">
    <p class='ocr_par' dir='ltr' id='par_1_50' title="bbox 2309 844 3843 934">
     <span class='ocr_line' id='line_1_50' title="bbox 2309 844 3843 934; baseline -0.001 -23"><span class='ocrx_word' id='word_1_315' title='bbox 2309 844 2381 917; x_wconf 70' lang='grc' dir='ltr'>θ’.</span> <span class='ocrx_word' id='word_1_316' title='bbox 2418 855 2483 913; x_wconf 76' lang='grc' dir='ltr'><strong>Εἴ</strong></span> <span class='ocrx_word' id='word_1_317' title='bbox 2525 876 2607 919; x_wconf 88' lang='grc' dir='ltr'><strong>τις</strong></span> <span class='ocrx_word' id='word_1_318' title='bbox 2650 854 2912 934; x_wconf 83' lang='grc' dir='ltr'>κληρικὸς</span> <span class='ocrx_word' id='word_1_319' title='bbox 2963 856 3092 933; x_wconf 81' lang='grc' dir='ltr'>πρὸς</span> <span class='ocrx_word' id='word_1_320' title='bbox 3158 852 3418 931; x_wconf 77' lang='grc' dir='ltr'>κληρικον</span> <span class='ocrx_word' id='word_1_321' title='bbox 3459 861 3672 933; x_wconf 80' lang='grc' dir='ltr'>πρᾶγμα</span> <span class='ocrx_word' id='word_1_322' title='bbox 3710 854 3843 934; x_wconf 79' lang='grc' dir='ltr'>ἔχει,</span> 
     </span>
    </p>
   </div>
   <div class='ocr_carea' id='block_1_51' title="bbox 2229 951 2465 1009">
    <p class='ocr_par' dir='ltr' id='par_1_51' title="bbox 2229 951 2465 1009">
     <span class='ocr_line' id='line_1_51' title="bbox 2229 951 2465 1009; baseline 0.017 -4"><span class='ocrx_word' id='word_1_323' title='bbox 2229 959 2289 1005; x_wconf 76' lang='grc' dir='ltr'><strong>κ.</strong></span> <span class='ocrx_word' id='word_1_324' title='bbox 2322 968 2371 1007; x_wconf 89' lang='grc' dir='ltr'>τ.</span> <span class='ocrx_word' id='word_1_325' title='bbox 2409 951 2465 1009; x_wconf 80' lang='grc' dir='ltr'>λ.</span> 
     </span>
    </p>
   </div>
   <div class='ocr_carea' id='block_1_52' title="bbox 2312 1026 3846 1114">
    <p class='ocr_par' dir='ltr' id='par_1_52' title="bbox 2312 1026 3846 1114">
     <span class='ocr_line' id='line_1_52' title="bbox 2312 1026 3846 1114; baseline -0.001 -23"><span class='ocrx_word' id='word_1_326' title='bbox 2312 1026 2405 1107; x_wconf 79' lang='grc' dir='ltr'>ιζ’.</span> <span class='ocrx_word' id='word_1_327' title='bbox 2454 1037 2557 1097; x_wconf 81' lang='grc' dir='ltr'>Τὰς</span> <span class='ocrx_word' id='word_1_328' title='bbox 2589 1032 2709 1092; x_wconf 84' lang='grc' dir='ltr'>καθ’</span> <span class='ocrx_word' id='word_1_329' title='bbox 2743 1036 2977 1102; x_wconf 75' lang='grc' dir='ltr'>ἑκάστην</span> <span class='ocrx_word' id='word_1_330' title='bbox 3026 1032 3354 1100; x_wconf 75' lang='grc' dir='ltr'><strong>Ἐκκλησίαν</strong></span> <span class='ocrx_word' id='word_1_331' title='bbox 3404 1035 3706 1114; x_wconf 73' lang='grc' dir='ltr'>ἀγροικικᾶς</span> <span class='ocrx_word' id='word_1_332' title='bbox 3747 1056 3846 1090; x_wconf 65' lang='grc' dir='ltr'><strong>παν</strong></span> 
     </span>
    </p>
   </div>
   <div class='ocr_carea' id='block_1_53' title="bbox 2235 1124 2731 1206">
    <p class='ocr_par' dir='ltr' id='par_1_53' title="bbox 2235 1124 2731 1206">
     <span class='ocr_line' id='line_1_53' title="bbox 2235 1124 2731 1206; baseline 0.006 -23"><span class='ocrx_word' id='word_1_333' title='bbox 2235 1126 2467 1206; x_wconf 86' lang='grc' dir='ltr'>ροικίας,</span> <span class='ocrx_word' id='word_1_334' title='bbox 2497 1149 2554 1187; x_wconf 90' lang='grc' dir='ltr'><strong>κ.</strong></span> <span class='ocrx_word' id='word_1_335' title='bbox 2589 1148 2641 1186; x_wconf 86' lang='grc' dir='ltr'><strong>τ.</strong></span> <span class='ocrx_word' id='word_1_336' title='bbox 2674 1124 2731 1186; x_wconf 88' lang='grc' dir='ltr'><strong>λ.</strong></span> 
     </span>
    </p>
   </div>
   <div class='ocr_carea' id='block_1_54' title="bbox 2542 1211 3559 1293">
    <p class='ocr_par' dir='ltr' id='par_1_54' title="bbox 2542 1211 3559 1293">
     <span class='ocr_line' id='line_1_54' title="bbox 2542 1211 3559 1293; baseline 0.001 -22"><span class='ocrx_word' id='word_1_337' title='bbox 2542 1213 2773 1272; x_wconf 81' lang='grc' dir='ltr'>Συνόδου</span> <span class='ocrx_word' id='word_1_338' title='bbox 2804 1213 3069 1293; x_wconf 78' lang='grc' dir='ltr'>Σαρδικῆς</span> <span class='ocrx_word' id='word_1_339' title='bbox 3101 1215 3278 1271; x_wconf 87' lang='grc' dir='ltr'>κανὼν</span> <span class='ocrx_word' id='word_1_340' title='bbox 3309 1213 3361 1291; x_wconf 82' lang='grc' dir='ltr'><strong>γ’</strong></span> <span class='ocrx_word' id='word_1_341' title='bbox 3394 1213 3439 1269; x_wconf 85' lang='grc' dir='ltr'>ε’</span> <span class='ocrx_word' id='word_1_342' title='bbox 3470 1211 3559 1272; x_wconf 80' lang='grc' dir='ltr'>ιδ’.</span> 
     </span>
    </p>
   </div>
   <div class='ocr_carea' id='block_1_55' title="bbox 2314 1304 3851 1385">
    <p class='ocr_par' dir='ltr' id='par_1_55' title="bbox 2314 1304 3851 1385">
     <span class='ocr_line' id='line_1_55' title="bbox 2314 1304 3851 1385; baseline -0.003 -20"><span class='ocrx_word' id='word_1_343' title='bbox 2314 1307 2392 1385; x_wconf 84' lang='grc' dir='ltr'><strong>γ’.</strong></span> <span class='ocrx_word' id='word_1_344' title='bbox 2424 1305 2614 1371; x_wconf 67' lang='lat' dir='ltr'><strong>&quot;Ocno:</strong></span> <span class='ocrx_word' id='word_1_345' title='bbox 2670 1306 2964 1369; x_wconf 72' lang='grc' dir='ltr'>ἐπίσκοπος</span> <span class='ocrx_word' id='word_1_346' title='bbox 2994 1308 3152 1361; x_wconf 84' lang='grc' dir='ltr'>εἶπεν</span> <span class='ocrx_word' id='word_1_347' title='bbox 3187 1320 3200 1333; x_wconf 84' lang='grc'><strong>’</strong></span> <span class='ocrx_word' id='word_1_348' title='bbox 3235 1304 3569 1381; x_wconf 77' lang='grc' dir='ltr'>Ἀναγκαῖον</span> <span class='ocrx_word' id='word_1_349' title='bbox 3599 1304 3684 1360; x_wconf 86' lang='grc' dir='ltr'><strong>καὶ</strong></span> <span class='ocrx_word' id='word_1_350' title='bbox 3709 1307 3851 1361; x_wconf 72' lang='grc' dir='ltr'>τούτο</span> 
     </span>
    </p>
   </div>
   <div class='ocr_carea' id='block_1_56' title="bbox 2232 1393 2877 1475">
    <p class='ocr_par' dir='ltr' id='par_1_56' title="bbox 2232 1393 2877 1475">
     <span class='ocr_line' id='line_1_56' title="bbox 2232 1393 2877 1475; baseline -0.005 -22"><span class='ocrx_word' id='word_1_351' title='bbox 2232 1398 2616 1475; x_wconf 70' lang='grc' dir='ltr'><strong>προστεθῆναι,</strong></span> <span class='ocrx_word' id='word_1_352' title='bbox 2649 1416 2706 1457; x_wconf 90' lang='grc' dir='ltr'>κ,</span> <span class='ocrx_word' id='word_1_353' title='bbox 2737 1417 2791 1458; x_wconf 88' lang='grc' dir='ltr'><strong>τ,</strong></span> <span class='ocrx_word' id='word_1_354' title='bbox 2822 1393 2877 1454; x_wconf 94' lang='grc' dir='ltr'>λ.</span> 
     </span>
    </p>
   </div>
   <div class='ocr_carea' id='block_1_57' title="bbox 2311 1485 3216 1549">
    <p class='ocr_par' dir='ltr' id='par_1_57' title="bbox 2311 1485 3216 1549">
     <span class='ocr_line' id='line_1_57' title="bbox 2311 1485 3216 1549; baseline -0.003 -8"><span class='ocrx_word' id='word_1_355' title='bbox 2311 1486 2384 1547; x_wconf 88' lang='grc' dir='ltr'><strong>ε’,</strong></span> <span class='ocrx_word' id='word_1_356' title='bbox 2416 1485 2603 1549; x_wconf 86' lang='grc' dir='ltr'>Ὀσιος</span> <span class='ocrx_word' id='word_1_357' title='bbox 2660 1485 2950 1547; x_wconf 75' lang='grc' dir='ltr'>ἐπίσκοπος</span> <span class='ocrx_word' id='word_1_358' title='bbox 3011 1488 3167 1541; x_wconf 78' lang='grc' dir='ltr'>εἶπεν</span> <span class='ocrx_word' id='word_1_359' title='bbox 3200 1529 3216 1546; x_wconf 91' lang='grc'><strong>,</strong></span> 
     </span>
    </p>
   </div>
   <div class='ocr_carea' id='block_1_58' title="bbox 2234 1572 3238 1653">
    <p class='ocr_par' dir='ltr' id='par_1_58' title="bbox 2234 1572 3238 1653">
     <span class='ocr_line' id='line_1_58' title="bbox 2234 1572 3238 1653; baseline -0.005 -20"><span class='ocrx_word' id='word_1_360' title='bbox 2234 1576 2528 1640; x_wconf 75' lang='grc' dir='ltr'>ἐπίσκοπος</span> <span class='ocrx_word' id='word_1_361' title='bbox 2563 1574 2977 1653; x_wconf 82' lang='grc' dir='ltr'>καταγγελθείη,</span> <span class='ocrx_word' id='word_1_362' title='bbox 3008 1595 3063 1634; x_wconf 92' lang='grc' dir='ltr'><strong>κ.</strong></span> <span class='ocrx_word' id='word_1_363' title='bbox 3096 1596 3148 1636; x_wconf 85' lang='grc' dir='ltr'><strong>τ,</strong></span> <span class='ocrx_word' id='word_1_364' title='bbox 3183 1572 3238 1636; x_wconf 86' lang='grc' dir='ltr'><strong>λ,</strong></span> 
     </span>
    </p>
   </div>
   <div class='ocr_carea' id='block_1_59' title="bbox 2314 1663 3777 1745">
    <p class='ocr_par' dir='ltr' id='par_1_59' title="bbox 2314 1663 3777 1745">
     <span class='ocr_line' id='line_1_59' title="bbox 2314 1663 3777 1745; baseline -0.004 -22"><span class='ocrx_word' id='word_1_365' title='bbox 2314 1665 2697 1742; x_wconf 83' lang='grc' dir='ltr'>Ἀπεκρίναντο</span> <span class='ocrx_word' id='word_1_366' title='bbox 2725 1668 2772 1721; x_wconf 77' lang='grc' dir='ltr'>οἱ</span> <span class='ocrx_word' id='word_1_367' title='bbox 2816 1664 3100 1722; x_wconf 79' lang='grc' dir='ltr'>ἐπίσκοποι</span> <span class='ocrx_word' id='word_1_368' title='bbox 3135 1679 3151 1696; x_wconf 82' lang='grc'><strong><em>⁸</em></strong></span> <span class='ocrx_word' id='word_1_369' title='bbox 3190 1664 3265 1722; x_wconf 82' lang='grc' dir='ltr'><strong>Τὰ</strong></span> <span class='ocrx_word' id='word_1_370' title='bbox 3296 1663 3557 1745; x_wconf 75' lang='grc' dir='ltr'><strong>λεχθέντα</strong></span> <span class='ocrx_word' id='word_1_371' title='bbox 3578 1663 3777 1743; x_wconf 77' lang='grc' dir='ltr'>ἤρεσεν,</span> 
     </span>
    </p>
   </div>
   <div class='ocr_carea' id='block_1_60' title="bbox 3267 1483 3852 1560">
    <p class='ocr_par' dir='ltr' id='par_1_60' title="bbox 3267 1483 3852 1560">
     <span class='ocr_line' id='line_1_60' title="bbox 3267 1483 3852 1560; baseline 0 -20"><span class='ocrx_word' id='word_1_372' title='bbox 3267 1483 3521 1560; x_wconf 79' lang='grc' dir='ltr'>“Ηρεσεν,</span> <span class='ocrx_word' id='word_1_373' title='bbox 3553 1484 3645 1540; x_wconf 74' lang='grc' dir='ltr'>’ίνα</span> <span class='ocrx_word' id='word_1_374' title='bbox 3688 1483 3739 1540; x_wconf 80' lang='grc' dir='ltr'><strong>εἴ</strong></span> <span class='ocrx_word' id='word_1_375' title='bbox 3781 1507 3852 1549; x_wconf 87' lang='grc' dir='ltr'><strong>τις</strong></span> 
     </span>
    </p>
   </div>
   <div class='ocr_carea' id='block_1_61' title="bbox 2319 1841 3851 1923">
    <p class='ocr_par' dir='ltr' id='par_1_61' title="bbox 2319 1841 3851 1923">
     <span class='ocr_line' id='line_1_61' title="bbox 2319 1841 3851 1923; baseline 0 -24"><span class='ocrx_word' id='word_1_376' title='bbox 2319 1841 2605 1909; x_wconf 80' lang='grc' dir='ltr'>ιδ⁹,”οσιος</span> <span class='ocrx_word' id='word_1_377' title='bbox 2635 1841 2926 1903; x_wconf 74' lang='grc' dir='ltr'>ἐπίσκοπος</span> <span class='ocrx_word' id='word_1_378' title='bbox 2950 1847 3097 1900; x_wconf 71' lang='grc' dir='ltr'>εἴπεο</span> <span class='ocrx_word' id='word_1_379' title='bbox 3125 1844 3198 1900; x_wconf 67' lang='grc' dir='ltr'><strong>Τὸ</strong></span> <span class='ocrx_word' id='word_1_380' title='bbox 3226 1841 3282 1898; x_wconf 74' lang='grc' dir='ltr'><strong>δὲ</strong></span> <span class='ocrx_word' id='word_1_381' title='bbox 3311 1841 3546 1900; x_wconf 70' lang='grc' dir='ltr'>πάντοτέ</span> <span class='ocrx_word' id='word_1_382' title='bbox 3574 1865 3641 1918; x_wconf 82' lang='grc' dir='ltr'><strong>με</strong></span> <span class='ocrx_word' id='word_1_383' title='bbox 3670 1849 3851 1923; x_wconf 77' lang='grc' dir='ltr'>κινοῦν,</span> 
     </span>
    </p>
   </div>
   <div class='ocr_carea' id='block_1_62' title="bbox 2236 1930 3854 2013">
    <p class='ocr_par' dir='ltr' id='par_1_62' title="bbox 2236 1930 3854 2013">
     <span class='ocr_line' id='line_1_62' title="bbox 2236 1930 3854 2013; baseline 0.002 -24"><span class='ocrx_word' id='word_1_384' title='bbox 2236 1933 2624 2000; x_wconf 78' lang='grc' dir='ltr'>ἀποσιωπῆσαι</span> <span class='ocrx_word' id='word_1_385' title='bbox 2685 1935 2783 1991; x_wconf 68' lang='grc' dir='ltr'><strong>οὒκ</strong></span> <span class='ocrx_word' id='word_1_386' title='bbox 2810 1930 3007 2010; x_wconf 83' lang='grc' dir='ltr'>ὀφείλω</span> <span class='ocrx_word' id='word_1_387' title='bbox 3043 1948 3057 1963; x_wconf 81' lang='grc'><strong><em>⁸</em></strong></span> <span class='ocrx_word' id='word_1_388' title='bbox 3096 1932 3259 1996; x_wconf 76' lang='grc' dir='ltr'>εἴτις</span> <span class='ocrx_word' id='word_1_389' title='bbox 3293 1932 3590 1997; x_wconf 76' lang='grc' dir='ltr'>ἐπίσκοπος</span> <span class='ocrx_word' id='word_1_390' title='bbox 3617 1931 3854 2013; x_wconf 77' lang='grc' dir='ltr'>ὀξύχολος</span> 
     </span>
    </p>
   </div>
   <div class='ocr_carea' id='block_1_63' title="bbox 2239 2020 3858 2101">
    <p class='ocr_par' dir='ltr' id='par_1_63' title="bbox 2239 2020 3858 2101">
     <span class='ocr_line' id='line_1_63' title="bbox 2239 2020 3858 2101; baseline -0.001 -24"><span class='ocrx_word' id='word_1_391' title='bbox 2239 2024 2556 2101; x_wconf 74' lang='grc' dir='ltr'>εὑρίσκοιτο,</span> <span class='ocrx_word' id='word_1_392' title='bbox 2603 2021 2734 2101; x_wconf 81' lang='grc' dir='ltr'>ὅπερ</span> <span class='ocrx_word' id='word_1_393' title='bbox 2779 2026 2885 2101; x_wconf 72' lang='grc' dir='ltr'>οὐχ</span> <span class='ocrx_word' id='word_1_394' title='bbox 2927 2020 3130 2100; x_wconf 84' lang='grc' dir='ltr'>ὀφείλει</span> <span class='ocrx_word' id='word_1_395' title='bbox 3180 2021 3236 2077; x_wconf 82' lang='grc' dir='ltr'><strong>ἐν</strong></span> <span class='ocrx_word' id='word_1_396' title='bbox 3283 2022 3514 2094; x_wconf 77' lang='grc' dir='ltr'>τοιούτῳ</span> <span class='ocrx_word' id='word_1_397' title='bbox 3542 2020 3683 2098; x_wconf 65' lang='grc' dir='ltr'>ἀνόρι</span> <span class='ocrx_word' id='word_1_398' title='bbox 3711 2020 3858 2077; x_wconf 89' lang='grc' dir='ltr'>πολι-</span> 
     </span>
    </p>
   </div>
   <div class='ocr_carea' id='block_1_64' title="bbox 2238 2107 3859 2189">
    <p class='ocr_par' dir='ltr' id='par_1_64' title="bbox 2238 2107 3859 2189">
     <span class='ocr_line' id='line_1_64' title="bbox 2238 2107 3859 2189; baseline -0.001 -22"><span class='ocrx_word' id='word_1_399' title='bbox 2238 2112 2507 2185; x_wconf 86' lang='grc' dir='ltr'>τεύεσθαι,</span> <span class='ocrx_word' id='word_1_400' title='bbox 2553 2113 2644 2167; x_wconf 86' lang='grc' dir='ltr'><strong>καὶ</strong></span> <span class='ocrx_word' id='word_1_401' title='bbox 2686 2111 2937 2189; x_wconf 81' lang='grc' dir='ltr'><strong>τραχέως</strong></span> <span class='ocrx_word' id='word_1_402' title='bbox 2981 2111 3199 2188; x_wconf 83' lang='grc' dir='ltr'>ἀντικρὺ</span> <span class='ocrx_word' id='word_1_403' title='bbox 3242 2107 3604 2187; x_wconf 70' lang='grc' dir='ltr'>πρεσϐυτέρου</span> <span class='ocrx_word' id='word_1_404' title='bbox 3660 2110 3695 2176; x_wconf 77' lang='grc' dir='ltr'>ἢ</span> <span class='ocrx_word' id='word_1_405' title='bbox 3751 2108 3859 2165; x_wconf 84' lang='grc' dir='ltr'>δια-</span> 
     </span>
    </p>
   </div>
   <div class='ocr_carea' id='block_1_65' title="bbox 2236 2198 3858 2275">
    <p class='ocr_par' dir='ltr' id='par_1_65' title="bbox 2236 2198 3858 2275">
     <span class='ocr_line' id='line_1_65' title="bbox 2236 2198 3858 2275; baseline -0.002 -17"><span class='ocrx_word' id='word_1_406' title='bbox 2236 2201 2397 2258; x_wconf 89' lang='grc' dir='ltr'>κόνου</span> <span class='ocrx_word' id='word_1_407' title='bbox 2429 2198 2734 2275; x_wconf 80' lang='grc' dir='ltr'>ἐκϐληθεὶς,</span> <span class='ocrx_word' id='word_1_408' title='bbox 2764 2198 3019 2257; x_wconf 72' lang='grc' dir='ltr'>ὲκῖαλεῖν</span> <span class='ocrx_word' id='word_1_409' title='bbox 3051 2199 3377 2266; x_wconf 76' lang='grc' dir='ltr'>Ἐκκλησίας</span> <span class='ocrx_word' id='word_1_410' title='bbox 3438 2201 3595 2258; x_wconf 74' lang='grc' dir='ltr'>αὒτὸν</span> <span class='ocrx_word' id='word_1_411' title='bbox 3637 2198 3858 2272; x_wconf 76' lang='grc' dir='ltr'>θελήσοι,</span> 
     </span>
    </p>
   </div>
   <div class='ocr_carea' id='block_1_66' title="bbox 2237 2290 3862 2371">
    <p class='ocr_par' dir='ltr' id='par_1_66' title="bbox 2237 2290 3862 2371">
     <span class='ocr_line' id='line_1_66' title="bbox 2237 2290 3862 2371; baseline -0.001 -24"><span class='ocrx_word' id='word_1_412' title='bbox 2237 2290 2569 2371; x_wconf 84' lang='grc' dir='ltr'>προνοητέον</span> <span class='ocrx_word' id='word_1_413' title='bbox 2604 2290 2738 2363; x_wconf 77' lang='grc' dir='ltr'>ἐστὶ,</span> <span class='ocrx_word' id='word_1_414' title='bbox 2776 2291 2855 2365; x_wconf 83' lang='grc' dir='ltr'>μὴ</span> <span class='ocrx_word' id='word_1_415' title='bbox 2896 2292 3085 2369; x_wconf 71' lang='grc' dir='ltr'>ἁθρόον</span> <span class='ocrx_word' id='word_1_416' title='bbox 3127 2292 3219 2346; x_wconf 81' lang='grc' dir='ltr'>τὸν</span> <span class='ocrx_word' id='word_1_417' title='bbox 3264 2297 3509 2346; x_wconf 76' lang='grc' dir='ltr'>τοιοῦτεν</span> <span class='ocrx_word' id='word_1_418' title='bbox 3564 2290 3862 2368; x_wconf 82' lang='grc' dir='ltr'>κατακρίνε-</span> 
     </span>
    </p>
   </div>
   <div class='ocr_carea' id='block_1_67' title="bbox 2239 2380 3419 2457">
    <p class='ocr_par' dir='ltr' id='par_1_67' title="bbox 2239 2380 3419 2457">
     <span class='ocr_line' id='line_1_67' title="bbox 2239 2380 3419 2457; baseline -0.003 -20"><span class='ocrx_word' id='word_1_419' title='bbox 2239 2384 2381 2451; x_wconf 83' lang='grc' dir='ltr'>σθαι,</span> <span class='ocrx_word' id='word_1_420' title='bbox 2425 2380 2512 2437; x_wconf 68' lang='grc' dir='ltr'>καί</span> <span class='ocrx_word' id='word_1_421' title='bbox 2541 2386 2640 2447; x_wconf 78' lang='grc' dir='ltr'>τῆς</span> <span class='ocrx_word' id='word_1_422' title='bbox 2673 2386 2950 2442; x_wconf 73' lang='grc' dir='ltr'>κοινωνίας</span> <span class='ocrx_word' id='word_1_423' title='bbox 2984 2381 3419 2457; x_wconf 78' lang='grc' dir='ltr'>ἀποστερεῖσθαι,</span> 
     </span>
    </p>
   </div>
   <div class='ocr_carea' id='block_1_68' title="bbox 2938 2463 3856 2549">
    <p class='ocr_par' dir='ltr' id='par_1_68' title="bbox 2938 2463 3856 2549">
     <span class='ocr_line' id='line_1_68' title="bbox 2938 2463 3856 2549; baseline -0.004 -21"><span class='ocrx_word' id='word_1_424' title='bbox 2938 2463 2996 2528; x_wconf 65' lang='grc' dir='ltr'><strong>Ὀ</strong></span> <span class='ocrx_word' id='word_1_425' title='bbox 3062 2468 3456 2543; x_wconf 74' lang='grc' dir='ltr'>ἐκϐαλλόμενος</span> <span class='ocrx_word' id='word_1_426' title='bbox 3506 2470 3681 2549; x_wconf 78' lang='grc' dir='ltr'>ἐχέτω</span> <span class='ocrx_word' id='word_1_427' title='bbox 3721 2469 3856 2534; x_wconf 79' lang='grc' dir='ltr'>ἐξου-</span> 
     </span>
    </p>
   </div>
   <div class='ocr_carea' id='block_1_69' title="bbox 2237 2558 3857 2638">
    <p class='ocr_par' dir='ltr' id='par_1_69' title="bbox 2237 2558 3857 2638">
     <span class='ocr_line' id='line_1_69' title="bbox 2237 2558 3857 2638; baseline -0.001 -23"><span class='ocrx_word' id='word_1_428' title='bbox 2237 2559 2356 2617; x_wconf 89' lang='grc' dir='ltr'>σίαν</span> <span class='ocrx_word' id='word_1_429' title='bbox 2399 2560 2486 2617; x_wconf 88' lang='grc' dir='ltr'>ἐπὶ</span> <span class='ocrx_word' id='word_1_430' title='bbox 2531 2562 2621 2617; x_wconf 77' lang='grc' dir='ltr'><strong>τὸν</strong></span> <span class='ocrx_word' id='word_1_431' title='bbox 2666 2560 2957 2618; x_wconf 87' lang='grc' dir='ltr'>ἐπίσκοπον</span> <span class='ocrx_word' id='word_1_432' title='bbox 3000 2565 3101 2627; x_wconf 78' lang='grc' dir='ltr'>τῆς</span> <span class='ocrx_word' id='word_1_433' title='bbox 3145 2558 3565 2638; x_wconf 80' lang='grc' dir='ltr'>μητροπόλεως,</span> <span class='ocrx_word' id='word_1_434' title='bbox 3620 2558 3735 2627; x_wconf 72' lang='grc' dir='ltr'>ἤτοι</span> <span class='ocrx_word' id='word_1_435' title='bbox 3778 2562 3857 2616; x_wconf 69' lang='grc' dir='ltr'><strong>τὸν</strong></span> 
     </span>
    </p>
   </div>
   <div class='ocr_carea' id='block_1_70' title="bbox 2241 2649 3856 2731">
    <p class='ocr_par' dir='ltr' id='par_1_70' title="bbox 2241 2649 3856 2731">
     <span class='ocr_line' id='line_1_70' title="bbox 2241 2649 3856 2731; baseline 0.001 -27"><span class='ocrx_word' id='word_1_436' title='bbox 2241 2649 2670 2731; x_wconf 76' lang='grc' dir='ltr'>μητροπολίτην,</span> <span class='ocrx_word' id='word_1_437' title='bbox 2737 2664 3067 2731; x_wconf 73' lang='grc' dir='ltr'>καταφυγεῖν</span> <span class='ocrx_word' id='word_1_438' title='bbox 3101 2666 3116 2680; x_wconf 79' lang='grc'><strong>⁸</strong></span> <span class='ocrx_word' id='word_1_439' title='bbox 3182 2652 3226 2706; x_wconf 79' lang='grc' dir='ltr'><strong>εἰ</strong></span> <span class='ocrx_word' id='word_1_440' title='bbox 3263 2649 3317 2705; x_wconf 74' lang='grc' dir='ltr'>δὲ</span> <span class='ocrx_word' id='word_1_441' title='bbox 3374 2652 3402 2706; x_wconf 81' lang='grc' dir='ltr'>ὁ</span> <span class='ocrx_word' id='word_1_442' title='bbox 3444 2656 3550 2717; x_wconf 78' lang='grc' dir='ltr'><strong>τῆς</strong></span> <span class='ocrx_word' id='word_1_443' title='bbox 3597 2671 3856 2728; x_wconf 86' lang='grc' dir='ltr'>μητροπο-</span> 
     </span>
    </p>
   </div>
   <div class='ocr_carea' id='block_1_71' title="bbox 2238 2737 3859 2820">
    <p class='ocr_par' dir='ltr' id='par_1_71' title="bbox 2238 2737 3859 2820">
     <span class='ocr_line' id='line_1_71' title="bbox 2238 2737 3859 2820; baseline 0.001 -27"><span class='ocrx_word' id='word_1_444' title='bbox 2238 2737 2376 2802; x_wconf 77' lang='grc' dir='ltr'>λεως</span> <span class='ocrx_word' id='word_1_445' title='bbox 2405 2739 2655 2816; x_wconf 73' lang='grc' dir='ltr'>ἄπεστιν,</span> <span class='ocrx_word' id='word_1_446' title='bbox 2690 2741 2775 2798; x_wconf 84' lang='grc' dir='ltr'>ἐπὶ</span> <span class='ocrx_word' id='word_1_447' title='bbox 2804 2744 2896 2798; x_wconf 83' lang='grc' dir='ltr'>τὸν</span> <span class='ocrx_word' id='word_1_448' title='bbox 2926 2740 3318 2820; x_wconf 81' lang='grc' dir='ltr'>πλησιόχωρον</span> <span class='ocrx_word' id='word_1_449' title='bbox 3361 2741 3736 2820; x_wconf 78' lang='grc' dir='ltr'>κατατρέχειν,</span> <span class='ocrx_word' id='word_1_450' title='bbox 3781 2740 3859 2795; x_wconf 84' lang='grc' dir='ltr'><strong>καὶ</strong></span> 
     </span>
    </p>
   </div>
   <div class='ocr_carea' id='block_1_72' title="bbox 2238 2827 3858 2908">
    <p class='ocr_par' dir='ltr' id='par_1_72' title="bbox 2238 2827 3858 2908">
     <span class='ocr_line' id='line_1_72' title="bbox 2238 2827 3858 2908; baseline -0.001 -23"><span class='ocrx_word' id='word_1_451' title='bbox 2238 2827 2415 2894; x_wconf 81' lang='grc' dir='ltr'>ἀξιοῦν</span> <span class='ocrx_word' id='word_1_452' title='bbox 2497 2831 2589 2886; x_wconf 66' lang='grc' dir='ltr'>τίνα</span> <span class='ocrx_word' id='word_1_453' title='bbox 2650 2831 2789 2905; x_wconf 78' lang='grc' dir='ltr'>μετὰ</span> <span class='ocrx_word' id='word_1_454' title='bbox 2844 2829 3141 2908; x_wconf 78' lang='grc' dir='ltr'>ἀκριϐείας,</span> <span class='ocrx_word' id='word_1_455' title='bbox 3202 2829 3361 2886; x_wconf 70' lang='grc' dir='ltr'><strong>αὒτοῦ</strong></span> <span class='ocrx_word' id='word_1_456' title='bbox 3431 2829 3741 2902; x_wconf 78' lang='grc' dir='ltr'>ἐξετάζηται</span> <span class='ocrx_word' id='word_1_457' title='bbox 3804 2830 3858 2884; x_wconf 78' lang='grc' dir='ltr'>τὸ</span> 
     </span>
    </p>
   </div>
   <div class='ocr_carea' id='block_1_73' title="bbox 2239 2919 3858 2999">
    <p class='ocr_par' dir='ltr' id='par_1_73' title="bbox 2239 2919 3858 2999">
     <span class='ocr_line' id='line_1_73' title="bbox 2239 2919 3858 2999; baseline 0.002 -26"><span class='ocrx_word' id='word_1_458' title='bbox 2239 2924 2464 2996; x_wconf 81' lang='grc' dir='ltr'>πρᾶγμα</span> <span class='ocrx_word' id='word_1_459' title='bbox 2499 2938 2513 2952; x_wconf 83' lang='grc'><strong><em>⁸</em></strong></span> <span class='ocrx_word' id='word_1_460' title='bbox 2558 2919 2619 2977; x_wconf 75' lang='grc' dir='ltr'>οὒ</span> <span class='ocrx_word' id='word_1_461' title='bbox 2679 2920 2791 2999; x_wconf 82' lang='grc' dir='ltr'><strong>χρῆ</strong></span> <span class='ocrx_word' id='word_1_462' title='bbox 2849 2922 2948 2997; x_wconf 76' lang='grc' dir='ltr'>γὰρ</span> <span class='ocrx_word' id='word_1_463' title='bbox 3010 2921 3088 2995; x_wconf 78' lang='grc' dir='ltr'>μὴ</span> <span class='ocrx_word' id='word_1_464' title='bbox 3140 2919 3367 2999; x_wconf 80' lang='grc' dir='ltr'>ὑπέχειν</span> <span class='ocrx_word' id='word_1_465' title='bbox 3409 2922 3511 2981; x_wconf 71' lang='grc' dir='ltr'><strong>τας</strong></span> <span class='ocrx_word' id='word_1_466' title='bbox 3555 2920 3716 2982; x_wconf 67' lang='grc' dir='ltr'>ἀκοὰς</span> <span class='ocrx_word' id='word_1_467' title='bbox 3757 2932 3858 2976; x_wconf 71' lang='grc' dir='ltr'>τοῖς</span> 
     </span>
    </p>
   </div>
   <div class='ocr_carea' id='block_1_74' title="bbox 2240 3004 3858 3080">
    <p class='ocr_par' dir='ltr' id='par_1_74' title="bbox 2240 3004 3858 3080">
     <span class='ocr_line' id='line_1_74' title="bbox 2240 3004 3858 3080; baseline 0.001 -18"><span class='ocrx_word' id='word_1_468' title='bbox 2240 3004 2476 3072; x_wconf 71' lang='grc' dir='ltr'>ἀξιοῦσιν</span> <span class='ocrx_word' id='word_1_469' title='bbox 2512 3027 2527 3039; x_wconf 88' lang='grc'><strong>·</strong></span> <span class='ocrx_word' id='word_1_470' title='bbox 2593 3009 2802 3075; x_wconf 80' lang='grc' dir='ltr'>ἐκεῖνος</span> <span class='ocrx_word' id='word_1_471' title='bbox 2860 3007 2915 3066; x_wconf 83' lang='grc' dir='ltr'><strong>δὲ</strong></span> <span class='ocrx_word' id='word_1_472' title='bbox 2947 3013 2971 3066; x_wconf 71' lang='grc' dir='ltr'><strong>ί.</strong></span> <span class='ocrx_word' id='word_1_473' title='bbox 3003 3010 3317 3080; x_wconf 78' lang='grc' dir='ltr'>ἐπίσκοπος,</span> <span class='ocrx_word' id='word_1_474' title='bbox 3352 3011 3381 3066; x_wconf 84' lang='grc' dir='ltr'><strong>ὃ</strong></span> <span class='ocrx_word' id='word_1_475' title='bbox 3424 3007 3648 3072; x_wconf 79' lang='grc' dir='ltr'>δικαίως</span> <span class='ocrx_word' id='word_1_476' title='bbox 3696 3010 3730 3076; x_wconf 75' lang='grc' dir='ltr'><strong>ἢ</strong></span> <span class='ocrx_word' id='word_1_477' title='bbox 3758 3007 3858 3064; x_wconf 76' lang='grc' dir='ltr'>ἀδί-</span> 
     </span>
    </p>
   </div>
   <div class='ocr_carea' id='block_1_75' title="bbox 2239 3096 3859 3178">
    <p class='ocr_par' dir='ltr' id='par_1_75' title="bbox 2239 3096 3859 3178">
     <span class='ocr_line' id='line_1_75' title="bbox 2239 3096 3859 3178; baseline -0.001 -25"><span class='ocrx_word' id='word_1_478' title='bbox 2239 3119 2349 3160; x_wconf 87' lang='grc' dir='ltr'><strong>κως</strong></span> <span class='ocrx_word' id='word_1_479' title='bbox 2381 3096 2624 3155; x_wconf 80' lang='grc' dir='ltr'>ἐκϐαλὼν</span> <span class='ocrx_word' id='word_1_480' title='bbox 2668 3100 2759 3155; x_wconf 74' lang='grc' dir='ltr'>τὸν</span> <span class='ocrx_word' id='word_1_481' title='bbox 2803 3108 3064 3173; x_wconf 79' lang='grc' dir='ltr'>τοιοῦτον,</span> <span class='ocrx_word' id='word_1_482' title='bbox 3122 3100 3377 3177; x_wconf 81' lang='grc' dir='ltr'>γενναίως</span> <span class='ocrx_word' id='word_1_483' title='bbox 3422 3108 3605 3178; x_wconf 77' lang='grc' dir='ltr'>φερειυ</span> <span class='ocrx_word' id='word_1_484' title='bbox 3656 3098 3859 3178; x_wconf 80' lang='grc' dir='ltr'>ὀφείλει,</span> 
     </span>
    </p>
   </div>
   <div class='ocr_carea' id='block_1_76' title="bbox 2242 3187 3862 3266">
    <p class='ocr_par' dir='ltr' id='par_1_76' title="bbox 2242 3187 3862 3266">
     <span class='ocr_line' id='line_1_76' title="bbox 2242 3187 3862 3266; baseline -0.001 -22"><span class='ocrx_word' id='word_1_485' title='bbox 2242 3188 2337 3244; x_wconf 66' lang='grc' dir='ltr'>’ίνα</span> <span class='ocrx_word' id='word_1_486' title='bbox 2398 3187 2428 3255; x_wconf 72' lang='grc' dir='ltr'>ἢ</span> <span class='ocrx_word' id='word_1_487' title='bbox 2487 3188 2723 3255; x_wconf 75' lang='grc' dir='ltr'>ἐξέτασις</span> <span class='ocrx_word' id='word_1_488' title='bbox 2769 3196 2863 3245; x_wconf 80' lang='grc' dir='ltr'>τοῦ</span> <span class='ocrx_word' id='word_1_489' title='bbox 2905 3189 3225 3266; x_wconf 72' lang='grc' dir='ltr'>πράγματος</span> <span class='ocrx_word' id='word_1_490' title='bbox 3274 3190 3528 3266; x_wconf 86' lang='grc' dir='ltr'>γένηται,</span> <span class='ocrx_word' id='word_1_491' title='bbox 3580 3191 3667 3244; x_wconf 80' lang='grc' dir='ltr'><strong>καὶ</strong></span> <span class='ocrx_word' id='word_1_492' title='bbox 3707 3190 3741 3255; x_wconf 78' lang='grc' dir='ltr'>ἣ</span> <span class='ocrx_word' id='word_1_493' title='bbox 3779 3209 3862 3242; x_wconf 76' lang='grc' dir='ltr'><strong>κυ-</strong></span> 
     </span>
    </p>
   </div>
   <div class='ocr_carea' id='block_1_77' title="bbox 2243 3275 3865 3358">
    <p class='ocr_par' dir='ltr' id='par_1_77' title="bbox 2243 3275 3865 3358">
     <span class='ocr_line' id='line_1_77' title="bbox 2243 3275 3865 3358; baseline -0.004 -23"><span class='ocrx_word' id='word_1_494' title='bbox 2243 3282 2389 3357; x_wconf 83' lang='grc' dir='ltr'>ρωθῇ</span> <span class='ocrx_word' id='word_1_495' title='bbox 2434 3280 2595 3335; x_wconf 77' lang='grc' dir='ltr'>αύτοῦ</span> <span class='ocrx_word' id='word_1_496' title='bbox 2634 3281 2668 3346; x_wconf 76' lang='grc' dir='ltr'>ἡ</span> <span class='ocrx_word' id='word_1_497' title='bbox 2702 3280 3001 3358; x_wconf 79' lang='grc' dir='ltr'>ἀπόφασις,</span> <span class='ocrx_word' id='word_1_498' title='bbox 3044 3278 3079 3346; x_wconf 78' lang='grc' dir='ltr'>ἢ</span> <span class='ocrx_word' id='word_1_499' title='bbox 3125 3276 3457 3356; x_wconf 80' lang='grc' dir='ltr'>διορθώσεως</span> <span class='ocrx_word' id='word_1_500' title='bbox 3506 3279 3652 3358; x_wconf 76' lang='grc' dir='ltr'>τύχῃ</span> <span class='ocrx_word' id='word_1_501' title='bbox 3685 3293 3698 3308; x_wconf 81' lang='grc'><strong><em>⁸</em></strong></span> <span class='ocrx_word' id='word_1_502' title='bbox 3755 3275 3865 3355; x_wconf 75' lang='grc' dir='ltr'>πρίν</span> 
     </span>
    </p>
   </div>
   <div class='ocr_carea' id='block_1_78' title="bbox 2244 3366 3865 3448">
    <p class='ocr_par' dir='ltr' id='par_1_78' title="bbox 2244 3366 3865 3448">
     <span class='ocr_line' id='line_1_78' title="bbox 2244 3366 3865 3448; baseline -0.003 -24"><span class='ocrx_word' id='word_1_503' title='bbox 2244 3368 2301 3425; x_wconf 70' lang='grc' dir='ltr'><strong>δὲ</strong></span> <span class='ocrx_word' id='word_1_504' title='bbox 2360 3367 2632 3444; x_wconf 79' lang='grc' dir='ltr'>ἐπιμελῶς</span> <span class='ocrx_word' id='word_1_505' title='bbox 2662 3368 2864 3425; x_wconf 78' lang='grc' dir='ltr'>ἕκαστα</span> <span class='ocrx_word' id='word_1_506' title='bbox 2893 3367 3173 3448; x_wconf 79' lang='grc' dir='ltr'>ἐξετασοῇ,</span> <span class='ocrx_word' id='word_1_507' title='bbox 3207 3371 3234 3423; x_wconf 83' lang='grc' dir='ltr'>ὁ</span> <span class='ocrx_word' id='word_1_508' title='bbox 3265 3369 3342 3442; x_wconf 80' lang='grc' dir='ltr'>μὴ</span> <span class='ocrx_word' id='word_1_509' title='bbox 3382 3366 3532 3447; x_wconf 77' lang='grc' dir='ltr'>ἔχων</span> <span class='ocrx_word' id='word_1_510' title='bbox 3566 3370 3663 3435; x_wconf 69' lang='grc' dir='ltr'>τὴν</span> <span class='ocrx_word' id='word_1_511' title='bbox 3690 3390 3865 3423; x_wconf 86' lang='grc' dir='ltr'>κοινω-</span> 
     </span>
    </p>
   </div>
   <div class='ocr_carea' id='block_1_79' title="bbox 2247 3456 3867 3535">
    <p class='ocr_par' dir='ltr' id='par_1_79' title="bbox 2247 3456 3867 3535">
     <span class='ocr_line' id='line_1_79' title="bbox 2247 3456 3867 3535; baseline -0.001 -23"><span class='ocrx_word' id='word_1_512' title='bbox 2247 3459 2381 3533; x_wconf 90' lang='grc' dir='ltr'>νίαν,</span> <span class='ocrx_word' id='word_1_513' title='bbox 2442 3460 2544 3534; x_wconf 81' lang='grc' dir='ltr'>πρὸ</span> <span class='ocrx_word' id='word_1_514' title='bbox 2604 3463 2705 3524; x_wconf 73' lang='grc' dir='ltr'>τῆς</span> <span class='ocrx_word' id='word_1_515' title='bbox 2764 3456 3105 3535; x_wconf 82' lang='grc' dir='ltr'>διαγνωσεως</span> <span class='ocrx_word' id='word_1_516' title='bbox 3162 3468 3257 3517; x_wconf 68' lang='grc' dir='ltr'>τοῦ</span> <span class='ocrx_word' id='word_1_517' title='bbox 3310 3459 3657 3535; x_wconf 81' lang='grc' dir='ltr'>πράγματος,</span> <span class='ocrx_word' id='word_1_518' title='bbox 3716 3458 3867 3527; x_wconf 79' lang='grc' dir='ltr'>ἐαυτῷ</span> 
     </span>
    </p>
   </div>
   <div class='ocr_carea' id='block_1_80' title="bbox 2246 3544 3865 3626">
    <p class='ocr_par' dir='ltr' id='par_1_80' title="bbox 2246 3544 3865 3626">
     <span class='ocr_line' id='line_1_80' title="bbox 2246 3544 3865 3626; baseline -0.001 -23"><span class='ocrx_word' id='word_1_519' title='bbox 2246 3551 2343 3606; x_wconf 77' lang='grc' dir='ltr'><strong>οὒκ</strong></span> <span class='ocrx_word' id='word_1_520' title='bbox 2372 3547 2577 3626; x_wconf 76' lang='grc' dir='ltr'>ὀφείλει</span> <span class='ocrx_word' id='word_1_521' title='bbox 2620 3544 2856 3604; x_wconf 76' lang='grc' dir='ltr'>ἐκδικεῖν</span> <span class='ocrx_word' id='word_1_522' title='bbox 2900 3548 2998 3615; x_wconf 77' lang='grc' dir='ltr'>τὴν</span> <span class='ocrx_word' id='word_1_523' title='bbox 3039 3548 3322 3603; x_wconf 85' lang='grc' dir='ltr'>κοινωνίαν</span> <span class='ocrx_word' id='word_1_524' title='bbox 3356 3564 3370 3578; x_wconf 92' lang='grc'><strong>·</strong></span> <span class='ocrx_word' id='word_1_525' title='bbox 3420 3549 3515 3603; x_wconf 71' lang='grc' dir='ltr'><strong>ἐὰν</strong></span> <span class='ocrx_word' id='word_1_526' title='bbox 3559 3545 3614 3602; x_wconf 78' lang='grc' dir='ltr'><strong>δὲ</strong></span> <span class='ocrx_word' id='word_1_527' title='bbox 3657 3545 3865 3609; x_wconf 83' lang='grc' dir='ltr'>συνελη-</span> 
     </span>
    </p>
   </div>
   <div class='ocr_carea' id='block_1_81' title="bbox 2245 3634 3863 3714">
    <p class='ocr_par' dir='ltr' id='par_1_81' title="bbox 2245 3634 3863 3714">
     <span class='ocr_line' id='line_1_81' title="bbox 2245 3634 3863 3714; baseline -0.004 -19"><span class='ocrx_word' id='word_1_528' title='bbox 2245 3635 2461 3700; x_wconf 79' lang='grc' dir='ltr'>λυθότες</span> <span class='ocrx_word' id='word_1_529' title='bbox 2522 3643 2629 3693; x_wconf 85' lang='grc' dir='ltr'><strong>τῶν</strong></span> <span class='ocrx_word' id='word_1_530' title='bbox 2680 3637 2954 3714; x_wconf 85' lang='grc' dir='ltr'>κληρικῶν</span> <span class='ocrx_word' id='word_1_531' title='bbox 2984 3655 3120 3700; x_wconf 71' lang='grc' dir='ltr'>τινες</span> <span class='ocrx_word' id='word_1_532' title='bbox 3166 3634 3419 3693; x_wconf 74' lang='grc' dir='ltr'>κατίδωσι</span> <span class='ocrx_word' id='word_1_533' title='bbox 3461 3639 3565 3704; x_wconf 76' lang='grc' dir='ltr'>τὴν</span> <span class='ocrx_word' id='word_1_534' title='bbox 3594 3636 3863 3714; x_wconf 72' lang='grc' dir='ltr'>ὑπεροψίαν</span> 
     </span>
    </p>
   </div>
   <div class='ocr_carea' id='block_1_82' title="bbox 2246 3725 3862 3805">
    <p class='ocr_par' dir='ltr' id='par_1_82' title="bbox 2246 3725 3862 3805">
     <span class='ocr_line' id='line_1_82' title="bbox 2246 3725 3862 3805; baseline -0.001 -23"><span class='ocrx_word' id='word_1_535' title='bbox 2246 3728 2335 3782; x_wconf 85' lang='grc' dir='ltr'><strong>καὶ</strong></span> <span class='ocrx_word' id='word_1_536' title='bbox 2389 3728 2488 3794; x_wconf 80' lang='grc' dir='ltr'><strong>τὴν</strong></span> <span class='ocrx_word' id='word_1_537' title='bbox 2563 3726 2875 3798; x_wconf 80' lang='grc' dir='ltr'>ἀλαζονείαν</span> <span class='ocrx_word' id='word_1_538' title='bbox 2950 3729 3133 3802; x_wconf 72' lang='grc' dir='ltr'>αὒτοῦ,</span> <span class='ocrx_word' id='word_1_539' title='bbox 3209 3725 3394 3794; x_wconf 78' lang='grc' dir='ltr'>ἐπειδὴ</span> <span class='ocrx_word' id='word_1_540' title='bbox 3474 3731 3541 3786; x_wconf 75' lang='grc' dir='ltr'>οὐ</span> <span class='ocrx_word' id='word_1_541' title='bbox 3613 3726 3862 3805; x_wconf 75' lang='grc' dir='ltr'>προσῆκόν</span> 
     </span>
    </p>
   </div>
   <div class='ocr_carea' id='block_1_83' title="bbox 2246 3813 3859 3894">
    <p class='ocr_par' dir='ltr' id='par_1_83' title="bbox 2246 3813 3859 3894">
     <span class='ocr_line' id='line_1_83' title="bbox 2246 3813 3859 3894; baseline -0.002 -24"><span class='ocrx_word' id='word_1_542' title='bbox 2246 3813 2386 3872; x_wconf 81' lang='grc' dir='ltr'>ἐστιν</span> <span class='ocrx_word' id='word_1_543' title='bbox 2421 3813 2568 3892; x_wconf 77' lang='grc' dir='ltr'>ὕϐριν</span> <span class='ocrx_word' id='word_1_544' title='bbox 2611 3816 2646 3884; x_wconf 69' lang='grc' dir='ltr'><strong>ἢ</strong></span> <span class='ocrx_word' id='word_1_545' title='bbox 2690 3816 2896 3891; x_wconf 79' lang='grc' dir='ltr'>μέμψιν</span> <span class='ocrx_word' id='word_1_546' title='bbox 2953 3814 3135 3871; x_wconf 81' lang='grc' dir='ltr'>ἄδικον</span> <span class='ocrx_word' id='word_1_547' title='bbox 3183 3817 3496 3891; x_wconf 70' lang='grc' dir='ltr'>ὑπομένειν,</span> <span class='ocrx_word' id='word_1_548' title='bbox 3546 3815 3859 3894; x_wconf 77' lang='grc' dir='ltr'>πικροτέροις</span> 
     </span>
    </p>
   </div>
   <div class='ocr_carea' id='block_1_84' title="bbox 2246 3903 3861 3985">
    <p class='ocr_par' dir='ltr' id='par_1_84' title="bbox 2246 3903 3861 3985">
     <span class='ocr_line' id='line_1_84' title="bbox 2246 3903 3861 3985; baseline -0.002 -24"><span class='ocrx_word' id='word_1_549' title='bbox 2246 3907 2332 3961; x_wconf 80' lang='grc' dir='ltr'><strong>καὶ</strong></span> <span class='ocrx_word' id='word_1_550' title='bbox 2398 3905 2708 3985; x_wconf 81' lang='grc' dir='ltr'>βαρυτέροις</span> <span class='ocrx_word' id='word_1_551' title='bbox 2782 3906 3018 3983; x_wconf 72' lang='grc' dir='ltr'>ῥήμασιν</span> <span class='ocrx_word' id='word_1_552' title='bbox 3090 3905 3429 3985; x_wconf 75' lang='grc' dir='ltr'>ἐπιστρέφειν</span> <span class='ocrx_word' id='word_1_553' title='bbox 3485 3913 3670 3963; x_wconf 81' lang='grc' dir='ltr'>τοῦτον</span> <span class='ocrx_word' id='word_1_554' title='bbox 3729 3903 3861 3981; x_wconf 74' lang='grc' dir='ltr'>ὀφεί-</span> 
     </span>
    </p>
   </div>
   <div class='ocr_carea' id='block_1_85' title="bbox 2243 3994 3860 4073">
    <p class='ocr_par' dir='ltr' id='par_1_85' title="bbox 2243 3994 3860 4073">
     <span class='ocr_line' id='line_1_85' title="bbox 2243 3994 3860 4073; baseline -0.004 -21"><span class='ocrx_word' id='word_1_555' title='bbox 2243 3994 2425 4052; x_wconf 83' lang='grc' dir='ltr'>λουσιν</span> <span class='ocrx_word' id='word_1_556' title='bbox 2456 4013 2473 4031; x_wconf 82' lang='grc'>⁶</span> <span class='ocrx_word' id='word_1_557' title='bbox 2515 3995 2610 4050; x_wconf 78' lang='grc' dir='ltr'>’ίνα</span> <span class='ocrx_word' id='word_1_558' title='bbox 2659 4001 2736 4068; x_wconf 85' lang='grc' dir='ltr'>τῷ</span> <span class='ocrx_word' id='word_1_559' title='bbox 2767 3995 2833 4052; x_wconf 78' lang='grc' dir='ltr'>τὰ</span> <span class='ocrx_word' id='word_1_560' title='bbox 2875 3994 3145 4073; x_wconf 80' lang='grc' dir='ltr'>πρέποντα</span> <span class='ocrx_word' id='word_1_561' title='bbox 3190 3994 3461 4052; x_wconf 87' lang='grc' dir='ltr'>κελεύοντι</span> <span class='ocrx_word' id='word_1_562' title='bbox 3513 3994 3860 4072; x_wconf 83' lang='grc' dir='ltr'>ὑπηρετῶνται</span> 
     </span>
    </p>
   </div>
   <div class='ocr_carea' id='block_1_86' title="bbox 2243 4084 3860 4162">
    <p class='ocr_par' dir='ltr' id='par_1_86' title="bbox 2243 4084 3860 4162">
     <span class='ocr_line' id='line_1_86' title="bbox 2243 4084 3860 4162; baseline -0.004 -21"><span class='ocrx_word' id='word_1_563' title='bbox 2243 4085 2333 4141; x_wconf 87' lang='grc' dir='ltr'>καὶ</span> <span class='ocrx_word' id='word_1_564' title='bbox 2391 4085 2733 4142; x_wconf 74' lang='grc' dir='ltr'>ὑπακούωσιν</span> <span class='ocrx_word' id='word_1_565' title='bbox 2766 4100 2782 4116; x_wconf 81' lang='grc'><strong><em>⁸</em></strong></span> <span class='ocrx_word' id='word_1_566' title='bbox 2870 4084 3052 4161; x_wconf 80' lang='grc' dir='ltr'>ὥσπερ</span> <span class='ocrx_word' id='word_1_567' title='bbox 3134 4084 3235 4162; x_wconf 82' lang='grc' dir='ltr'>γσὶρ</span> <span class='ocrx_word' id='word_1_568' title='bbox 3310 4087 3338 4140; x_wconf 78' lang='grc' dir='ltr'><strong>ὁ</strong></span> <span class='ocrx_word' id='word_1_569' title='bbox 3412 4085 3705 4146; x_wconf 86' lang='grc' dir='ltr'>ἐπίσκοπος</span> <span class='ocrx_word' id='word_1_570' title='bbox 3756 4093 3860 4142; x_wconf 77' lang='grc' dir='ltr'>τοῖς</span> 
     </span>
    </p>
   </div>
   <div class='ocr_carea' id='block_1_87' title="bbox 2321 2470 2887 2548">
    <p class='ocr_par' dir='ltr' id='par_1_87' title="bbox 2321 2470 2887 2548">
     <span class='ocr_line' id='line_1_87' title="bbox 2321 2470 2887 2548; baseline -0.004 -22"><span class='ocrx_word' id='word_1_571' title='bbox 2321 2470 2523 2534; x_wconf 81' lang='grc' dir='ltr'>Πάντες</span> <span class='ocrx_word' id='word_1_572' title='bbox 2567 2472 2839 2548; x_wconf 70' lang='grc' dir='ltr'>εἰρήκασιν</span> <span class='ocrx_word' id='word_1_573' title='bbox 2872 2487 2887 2500; x_wconf 92' lang='grc'><strong>·</strong></span> 
     </span>
    </p>
   </div>
   <div class='ocr_carea' id='block_1_88' title="bbox 515 4170 2157 4255">
    <p class='ocr_par' dir='ltr' id='par_1_88' title="bbox 515 4171 2157 4255">
     <span class='ocr_line' id='line_1_88' title="bbox 515 4171 2157 4255; baseline 0.003 -22"><span class='ocrx_word' id='word_1_574' title='bbox 515 4171 818 4234; x_wconf 88' lang='lat' dir='ltr'><strong>sinceram</strong></span> <span class='ocrx_word' id='word_1_575' title='bbox 851 4171 1246 4234; x_wconf 89' lang='lat' dir='ltr'><strong>dilectionem</strong></span> <span class='ocrx_word' id='word_1_576' title='bbox 1309 4181 1367 4233; x_wconf 89' lang='lat' dir='ltr'><strong>et</strong></span> <span class='ocrx_word' id='word_1_577' title='bbox 1397 4172 1681 4234; x_wconf 70' lang='lat' dir='ltr'><strong>affectum</strong></span> <span class='ocrx_word' id='word_1_578' title='bbox 1718 4173 2023 4255; x_wconf 86' lang='lat' dir='ltr'><strong>praebere;</strong></span> <span class='ocrx_word' id='word_1_579' title='bbox 2059 4195 2157 4239; x_wconf 89' lang='lat' dir='ltr'><strong>eo-</strong></span> 
     </span>
    </p>
   </div>
   <div class='ocr_carea' id='block_1_89' title="bbox 2241 4170 3868 4255">
    <p class='ocr_par' dir='ltr' id='par_1_89' title="bbox 2252 4170 3868 4252">
     <span class='ocr_line' id='line_1_89' title="bbox 2252 4170 3868 4252; baseline -0.002 -24"><span class='ocrx_word' id='word_1_580' title='bbox 2252 4172 2547 4252; x_wconf 73' lang='grc' dir='ltr'>δπηρέταις</span> <span class='ocrx_word' id='word_1_581' title='bbox 2604 4172 2866 4245; x_wconf 79' lang='grc' dir='ltr'>εἰλικρινῆ</span> <span class='ocrx_word' id='word_1_582' title='bbox 2939 4172 3140 4252; x_wconf 82' lang='grc' dir='ltr'>ὀφείλει</span> <span class='ocrx_word' id='word_1_583' title='bbox 3200 4176 3297 4240; x_wconf 84' lang='grc' dir='ltr'>τὴν</span> <span class='ocrx_word' id='word_1_584' title='bbox 3369 4174 3592 4252; x_wconf 64' lang='grc' dir='ltr'>ἀγάπην</span> <span class='ocrx_word' id='word_1_585' title='bbox 3649 4172 3734 4226; x_wconf 79' lang='grc' dir='ltr'><strong>καὶ</strong></span> <span class='ocrx_word' id='word_1_586' title='bbox 3783 4170 3868 4233; x_wconf 73' lang='grc' dir='ltr'><strong>τὴν</strong></span> 
     </span>
    </p>
   </div>
   <div class='ocr_carea' id='block_1_90' title="bbox 517 4259 2167 4343">
    <p class='ocr_par' dir='ltr' id='par_1_90' title="bbox 517 4259 2167 4343">
     <span class='ocr_line' id='line_1_90' title="bbox 517 4259 2167 4343; baseline 0.004 -20"><span class='ocrx_word' id='word_1_587' title='bbox 517 4261 656 4323; x_wconf 90' lang='lat' dir='ltr'><strong>dem</strong></span> <span class='ocrx_word' id='word_1_588' title='bbox 692 4260 870 4322; x_wconf 92' lang='lat' dir='ltr'><strong>modo</strong></span> <span class='ocrx_word' id='word_1_589' title='bbox 904 4268 964 4322; x_wconf 88' lang='lat' dir='ltr'><strong>et</strong></span> <span class='ocrx_word' id='word_1_590' title='bbox 987 4260 1245 4341; x_wconf 88' lang='lat' dir='ltr'><strong>subjecti</strong></span> <span class='ocrx_word' id='word_1_591' title='bbox 1268 4259 1495 4325; x_wconf 89' lang='lat' dir='ltr'><strong>debent</strong></span> <span class='ocrx_word' id='word_1_592' title='bbox 1527 4262 1830 4343; x_wconf 76' lang='lat' dir='ltr'><strong>episcopis</strong></span> <span class='ocrx_word' id='word_1_593' title='bbox 1861 4282 1979 4325; x_wconf 91' lang='lat' dir='ltr'><strong>non</strong></span> <span class='ocrx_word' id='word_1_594' title='bbox 2012 4265 2167 4329; x_wconf 83' lang='lat' dir='ltr'><strong>frau-</strong></span> 
     </span>
    </p>
   </div>
   <div class='ocr_carea' id='block_1_91' title="bbox 517 4348 2043 4433">
    <p class='ocr_par' dir='ltr' id='par_1_91' title="bbox 517 4348 2043 4433">
     <span class='ocr_line' id='line_1_91' title="bbox 517 4348 2043 4433; baseline 0.003 -22"><span class='ocrx_word' id='word_1_595' title='bbox 517 4348 798 4412; x_wconf 88' lang='lat' dir='ltr'><strong>dulenter</strong></span> <span class='ocrx_word' id='word_1_596' title='bbox 822 4349 1230 4413; x_wconf 84' lang='lat' dir='ltr'><strong>ministerium</strong></span> <span class='ocrx_word' id='word_1_597' title='bbox 1261 4357 1320 4411; x_wconf 91' lang='lat' dir='ltr'><strong>et</strong></span> <span class='ocrx_word' id='word_1_598' title='bbox 1347 4349 1701 4433; x_wconf 88' lang='lat' dir='ltr'><strong>obsequium</strong></span> <span class='ocrx_word' id='word_1_599' title='bbox 1735 4352 2043 4417; x_wconf 78' lang='lat' dir='ltr'><strong>exhibere.</strong></span> 
     </span>
    </p>
   </div>
   <div class='ocr_carea' id='block_1_92' title="bbox 519 4525 2159 4621">
    <p class='ocr_par' dir='ltr' id='par_1_92' title="bbox 519 4525 2159 4621">
     <span class='ocr_line' id='line_1_92' title="bbox 519 4525 2159 4621; baseline 0.013 -33"><span class='ocrx_word' id='word_1_600' title='bbox 519 4525 660 4588; x_wconf 68' lang='grc'><strong>282</strong></span> <span class='ocrx_word' id='word_1_601' title='bbox 714 4527 980 4593; x_wconf 75' lang='lat' dir='ltr'><strong>Consilii</strong></span> <span class='ocrx_word' id='word_1_602' title='bbox 1028 4528 1550 4621; x_wconf 75' lang='lat' dir='ltr'><strong>Carthaginensis</strong></span> <span class='ocrx_word' id='word_1_603' title='bbox 1595 4550 1856 4601; x_wconf 78' lang='lat' dir='ltr'><strong>canones</strong></span> <span class='ocrx_word' id='word_1_604' title='bbox 1905 4543 1997 4615; x_wconf 82' lang='lat' dir='ltr'><strong>t5,</strong></span> <span class='ocrx_word' id='word_1_605' title='bbox 2056 4547 2159 4621; x_wconf 73' lang='lat'><strong>28,</strong></span> 
     </span>
    </p>
   </div>
   <div class='ocr_carea' id='block_1_93' title="bbox 604 4708 2163 4789">
    <p class='ocr_par' dir='ltr' id='par_1_93' title="bbox 604 4708 2163 4789">
     <span class='ocr_line' id='line_1_93' title="bbox 604 4708 2163 4789; baseline 0.013 -19"><span class='ocrx_word' id='word_1_606' title='bbox 604 4710 693 4771; x_wconf 86' lang='lat' dir='ltr'><strong>De</strong></span> <span class='ocrx_word' id='word_1_607' title='bbox 748 4708 1015 4773; x_wconf 75' lang='lat' dir='ltr'><strong>diversis</strong></span> <span class='ocrx_word' id='word_1_608' title='bbox 1065 4710 1390 4774; x_wconf 79' lang='lat' dir='ltr'><strong>ordinibus</strong></span> <span class='ocrx_word' id='word_1_609' title='bbox 1465 4711 1759 4778; x_wconf 78' lang='lat' dir='ltr'><strong>Ecclesiae</strong></span> <span class='ocrx_word' id='word_1_610' title='bbox 1828 4726 2163 4789; x_wconf 76' lang='lat' dir='ltr'><strong>servienti-</strong></span> 
     </span>
    </p>
   </div>
   <div class='ocr_carea' id='block_1_94' title="bbox 513 4797 1271 4879">
    <p class='ocr_par' dir='ltr' id='par_1_94' title="bbox 513 4797 1271 4879">
     <span class='ocr_line' id='line_1_94' title="bbox 513 4797 1271 4879; baseline -0.001 -19"><span class='ocrx_word' id='word_1_611' title='bbox 513 4797 649 4873; x_wconf 74' lang='lat' dir='ltr'><strong>bus,</strong></span> <span class='ocrx_word' id='word_1_612' title='bbox 682 4806 829 4875; x_wconf 88' lang='lat' dir='ltr'><strong>etc.,</strong></span> <span class='ocrx_word' id='word_1_613' title='bbox 858 4805 926 4862; x_wconf 86' lang='lat' dir='ltr'><strong>ut</strong></span> <span class='ocrx_word' id='word_1_614' title='bbox 948 4817 1095 4879; x_wconf 74' lang='lat' dir='ltr'><strong>pag.</strong></span> <span class='ocrx_word' id='word_1_615' title='bbox 1134 4801 1271 4864; x_wconf 80' lang='lat'><strong>703.</strong></span> 
     </span>
    </p>
   </div>
   <div class='ocr_carea' id='block_1_95' title="bbox 597 4886 2155 4985">
    <p class='ocr_par' dir='ltr' id='par_1_95' title="bbox 597 4886 2155 4985">
     <span class='ocr_line' id='line_1_95' title="bbox 597 4886 2155 4985; baseline 0.012 -34"><span class='ocrx_word' id='word_1_616' title='bbox 597 4888 696 4951; x_wconf 85' lang='grc'><strong>15.</strong></span> <span class='ocrx_word' id='word_1_617' title='bbox 721 4886 1126 4985; x_wconf 39' lang='lat' dir='ltr'><strong>ItemAplacuit</strong></span> <span class='ocrx_word' id='word_1_618' title='bbox 1154 4896 1220 4952; x_wconf 92' lang='lat' dir='ltr'><strong>ut</strong></span> <span class='ocrx_word' id='word_1_619' title='bbox 1241 4888 1512 4972; x_wconf 85' lang='lat' dir='ltr'><strong>quisquis</strong></span> <span class='ocrx_word' id='word_1_620' title='bbox 1533 4891 1976 4977; x_wconf 87' lang='lat' dir='ltr'><strong>episcoporum,</strong></span> <span class='ocrx_word' id='word_1_621' title='bbox 2012 4911 2155 4985; x_wconf 88' lang='lat' dir='ltr'><strong>etc.,</strong></span> 
     </span>
    </p>
   </div>
   <div class='ocr_carea' id='block_1_96' title="bbox 513 4978 928 5058">
    <p class='ocr_par' dir='ltr' id='par_1_96' title="bbox 513 4978 928 5058">
     <span class='ocr_line' id='line_1_96' title="bbox 513 4978 928 5058; baseline 0.005 -18"><span class='ocrx_word' id='word_1_622' title='bbox 513 4985 582 5040; x_wconf 82' lang='lat' dir='ltr'><strong>ut</strong></span> <span class='ocrx_word' id='word_1_623' title='bbox 606 4995 747 5058; x_wconf 86' lang='lat' dir='ltr'><strong>pag.</strong></span> <span class='ocrx_word' id='word_1_624' title='bbox 783 4978 928 5043; x_wconf 86' lang='lat'><strong>703.</strong></span> 
     </span>
    </p>
   </div>
   <div class='ocr_carea' id='block_1_97' title="bbox 597 5068 2157 5157">
    <p class='ocr_par' dir='ltr' id='par_1_97' title="bbox 597 5068 2157 5157">
     <span class='ocr_line' id='line_1_97' title="bbox 597 5068 2157 5157; baseline 0.013 -27"><span class='ocrx_word' id='word_1_625' title='bbox 597 5068 965 5157; x_wconf 63' lang='lat' dir='ltr'><strong>Presbyteri,</strong></span> <span class='ocrx_word' id='word_1_626' title='bbox 1000 5068 1277 5157; x_wconf 76' lang='lat' dir='ltr'><strong>diaconi,</strong></span> <span class='ocrx_word' id='word_1_627' title='bbox 1327 5070 1424 5133; x_wconf 84' lang='lat' dir='ltr'><strong>vel</strong></span> <span class='ocrx_word' id='word_1_628' title='bbox 1470 5069 1700 5157; x_wconf 82' lang='lat' dir='ltr'><strong>clerici,</strong></span> <span class='ocrx_word' id='word_1_629' title='bbox 1735 5079 1844 5157; x_wconf 72' lang='lat' dir='ltr'><strong>qui</strong></span> <span class='ocrx_word' id='word_1_630' title='bbox 1873 5081 1940 5142; x_wconf 81' lang='lat' dir='ltr'><strong>in</strong></span> <span class='ocrx_word' id='word_1_631' title='bbox 1970 5101 2157 5150; x_wconf 83' lang='lat' dir='ltr'><strong>causa</strong></span> 
     </span>
    </p>
   </div>
   <div class='ocr_carea' id='block_1_98' title="bbox 2250 4260 3866 4343">
    <p class='ocr_par' dir='ltr' id='par_1_98' title="bbox 2250 4260 3866 4343">
     <span class='ocr_line' id='line_1_98' title="bbox 2250 4260 3866 4343; baseline -0.003 -25"><span class='ocrx_word' id='word_1_632' title='bbox 2250 4260 2483 4320; x_wconf 87' lang='grc' dir='ltr'>διάθεσιν</span> <span class='ocrx_word' id='word_1_633' title='bbox 2516 4263 2803 4343; x_wconf 84' lang='grc' dir='ltr'>παρέχειν,</span> <span class='ocrx_word' id='word_1_634' title='bbox 2850 4264 2945 4320; x_wconf 79' lang='grc' dir='ltr'>τὸν</span> <span class='ocrx_word' id='word_1_635' title='bbox 2990 4265 3146 4319; x_wconf 78' lang='grc' dir='ltr'>αύτὸν</span> <span class='ocrx_word' id='word_1_636' title='bbox 3193 4264 3390 4341; x_wconf 83' lang='grc' dir='ltr'>τρόπον</span> <span class='ocrx_word' id='word_1_637' title='bbox 3421 4268 3469 4319; x_wconf 82' lang='grc' dir='ltr'>οἱ</span> <span class='ocrx_word' id='word_1_638' title='bbox 3516 4260 3866 4337; x_wconf 71' lang='grc' dir='ltr'>ὖποτεταγμέ-</span> 
     </span>
    </p>
   </div>
   <div class='ocr_carea' id='block_1_99' title="bbox 2252 4352 3864 4435">
    <p class='ocr_par' dir='ltr' id='par_1_99' title="bbox 2252 4352 3864 4435">
     <span class='ocr_line' id='line_1_99' title="bbox 2252 4352 3864 4435; baseline -0.004 -22"><span class='ocrx_word' id='word_1_639' title='bbox 2252 4376 2357 4431; x_wconf 89' lang='grc' dir='ltr'>νοι,</span> <span class='ocrx_word' id='word_1_640' title='bbox 2391 4353 2603 4417; x_wconf 77' lang='grc' dir='ltr'>ἀδόλως</span> <span class='ocrx_word' id='word_1_641' title='bbox 2630 4369 2746 4418; x_wconf 75' lang='grc' dir='ltr'>τοῖς</span> <span class='ocrx_word' id='word_1_642' title='bbox 2775 4355 3094 4418; x_wconf 72' lang='grc' dir='ltr'>ἐπισκόποις</span> <span class='ocrx_word' id='word_1_643' title='bbox 3146 4360 3219 4415; x_wconf 80' lang='grc' dir='ltr'><strong>,τὰ</strong></span> <span class='ocrx_word' id='word_1_644' title='bbox 3269 4358 3369 4422; x_wconf 71' lang='grc' dir='ltr'>τῆς</span> <span class='ocrx_word' id='word_1_645' title='bbox 3396 4357 3693 4435; x_wconf 79' lang='grc' dir='ltr'>ύπηρεσίας</span> <span class='ocrx_word' id='word_1_646' title='bbox 3731 4352 3864 4407; x_wconf 82' lang='grc' dir='ltr'>ἐκτε-</span> 
     </span>
    </p>
   </div>
   <div class='ocr_carea' id='block_1_100' title="bbox 2250 4443 2720 4525">
    <p class='ocr_par' dir='ltr' id='par_1_100' title="bbox 2250 4443 2720 4525">
     <span class='ocr_line' id='line_1_100' title="bbox 2250 4443 2720 4525; baseline -0.004 -23"><span class='ocrx_word' id='word_1_647' title='bbox 2250 4443 2370 4502; x_wconf 75' lang='grc' dir='ltr'>λετν</span> <span class='ocrx_word' id='word_1_648' title='bbox 2398 4443 2720 4525; x_wconf 83' lang='grc' dir='ltr'>ὀφείλουσιν.</span> 
     </span>
    </p>
   </div>
   <div class='ocr_carea' id='block_1_101' title="bbox 2395 4533 3745 4617">
    <p class='ocr_par' dir='ltr' id='par_1_101' title="bbox 2395 4533 3745 4617">
     <span class='ocr_line' id='line_1_101' title="bbox 2395 4533 3745 4617; baseline 0.002 -26"><span class='ocrx_word' id='word_1_649' title='bbox 2395 4534 2624 4592; x_wconf 77' lang='grc' dir='ltr'>Σονόδου</span> <span class='ocrx_word' id='word_1_650' title='bbox 2658 4533 3034 4614; x_wconf 84' lang='grc' dir='ltr'>Καρθαγέννης</span> <span class='ocrx_word' id='word_1_651' title='bbox 3065 4536 3242 4593; x_wconf 86' lang='grc' dir='ltr'>κανὼν</span> <span class='ocrx_word' id='word_1_652' title='bbox 3273 4535 3340 4592; x_wconf 86' lang='grc' dir='ltr'>ιε’</span> <span class='ocrx_word' id='word_1_653' title='bbox 3369 4535 3467 4604; x_wconf 89' lang='grc' dir='ltr'><strong>κη’</strong></span> <span class='ocrx_word' id='word_1_654' title='bbox 3490 4535 3575 4617; x_wconf 85' lang='grc' dir='ltr'>ρκ’</span> <span class='ocrx_word' id='word_1_655' title='bbox 3606 4535 3745 4613; x_wconf 81' lang='grc' dir='ltr'>ρκα’.</span> 
     </span>
    </p>
   </div>
   <div class='ocr_carea' id='block_1_102' title="bbox 2328 4712 3867 4793">
    <p class='ocr_par' dir='ltr' id='par_1_102' title="bbox 2328 4712 3867 4793">
     <span class='ocr_line' id='line_1_102' title="bbox 2328 4712 3867 4793; baseline -0.003 -24"><span class='ocrx_word' id='word_1_656' title='bbox 2328 4712 2459 4792; x_wconf 82' lang='grc' dir='ltr'>Περί</span> <span class='ocrx_word' id='word_1_657' title='bbox 2514 4712 2779 4793; x_wconf 80' lang='grc' dir='ltr'>διαφόρων</span> <span class='ocrx_word' id='word_1_658' title='bbox 2836 4712 3038 4778; x_wconf 78' lang='grc' dir='ltr'>τάξεων</span> <span class='ocrx_word' id='word_1_659' title='bbox 3091 4713 3159 4790; x_wconf 73' lang='grc' dir='ltr'><strong>τῇ</strong></span> <span class='ocrx_word' id='word_1_660' title='bbox 3238 4713 3541 4788; x_wconf 75' lang='grc' dir='ltr'>Ἐκκλησία</span> <span class='ocrx_word' id='word_1_661' title='bbox 3605 4712 3867 4770; x_wconf 77' lang='grc' dir='ltr'>δουλευου-</span> 
     </span>
    </p>
   </div>
   <div class='ocr_carea' id='block_1_103' title="bbox 2245 4803 2643 4879">
    <p class='ocr_par' dir='ltr' id='par_1_103' title="bbox 2245 4803 2643 4879">
     <span class='ocr_line' id='line_1_103' title="bbox 2245 4803 2643 4879; baseline -0.003 -19"><span class='ocrx_word' id='word_1_662' title='bbox 2245 4803 2383 4879; x_wconf 82' lang='grc' dir='ltr'>σῶν,</span> <span class='ocrx_word' id='word_1_663' title='bbox 2415 4826 2470 4866; x_wconf 84' lang='grc' dir='ltr'><strong>κ.</strong></span> <span class='ocrx_word' id='word_1_664' title='bbox 2500 4826 2551 4863; x_wconf 92' lang='grc' dir='ltr'><strong>τ.</strong></span> <span class='ocrx_word' id='word_1_665' title='bbox 2587 4807 2643 4865; x_wconf 84' lang='grc' dir='ltr'><strong>λ,</strong></span> 
     </span>
    </p>
   </div>
   <div class='ocr_carea' id='block_1_104' title="bbox 2327 4883 3863 4971">
    <p class='ocr_par' dir='ltr' id='par_1_104' title="bbox 2327 4883 3863 4971">
     <span class='ocr_line' id='line_1_104' title="bbox 2327 4883 3863 4971; baseline -0.004 -21"><span class='ocrx_word' id='word_1_666' title='bbox 2327 4893 2417 4956; x_wconf 81' lang='grc' dir='ltr'>ιε’.</span> <span class='ocrx_word' id='word_1_667' title='bbox 2454 4883 2687 4969; x_wconf 72' lang='grc' dir='ltr'>Ὀμοίως</span> <span class='ocrx_word' id='word_1_668' title='bbox 2730 4891 2923 4971; x_wconf 73' lang='grc' dir='ltr'>ἤρεσεν</span> <span class='ocrx_word' id='word_1_669' title='bbox 2956 4910 2971 4928; x_wconf 88' lang='grc'><strong>·</strong></span> <span class='ocrx_word' id='word_1_670' title='bbox 3005 4890 3099 4948; x_wconf 78' lang='grc' dir='ltr'><strong>ἵνα</strong></span> <span class='ocrx_word' id='word_1_671' title='bbox 3130 4890 3486 4963; x_wconf 75' lang='grc' dir='ltr'>ὁστισδήποτε</span> <span class='ocrx_word' id='word_1_672' title='bbox 3518 4898 3625 4949; x_wconf 78' lang='grc' dir='ltr'><strong>τῶν</strong></span> <span class='ocrx_word' id='word_1_673' title='bbox 3659 4890 3863 4949; x_wconf 80' lang='grc' dir='ltr'>ἐπισκό-</span> 
     </span>
    </p>
   </div>
   <div class='ocr_carea' id='block_1_105' title="bbox 2243 4981 2647 5064">
    <p class='ocr_par' dir='ltr' id='par_1_105' title="bbox 2243 4981 2647 5064">
     <span class='ocr_line' id='line_1_105' title="bbox 2243 4981 2647 5064; baseline 0.002 -21"><span class='ocrx_word' id='word_1_674' title='bbox 2243 5005 2386 5064; x_wconf 84' lang='grc' dir='ltr'>πων,</span> <span class='ocrx_word' id='word_1_675' title='bbox 2416 5005 2473 5045; x_wconf 92' lang='grc' dir='ltr'>κ.</span> <span class='ocrx_word' id='word_1_676' title='bbox 2505 5004 2558 5044; x_wconf 86' lang='grc' dir='ltr'><strong>τ.</strong></span> <span class='ocrx_word' id='word_1_677' title='bbox 2591 4981 2647 5044; x_wconf 93' lang='grc' dir='ltr'>λ.</span> 
     </span>
    </p>
   </div>
   <div class='ocr_carea' id='block_1_106' title="bbox 2323 5068 3860 5154">
    <p class='ocr_par' dir='ltr' id='par_1_106' title="bbox 2323 5068 3860 5154">
     <span class='ocr_line' id='line_1_106' title="bbox 2323 5068 3860 5154; baseline -0.004 -23"><span class='ocrx_word' id='word_1_678' title='bbox 2323 5071 2676 5154; x_wconf 79' lang='grc' dir='ltr'>Πρεσϐύτεροι</span> <span class='ocrx_word' id='word_1_679' title='bbox 2720 5073 2811 5129; x_wconf 83' lang='grc' dir='ltr'><strong>καὶ</strong></span> <span class='ocrx_word' id='word_1_680' title='bbox 2849 5070 3084 5130; x_wconf 68' lang='grc' dir='ltr'>διάκονοι</span> <span class='ocrx_word' id='word_1_681' title='bbox 3144 5073 3234 5129; x_wconf 87' lang='grc' dir='ltr'><strong>καὶ</strong></span> <span class='ocrx_word' id='word_1_682' title='bbox 3277 5068 3547 5151; x_wconf 82' lang='grc' dir='ltr'>κληρικοὶ,</span> <span class='ocrx_word' id='word_1_683' title='bbox 3601 5075 3647 5130; x_wconf 77' lang='grc' dir='ltr'>οἱ</span> <span class='ocrx_word' id='word_1_684' title='bbox 3690 5072 3741 5128; x_wconf 80' lang='grc' dir='ltr'><strong>ἐν</strong></span> <span class='ocrx_word' id='word_1_685' title='bbox 3796 5073 3860 5141; x_wconf 84' lang='grc' dir='ltr'><strong>τῷ</strong></span> 
     </span>
    </p>
   </div>
   <div class='ocr_carea' id='block_1_107' title="bbox 510 5148 2157 5248">
    <p class='ocr_par' dir='ltr' id='par_1_107' title="bbox 510 5148 2157 5248">
     <span class='ocr_line' id='line_1_107' title="bbox 510 5148 2157 5248; baseline 0.016 -44"><span class='ocrx_word' id='word_1_686' title='bbox 510 5164 640 5248; x_wconf 50' lang='grc' dir='ltr'><strong>ητα</strong></span> <span class='ocrx_word' id='word_1_687' title='bbox 655 5148 1193 5248; x_wconf 35' lang='lat' dir='ltr'><strong>adiri-inamarina</strong></span> <span class='ocrx_word' id='word_1_688' title='bbox 1219 5156 1576 5246; x_wconf 62' lang='lat' dir='ltr'><strong>putaverint</strong></span> <span class='ocrx_word' id='word_1_689' title='bbox 1602 5148 2062 5248; x_wconf 72' lang='lat' dir='ltr'><strong>appellandum,</strong></span> <span class='ocrx_word' id='word_1_690' title='bbox 2090 5148 2157 5231; x_wconf 75' lang='lat' dir='ltr'><strong>in</strong></span> 
     </span>
    </p>
   </div>
   <div class='ocr_carea' id='block_1_108' title="bbox 2241 5148 3858 5248">
    <p class='ocr_par' dir='ltr' id='par_1_108' title="bbox 2241 5148 3858 5242">
     <span class='ocr_line' id='line_1_108' title="bbox 2241 5148 3858 5242; baseline -0.004 -21"><span class='ocrx_word' id='word_1_691' title='bbox 2241 5148 2684 5242; x_wconf 31' lang='grc' dir='ltr'>ἰδίῳ-πράγματι</span> <span class='ocrx_word' id='word_1_692' title='bbox 2763 5160 3028 5229; x_wconf 77' lang='grc' dir='ltr'>ἔκκλητον</span> <span class='ocrx_word' id='word_1_693' title='bbox 3088 5148 3452 5241; x_wconf 75' lang='grc' dir='ltr'>παρέχοντες,</span> <span class='ocrx_word' id='word_1_694' title='bbox 3523 5162 3609 5219; x_wconf 77' lang='grc' dir='ltr'><strong>ἐπὶ</strong></span> <span class='ocrx_word' id='word_1_695' title='bbox 3667 5162 3730 5217; x_wconf 76' lang='grc' dir='ltr'><strong>τὰ</strong></span> <span class='ocrx_word' id='word_1_696' title='bbox 3771 5156 3858 5215; x_wconf 78' lang='grc' dir='ltr'>πέ-</span> 
     </span>
    </p>
   </div>
   <div class='ocr_carea' id='block_1_109' title="bbox 514 5229 1751 5312">
    <p class='ocr_par' dir='ltr' id='par_1_109' title="bbox 514 5229 1751 5312">
     <span class='ocr_line' id='line_1_109' title="bbox 514 5229 1751 5312; baseline 0.004 -20"><span class='ocrx_word' id='word_1_697' title='bbox 514 5229 997 5293; x_wconf 77' lang='lat' dir='ltr'><strong>communionem</strong></span> <span class='ocrx_word' id='word_1_698' title='bbox 1028 5229 1289 5293; x_wconf 72' lang='lat' dir='ltr'><strong>minime</strong></span> <span class='ocrx_word' id='word_1_699' title='bbox 1317 5229 1751 5312; x_wconf 50' lang='lat' dir='ltr'><strong>suscipiant—air.</strong></span> 
     </span>
    </p>
   </div>
   <div class='ocr_carea' id='block_1_110' title="bbox 595 5404 2146 5506">
    <p class='ocr_par' dir='ltr' id='par_1_110' title="bbox 595 5404 2146 5506">
     <span class='ocr_line' id='line_1_110' title="bbox 595 5404 2146 5506; baseline 0.015 -37"><span class='ocrx_word' id='word_1_700' title='bbox 595 5406 697 5470; x_wconf 71' lang='grc'><strong>28.</strong></span> <span class='ocrx_word' id='word_1_701' title='bbox 728 5404 877 5468; x_wconf 89' lang='lat' dir='ltr'><strong>Item</strong></span> <span class='ocrx_word' id='word_1_702' title='bbox 910 5406 1133 5488; x_wconf 87' lang='lat' dir='ltr'><strong>placuit</strong></span> <span class='ocrx_word' id='word_1_703' title='bbox 1163 5407 1224 5459; x_wconf 66' lang='lat'><strong>96</strong></span> <span class='ocrx_word' id='word_1_704' title='bbox 1251 5410 1404 5492; x_wconf 82' lang='lat'><strong>(96),</strong></span> <span class='ocrx_word' id='word_1_705' title='bbox 1437 5414 1503 5472; x_wconf 77' lang='lat' dir='ltr'><strong>ﬁt</strong></span> <span class='ocrx_word' id='word_1_706' title='bbox 1523 5411 2146 5506; x_wconf 83' lang='lat' dir='ltr'><strong>presbyteri,diaconi,</strong></span> 
     </span>
    </p>
   </div>
   <div class='ocr_carea' id='block_1_111' title="bbox 592 5519 1841 5598">
    <p class='ocr_par' dir='ltr' id='par_1_111' title="bbox 592 5519 1841 5598">
     <span class='ocr_line' id='line_1_111' title="bbox 592 5519 1841 5598; baseline 0.006 -13"><span class='ocrx_word' id='word_1_707' title='bbox 592 5520 656 5573; x_wconf 64' lang='grc' dir='ltr'><strong>’Β</strong></span> <span class='ocrx_word' id='word_1_708' title='bbox 684 5520 867 5586; x_wconf 83' lang='lat' dir='ltr'><strong>Cone.</strong></span> <span class='ocrx_word' id='word_1_709' title='bbox 896 5519 1144 5587; x_wconf 80' lang='lat' dir='ltr'><strong>Milevit.</strong></span> <span class='ocrx_word' id='word_1_710' title='bbox 1174 5542 1237 5598; x_wconf 83' lang='grc' dir='ltr'><strong>ιι,</strong></span> <span class='ocrx_word' id='word_1_711' title='bbox 1271 5524 1384 5587; x_wconf 80' lang='lat' dir='ltr'><strong>sub</strong></span> <span class='ocrx_word' id='word_1_712' title='bbox 1414 5526 1620 5588; x_wconf 91' lang='lat' dir='ltr'><strong>Innoc.</strong></span> <span class='ocrx_word' id='word_1_713' title='bbox 1654 5545 1708 5590; x_wconf 92' lang='lat' dir='ltr'><strong>c.</strong></span> <span class='ocrx_word' id='word_1_714' title='bbox 1740 5530 1841 5598; x_wconf 76' lang='lat'><strong>22.</strong></span> 
     </span>
    </p>
   </div>
   <div class='ocr_carea' id='block_1_112' title="bbox 2237 5249 3861 5333">
    <p class='ocr_par' dir='ltr' id='par_1_112' title="bbox 2237 5249 3861 5333">
     <span class='ocr_line' id='line_1_112' title="bbox 2237 5249 3861 5333; baseline -0.006 -21"><span class='ocrx_word' id='word_1_715' title='bbox 2237 5276 2333 5333; x_wconf 88' lang='grc' dir='ltr'><strong>ραν</strong></span> <span class='ocrx_word' id='word_1_716' title='bbox 2390 5257 2489 5320; x_wconf 77' lang='grc' dir='ltr'>τῆς</span> <span class='ocrx_word' id='word_1_717' title='bbox 2532 5249 2805 5319; x_wconf 79' lang='grc' dir='ltr'>θαλάσσης</span> <span class='ocrx_word' id='word_1_718' title='bbox 2862 5253 2938 5317; x_wconf 68' lang='grc' dir='ltr'><strong>εἰς</strong></span> <span class='ocrx_word' id='word_1_719' title='bbox 3012 5251 3295 5309; x_wconf 88' lang='grc' dir='ltr'>κοινωνίαν</span> <span class='ocrx_word' id='word_1_720' title='bbox 3339 5249 3607 5328; x_wconf 79' lang='grc' dir='ltr'>μηδαμῶς</span> <span class='ocrx_word' id='word_1_721' title='bbox 3664 5249 3861 5330; x_wconf 69' lang='grc' dir='ltr'>δεχθῶ-</span> 
     </span>
    </p>
   </div>
   <div class='ocr_carea' id='block_1_113' title="bbox 2233 5365 2338 5404">
    <p class='ocr_par' dir='ltr' id='par_1_113' title="bbox 2233 5365 2338 5404">
     <span class='ocr_line' id='line_1_113' title="bbox 2233 5365 2338 5404; baseline 0.038 -4"><span class='ocrx_word' id='word_1_722' title='bbox 2233 5365 2338 5404; x_wconf 87' lang='grc' dir='ltr'>σιν.</span> 
     </span>
    </p>
   </div>
   <div class='ocr_carea' id='block_1_114' title="bbox 2315 5423 3859 5511">
    <p class='ocr_par' dir='ltr' id='par_1_114' title="bbox 2315 5423 3859 5511">
     <span class='ocr_line' id='line_1_114' title="bbox 2315 5423 3859 5511; baseline -0.006 -20"><span class='ocrx_word' id='word_1_723' title='bbox 2315 5431 2432 5500; x_wconf 84' lang='grc' dir='ltr'>κη’.</span> <span class='ocrx_word' id='word_1_724' title='bbox 2482 5423 2716 5509; x_wconf 77' lang='grc' dir='ltr'>Ὀμοίως</span> <span class='ocrx_word' id='word_1_725' title='bbox 2767 5429 2961 5508; x_wconf 74' lang='grc' dir='ltr'>ἤρεσεν</span> <span class='ocrx_word' id='word_1_726' title='bbox 3017 5431 3111 5489; x_wconf 81' lang='grc' dir='ltr'><strong>ἵνα</strong></span> <span class='ocrx_word' id='word_1_727' title='bbox 3168 5432 3216 5487; x_wconf 76' lang='grc' dir='ltr'>οἱ</span> <span class='ocrx_word' id='word_1_728' title='bbox 3281 5428 3627 5511; x_wconf 84' lang='grc' dir='ltr'>πρεσϐύτεροι</span> <span class='ocrx_word' id='word_1_729' title='bbox 3680 5427 3765 5485; x_wconf 78' lang='grc' dir='ltr'>καὶ</span> <span class='ocrx_word' id='word_1_730' title='bbox 3814 5444 3859 5497; x_wconf 68' lang='grc' dir='ltr'><strong>οι</strong></span> 
     </span>
    </p>
   </div>
   <div class='ocr_carea' id='block_1_115' title="bbox 514 5602 3854 5708">
    <p class='ocr_par' dir='ltr' id='par_1_115' title="bbox 514 5602 3854 5708">
     <span class='ocr_line' id='line_1_115' title="bbox 514 5602 3854 5708; baseline 0.008 -45"><span class='ocrx_word' id='word_1_731' title='bbox 514 5681 571 5708; x_wconf 41' lang='grc'><strong>3-</strong></span> <span class='ocrx_word' id='word_1_732' title='bbox 596 5602 1681 5708; x_wconf 31' lang='grc' dir='ltr'>(ρῳ-ξξξουῐὶῐιῖίίίιιοιῐια-ςυε-ξοῃοριιεο.</span> <span class='ocrx_word' id='word_1_733' title='bbox 1714 5611 1799 5675; x_wconf 82' lang='lat' dir='ltr'><strong>De</strong></span> <span class='ocrx_word' id='word_1_734' title='bbox 1825 5616 2092 5691; x_wconf 70' lang='lat' dir='ltr'><strong>divortio</strong></span> <span class='ocrx_word' id='word_1_735' title='bbox 2142 5627 2317 5692; x_wconf 75' lang='lat' dir='ltr'><strong>Loth.</strong></span> <span class='ocrx_word' id='word_1_736' title='bbox 2361 5622 2562 5695; x_wconf 76' lang='lat' dir='ltr'><strong>Thetb.</strong></span> <span class='ocrx_word' id='word_1_737' title='bbox 2596 5640 2731 5707; x_wconf 83' lang='lat' dir='ltr'><strong>pag.</strong></span> <span class='ocrx_word' id='word_1_738' title='bbox 2763 5624 2907 5703; x_wconf 91' lang='lat'><strong>786,</strong></span> <span class='ocrx_word' id='word_1_739' title='bbox 2940 5625 3100 5692; x_wconf 84' lang='lat' dir='ltr'><strong>hunc</strong></span> <span class='ocrx_word' id='word_1_740' title='bbox 3131 5642 3425 5693; x_wconf 87' lang='lat' dir='ltr'><strong>canonem</strong></span> <span class='ocrx_word' id='word_1_741' title='bbox 3459 5621 3648 5708; x_wconf 86' lang='lat' dir='ltr'><strong>primo</strong></span> <span class='ocrx_word' id='word_1_742' title='bbox 3690 5616 3854 5685; x_wconf 64' lang='lat' dir='ltr'><strong>fuisse</strong></span> 
     </span>
    </p>
   </div>
   <div class='ocr_carea' id='block_1_116' title="bbox 509 5682 1609 5771">
    <p class='ocr_par' dir='ltr' id='par_1_116' title="bbox 509 5682 1609 5771">
     <span class='ocr_line' id='line_1_116' title="bbox 509 5682 1609 5771; baseline 0.005 -27"><span class='ocrx_word' id='word_1_743' title='bbox 509 5682 575 5746; x_wconf 89' lang='lat' dir='ltr'><strong>in</strong></span> <span class='ocrx_word' id='word_1_744' title='bbox 605 5682 862 5747; x_wconf 84' lang='lat' dir='ltr'><strong>concilio</strong></span> <span class='ocrx_word' id='word_1_745' title='bbox 890 5683 1259 5771; x_wconf 85' lang='lat' dir='ltr'><strong>Hipponensi</strong></span> <span class='ocrx_word' id='word_1_746' title='bbox 1290 5682 1609 5757; x_wconf 80' lang='lat' dir='ltr'><strong>sancitum.</strong></span> 
     </span>
    </p>
   </div>
  </div>
