4004 6230
214 322 318 390 725

979 314 1399 389 SYNTAGMA
1448 320 1600 387 CAN
1604 316 1843 386 ONUM.

1900 350 1975 393 -τ
2040 322 2198 388 ΤΙΤ.
2262 326 2364 403 IX,
2414 326 2579 390 CAP.
2638 329 2746 394 VI.
3437 330 3557 397 726

213 459 448 535 διάκονοι,
495 462 578 519 καὶ
620 464 667 519 οἱ
712 460 889 519 λοιποὶ
929 461 1223 538 κατώτεροι
1278 459 1549 538 κληρικοί,
1611 461 1669 515 ἓν
1724 460 1812 520 αῖς

1917 456 1995 548 vel
2028 460 2230 521 caeteri
2286 460 2606 524 inferiores
2655 463 2890 541 clerici,
2942 463 3003 527 in
3035 465 3232 530 causis
3260 484 3408 548 quas
3438 468 3551 530 ha-

208 551 410 631 ἕχουσιν
454 552 662 625 αἰτίαις,
727 552 818 608 ἐὰν
861 552 928 608 τὰ
978 549 1303 627 δικαστήρια
1340 550 1661 628 μέμφωνται
1718 554 1823 604 τῶν

206 639 333 698 ἰδίων
372 640 673 699 ἐπισκόπων
724 644 772 697 οἱ
811 642 1049 719 γείτονες
1109 640 1394 699 ἐπίσκοποι
1453 639 1824 712 ἀκροάσωνται

204 731 385 802 αὐτῶν,
429 733 514 788 καὶ
568 732 707 805 μετὰ
758 731 1113 795 συναινέσεως
1158 737 1250 787 τοῦ
1311 728 1444 786 ἰδίου
1500 729 1823 807 ἐπισκόπου,

203 821 262 876 τὰ
300 819 487 892 μεταξὺ
540 825 714 880 ανότῶν
770 818 1020 879 διαθῶσιν
1080 824 1128 878 οἱ
1190 818 1652 895 προσκαλούμενοι
1695 815 1824 895 παρ’

202 911 359 966 αὐτῶν
408 910 731 968 ἐπίσκοπον
777 912 824 966 εἰ
896 909 950 967 δὲ
1007 912 1097 968 καὶ
1144 911 1261 989 περὶ
1320 911 1495 970 αὒτῶν
1556 904 1823 974 ἔκκλητον

200 1000 443 1080 παρέχειν
487 1001 784 1080 νομίσουσι,
820 1001 898 1076 μὴ
940 999 1345 1063 ἱκκαλὲσωντιι
1399 1000 1474 1065 εἰς
1528 998 1597 1055 τὰ
1654 996 1820 1073 πέραν

196 1088 283 1156 τῆς
336 1088 606 1156 θαλάσσης
668 1087 1007 1167 δικαστήρια,
1074 1088 1214 1146 ἀλλὰ
1285 1090 1419 1169 πρὸς
1468 1088 1591 1149 τοὺς
1663 1108 1818 1164 πρω-

194 1179 424 1242 τευόντας
482 1181 587 1236 τῶν
643 1177 786 1235 ἰδίων
848 1180 1131 1259 ἑπαρχῶν,
1209 1181 1284 1244 ὡς
1370 1179 1461 1235 καὶ
1539 1178 1656 1254 περὶ
1710 1178 1817 1233 τῶν

193 1267 487 1325 ἐπισκόπων
530 1267 796 1331 πολλάκις
856 1269 1079 1347 ὥρισται
1114 1284 1129 1299 ⁸
1180 1272 1228 1325 οἱ
1285 1268 1339 1325 δὲ
1394 1269 1526 1345 πρὸς
1562 1288 1815 1346 περαμα-

192 1358 303 1413 τικα
341 1356 655 1431 δικαστήρια
698 1357 1163 1434 διεκκαλούμενοι,
1222 1358 1349 1439 παρ’
1394 1356 1607 1423 οὒδενὸς
1652 1356 1705 1413 ἐν
1751 1362 1818 1433 τῇ

188 1445 404 1526 ’Λφρικῇ
446 1446 715 1528 δεχθῶτιν
746 1449 818 1514 είς
848 1449 1151 1511 κοινωνίαν,

261 1537 385 1615 Περὶ
444 1545 554 1595 τῶν
645 1552 766 1603 τοῖς
847 1538 1004 1604 λαοῖς
1081 1539 1172 1603 οὒς
1257 1538 1563 1614 νομίζουσιν
1628 1537 1817 1602 etiam";

190 1625 390 1696 ἀνήκειν
476 1625 884 1686 ἐπιϐαλλόντων
963 1629 1109 1707 παρὰ
1169 1628 1393 1707 γνώμην
1449 1634 1556 1684 τῶν
1625 1628 1817 1691 αὐτοὺς

187 1718 544 1797 κατεχόντων,

256 1807 355 1883 ρκ’,
394 1798 629 1884 Ὀμοίως
683 1807 873 1887 ἤρεσεν
916 1808 1010 1865 ἵνα
1054 1806 1365 1879 οὶοιδήποτε
1412 1808 1699 1865 ἐπίσκοποι
1751 1808 1817 1864 τὰ
1843 1821 1877 1873 Β

183 1894 352 1967 πλήθη
404 1899 436 1955 ἃ
493 1898 771 1974 νομίζουσι
833 1906 911 1974 τῷ
970 1899 1143 1976 θρόνῳ
1200 1901 1373 1955 mare»;
1432 1898 1678 1973 ἀνήκειν,
1738 1908 1816 1971 μὴ

184 1986 337 2051 οὕτως
366 1988 709 2059 ἆναζητῶσιν
740 1988 881 2045 ὥστε
938 1988 1116 2045 ἄλλων
1161 1987 1471 2045 ἐπισκόπων
1528 1988 1816 2066 κρινόντων

183 2083 324 2133 τοῦτο
353 2080 635 2158 πράττειν,
662 2077 780 2135 ἀλλ’
843 2080 946 2138 ὑπὸ
1005 2078 1185 2155 ἑτέρου
1227 2076 1618 2158 κατεχομένοις
1650 2076 1814 2134 ἐπέλ-

182 2168 301 2221 θωαι
327 2179 443 2229 τοῖς
477 2167 667 2238 λαοῖς,
700 2163 816 2224 εἴτε
848 2169 1190 2241 θελήσουσιν,
1224 2167 1338 2224 εἴτε
1381 2168 1459 2242 μὴ
1502 2165 1810 2238 θελήσουσι,

179 2255 261 2310 τοῦ
310 2253 437 2313 ἰδίου
494 2257 821 2335 πράγματος
878 2258 978 2325 τὴν
1036 2258 1235 2332 ζημίαν
1303 2256 1631 2333 ὑπομείνωσι
1667 2271 1680 2286 ·
1724 2257 1813 2311 καὶ

179 2348 220 2400 οἱ
255 2343 612 2416 τινεσδήποτε
660 2352 820 2403 τοῦτο
865 2345 1151 2423 ἐποίησαν,
1201 2350 1244 2403 εἱ
1287 2347 1365 2421 μὴ
1409 2347 1443 2415 ἡ
1477 2343 1673 2421 μεταξὺ
1702 2350 1810 2400 τῶν

176 2435 467 2492 ἒπισκὸπων
515 2436 828 2501 συνέλευσις
872 2438 1213 2515 ἒπερατώθη,
1267 2434 1389 2493 ἀλλ’
1446 2435 1630 2511 ἀκμὴν
1679 2433 1806 2509 περΐ

176 2530 258 2580 τοῦ
308 2525 464 2581 αὖτοῦ
515 2524 943 2606 φιλονεικοῦσιν,
1022 2526 1237 2593 ἐκεῖνος
1324 2527 1534 2602 ἆποστῇ
1604 2525 1809 2581 ἐκεϊθεν

177 2615 281 2693 περὶ
320 2619 379 2673 οὗ
431 2616 689 2698 δεχθείη,
725 2616 807 2673 ὅτι
841 2617 1112 2696 παρεάσας
1158 2618 1277 2682 τοὺς
1328 2614 1810 2683 ἐκκλησιαστικοὺς

175 2702 405 2772 δικαστὰς
437 2704 636 2786 ἔφοδον
678 2707 903 2774 εποίησε
941 2725 957 2742 ’
1002 2705 1098 2763 καὶ
1143 2706 1222 2782 μὴ
1263 2706 1451 2762 ἑαυτὸν
1500 2707 1574 2770 εἷς
1632 2702 1808 2760 κολα-

177 2794 343 2874 αεῦεῃ,
406 2799 450 2853 εἰ
511 2796 577 2853 ἐκ
639 2796 733 2853 τοῦ
775 2796 1148 2874 πρωτεύοντος
1193 2796 1486 2874 γράμματα
1538 2796 1658 2872 περὶ
1716 2803 1808 2853 τοῦ

172 2885 405 2965 κατέχειν
450 2883 679 2963 ἔλαϐεν,
716 2885 876 2962 me,
913 2886 1029 2943 εἴτε
1062 2886 1357 2965 γράμματα
1401 2883 1521 2965 ἔχει
1561 2882 1676 2939 εἴτε
1711 2882 1807 2941 οὒκ

175 2972 302 3053 ἔχει,
354 2975 603 3033 συνέλθοι
658 2981 736 3049 τῷ
795 2978 1109 3056 κατέχοντι,
1142 2978 1231 3032 καὶ
1276 2975 1402 3053 παρ’
1445 2978 1607 3033 αὐτοῦ
1636 2973 1809 3051 γράμ-

177 3086 301 3123 ματα
383 3064 570 3135 λάϐοι,
638 3065 777 3122 ὥστε
834 3071 1065 3146 φανῆναι
1121 3071 1308 3122 τοῦτον
1369 3065 1646 3143 εἰρηνικῶς
1705 3064 1805 3130 τὴν

1913 546 2177 621 buerint,
2261 551 2309 611 si
2391 551 2465 612 de
2514 552 2767 631 judiciis
2823 557 3244 636 episcoporum
3280 546 3551 620 isuorum

1909 639 2109 717 questi
2136 640 2380 713 fuerint,
2417 640 2597 701 vicini
2630 644 3032 725 episcOpieos
3063 664 3199 707 cum
3251 665 3554 711 consensu

1908 727 2002 787 sui
2033 728 2298 809 episcopi
2332 728 2580 792 audiant
2609 739 2670 793 et
2701 733 2859 795 inter
2908 753 3009 796 eos
3060 735 3350 797 deﬁniant
3378 736 3553 799 asciti

1905 815 1979 877 ab
2008 817 2097 878 eis
2127 818 2396 898 episcopi
2433 837 2446 882 :
2485 822 2641 899 quod
2689 821 2738 881 si
2791 831 2851 883 et
2882 822 2955 885 ab
2987 825 3074 887 eis
3105 825 3551 905 provocandum

1908 906 2267 986 putaverint,
2302 926 2420 969 non
2457 920 2783 989 provocent
2812 911 2887 987 ad
2948 916 3346 977 transmarina
3384 915 3552 995 judi-

1906 995 2024 1071 cia,
2061 998 2165 1059 sed
2193 1000 2265 1059 ad
2314 999 2602 1078 primates
2646 1019 2889 1062 suarum
2926 1004 3395 1083 provinciarum,
3450 1012 3555 1067 aut

1904 1087 1975 1147 ad
2012 1088 2347 1149 universale
2396 1088 2745 1165 concilium,
2804 1090 2961 1152 sicut
3005 1100 3063 1155 et
3113 1093 3189 1155 de
3247 1093 3552 1175 episcopis

1899 1177 2033 1255 (97)
2069 1194 2229 1256 saepe
2260 1178 2657 1240 constitutum
2716 1188 2832 1242 est.
2864 1182 2958 1244 Ad
3014 1186 3411 1246 transmarina
3442 1202 3547 1245 au-

1902 1273 2019 1327 tem
2083 1265 2186 1347 qui
2245 1268 2536 1345 putaverit
2587 1269 3040 1349 appellandum,
3097 1292 3129 1334 a
3180 1273 3343 1334 nullo
3392 1273 3551 1335 intra

1900 1354 2165 1418 Africam
2197 1357 2267 1417 ad
2303 1357 2796 1420 communionem
2831 1360 3221 1441 suscipiatur.

1990 1444 2076 1508 De
2108 1447 2204 1508 his
2263 1448 2370 1525 qui
2428 1449 2493 1509 in
2541 1447 2769 1527 plebes,
2818 1468 2969 1530 quas
3004 1452 3085 1514 ad
3130 1470 3195 1515 se
3240 1453 3550 1533 pertinere

1899 1544 2142 1619 putant,
2181 1539 2559 1601 inconventis
2591 1540 2684 1601 his
2709 1557 2743 1602 a
2776 1543 2990 1621 quibus
3012 1549 3316 1620 tenentur,
3345 1546 3549 1607 irrue~

1899 1634 2053 1692 rint.

1984 1808 2121 1872 ΝΟ.
2150 1808 2299 1871 Item
2340 1808 2563 1890 placuit
2590 1809 2650 1860 2⁷
2708 1811 2852 1890 (98),
2890 1819 2953 1874 ut
2996 1814 3347 1895 quicunque
3378 1816 3544 1896 epis-

1902 1897 2035 1979 copi
2071 1898 2299 1978 plcbes,
2334 1918 2482 1980 quas
2514 1900 2586 1961 ad
2618 1919 2786 1962 suam
2821 1903 3172 1966 cathedram
3198 1904 3550 1967 existiment

1901 1995 2233 2069 pertinere,
2267 2008 2384 2050 non
2414 1989 2494 2049 ita
2527 1999 2830 2070 repetunt,
2869 1999 2933 2053 ut
2962 2012 3173 2054 causas
3206 2012 3346 2056 suas
3381 1993 3545 2073 epis-

1901 2081 2067 2158 c0p's
2121 2077 2532 2156 judicautibus
2579 2089 2779 2157 agant,
2833 2081 3090 2144 sedatio
3122 2083 3426 2144 retinente
3452 2076 3545 2144 ir-

1898 2167 2156 2243 ruerint,
2208 2167 2335 2230 sive
2382 2169 2749 2243 volentibus,
2807 2170 2947 2231 9δῦ
3006 2170 3130 2232 sive
3192 2170 3544 2232 nolentibus

1894 2257 2194 2338 plebibus,
2246 2276 2441 2319 causae
2494 2276 2621 2319 suae
2663 2258 3095 2321 detrimentum
3128 2261 3450 2341 patiantur,
3486 2270 3545 2323 et

1891 2347 2240 2429 quicunque
2281 2348 2404 2425 jam
2439 2347 2549 2408 hoc
2588 2346 2886 2425 fecerunt,
2923 2348 2972 2410 si
3022 2350 3290 2413 nondum
3324 2359 3417 2413 est
3447 2350 3541 2412 in-

1891 2446 1983 2501 ter
2012 2436 2331 2518 episcopos
2365 2436 2528 2499 tinita
2557 2438 2891 2515 contentio,
2922 2439 3027 2500 sed
3060 2440 3258 2502 adhuc
3291 2447 3544 2502 conten-

1895 2527 2084 2591 dunt:
2140 2527 2243 2589 ille
2273 2527 2416 2589 inde
2448 2527 2739 2591 discedat.
2798 2547 2977 2609 quem
3012 2530 3355 2593 constiterit
3390 2548 3539 2611 pm-

1894 2617 2190 2679 termissis
2214 2615 2462 2695 judiciis
2494 2617 2925 2679 ecclesiasticis
2953 2619 3234 2682 irruisse.
3270 2618 3393 2682 Nec
3423 2620 3540 2682 sibi

1891 2705 2208 2788 quisquam
2245 2703 2609 2778 blandiatur,
2663 2706 2713 2767 si
2764 2725 2796 2768 a
2841 2708 3123 2787 primate,
3157 2716 3222 2771 ut
3256 2715 3536 2786 retineat,

1890 2796 2124 2857 litteras
2156 2795 2493 2874 impetrarit
2520 2815 2535 2870 ;
2566 2794 2671 2857 sed
2709 2797 2841 2858 sive
2874 2796 3092 2860 habeat
3123 2798 3382 2874 litteras,
3416 2800 3541 2860 sive

1890 2903 2010 2949 non
2069 2885 2308 2956 habeat,
2363 2886 2678 2947 conveniat
2730 2905 2866 2948 eum
2930 2887 3035 2968 qui
3084 2896 3268 2960 tenet,
3319 2898 3377 2949 et
3406 2890 3538 2968 ejus

1889 2975 2122 3036 litteras
2180 2974 2460 3054 accipiat,
2517 2982 2579 3035 ut
2627 2993 2762 3036 eum
2811 2986 3099 3057 appareat
3157 2977 3410 3057 paciﬁce
3457 2987 3539 3039 te-

1890 3067 2096 3127 nuisse
2151 3063 2482 3126 Ecclesiam
2545 3064 2620 3124 ad
2672 3083 2735 3126 se
2770 3066 3204 3146 pertinentem.
3240 3066 3304 3128 Si
3335 3074 3531 3127 autem

210 3157 223 3177 ,
271 3161 291 3170 -
361 3154 375 3173 ν
1051 3153 1067 3178 ,
1098 3163 1109 3175 .
1414 3168 1427 3183 ,
1506 3154 1518 3169 ι
1618 3150 1664 3184 η
1742 3151 1755 3169 ν

176 3174 301 3227 αυτῳ
354 3157 667 3225 ανήκουσαν
709 3166 1016 3235 κατασχεῖν
1075 3153 1378 3220 Εκκλησίαν
1473 3152 1562 3209 ἒαν
1613 3162 1667 3207 ὸς.
1701 3173 1802 3208 κα-

1917 3154 1992 3216 Ile
2023 3154 2283 3234 aliquam
2315 3154 2705 3235 quaestionem
2746 3155 3043 3236 retulerit,
3082 3175 3190 3238 per
3220 3156 3536 3236 episcopos

174 3256 332 3310 κεῖνος
380 3268 499 3302 τινα
560 3246 795 3316 ζήτησιν
848 3245 1228 3324 ἁντεπαγάιῃ,
1289 3245 1377 3300 καὶ
1448 3241 1585 3309 αὕτη
1628 3264 1800 3321 περα-

1917 3244 2116 3306 udiccs
2148 3261 2324 3304 causa
2357 3244 2623 3324 ﬁniatur,
2651 3244 2777 3304 sive
2809 3263 2959 3325 quos
2990 3246 3077 3307 eis
3111 3244 3400 3325 primates
3432 3246 3531 3307 de-

174 3337 298 3408 τωθῇ
325 3335 519 3409 μεταξὺ
576 3338 894 3391 ἐπισκόπων
953 3335 1271 3414 κρινόντων,
1306 3332 1421 3389 εἴτε
1452 3333 1540 3395 οὒς
1587 3333 1613 3388 ὁ
1646 3354 1801 3411 πρω-

175 3423 317 3479 τεύων
365 3426 529 3493 αὺτῆς
564 3424 671 3499 δῷ,
706 3423 821 3481 εἴτε
851 3425 941 3490 οὓς
971 3425 1322 3503 γειτνιῶντας
1366 3423 1505 3479 κατὰ
1555 3420 1800 3481 συναίνε-

176 3532 245 3565 σιν
271 3512 375 3570 ἐπι)
390 3513 539 3579 ἑξοντ
549 3537 605 3571 αι
617 3554 634 3570 .

179 3602 284 3677 Περὶ
355 3604 459 3660 τῶν
557 3600 911 3679 ἀμελούντων
994 3610 1100 3659 τῶν
1195 3602 1383 3665 αὐτοῖς

899 3691 1066 3752 λαῶν,

242 3781 374 3847 ρκα’.
422 3776 667 3860 Ὀμοίως
699 3779 890 3859 ἤρεσεν
932 3781 1028 3838 ἵνα
1076 3778 1474 3853 οἷτινεσδήποτε
1517 3778 1800 3856 ἆμελοῦτι,

178 3890 223 3928 κ.
250 3894 297 3934 τ.
330 3871 383 3935 λ.

243 3960 311 4018 Ti
363 3962 656 4042 ὀφείλοντα
696 3961 753 4018 ἐν
816 3960 988 4033 τούτῳ
1043 3966 1119 4034 τῷ
1181 3982 1301 4041 κερ,
1361 3965 1803 4039 παραγραφῆναι,

175 4054 362 4126 συνῆψα
416 4065 542 4116 ταῖς
577 4061 968 4129 παραγραφαϊς
1000 4056 1093 4107 τοῦ
1129 4047 1496 4127 προλαϐόντος
1528 4070 1667 4129 κηφ,
1699 4056 1805 4121 ζη-

176 4138 263 4193 τῶν
322 4140 409 4197 οὖν
466 4143 596 4219 περὶ
649 4138 1017 4220 χρηματικῶν
1072 4140 1108 4208 ἢ
1151 4139 1571 4219 ὲγκληματικῶν
1618 4137 1802 4220 δικῶν,

174 4224 333 4286 iniu:
362 4230 641 4309 ἀνάγνωθι
652 4275 665 4289 .

245 4326 483 4384 ΚΕΦΑΛ,
552 4319 667 4396 ς’.
746 4354 821 4366 —-
885 4319 1010 4397 Περὶ
1071 4318 1546 4400 ἀναψηλαφήσεως
1607 4321 1803 4401 ψήφων

177 4401 459 4467 ἐπισκόπων
471 4460 487 4475 ,

501 4498 742 4558 Συνόδου
777 4499 1120 4578 Ἀντιοχείας
1152 4500 1328 4556 κανὼν
1357 4499 1462 4575 ς’.

244 4586 306 4644 Εἴ
328 4611 406 4655 τις
435 4593 542 4649 ὕπὸ
576 4597 676 4647 tofi
698 4587 829 4647 ἰδίου
860 4588 1161 4645 ἐπισκόπου
1191 4586 1557 4658 ἀκοινώνητος
1588 4588 1800 4668 γέγονε,

178 4695 222 4732 κ.
251 4698 299 4741 τ,
331 4678 383 4739 λ.

419 4769 659 4829 Συνόδου
689 4766 960 4847 Σαρδικῆς
994 4767 1171 4824 κανὼν
1200 4766 1252 4847 γ’
1285 4765 1333 4824 δ’
1362 4766 1406 4824 ε’
1442 4766 1531 4828 ιδ’.

243 4856 313 4933 γ’.
339 4858 525 4924 Ὀσιος
565 4859 865 4922 ὶπίσκοπος
896 4857 1057 4915 εἶπεν
1092 4874 1105 4888 ·
1141 4854 1471 4936 Ἀναγκαῖον
1503 4858 1589 4915 καὶ
1618 4863 1798 4934 τοῦτο,

179 4961 224 4999 ιι.
245 4965 292 5008 τ,
324 4946 376 5005 λ.

244 5034 309 5097 δ’.
341 5038 655 5104 Γαυδέντιος
686 5038 984 5102 ἐπίσκοπος
1014 5038 1196 5111 εἶπεν,
1230 5060 1284 5099 κ.
1320 5059 1372 5099 τ.
1402 5036 1455 5098 λ.

271 5124 282 5145 ι
336 5126 360 5148 α
553 5131 566 5151 υ
1096 5126 1123 5147 η
1363 5126 1387 5148 σν
1514 5126 1539 5145 ν

245 5144 267 5178 ε
293 5168 307 5181 .
365 5136 521 5195 Dato;
555 5130 849 5192 επίσκοπος
880 5127 1063 5185 εἶπεν*
1127 5134 1332 5207 Ηρεσεν
1372 5150 1456 5185 ινα
1486 5149 1534 5183 ει
1570 5150 1650 5195 τις
1681 5130 1801 5185 ἐπί-

180 5232 352 5280 σκοπος
383 5217 810 5297 καταγγελθείη,
844 5239 901 5281 κ,
936 5239 991 5281 τ.
1026 5216 1081 5281 λ.

1490 3600 1805 3669 ἀνηκόντων

249 5339 301 5391 ’7
324 5341 502 5408 Conc.
538 5344 946 5408 Milevitanum
976 5363 1042 5421 ιι,
1078 5364 1133 5409 c.
1167 5345 1246 5408 22
1279 5367 1295 5427 ;
1328 5344 1522 5411 Afric.
1556 5365 1612 5410 c.
1648 5347 1748 5413 87.

1887 3334 2110 3409 derint,
2147 3335 2269 3395 sive
2300 3352 2452 3414 quos
2497 3334 2614 3415 ipsi
2652 3336 2879 3397 vicinos
2912 3354 2980 3399 ex
3014 3353 3317 3399 consensu
3356 3335 3531 3400 dele-

1886 3423 2110 3503 gerint.

1966 3602 2051 3665 De
2095 3601 2193 3664 his
2223 3602 2331 3683 qui
2360 3600 2561 3684 plebes
2590 3602 2669 3664 ad
2699 3620 2764 3665 se
2790 3604 3165 3681 pertinentes
3191 3603 3528 3683 negligant.

1973 3780 2108 3846 121.
2138 3781 2287 3843 Item
2319 3780 2543 3862 placuit
2573 3779 2997 3862 utquicunque
3026 3779 3357 3860 negligant,
3384 3790 3527 3862 etc.,

1889 3878 1956 3936 ut
1982 3889 2172 3952 supra
2202 3888 2346 3950 pag.
2381 3869 2522 3933 679.

1968 3961 2109 4022 254
2140 3959 2281 4033 Qua:
2325 3959 2384 4019 in
2421 3960 2535 4020 hoc
2566 3958 2760 4039 capite
2791 3958 3064 4020 annotari
3098 3957 3358 4021 debeant
3389 3980 3532 4023 con-

1882 4052 2053 4134 junxi
2083 4047 2577 4113 annotationibus
2608 4047 3024 4127 praecedentis.
3064 4047 3194 4110 Illic
3239 4048 3422 4129 igitur
3452 4050 3532 4114 de

1891 4140 2256 4223 pecuniariis
2309 4148 2410 4201 aut
2470 4137 2887 4201 criminalibus
2964 4138 3165 4201 causis
3222 4158 3525 4220 quaerens,

1886 4231 2040 4293 lene.

1945 4252 2139 4385 εὲλῐ).
2174 4321 2271 4383 Vl.
2300 4354 2368 4364 —
2397 4319 2478 4380 De
2505 4318 2785 4380 examine
2811 4318 3263 4380 sententiarum
3297 4320 3529 4398 episco-

1882 4410 2144 4493 palium.

2225 4497 2487 4562 Concilii
2513 4497 2879 4561 Antiocheni
2906 4513 3103 4558 canon
3126 4495 3187 4557 6.

1968 4590 2197 4671 Siquis
2228 4608 2261 4650 a
2313 4587 2558 4668 proprio
2610 4588 2897 4668 episcopo
2941 4585 3524 4662 excommunicatus,

1885 4688 2033 4756 etc.,
2070 4688 2136 4742 ut
2169 4678 2486 4759 1209.719.

2024 4766 2291 4832 Cuncilii
2319 4768 2569 4832 Sardice
2584 4767 2683 4827 nsi
2711 4781 2975 4828 canones
2999 4766 3061 4839 3,
3091 4764 3153 4843 4,
3185 4764 3246 4837 5,
3284 4764 3382 4825 14.

1965 4859 2026 4922 3.
2059 4857 2236 4922 ()sius
2267 4855 2592 4936 episcopus
2621 4851 2769 4914 dixit
2804 4869 2817 4912 :
2852 4851 2976 4914 Hoc
3025 4868 3263 4932 quoque
3306 4868 3525 4913 neces-

1887 4949 2072 5021 sario,
2109 4955 2255 5023 etc.,
2281 4951 2349 5008 ut
2379 4962 2520 5026 pug.
2558 4942 2705 5005 471.
3242 4952 3249 4957 ·

1966 5032 2406 5102 4.Gaudentius
2427 5028 3167 5113 episcopusdixit,etc.,ut
3197 5047 3343 5110 pag.
3380 5030 3526 5092 471.

1965 5129 2026 5191 5.
2059 5124 2238 5190 Osius
2286 5121 2607 5202 episcopus
2658 5117 2810 5179 dixit
2855 5138 2870 5181 :
2922 5118 3179 5196 Placuit,
3215 5129 3280 5179 ut
3312 5119 3359 5180 si
3392 5117 3532 5198 quis

1887 5216 2206 5300 episcopus
2236 5211 2470 5274 delatus
2498 5207 2699 5285 fuerit,
2734 5216 2877 5286 etc.,
2908 5216 2974 5271 ut
2999 5225 3148 5290 pag.
3182 5208 3331 5273 4⁸71.

245 5471 349 5541 (97)
380 5475 813 5551 Nep_sunt_ha3c
835 5476 1185 5551 Verba,sicut
1212 5477 1345 5551 etde
1368 5477 1810 5551 ερίιςορίῳιοη
1893 5494 2028 5538 nem
2060 5494 2089 5536 a
2126 5474 2370 5551 synodo
2391 5471 2861 5551 conﬁrmandum
2895 5472 3190 5551 recitaret.

189 5539 388 5602 in'can.
422 5546 552 5616 125,
585 5548 685 5618 qui
719 5550 789 5604 ad
829 5539 1078 5605 verbum
1141 5547 1280 5605 huic
1313 5539 1666 5606 simillimus
1685 5539 1811 5617 esti

1967 5551 2080 5623 (98)
2116 5540 2448 5623 Ferrandus
2495 5560 2637 5623 cap;
2670 5544 2865 5623 25,3}
2895 5557 3067 5623 conc.
3105 5541 3393 5623 Carthag;
3437 5540 3529 5596 tit.

185 5622 279 5686 nec
324 5620 473 5686 apud
525 5610 925 5677 Cr'esconium
978 5623 1068 5678 tit.
1119 5619 1249 5685 285,
1302 5620 1404 5677 sed
1450 5621 1523 5677 ab
1580 5610 1815 5679 Aurelio
1899 5610 1988 5678 12‘
2019 5639 2033 5673 :
2062 5610 2218 5678 unde
2252 5610 2509 5675 canones
2540 5610 2641 5673 1⁷18
2670 5628 2725 5673 et
2750 5610 2885 5684 H9,
2922 5618 2984 5673 in
3016 5627 3198 5686 unum
3245 5610 3534 5671 conﬂasse

188 5680 445 5770 Cartha'g.
485 5688 711 5769 adiecta
744 5690 932 5753 videri
966 5680 1246 5766 possunt,
1268 5706 1405 5753 cum
1439 5691 1597 5750 hunc
1630 5706 1815 5757 cano-
1901 5692 2259 5771 intelligitur
2291 5688 2489 5764 :quod
2520 5698 2577 5752 et
2612 5680 3125 5765 interius'patebit.
