4148 6198
506 275 627 343 727

508 514 796 571 cueruut.

593 598 694 662 14.
726 596 906 660 Osius
964 596 1286 680 episcopus
1337 597 1539 661 dixit:
1600 598 1772 674 Quod
1827 606 2025 660 autem
2059 615 2155 661 me

510 686 913 769 undequaque
944 704 1167 763 movet,
1202 696 1351 763 etc.,
1388 696 1453 750 ut
1481 706 1630 769 pag.
1662 689 1807 751 723.

512 775 775 842 Concilii
802 777 1312 859 Carthaginensis
1339 794 1601 842 canones
1638 781 1734 854 11,
1785 781 1884 853 15,
1917 775 2017 853 23,
2048 778 2151 853 79,

1104 867 1553 945 99,121,125.

601 961 679 1023 Ut
706 960 785 1023 de
818 959 1054 1042 Tripoli
1108 976 1270 1021 unus
1319 960 1641 1040 episcopus
1671 959 1737 1021 in
1768 957 2154 1039 legationem,

518 1058 667 1121 εις..
701 1056 771 1113 ut
797 1067 941 1131 pag.
974 1048 1117 1114 703.

596 1140 699 1201 14.
732 1138 879 1201 Item
913 1137 1233 1220 placuitde
1267 1136 1525 1218 Tripoli,
1563 1146 1708 1213 etc.,
1752 1144 1816 1201 ut
1847 1157 1990 1219 pag.
2018 1137 2160 1199 234.

597 1229 739 1292 236
773 1230 860 1293 De
896 1229 1156 1291 diversis
1211 1227 1533 1290 ordinibus
1564 1227 1855 1290 Ecclesia:
1881 1229 2165 1291 servien-

516 1320 698 1394 tibus,
733 1327 878 1395 etc.,
910 1324 980 1381 ut
1008 1336 1154 1398 pug.
1182 1316 1329 1381 703.

600 1410 857 1475 15.1mm
889 1407 1215 1487 placuit,ut
1243 1406 1522 1488 quisquis
1553 1407 2158 1488 episcoporu.n,etc.,

521 1501 936 1581 utpag.703.

604 1588 960 1670 Presbyteri
983 1592 1040 1651 et
1068 1587 1315 1650 diaconi
1349 1587 1448 1649 vel
1481 1586 1712 1662 clerici,
1749 1594 1893 1663 etc.,
1928 1593 1993 1651 ut
2020 1605 2165 1669 pag.

1703 278 1972 346 PHOTII
2014 280 2535 349 PATRIARCHAE
2576 284 2694 349 ΟΡ.

587 412 1061 499 Responderunt
1108 412 1378 500 episcopi
1420 437 1434 483 :
1469 415 1613 491 Quae
1645 417 1804 480 dicta
1828 426 1970 482 sunt
2021 414 2212 499 pla-'A

2236 530 2325 567 σεν

3758 291 3869 357 728

2315 416 2701 499 Ἀπεκρίναντο
2758 421 2803 476 0i
2862 419 3192 477 ἒπίσκοποιο
3271 420 3347 483 Τὰ
3410 421 3677 504 λεχθέντα
3745 425 3871 504 ἦρε,

2319 596 2411 662 ιδ’,
2456 598 2646 663 "Octo;
2692 598 2985 661 ὲπίσκοπας
3034 602 3166 660 εἶπε
3201 623 3214 637 ·
3251 606 3323 663 Τὸ
3355 603 3408 660 δὲ
3438 604 3670 663 πάντοτὲ
3697 628 3761 680 με
3791 628 3872 663 κι-

2238 694 2381 759 νοῦν,
2416 710 2469 746 κ.
2508 710 2558 751 τ,
2593 687 2649 753 λ,

2345 776 2575 837 Συνόδου
2607 779 2979 857 Καρθαγέννης
3012 782 3187 837 κανὼν
3219 781 3289 838 ιδ’
3318 782 3388 839 ιε’
3421 781 3515 851 ιη’
3546 782 3625 841 οθ’
3658 781 3777 860 ξς,

2928 870 3048 947 ρκα⁹
3080 871 3215 947 ρκε’,

2346 965 2485 1013 Ωστε
2548 957 2655 1013 ἀπὸ
2718 958 3027 1036 Τριπόλεως
3097 959 3189 1017 ἕνα
3234 960 3529 1019 ἐπῖσκοπον
3588 963 3662 1027 εἷς
3721 982 3880 1021 τοπο-

2243 1049 2536 1125 τηρησῖιν,
2572 1070 2628 1107 κ.
2660 1069 2713 1109 1.
2748 1046 2805 1110 λ,

2329 1136 2420 1197 ιδ’.
2460 1128 2693 1212 Ὀμοίως
2724 1137 2914 1217 ἤρεσεν
2948 1140 3053 1196 ἀπὸ
3086 1138 3426 1221 Υριπὸλεωτ,
3460 1165 3515 1204 κ.
3554 1164 3605 1205 τ,
3637 1141 3692 1201 λ.

2330 1317 2453 1395 Περὶ
2481 1315 2748 1399 διαφόρων
2792 1317 2991 1384 τάξεων
3049 1320 3116 1387 τὴ
3173 1320 3471 1395 Ἐκκλησῖᾳ
3504 1320 3884 1403 δουλευουσῶν,

2247 1428 2299 1465 κ.
2335 1427 2388 1467 τ.
2424 1405 2479 1470 λ,

2329 1486 2420 1557 ιε’.
2457 1486 2688 1571 Ὀμοῖως
2719 1496 2935 1577 ἤρεσεν,
2965 1498 3061 1555 ἵνα
3092 1498 3483 1580 ὀστισδήποτε,
3514 1524 3573 1563 κ.
3608 1523 3661 1564 τ,
3696 1500 3748 1569 λ,

2330 1584 2683 1666 Πρεσϐύτεροι
2804 1588 2891 1644 καὶ
3021 1585 3262 1647 διάκονοι
3384 1593 3473 1648 καὶ
3610 1589 3883 1669 κληρικοί,

2248 1697 2307 1736 κ.
2340 1697 2393 1738 τ,
2427 1674 2483 1739 λ,

604 1767 859 1834 28.Ιιθω
887 1766 1199 1849 placuitut
1220 1764 1740 1847 presbyteri,etc.,
1775 1773 1840 1830 ut
1871 1765 2162 1848 pag.723.

2329 1766 2445 1831 κη’,
2484 1757 2718 1842 Ὀμοίως
2748 1767 2963 1847 ἤρεσεν,
3012 1768 3109 1825 ἵνα
3158 1772 3204 1827 οἱ
3237 1770 3614 1850 πρεσϐύτεροι,
3652 1794 3707 1832 κ.
3741 1794 3789 1832 τ.
3835 1770 3885 1830 λ.

606 1859 700 1922 De
733 1856 972 1921 clericis
1027 1858 1138 1939 qui
1191 1856 1359 1918 intra
1410 1872 1645 1919 annum
1704 1873 1951 1919 causam
1994 1875 2168 1919 suam

526 1968 707 2034 agere
734 1966 861 2011 non
887 1954 1333 2029 procurarunt.

608 2040 707 2103 79.
739 2037 970 2101 Rursus
998 2036 1419 2111 constitutum,
1456 2044 1600 2116 etc.,
1633 2043 1701 2098 ut
1727 2054 1871 2117 pag.
1903 2036 2045 2099 722.

614 2130 684 2193 Ut
710 2129 787 2192 ab
816 2127 1022 2191 electis
1049 2123 1353 2202 iudicibus
1378 2141 1721 2205 provocare
1752 2142 1871 2188 non
1904 2125 2110 2189 liceat.

610 2307 715 2374 96.
746 2306 803 2368 Si
834 2313 1037 2369 autem
1084 2302 1266 2365 fuerit
1299 2311 1686 2385 provocatum
1717 2303 1798 2381 g8,
1836 2304 2036 2385 eligat,
2068 2304 2171 2385 qui

2327 1857 2455 1935 Περὶ
2537 1862 2645 1914 τῶν
2723 1858 2800 1932 μὴ
2886 1858 3278 1937 φροντιζόντων
3363 1860 3677 1942 κληρικῶν,
3750 1861 3887 1924 ἐντὸς

2247 1947 2493 2004 ἒνιαυτοῦ
2536 1946 2730 2024 πρᾶξαι
2776 1971 2836 2004 το
2881 1948 3021 2004 ἴδιον
3070 1956 3315 2029 πρᾶγμα,

2332 2025 2436 2099 οθ’,
2487 2037 2656 2092 Πάλιν
2701 2039 2929 2117 ὡρίσθη,
2977 2062 3031 2099 κ.
3081 2025 3131 2099 τ.
3168 2025 3223 2104 λ”,

2335 2123 2455 2183 Ἵνα
2514 2128 2755 2206 αἱρετοὺς
2829 2127 3085 2194 δικαστὰς
3157 2132 3234 2206 μὴ
3308 2127 3424 2196 ἔξὶν
3490 2127 3587 2197 εἴη
3645 2128 3892 2187 ἐκκαλεῖ-

2255 2218 2396 2274 σθαι.

2338 2306 2489 2383 4E”.
2531 2304 2661 2364 Ἐὰν
2704 2305 2757 2363 δὲ
2805 2307 3029 2387 γένηται
3077 2307 3365 2389 ἕκκλητος,
3434 2313 3525 2367 καὶ
3596 2308 3892 2375 ἐπιλέξηται

533 2397 974 2480 provocaverit,
1000 2392 1267 2474 judices,
1304 2401 1365 2454 ut
1423 2412 1559 2455 cum
1610 2412 1680 2455 eo
1712 2403 1770 2455 et
1802 2394 1927 2475 ille,
1963 2405 2173 2457 contra

2332 2396 2765 2470 ἒκκαλεσᾶμενος
2830 2397 3111 2473 δικαστὰς,
3166 2403 3253 2458 καὶ
3298 2399 3423 2474 μετ’
3458 2400 3624 2457 13106
3655 2400 3893 2462 κάκεῖνος

535 2492 715 2569 quem
744 2483 1186 2567 provocaverit,
1222 2491 1287 2545 ut
1316 2481 1391 2546 ab
1422 2482 1569 2565 ipsis
1600 2481 1889 2565 deinceps
1922 2484 2071 2547 nulli
2100 2484 2179 2547 li-

2302 2486 2379 2543 10’
2413 2489 2472 2542 οὗ
2526 2486 2905 2562 ἐξεκαλέσατο,
2951 2498 3045 2547 τοῦ
3075 2488 3269 2547 λοιποῦ
3302 2491 3439 2547 κατᾶ
3471 2492 3680 2547 τούτων
3713 2488 3890 2566 μηδενὶ

536 2584 671 2640 ceat
701 2591 1061 2658 provocare.

618 2664 797 2742 Quod
821 2666 1147 2729 electorum
1167 2663 1452 2743 judicum
1479 2665 1789 2726 santenlia
1818 2665 2030 2745 sperni
2058 2682 2181 2728 non

540 2755 1323 2927 dezgciliiQQIAjudicibus
1343 2850 1572 2914 autem,
1599 2807 1748 2924 etc.,
1779 2854 1844 2906 ut
1863 2862 2005 2925 pag.
2035 2842 2177 2907 722.

621 2935 762 2998 256
792 2938 873 2999 De
898 2936 1276 3017 presbyteris
1305 2940 1364 2996 et
1394 2933 1658 3010 clericis,
1706 2939 1773 2997 ut
1821 2952 1941 2997 non
1971 2932 2180 3015 appel-

546 3027 671 3093 lent
699 3025 824 3091 nisi
852 3026 931 3089 ad
959 3026 1253 3105 Africana
1279 3025 1562 3087 concilia.

626 3204 766 3270 125.
797 3202 947 3266 Item
978 3201 1228 3285 placuit,
1261 3209 1324 3264 ut
1357 3200 1721 3284 presbyteri,
1756 3201 2186 3284 diaconi,etc.,

550 3303 615 3360 ut
634 3312 781 3377 pag.
816 3291 957 3357 723.

635 3388 876 3448 Textus.
906 3381 1111 3447 Const.
1144 3382 1206 3457 8,
1241 3381 1332 3445 tit.
1373 3383 1431 3463 4,
1467 3382 1574 3448 lib.
1615 3399 1657 3464 ι,
1709 3385 1813 3459 ait,
1848 3384 2010 3465 quod
2043 3401 2189 3445 sen-

549 3473 748 3539 tentia;
769 3474 1191 3554 episcOporum
1217 3472 1449 3534 similes
1478 3472 1597 3536 sint
1626 3473 1951 3536 sententiis
1973 3473 2190 3555 praefe-

547 3572 848 3633 ctorum,a
868 3561 1087 3644 quibus
1110 3579 1437 3644 provocare
1456 3580 1576 3623 non
1599 3561 1845 3624 liceLEt
1868 3562 2195 3626 constit.29

549 3653 820 3735 ejusdem
847 3650 937 3713 tit.
966 3669 980 3715 :
1006 3649 1147 3714 Sive
1162 3651 1326 3713 solus
1349 3653 1875 3733 metropolitanus,
1898 3653 2026 3715 sive
2056 3671 2191 3714 cum

549 3740 777 3823 synodo
806 3758 913 3802 sua
943 3740 1215 3822 episcopi
1236 3748 1337 3802 aut
1366 3740 1573 3803 clerici
1609 3741 1904 3821 [causam]
1932 3741 2189 3822 judicet,

2266 3025 2561 3100 καλῶνται,
2624 3029 2668 3085 εἰ
2725 3028 2803 3105 μή
2874 3030 3007 3106 πρὸς
3080 3030 3172 3093 τὰς

2202 3125 2242 3176 C
2267 3115 2446 3180 ὁδους,

2261 2573 2459 2641 ἐξέστω
2484 2574 2902 2639 ἐκκαλέσασθαι.

2342 2665 2467 2724 ’Ὅτι
2528 2671 2624 2726 οὒκ
2694 2668 2894 2744 ὀφείλει
2942 2670 3049 2724 τῶν
3094 2667 3499 2748 ἐπιλεγομένων
3547 2667 3808 2727 δικαστῶν
3858 2671 3887 2739 ἡ

2261 2755 2456 2834 γνώμη
2490 2756 2903 2823 ἐξουθενετσθαι,

2343 2845 2487 2924 ρκα’.
2539 2849 2686 2905 Κατὰ
2716 2845 2769 2904 δὲ
2804 2856 2911 2905 τῶν
2942 2847 3236 2923 δικαστῶν,
3267 2873 3323 2907 κ.
3358 2871 3409 2911 τ,
3444 2847 3499 2908 λ.

2345 2937 2471 3014 Περὶ
2528 2936 2904 3017 πρεσϐυτέρων
2975 2939 3063 2995 καὶ
3135 2939 3436 3019 κληρικῶν,
3511 2939 3608 2995 ’ἕνα
3678 2942 3752 3015 μὴ
3803 2942 3889 2996 ὲκ-

3256 3035 3356 3097 τῆς
3430 3029 3704 3111 Ἀφρικῆς
3774 3052 3889 3086 συν-

2353 3209 2492 3286 ρκε⁹.
2529 3198 2761 3284 Ὀμοίως
2791 3208 3008 3288 ἤρεσεν,
3041 3210 3135 3267 ἵνα
3167 3207 3546 3290 πρεσϐύτεροι,
3582 3233 3639 3273 κ,
3672 3233 3721 3273 τ,
3748 3209 3799 3270 λ.

2353 3387 2418 3444 Ἠ
2448 3384 2504 3444 η’
2537 3386 2770 3444 διάταξις
2815 3388 2908 3444 106
2952 3386 2999 3444 δ’
3045 3387 3148 3444 cit.
3199 3394 3291 3444 106
3335 3388 3386 3444 α’
3430 3387 3582 3444 Βιϐλ-
3618 3391 3741 3444 ωτισῖ

2448 3386 2504 3454 η’
2537 3386 2770 3453 διάταξις
2815 3388 2908 3445 106
2952 3386 2999 3444 δ’
3045 3387 3148 3449 cit.
3199 3394 3291 3444 106
3335 3388 3386 3445 α’
3430 3387 3582 3466 βιϐλ,
3618 3391 3797 3470 φησὶν,
3828 3386 3895 3443 ὅτι

2276 3479 2337 3535 Αἱ
2369 3483 2475 3534 τῶν
2506 3477 2817 3534 ἐπισκόπων
2863 3483 3064 3558 ψῆφοι,
3111 3492 3236 3543 ταῖς
3295 3485 3400 3534 τῶν
3434 3480 3700 3560 ἐπάρχων
3731 3479 3894 3536 ἐοίκα-

2277 3591 2379 3639 σιν,
2441 3564 2541 3645 ἂρ’,
2589 3570 2664 3622 ὧν
2735 3567 3088 3638 ἒκκαλετσθαι
3160 3569 3255 3625 οὒκ
3326 3568 3499 3633 ἔξεστι
3535 3589 3548 3602 ·
3613 3571 3700 3625 καὶ
3754 3570 3785 3634 ἡ
3827 3565 3894 3622 κθ¹

2275 3654 2415 3715 διάτ.
2458 3663 2553 3713 τοῦ
2596 3662 2757 3716 αὐτοῦ
2797 3658 2931 3732 τῖτ.,
2978 3657 3060 3713 ὅτι
3120 3657 3246 3714 Εἴτε
3279 3660 3444 3733 μόνος
3477 3658 3894 3737 μητροπολῖτης,

2275 3745 2389 3802 εἴτε
2450 3747 2585 3822 μετὰ
2641 3751 2739 3813 τῆς
2798 3746 3019 3804 συνόδου
3078 3747 3263 3826 αυτοῦ,
3297 3747 3502 3805 δικάσει
3551 3749 3823 3820 ἐπισκόπει)
3864 3746 3893 3810 ἧ

550 3839 610 3894 et
632 3829 949 3893 sententiae
979 3847 1100 3891 non
1132 3830 1578 3912 acquiescatur,
1618 3829 1788 3913 [ejus]
1821 3830 2074 3892 ditionis
2100 3849 2189 3911 pa-

2296 3835 2522 3913 ιληρικῷ
2552 3855 2568 3872 ο
2628 3836 2726 3893 καὶ
2783 3838 2817 3904 ἡ
2849 3837 2928 3912 μὴ
2960 3841 3201 3917 στερχθῇ
3245 3838 3310 3894 τὰ
3342 3838 3719 3911 τετυπωμένα,
3756 3840 3780 3893 ὁ
3808 3840 3890 3899 τῆς

549 3920 820 3984 triarcha
848 3920 1162 3998 cognoscit
1193 3937 1208 3982 :
1244 3918 1559 4001 ipsiusque
1592 3919 1908 3998 judicatis,
1947 3920 2189 4001 perinde

2296 3924 2599 3994 ἴιοικήσεως
2655 3926 3002 4005 πατριάρχης
3062 3940 3282 4000 σκοπεῖ,
3330 3928 3419 3982 καὶ
3470 3940 3591 3990 τοῖς
3644 3927 3693 3992 ἐξ
3750 3926 3892 3982 αὗτοῦ

551 4019 731 4093 atque
772 4009 846 4072 ab
895 4008 1071 4071 initio
1094 4007 1456 4089 judicasset,
1494 4009 1815 4073 insistitur.
1851 4011 1900 4072 A
1934 4011 2189 4090 patriar-

2296 4014 2618 4093 ιρινομὲνοις
2677 4015 3027 4095 ἐμμένουσιν,
3074 4018 3147 4071 ὼ)
3207 4015 3269 4071 ἂν
3329 4018 3373 4072 εἰ
3420 4018 3582 4082 αὒτὸς
3624 4016 3678 4082 ἒξ
3734 4015 3890 4092 ἀρχῆς

551 4101 804 4165 charum
835 4115 1101 4175 namque
1132 4098 1454 4160 sententiis
1486 4117 1604 4160 non
1639 4097 2189 4178 provocatur.Idem

2296 4102 2524 4161 ἐδίκασεν
2559 4122 2573 4136 ⁸
2629 4108 2688 4164 06
2748 4107 2847 4183 γὰρ
2905 4104 3260 4162 ἐκκαλοῦνται
3314 4109 3365 4161 αἱ
3419 4106 3525 4161 τῶν
3569 4110 3891 4182 πατριαρχῶν

552 4190 736 4253 etiam
770 4195 968 4251 const.
1009 4189 1076 4266 2,
1110 4186 1201 4249 tit.
1259 4188 1286 4249 1
1342 4185 1727 4249 Novellarum
1786 4187 2009 4266 [traditl
2071 4206 2189 4267 qua

2296 4195 2457 4273 ψῆφοι
2493 4212 2510 4228 ·
2546 4195 2607 4249 τὸ
2651 4194 2780 4250 αὒτὸ
2810 4195 2898 4250 καὶ
2927 4196 2963 4260 ii.
2992 4192 3044 4271 β’
3076 4192 3217 4253 διάτ.
3246 4202 3336 4258 τοῦ
3362 4193 3410 4251 α’
3437 4196 3540 4254 tit.
3578 4202 3681 4251 τῶν
3713 4196 3898 4268 Νεκρῶν

556 4278 705 4341 dicit
739 4295 753 4339 :
780 4276 950 4349 Quod
973 4275 1023 4336 si
1049 4274 1183 4355 quis
1204 4292 1413 4337 eorum
1439 4274 1542 4355 qui
1562 4275 1718 4354 apud
1743 4275 2060 4356 episcopos
2077 4276 2189 4337 liti-

2296 4282 2407 4352 ἥτις
2469 4285 2655 4362 φησὶν,
2704 4286 2776 4347 ὡς
2826 4282 2882 4340 εἴ
2923 4306 3004 4348 τις
3049 4289 3156 4340 τῶν
3188 4285 3331 4361 παρὰ
3381 4287 3663 4358 Emend-mp
3704 4283 3893 4350 δικαζο-

558 4374 722 4448 gant,
755 4368 910 4426 intra
941 4363 1153 4452 decem
1185 4363 1318 4426 dies
1345 4363 1675 4443 [judicatis]
1708 4365 2189 4441 contradicat,lo-

2296 4374 2493 4452 μένων,
2540 4373 2677 4429 εἴσω
2740 4371 2898 4443 διὲκσι⁸
2931 4376 3148 4449 ἡμερῶν
3211 4374 3477 4450 ἀντείποι,
3525 4380 3551 4429 ὸ
3600 4380 3703 4429 τῶν
3744 4371 3897 4426 τόπων

558 4472 770 4519 corum
830 4451 1213 4532 magistratus
1268 4454 1578 4531 negotium
1616 4454 1957 4515 examinato
1991 4473 2003 4516 :
2043 4465 2102 4517 et
2134 4454 2184 4536 [s

2296 4451 2484 4543 ἄρχων
2538 4461 2848 4537 ἐξεταζέτω,
2893 4465 2955 4519 τὸ
2999 4469 3246 4543 πρᾶγμα,
3292 4465 3382 4519 καὶ
3426 4463 3460 4531 ἢ
3500 4460 3791 4539 βεϐαιούτω
3818 4458 3897 4520 τὴν

558 4550 726 4609 recte
730 4542 1068 4624 judicatum
1087 4559 1223 4605 esse
1234 4541 1458 4621 videat]
1474 4558 1583 4604 sen
1596 4542 1837 4605 tentiam
1855 4544 2210 4605 confirmato

561 4644 622 4698 et
642 4632 1011 4713 exsequitor:
1037 4649 1238 4712 neque
1263 4635 1365 4713 qui
1402 4632 1621 4694 iterum
1646 4632 1708 4694 in
1732 4633 1846 4693 hoc
1871 4634 2059 4695 victus
2076 4633 2177 4695 fue
2194 4668 2210 4681 -

557 4726 659 4800 rit,
672 4721 973 4804 [amplius]
1002 4721 1366 4802 provocandi
1391 4730 1748 4803 potestatem
1778 4720 2095 4785 habeto.Si
2115 4740 2215 4783 ve-

559 4834 629 4879 ro
654 4815 1034 4893 magistratus
1054 4811 1358 4874 contrario
1382 4812 1561 4874 modo
1583 4820 1762 4891 atque
1787 4812 2110 4892 episcopus
2116 4812 2213 4892 ju-

562 4905 747 4979 dicet,
774 4902 1161 4981 magistratus
1181 4900 1486 4964 sententia
1511 4900 1928 4981 provocationi
1952 4900 2217 4963 obnoxia

2294 4553 2474 4630 ψῆφον
2517 4553 2605 4608 καὶ
2649 4549 2996 4626 ὲκϐιόαζέτω,
3033 4554 3111 4627 μὴ
3166 4551 3461 4626 δυναμένου
3520 4562 3614 4610 106
3688 4550 3897 4620 δεύτερον

2296 4642 2381 4697 ἐπὶ
2426 4643 2597 4714 τούτῷ
2631 4642 2952 4708 ἡττηθέντος
2995 4640 3348 4698 ἓκκαλεϊσθαι
3384 4658 3399 4675 ’
3463 4642 3711 4701 ἔναντὲως
3752 4636 3799 4692 δὲ
3837 4640 3899 4705 τῷ

2296 4731 2576 4788 ἒπισκόπω
2624 4732 2719 4786 τοῦ
2750 4729 3015 4810 ἄρχοντος
3047 4731 3450 4811 ψηφιζομένου,
3477 4732 3510 4798 ἡ
3545 4738 3637 4787 τοῦ
3667 4727 3898 4805 ἄρχοντος

2298 4825 2477 4900 ψῆφος
2507 4820 2786 4876 ὑπόκειται
2808 4819 3179 4899 ἑκκλήτῳ,καὶ
3208 4821 3347 4875 κατᾶ
3370 4821 3461 4875 τὸν
3486 4820 3649 4894 νόμον
3678 4812 3896 4893 ἀναφέρει

2295 4928 2385 4966 ται
2416 4911 2504 4966 καὶ
2533 4908 2856 4979 ἐξετάζεταιο
2893 4908 2982 4965 ἐὰν
3008 4908 3062 4965 δὲ
3082 4910 3187 4965 ὰπὸ
3212 4908 3513 4973 κελεύσεως
3538 4908 3571 4976 ἢ
3594 4901 3895 4985 προστάξεως

2298 4997 2494 5077 δικάσῃ
2537 4998 2860 5075 ἐπίσκοπος,
2905 5000 2940 5066 ἡ
2985 4996 3249 5065 ἔκκλητος
3299 4999 3397 5065 τὴν
3430 4998 3611 5078 ψῆφον
3643 4999 3790 5054 αὖτοῦ
3825 4990 3893 5046 ἐπὶ

2297 5089 2391 5147 τὸν
2420 5088 2857 5168 παραπέμψαντα
2886 5088 2984 5156 τὴν
3014 5089 3265 5145 ὑπόθεσιν
3311 5087 3638 5163 ἂναπέμπει,

565 5002 692 5055 esto
721 5009 735 5053 :
764 5001 944 5072 atque
964 4990 1297 5053 secundum
1323 4990 1518 5069 legem
1543 4991 1800 5052 refertor
1825 4990 2214 5052 etexamina-

565 5091 685 5143 tor.
717 5081 1013 5143 Caeterum
1047 5080 1099 5142 ei
1128 5097 1200 5142 ex
1223 5080 1501 5161 jussione
1532 5086 1632 5141 aut
1662 5078 1944 5141 mandato
1975 5079 2213 5160 episco-

570 5187 681 5250 pus
705 5169 959 5249 judicet,
996 5170 1343 5249 provocatio
1372 5168 1740 5231 sententiam
1774 5168 1909 5247 ejus
1941 5168 2015 5230 ad
2075 5186 2213 5231 eum

572 5259 674 5341 qui
698 5257 1176 5321 controversiam
1214 5258 1540 5335 delegavit,
1576 5258 1825 5320 referto.

653 5347 824 5412 CAP.
856 5345 983 5410 VII.
1016 5381 1094 5394 —
1126 5348 1293 5424 Quid
1317 5350 1371 5412 si
1402 5351 1714 5430 episcopus
1744 5366 1880 5411 cum
1908 5350 2213 5429 coepisco-

570 5454 654 5520 po
682 5438 1157 5502 controversiam
1182 5438 1430 5515 habens,
1456 5455 1576 5502 non
1596 5440 1836 5519 judicio
1864 5440 2213 5520 contendat,

572 5529 680 5594 sed
706 5546 895 5592 manu
926 5530 1125 5610 agat?

656 5617 924 5683 Concilii
950 5616 1459 5697 Carthaginensls
1488 5637 1681 5685 canon
1713 5622 1857 5689 120.

653 5733 715 5789 ⁸8
742 5731 923 5802 Cone.
955 5731 1145 5803 Afric.
1175 5751 1231 5809 ο.
1267 5734 1368 5799 63.

2386 5362 2613 5416 ΚΕΦΑΛ
2673 5354 2754 5419 Ζ’.
2841 5390 2921 5401 --
3008 5353 3133 5414 Ἐὰν
3201 5355 3493 5421 ἐπίσκοπος
3588 5354 3727 5432 ἔχων
3782 5345 3890 5424 πρὸς

2299 5448 2716 5526 συνὲπίσκοπον,
2753 5446 2831 5522 μὴ
2861 5443 3173 5520 δικάσηται,
3207 5443 3344 5502 ἀλλὰ
3373 5445 3522 5525 χειρῖ
3553 5441 3739 5521 πράξῃ.

2629 5621 2859 5687 Συνόδου
2892 5622 3267 5709 Καρθαγὲννης
3296 5623 3478 5681 κανὼν
3508 5623 3611 5710 ρκ’.
