4148 6198
500 358 612 431 ’731

1689 362 1955 428 ΡΗΟΤΙΙ
2012 357 2532 425 PATRIARCHIE
2573 360 2688 425 ΟΡ.

3726 363 3827 432 732

582 497 724 564 259
752 497 918 564 CAP.
952 501 1029 563 Χ.
1065 532 1140 544 -
1172 497 1260 561 De
1306 498 1610 579 separatis
1664 505 1772 562 aut
1798 497 1992 579 pulsis
2021 496 2136 559 Ec-

2304 500 2554 556 ΚΕΦΑΛ.
2601 505 2646 557 Ι.
2703 528 2772 540 -
2820 496 2945 573 Περὶ
3000 496 3107 551 τῶν
3163 494 3560 575 ἀφοριζομένων
3597 496 3833 566 ἢέκϐαλ-

500 590 686 656 clcst'a
717 594 818 654 vel
844 588 1292 653 communione.

688 679 1124 761 Apostolorum
1159 697 1418 741 canones
1451 679 1551 760 12,
1579 680 1676 754 13,
1709 676 1809 754 32,
1839 678 1941 739 51.

586 770 686 834 12.
720 769 781 832 Si
812 775 945 849 quis
974 768 1059 818 28‘
1112 767 1373 831 clericus
1429 769 1522 830 vel
1553 769 1739 832 laicus
1770 774 2139 847 segregatus,

502 859 628 921 sive
659 878 778 921 non
837 856 1250 939 recipiendus,
1286 857 1630 934 discedens,
1683 858 1744 918 in
1775 858 1964 920 altera
1991 856 2142 919 urbe

499 958 780 1030 receptus
810 949 989 1011 fuerit
1045 946 1277 1028 absque
1328 946 1548 1009 litteris
1600 946 2135 1020 commendatitiis,

497 1047 875 1119 segregetur,
938 1045 1000 1101 et
1074 1037 1175 1118 qui
1254 1036 1499 1118 excipit,
1578 1046 1639 1099 et
1694 1037 1797 1118 qui
1854 1044 2142 1117 exceptus

501 1138 611 1194 88L

580 1221 682 1282 13.
714 1219 817 1282 Sin
848 1225 1048 1280 autem
1108 1223 1198 1279 est
1229 1223 1601 1296 segregatus,
1634 1217 1767 1297 ejus
1796 1214 2147 1278 intendatur

497 1309 861 1389 segregatio.

577 1399 678 1461 32.
713 1398 775 1460 Si
809 1398 942 1460 buis
971 1396 1285 1479 presbyter
1312 1396 1401 1458 vel
1433 1396 1722 1458 diaconus
1752 1395 1825 1458 ab
1859 1397 2140 1476 episcopo

497 1489 578 1551 sit
604 1496 975 1568 segregatus,
1037 1507 1156 1549 non
1217 1488 1396 1549 liceat
1451 1486 1554 1548 alii
1604 1504 1741 1547 eum
1802 1486 2136 1565 suscipere,

495 1597 675 1659 quam
709 1581 811 1660 qui
844 1582 1036 1657 ipsum
1070 1577 1402 1657 segregavit
1436 1599 1450 1635 :
1514 1576 1630 1638 nisi
1678 1577 1830 1637 forte
1879 1575 1954 1636 sit
1987 1592 2141 1637 mor-

498 1678 638 1730 tuus
668 1670 985 1750 episcopus
1015 1667 1121 1745 qui
1154 1668 1345 1748 ipsum
1380 1665 1735 1746 segregavit.

577 1849 677 1910 51.
714 1847 773 1910 Si
803 1845 937 1928 quis
969 1846 1312 1926 episcopus,
1347 1844 1686 1924 presbyter,
1703 1845 1791 1907 vel
1823 1844 2132 1919 diaconus,
2162 1862 2199 1913 Β

493 1938 591 1999 vel
614 1937 863 1999 omnino
889 1934 1335 1998 exsacerdotali
1356 1952 1673 2009 numero,a
1691 1933 2137 2014 nuptiis,carui—

494 2025 609 2088 bus
642 2035 700 2088 et
733 2027 1022 2101 vino,non
1054 2034 1300 2106 propter
1332 2023 1851 2098 exercitationem,
1875 2023 1977 2085 sed
2003 2041 2137 2104 pro-

492 2126 627 2196 pter
654 2115 1173 2177 abominationem
1198 2114 1480 2187 abstinet,
1512 2113 1732 2175 oblitus
1757 2113 1914 2193 quod
1936 2114 2137 2175 omnia

490 2206 662 2268 valde
697 2207 876 2281 bona,
912 2215 971 2268 et
1029 2204 1171 2286 quia
1229 2204 1624 2266 masculinum
1687 2213 1746 2265 et
1777 2202 2132 2265 femininum

490 2294 636 2357 fecit
664 2295 824 2359 Deus
881 2295 1241 2357 hominem:
1309 2293 1413 2355 sed
1463 2294 1887 2374 blasphemans
1916 2292 2135 2354 calum-

492 2392 691 2448 niatur
735 2386 1087 2467 opiﬁcium;
1131 2386 1217 2446 vel
1264 2383 1617 2462 corrigatur,
1652 2384 1739 2444 vel
1771 2383 2129 2463 deponatur,

492 2484 555 2538 et
587 2494 657 2538 ex
692 2475 963 2539 Ecclesia
995 2476 1294 2554 ejiciatur.
1329 2472 1622 2535 Similiter
1652 2482 1708 2534 et
1741 2472 1954 2533 laicus.

656 2564 919 2627 Concilii
950 2564 1192 2625 Nicceni
1222 2580 1484 2625 canones
1515 2563 1574 2635 5,
1606 2561 1702 2642 12,
1735 2561 1834 2635 13,
1874 2562 1969 2625 16.

569 2656 631 2719 5.
667 2654 753 2716 De
785 2654 860 2714 iis
922 2654 1023 2733 qui
1072 2672 1106 2714 a
1163 2652 1594 2713 communione
1644 2653 1937 2731 segregati
1972 2658 2133 2732 sunt,

492 2751 636 2813 etc.,
670 2750 735 2806 ut
757 2761 902 2824 pag.
934 2743 1076 2805 674.

579 2833 794 2905 12Ουὶ
828 2841 1025 2894 autem
1060 2850 1092 2893 a
1122 2831 1309 2909 gratia
1335 2830 1394 2880 29
1414 2829 1656 2912 quidem
1683 2830 1997 2906 evocati,et
2022 2831 2137 2911 pri-

491 2942 654 2984 mum
675 2941 852 2984 suum
876 2922 1153 2983 ardorem
1175 2920 1592 2989 ostenderunt.
1624 2928 1679 2981 et
1696 2920 1933 3000 cingula
1954 2921 2136 3002 depo-

490 3022 988 3093 suerunt,postea
1010 3019 1205 3073 autem
1238 3021 1299 3071 ut
1330 3029 1510 3073 canes
1540 3011 1608 3072 ad
1643 3029 1817 3072 suum
1850 3011 2133 3071 vomitum

2225 582 2469 659 λομένων
2499 591 2603 653 τῆς
2631 583 2961 653 Ἐκκλησίας
2992 586 3029 656 ἦ
3059 591 3159 652 τῆς
3191 587 3494 649 κοινωνίας.

2258 672 2266 684 ’
2537 674 2885 731 Ἀποστόλων
2915 676 3093 731 κανὼν
3119 673 3191 751 ιβ’
3225 676 3300 753 ιγ’
3332 674 3418 753 λβ’
3448 677 3551 735 να’.

2307 762 2404 839 ιβ’.
2467 763 2534 821 Εἴ
2595 786 2676 829 τις
2719 764 2979 840 κληρικὸς
3021 764 3057 833 ἣ
3094 765 3312 844 λα’ίκὸς,
3346 764 3706 846 ἀφωρισμένος
3732 768 3837 835 ἦτοι

2224 850 2467 933 ἄδεκτος,
2499 852 2746 909 ἀπελθὼν
2775 854 2829 909 ἐν
2861 855 3014 930 ἑτέρᾳ
3060 851 3219 909 πόλει
3269 850 3464 932 δεχθῇ,
3516 852 3634 911 ἄνευ
3676 877 3839 932 γραμ-

2225 942 2409 1017 μάτων
2440 950 2796 1024 συστατικῶν,
2832 941 3161 1022 ἀφοριζέσθω
3207 944 3293 999 καὶ
3324 944 3351 999 ὁ
3391 940 3672 1019 δεξάμενος
3700 946 3780 1001 καὶ
3815 946 3839 1001 ὁ

2223 1030 2278 1088 δε
2285 1033 2436 1114 χθείς
2448 1073 2460 1090 .

2306 1212 2400 1291 ιγ’.
2467 1214 2526 1271 Εἰ
2584 1210 2638 1268 δὲ
2694 1211 3069 1292 ἀφωρισμένος
3115 1210 3237 1287 εἴη,
3273 1211 3622 1271 ἑπιτεινέσθω
3653 1214 3846 1287 αὒτῷὁ

2224 1302 2551 1381 ἀφορισμός.

2304 1394 2318 1404 .
2383 1383 2394 1403 ο
2493 1392 2519 1413 ,,
3201 1395 3214 1413 ι
3499 1396 3514 1413 ο

2302 1396 2370 1469 Αβ
2401 1442 2415 1456 .
2450 1403 2512 1451 Et
2549 1416 2631 1458 τις
2664 1393 3015 1473 πρεσϐύτερος
3041 1394 3077 1460 ἢ
3132 1392 3382 1459 διακονος
3423 1397 3527 1451 ὑπο
3569 1396 3847 1452 ἐπισκόπου

2220 1482 2440 1561 γένηται
2473 1484 2526 1540 ἐν
2563 1485 2870 1562 ἀφορισμῷ,
2905 1492 3090 1541 τοῦτον
3141 1486 3220 1560 μὴ
3272 1484 3479 1551 ἐξεῖναι
3525 1486 3651 1562 παρ’
3685 1485 3848 1557 ἑτέρου

2221 1570 2481 1652 δεχθῆναι
2528 1571 2650 1628 ἀλλ’
2672 1574 2708 1639 ἣ
2745 1575 2886 1645 παρά
2930 1581 3024 1631 τοῦ
3050 1574 3410 1652 ἀφορίσαντος
3454 1575 3613 1631 αὒτὸν
3649 1593 3663 1608 ⁸
3695 1577 3739 1630 εἰ
3780 1574 3848 1648 μὴ

2219 1662 2282 1718 ἃν
2342 1664 2478 1719 κατά
2525 1663 2804 1742 συγκδρίαν
2861 1663 3165 1740 τελευτήσῃ
3200 1665 3229 1720 ί)
3259 1663 3520 1745 ἀφορίσας
3552 1665 3710 1722 αυτὸν
3737 1663 3847 1720 ἐπί-

2220 1773 2425 1814 σκοπος
2436 1799 2451 1815 ,

2300 1840 2407 1900 να’.
2457 1838 2524 1898 Εἴ
2554 1863 2637 1905 τις
2684 1840 3005 1922 ἐπίσκοπος,
3039 1843 3074 1912 ἢ
3117 1839 3497 1921 πρεσϐύτερος,
3530 1843 3567 1909 ἢ
3597 1839 3848 1920 διάκονος,

2219 1932 2255 2000 ἢ
2312 1931 2450 1997 ὅλως
2517 1940 2612 1988 τοῦ
2669 1933 2976 2009 καταλόγου
3036 1940 3128 1989 τοῦ
3184 1935 3482 2011 ἱερατικοῦ,
3549 1936 3722 2010 γάμου
3776 1932 3853 1987 καὶ

2218 2032 2390 2102 κρεῶν
2445 2026 2531 2081 καὶ
2574 2026 2732 2084 οἴνου
2774 2029 2834 2083 οὗ
2876 2023 2946 2081 δι’
2984 2024 3240 2096 ἄσκησιν,
3288 2025 3429 2081 ἀ)λά
3465 2024 3553 2081 διὰ
3595 2024 3853 2103 βδελυρίαν

2219 2117 2512 2197 ἀπέχεται,
2547 2117 2635 2173 ὅτι
2671 2119 2845 2173 πάντα
2878 2117 3018 2174 καλά
3048 2117 3166 2175 λίαν
3199 2120 3289 2175 καὶ
3340 2117 3424 2173 ὅτι
3458 2115 3617 2193 ἄρσεν
3649 2119 3735 2174 καὶ
3763 2120 3854 2183 θῆ-

2218 2207 2282 2263 λυ
2312 2208 2571 2276 ἒποιήσεν
2616 2206 2643 2262 ὃ
2691 2208 2823 2270 Θεὸς
2881 2208 2976 2262 τὸν
3022 2205 3320 2281 ἄνθρωπον,
3359 2206 3501 2262 me:
3531 2207 3854 2285 βλασφημὼν

2218 2293 2495 2352 διαϐάλλει
2539 2297 2638 2363 τὴν
2679 2294 3057 2374 δημιουργίαν,
3110 2297 3146 2365 ἢ
3176 2295 3502 2373 διορθούσἿω
3596 2297 3853 2372 καθαιρεί-

2427 2387 2440 2404 ‘
2524 2390 2549 2400 ι-
2635 2383 2649 2405 ’
2703 2408 2714 2417 .
2892 2387 2903 2407 Ι
3030 2386 3043 2403 ’
3132 2384 3162 2407 β
3275 2387 3293 2416 λ
3445 2405 3459 2419 .
3509 2387 3524 2405 9
3627 2388 3639 2407 Ι
3840 2387 3852 2405 \

2218 2390 2325 2442 σθω
2356 2407 2444 2441 και
2490 2408 2587 2453 της
2663 2386 2968 2454 Εκκλησιας
3020 2385 3410 2443 αποοαλλισθω
3493 2407 3749 2451 ωσαυτως
3777 2407 3856 2444 και

2217 2473 2248 2529 λ
2256 2486 2313 2530 αϊ
2322 2473 2412 2539 κός
2426 2522 2435 2532 .

2461 2564 2691 2623 Συνόδου
2727 2566 2950 2629 Νικαίας
2993 2570 3171 2623 κανὼν
3202 2569 3248 2625 ε’
3282 2568 3353 2645 ιβ’
3387 2568 3466 2646 ιγ’
3498 2569 3623 2643 ις’,

2298 2655 2367 2719 ε’.
2404 2660 2529 2735 Περὶ
2557 2664 2663 2714 τῶν
2697 2656 3079 2728 ἀκοινωνήτων
3110 2659 3443 2738 γενομένων,
3475 2682 3532 2723 κ,
3563 2682 3616 2721 τ.
3650 2659 3703 2721 λ.

2299 2834 2394 2912 ιβ’.
2445 2838 2505 2894 Ol
2537 2835 2592 2893 δὲ
2622 2834 3058 2914 προσκληθέντες
3092 2838 3191 2914 μὲν
3221 2840 3322 2895 ὑπὸ
3353 2844 3451 2905 τῆς
3492 2840 3745 2921 χάριτος,
3775 2839 3852 2897 καὶ

2216 2925 2313 2992 τὴν
2358 2948 2578 3003 πρωτην
2623 2930 2795 3004 ὁρμὴν
2849 2927 3240 3008 ἐνδειξάμενοι,
3290 2932 3379 2985 καὶ
3411 2929 3736 3004 ἀποθέμενοι
3767 2930 3852 2993 τὰς

2216 3016 2414 3094 ζώνας,
2448 3018 2585 3089 μετά
2617 3016 2669 3072 δὲ
2708 3027 2874 3078 ταῦτα
2907 3017 2993 3075 ἐπὶ
3021 3020 3110 3074 τὸν
3144 3020 3352 3077 οἰκεῖον
3382 3018 3586 3093 ἔμετον
3630 3019 3847 3097 ἀναδρα-

490 3103 719 3164 reversi
753 3112 914 3177 sunt,
942 3110 1006 3163 ut
1038 3100 1312 3162 nonnulli
1344 3106 1520 3162 etiam
1557 3100 1870 3182 pecuniam
1897 3101 2136 3181 profun-

2220 3105 2412 3181 μόντες
2466 3108 2541 3170 ὡς
2582 3106 2757 3181 κύνες,
2821 3107 2895 3172 ὥς
2951 3131 3102 3170 τινας
3158 3112 3247 3165 καὶ
3306 3108 3529 3188 ἀργύρια
3581 3108 3845 3185 προέσθαι,

490 3192 727 3263 dercnt,
763 3201 823 3253 et
854 3192 1164 3253 beneficiis
1215 3191 1499 3251 malitiam
1551 3198 2041 3271 assequerentur,
2078 3191 2133 3252 hi

2220 3195 2306 3249 καὶ
2385 3196 2709 3275 βενεφικίοις
2794 3201 3127 3276 κατορθῶσαι
3186 3200 3249 3254 τὸ
3305 3198 3849 3275 ἀναστρατεύσασθαι,

491 3282 700 3343 decem
733 3282 907 3343 annis
939 3289 1393 3361 prosternamur
1434 3280 1760 3360 supplices,
1797 3282 1971 3341 etiam
2002 3290 2135 3361 post

2220 3286 2360 3340 οὗτοι
2406 3284 2534 3342 δέκα
2577 3284 2673 3353 ἔτη
2733 3288 3214 3368 ὒποπιπτὲτωσαν,
3261 3290 3399 3363 μετὰ
3452 3291 3551 3344 τὸν
3608 3294 3702 3356 τῆς
3746 3310 3850 3366 τρι-

491 3369 735 3432 trieunii
766 3369 1094 3431 auditionis
1124 3369 1465 3451 tempus.ln
1500 3370 1593 3431 his
1623 3379 1817 3431 autem
1853 3371 2134 3432 omnibus

2220 3384 2364 3439 ετοῡς
2396 3375 2707 3453 ἀκροάσεως
2750 3377 2951 3456 χρόνον
2983 3393 2998 3409 ⁸
3049 3378 3132 3455 ἐφ’
3162 3377 3331 3435 ἅπασι
3366 3377 3417 3434 δὲ
3448 3377 3659 3441 τούτοις
3692 3399 3852 3457 προσ-

490 3458 835 3522 examinare
891 3460 1172 3521 convenit
1220 3459 1540 3522 consilium
1584 3468 1642 3521 et
1695 3459 1960 3539 speciem
1993 3460 2135 3521 260

2221 3463 2338 3531 ιίκει
2399 3463 2667 3536 ἐξετάζειν
2738 3466 2836 3533 τήν
2909 3469 3218 3547 προαίρεσιν
3295 3470 3385 3525 καὶ
3433 3470 3496 3525 τὸ
3562 3467 3713 3530 εἶδος
3766 3467 3851 3534 τῆς

484 3550 1244 3631 pcenitentimﬂuicunque
1261 3550 1420 3611 enim
1447 3558 1505 3612 et
1526 3558 1707 3630 metu,
1744 3558 1803 3611 et
1826 3550 2128 3631 lacrymis,

2220 3556 2503 3628 μετανοίας
2539 3572 2555 3587 ⁸
2623 3555 2740 3613 ὅσοι
2837 3557 2935 3630 μὲν
2993 3558 3095 3635 γὰρ
3152 3555 3302 3637 φόϐῳ
3358 3559 3447 3614 καὶ
3499 3557 3722 3626 δάκρυσι
3777 3563 3854 3618 καὶ

488 3649 548 3702 et
583 3642 912 3712 tolerantia,
949 3653 1009 3701 et
1040 3639 1210 3702 bonis
1239 3640 1527 3719 operibus
1587 3641 2040 3704 conversionem
2070 3648 2131 3703 et

2220 3644 2459 3719 ὅπομονῇ
2518 3647 2607 3701 καὶ
2651 3645 3027 3724 ἀγαθοεργίαις
3070 3648 3168 3713 τὴν
3201 3646 3566 3726 ἐπιστροφὴν,
3602 3648 3741 3725 ἔργῳ
3766 3647 3850 3703 καί

486 3749 672 3811 opere
702 3739 760 3793 et
790 3729 991 3792 habitu
1025 3730 1375 3803 ostendunt,
1410 3730 1468 3791 hi
1526 3731 1769 3811 impleto
1803 3729 2129 3793 auditionis

2220 3735 2271 3790 οὗ
2332 3734 2579 3814 σχήματι
2624 3733 3039 3811 ἐπιδείκνυνται,
3108 3737 3254 3795 οὗτοι
3316 3736 3709 3816 πληρώσαντες
3768 3736 3849 3793 τὸν

485 3828 757 3901 tempore
789 3820 946 3901 quod
980 3820 1336 3901 praeﬁnitum
1388 3827 1501 3895 est,
1539 3821 1754 3882 merito
1788 3820 2123 3881 orationum

2220 3822 2410 3903 χρόνον
2468 3826 2558 3880 τὸν
2617 3823 2917 3901 ὡρισμένον
2969 3826 3067 3894 τῆς
3114 3827 3446 3905 ἀκροάσεως,
3495 3828 3721 3892 εἰκότως
3751 3831 3846 3881 τῶν

485 3910 973 3972 communionem
995 3909 1469 3981 habebunt,cum
1495 3928 1565 3971 eo
1581 3912 1741 3986 quod
1761 3910 2123 3971 liceatetiam

2220 3914 2393 3990 εὐχῶν
2435 3915 2853 3989 κοινωνήνουσι,
2888 3916 3027 3990 μετά
3075 3916 3170 3972 τοῦ
3208 3914 3405 3981 ἐξεῖναι
3439 3923 3517 3988 τῷ
3550 3915 3842 3988 ἐπισκὸπῳ,

486 4000 771 4079 episcopo
805 3998 1126 4060 humanius
1156 3998 1381 4078 aliquid
1408 3998 1482 4059 de
1507 3999 1596 4060 eis
1620 4007 1883 4060 statuere
1897 3999 2133 4073 30.0m-

2220 4000 2309 4056 καΐ
2354 3999 2857 4080 φιλανθρωπότερον
2909 4026 2959 4060 τι
3017 4006 3138 4082 περὶ
3184 4006 3359 4061 αὒτῶν
3414 4004 3796 4083 βουλεύσασθαι
3828 4018 3842 4034 ⁸

485 4107 722 4170 cunque
756 4096 959 4149 autem
1017 4107 1137 4150 non
1199 4088 1351 4149 adeo
1398 4088 1658 4167 graviter
1697 4088 1982 4163 tulerunt,
2017 4106 2129 4150 nec

2220 4090 2328 4146 ὅσοι
2371 4089 2426 4145 δὲ
2456 4090 2752 4171 ἀδιοφόρως
2785 4092 3043 4171 ἤνεγκαν,
3078 4095 3166 4151 καὶ
3195 4096 3255 4150 τὸ
3282 4095 3479 4173 σχῆμα
3508 4102 3605 4151 τοῦ
3639 4093 3843 4151 εἰσιέναι

485 4180 736 4240 multum
771 4196 878 4239 sua
907 4177 1135 4239 referre
1199 4177 1641 4253 existimarunt,
1694 4178 1965 4257 satisque
1996 4196 2129 4240 esse

2220 4182 2285 4242 εἰς
2328 4179 2429 4247 τὴν
2470 4180 2758 4249 ἐκκλησίαν
2803 4183 2993 4261 ἀρκεῖν
3036 4186 3225 4248 αὐτοῖς
3268 4185 3550 4261 ἡγήσαντο
3587 4186 3717 4263 πρὸς
3756 4184 3844 4249 τὴν

484 4277 770 4349 putarunt
828 4268 888 4327 in
948 4266 1238 4329 ecclesias
1290 4265 1529 4346 ingredi
1561 4267 1630 4328 ad
1667 4266 2126 4329 conversionem

2220 4270 2562 4350 ἐπιστροφὴν,
2597 4281 2741 4331 οὗτοι
2789 4271 3081 4339 ἐξαπαντος
3133 4273 3526 4353 πληρούτωσαν
3572 4277 3666 4332 τὸν
3713 4273 3842 4355 χρί-

483 4366 719 4438 tempus
748 4356 994 4418 omnino
1026 4356 1339 4436 impleant.

568 4448 664 4508 13.
697 4444 781 4507 De
813 4445 888 4506 iis
917 4446 1019 4522 qui
1052 4445 1359 4509 excedunt
1388 4444 1722 4527 "mutique
1752 4454 1811 4509 et
1838 4448 2129 4510 canonica

2211 4381 2325 4423 νον,

2291 4449 2392 4527 ιγ’,
2452 4451 2579 4527 Περὶ
2634 4449 2689 4505 δὲ
2748 4455 2855 4505 τῶν
2898 4448 3269 4531 ἐξοδευόντων,
3319 4454 3346 4508 ὁ
3380 4455 3614 4520 παλαιὸς
3647 4451 3733 4509 καὶ
3760 4473 3847 4508 κα-

481 4535 576 4598 lex
607 4554 767 4596 nunc
797 4552 1036 4617 quoque
1067 4534 1432 4613 servabitur,
1460 4545 1528 4597 ut
1559 4536 1608 4597 si
1634 4536 1771 4617 quis
1804 4537 1923 4599 vita
1946 4557 2126 4600 exce-

2220 4541 2421 4601 νονικὸς
2475 4540 2637 4614 νόμος
2695 4539 3106 4621 φυλαχθήσεται
3165 4544 3254 4598 καὶ
3298 4549 3411 4613 νόν,
3458 4541 3601 4599 ὥστε
3665 4542 3720 4598 εἴ
3774 4562 3845 4606 τις

479 4624 605 4699 dat,
639 4624 853 4686 ultimo
884 4633 943 4686 et
976 4625 1236 4688 maxime
1269 4625 1616 4688 necessario
1654 4626 1872 4688 viatico
1906 4646 1981 4689 ne
2012 4629 2131 4709 pri-

2220 4626 2464 4702 ἑξοδεῦοι,
2520 4635 2615 4686 τοῦ
2667 4628 2977 4686 τελευταίου
3033 4631 3121 4687 καὶ
3167 4631 3600 4709 ἀναγκαιότατα)
3647 4629 3845 4711 ἐφοδίου

477 4722 671 4776 vetur.
708 4714 770 4776 Si
801 4726 1001 4776 autem
1038 4714 1387 4795 deploratus
1413 4725 1471 4778 et
1502 4719 1992 4779 communionem
2025 4736 2125 4779 as-

478 4813 721 4866 secutus
772 4822 981 4866 rursus
1038 4803 1100 4864 in
1157 4805 1323 4866 vivos
1376 4806 1601 4867 relatus
1643 4804 1717 4867 sit
1753 4825 1887 4867 cum
1919 4807 1992 4867 iis
2024 4808 2129 4889 qui

479 4896 818 4956 orationum
851 4901 991 4955 sunt
1022 4901 1251 4955 tantum
1285 4894 1731 4957 communionis
1775 4896 2123 4979 participes.

476 4984 540 5047 In
572 5003 808 5046 summa
837 4991 1064 5058 autem,
1099 4984 1177 5045 de
1227 4984 1498 5061 quolibet
1557 4984 1887 5047 excedente
1921 4996 1981 5048 et
2012 4988 2127 5049 Eu-

477 5073 777 5135 charistim
810 5072 1333 5152 participationem
1395 5081 1665 5154 petente,
1719 5092 1856 5136 cum
1890 5078 2122 5138 exami-

477 5161 727 5223 natione
757 5161 1122 5223 oblationem
1151 5162 1499 5245 impertiat.

556 5339 653 5402 16.
693 5337 1049 5421 Quicunque
1082 5347 1339 5417 temere,
1374 5351 1521 5415 etc.,
1555 5349 1624 5403 ut
1649 5359 1794 5424 pag.
1828 5341 1967 5406 512.

2209 4725 2393 4775 τοῦτον
2450 4719 2528 4793 μὴ
2583 4719 3048 4797 ἀποστερεῖσθαι·
3117 4722 3161 4776 εἱ
3217 4720 3272 4776 δὲ
3334 4722 3706 4799 ἀπογνωσθεὶς
3762 4720 3845 4776 καὶ

2209 4808 2491 4871 κοινωνίας
2533 4809 2743 4889 τυχὼν,
2791 4810 2929 4883 μετά
2973 4809 3081 4865 τῶν
3127 4812 3517 4868 κοινωνούντων
3549 4816 3652 4877 τῆς
3684 4811 3844 4889 εὐχῆς

2212 4896 2384 4973 μόνης
2419 4897 2579 4978 ἔστω,
2628 4898 2789 4978 ἄχρις
2832 4900 2895 4954 ἂν
2930 4898 3192 4978 πληρωθῇ
3243 4904 3270 4956 ὁ
3320 4902 3547 4978 δρισθεὶς
3594 4902 3696 4958 ὑπὸ
3750 4906 3843 4965 τῆς

2212 4987 2457 5066 μεγάλης
2489 4987 2707 5045 συνόδου
2743 4988 2943 5069 χρόνος
2982 5004 2996 5019 ⁸
3057 4990 3285 5048 γαθόλου
3325 4989 3381 5047 δὲ
3426 4993 3511 5048 καὶ
3562 4992 3685 5064 περὶ
3715 5011 3843 5046 παν-

2208 5079 2297 5139 τὸς
2352 5077 2658 5137 οὖτινοσοῡν
2711 5076 3070 5153 ἓξοδεύοντος,
3110 5081 3384 5146 αἰτοῦντος
3427 5080 3520 5137 τοῦ
3548 5090 3842 5159 μετασχεῖν

2208 5168 2578 5248 εὔχαριστίας,
2638 5171 2666 5225 ὁ
2723 5168 3021 5231 ἐπίσκοπος
3078 5171 3214 5245 μετά
3257 5169 3575 5247 δοκιμασίας
3627 5166 3841 5245 μεταδι-

2206 5254 2343 5315 δότω
2374 5262 2472 5324 τῆς
2503 5264 2831 5337 προσφορᾶς.

2289 5345 2412 5422 ις’.
2449 5346 2610 5406 ’Ὅσοι
2641 5346 3052 5428 ῥιψοκινδύνως,
3086 5372 3140 5413 κ.
3174 5372 3228 5413 τ.
3262 5348 3317 5416 λ,

548 5604 629 5693 98_‘
661 5606 806 5693 (Jan:
862 5606 1088 5693 Nicaea.
1132 5607 1239 5693 __99_
1263 5610 1485 5693 Nec.‘3
1516 5627 1533 5685 ;
1573 5609 1784 5693 _Afric.
1848 5612 1924 5676 10
1957 5632 1974 5689 ;
2035 5613 2215 5679 Siric.
2246 5615 2286 5678 5
2319 5631 2336 5689 ;
2395 5613 2603 5679 Innoc.
2639 5618 2717 5680 10
2750 5639 2769 5693 ;
2821 5616 3038 5687 Leonis
3064 5621 3164 5687 24.
3250 5617 3315 5678 30
3346 5618 3575 5685 Valent.
3613 5617 3715 5682 19.
3794 5609 3845 5666 ⁵¹

468 5685 631 5753 Arel.
666 5687 726 5765 6,
762 5686 969 5754 Carth.
999 5689 1034 5750 7
1076 5710 1092 5763 ;
1131 5689 1374 5757 Valent.
1406 5689 1474 5754 21
1522 5710 1538 5771 ;
1572 5688 1785 5760 lnnoc.
1817 5693 1897 5755 29
1932 5685 2224 5775 {Coelesu
2261 5685 2339 5765 15
2374 5715 2390 5777 ξ
2420 5694 2639 5760 Leonis
2666 5685 2773 5771 94;
