4148 6198
323 324 443 394 733

674 461 903 523 Συνόδου
933 461 1275 545 Ἀντιοχείας
1306 466 1482 523 κανὼν
1513 464 1617 541 ς’,

412 554 483 614 Εἴ
528 576 610 621 τις
658 556 761 613 ὐπὸ
803 563 898 612 τοῦ
955 553 1085 613 ἰδίου
1137 556 1438 616 ἐπισκόπου
1468 558 1832 636 ἀκοινώνητος
1866 583 1966 639 γε·

327 645 481 726 γόνε,
513 667 570 709 κ.
606 667 659 709 τ,
689 645 743 704 λ.

674 732 904 792 Συνόδου
934 735 1250 799 Λαοδικείας
1283 738 1459 793 κανὼν
1491 736 1626 812 λς’,

404 825 530 884 ’Ότι
573 827 635 883 οὗ
675 824 760 882 δεῖ
817 827 1118 905 ἱερατικοὺς
1176 830 1211 896 ἢ
1276 830 1592 908 κληρικοὺς,
1666 830 1873 907 μάγους
1930 830 1966 899 ἢ

322 913 608 980 ἐπαοιδοὺς
651 916 819 989 εἶναι,
853 915 889 983 ἢ
933 919 1372 997 μαθηματικοὺς,
1430 918 1464 986 ἢ
1510 918 1892 999 ἀστρολόγους,
1931 918 1967 987 ἥ

322 1019 509 1063 ποιεῖν
567 1005 631 1060 τά
690 1004 959 1082 λεγόμενα
990 1005 1352 1087 φυλακτήρια,
1398 1004 1552 1063 ἅτινά
1590 1007 1703 1065 ἐστι
1747 1007 1966 1085 δεσμω-

323 1097 488 1171 τήρια
517 1100 628 1150 τῶν
658 1099 853 1174 ψυχῶν
903 1096 1078 1151 αὐτῶν
1112 1112 1125 1127 ‘
1176 1097 1298 1161 τοὺς
1331 1094 1380 1152 δὲ
1413 1100 1731 1176 φοροῦντας,
1777 1099 1967 1177 ῥίπτε-

320 1187 442 1241 σθαι
474 1182 537 1240 ἐκ
565 1189 665 1250 τῆς
696 1182 1028 1251 Ἐκκλησίας
1060 1183 1446 1262 ἐκελεύσαμεν.

610 1271 843 1330 Συνόδου
891 1271 1234 1341 Χαλκηδόνος
1266 1277 1441 1333 κανὼν
1484 1276 1527 1333 δ’
1562 1276 1685 1353 ις’,

405 1449 476 1527 δ’,
512 1453 572 1511 Οἱ
601 1450 819 1519 ἀληθῶς
851 1453 939 1508 καὶ
979 1451 1287 1530 εἰλικρινῶς
1318 1456 1411 1510 τὸν
1444 1456 1656 1534 μονήρη
1688 1458 1965 1533 μετιόντες

318 1545 459 1622 βίον,
521 1546 623 1609 τῆς
679 1542 1066 1620 προσηκούσης
1119 1540 1484 1608 ἀξιούσθωσαν
1533 1551 1696 1621 τιμῆς
1734 1546 1967 1616 ’ἐπειδὴ

316 1633 377 1692 δέ
432 1654 577 1695 τινες
622 1638 701 1706 τῷ
750 1639 1042 1712 μοναχικῷ
1073 1632 1412 1712 κεχρημένοι
1462 1637 1837 1716 προσχήματι,
1871 1639 1967 1702 τὰς

319 1745 380 1780 τε
433 1721 767 1788 Ἐκκλησίας
826 1723 1010 1781 καὶτὰ
1043 1721 1297 1780 πολιτικὰ
1352 1723 1763 1803 διαταράσσουσι
1823 1729 1967 1806 πρά·-

1178 326 1594 395 SYNTAGMA
1639 329 2039 397 CANONUM.
2100 365 2175 400 —
2221 327 2378 397 TIT.
2425 329 2536 413 1x,
2580 331 2744 397 CAP.
2792 332 2868 396 Χ.

3574 326 3690 394 734

2392 470 2658 534 Concilii
2689 470 3046 533 Antiocheni
3075 486 3267 532 canon
3298 463 3359 532 6.

2132 557 2194 622 Si
2224 560 2360 640 quis
2392 579 2425 622 a
2461 562 2705 641 proprio
2742 561 3024 641 episcopo
3067 559 3249 621 fuerit
3277 560 3694 622 excommuni-

2051 661 2245 726 catus,
2276 658 2392 712 etc.
2409 698 2424 725 ,
2459 659 2523 712 ut
2552 668 2693 730 pag.
2729 651 2875 713 248.

2374 740 2642 803 Coneilii
2673 740 3012 802 Laodiceni
3039 759 3240 803 canon
3271 741 3373 805 36.

2130 829 2298 903 Quod
2346 849 2465 891 non
2520 838 2757 911 oportet
2803 848 2910 891 eos
2962 831 3064 911 qui
3116 840 3256 891 sunt
3313 837 3551 904 sacrati,
3606 828 3699 892 vel

2050 920 2280 995 clerici,
2316 938 2453 981 esse
2480 938 2710 997 magos,
2739 920 2829 981 vel
2864 921 3292 995 incantatores,
3329 920 3421 982 vel
3459 920 3694 982 matbe-

2051 1010 2424 1084 maticos,vel
2446 1010 2806 1087 astrologos,
2835 1010 2925 1072 vel
2947 1010 3147 1073 facere
3171 1030 3239 1072 ea
3262 1028 3395 1091 qua;
3417 1011 3700 1072 dicuntur

2048 1101 2336 1174 amuleta,
2394 1118 2531 1176 quae
2586 1100 2832 1179 quidem
2882 1109 3020 1162 sunt
3062 1101 3329 1180 ipsarum
3359 1101 3695 1162 animarum

2051 1190 2341 1253 vincula:
2395 1207 2500 1251 eos
2558 1199 2758 1251 autem
2811 1189 2914 1269 qui
2958 1189 3185 1263 ferunt,
3235 1190 3379 1270 ejici
3432 1189 3701 1252 Ecclesia

2045 1280 2370 1359 jussimus.

2204 1368 2468 1431 Concilii
2503 1368 3020 1432 Chalcedonensis
3048 1387 3305 1432 canones
3331 1373 3391 1446 4,
3430 1371 3524 1434 16.

2131 1458 2318 1531 4.Qui
2344 1475 2490 1519 vere
2513 1466 2573 1519 et
2595 1457 2836 1520 sincere
2861 1458 3255 1521 monasticam
3284 1460 3455 1521 vitam
3481 1478 3661 1540 aggre
3690 1494 3698 1506 -

2052 1547 2321 1623 diuntur,
2358 1547 2491 1609 261
2533 1547 2698 1626 digni
2748 1548 3138 1611 convenienti
3161 1549 3395 1612 honore
3416 1550 3697 1612 habean-

2054 1642 2172 1701 tur.
2202 1639 2494 1712 Quoniam
2520 1646 2716 1700 autem
2748 1639 3021 1701 nonnulli
3044 1639 3394 1703 monachico
3414 1648 3699 1720 praetextu

2051 1735 2384 1802 utentes,et
2406 1728 2729 1801 Ecclesias,
2766 1738 2824 1789 et
2842 1730 3082 1807 negotia
3105 1728 3298 1791 civilia
3318 1732 3697 1809 perturbant,

319 1834 531 1891 γματα,
567 1811 866 1890 περιιόντες
900 1810 1162 1892 διαφόρως
1211 1815 1266 1869 ’sv
1310 1827 1433 1877 ταῖς
1483 1815 1725 1888 πόλεσιν,
1779 1822 1839 1876 οὐ
1870 1819 1970 1893 μὲν

2067 1830 2116 1880 et
2142 1819 2553 1895 temere,citra
2579 1819 2761 1879 ullam
2784 1817 3155 1880 discriminis
3177 1819 3567 1892 rationem,in
3593 1837 3699 1881 ur-

319 1902 465 1959 ἀλλά
497 1904 582 1958 καὶ
614 1903 954 1976 μοναστήρια
986 1904 1236 1975 συνιστᾷν
1264 1904 1477 1965 ἑαυτοῖς
1535 1906 1966 1981 ἐπιτηδεύοντες,

320 1993 468 2059 ἔδοξε
500 1991 707 2067 μηδένα
740 1991 841 2065 μὲν
872 1990 1126 2067 μηδαμοῦ
1158 1991 1493 2074 οἰκοδομεῖν,
1529 1997 1607 2069 μὴ
1638 1995 1692 2053 δὲ
1723 2001 1971 2071 συνιστᾷν

325 2085 690 2159 μονασττςριον
725 2080 754 2148 ἤ
789 2083 1280 2159 εὖκτήμονρίκον,
1314 2086 1459 2162 παρά
1491 2087 1716 2163 γνώι-ιην
1747 2096 1839 2145 τοῦ
1870 2095 1969 2155 τῆς

320 2175 531 2238 πόλεως
572 2173 870 2229 ἐπισκόπου
904 2188 917 2201 '
968 2172 1090 2236 τοὺς
1124 2174 1245 2228 καθ’
1278 2174 1513 2242 ἑκάστην
1547 2176 1705 2234 πόλιν
1738 2179 1824 2235 καὶ
1856 2179 1968 2258 χώ-

316 2285 417 2339 ραν
462 2262 791 2337 μονάζοντας
848 2262 1217 2341 ὑποτετάχθαι
1270 2269 1349 2337 τῷ
1403 2264 1705 2338 ἒπισκόπῳ,
1754 2270 1841 2324 καὶ
1869 2269 1969 2335 τὴν

317 2353 558 2432 ἡσυχίαν
601 2352 953 2425 ἀσπάζεσθαι,
1002 2352 1088 2407 καὶ
1133 2353 1423 2433 προσέχειν
1457 2356 1596 2432 μόνῃ
1640 2363 1707 2433 τῇ
1749 2358 1969 2431 νηστείᾳ

315 2444 411 2498 καὶ
440 2448 508 2517 τῇ
543 2446 844 2521 προσευχῇ,
883 2441 938 2496 ἐν
968 2441 1060 2503 οἷς
1110 2442 1298 2506 τόποις
1329 2444 1659 2511 ἀπετάξαντο
1692 2468 1967 2525 προσκαρ-

314 2531 596 2611 τεροῦντες
627 2549 640 2563 ⁸
687 2532 828 2606 μήτε
874 2529 926 2586 δέ
957 2530 1461 2609 ἔκκλησιαστικοῖς,
1499 2537 1638 2611 μήτε
1683 2538 1966 2613 βιωτιιοῖς

316 2620 686 2699 παρενοχλεῖν
719 2621 1029 2698 πράγμασιν
1077 2621 1107 2689 ἢ
1151 2624 1550 2697 ἒπικοινωνεῖν,
1613 2626 1964 2700 καταλιμπά-

313 2732 505 2773 νοντας
551 2711 614 2766 τὰ
660 2707 773 2766 ἴδια
817 2711 1177 2788 μοναστήρια,
1213 2712 1256 2766 εἰ
1290 2714 1366 2784 μή
1413 2735 1544 2769 ποτε
1595 2714 1694 2792 ἄρα
1742 2715 1965 2792 ἐπιτρα-

314 2814 476 2857 πεῖεν
523 2797 608 2855 διὰ
651 2801 837 2877 χρείαν
882 2799 1175 2877 ἀναγκαίαν
1208 2802 1307 2857 ὑπὸ
1340 2811 1434 2861 τοῦ
1465 2805 1564 2870 τῆς
1597 2805 1806 2869 πόλεως
1839 2806 1963 2862 ἐπι-

316 2890 524 2947 σκόπου
561 2907 576 2923 ⁸
623 2888 826 2963 μηδένα
871 2888 925 2944 δὲ
969 2888 1361 2970 προσδέχεσθαι
1407 2892 1462 2948 ὲν
1521 2908 1637 2960 τοῖς
1680 2917 1961 2970 μοναστη-

314 2981 447 3056 ρίοις
491 2977 677 3037 δοῦλον
721 2979 915 3051 ἐπὶτῷ
945 2983 1202 3059 μονάσαι,
1252 2983 1394 3058 παρά
1424 2982 1651 3059 γνώμην
1700 2988 1793 3040 τοῦ
1838 2984 1966 3041 ἰδίου

312 3067 578 3125 δεσπότου
601 3084 614 3097 ⁸
649 3072 739 3123 τὸν
771 3066 827 3123 δὲ
855 3066 1254 3145 παραϐαίνοντα
1285 3090 1472 3126 τουτον
1507 3074 1661 3147 ἡμῶν
1693 3076 1785 3129 τὸν
1818 3073 1962 3152 ὅρον,

312 3159 586 3235 ὡρίσαμεν
647 3157 1014 3224 ἀκοινώνητον
1066 3159 1236 3232 εἶναι,
1284 3158 1378 3214 ’ίνα
1440 3165 1516 3225 μὴ
1561 3164 1622 3216 τὸ
1667 3163 1832 3237 ὄνομα
1874 3172 1968 3220 τοῦ

2057 1907 2235 1970 bibus
2253 1908 3165 1988 circumcursantes,quinetiam
3190 1910 3554 1972 monasteria
3577 1910 3691 1972 sibi

2055 1998 2430 2061 constituere
2461 1998 2797 2072 studentes,
2833 1998 3022 2059 visum
3056 2006 3146 2059 est
3178 1998 3410 2059 nullum
3446 2017 3699 2079 usquam

2054 2088 2355 2149 aedificare
2389 2106 2501 2150 nec
2527 2095 2885 2148 construere
2912 2106 3088 2168 posse
3120 2088 3580 2157 monasterium,
3610 2088 3700 2149 vel

2053 2178 2373 2239 oratoriam
2408 2178 2902 2255 domum,prteter
2933 2178 3296 2239 sententiam
3326 2177 3514 2256 ipsius
3545 2177 3698 2238 civi-

2055 2267 2194 2328 tatis
2215 2268 2481 2347 episcopi
2511 2287 2525 2328 :
2555 2268 2883 2328 monachos
2906 2275 3129 2336 autem,
3157 2269 3259 2347 qui
3289 2275 3427 2327 sunt
3450 2267 3511 2327 in
3545 2285 3658 2327 una
3676 2300 3701 2315 ς

2052 2375 2290 2437 quaque
2311 2358 2558 2436 regione
2574 2365 2632 2417 et
2646 2356 3194 2435 civitate,episcopo
3209 2355 3516 2433 subjectos
3537 2375 3697 2430 esse,

2052 2455 2111 2508 et
2143 2447 2408 2527 quietem
2444 2446 2826 2526 amplecti.et
2847 2446 2958 2506 soli
2987 2444 3218 2525 jejunio
3244 2453 3301 2505 et
3324 2446 3577 2507 orationi
3603 2464 3702 2507 va-

2053 2554 2219 2611 care,
2254 2537 2316 2597 in
2340 2535 2558 2615 quibus
2587 2534 2850 2597 ordinati
2887 2544 3027 2596 sunt
3053 2535 3201 2597 locis
3225 2534 3463 2596 fortiter
3502 2553 3703 2616 perse-

2053 2634 2478 2701 verantes,nec
2503 2624 3085 2705 ecclesiasticis,nec
3112 2624 3504 2686 swcularibus
3522 2643 3702 2704 nego-

2050 2716 2147 2778 tiis
2176 2735 2242 2778 se
2269 2716 2572 2794 ingerere,
2606 2714 2697 2775 vel
2726 2717 3201 2793 communicare,
3236 2715 3481 2794 prOpria
3503 2715 3700 2777 relin-

2047 2815 2301 2887 quentes
2361 2806 2748 2877 monasteria,
2786 2805 2900 2865 nisi
2933 2804 3298 2885 quandoque
3356 2823 3387 2865 a
3435 2804 3696 2867 civitatis

2047 2896 2331 2976 episcopo
2362 2895 2449 2956 eis
2483 2895 2846 2975 permissum
2881 2894 3100 2957 fuerit:
3137 2894 3366 2957 nullum
3393 2902 3593 2956 autem
3629 2895 3690 2956 in

2054 2986 2401 3047 monasterii
2421 3003 2658 3046 servum
2685 2984 2896 3061 recipi,
2917 2984 2988 3045 ad
3013 2985 3127 3045 hoc
3151 2993 3212 3044 ut
3239 2983 3316 3045 sit
3339 2985 3690 3054 monachus,

2051 3085 2268 3156 praeter
2315 3076 2679 3136 voluntatem
2721 3078 2812 3134 sui
2866 3074 3123 3136 domini.
3158 3073 3306 3134 Eum
3359 3082 3557 3134 autem
3591 3074 3696 3154 qui

2051 3166 2205 3227 hanc
2237 3172 2502 3225 nostram
2536 3163 2955 3226 definitionem
2990 3163 3449 3243 transgreditur,
3489 3163 3695 3225 definiv

316 3256 457 3307 Θεοῦ
514 3246 909 3328 βλασφημῆται
946 3268 957 3280 ·
998 3250 1090 3303 τὸν
1135 3248 1233 3321 μέν
1277 3270 1359 3305 τοι
1396 3249 1687 3307 ἐπίσκοπον
1718 3258 1817 3319 τῆς
1861 3253 1987 3309 πό-“

2067 3273 2186 3315 mus
2218 3272 2350 3316 esse
2382 3252 3002 3326 excommunicatum,
3031 3272 3106 3313 ne
3140 3271 3357 3313 nomen
3390 3252 3500 3315 Dei
3531 3252 3695 3314 blas—

315 3336 482 3411 λεως,
516 3338 630 3416 χρὴ
675 3340 775 3403 τὴν
820 3335 1038 3393 δέουσαν
1070 3336 1323 3416 πρόνοιαν
1357 3343 1628 3396 ποιεῖσθαι
1663 3348 1773 3397 τῶκ
1805 3364 1969 3417 μονα-

320 3430 586 3504 στηρίων.

403 3514 526 3591 ις’,
575 3516 839 3595 Παρθένον
884 3518 1078 3584 ἑαυτὴν
1110 3518 1403 3574 ἀναθεῖσαν
1433 3526 1510 3593 τῷ
1545 3520 1790 3597 Δεσπότῃ
1822 3528 1961 3602 Θεῷ,

318 3609 578 3671 ὡσαύτως
621 3605 675 3662 δὲ
733 3609 820 3663 καὶ
873 3609 1193 3682 μονάζοντα,
1242 3609 1320 3682 μὴ
1371 3608 1570 3674 ἐξεῖναι
1601 3610 1760 3688 γάμῳ
1790 3634 1959 3689 προσ..

320 3695 547 3771 ομιλεῖν
584 3714 599 3732 ⁶
633 3694 760 3752 εἶδέ
790 3718 849 3773 γε
892 3698 1153 3774 εὑρεθεῖεν
1203 3700 1359 3754 τοῦτο
1389 3706 1689 3776 ποιοῦντες,
1724 3699 1962 3757 ἔστωσαν

319 3786 684 3852 ἀκοινώνητοι
722 3804 736 3817 ·
785 3787 1053 3863 ὡρίσαμεν
1097 3784 1152 3842 δὲ
1180 3788 1354 3865 -ἕχειν
1403 3787 1504 3854 τὴν
1548 3790 1820 3845 αὖθεντίαν
1862 3796 1961 3857 της

318 3872 411 3932 ἐπ’
469 3874 651 3940 αὖτοῖς
712 3874 1103 3955 φιλανθρωπίας
1180 3878 1267 3932 τὸν
1325 3878 1461 3933 κατά
1516 3881 1681 3935 τόπον
1740 3878 1962 3937 ἐπίσκο-

319 3986 449 4028 πον,

666 4052 898 4110 Συνύδου
927 4053 1190 4133 Σαρδικῆς
1223 4058 1400 4113 κανὼν
1430 4057 1504 4135 ιγ’
1535 4055 1623 4117 ιδ’.

408 4142 506 4221 ιγ’.
542 4143 731 4208 ’Όσιος
778 4143 1067 4210 ἐπίσκοπος
1110 4145 1238 4201 εἶπε
1265 4162 1278 4175 ⁸
1335 4148 1431 4203 Καὶ
1461 4154 1618 4204 τοῦτο
1649 4155 1812 4207 πᾶσιν
1842 4152 1970 4230 ἀρε-

319 4234 505 4311 σάτω,
566 4230 658 4288 ίνο.
718 4232 833 4288 εἴτε
891 4230 1156 4305 διάκονος,
1218 4234 1334 4292 εἴτε
1394 4234 1771 4318 πρεσϐύτερος,
1805 4240 1841 4308 ἢ
1883 4243 1974 4298 καί

317 4345 406 4386 τις
464 4329 573 4379 τῶν
636 4321 907 4401 κληρικῶν
979 4322 1347 4390 ἀκοινώνητος
1391 4326 1637 4406 γένηται³
1704 4331 1792 4385 καὶ
1842 4332 1973 4407 πρὸς

318 4413 510 4490 ἕτερον
591 4411 883 4469 ἐπίσκοπον
966 4414 1061 4468 τὸν
1142 4412 1320 4469 εἰδότα
1413 4416 1569 4471 αὐτὸν
1650 4420 1970 4499 καταφύγω⁷

320 4504 661 4580 γινώσκοντα
703 4501 1128 4571 ἀποκεκινῆσθαι
1161 4504 1320 4558 αὐτὸν
1349 4506 1449 4571 τῆς
1508 4506 1787 4569 κοινωνίας
1833 4511 1977 4585 παρά

2052 3344 2404 3424 phemetur:
2432 3344 2687 3405 civitatis
2707 3350 2905 3404 aute'n
2929 3344 3279 3425 episcopum
3301 3352 3541 3421 oportet
3563 3360 3693 3404 eam

2049 3452 2226 3514 quam
2262 3451 2369 3511 par
2400 3444 2491 3495 est
2524 3433 3027 3495 monasteriorum
3065 3450 3269 3492 curam
3301 3450 3536 3509 gerere.

2136 3523 2232 3585 16.
2261 3522 2599 3601 Virginem,
2654 3542 2793 3602 quas
2834 3541 2898 3582 se
2930 3522 3185 3583 Domino
3216 3520 3338 3581 Deo
3372 3521 3698 3596 dedicavit,

2048 3612 2329 3675 similiter
2352 3622 2409 3674 et
2432 3612 2759 3674 monachos
2782 3631 2901 3672 non
2932 3611 3120 3673 licere
3146 3610 3544 3672 matrimonio
3569 3629 3708 3671 con-

2044 3703 2260 3782 jungi.
2298 3700 2398 3764 Sin
2431 3710 2629 3763 autem
2665 3702 2778 3762 hoc
2809 3701 3023 3762 fecisse
3051 3700 3275 3761 inventi
3305 3700 3549 3771 fuerint,
3585 3700 3707 3761 sint

2066 3789 3009 3854 excommunicatiﬂstendendaa
3038 3800 3236 3850 autem
3271 3790 3330 3850 in
3364 3807 3469 3851 eos
3498 3790 3697 3851 huma-

2063 3881 2270 3943 nitatis
2300 3880 2720 3943 auctoritatem
2767 3881 2991 3943 habere
3012 3878 3330 3942 statuimus
3352 3878 3706 3961 episcopum

2059 3973 2190 4052 ejus
2228 3971 2369 4033 loci.

2258 4060 2524 4124 Consilii
2554 4061 2959 4123 Sardieensis
2992 4076 3259 4121 canones
3283 4060 3381 4135 i3,
3420 4060 3518 4121 i4.

2144 4149 2421 4215 13.0sius
2447 4149 2772 4229 episcopus
2792 4148 2982 4209 dixit:
3010 4147 3136 4211 Hoc
3163 4167 3403 4228 quoque
3426 4146 3675 4210 omuibn

2060 4241 2293 4321 placeat
2328 4262 2341 4298 :
2406 4249 2470 4302 ut
2501 4239 2553 4300 si
2586 4238 2880 4301 diaconus
2913 4238 3001 4300 vel
3038 4236 3373 4317 presbyter,
3406 4238 3494 4300 vel
3531 4237 3707 4299 etiam

2058 4330 2284 4412 aliquis
2307 4348 2375 4391 ex
2394 4328 2634 4391 clericis
2658 4329 2734 4389 sit
2755 4346 2821 4389 ex
2834 4327 3406 4407 communicatus,ct
3426 4328 3499 4388 ad
3527 4327 3707 4388 alium

2060 4420 2440 4502 episcopum,
2475 4419 2580 4499 qui
2607 4437 2741 4479 eum
2792 4417 2979 4489 novit,
3015 4416 3380 4494 confugerit,
3413 4417 3706 4479 scientem

2059 4529 2194 4572 eum
2228 4527 2261 4569 a
2294 4507 2541 4589 proprio
2587 4506 2871 4586 episcopo
2924 4523 3058 4567 esse
3105 4506 3244 4566 262
3276 4506 3708 4567 communione

319 4602 415 4651 τοῦ
441 4591 574 4649 ἰδίου
621 4592 950 4665 ἐπισκόπου,
999 4592 1077 4665 μὴ
1107 4594 1312 4672 χρῆναι
1343 4594 1418 4666 τῷ
1442 4591 1655 4674 ἀδελφῷ
1685 4596 1848 4657 αὐτοῦ
1889 4600 1976 4656 καὶ

2067 4607 2317 4670 motum,
2352 4614 2474 4658 non
2505 4606 2787 4676 oportere
2817 4594 3108 4675 episcopo
3142 4601 3201 4656 et
3228 4595 3396 4655 fratri
3423 4613 3529 4654 suo
3553 4596 3707 4672 inju-

318 4681 609 4753 ἕπισκόπῳ
650 4680 798 4759 ὕϐριν
854 4688 1134 4756 ποιοῦντα,
1169 4683 1432 4761 παρέχειν
1464 4684 1606 4756 αὒτῷ
1634 4690 1916 4743 κοινωνίαν
1952 4705 1968 4719 ⁸

321 4776 369 4828 εἱ
401 4770 457 4827 δὲ
486 4770 760 4846 τολμήσοι
792 4777 950 4827 τοῦτο
980 4775 1205 4837 ποιῆσαι
1237 4771 1573 4852 γινωσκέτω,
1609 4773 1969 4833 συνελθόντων

320 4860 658 4940 ἑπιιηιότιιςυν³
684 4858 951 4937 ἀπολογίᾳ
986 4861 1173 4919 ἑαυτὸν
1203 4861 1487 4920 ὑπεύθυνον
1516 4865 1861 4927 καθεστάναι.

320 4950 597 5013 ’Ἅπαντες
642 4952 688 5005 οἱ
759 4948 1044 5006 ἐπίσκοποι
1102 4950 1262 5007 εἶπον
1301 4969 1312 4982 ⁸
1376 4949 1522 5016 Αὕτη
1566 4954 1599 5019 ἡ
1643 4955 1814 5031 κρίσις
1873 4958 1967 5012 καί

319 5039 421 5104 τὴν
467 5040 687 5117 εἰρήνην
715 5039 947 5096 πάντοτε
996 5037 1325 5119 διαφυλάξει,
1372 5041 1463 5097 καὶ
1510 5038 1826 5118 διατηρήσει
1872 5046 1968 5112 τὴν

318 5125 541 5185 πάντων
572 5124 825 5201 ὁμόνοιαν
837 5172 850 5185 .

402 5215 493 5277 ιδ’.
542 5216 731 5278 "Octo:
775 5215 1067 5281 ἐπίσκοπος
1105 5217 1232 5274 εἶπε
1269 5237 1285 5256 ⁸
1323 5221 1394 5277 Τὸ
1424 5219 1480 5277 δὲ
1512 5220 1744 5279 πάντοτέ
1774 5244 1841 5299 με
1871 5246 1964 5281 κι-

318 5311 467 5379 νοῦν,
500 5328 555 5363 κ.
588 5327 641 5366 τ.
675 5302 728 5363 λ.
1954 5306 1962 5314 δ

403 5395 605 5459 Πάντες
650 5395 926 5467 εἰρήκασιν
960 5409 975 5427 ·
1014 5387 1071 5457 Ὀ
1126 5395 1524 5482 ἐκϐαλλόμενος
1585 5402 1766 5485 ἐχετώ
1811 5400 1964 5469 ἒξου·

320 5486 466 5570 ςτίαν³
500 5506 556 5570 κ²
586 5506 638 5557 τ,
674 5485 731 5556 λ,

2059 4688 2211 4749 riam
2246 4685 2594 4765 facientem,
2631 4685 2685 4746 ei
2740 4684 3235 4747 communionem
3273 4682 3568 4762 praebere.
3602 4682 3705 4744 Sin

2054 4786 2254 4838 autem
2277 4777 2393 4837 hoc
2412 4775 2613 4836 facere
2643 4792 2823 4837 ausus
2842 4772 3205 4853 fuerit,sciat
3228 4791 3362 4833 cum
3398 4790 3697 4832 convenev

2053 4866 2176 4928 rint
2204 4865 2502 4946 episcopi,
2537 4864 2806 4945 seipsum
2833 4881 3073 4924 causam
3100 4879 3234 4923 esse
3268 4860 3596 4924 dicturum.

2136 4953 2360 5019 Omnes
2414 4955 2686 5036 episcOpi
2745 4953 3079 5014 dixerunt:
3144 4951 3269 5012 Hoc
3294 4948 3595 5028 judicium
3643 4959 3707 5012 et

2056 5064 2263 5126 pacem
2313 5063 2506 5127 usque
2545 5042 2868 5118 custodiet,
2904 5051 2963 5103 et
3015 5039 3285 5101 omnium
3320 5039 3705 5100 concordiam

2055 5134 2348 5197 tuebitur.

2135 5224 2233 5285 14.
2270 5222 2446 5286 Osius
2476 5222 2799 5303 episcopus
2851 5218 3006 5282 dixit
3044 5238 3058 5282 :
3116 5216 3288 5292 Quod
3320 5215 3571 5294 quidem
3606 5236 3703 5280 me

2049 5312 2453 5393 undequaque
2486 5320 2702 5385 movet,
2733 5318 2880 5380 etc.,
2913 5318 2983 5372 ut
3010 5326 3159 5391 pag.
3200 5306 3337 5371 723.

2130 5400 2359 5464 Omnes
2390 5400 2672 5461 dixerunt
2706 5417 2720 5462 :
2749 5399 2863 5473 Qui
2897 5400 3164 5485 ejicitur,
3198 5404 3556 5484 potestatem
3591 5397 3703 5461 ha--

2048 5491 2170 5572 bet,
2207 5498 2354 5567 etc.,
2389 5497 2455 5551 ut
2485 5508 2633 5577 pag.
2670 5488 2811 5559 723,
