4148 6198
506 309 626 384 739

510 556 580 615 ut
609 566 751 629 pag.
786 547 925 610 631.

595 638 667 699 7‘2
699 637 820 715 [71.
855 633 917 697 Si
977 634 1111 716 quis
1170 633 1451 709 clericus,
1512 635 1600 697 vel
1654 633 1843 697 laicus
1874 652 1909 695 a
1943 644 2151 697 sancta

508 725 780 790 Ecclesia
810 741 1008 787 ceram
1039 724 1127 786 vel
1158 724 1355 786 oleum
1390 725 1646 802 auferat,
1679 732 2052 804 segregetur.

587 904 663 970 '73
696 904 847 985 [7‘2].
882 905 1006 965 Vas
1062 921 1335 977 aureum,
1390 904 1477 965 vel
1515 911 1889 985 argenteum,
1917 903 2008 965 vel
2042 922 2146 966 ve-

509 996 629 1058 lum
663 992 1122 1066 sanctificatum,
1161 1001 1301 1067 etc.,
1335 1000 1401 1055 ut
1424 1011 1568 1073 pag.
1604 995 1743 1055 575.

583 1086 664 1147 76
720 1084 867 1163 [75].
931 1084 1100 1156 Quod
1156 1103 1272 1144 non
1305 1092 1539 1163 oportet
1572 1083 1921 1164 episcopum
1954 1084 2143 1165 fratri,

504 1184 648 1255 etc.,
681 1182 747 1236 ut
772 1190 914 1253 pag.
952 1171 1093 1235 507.

581 1266 659 1327 84
692 1264 850 1346 [83].
885 1263 1173 1344 Quisquis
1206 1281 1406 1341 regem
1441 1263 1528 1323 Vel
1564 1262 1896 1343 principem
1924 1272 2143 1343 prater

495 1357 596 1437 jus
654 1354 1019 1415 contumelia
1075 1352 1366 1431 effecerit,
1423 1369 1627 1431 pinnas
1675 1351 1844 1413 luat:
1899 1350 2035 1413 etsi
2066 1352 2143 1411 sit

503 1445 748 1524 quidem
811 1444 1092 1520 clericus,
1128 1444 1463 1523 deponatur
1498 1462 1511 1500 :
1544 1442 1591 1501 si
1623 1459 1760 1503 vero
1792 1440 1998 1514 laicus,
2035 1459 2135 1502 se-

501 1543 799 1615 gregetur.

506 1625 767 1689 Conciiii
795 1622 1294 1686 Chalcedonensis
1322 1640 1398 1684 ea:
1419 1623 1656 1702 actione
1685 1621 1758 1683 de
1777 1620 2003 1685 Photio
2032 1623 2142 1702 Ty-

582 1721 799 1767 rorum
848 1705 1122 1784 episcopo
1153 1712 1211 1767 et
1264 1703 1586 1765 Eustathio
1620 1701 1948 1782 Berytensi
1978 1701 2136 1782 epis-

580 1804 753 1866 copo.

583 1880 635 1938 1.
671 1870 1243 1953 Magniﬁcentissimi
1281 1878 1339 1931 et
1366 1869 1781 1946 gloriosissiini
1839 1869 2140 1950 principes

498 1966 778 2026 dixerunt
812 1986 824 2023 :
861 1962 948 2024 De
1004 1961 1304 2042 episcopis
1332 1960 1468 2019 267
1501 1978 1535 2019 a
1567 1960 1778 2021 Photio
1811 1959 2139 2037 religiosis-

493 2057 646 2117 simo
678 2055 959 2134 episcopo
991 2050 1280 2113 ordinatis
1315 2057 1371 2110 et
1422 2048 1495 2110 ab
1545 2050 1857 2111 Eustathio
1887 2049 2136 2127 religio-

492 2144 732 2207 sissimo
763 2143 1043 2222 episcopo
1092 2140 1388 2221 depositis
1443 2158 1511 2201 ac
1562 2151 1694 2218 post
1727 2143 2135 2219 episc0patum

491 2234 678 2314 jussis
710 2251 842 2296 esse
893 2230 1275 2312 presbyteris,
1321 2230 1422 2309 qui
1479 2228 1712 2291 videtur
1769 2237 1991 2291 sancta:
2037 2246 2138 2309 sy»

492 2324 704 2386 nodo?

825 2410 1095 2474 Concilii
1124 2410 1446 2490 Ancyrani
1488 2427 1683 2471 canon
1723 2409 1815 2473 l8.

538 2576 541 2585 μ
575 2503 635 2566 8.
665 2501 728 2565 Si
753 2502 885 2581 quis
907 2499 1212 2562 constituti
1242 2500 1530 2580 episcopi,
1555 2504 1784 2572 etc.,ut
1812 2514 1956 2578 pag.
1992 2496 2132 2561 506.

752 2590 1015 2653 Concilii
1042 2588 1555 2652 Neocaesariensz‘s
1585 2605 1783 2649 canon
1813 2589 1871 2650 1.

576 2684 634 2743 1.
669 2679 988 2759 Presbyter
1016 2678 1066 2739 si
1100 2695 1344 2738 uxorem
1367 2676 1845 2751 duxerit,ordine
1874 2694 1981 2739 suo
2017 2696 2139 2738 mo-

492 2780 724 2834 veatur.
758 2768 818 2832 Si
846 2778 1039 2829 autem
1074 2767 1401 2828 fornicatus
1434 2767 1632 2843 fuerit,
1656 2765 1745 2828 vel
1776 2766 2136 2828 adulterium

492 2859 884 2931 commiserit,
924 2856 1160 2938 penitus
1194 2855 1564 2934 extrudatur,
1600 2864 1658 2919 et
1708 2854 1783 2916 ad
1836 2857 2137 2936 paeniten-

493 2954 633 3013 tiam
666 2949 1021 3012 deducatur.

590 3039 811 3120 Cyrilli
840 3055 919 3102 ex
946 3038 1199 3117 cpistola
1231 3037 1313 3099 ad
1350 3037 1675 3112 Domuum,
1710 3053 1840 3115 cap.
1881 3036 1937 3110 1,
1974 3034 2033 3099 3.

572 3220 1048 3298 LUnaqquue
1103 3233 1201 3278 res
1259 3223 1485 3291 nostra,
1547 3221 1693 3296 etc.,
1746 3231 1938 3295 usque
1968 3214 2047 3277 ad
2079 3179 2196 3276 toc

490 3309 733 3377 salutat,
770 3313 832 3369 ut
860 3324 1006 3387 pug.
1042 3304 1185 3368 491.

568 3396 733 3461 CAP.
767 3395 901 3459 XII.
934 3430 1012 3442 ——
1064 3393 1135 3457 Ut
1179 3394 1454 3473 quandiu
1507 3394 1821 3474 episcopus
1868 3411 2008 3457 cum
2036 3410 2135 3456 se-

487 3493 746 3568 gregata
775 3503 812 3548 α
837 3504 902 3548 se
931 3503 1049 3547 non
1074 3484 1502 3556 communicat,
1538 3501 1615 3545 ne
1653 3483 1861 3546 ceteri
1892 3483 2135 3563 quidem

488 3578 763 3658 episcOpi
786 3593 922 3638 cum
952 3582 1313 3653 segregantc
1341 3574 1809 3635 communicent.

711 3663 971 3728 Concilii
1005 3662 1520 3743 Caithaginensis
1547 3680 1741 3725 canon
1776 3661 1914 3727 433.

574 3755 647 3817 Ut
682 3773 801 3818 non
831 3762 1052 3817 temere
1081 3770 1449 3833 quemquam
1479 3754 1906 3816 communione
1930 3753 2133 3834 privet

487 3848 826 3926 episcopus.

566 3934 841 4009 Quandiu
873 3931 1494 3996 5iexcommunicato
1544 3951 1661 3993 non
1714 3933 2129 3997 communica-

486 4026 640 4089 verit
671 4043 814 4087 suus
843 4022 1388 4104 episcopus,eidem
1430 4022 1713 4102 epiSCOpo
1744 4021 1818 4084 ab
1848 4023 1980 4085 aliis
2011 4043 2130 4086 non

483 4114 963 4180 communicetur
993 4113 1313 4192 episcopis,
1348 4121 1412 4172 ut
1444 4111 1630 4190 magis
1659 4123 1860 4173 caveat
1890 4114 2128 4193 episco-

489 4225 622 4286 pus,
657 4223 733 4266 ne
755 4203 916 4265 dicat
944 4204 1003 4264 in
1032 4220 1422 4282 quemquam,
1448 4200 1604 4280 quod
1637 4201 1769 4262 aliis
1802 4200 2127 4265 documen-

487 4294 560 4355 tis
589 4293 947 4356 convincere
983 4310 1102 4351 non
1135 4298 1351 4369 potest.

562 4380 846 4444 Aurelius
872 4382 935 4432 55
963 4380 1280 4460 episcopus
1311 4378 1492 4440 dixit:
1522 4380 1691 4442 Juxta
1708 4387 1923 4443 statuta
1950 4383 2129 4445 totius

1701 310 1965 381 auom
2007 254 2529 380 mmmam
2572 308 2683 381 op.

597 461 660 521 Ἠ
706 456 917 540 [70].Si
951 454 1084 536 quis
1118 454 1490 519 Christianus
1520 455 1717 518 oleum
1748 455 2150 531 deferat,etc.,
2177 461 2215 509 Α

3734 318 3840 393 740

2317 455 2425 517 οα’.
2459 454 2530 512 Εἴ
2559 478 2640 520 τις
2674 458 2990 536 Χριστιανὸς
3020 457 3200 515 ἔλαιον
3229 458 3537 541 ἀπενέγκοι,
3560 484 3612 522 κ.
3643 486 3691 526 τ.
3721 463 3771 528 λ,

2314 634 2421 707 οβ’.
2460 635 2525 692 Εἴ
2577 658 2657 699 τις
2706 634 2961 715 κληρικὸς
3012 636 3048 705 ἢ
3078 637 3272 703 λα’ίιιὸς
3302 639 3409 696 ἀπὸ
3438 644 3537 708 τῆς
3562 641 3703 718 ἀγίας
3729 643 3843 700 Ἐκ-

2233 721 2458 789 κλησίας
2493 723 2757 805 ἀφέληται
2807 718 2970 800 κηρὸν
3030 726 3066 795 ἢ
3129 726 3330 803 ἔλαιον,
3378 728 3712 809 ἀφοριζέσθω,
3771 736 3847 790 καὶ

2233 814 2294 868 τὸ
2328 812 2666 889 ἔπίπεμπτον
2696 816 3026 893 προστιθέτω
3058 815 3178 891 μεθ’
3208 820 3268 874 οὗ
3297 816 3507 877 ἔλαϐε-ι.

2312 901 2422 979 ογ’.
2458 905 2654 967 Σκεῦος
2686 912 2917 984 χρυσοῦν
3017 906 3273 985 ἀργυροῦν
3314 908 3558 987 ἁγιασθὲν
3590 909 3624 977 ἢ
3653 910 3843 986 ὀθόνην,

2231 1014 2285 1054 κ.
2321 1015 2373 1051 τ.
2407 991 2461 1055 λ.

2314 1081 2445 1156 og'.

2224 1193 2280 1234 κ.
2314 1195 2366 1231 τ.
2401 1171 2455 1234 λ.

2306 1260 2383 1316 οδ⁹
2428 1263 2529 1325 "0;
2575 1286 2653 1326 τις
2699 1263 2896 1343 ὑϐρίσει
2942 1266 3169 1343 βασιλέα
3216 1268 3249 1336 ἢ
3316 1268 3559 1347 ἄρχοντα
3612 1268 3748 1345 παρᾶ
3796 1271 3848 1325 τὸ

2223 1349 2454 1424 δίκαιον,
2515 1355 2773 1429 τιμωρίαν
2853 1359 3076 1413 τιννύτω
3113 1374 3126 1387 ⁶
3191 1379 3277 1413 και
3342 1360 3388 1414 εί
3447 1358 3547 1433 μὲν
3591 1357 3845 1435 κληρικὸς,

2222 1443 2571 1521 καθαιρείσθω
2604 1461 2618 1477 ⁸
2653 1445 2698 1498 εἰ
2730 1441 2785 1499 δὲ
2816 1442 3031 1519 λα’ίκος,
3066 1445 3416 1524 ἀφοριζέσθω.

2514 1082 2638 1141 Ὀτι
2701 1085 2780 1159 μὴ
2826 1087 2939 1165 χρὴ
2996 1087 3086 1143 τὸν
3147 1087 3440 1145 ἐπίσκοπον
3510 1089 3586 1163 τῷ
3634 1086 3843 1168 ἀδελφῷ,

2223 1618 2449 1704 Συντίδου
2531 1620 2871 1704 Χαλκηδόνος
2953 1624 3015 1680 ἐκ
3095 1630 3195 1691 τῆς
3281 1626 3522 1703 πράξεως
3583 1629 3680 1691 τῆς
3743 1627 3847 1704 περὶ

2304 1702 2512 1760 Φωτίου
2591 1703 2885 1760 ἐπισκόπου
2972 1705 3159 1782 Τύρου,
3238 1709 3323 1762 καὶ
3382 1707 3669 1764 Εὐσταθίου
3735 1702 3847 1762 ἐπι-

2168 1817 2203 1869 Β
2306 1783 2507 1838 σκόπου
2539 1788 2800 1859 Βηρυτοῦ.

2303 1870 2377 1934 α’.
2427 1873 2484 1929 Οἱ
2532 1873 3102 1951 μεγαλοπρεπέστατοι
3143 1875 3237 1932 καί
3285 1873 3619 1940 ἐνδοξότατοι
3660 1875 3848 1955 ἄρχον-

2222 1984 2307 2026 τες
2340 1962 2499 2018 εἷπον
2535 1978 2548 1992 ⁶
2586 1965 2711 2041 Περὶ
2740 1970 2847 2020 τῶν
2877 1965 3187 2022 ἐπισκόπων
3220 1972 3322 2022 τῶν
3375 1964 3847 2045 χειροτονηθέντων

2222 2052 2318 2125 μὲν
2399 2052 2538 2128 παρὰ
2607 2056 2815 2109 Φωτίου
2897 2061 2987 2111 τοῦ
3065 2053 3452 2112 εὖλαϐεστσίτου
3540 2056 3845 2128 ἐπισκόπου,

2220 2139 2652 2207 ἀποκωηθέντων
2706 2144 2760 2199 δὲ
2806 2145 2948 2220 παρὰ
2996 2145 3280 2202 Εὖσταθίου
3336 2146 3433 2201 τοὸ
3480 2142 3849 2204 εὖλαόεστᾶτου

2220 2230 2538 2309 ἐπισκόπου,
2602 2235 2688 2288 καὶ
2750 2235 2886 2309 μετὰ
2952 2237 3051 2302 τὴν
3109 2233 3421 2302 ξπισκοπῆν
3478 2234 3850 2294 κελευσθέντων

2220 2321 2365 2377 εἶναι
2398 2317 2786 2401 πρεσϐυτέρων,
2818 2326 2867 2379 τί
2902 2324 3215 2401 παρίσταται
3245 2331 3314 2400 τῇ
3345 2325 3470 2402 ἀγίᾳ
3505 2322 3738 2403 συνόδῳς

2603 2409 2833 2469 Συνόδου
2862 2412 3126 2492 Ἄγκυρας
3157 2415 3336 2469 κανὼν
3370 2412 3475 2479 ιη’,

2302 2499 2405 2568 ιη’.
2440 2498 2505 2558 Εἴ
2539 2521 2676 2565 τινες
2706 2500 2986 2560 ἐπίσκοποι
3012 2504 3461 2578 κατασταθέντες,
3502 2526 3552 2563 ιι.
3588 2525 3638 2561 τ.
3674 2503 3726 2565 λ,

2562 2589 2788 2647 Συνόόου
2821 2594 3233 2670 Νεοκαισαρείας
3264 2594 3444 2650 κανὼν
3481 2594 3536 2649 α’

2301 2683 2377 2743 α’,
2427 2677 2781 2757 Πρεσϐύτερος
2865 2681 2955 2738 ἐὰν
3038 2685 3215 2763 γήμῃ,
3278 2685 3377 2750 τῆς
3441 2681 3646 2749 τάξεως
3706 2682 3847 2739 αυτὸν

2221 2771 2587 2845 μετατίθεσθαι
2625 2791 2638 2806 ο
2677 2770 2768 2827 ἰὰν
2803 2770 2858 2826 δὲ
2916 2774 3185 2851 πορνεύσῃ
3235 2773 3269 2841 ἢ
3303 2774 3609 2851 μοιχεύσῃ,
3644 2772 3848 2839 ἔξωθεῐ-

2219 2862 2337 2916 σθαι
2370 2860 2529 2916 αὒτὸν
2558 2858 2765 2934 τέλεον,
2799 2863 2887 2917 καί
2918 2861 3136 2940 ἄγεσθαι
3169 2863 3243 2925 είς
3276 2864 3594 2936 μετάνοιαν.

2429 3039 2687 3119 Κυρίλλου
2719 3039 2781 3096 ἐκ
2814 3045 2906 3108 τῆς
2940 3040 3312 3119 πρὸςγΔόμνον
3356 3040 3661 3108 ἐπιστολῆς

2884 3118 3012 3201 κειρ.
3046 3118 3098 3178 α’
3126 3119 3203 3201 γ’.

2302 3205 2383 3271 α’.
2424 3207 2672 3267 "Exstat:
2702 3216 2809 3267 τῶν
2838 3210 2954 3267 καθ’
2982 3212 3129 3289 ἣμᾶς
3160 3212 3516 3292 πρσγμσίτων,
3550 3235 3607 3275 κ.
3642 3234 3695 3275 τ,
3726 3209 3776 3269 λ.

2304 3392 2556 3448 ΚΕΦΑΛ.
2592 3376 2699 3449 ΙΒ’.
2748 3422 2823 3434 -
2880 3388 3005 3448 ’Ότι
3057 3388 3141 3469 ἐφ’
3184 3389 3310 3448 ὅσον
3353 3392 3556 3470 χρόνον
3591 3392 3615 3447 5
3646 3389 3850 3446 ἰπίσκο-

2218 3498 2319 3541 πος
2349 3479 2409 3534 οὗ
2435 3491 2685 3535 κοινωνεῖ
2730 3483 2808 3552 τῷ
2857 3478 2983 3558 παρ’
3048 3481 3211 3538 αὐτοῦ
3241 3481 3605 3563 ἀφορισθέν-τι,
3656 3479 3771 3536 οὔτε
3812 3479 3852 3534 οἱ

2219 3565 2374 3625 ἄλλοι
2404 3566 2686 3624 ἐπίσκοποι
2717 3575 3029 3626 κοινωνοῦσι
3058 3575 3136 3643 τῷ
3160 3569 3498 3650 ἀφορίσαντι,

2528 3655 2755 3714 Συνὸδου
2792 3658 3161 3738 Καρθαγέννης
3194 3662 3370 3717 κανὼν
3404 3661 3458 3740 ρ)
3472 3662 3553 3741 γ’.

2300 3746 2415 3804 Ἴνα
2444 3747 2523 3822 μὴ
2553 3747 2624 3812 ὡς
2675 3745 2837 3826 ἔτυχε
2892 3749 3011 3805 τινὰ
3065 3751 3302 3830 στερήσῃ
3345 3756 3447 3819 τῆς
3492 3753 3771 3815 κοινωνίας
3824 3752 3849 3806 ὁ

2214 3836 2537 3901 ἐπίσκοπος.

2296 3925 2436 4005 ρλγ’.
2487 3924 2605 4007 Ἐφ’
2653 3925 2777 3984 ὅσον
2836 3933 2913 3999 τῷ
2968 3926 3312 4008 ἀφορισμένῳ
3358 3933 3435 4007 μὴ
3502 3942 3761 3990 κοινωνεῖ
3823 3928 3848 3984 ὃ

2211 4016 2351 4081 ’ίδιος
2408 4015 2725 4096 ὶπίσκοπος,
2772 4020 2848 4090 τῷ
2893 4020 3037 4091 αὒτῷ
3080 4021 3360 4093 ὲπισκόπῳ
3393 4018 3548 4080 ἄλλοι
3602 4022 3680 4096 μιὶ
3724 4042 3845 4097 συγ·-

2213 4105 2615 4174 κοινωνήσωσιν
2674 4104 3000 4187 ἐπίσκοποι·
3056 4108 3196 4166 ὥστε
3246 4109 3449 4185 μᾶλλον
3508 4109 3844 4189 παραφυλάτ-

2214 4199 2393 4253 τεσθαι
2449 4196 2541 4252 τὸν
2601 4193 2893 4253 ἐπίσκοπον
2941 4197 3019 4271 μὴ
3064 4197 3243 4277 λέγειν
3300 4201 3438 4257 κατά
3492 4221 3667 4276 τινος,
3727 4198 3843 4275 ὅπερ

2212 4283 2541 4350 ἀποδείξεσιν
2571 4282 2781 4361 ἐλέγξαι
2813 4285 2940 4365 παρ’
2973 4286 3174 4367 ἑτέροις
3205 4290 3265 4346 οὖ
3294 4288 3533 4353 δύναται,

2293 4376 2553 4453 Δῦρήλιος
2585 4373 2877 4439 ἐπίσκοπος
2910 4380 3065 4434 εἶπεν
3100 4393 3114 4409 ’
3154 4380 3301 4437 Κατὰ
3328 4379 3396 4435 τὰ
3458 4378 3729 4456 ὁρισθέντα
3785 4381 3843 4452 τῇ

483 4470 723 4534 concilii
759 4467 1125 4548 congregati,
1161 4480 1221 4530 et
1246 4486 1395 4530 meas
1422 4467 2125 4544 mediocritatis_senten-

2215 4465 2405 4543 γνώμῃ
2448 4464 2628 4532 πάσης
2671 4464 2768 4532 τῆς
2820 4468 3280 4545 συναθροισθείσης
3340 4467 3562 4529 συνόδου
3607 4470 3698 4526 καί
3754 4469 3842 4534 τῆς

483 4561 651 4632 tiam,
679 4541 1118 4641 ριδοοιτΐοίῖθτο
1132 4576 1334 4619 rerum
1361 4558 1626 4619 omnium
1651 4541 2122 4637 conclusionem,

2215 4541 2348 4630 ἒμῆς
2382 4541 2785 4634 ἡμετριότητος,
2845 4541 3057 4632 ἀρέσκει
3103 4558 3318 4614 πάντων
3362 4564 3469 4615 τῶν
3524 4557 3839 4637 πραγμάτων

487 4650 747 4713 universi
782 4650 1016 4712 titulum
1069 4647 1384 4726 designati,
1420 4647 1559 4708 268
1591 4657 1649 4710 et
1703 4647 1919 4727 digesti
1950 4650 2127 4731 hujus

482 4740 604 4803 diei
630 4747 941 4802 tractatum
964 4737 1251 4799 Ecclesiae
1271 4747 1440 4816 gesta
1461 4737 1815 4818 suscipiant,
1841 4756 1972 4818 quze
1988 4758 2125 4801 vero

476 4830 674 4893 adhuc
704 4847 989 4910 expressa
1018 4846 1138 4889 non
1170 4826 1435 4907 sunt,die
1470 4826 1746 4906 sequenti
1781 4845 1886 4907 per
1911 4828 2126 4891 fratres

479 4928 715 4982 nostros
734 4918 1084 4982 Faustinum
1108 4917 1482 4997 episcopum,
1502 4915 1840 4995 Philippum
1867 4926 1925 4978 et
1945 4917 2124 4981 Asel-

478 5008 602 5070 lum
638 5009 1038 5090 presbyteros,
1073 5004 1401 5069 venerabili
1455 5004 1625 5067 fratri
1674 5013 1735 5065 et
1763 5006 2122 5088 coepiscopo

480 5107 685 5159 nostro
715 5097 1019 5160 Bonifacio
1045 5093 1475 5160 rescribemus.

560 5189 637 5252 Et
657 5187 1166 5270 subscripserunt.

2209 4645 2305 4701 τοῦ
2334 4642 2769 4722 προδηλωθὲντος
2812 4643 3094 4710 ὁλοτελοῦς
3152 4646 3335 4703 τίτλου
3366 4645 3593 4716 ποιῆσαι
3626 4649 3687 4703 τὸ
3716 4667 3841 4718 σομ-

2209 4733 2479 4812 πέρασμα.
2538 4735 2625 4790 καὶ
2684 4734 2780 4803 τὴν
2826 4737 3117 4806 συζήτησιν
3175 4741 3276 4804 τῆς
3329 4735 3707 4801 διατυπιόσεως
3752 4731 3838 4799 τῆς

2208 4824 2483 4900 παρούσης
2554 4822 2762 4902 ἡμέρας
2838 4825 2904 4880 τὰ
2989 4824 3409 4893 ἑκκλησιαστικὲ
3504 4823 3842 4905 πεπραγμένα

2208 4914 2241 4970 ἀ
2316 4911 2391 4955 Νές
2585 4933 2597 4948 .
2658 4912 2680 4931 ,Ι
2888 4915 2903 4933 \
3080 4916 3094 4935 \
3220 4918 3233 4932 δ
3603 4917 3616 4938 Ι

2245 4928 2548 4979 ναοηονται
2650 4935 2805 4971 ατινα
2855 4912 2910 4970 δε
2959 4916 3140 4990 ἀκμην
3184 4939 3279 4973 ουκ
3335 4914 3838 4995 ἓπεξειργασθησαν,

2210 5003 2278 5079 τῇ
2310 5001 2429 5080 ἐξῇς
2475 5001 2651 5081 ἡμέρᾳ
2698 5000 2783 5059 διὰ
2835 5009 2941 5060 τῶν
2973 5002 3218 5084 ἀδελφῶν
3250 5006 3407 5081 ἡμῶν
3433 5006 3728 5062 Φαυστίνου
3758 5006 3842 5058 τοῦ

2208 5092 2529 5173 ἐπισκόπου,
2559 5091 2838 5152 Φιλιππου
2866 5095 2953 5150 καὶ
2984 5093 3244 5151 Ἀσὲλλου
3302 5096 3409 5151 τῶν
3455 5093 3838 5173 πρεσϐυτέρων,

2206 5186 2283 5256 τῷ
2313 5189 2665 5263 προσκυνητῷ
2696 5179 2911 5259 ἀδελφῷ
2939 5184 3094 5262 ἡμῶν
3135 5185 3224 5241 καὶ
3273 5186 3655 5259 συνεπισκόπει)
3686 5191 3837 5241 Βονι-

2205 5275 2378 5353 φατίῳ
2406 5272 2834 5351 ἀντιγράψομεν.

553 5552 618 5609 84
644 5556 825 5618 Gonc.
860 5552 1063 5620 Carth.
1094 5570 1200 5639 vn,
1235 5573 1289 5620 c.
1325 5553 1363 5617 5
1395 5575 1413 5635 ;
1444 5559 1636 5626 Afric.
1665 5577 1723 5628 c.
1754 5559 1857 5627 99.
1941 5559 2006 5613 55
2034 5555 2221 5625 Conc.
2251 5556 2444 5625 Afric.
2479 5574 2614 5641 cap.
2648 5550 2792 5622 4Οο.
