4004 6230
453 293 573 364 743

455 545 585 587 rem
620 513 790 587 suam
846 513 922 585 ne
981 522 1217 601 rejiciat
1270 517 1582 596 religionis
1635 523 1917 596 prmtextu
1955 535 1968 576 :
2004 513 2096 574 sin

455 624 652 677 autem
688 613 951 693 ejecerit,
987 617 1342 690 segregetur
1391 627 1404 667 :
1445 615 1502 668 et
1531 605 1579 666 si
1614 602 2100 684 perseveret,de-

456 713 711 784 ponatur
751 703 866 782 (3).

534 797 593 855 6.
625 791 979 872 Episcopus,
1030 791 1120 851 vel
1175 787 1508 870 presbyter,
1543 786 1633 847 vel
1668 784 1957 846 diaconus
1984 801 2097 844 sre-

455 883 688 945 culares
715 900 888 945 curas
937 901 1056 943 non
1111 879 1396 960 suscipiat
1434 900 1446 936 :
1484 875 1708 957 alioqui
1740 875 2099 954 deponatur.

533 1064 592 1126 7.
629 1063 691 1124 Si
725 1062 860 1144 quis
895 1061 1239 1142 episcopus,
1276 1058 1366 1119 vel
1403 1056 1736 1136 presbyter,
1771 1053 1862 1114 vel
1896 1051 2100 1144 diaco—

453 1173 587 1227 nus,
624 1143 856 1215 sacrum
882 1151 1124 1212 Pascha;
1155 1149 1313 1210 diem
1351 1159 1489 1207 ante
1523 1163 1768 1207 vernum
1801 1143 2098 1222 aequinoc-

459 1244 601 1304 tium
635 1261 772 1304 cum
805 1240 1027 1303 Judzeis
1057 1237 1480 1310 celebraverit,
1510 1236 1866 1315 deponatur.

543 1341 635 1396 ll.
671 1332 730 1394 Si
763 1332 918 1412 quis,
953 1349 1086 1392 cum
1121 1330 1197 1389 sit
1243 1328 1527 1406 clericus,
1561 1344 1677 1385 una
1722 1341 1856 1384 cum
1894 1341 1966 1384 eo
1999 1321 2099 1402 qui

457 1431 544 1483 est
573 1421 898 1498 depositus,
940 1419 1216 1491 oraverit,
1253 1417 1589 1496 deponatur
1625 1423 1682 1476 et
1716 1417 1865 1492 ipse.

535 1511 614 1573 ‘23
637 1511 771 1593 ['22]
802 1509 863 1572 Si
918 1510 1054 1586 quis
1105 1527 1238 1568 cum
1291 1509 1365 1566 sit
1399 1505 1660 1567 clericus
1690 1503 1777 1572 ⁸56,
1833 1501 2096 1593 seipsum

459 1589 842 1676 mutilaverit,
902 1602 1239 1678 deponatur
1274 1618 1286 1659 :
1326 1604 1415 1656 est
1449 1595 1608 1656 enim
1643 1593 1734 1654 sui
1773 1589 2092 1654 homicida.

538 1691 614 1754 25
649 1691 796 1770 ["21].
830 1686 1286 1768 Episcopus,vel
1320 1682 1749 1766 presbyter,vel
1782 1683 2094 1752 diaconus,

1641 281 1908 352 PHOTII
1955 283 2124 350 ΡΛΤ]

2226 287 2472 352 ιΒΟΗίΕ
2513 286 2627 353 CP.
3675 289 3766 358 744

531 437 588 498 5.
625 435 983 516 Episcopus,
1014 431 1106 494 vel
1145 425 1582 509 presbyter,vel
1617 424 1906 486 diaconus
1939 443 2089 484 uxo-
2113 439 2146 477 Α

2255 423 2321 482 ε’·
2385 423 2740 494 Ἐπίσνοπος,
2800 423 2836 489 ἢ
2882 417 3255 502 πρεσϐύτερος,
3326 425 3362 490 ἣ
3421 422 3648 487 διάκονος
3693 427 3772 494 τήν

2180 512 2369 570 ἑαυτοῦ
2419 525 2621 590 γυατκα
2661 511 2742 587 μὴ
2805 509 3114 569 ἔκϐαλλε-τω
3164 515 3428 594 προφάσει
3486 513 3729 580 εύλαϐείας
3759 535 3770 551 ·

2182 603 2270 658 ἐὰν
2325 601 2378 658 δὲ
2429 600 2655 677 ἐκϐάλῃ,
2725 600 3052 681 ἂφοριζὲσθω
3087 621 3101 636 ·
3153 603 3421 680 ἐπιμένων
3482 603 3558 680 δὲ,
3618 609 3775 661 καθει-

2181 692 2391 771 ρείσθω,
2421 715 2474 748 κ.
2511 714 2563 749 τ.
2596 691 2649 750 λ.

2266 779 2367 855 ς’.
2403 781 2751 857 Ἐπίσκοπος,
2782 782 2817 848 ἦ
2849 780 3220 862 πρεσϐύτερος,
3252 784 3289 850 ἢ
3319 785 3587 860 διάκονος,
3613 809 3777 862 κοσμι-

2186 872 2282 932 κάς
2325 869 2598 950 ’,τροντίὸας
2629 874 2707 948 μὴ
2759 870 3178 948 ἂναλαμϐανέτω
3214 889 3227 903 ⁸
3281 875 3326 929 εἰ
3369 874 3426 930 δὲ
3468 877 3570 951 μὴ,
3623 881 3783 933 καθαι-

2188 963 2399 1040 ρείςθω.

2267 1051 2340 1122 ζ’.
2501 1075 2580 1114 τις
2635 1051 2948 1133 ἐπίσκοπος,
3003 1055 3038 1122 ἦ
3076 1053 3449 1135 πρεσϐύτερος,
3485 1057 3522 1122 ἦ
3552 1055 3785 1136 διάκονος,

2182 1141 2280 1206 τὴν
2327 1143 2481 1219 ἁγίαν
2511 1152 2603 1200 τοῦ
2634 1143 2831 1222 Uir/2
2861 1143 3066 1222 ἡμέραν
3118 1147 3219 1224 πρὸ
3266 1145 3364 1213 τῆς
3425 1145 3638 1224 ἐαρινῆς
3684 1149 3787 1212 ἰση-

2183 1231 2366 1308 μερίας
2400 1233 2534 1304 μετὰ
2563 1231 2830 1290 Ἰουδαίων
2857 1233 3177 1308 ἑπιτελὲσει,
3213 1236 3588 1310 καθαιρείσθω,

2265 1319 2362 1381 ια’.
2413 1320 2476 1377 Εῗ
2511 1344 2588 1387 τις
2620 1323 3004 1399 καθῃρημὲννρ,
3043 1327 3297 1401 κληρικὸς
3339 1326 3414 1380 ὢν

2184 1408 2504 1483 συνεύξεται,
2532 1413 2881 1488 καθαιρείσθω
2907 1414 2994 1468 καὶ
3026 1416 3208 1476 αὐτὸς.

3423 1371 3437 1403 ,
3475 1328 3552 1388 ὡς
3583 1323 3793 1404 κληρικῷ

2263 1497 2371 1577 κγ’.
2423 1501 2485 1558 E'i
2557 1523 2639 1565 τις
2709 1501 2967 1581 κληρικὸς
3012 1503 3084 1559 ὢν
3150 1505 3336 1562 ὲαυτῖιν
3394 1503 3791 1582 ἆκρωτηριάσει,

2180 1592 2524 1667 καθαιρείσθω
2563 1611 2574 1623 ·
2612 1593 2798 1671 φονεὺς
2834 1593 2934 1671 γάρ
2977 1595 3120 1648 ἔστιν
3165 1593 3376 1655 ἑαυτοῦ,

2262 1679 2340 1735 γε’
2415 1677 2740 1738 ἰτ-τίσγοπγ
2813 1682 2833 1698 ”
2968 1704 2987 1724 ι·
3030 1681 3086 1739 ϐλ
3335 1684 3348 1705 ¹
3421 1683 3444 1702 ’⁵
3487 1685 3497 1698 ’
3783 1684 3796 1702 ⁸

2283 1725 2294 1735 .
2351 1724 2365 1738 .
2455 1717 2496 1737 ι.
2649 1717 2659 1736 δ
2717 1721 2764 1760 η,
2811 1705 2846 1748 η
2893 1705 3025 1762 πρ-σ
3067 1703 3267 1761 στερος,
3315 1687 3351 1752 ἢ
3415 1703 3680 1764 οιακονος,
3720 1687 3796 1740 im

455 1777 985 1851 fornicationis,vel
1019 1775 1294 1856 perjurii,
1323 1775 1414 1835 vel
1450 1775 1588 1834 furti
1618 1771 1948 1845 convictus,
1987 1770 2097 1830 de-

2227 1770 2399 1845 ορνείᾳ
2459 1770 2494 1838 ἢ
2560 1771 2824 1851 επιορκίᾳ,
2870 1770 2904 1839 ἧ
2974 1771 3153 1850 κλοπῇ
3213 1773 3398 1847 ἁλοὺς,
3475 1776 3796 1853 καθαιρείσθω

458 1881 734 1949 ponatur,
767 1877 822 1930 et
849 1886 964 1928 non
997 1875 1372 1944 segregetur.
1409 1863 1568 1924 Dicit
1625 1868 1787 1925 enim
1821 1861 2098 1941 Scriptu-

452 1977 521 2021 ra
553 1981 569 2021 :
605 1959 738 2022 Non
771 1957 1115 2019 vindicabis
1160 1954 1251 2017 bis
1300 1956 1365 2015 in
1396 1953 1663 2033 idipsum
1692 1951 1776 2012 57.
1811 1949 2102 2013 Similiter

451 2049 668 2130 reliqui
699 2065 938 2129 quoque
968 2045 1200 2108 clerici.

532 2129 608 2200 27
642 2135 1276 2220 [26].Episcopum,vel
1314 2132 1756 2214 presbyterum,
1778 2130 1867 2192 vel
1898 2129 2102 2220 diaco-

452 2249 621 2309 num,
647 2219 757 2310 qui
785 2226 1056 2288 verberat
1085 2244 1186 2287 eos
1217 2227 1317 2306 qui
1365 2231 1638 2302 peccant,
1698 2221 1786 2282 vel
1821 2219 2103 2284 inﬁdeles

451 2319 553 2400 qui
579 2318 857 2398 injuriam
892 2317 1190 2388 fecerunt,
1227 2323 1284 2375 et
1318 2333 1424 2393 per
1456 2314 1581 2374 lucc
1615 2314 1743 2374 vult
1792 2318 2100 2390 perterre-

452 2411 672 2488 facere,
704 2407 926 2486 deponi
981 2406 1289 2484 jubemus.
1327 2404 1624 2465 Dominus
1657 2401 1820 2463 enim
1854 2419 1964 2461 nos
1995 2418 2100 2460 ne-

451 2516 748 2578 quaquam
787 2497 902 2556 hoc
932 2495 1158 2569 docuit;
1185 2501 1393 2555 contra
1423 2503 1624 2553 autem
1656 2493 1783 2571 ipse
1812 2489 2102 2552 verbera-

453 2595 549 2648 tus
581 2605 698 2647 non
731 2585 1136 2664 repercussit;
1176 2582 1514 2644 maledictis
1547 2581 1874 2662 appetitus,
1913 2579 2100 2640 male-

455 2677 613 2738 dicta
645 2693 762 2735 non
788 2674 1033 2747 retulit;
1070 2673 1322 2752 patiens,
1361 2691 1480 2732 non
1516 2672 1774 2731 minatus
1801 2679 1917 2731 est.

534 2764 613 2828 29
644 2765 804 2844 [28].
844 2762 906 2825 Si
938 2762 1073 2843 quis
1103 2762 1420 2842 episcopus
1462 2779 1570 2842 per
1606 2759 1914 2841 pecunias,
1957 2767 2100 2834 etc.,

455 2857 585 2918 971
626 2863 690 2916 ut
713 2871 928 2933 supra,
963 2869 1112 2932 pag.
1146 2852 1285 2911 515.

537 2946 614 3010 30
645 2943 806 3024 [‘29].
855 2940 912 3004 Si
946 2943 1077 3021 quis
1104 2940 1424 3021 cpiscopus
1455 2938 1846 3001 saacularibus
1877 2937 2103 3020 princi-

463 3037 638 3118 pibus
669 3052 839 3106 usus,
877 3041 1020 3106 etc.,
1051 3041 1120 3092 ut
1151 3048 1338 3110 supra
1366 3048 1513 3111 pag.
1543 3030 1682 3091 511.

537 3128 605 3188 3t
646 3125 766 3204 [30]
801 3121 862 3184 Si
893 3122 1026 3201 quis
1084 3121 1416 3200 prrsbyter,
1484 3126 1835 3198 contempto
1866 3119 2168 3202 proprioc

455 3215 766 3296 episcopo,
797 3209 1052 3273 seorsim
1104 3209 1640 3290 congregationem
1694 3208 1925 3285 fecerit,
1961 3217 2107 3284 etc.,

455 3312 524 3368 ut
553 3319 699 3384 pag.
738 3301 880 3364 583.

537 3393 616 3454 35
643 3390 802 3470 [34].
839 3388 1170 3469 Episcopus
1216 3407 1290 3450 ne
1321 3388 1542 3450 audeat
1575 3395 1741 3448 extra
1769 3405 1911 3448 suos
1956 3387 2110 3450 ﬁnes

456 3481 652 3545 facere
707 3479 1120 3542 ordinationes
1174 3478 1236 3539 in
1294 3477 1544 3539 urbibus
1604 3485 1662 3538 et
1698 3477 1863 3557 pagis
1897 3497 2018 3540 non
2053 3475 2108 3538 ei

457 3571 771 3651 subjectis.
808 3569 912 3632 Sin
945 3577 1144 3630 autem
1169 3569 1281 3629 hoc
1314 3568 1531 3630 fecisse
1563 3566 1871 3629 convictus
1902 3567 2106 3642 fuerit,

457 3672 673 3744 praeter
701 3680 912 3723 eorum
945 3660 1305 3721 sententiam
1358 3661 1460 3740 qui
1520 3666 1729 3720 tenent
1764 3675 1943 3737 pagos
1973 3657 2112 3718 illos

453 3755 544 3817 vel
579 3754 903 3827 civitatem,
939 3751 1272 3832 deponatur
1303 3757 1363 3812 et
1394 3751 1544 3830 ipse,
1581 3757 1638 3810 et
1675 3748 1708 3810 ii
1759 3765 1908 3828 quos
1940 3747 2108 3809 ordi-

457 3845 644 3908 navit.

534 3935 613 3998 4?
640 3934 763 4013 [41]
793 3931 1126 4013 EpiscOpus
1153 3932 1240 4012 38,
1275 3930 1366 3992 vel
1404 3928 1741 4010 presbyter,
1773 3928 1863 3991 vel
1901 3927 2109 3990 diaco-

455 4043 592 4104 nus,
625 4023 772 4086 aleis
822 4031 880 4084 et
925 4021 1322 4084 ebrietatibus
1356 4037 1596 4092 vacans,
1633 4018 1728 4081 vel
1761 4029 1983 4100 cesset,
2019 4019 2110 4080 vel

463 4115 828 4195 depona'ur.

541 4203 620 4264 44
653 4201 804 4279 [431.
843 4197 1172 4279 Episcopus
1200 4198 1284 4271 59,
1317 4197 1406 4260 vel
1433 4196 1761 4276 presbyter,
1790 4195 1879 4256 vel
1915 4195 2113 4256 diacoo

464 4311 604 4365 nus,
639 4287 924 4370 pecunias
959 4294 1162 4348 mutuo
1217 4287 1384 4348 datas
1427 4305 1562 4348 cum
1598 4287 1806 4348 fenore
1838 4284 2108 4368 exigens,

464 4380 557 4444 vel
589 4385 807 4449 cesset,
840 4377 931 4437 vel
965 4375 1323 4455 deponatur.

545 4468 624 4530 45
655 4466 792 4547 [44].
852 4464 1204 4544 Episcopus,
1261 4466 1350 4528 vel
1405 4463 1738 4545 presbyter,
1776 4464 1864 4527 vel
1902 4463 2107 4527 diaco-

467 4578 600 4635 nus,
639 4557 738 4637 qui
793 4571 926 4620 cum
990 4555 1286 4616 luereticis
1347 4555 1432 4615 vel
1463 4555 1656 4616 solum
1693 4565 2113 4636 comprecatus

467 4659 580 4726 est,
608 4657 753 4719 etc.,
787 4652 854 4709 ut
885 4663 1096 4726 supra,
1123 4662 1267 4724 pug.
1302 4643 1444 4707 610.

542 4741 622 4804 46
652 4738 802 4820 [45].
840 4735 1226 4816 Episcopum,
1262 4733 1348 4795 vel
1383 4733 1829 4815 presbyterum,
1865 4736 1964 4817 qui
1998 4736 2113 4798 ha:-

464 4832 792 4896 reticorum
855 4825 1243 4907 baptismum,
1299 4823 1387 4885 vel
1439 4825 1826 4899 sacrificium,
1863 4835 2008 4901 etc.,
2045 4834 2112 4888 ut

467 4939 681 5002 supra,
716 4935 860 5001 pag.
897 4921 1041 4978 610.

547 5013 620 5072 4'7
661 5009 807 5088 [46].
837 5005 1188 5087 Episcopus,
1225 5005 1316 5067 vel
1351 5005 1829 5086 presbyter,eum
1854 5009 2114 5084 quivere

470 5099 650 5162 habet
680 5097 1068 5177 baptismum,
1107 5104 1198 5158 etc
1230 5145 1246 5173 ,
1280 5105 1346 5159 ut
1366 5113 1559 5175 supra
1589 5113 1731 5175 pag.
1766 5094 1904 5156 622.

550 5188 627 5248 49
656 5189 738 5267 [4]
770 5187 832 5250 Si
865 5187 1000 5266 quis
1051 5186 1370 5266 episcopus
1423 5184 1734 5265 presbyter
1765 5202 1835 5246 ex
1880 5187 2111 5250 Domini

471 5277 868 5350 ordinatione,
903 5285 1045 5350 etc.,
1082 5281 1147 5338 ut
1177 5293 1396 5356 supra,
1429 5294 1572 5357 pag.
1609 5275 1747 5339 4&9.

549 5455 612 5507 56
641 5452 771 5518 Nic.
807 5472 978 5517 conc.
1013 5470 1144 5516 can.
1183 5471 1204 5516 ι

557 5637 666 5722 (3).
701 5635 934 5702 Citatur
961 5655 996 5698 a
1027 5633 1303 5717 S.'Greg.
1341 5634 1447 5698 lib.
1482 5652 1560 5702 vn
1587 5639 1747 5718 Reg.
1781 5638 1959 5720 epist.
1988 5638 2093 5712 30.

2255 1858 2275 1891 -.‘
2321 1861 2391 1891 ...Σ
2446 1860 2762 1891 L---.vl-n..
2836 1861 2975 1891 ειη-.
3013 1862 3108 1891 μὶ.-
3165 1864 3192 1891 ,ς
3259 1865 3439 1891 n-.._1
3481 1883 3498 1891 -
3564 1865 3667 1891 AL-
3722 1864 3734 1891 2

2181 1864 2275 1914 καῖ
2321 1864 2398 1934 μὴ
2444 1864 2788 1939 ἀφοριζὲσοω.
2826 1864 2980 1938 Λέγει
3012 1864 3112 1940 γαρ
3165 1864 3200 1930 ἡ
3259 1865 3440 1944 Γραφή
3481 1883 3498 1898 '
3562 1865 3671 1922 Οὔκ
3720 1864 3798 1920 ἑκ-

2182 1947 2420 2018 δικήσεις
2451 1948 2526 2014 δὶς
2560 1950 2644 2007 ἐπὶ
2684 1952 2744 2006 τὸ
2777 1950 2901 2007 αὒτὸ
2938 1971 2950 1983 ·
3000 1952 3254 2015 ὡσαύτως
3299 1951 3354 2008 δὲ
3405 1953 3494 2009 καὶ
3538 1955 3588 2009 οἱ
3641 1951 3800 2012 λοιποί

2185 2038 2456 2117 κληρικοί.

2265 2129 2372 2200 κζ’.
2419 2130 2770 2206 Ἐπίσκοπον,
2815 2131 2852 2198 ἥ
2887 2130 3259 2212 πρεσϐύτερον,
3319 2133 3354 2199 ἧ
3412 2131 3682 2210 διάκονον,
3725 2133 3803 2191 τύ·

2187 2241 2386 2276 πτοντα
2441 2222 2660 2285 πιστοὺς
2718 2222 3144 2298 ἁμαρτάνοντας,
3176 2223 3212 2288 ἦ
3244 2223 3496 2288 ἀπίστους
3526 2223 3802 2291 ἀδικήσαν-

2187 2331 2282 2374 τας
2339 2311 2427 2366 καὶ
2470 2307 2557 2368 διὰ
2598 2311 2851 2367 τοιούτων
2895 2309 3082 2392 φοϐεῖν
3127 2310 3398 2385 ἐθέλοντα,
3452 2317 3804 2393 καθαιρεῖσθαι

2188 2400 2591 2478 προστάσσομεν
2627 2417 2641 2433 ·
2681 2401 2911 2476 ούδαμοῦ
2942 2403 3040 2481 γὰρ
3072 2405 3098 2457 ὁ
3134 2403 3320 2480 Κύριος
3348 2405 3504 2460 τοῦτο
3535 2405 3685 2478 ἡμᾶς
3715 2403 3806 2458 E601-

2187 2487 2304 2554 δαξε
2338 2511 2348 2522 ⁸
2398 2493 2697 2548 τούναντῖον
2755 2489 2810 2546 δὲ
2855 2491 3012 2554 αύτὸς
3057 2493 3408 2567 τυπτόμενος,
3444 2495 3545 2550 οὒκ
3606 2494 3806 2550 ἆντὲτυ-

2188 2598 2325 2636 πτε·
2378 2577 2807 2658 λοιδορούμενος,
2855 2583 2948 2638 οὒκ
2993 2579 3341 2660 ἂντελοιδόρει
3371 2599 3387 2618 ο
3438 2584 3696 2662 πάσχων,
3730 2585 3808 2639 ούχ

2186 2668 2419 2737 ἠπείλει.
2529 2651 2538 2658 1
2626 2651 2635 2656 1
2795 2651 2804 2656 ⁷
3264 2651 3276 2660 ’
3558 2651 3598 2664 η

2268 2757 2373 2820 κο’.
2409 2759 2472 2816 Εἴ
2506 2781 2583 2825 τις
2613 2759 2899 2824 ἐπίσκοπος
2931 2759 3015 2816 διὰ
3045 2761 3369 2841 χρημάτων,
3406 2784 3460 2824 κ.
3496 2786 3550 2822 τ.
3591 2762 3648 2824 λ,

2270 2936 2343 3000 λ’.
2381 2939 2442 2996 Ε’ί
2475 2961 2555 3002 τις
2589 2938 2878 3003 ἐπίσκοπος
2928 2953 3213 3015 κοσμικοϊς
3265 2938 3497 3020 ἄρχουσι
3537 2941 3810 3020 χρησάμε-

2191 3050 2300 3102 νος,
2335 3052 2390 3091 κ.
2422 3051 2473 3088 τ.
2507 3028 2560 3091 λ,

2271 3117 2382 3180 λα’.
2445 3117 2512 3176 is?
2568 3141 2648 3184 τις
2721 3117 3068 3197 πρεσϐύτερος
3114 3119 3523 3200 κατανρρονήσας
3565 3128 3660 3178 τοῦ
3700 3119 3810 3176 ἰδίου

2194 3207 2507 3289 ἐπισκόπου,
2543 3213 2722 3289 χωρίς
2755 3210 3051 3288 συναγάγῃ,
3085 3232 3138 3272 κ,
3172 3232 3223 3272 τ.
3259 3209 3314 3270 λ.

2272 3388 2376 3452 λε’.
2423 3388 2746 3446 Ἐπίσκοπον
2794 3389 2870 3460 μὴ
2927 3387 3128 3465 τολμᾷν
3161 3387 3259 3454 ἔξω
3294 3395 3400 3445 τῶν
3428 3391 3624 3449 ἑαυτοῦ
3669 3391 3814 3468 ὅρων,

2195 3483 2525 3558 χειροτονίας
2570 3483 2838 3538 ποιεῖσθαι
2884 3481 2957 3543 εἰς
3003 3481 3092 3542 τὰς
3139 3481 3216 3555 μὴ
3276 3481 3642 3555 ὑποκειμένας
3695 3481 3820 3552 αύτῷ

2193 3568 2385 3632 πόλεις
2416 3572 2505 3626 καὶ
2547 3569 2732 3649 χώρας
2767 3585 2782 3599 ⁸
2817 3570 2861 3624 εἰ
2905 3567 2958 3624 δὲ
3013 3568 3251 3647 ἐλεγθείη
3298 3576 3454 3626 τοῦτο
3514 3570 3819 3639 πεποιηκῶς

2195 3659 2335 3736 παρὰ
2377 3660 2477 3726 τὴν
2520 3666 2624 3716 τῶν
2654 3658 2996 3738 κατεχόντων
3027 3660 3122 3722 τὰς
3166 3659 3352 3725 πόλεις
3401 3660 3611 3726 ὲκείνας
3663 3662 3700 3728 ἦ
3739 3661 3820 3719 τὲ(

2195 3748 2379 3828 χώρας
2407 3748 2654 3827 γνώμην,
2690 3748 3037 3828 καθαιρείσθω
3080 3750 3168 3806 καὶ
3226 3749 3383 3815 nam;
3436 3752 3525 3808 καὶ
3557 3753 3652 3816 οὓς
3677 3751 3818 3830 ἐχει-

2196 3838 2482 3917 ροτόνησε.

2276 3925 2394 4004 μβ’.
2430 3926 2781 4004 Ἐπίσκοπος,
2841 3929 2876 3995 ἣ
2932 3926 3307 4008 πρεσϐύτερος,
3339 3929 3375 3996 ἧ
3420 3929 3692 4005 διάκονος,
3733 3927 3820 3984 κύ-

2193 4014 2304 4081 ϐοις
2365 4017 2646 4098 σχολάζων
2689 4022 2777 4074 καὶ
2823 4019 3029 4098 μέθαις,
3086 4019 3123 4086 ἣ
3167 4019 3481 4098 παυσάσθω,
3544 4020 3579 4086 ἧ
3646 4022 3821 4075 καθαι-

2195 4107 2410 4186 ρείσθω,

2277 4194 2388 4271 μό’.
2455 4197 2804 4272 Ἐπίσκοπος,
2848 4198 2884 4264 ἢ
2934 4193 3310 4278 πρεσϐύτερος,
3355 4198 3393 4264 ἧ
3437 4197 3708 4271 διάκονος,
3741 4194 3827 4252 τό·

2196 4307 2318 4351 κους
2376 4287 2616 4346 ἀπαιτῶν
2673 4289 2793 4352 τοὺς
2852 4285 3275 4366 δανειζομένους,
3319 4289 3356 4354 ἦ
3429 4289 3743 4361 παυσάσθω,
3798 4284 3829 4349 ἦ

2195 4379 2566 4454 καθαιρείσθω.

2277 4463 2362 4541 με’
2421 4466 2768 4540 Ἐπίσκοπος,
2832 4466 2868 4532 ἦ
2926 4462 3297 4544 πρεσϐύτερος,
3345 4467 3380 4533 ἦ
3420 4465 3692 4547 διάκονος,
3741 4467 3819 4520 αἱ·

2199 4569 2430 4634 ρετικοτς
2467 4555 2842 4626 συνευξαμενος
2875 4555 3065 4632 μόνον,
3099 4576 3156 4616 κ.
3189 4577 3241 4615 τ.
3276 4554 3334 4617 λ.

2277 4734 2420 4810 μςκ
2469 4734 2814 4816 Ἐπίσκοπον,
2861 4734 2896 4804 ἢ
2930 4733 3309 4816 πρεσϐύτερον,
3365 4739 3644 4816 αἱρετικῶν
3689 4734 3832 4799 δεξα-

2199 4826 2386 4903 μένους
2415 4827 2690 4904 βάπτισμα
2726 4827 2755 4896 ἦ
2785 4828 2989 4907 Θυσίαν,
3023 4849 3078 4890 κ.
3113 4849 3165 4890 τ,
3200 4825 3252 4886 λ.

2277 5006 2390 5083 μζ’.
2427 5006 2754 5069 Ἐπίσκοπος
2783 5005 2820 5071 ἦ
2861 5004 3237 5085 πρεσϐύτερος,
3290 5007 3384 5063 τὶν
3415 5008 3552 5065 κατὰ
3582 5006 3832 5080 ἀλήθειαν

2199 5097 2400 5177 ἔχοντα
2429 5097 2728 5172 βάπτισμα,
2761 5117 2819 5157 κ,
2847 5117 2900 5154 τ.
2935 5095 2988 5159 λ,

2278 5185 2389 5260 μθ’.
2451 5185 2518 5244 Εἴ
2562 5208 2640 5248 τις
2687 5186 2975 5248 ἐπίσκοπος
3019 5187 3054 5252 ἢ
3118 5183 3493 5267 πρεσϐύτερος,
3541 5209 3678 5244 κατα
3737 5188 3827 5252 τὴν

2195 5289 2288 5337 τοῦ
2322 5278 2509 5355 Κυρίου
2541 5274 2798 5357 διάταξιν,
2835 5300 2888 5337 κ.
2919 5299 2975 5336 τ,
3009 5276 3063 5339 λ.

1311 5454 1373 5505 57
1402 5453 1514 5517 Job
1547 5476 1746 5533 χχχιιι,
1785 5459 1883 5524 t4.
1967 5457 2032 5508 58
2056 5455 2210 5526 Dist.
2241 5459 2345 5528 35.
2426 5460 2489 5512 59
2523 5457 2677 5522 Dist.
2709 5455 2814 5521 47.
