4134 6200
544 369 664 440 ’747

1742 371 2009 438 ΡΗΟΤΙΙ
2050 361 2572 440 ΡΑΤΒΙΑΗΟΗΕ
2612 364 2727 434 CP.

3775 369 3878 444 748

625 511 695 574 81
735 512 884 592 [80].
941 510 1210 574 Diximus
1241 528 1360 573 non
1393 517 1678 592 oportere
1709 510 2060 591 episcopum
2093 511 2184 574 vel

2351 507 2469 571 πα’,
2519 507 2762 581 Εἴπομεν
2809 505 2887 561 ὅτι
2927 505 3003 580 μὴ
3034 503 3146 585 χρὴ
3176 502 3480 562 ἐπίσκοποι
3513 504 3548 572 ἢ
3582 505 3880 591 πρὲσεύτερον

543 601 958 682 presbyterum
996 602 1264 681 seipsum
1293 599 1367 662 ad
1395 600 1667 680 publicas
1711 599 2190 663 administratio-

543 709 653 752 nes
685 690 1032 766 demittere,
1061 689 1171 752 sed
1201 690 1262 752 in
1291 688 1725 752 ecclesiasticis
1759 690 2019 767 negotiis
2051 709 2189 752 ver-

544 778 686 840 sari.
720 776 828 840 Vel
880 797 1021 859 ergo
1081 779 1162 840 ita
1222 798 1340 840 non
1372 778 1572 841 facere
1608 777 2066 860 persuadeatur,
2101 779 2193 840 vel

544 867 884 947 deponatur
918 887 932 932 :
969 868 1159 932 Nemo
1215 869 1376 932 enim
1429 875 1629 950 potest
1661 868 1896 931 duobus
1921 869 2194 932 dominis

542 959 791 1020 servire
819 958 904 1039 ιδ,
941 959 1274 1023 secundum
1308 958 1549 1020 Domini
1585 967 1973 1038 praeceptum.

627 1047 705 1108 83
734 1046 884 1127 [82].
918 1047 1276 1128 Episcopus,
1314 1047 1403 1109 vel
1436 1045 1874 1128 presbyter,ve|
1905 1046 2194 1108 diaconus

545 1136 840 1199 exercitui
870 1154 1112 1217 vacans,
1145 1147 1204 1198 et
1246 1143 1500 1216 utraque
1531 1137 1806 1199 obtinere
1838 1135 2196 1210 volens,Ro-

544 1243 784 1287 manum
817 1226 1048 1289 scilicet
1087 1226 1596 1306 magistratum,et
1619 1224 2059 1287 sacerdotalem
2083 1225 2194 1286 ad-

545 1316 1078 1393 ministrationem,
1114 1316 1454 1397 deponatur
1489 1336 1502 1376 :
1543 1317 1695 1390 Quae
1721 1321 1862 1377 sunt
1883 1314 2042 1376 enim
2073 1316 2194 1376 σω-

543 1406 730 1479 saris,
771 1407 1004 1468 Caesari
1044 1427 1058 1465 :
1095 1412 1153 1468 et
1184 1423 1320 1485 quos
1347 1412 1492 1466 sunt
1520 1404 1653 1484 Dei,
1694 1403 1819 1466 Deo
1847 1404 1930 1466 ιι.

623 1495 726 1558 84.
759 1493 1041 1576 Quisquis
1070 1513 1302 1574 regem,
1330 1502 1474 1566 etc.,
1511 1501 1581 1555 ut
1606 1492 1904 1574 pag.739.

773 1589 1038 1650 Consilii
1068 1587 1314 1650 Nisseni
1345 1604 1610 1649 canones
1639 1587 1701 1660 2,
1728 1585 1824 1661 10,
1869 1587 1962 1649 17.

627 1680 687 1742 2.
714 1681 1024 1826 4Qatsifniam
1079 1681 1286 1757 multa,
1345 1681 1437 1742 vel
1471 1686 1858 1755 necessitate,
1916 1688 2060 1757 etc.,
2122 1687 2188 1742 ut

627 1777 690 1826 να.
847 1812 861 1826 .

545 1777 690 1842 pag.
714 1777 861 1826 499.

2276 599 2516 658 καθιέναι
2562 598 2750 652 ἑαυτὸν
2796 597 2871 660 εἷς
2906 593 3166 670 δημοσίας
3219 593 3550 673 διοικήσεις,
3593 593 3712 652 ἀλλὰ
3737 622 3882 674 προσ-

2276 701 2542 765 ευκαιρεῖν
2597 699 2720 748 ταῖς
2788 683 3275 751 ἐκκλησιαστικαῖς
3350 684 3562 762 χρείαις
3600 703 3612 718 ο
3655 685 3686 752 ἢ
3724 691 3879 746 πειθέ-

2275 783 2383 836 σθω
2409 780 2500 834 οὖν
2541 779 2695 832 τούτο
2741 775 2819 851 μὴ
2869 789 3072 848 ποιεῖν,
3107 775 3143 842 ἢ
3175 773 3529 852 καθαιρείσθω
3562 789 3576 803 ⁹
3613 773 3768 840 Οὖδεὶς
3795 781 3879 858 γὰρ

2276 866 2490 925 δύναται
2533 865 2646 922 δυσὶ
2701 869 2898 944 κυρίοις
2947 863 3238 940 δουλεύειν,
3312 865 3450 920 κατὰ
3509 864 3605 930 τὴν
3651 871 3883 944 Κυριακὴν

2277 955 2695 1036 παρακέλευσιν.

2356 1045 2475 1124 πγ’.
2509 1043 2860 1116 Ἐπίσκοπος,
2907 1045 2941 1111 ἦ
2989 1041 3369 1122 πρεσϐύτερος,
3403 1043 3437 1110 ἡ
3471 1039 3722 1123 διάκονος,
3749 1067 3882 1124 στρα-

2275 1136 2390 1209 τείᾳ
2435 1133 2745 1214 σχολάζων,
2793 1135 2880 1191 καὶ
2931 1132 3256 1210 βουλόμενος
3319 1131 3598 1209 ἀμφότερα
3637 1133 3879 1213 κατέχειν,

2282 1216 2591 1301 Ῥωμαϊκὴν
2635 1223 2812 1304 ἀρχὴν
2857 1225 2945 1280 καὶ
2988 1223 3266 1300 ἱερατικὴν
3311 1221 3599 1295 διοίκησιν,
3649 1226 3883 1300 καθαιρεί-

2277 1317 2386 1370 σθω
2418 1331 2433 1345 ⁸
2479 1314 2556 1370 Τὰ
2599 1314 2700 1392 γὰρ
2747 1315 3012 1392 Καίσαρος
3063 1312 3306 1391 Καίσαρί,
3382 1311 3470 1366 καὶ
3529 1315 3589 1366 τὸ
3644 1317 3729 1367 τοῦ
3779 1320 3890 1371 Θεοῦ

2283 1407 2356 1479 τῷ
2389 1408 2533 1476 Θεῷ.

2355 1490 2464 1552 πδ’.
2498 1491 2599 1556 ⁸⁷ος
2630 1514 2709 1556 τις
2735 1489 2936 1570 ὒϐρίσει
2970 1491 3220 1568 βασιλέα,
3255 1515 3313 1551 κ.
3348 1513 3399 1554 τ.
3434 1490 3491 1552 λ.

2601 1582 2830 1640 Συνόδου
2862 1585 3084 1648 Νικαίας
3119 1585 3292 1641 κανὼν
3323 1583 3376 1661 β’
3406 1582 3446 1639 ι’
3485 1571 3580 1654 ιζ’.

2349 1677 2432 1754 β’,
2467 1675 2689 1746 Ἐπειδῆ
2718 1677 2893 1735 πολλὰ
2922 1677 3039 1745 ἤτοι
3071 1679 3175 1735 ὑπὸ
3208 1677 3475 1756 ἀνάγκης,
3507 1700 3563 1739 κ.
3597 1699 3647 1736 τ.
3681 1676 3733 1740 λ,

625 1858 726 1913 in.
763 1851 1119 1932 Quicunque
1172 1870 1244 1914 ex
1289 1849 1361 1912 iis
1391 1851 1492 1930 qui
1543 1850 1697 1930 lapsi
1746 1856 1909 1925 sunt,
1943 1857 2087 1926 etc.,
2122 1857 2184 1914 ut

2351 1857 2411 1918 ι’.
2458 1856 2618 1914 ’Ὅσοι
2662 1857 3147 1937 προεχειρίσθησαν
3207 1862 3316 1914 τῶν
3377 1855 3887 1936 παραπεπτωκότων,

539 1958 686 2022 pag.
719 1943 860 2004 547.

629 2032 728 2093 17.
762 2030 1061 2104 Quoniam
1094 2029 1262 2092 multi
1293 2031 1355 2082 45
1377 2032 1475 2111 qui
1501 2030 1563 2092 in
1587 2049 1818 2094 canone
1850 2046 2187 2092 recensen-

545 2121 844 2200 tur,plura
865 2118 1130 2182 habendi
1153 2119 1416 2181 studium
1443 2127 1500 2181 et
1517 2128 1689 2202 turpe
1715 2120 1950 2182 lucrum
1973 2137 2186 2199 perse-

543 2219 819 2291 quentes,
854 2211 1070 2271 divinae
1090 2209 1417 2290 Scriptura:
1438 2208 1609 2271 obliti
1631 2217 1792 2284 sunt,
1829 2227 1959 2289 quae
1989 2208 2132 2270 dicit
2167 2230 2179 2272 :

543 2299 886 2380 Argentum
899 2317 1082 2362 suum
1103 2316 1223 2361 non.
1246 2299 1410 2360 dedit
1430 2299 1509 2360 ad
1531 2317 1783 2360 usuram
1823 2298 1884 2347 ιϐ
1916 2318 1930 2360 :
1965 2297 2106 2360 974
2129 2305 2186 2360 et

541 2387 888 2452 fenerantes
933 2391 1292 2451 centesimas
1346 2387 1634 2467 exigunt;
1667 2407 1903 2470 aequum
1953 2391 2184 2451 censuit

543 2485 752 2539 sancta
769 2486 828 2540 et
851 2496 1060 2557 magna
1079 2477 1372 2558 synodus,
1411 2485 1472 2538 ut
1495 2477 1546 2538 si
1581 2478 2018 2558 quisinventus
2049 2477 2183 2540 fue-

543 2567 623 2628 rit
654 2574 785 2647 post
814 2574 1100 2629 statutum
1155 2585 1368 2628 usuras
1425 2585 1495 2628 ex
1551 2576 1756 2628 mutuo
1790 2585 2055 2648 sumere,
2087 2568 2181 2629 vel

545 2673 675 2718 eam
706 2674 832 2717 rem
855 2656 1027 2718 aliter
1056 2655 1463 2736 persequi,vel
1494 2655 1917 2736 sesquialteras
1949 2655 2181 2734 [sescu-

545 2745 692 2826 plas]
727 2746 991 2824 exigere,
1023 2743 1114 2807 vel
1145 2744 1372 2825 aliquid
1408 2743 1573 2806 aliud
1606 2744 1946 2823 excogitare
1993 2747 2181 2827 turpis

542 2841 806 2916 quaestus
835 2833 1046 2914 gratia,
1079 2851 1113 2895 e
1155 2833 1320 2896 clero
1356 2833 1716 2914 deponatur,
1752 2840 1812 2896 et
1841 2833 1918 2895 sit
1947 2833 2180 2897 alienus

544 2941 579 2986 ἃ
610 2942 864 2987 canone.

707 3018 963 3082 Consilii
993 3019 1314 3100 Ansyrani
1344 3035 1612 3081 canones
1651 3018 1749 3095 10,
1784 3019 1886 3094 14,
1927 3019 2014 3080 18.

626 3117 1090 3196 1Ο.Οιιίοιιιιῳιε
1113 3115 1350 3178 diaconi
1372 3114 1776 3191 constituti,in
1799 3115 1927 3196 ipsa
1951 3116 2182 3180 consti-

2273 1970 2328 2008 κ.
2365 1969 2422 2011 τ.
2457 1944 2512 2008 λ.

2353 2036 2444 2108 ιζ’,
2480 2035 2698 2105 Ἐπειδή
2729 2035 2921 2094 πολλοὶ
2952 2036 3006 2092 ἐν
3039 2043 3116 2111 τῷ
3143 2035 3333 2094 κανόνι
3369 2035 3764 2113 ἐξεταζόμενοι,
3805 2033 3890 2100 τὴν

2267 2125 2574 2191 πλεονεξίαν
2619 2129 2712 2183 καί
2741 2127 2837 2195 τὴν
2881 2123 3325 2205 αἰσχροκέρδειαν
3372 2123 3682 2200 διώκοντες,
3713 2124 3889 2179 ἐπελά-

2264 2220 2416 2274 θοντο
2460 2224 2554 2274 τοῦ
2623 2217 2763 2276 θείου
2822 2217 3140 2295 Γράμματος
3195 2214 3453 2294 λέγοντος
3489 2237 3504 2252 ο
3559 2217 3627 2273 Τὸ
3671 2214 3889 2292 ἀργύριον

2266 2308 2426 2364 αὖτοῦ
2482 2308 2578 2364 οὒκ
2633 2305 2828 2363 ἔδωκεν
2873 2307 2959 2362 ἐπὶ
2999 2306 3167 2379 τόκῳ,
3235 2307 3324 2362 καὶ
3397 2304 3721 2377 δανείζοντες
3771 2304 3889 2359 ἐκα-

2266 2397 2457 2463 τοστας
2509 2397 2845 2477 ἀπαιτοῦσιν,
2910 2395 3218 2453 ἐδικαίωσεν
3279 2399 3315 2461 ἠ
3378 2396 3505 2472 ἁγία
3554 2396 3641 2451 καὶ
3699 2392 3890 2470 μεγάλῆ

2267 2483 2500 2565 σύνοδος,
2561 2487 2635 2550 ὡς
2691 2485 2745 2541 εἴ
2801 2506 2880 2548 τις
2947 2485 3182 2562 εὑρεθείη
3250 2484 3387 2559 μετὰ
3430 2485 3525 2539 τὸν
3564 2482 3686 2561 ὅρον
3730 2487 3894 2538 τοῦτον

2264 2575 2452 2638 τόκους
2483 2571 2790 2650 λαμϐάνων,
2826 2575 2887 2631 ἐκ
2917 2573 3368 2652 μεταχειρίσεως,
3403 2573 3439 2638 ἦ
3489 2571 3668 2635 ἄλλως
3715 2591 3890 2647 μετερ-

2263 2663 2498 2744 χόμενος
2557 2666 2616 2720 τὸ
2672 2670 2926 2744 πρᾶγμα,
2970 2664 3007 2730 ἢ
3071 2661 3326 2737 ἡμιολίας
3369 2661 3714 2737 ἆπαιτῶν,ἣ
3771 2659 3894 2721 ὅλως

2261 2753 2440 2833 ἓτερόν
2483 2776 2533 2810 τι
2591 2752 2820 2810 ἐπινοῶν
2864 2756 3091 2834 αἰσχροῦ
3135 2750 3352 2830 κέρδους
3415 2751 3601 2822 ἕνεκα,
3662 2754 3894 2826 καθαιρε-

2261 2844 2481 2913 θήσεται
2509 2850 2601 2900 τοῦ
2642 2841 2866 2922 κλήρου,
2919 2844 3007 2899 καὶ
3040 2840 3321 2921 ἀλλότριος
3353 2849 3446 2899 τοῦ
3477 2845 3706 2906 κανόνος
3736 2839 3894 2896 ἔσται.

2530 3023 2756 3083 Συνόδου
2786 3024 3050 3104 ’Λγκύρας
3079 3027 3256 3083 κανὼν
3287 3023 3350 3105 ι’,
3384 3023 3474 3105 ιδ’,
3522 3025 3630 3092 ιη’.

2346 3115 2407 3178 ι’.
2436 3119 2681 3176 Διάκονοι
2715 3117 2831 3176 ὅσοι
2860 3121 3228 3193 καθίστανται,
3262 3117 3388 3198 παρ’
3422 3121 3594 3186 αὒτῂν
3627 3119 3722 3186 τὴν
3750 3137 3900 3172 κατα-

544 3207 774 3270 tutione
831 3206 1131 3268 testiﬁcati
1185 3215 1326 3267 sunt
1372 3213 1432 3267 et
1485 3206 1766 3266 dixerunt
1798 3213 2081 3286 oportere
2113 3225 2180 3269 se

2282 3231 2448 3266 ιτασιν
2498 3210 2542 3265 εἰ
2593 3208 2952 3287 ἐμαρτύραντο
3000 3211 3089 3266 καὶ
3141 3208 3346 3288 ἔφασαν
3391 3211 3601 3288 χρῆναι
3648 3206 3895 3286 γαμῆσαι,

541 3315 762 3360 uxores
783 3296 1026 3371 ducere,
1049 3314 1183 3356 cum
1219 3314 1337 3356 non
1371 3295 1602 3375 possint
1635 3295 1726 3356 sic
1761 3313 2028 3366 manere,
2054 3296 2097 3357 ii
2129 3297 2179 3358 si

539 3405 786 3451 uxorem
806 3394 1012 3466 postea
1028 3385 1456 3458 duxerint,sint
1481 3385 1542 3446 in
1569 3385 2008 3460 ministerio,eo
2020 3384 2178 3467 quod

543 3477 658 3538 hoc
688 3476 765 3538 sit
793 3476 910 3537 illis
932 3475 1005 3537 ab
1031 3475 1315 3555 episcopo
1339 3491 1719 3536 concessum.
1755 3473 1817 3536 Si
1859 3475 1958 3554 qui
1981 3485 2178 3537 autem

543 3566 660 3629 hoc
703 3566 945 3627 silentio
997 3564 1322 3645 praeterito,
1390 3573 1446 3626 et
1477 3564 1537 3624 in
1570 3563 1975 3636 ordinatione,
2013 3577 2075 3628 ut
2104 3566 2182 3626 ita

541 3663 879 3730 manerent,
912 3655 1174 3734 suscepti
1207 3661 1368 3730 sunt,
1407 3663 1612 3734 postea
1643 3663 1840 3715 autem
1867 3652 1940 3714 ad
1971 3653 2184 3715 matri-

542 3745 811 3808 monium
845 3751 1158 3816 venerunt,
1199 3743 1240 3803 ii
1273 3762 1308 3804 a
1338 3742 1657 3804 diaconatu
1689 3750 1955 3806 cessent.

625 3835 720 3896 l4.
750 3833 862 3906 Qui
893 3832 955 3894 in
986 3832 1153 3895 clero
1187 3840 1347 3908 sunt,
1382 3833 1768 3912 presbyteros
1797 3831 1885 3892 vel
1905 3832 2186 3894 diaconos

541 3941 576 3986 a
621 3921 906 3986 carnibus
934 3921 1328 3999 abstinentes,
1363 3923 1552 3982 visum
1606 3929 1698 3984 est
1728 3939 1831 3983 eas
1862 3921 2180 4002 attingere,

544 4021 603 4076 et
626 4013 740 4087 sic,
774 4021 836 4074 ut
866 4012 1072 4092 velint,
1128 4010 1202 4072 ab
1257 4011 1346 4073 eis
1382 4011 1710 4072 abstinere.
1745 4010 1806 4073 Si
1839 4019 2035 4072 autem
2074 4031 2183 4073 no-

541 4102 654 4164 lint
681 4103 866 4180 olera,
922 4119 1056 4182 quae
1111 4119 1246 4162 cum
1302 4099 1583 4162 carnibus
1639 4108 2042 4181 apponuntur,
2074 4120 2181 4163 co-

545 4192 817 4265 medere,
849 4198 908 4252 et
965 4189 1182 4251 canoni
1236 4207 1356 4250 non
1405 4190 1647 4264 cedant,
1698 4187 1772 4250 ab
1807 4189 2017 4252 ordine
2047 4209 2183 4253 ces-

545 4296 677 4342 sare
686 4327 702 4342 .

627 4373 722 4430 18.
753 4367 814 4430 Si
871 4368 976 4448 qui
1033 4367 1344 4431 constituti
1403 4367 1701 4448 episcopi,
1763 4376 2182 4452 etc.,utpag.

850 4550 1112 4616 Consilii
1145 4552 1552 4613 Clesareensis
1579 4567 1775 4614 canon
1811 4553 1866 4614 1.

626 4649 676 4710 1.
693 4644 1009 4727 Presbyter
1025 4644 1074 4706 si
1098 4662 1342 4707 uxorem
1368 4643 1855 4726 duxerit,etc.,ut
1871 4665 2015 4728 pag.
2037 4649 2177 4712 739.

621 4739 885 4805 Consilii
915 4739 1278 4802 Antiocheni
1307 4756 1569 4802 canones
1610 4747 1660 4818 t,
1694 4739 1756 4819 3,
1806 4741 1863 4815 4,
1902 4742 1964 4814 5,
2005 4745 2098 4806 t3.

623 4843 680 4898 1.
709 4832 931 4896 Omnes
964 4838 1062 4914 qui
1095 4838 1341 4908 audent,
1375 4841 1521 4906 etc.,
1555 4840 1622 4894 ut
1648 4849 1794 4912 pag.
1835 4833 1974 4898 639.

616 4927 677 4986 5.
712 4921 774 4986 Si
807 4923 940 5004 quis
997 4921 1331 5003 presbyter,
1396 4920 1490 4982 vel
1550 4919 1862 4997 diaconus,
1920 4923 2010 4984 vel
2042 4925 2180 5004 quis

537 5012 784 5077 omnino
815 5031 883 5074 ex
945 5011 1303 5074 sacerdotali
1361 5010 1575 5073 ordine
1623 5011 1831 5073 relicta
1860 5030 1964 5074 sua
1999 5033 2176 5096 paro-

2282 5015 2536 5096 ερατείου,
2569 5015 2880 5074 καταλιπὼν
2910 5018 3010 5086 τὴν
3035 5019 3226 5076 ἑαυτοῦ
3255 5021 3545 5100 παροικίαν

536 5103 696 5179 chia,
730 5111 872 5175 etc.,
907 5108 975 5163 ut
999 5119 1142 5182 pag.
1177 5101 1320 5165 658.

617 5191 759 5252 275
783 5193 845 5266 4,
881 5189 944 5252 Si
991 5191 1126 5267 quis
1167 5191 1489 5273 episcopus
1522 5207 1553 5253 ο
1583 5191 1812 5272 synodo
1842 5189 2172 5273 depositus,

535 5286 678 5356 etc.,
713 5285 783 5340 ιιι
807 5293 960 5358 pag.
993 5277 1136 5339 201.

616 5369 678 5432 5.
712 5367 772 5430 Si
804 5367 941 5446 quis
974 5366 1285 5446 presbyter
1315 5368 1407 5430 vel
1445 5366 1734 5431 diaconus
1759 5369 2004 5452 proprio
2035 5389 2177 5433 con-

2263 3298 2340 3370 μὴ
2369 3296 2650 3371 δυνάμενοι
2690 3296 2857 3359 οὕτως
2901 3296 3104 3377 μένειν,
3149 3300 3293 3354 οὗτοι
3356 3297 3496 3373 μετὰ
3527 3303 3698 3355 ταῦτα
3727 3294 3895 3372 γαμή·

2263 3408 2474 3463 σαντες,
2494 3386 2733 3444 ἔστωσαν
2753 3385 2807 3442 ἐν
2843 3393 2905 3464 τῇ
2934 3388 3194 3466 ὑπηρεσίᾳ
3224 3385 3309 3443 διὰ
3342 3390 3404 3443 τὸ
3438 3385 3799 3464 ἐπιτραπῆναι
3825 3382 3900 3438 αὖ·

2263 3489 2381 3542 τοῖς
2410 3478 2512 3533 ὑπὸ
2546 3477 2636 3533 τοῦ
2671 3477 2992 3534 ἐπισκόπου·
3025 3484 3181 3534 τοῦτο
3211 3475 3265 3532 δὲ
3289 3475 3342 3532 εἴ
3376 3497 3517 3542 τινες
3541 3475 3896 3536 σιωπήσαντες

2264 3567 2351 3622 καὶ
2394 3565 2807 3640 καταδεξάμενοι
2860 3567 2914 3623 ἐν
2972 3573 3042 3643 τῇ
3099 3567 3410 3648 χειροτονίᾳ
3466 3566 3655 3640 μένειν
3725 3563 3896 3633 οὕτως,

2265 3657 2401 3731 μετὰ
2442 3663 2608 3713 ταότα
2648 3655 2812 3723 ἦλθον
2855 3656 2942 3714 ἐπὶ
2985 3657 3183 3736 γάμον,
3218 3659 3520 3714 πεπαῦσθαι
3584 3654 3774 3716 αὖτοὺς
3817 3657 3900 3717 τῆς

2265 3742 2452 3801 διακον
2465 3747 2569 3807 ίας.

2327 3832 2435 3895 ἰδ’.
2471 3836 2604 3899 Τοὺς
2634 3835 2688 3891 ἒν
2719 3834 2901 3912 κλήρῳ
2932 3833 3315 3914 πρεσϐυτέρους
3349 3835 3506 3900 ὄντας
3541 3836 3578 3904 ἢ
3613 3834 3896 3901 διακόνους,

2268 3925 2356 3979 καὶ
2426 3923 2796 4004 ἀπεχομένους
2867 3930 3060 4005 κρεῶν,
3139 3924 3311 3991 ἔδοξεν
3370 3925 3704 4001 ἐφάπτεσθαι
3737 3941 3755 3961 ⁶
3825 3919 3903 3976 καὶ

2268 4010 2459 4090 οὕτως,
2525 4015 2568 4068 εἰ
2611 4012 2886 4090 βούλοιντο
2937 4027 3156 4090 κρατεῖν
3214 4016 3418 4072 ἑαυτῶν
3453 4031 3469 4047 ⁸
3520 4017 3566 4071 εὶ
3599 4013 3654 4070 δὲ
3687 4011 3898 4090 βδελύσ-

2267 4123 2444 4159 σοιντο
2499 4103 2574 4165 ὡς
2633 4103 2709 4178 μὴ
2751 4101 2806 4159 δὲ
2836 4105 2902 4160 τὰ
2930 4104 3066 4179 μετὰ
3106 4110 3213 4160 τῶν
3257 4111 3428 4184 κρεῶν
3475 4103 3790 4182 βαλλόμενα
3815 4099 3898 4155 λᾶ-

2267 4213 2412 4271 χανα
2468 4191 2676 4271 ἐσθίειν,
2724 4194 2812 4249 καὶ
2868 4192 2944 4269 μὴ
2997 4193 3262 4250 ὕπείκοιεν
3319 4200 3395 4269 τῷ
3439 4195 3651 4270 κανόνι,
3702 4194 3897 4250 πεπαῦ-

2269 4283 2385 4336 σθαι
2418 4282 2608 4347 αὗτοὺς
2639 4286 2739 4349 τῆς
2771 4281 2995 4348 τάξεως.

2349 4368 2449 4436 ιη’.
2490 4371 2557 4429 οἵ
2616 4393 2756 4434 τινες
2806 4371 3085 4430 ἐπίσκοποι
3121 4373 3543 4439 κατασταθέντες
3577 4373 3778 4448 καὶμὴ
3820 4367 3899 4424 δε·

2269 4459 2513 4541 χθέντες,
2550 4484 2606 4524 κ,
2639 4484 2691 4524 τ.
2726 4460 2783 4524 λ.

2641 4553 2870 4614 Συνόδου
2901 4557 3219 4635 Καισαρείας
3249 4560 3429 4616 κανὼν
3461 4559 3538 4623 α’,

2346 4647 2423 4713 α’.
2456 4647 2809 4730 Πρεσϐύτερος
2838 4649 2930 4706 ἐὰν
2957 4652 3135 4732 γήμῃ,
3171 4675 3225 4716 κ.
3262 4675 3316 4716 τ.
3349 4653 3405 4717 λ,

2404 4741 2630 4803 Συνόδου
2662 4743 2998 4824 Ἀντιοχείας
3030 4747 3208 4802 κανὼν
3237 4744 3315 4828 α’,
3347 4747 3423 4828 γ’,
3459 4746 3504 4804 δ’

2342 4835 2426 4894 α’.
2456 4837 2660 4902 Πάντας
2692 4842 2811 4902 τοῦς
2837 4836 3180 4913 τολμῶντας,
3213 4862 3270 4901 κ.
3303 4863 3354 4903 τ,
3389 4839 3440 4900 λ.

2342 4923 2416 5003 γ’.
2464 4923 2531 4983 Εἴ
2561 4948 2641 4990 τις
2671 4929 3040 5009 πρεσὲύτερος,
3072 4930 3107 4998 ἡ
3138 4927 3405 5006 διάκονος,
3441 4930 3475 4998 ἦ
3508 4930 3658 4994 ὅλως
3690 4935 3793 4986 τῶν
3815 4934 3897 4984 τοῦ

3606 5043 3666 5080 κ.
3698 5042 3750 5081 τ.
3778 5018 3824 5079 λ.

3513 4795 3529 4823 ,
3576 4747 3651 4823 ε’,
3695 4747 3791 4826 ιγ’.

2341 5193 2485 5258 δ’,Εἴ
2507 5216 2584 5262 τις
2609 5195 2897 5263 ἐπίσκοπος
2923 5198 3024 5254 ὑπὸ
3055 5197 3271 5258 συνόδου
3300 5201 3662 5279 καθαιρεθεὶς,
3692 5221 3747 5262 κ,
3772 5219 3822 5259 τ.
3848 5197 3896 5256 λ.

2340 5372 2407 5438 ε’,
2449 5372 2516 5433 Εἴ
2569 5395 2649 5439 τις
2693 5374 3049 5457 πρεσϐύτερος
3085 5380 3114 5447 ἡ
3179 5376 3446 5454 διάκονος,
3493 5379 3899 5460 καταερρονήσας

531 5464 756 5539 tempto
787 5454 1095 5536 episcopo,
1128 5457 1202 5548 ab
1223 5457 1500 5548 Ecclesia
1534 5458 1798 5540 seipsum
1832 5478 2178 5540 segregave-

2282 5473 2351 5523 τοῦ
2406 5463 2534 5522 ἰδίου
2589 5464 2908 5544 ἐπισκόπου,
2959 5454 3232 5548 ’ἀφώρισεν
3287 5468 3470 5526 ἑαυτὸν
3513 5471 3624 5537 τῆς
3660 5454 3902 5532 ’Ἒκκλη-

534 5549 639 5626 rit,
676 5556 822 5626 etc.,
854 5553 926 5608 ut
951 5563 1093 5627 pag.
1127 5546 1272 5612 583.

2261 5555 2402 5629 σίας,
2436 5577 2493 5618 κ.
2525 5576 2580 5619 τ.
2613 5553 2668 5616 λ.

613 5709 676 5762 43
703 5707 887 5774 Math.
923 5722 1005 5783 v1,
1039 5706 1142 5772 24.
1213 5708 1277 5760 44
1309 5707 1494 5771 Math.
1526 5725 1668 5785 xxu,
1702 5710 1802 5772 2|.
1873 5711 1936 5765 45
1962 5712 2170 5796 Apost.

2303 5735 2320 5794 ;
2349 5712 2536 5780 Laod.
2569 5715 2609 5777 5
2635 5735 2651 5794 ;
2674 5717 2893 5781 Leonis
2920 5717 2956 5782 5
2983 5735 2999 5797 ;
3024 5717 3224 5786 Getas.
3250 5719 3352 5784 15.
3415 5718 3478 5772 46
3501 5717 3672 5785 Psal.
3697 5734 3817 5795 xw,
3845 5715 3900 5782 5.

3931 46 3962 60 ’Ψ

4045 1846 4047 1909 4

4045 2036 4047 2101 1

4045 2229 4048 2294 Ι

4045 2422 4047 2485 1
