4134 6200
285 367 406 439 749

373 507 471 585 ιγ’.
507 505 718 577 Μηδένα
752 507 1043 564 ἐπίσκοπον
1074 507 1306 583 τολμᾷν,
1342 532 1397 568 κ.
1433 531 1484 570 τ,
1520 506 1575 568 λ,

720 595 950 656 Συνόδου
980 597 1207 677 Ἐφέσου
1237 599 1413 654 κανὼν
1443 598 1519 673 β’,

375 685 450 764 β’.
490 687 552 744 Εἴ
589 708 728 751 τινες
786 690 1128 768 ἐπαρχειῦται
1178 688 1486 759 ἐπίσκοποι,
1541 686 1934 766 ἀπελείφθησαν

292 783 394 844 τῆς
446 775 601 854 ἁγίας
663 775 902 850 συνόδου,
965 778 1059 833 καί
1091 777 1158 845 τῇ
1188 777 1487 848 ἀποστασία
1519 777 1934 854 προσετέθησαν,

293 868 330 933 ἦ
371 870 730 940 προστεθῆναι
788 869 1116 943 πειραθεῖεν,
1168 866 1203 931 ἢ
1264 865 1358 922 καί
1407 865 1812 943 ὑπογράψαντες
1869 867 1938 942 τῇ

294 957 582 1033 Νεστορίου
641 955 942 1030 καθαιρέσει
1000 952 1469 1029 ἐπαλινδρόμησαν
1525 957 1655 1023 πρὸς
1713 956 1773 1010 τὸ
1842 960 1940 1021 τῆς

295 1044 625 1105 ἀποστασίας
682 1042 971 1118 συνέδριον,
1005 1044 1221 1105 τούτους
1256 1043 1432 1110 πάντη
1493 1044 1627 1099 κατὰ
1683 1044 1744 1098 τὸ
1787 1041 1940 1108 δόξαν

296 1135 367 1209 τῇ
412 1134 536 1210 ἁγίᾳ
585 1133 808 1206 συνόδῳ,
842 1133 1156 1210 ἀλλοτρίους
1197 1133 1342 1189 εἶναι
1377 1138 1476 1201 τῆς
1519 1133 1810 1211 ἱερωσύνης
1856 1135 1942 1190 καὶ

296 1230 392 1280 τοῦ
420 1224 625 1297 βαθμοῦ
657 1223 1038 1286 ἐκπίπτοντας.

511 1311 740 1369 Συνόδου
785 1310 1125 1379 Χαλκηδόνος
1160 1313 1337 1368 κανὼν
1380 1312 1456 1388 β’,
1493 1310 1592 1386 ιη’,
1627 1312 1733 1383 κζ’,

384 1392 457 1477 β’,
503 1401 568 1458 Εἴ
599 1424 679 1466 τις
703 1403 992 1466 ἐπίσκοπος
1028 1402 1112 1458 ἐπὶ
1147 1402 1392 1481 χρήμασι
1420 1402 1758 1481 χειροτονίαν
1787 1403 1943 1471 ποιή-

301 1514 484 1569 σαιτο,
520 1515 574 1554 κ,
609 1513 661 1552 τ.
704 1495 761 1554 λ,

389 1574 493 1649 ιη’.
545 1584 613 1640 Τὸ
658 1584 758 1648 τῆς
801 1581 1138 1655 συνωμοσίας
1189 1579 1218 1646 ii
1262 1584 1484 1658 πατρίας
1533 1579 1808 1659 ἔίκλημα,
1861 1581 1948 1636 καὶ

1091 371 1508 440 SYNTAGMA
1555 365 1953 437 CANONUM.
2001 405 2078 417 —
2109 371 2266 436 TIT.
2315 363 2425 454 1x,
2470 375 2634 438 CAP.
2682 368 2853 442 XIV.

3543 375 3663 444 750

2102 507 2198 570 13.
2233 505 2448 570 Nullus
2479 508 2808 591 episcOpus
2836 511 3304 588 audeat,etc.,ut
3330 528 3485 594 pag.
3515 513 3662 577 4⁸75.

2383 598 2653 661 Concilt'i
2685 602 2981 681 Ephesim'
3008 619 3206 664 canon
3241 602 3302 666 ἓ.

2099 687 2157 748 2.
2189 687 2251 747 Si
2285 691 2384 768 qui
2413 699 2613 749 autem
2652 689 3058 768 provinciales
3087 691 3359 772 episcopi
3407 710 3439 752 a
3464 701 3671 757 sancta

2021 776 2249 858 synodo
2279 777 2680 852 abfuerint,et
2711 779 3141 842 deficientibus
3169 780 3673 857 adhzeserint,aut

2021 868 2334 929 adhaerere
2362 868 2750 941 tentaverint,
2805 869 2897 931 vel
2927 870 3108 931 etiam
3142 879 3454 951 postquam
3489 871 3674 934 subs-

2023 957 2369 1036 cripserunt
2398 957 2662 1019 Nestorii
2694 959 3086 1038 depositioni,
3121 979 3330 1022 rursus
3353 960 3429 1022 ad
3461 961 3672 1024 defec-

2026 1045 2208 1107 tionis
2240 1064 2592 1108 consessum
2637 1058 3056 1124 recurrerunt,
3091 1051 3239 1111 istos
3273 1050 3503 1130 placuit
3529 1068 3672 1113 san-

2028 1143 2136 1197 ctas
2168 1134 2395 1214 synodo
2430 1136 2669 1214 penitus
2701 1137 2936 1200 alienos
2968 1156 3103 1200 esse
3145 1138 3516 1216 sacerdotio,
3549 1147 3610 1203 et
3639 1157 3675 1202 ι

2027 1225 2216 1304 gradu
2245 1225 2566 1288 cecidisse.

2121 1314 2390 1377 Concilz‘i
2421 1315 2938 1379 Chalcedonensis
2969 1335 3228 1380 canones
3257 1318 3318 1392 2,
3353 1319 3446 1394 18,
3477 1317 3578 1382 97.

2107 1403 2166 1464 2.
2204 1402 2266 1466 Si
2296 1403 2430 1484 quis
2483 1404 2804 1486 episcopus
2829 1416 3076 1487 propter
3107 1408 3398 1488 pecunias
3422 1407 3676 1472 ordina-

2030 1491 2254 1553 tionem
2285 1493 2522 1566 fecerit,
2561 1505 2710 1574 etc.,
2745 1503 2809 1557 ut
2835 1513 2977 1577 pag.
3007 1497 3150 1560 515.

2113 1582 2210 1644 18.
2267 1581 2722 1660 Conjurationis
2775 1585 2867 1646 vel
2927 1585 3266 1648 sodalitatis
3315 1587 3548 1650 crimen
3600 1585 3676 1651 ab

303 1673 452 1749 παρὰ
502 1680 608 1728 τῶν
662 1671 763 1736 ἔξω
805 1673 983 1746 νόμων
1038 1670 1216 1736 πάντη
1275 1669 1598 1748 κεκώλυται,
1647 1668 1830 1744 πολλῷ
1883 1667 1948 1737 δὴ

2073 1673 2407 1733 xternitatis
2430 1672 2611 1735 etiam
2637 1673 2869 1752 legibus
2889 1683 2980 1736 est
3004 1676 3253 1738 omnino
3279 1677 3674 1756 prohibitum:

304 1761 512 1835 μῦλλον
571 1761 623 1817 ἐν
683 1761 752 1828 τῆ
823 1767 916 1816 τοῦ
987 1762 1118 1814 Θεοῦ
1160 1758 1458 1831 Ἐκκλησία
1517 1761 1669 1814 τοῦτο
1716 1759 1948 1837 γίνεσθαι

2073 1761 2224 1822 multo
2259 1762 2446 1841 magis
2485 1763 2600 1824 hoc
2637 1773 2835 1826 autem
2869 1770 2928 1826 in
2954 1764 3062 1828 Dei
3088 1766 3352 1828 ecciesia
3373 1768 3505 1829 ﬁeri
3537 1785 3679 1847 pro-

305 1851 663 1929 ἀπαγορεύειν
725 1851 1006 1927 προσήκει.
1073 1847 1138 1904 Εἴ
1187 1870 1327 1910 τινες
1392 1848 1560 1904 τοίνυν
1597 1847 1867 1922 κληρικοί,
1913 1849 1950 1914 ἦ

2080 1851 2245 1913 ibere
2303 1861 2562 1927 Oportet.
2620 1853 2682 1916 Si
2714 1855 2816 1936 qui
2848 1873 2990 1935 ergo
3023 1855 3234 1918 clerici
3269 1856 3360 1918 vel
3399 1857 3679 1918 monachi

305 1941 630 2015 μονάζοντες
678 1941 962 2018 εὓρεθεϊεν,
1021 1939 1056 2004 ἦ
1117 1937 1528 2012 συνομνύμενοι,
1559 1937 1594 2003 ἦ
1625 1938 1948 2016 φατριάζον-

2073 1941 2256 2003 iventi
2287 1941 2532 2020 fuerint,
2567 1944 2978 2024 sejactantes,
3014 1945 3105 2006 vel
3139 1944 3490 2007 sodalitates
3517 1963 3682 2006 com-

304 2053 417 2106 τες,
464 2031 500 2097 ἦ
543 2030 874 2092 κατασκευὰς
928 2029 1234 2104 τορεύοντες
1282 2027 1594 2091 ἐπισκόποις
1657 2028 1693 2093 ἢ
1752 2027 1947 2105 κληρι-

306 2133 458 2192 κοῖς,
485 2119 892 2177 ἐκπιπτέτωσαν
923 2118 1100 2184 πάντη
1130 2124 1222 2174 τοῦ
1254 2118 1450 2176 οἰκείου
1479 2119 1706 2193 βαθμοῦ.

385 2297 499 2370 κζ’.
532 2301 663 2362 Τοὺς
699 2299 1030 2377 ἁρπάζοντας
1079 2309 1339 2374 γυναῖκας
1371 2295 1457 2353 ἐπ’
1506 2297 1731 2373 ὀνόματι
1767 2320 1949 2355 συνοι-

302 2391 510 2462 κεσίου,
557 2389 592 2455 ἢ
625 2389 1088 2466 συμπράττοντας,
1122 2387 1156 2452 ἦ
1187 2385 1595 2464 συναιρομένους
1627 2401 1744 2453 τοϊς
1777 2387 1950 2466 ἀρπά-

301 2485 513 2557 ζουσιν,
547 2478 738 2556 ὥρισεν
770 2480 804 2546 ἡ
843 2478 966 2555 ἁγία
997 2473 1234 2546 σύνοδος,
1269 2477 1311 2531 εἰ
1353 2475 1450 2550 μὲν
1507 2475 1755 2555 κληρικοὶ
1809 2479 1948 2556 εἶεν,

307 2567 590 2624 ἐκπίπτειν
615 2576 707 2624 τοῦ
734 2566 864 2624 ἰδίου
894 2569 1118 2642 βαθμοῦ’
1164 2567 1208 2621 εἷ
1239 2563 1294 2620 δὲ
1325 2564 1530 2639 λαϊκοὶ,
1566 2569 1952 2644 αναθεματίζε-

306 2660 454 2716 σθαι.

696 2745 923 2803 Συνόδου
956 2742 1221 2824 Σαρδικῆς
1249 2744 1426 2801 κανὼν
1459 2743 1571 2808 κα’,

393 2833 700 2900 Γαυδέντιος
759 2836 1050 2898 ἐπίσκοπος
1096 2833 1223 2890 ε’ίπε
1259 2851 1274 2867 ⁶
1322 2836 1486 2890 ταῦτα
1534 2835 1600 2890 τὰ
1667 2857 1954 2914 σωτηριω-

311 2925 444 2998 δὼς,
477 2948 534 2986 κ.
567 2948 615 2985 τ.
654 2924 708 2987 λ.

400 3016 496 3073 Καὶ
540 3022 694 3072 τοῦτο
727 3012 782 3070 δὲ
815 3014 1020 3071 ἐκεῖθεν
1068 3012 1304 3088 μάλιστα
1358 3013 1630 3093 γνώριμον
1673 3015 1956 3094 γενήσεται

311 3108 406 3164 καὶ
437 3105 872 3182 πληρωθήσεται,
906 3127 961 3162 κ.
999 3128 1048 3165 τ.
1093 3102 1146 3162 λ.

313 3195 546 3254 Συνόδου
601 3195 974 3269 οἷκουμενικίς
1033 3192 1194 3260 ἕκτης
1249 3194 1425 3248 κανὼν
1485 3193 1561 3270 γ’,
1619 3192 1664 3248 δ’

876 3281 940 3362 ι’,
981 3281 1077 3356 ια’,
1111 3281 1225 3355 πζ’,
1263 3280 1411 3358 ζς’.

401 3376 526 3452 Περὶ
553 3373 737 3451 ἱερέων
768 3374 852 3428 καὶ
885 3371 1182 3450 κληρικῶν,

397 3465 475 3541 γ’.
509 3462 731 3530 Ἐπειδὴ
774 3461 828 3518 δὲ
865 3465 892 3519 ὁ
925 3458 1148 3528 εύσεϐὴς
1172 3460 1257 3515 καὶ
1290 3458 1646 3539 φιλόχριστος
1679 3461 1834 3535 ἡμῶν
1857 3461 1961 3535 βα-

321 3554 526 3627 σιλεὺς,
575 3577 630 3616 κ.
663 3577 716 3616 τ.
750 3551 806 3614 λ.

399 3643 470 3705 δ’,
507 3641 570 3700 E'l
617 3665 696 3706 τις
738 3641 1056 3719 ἐπίσκοπος,
1113 3643 1147 3710 ἥ
1210 3638 1587 3717 πρεσϐύτερος,
1629 3637 1962 3718 ἥδιάκονος,

319 3735 358 3802 ἢ
405 3730 777 3804 ὕποδιάκονος,
812 3731 847 3797 ἦ
877 3729 1238 3808 ἆναγνώςτης,
1273 3730 1308 3794 ἦ
1342 3727 1578 3804 ψάλτης,
1610 3729 1646 3794 ἦ
1703 3730 1960 3806 θυρωρὸς,

315 3824 529 3902 γυναικὶ
570 3821 911 3901 ἀφιερωμένη
980 3826 1095 3892 Θεῷ
1155 3819 1404 3898 μιχθείη,
1468 3817 1846 3896 καταιρείσθω,
1890 3819 1964 3880 ὡς

318 3915 425 3981 τὴν
489 3913 698 3991 νύμφην
741 3918 835 3968 τοῦ
879 3916 1105 3989 Χριστοῦ
1161 3905 1460 3988 διαφθείρας
1499 3925 1510 3939 ⁸
1563 3908 1606 3963 εί
1657 3905 1712 3963 δὲ
1747 3909 1962 3986 λα’ίκὸς,

318 4004 675 4083 ἀφοριζέσθω.

406 4083 476 4154 ε’.
539 4091 736 4158 Μηδεὶς
777 4093 885 4147 τῶν
959 4089 1016 4145 ἐν
1068 4091 1318 4167 ἱερατικῴ
1375 4085 1820 4165 καταλεγομένων
1865 4087 1966 4144 τά-

318 4203 514 4261 γματι,
547 4203 603 4239 κ.
635 4202 686 4242 τ.
724 4180 781 4242 λ.

403 4262 474 4329 θ’.
515 4269 710 4338 Μηδενὶ
741 4269 940 4334 ἐξεῖναι
987 4267 1230 4345 κληρικῷ
1259 4265 1565 4333 καπηλικὸν
1614 4265 1764 4346 ἔχειν
1800 4265 1966 4344 ἐργα-

1673 3243 1687 3273 :
1748 3193 1818 3273 ε’»
1886 3193 1957 3266 θ’»

2034 2037 2340 2108 parantes,
2377 2030 2466 2091 vel
2499 2031 2727 2112 aliquid
2770 2041 3080 2094 struentes
3114 2051 3183 2094 ac
3210 2031 3532 2095 molientes
3562 2031 3677 2093 ad-

2035 2137 2245 2180 versus
2275 2119 2598 2200 episcopos
2620 2139 2688 2182 ac
2719 2119 3000 2198 clericos,
3039 2120 3288 2203 proprio
3318 2120 3508 2200 gradu
3540 2139 3677 2183 om-

2034 2207 2177 2268 nino
2207 2207 2515 2269 excident.

2112 2297 2214 2360 97.
2249 2295 2365 2357 Eos
2399 2297 2499 2376 qui
2534 2300 2779 2358 nomine
2824 2297 3083 2377 conjugii
3118 2299 3408 2361 mulieres
3436 2297 3684 2380 rapiunt

2036 2385 2128 2447 vel
2161 2405 2334 2466 opem
2370 2387 2596 2460 ferunt,
2630 2405 2699 2448 ac
2731 2387 3124 2450 consentiunt
3170 2387 3245 2450 iis
3273 2387 3376 2469 qui
3408 2389 3680 2468 rapiunt,

2035 2476 2250 2538 statuit
2291 2475 2576 2556 synodus,
2640 2477 2690 2536 si
2724 2478 2846 2540 sint
2878 2477 3128 2554 quidem
3163 2477 3398 2556 clerici,
3435 2478 3683 2559 pr0prio

2035 2565 2226 2643 gradu
2277 2565 2602 2644 excidere;
2651 2567 2740 2625 sin
2800 2576 3000 2628 autem
3066 2566 3226 2641 laici,
3275 2567 3685 2630 anathemati-

2037 2675 2183 2720 zarl.

2332 2747 2600 2810 Concilii
2625 2747 3013 2810 Sardicensis
3045 2765 3247 2811 canon
3280 2748 3384 2811 21.

2118 2834 2220 2899 2t.
2254 2838 2630 2901 Gaudentius
2665 2838 2986 2918 episcopus
3017 2836 3164 2899 dixit
3201 2859 3215 2897 :
3267 2837 3407 2901 Haec
3455 2838 3680 2903 saluta-

2040 2925 2212 3002 riter,
2249 2935 2393 3002 etc.,
2427 2934 2494 2988 ut
2522 2946 2667 3006 pag.
2700 2927 2842 2988 666.

2122 3015 2310 3078 Porro
2339 3026 2537 3078 autem
2592 3017 2706 3077 hoc
2763 3034 3004 3096 quoque
3050 3016 3214 3096 illius
3261 3017 3377 3080 erit
3423 3015 3683 3081 maxime

2044 3115 2277 3179 notum,
2314 3115 2459 3178 etc.,
2494 3111 2557 3167 ut
2587 3123 2730 3186 pag.
2767 3106 2908 3167 666.

2044 3196 2184 3256 976
2216 3195 2483 3258 Consilii
2537 3196 2907 3257 wcumentci
2950 3213 3008 3257 γι
3053 3213 3314 3260 canones
3339 3198 3401 3273 3,
3433 3199 3496 3274 4,
3527 3199 3587 3277 5,
3617 3203 3684 3276 9,

2608 3285 2842 3359 10,11,
2872 3284 2974 3360 86,
3011 3285 3110 3348 97.

2126 3373 2211 3435 De
2237 3373 2602 3454 presbyteris
2626 3381 2684 3437 et
2713 3373 2979 3438 clericis.

2123 3464 2184 3525 3.
2219 3462 2511 3534 Quoniam
2543 3480 2686 3526 vero
2718 3464 2854 3544 quis
2890 3463 3024 3544 pius
3048 3466 3395 3548 Christique
3426 3472 3680 3544 amator,

2047 3557 2190 3625 etc.,
2225 3559 2294 3612 ut
2320 3570 2468 3632 pay.
2502 3551 2641 3612 5H.

2126 3643 2188 3702 4.
2222 3641 2281 3703 Si
2310 3640 2444 3720 quis
2465 3641 2525 3690 4⁷
2554 3641 2901 3722 episcopus,
2929 3643 3024 3703 vel
3057 3644 3395 3725 presbyter,
3426 3643 3521 3706 vel
3554 3643 3687 3706 dia-

2047 3747 2258 3804 conus,
2317 3730 2405 3791 vel
2438 3729 2869 3806 subdiaconus,
2906 3732 2999 3793 vel
3058 3733 3276 3812 lector,
3331 3733 3422 3795 vel
3453 3741 3686 3809 cantor,

2045 3819 2139 3881 vel
2198 3820 2509 3895 ostiarius,
2566 3839 2702 3882 cum
2764 3821 3020 3883 muliere
3051 3823 3178 3885 Deo
3223 3821 3420 3884 dicata
3447 3821 3684 3897 coierit,

2048 3907 2406 3989 deponatur,
2443 3919 2506 3971 ut
2555 3917 2654 3989 qui
2702 3910 2926 3974 Christi
2963 3929 3203 3991 sponsae
3231 3911 3438 3974 vitium
3468 3911 3689 3974 attule-

2047 3999 2163 4075 rit;
2198 3999 2290 4060 sin
2322 4008 2521 4060 autem
2555 3999 2766 4074 laicus,
2799 4010 3177 4081 segregetur.

2132 4089 2191 4152 5.
2251 4087 2460 4150 Nullus
2507 4089 2670 4152 enim
2725 4091 2828 4172 qui
2880 4091 2941 4152 in
2998 4091 3402 4168 sacerdotem,
3452 4096 3691 4168 etc.,ut

2044 4179 2369 4260 pag.219.

2129 4272 2189 4330 9.
2224 4267 2383 4332 Nulli
2424 4270 2613 4332 licere
2643 4271 2706 4320 48
2747 4269 2970 4332 clerico
3003 4269 3433 4351 cauponariam
3465 4267 3693 4332 habere

319 4362 568 4437 στήριον.
618 4362 674 4418 Ei
731 4360 832 4438 γάρ
885 4365 962 4432 τῷ
1021 4358 1245 4430 τοιούτῳ
1289 4355 1509 4411 εἰσιέναι
1573 4357 1629 4410 ἐν
1688 4353 1955 4428 καπηλείιι

2076 4355 2386 4422 abernam.
2421 4359 2481 4422 Si
2514 4360 2674 4421 enim
2708 4359 2769 4421 in
2814 4379 3147 4441 cauponam
3179 4360 3417 4439 ingredi
3451 4377 3572 4421 non
3601 4367 3693 4422 est

323 4455 423 4510 οὐκ
452 4449 860 4529 ἐπιτέτραπται,
894 4449 1048 4520 πόσῳ
1103 4445 1311 4521 μᾶλλον
1343 4443 1524 4506 ἄλλοις
1563 4443 1616 4499 ἕν
1646 4446 1817 4516 τούτῳ
1845 4441 1955 4500 δια-

2073 4447 2442 4524 iermissum,
2480 4459 2702 4529 quanto
2735 4449 2925 4529 magis
2954 4450 3092 4512 aliis
3124 4450 3185 4512 in
3219 4468 3287 4512 ea
3317 4449 3690 4524 ministrare,

323 4539 630 4614 κονεῖσθαι,
678 4539 767 4595 καὶ
818 4539 850 4593 ἃ
908 4538 986 4613 μὴ
1017 4539 1167 4602 θέμις
1200 4539 1344 4606 αύτῷ
1374 4533 1646 4612 ἐγχειρεῖν
1681 4555 1696 4609 ;
1735 4535 1791 4590 Εἰ
1821 4532 1874 4589 δέ
1919 4555 1955 4588 τι

2073 4545 2113 4598 ιι
2145 4553 2216 4598 ea
2246 4555 2375 4616 quae
2405 4557 2524 4598 non
2550 4538 2692 4599 licet
2722 4539 2839 4619 ipsi
2873 4538 3178 4601 tractare?
3209 4541 3268 4602 Si
3311 4537 3460 4618 quid
3493 4546 3693 4600 autem

323 4636 567 4690 τοιοῦτον
597 4627 963 4707 διαπράξαιτο,
998 4626 1034 4692 ἥ
1065 4625 1378 4694 παυσάσθω,
1410 4624 1444 4689 ἢ
1477 4623 1843 4701 καθαιρείσθω.

413 4719 476 4783 ι’,
538 4716 888 4790 Ἐπίσκοπος,
950 4716 986 4784 ἢ
1043 4712 1422 4793 πρεσϐύτερος,
1488 4709 1830 4786 ἧδιάκονος,
1876 4711 1969 4768 τό·

326 4831 455 4872 κους
494 4809 531 4875 ἣ
573 4809 665 4873 τὰς
718 4805 1014 4885 λεγομένας
1046 4805 1338 4866 ἐκατοστὰς
1390 4799 1704 4877 λαμϐάνων,
1758 4801 1970 4857 παυσά-

329 4904 443 4958 σθω
470 4899 507 4965 ἧ
539 4898 914 4977 καθαιρείσθω.

417 4978 518 5051 ια’.
581 4986 777 5055 Μηδεὶς
821 4989 926 5043 τῶ)
969 4984 1022 5042 ἐν
1081 4985 1332 5064 ἱερατικῷ
1381 4981 1826 5061 καταλεγομένων
1870 4983 1972 5038 τά-

331 5079 570 5160 γματι,ἦ
599 5076 791 5141 λα’ίκὸς
824 5077 890 5132 τὰ
919 5075 1064 5154 παρὰ
1093 5081 1199 5131 τῶν
1232 5071 1498 5131 Ἰουδαίων
1525 5069 1694 5147 ἄζυμα
1728 5072 1969 5146 ἐσθιέτω,

330 5171 368 5238 ἤ
399 5169 603 5230 τούτοις
638 5167 1109 5246 προσοικειούσθω,
1146 5163 1180 5231 ἤ
1210 5163 1266 5220 ἐν
1317 5163 1495 5226 νόσοις
1543 5161 1972 5241 προσκαλείσθω,

332 5262 427 5320 καὶ
480 5258 711 5334 ἰατρείας
777 5255 902 5333 παρ’
961 5255 1135 5312 αὒτῶν
1196 5251 1538 5328 λαμϐανέτω,
1601 5250 1636 5318 ἤ
1693 5251 1746 5308 ἐν
1799 5251 1974 5327 βαλα-

1995 4607 2036 4656 D
2057 4625 2172 4688 tale
2201 4607 2436 4702 fecerit,
2464 4628 2558 4690 vel
2591 4607 2812 4703 cesset,
2848 4632 2943 4692 vel
2976 4607 3340 4710 deponatur:

2135 4716 2234 4779 10.
2270 4714 2600 4797 Episcopus
2629 4718 2712 4793 49,
2749 4718 3085 4798 presbyter,
3119 4719 3210 4779 vel
3242 4717 3556 4793 diaconus,
3592 4713 3696 4794 qui

2052 4821 2291 4884 usuras,
2325 4805 2413 4866 vel
2448 4825 2580 4886 quae
2610 4806 2892 4867 dicuntur
2935 4804 3298 4868 centesimas
3327 4803 3566 4884 accipit,
3601 4800 3695 4862 vel

2056 4902 2275 4968 cesset,
2311 4895 2400 4956 vel
2435 4895 2793 4976 deponatur.

2142 4989 2235 5042 11.
2270 4981 2458 5046 Nemo
2486 5003 2694 5047 eorum
2725 4985 2788 5036 50
2835 4984 2939 5066 qui
2991 4983 3049 5045 in
3083 4981 3447 5045 sacerdotali
3477 4979 3696 5044 ordine

2057 5074 2611 5148 enumerantur,vel
2645 5073 2858 5148 laicus,
2887 5073 3234 5135 Judaaorum
3259 5088 3462 5152 azyma
3489 5087 3698 5133 come-

2057 5161 2281 5236 dat,vel
2312 5163 2491 5224 ullam
2524 5183 2659 5225 cum
2687 5171 2776 5225 eis
2807 5161 3276 5224 familiaritatem
3304 5161 3487 5235 ineat,
3509 5159 3601 5222 vel
3632 5159 3696 5222 in

2062 5249 2289 5311 morbis
2321 5252 2710 5326 accersat,vel
2744 5249 2817 5313 ab
2850 5251 2939 5312 eis
2965 5250 3295 5313 medicinas
3323 5248 3699 5331 accipiat,vel

336 5349 496 5410 νείοις
555 5347 764 5411 τούτοις
795 5344 1075 5408 παντελῶς
1102 5341 1438 5400 συλλουέσθω
1472 5358 1486 5372 ⁶
1521 5342 1566 5398 εἰ
1597 5339 1652 5397 δέ
1695 5363 1776 5404 τις
1821 5347 1955 5397 τοῡτ‹

2073 5357 2182 5402 una
2213 5358 2349 5401 cum
2386 5341 2474 5402 eis
2495 5340 2556 5400 in
2587 5339 2820 5402 balneis
2844 5337 3163 5405 lavetur.Si
3189 5339 3324 5421 quis
3353 5346 3550 5402 autem
3585 5338 3698 5399 hoc

335 5437 530 5518 πρᾶξαι
591 5435 922 5516 ἐπιχειροίη,
975 5435 1018 5490 εἷ
1070 5433 1167 5509 μὲν
1226 5431 1483 5512 κληρικὸς
1543 5430 1657 5507 εἵη,
1706 5434 1955 5507 καθαιρείι

2073 5429 2262 5490 l'acere
2321 5447 2639 5509 aggressus
2688 5429 2896 5510 fuerit,
2945 5429 2998 5491 si
3027 5429 3106 5491 sit
3136 5428 3378 5510 quidem
3409 5427 3694 5503 clericus,

339 5533 452 5588 σθω
485 5543 500 5559 ⁶
537 5529 581 5583 εἰ
611 5525 665 5582 δὲ
687 5525 903 5599 λα’ίκὺς,
948 5523 1297 5604 ἀφοριζέσθω,

427 5651 489 5704 *⁷
521 5651 741 5716 Confer
799 5667 932 5714 can.
996 5657 1190 5728 apost.
1249 5647 1352 5711 28.
1439 5645 1673 5710 “Cen.
1735 5651 1929 5728 apost.
1983 5646 2082 5722 51,
2115 5646 2236 5726 42;
2294 5645 2665 5712 Laodic.24.

342 5739 543 5820 apost.
579 5732 656 5799 69
690 5752 706 5815 ;
738 5729 985 5795 Laodic.
1015 5728 1118 5810 37,
1149 5728 1250 5794 38.

2062 5519 2400 5600 deponetur
2429 5537 2443 5579 :
2479 5521 2528 5580 si
2559 5527 2759 5582 autem
2793 5519 3004 5602 laicus,
3039 5526 3410 5600 segregetur.

2755 5647 2818 5700 49
2847 5648 2994 5714 Can.
3057 5653 3246 5730 apost,
3280 5645 3382 5711 43.
3464 5643 3528 5698 50
3557 5641 3700 5713 Can.
