4134 6200
3192 44 3209 59 ι

3520 68 3531 79 1

3330 88 3337 101 ι
3496 88 3503 93 υ
3526 80 3545 91 ‘
3620 84 3649 97 ι.
3706 80 3741 95 ι·

3402 110 3411 119 ς
3502 108 3511 115 ρ

3560 214 3569 221 ι

517 426 628 500 751
1707 424 1975 495 PHOTII
2020 420 2537 495 PATRIARCHE
2578 420 2690 489 GP.
3710 424 3807 501 752

598 572 737 633 277
765 573 865 638 86.
914 571 1033 633 Eos
1083 566 1187 648 qui
1241 568 1312 632 ad
1348 568 1680 631 animarum
1715 568 1918 649 lapsus
1946 586 2145 631 mere-

2316 562 2462 638 πς¹’,
2518 563 2643 626 Τοὺς
2684 560 2770 617 ἐπὶ
2814 560 3008 639 ψυχῶν
3044 559 3236 616 ὀλίσθω
3280 559 3473 635 πόρνας
3515 560 3812 642 intravi-{ov-

518 663 702 725 trices
733 670 955 741 cogunt
984 670 1042 723 et
1062 661 1252 735 alunt,
1287 659 1338 721 si
1364 658 1483 721 sint
1515 658 1755 740 quidem
1780 648 2014 731 Clerici,
2044 659 2145 738 ju-

2234 676 2354 725 τας,
2386 654 2477 709 καὶ
2507 651 2886 728 ἐκτρέφοντας,
2947 651 2994 705 εἰ
3039 649 3138 723 μὲν
3193 648 3442 727 κληρικοὶ
3482 651 3608 726 εἶεν,
3647 659 3813 711 καθκιυ

514 751 730 815 bemus
759 738 983 833 deponi
1016 769 1029 814 :
1065 751 1116 813 si
1146 768 1287 813 vero
1320 750 1478 827 laici,
1514 738 1844 828 segregari.

2235 749 2442 822 ρεῐσθαι
2475 742 2717 819 ὁρίζομεν
2754 759 2767 775 ·
2803 741 2848 795 εἰ
2878 739 2934 796 δὲ
2966 738 3181 808 λα’ίκοὶ,
3216 738 3563 817 ἀφορίζεσθαι,

456 874 457 877 η
596 841 699 906 97.
732 829 858 904 Eos
908 841 1011 923 qui
1059 840 1153 904 vel
1214 859 1350 903 cum
1411 857 1596 902 uxore
1627 838 1876 914 coitant,
1907 845 2053 911 etc.,
2088 848 2145 899 ut

2317 831 2430 908 4ζ’.
2467 831 2599 893 τοὺς
2632 829 2667 896 ἢ
2696 836 2910 909 γαμετῇ
2944 833 3347 907 συνοικοῦντας,
3379 851 3433 887 κ.
3465 850 3513 892 τ,
3544 829 3593 889 λ.

557 949 653 995 ac.
684 929 824 995 630.

511 950 915 1085 ραὲὶλῗυῖὶν.
950 1056 1029 1066 -
1061 1022 1224 1096 Quas
1254 1021 1325 1083 ob
1359 1036 1577 1082 causas
1609 1018 1921 1099 quispiam
1953 1033 2145 1096 aegre

2318 1015 2569 1073 ΚΕΦᾹΔ,
2617 1008 2703 1067 lE'
2749 1043 2829 1054 —
2864 1007 2963 1066 Ἐκ
3008 1008 3175 1065 ποίων
3216 1008 3294 1074 τίς
3351 1008 3523 1064 αἰτίων
3553 1008 3610 1065 ἐκ
3636 1015 3728 1066 τῶν
3746 1014 3820 1069 αὖ·

509 1116 688 1192 getur
721 1109 910 1173 simul
941 1118 998 1173 et
1026 1110 1392 1191 deponatur,
1418 1108 1516 1171 vel
1544 1097 1884 1187 deponatur
1914 1112 1971 1169 et
1993 1123 2145 1168 com-

2234 1107 2313 1174 τῷ
2369 1100 2676 1180 ἀφορίζεται
2731 1100 2820 1155 καὶ
2863 1102 3227 1176 κιθαιρεϊται,
3274 1097 3311 1166 ἢ
3371 1101 3689 1166 καθαιρεϊται
3744 1101 3821 1156 ni

511 1185 804 1263 munione
831 1208 937 1263 aut
974 1185 1246 1263 Ecclesia
1278 1185 1732 1261 abscindatur?

2234 1194 2335 1257 τῆς
2368 1189 2647 1253 κοινωνίας
2679 1188 2716 1255 ἦ
2750 1190 2836 1245 καὶ
2866 1192 2966 1254 τῆς
2995 1185 3328 1253 Ἐκκλησίας
3362 1186 3684 1247 ἐκκόπτεται.

696 1293 1136 1374 Apostolorum
1167 1310 1431 1355 canones
1458 1292 1560 1367 28,
1593 1291 1692 1359 29.
1728 1288 1826 1365 30,
1861 1289 1958 1352 65.

588 1386 672 1450 28
703 1385 865 1467 [27].
898 1386 960 1450 Si
992 1388 1127 1468 quis
1158 1392 1505 1466 episcopus,
1557 1383 1648 1445 vel
1685 1382 2017 1462 presbyter,
2053 1381 2145 1443 vel

510 1476 821 1549 diaconus,
846 1475 1012 1556 juste
1060 1474 1135 1536 ob
1170 1474 1487 1536 manifesta
1517 1473 1779 1534 crimina
1808 1475 2139 1548 depositus,

510 1565 629 1629 sibi
686 1563 1009 1645 aliquando
1066 1563 1363 1626 creditum
1417 1560 1819 1623 ministerium
1851 1560 2144 1638 attingere

512 1654 748 1731 audeat,
781 1656 855 1717 ab
885 1652 1162 1716 Ecclesia
1191 1650 1438 1715 omnino
1469 1648 1880 1713 abscindatur.

2499 1281 2849 1339 ’Δποστόλων
2879 1282 3056 1337 κανὼν
3086 1279 3204 1360 κη’,
3243 1280 3345 1355 κθ’,
3380 1279 3454 1355 λ’,
3487 1277 3577 1346 Es’.

2311 1379 2433 1444 κη’,
2482 1376 2550 1435 Εἴ
2590 1399 2674 1440 τις
2716 1376 3035 1455 ἒπίσκοπος,
3085 1374 3121 1443 ἢ
3166 1372 3609 1453 πρεσϐύτερος,ἢ
3660 1374 3826 1432 διάκο-

2232 1490 2317 1531 νος
2347 1464 2685 1544 καθαιρεθεὶς
2716 1463 2932 1527 δικαίως
2967 1466 3053 1521 ἐπὶ
3082 1464 3393 1543 ἐγκλήμασι
3425 1479 3686 1545 φανεροῖς,
3717 1465 3829 1522 τολ-

2233 1559 2458 1633 μήσειεν
2486 1554 2719 1631 ἅψασθαι
2751 1555 2846 1622 τῆς
2903 1558 3034 1610 ποτε
3077 1553 3506 1633 ἐγχειρισθείσης
3538 1555 3670 1628 αὗτῷ
3698 1553 3829 1610 λειτ-

2233 1647 2468 1724 ουργίας,
2515 1644 2667 1709 οὗτος
2715 1643 3051 1702 παντάπασιν
3115 1641 3457 1699 ἒκκοπτέσθω
3511 1647 3605 1710 τῆς
3647 1640 3832 1710 Ἐκλη-

2231 1736 2373 1799 σίας.

591 1832 669 1894 29
698 1832 836 1915 [28]
885 1832 951 1896 Si
1006 1832 1138 1913 quis
1170 1831 1490 1913 episcopus
1514 1847 1623 1909 per
1655 1826 1965 1910 pecunias,
2001 1835 2145 1905 etc.,

2309 1826 2416 1889 κθ’.
2454 1824 2520 1883 Εἴ
2559 1848 2640 1891 τις
2684 1824 2975 1886 ἐπίσκοπος
3008 1820 3093 1878 διὰ
3121 1824 3455 1903 χρημάτων,
3486 1845 3539 1885 κ.
3571 1844 3620 1881 τ.
3651 1820 3701 1886 λ,

513 1929 581 1985 ut
603 1941 751 2002 pag.
784 1924 925 1985 515.
1214 2000 1221 2002 A
1742 2000 1770 2002 η
2169 1933 2205 1983 8

630 2000 848 2082 0129].
880 2003 943 2067 Si
972 2002 1105 2085 quis
1130 2000 1450 2083 episcopus
1481 2000 1871 2067 smeularibus
1924 2004 2146 2088 princi-

513 2092 717 2175 pibus,
752 2100 895 2171 etc.,
928 2102 994 2155 ut
1017 2110 1160 2174 pag.
1193 2092 1332 2153 511.

587 2185 666 2245 65
697 2182 838 2263 [63].
872 2183 935 2247 Si
981 2182 1120 2259 quis
1173 2181 1432 2243 clericus
1461 2182 1555 2243 vel
1587 2181 1774 2245 laicus
1806 2184 1864 2247 in
1896 2185 2142 2247 ,Ιοάωο-

2307 2182 2409 2249 ξε¹.
2447 2183 2513 2240 E’t'
2556 2204 2638 2246 τις
2697 2180 2953 2259 κληρικὸς
3011 2180 3048 2247 ἦ
3092 2179 3288 2243 λα’ίκδς
3353 2178 3579 2236 εἰσέλθοι
3612 2180 3683 2243 είς
3724 2203 3833 2238 σον-

504 2292 639 2337 rum
668 2275 760 2334 vel
793 2274 1215 2335 haereticorum
1248 2290 1603 2350 synagogam
1639 2276 1944 2353 ingressus
1967 2274 2046 2336 sit
2070 2274 2143 2336 ad

2234 2273 2450 2350 αγωγὴν
2481 2270 2748 2329 Ἰουδαίων
2798 2274 2833 2339 ἢ
2885 2272 3169 2350 αἱρετικῶν
3212 2269 3623 2348 προσεύξασθαι,
3664 2273 3836 2326 καθαι-

505 2363 823 2438 orandum,
859 2362 1197 2443 deponatur
1226 2370 1285 2424 et
1309 2369 1677 2441 segregetur.

2234 2364 2418 2436 ρείσθω
2460 2361 2559 2418 καί
2585 2360 2937 2442 ἀφοριζέσθω,

588 2454 759 2517 CAP.
795 2451 956 2517 XVI.
1003 2487 1075 2500 —
1113 2452 1276 2527 Quas
1326 2453 1399 2513 ob
1456 2469 1680 2515 causas
1737 2451 1996 2517 clericus
2050 2452 2145 2517 vel

2311 2456 2563 2513 ΚΕΦΑΛ.
2616 2448 2740 2524 ις’.
2775 2484 2854 2495 -
2898 2450 2994 2507 Ἐκ
3036 2448 3203 2508 ποίων
3264 2449 3454 2506 αἰτιῶν
3514 2450 3756 2528 κληρικὸς
3807 2448 3837 2518 ἢ

509 2542 711 2606 laicus
739 2541 1321 2603 anathematizetur.

2234 2542 2417 2606 λα’ίκὸς
2447 2540 2912 2616 ἀναθεματίζεται,

807 2634 1076 2697 Concilii
1106 2633 1488 2712 Gangrensts
1514 2650 1711 2695 canon
1740 2635 1841 2697 20.

2633 2633 2862 2692 Συνὸδου
2893 2634 3138 2713 Γάγγρας
3170 2635 3348 2691 κανὼν
3371 2634 3452 2696 κ’.

586 2735 685 2791 20.
721 2727 782 2792 Si
813 2727 947 2807 quis
976 2726 1316 2805 arrogantia
1354 2734 1529 2787 utens
1565 2736 1623 2787 et
1647 2739 1971 2808 martyrum
2001 2748 2141 2791 con-

2309 2729 2373 2786 Εἴ
2446 2751 2529 2791 τις
2589 2731 2807 2802 αἰτιῷτο
2883 2729 3209 2809 ὑπερηφάνῳ
3284 2725 3520 2784 διαθέσει
3576 2726 3838 2807 κεχρημὲ-

506 2819 910 2900 gregationes,
939 2816 1079 2877 278
1129 2813 1467 2876 abhorrens
1506 2827 1563 2877 et
1596 2834 1766 2878 sacra
1790 2836 1924 2898 qua;
1956 2818 2015 2879 in
2048 2819 2138 2880 eis

2234 2842 2336 2890 νος,
2371 2818 2467 2874 καῖ
2494 2816 2923 2895 βδελυσσόμενος
2974 2819 3070 2884 τὰς
3114 2815 3355 2883 συνάξεις
3402 2824 3512 2874 τῶν
3559 2819 3839 2896 μαρτύρων,

503 2909 974 2981 celebrantur,et
999 2924 1208 2968 eorum
1242 2905 1566 2968 memorias
1598 2917 1863 2983 accuset,
1898 2910 1977 2969 sit
2000 2927 2138 2971 ana-

2234 2910 2378 2977 ἣτᾰς
2416 2907 2469 2964 ἐν
2501 2908 2693 2973 αὒταϊς
2724 2908 3013 2986 γινομένας
3052 2906 3387 2986 λειτουργίας
3446 2910 3536 2964 καὶ
3578 2908 3669 2970 τὰς
3711 2908 3840 2982 pmi-

500 3001 729 3063 thema.

2234 3021 2323 3062 ,ιχς
2356 3000 2554 3072 αὐτῶν,
2587 2999 2824 3074 ἀνάθεμα
2856 2997 3015 3061 ἔστω,

692 3093 954 3157 Concilii
986 3088 1491 3152 Chalcedonensis
1521 3106 1777 3150 canones
1802 3089 1860 3165 2,
1892 3092 1954 3152 7.

2526 3091 2756 3148 Συνόδου
2788 3089 3133 3159 Χαλκηδόνος
3162 3090 3338 3147 κανὼν
3366 3091 3450 3171 β’,
3482 3089 3554 3163 ζ’.

582 3189 643 3250 2.
676 3182 737 3249 Si
763 3190 896 3266 quis
927 3182 1246 3263 episcOpus
1291 3187 1540 3261 propter
1572 3181 1857 3262 pecunias
1887 3182 2132 3245 ordina-

2296 3185 2372 3261 β’.
2407 3184 2474 3243 Εἴ
2504 3207 2583 3249 τις
2614 3185 2905 3250 ἐπίσκοπος
2936 3184 3021 3243 ἐπὶ
3049 3186 3298 3264 χρήμασι
3333 3184 3675 3264 χειροτονίαν
3704 3183 3844 3253 ποιή-

503 3276 699 3339 tiones
724 3275 956 3342 fecerit,
995 3281 1137 3347 etc.,
1173 3278 1242 3331 ut
1265 3287 1412 3350 pag.
1446 3269 1584 3333 515.

2234 3297 2401 3350 ταιτο,
2435 3298 2492 3337 κ.
2526 3298 2577 3338 τ,
2613 3273 2668 3338 λ,

588 3369 648 3425 7.
683 3361 798 3424 Eos
824 3360 928 3442 qui
959 3360 1019 3422 in
1051 3357 1215 3421 clero
1246 3358 1436 3419 semel
1459 3357 1719 3419 ordinati
1748 3367 1908 3434 sunt,
1944 3368 2002 3421 et
2035 3361 2136 3420 iti-

2298 3364 2366 3436 ζ’.
2400 3366 2532 3430 Τοὺς
2586 3363 2723 3430 ἅπαξ
2783 3364 2837 3421 ἐν
2888 3364 3075 3442 κλήρῳ
3117 3365 3511 3444 τεταγμένους,
3542 3368 3580 3437 ἢ
3624 3368 3710 3425 καὶ
3750 3388 3841 3437 μ)-

506 3453 644 3517 dem
677 3451 1028 3528 monachos,
1060 3447 1384 3520 statuimus
1425 3466 1536 3509 nec
1566 3446 1638 3509 ad
1674 3448 1993 3512 militarem
2027 3469 2135 3512 ex-

2234 3454 2440 3527 οαστᾶς,
2472 3453 2740 3531 ὡρίσαμεν
2776 3455 2914 3530 μήτε
2944 3453 3039 3511 ἐπὶ
3092 3457 3374 3532 στρατείαν
3416 3459 3565 3533 μήτε
3604 3457 3687 3514 ἐπὶ
3716 3455 3843 3520 ἀξίαι

499 3541 894 3624 peditionem,
943 3557 1055 3600 nec
1083 3537 1154 3599 ad
1186 3535 1535 3598 smeularem
1571 3536 1925 3617 dignitatem
1962 3557 2136 3619 posse

2234 3544 2489 3618 ιοσμικὴν
2515 3542 2767 3623 ἔρχεσθαι
2803 3548 2818 3574 ‘
2852 3544 2887 3611 ἢ
2920 3546 3075 3601 τοῦτο
3103 3542 3423 3618 τολμῶντας
3463 3548 3552 3603 καὶ
3584 3548 3663 3622 μὴ
3692 3565 3846 3622 μετα-

502 3632 735 3695 venire.
766 3629 879 3702 Qui
925 3637 1123 3690 autem
1162 3627 1274 3689 hoc
1306 3626 1555 3707 audent,
1589 3636 1648 3688 et
1679 3647 1795 3689 non
1832 3630 2133 3708 pamiten-

2234 3632 2607 3713 λελουμένους,
2639 3632 2779 3690 ὥστε
2822 3632 3141 3710 ἐπιστρέψαι
3198 3632 3476 3694 ἐπὶτοῦτο
3529 3637 3558 3692 ὃ
3604 3634 3688 3693 διὰ
3730 3635 3844 3691 Θεὸν

501 3720 585 3783 tia
616 3719 779 3782 ducti
809 3718 881 3780 ad
912 3716 971 3778 id
1006 3722 1417 3789 revertuntur,
1448 3715 1608 3797 quod
1655 3725 1901 3799 propter
1944 3720 2133 3781 Deum

2234 3723 2477 3802 πρότερον
2508 3720 2746 3799 ε’ίλοντο,
2778 3722 3279 3799 ἆναθεματὶζεσθαι.

502 3808 675 3893 prius
704 3807 1034 3888 elegerant,
1070 3805 1582 3868 anathematizari.

492 3902 719 3968 Basilii
745 3919 823 3966 ea:
850 3899 1103 3981 epistola
1152 3900 1231 3961 ad
1283 3897 1640 3978 Gregorium
1675 3900 2131 3980 presbyterum.

2305 2003 2382 2066 λ’,
2417 2003 2485 2063 Ε⁹ί
2513 2026 2593 2068 τις
2621 2004 2910 2068 ἐπίσκοπος
2943 2014 3233 2079 κοσμικοτς
3266 2001 3518 2083 ἄρχουσι,
3555 2024 3606 2065 ιι,
3634 2024 3685 2065 τ,
3713 2000 3762 2061 λ.

2220 3904 2502 3963 Βασιλείο.)
2587 3906 2650 3963 ἐκ
2719 3910 2819 3974 τῆς
2909 3906 3079 3988 πρὸς,
3112 3908 3415 3987 Γρηγόριον
3505 3906 3845 3988 πρεσϐύτερον

2870 3984 3189 4053 επιστολῆς.

2300 4078 2590 4161 Ἐνέτυχόν
2632 4102 2727 4138 σου
2770 4092 2890 4145 τοῖς
2934 4080 3215 4159 γράμμασι
3259 4081 3401 4158 μετᾶ
3434 4084 3622 4152 πάσης
3652 4102 3846 4160 μακρο-

2214 4171 2435 4247 θυμίας,
2467 4192 2525 4229 κ.
2556 4192 2609 4229 τ.
2639 4168 2695 4232 λ.

2498 4260 2726 4323 Συνύδου
2754 4267 2854 4331 τῆς
2888 4264 3131 4330 ἑνώσεως
3163 4266 3339 4322 κανὼν
3371 4265 3447 4342 ι’,
3480 4267 3592 4341 ς’.

579 4085 722 4166 Legi
746 4088 881 4148 tiias
902 4083 1135 4146 litteras
1165 4100 1300 4144 cum
1333 4079 1499 4143 omni
1539 4081 1850 4163 patientia,
1886 4094 2033 4162 etc.,
2068 4092 2137 4147 ut

497 4193 649 4257 pag.
686 4172 830 4238 687.

820 4262 1052 4340 Sunodi
1080 4262 1328 4325 uniom‘s
1358 4278 1622 4324 canones
1652 4265 1712 4343 5,
1747 4264 1803 4324 6.

579 4360 641 4420 5.
671 4355 785 4430 Qui
822 4354 1149 4418 Ecclesiam
1178 4365 1443 4416 sanctam
1495 4356 1940 4421 calumniantur
1970 4359 2131 4440 quod

2295 4357 2362 4417 ε’.
2396 4368 2524 4423 Τοῖς
2572 4364 2958 4435 συκοφαντοῦσι
3001 4359 3100 4425 τὴν
3145 4360 3303 4437 ἁγίαν
3359 4358 3721 4435 Ἐκκλησίαν,
3780 4356 3851 4414 ὅτι

490 4455 745 4531 quartas
775 4444 1017 4525 nuptias
1058 4442 1429 4523 permiserit,
1471 4444 1673 4506 divina
1705 4447 1817 4508 hoc
1845 4447 1924 4509 ita
1956 4450 2132 4510 insti-

2234 4449 2577 4525 εετραγαμίαν
2606 4446 2841 4527 ἐδέξατο,
2875 4449 3040 4527 χάριν
3098 4453 3198 4516 τῆς
3250 4446 3466 4522 εὐδοκία
3525 4456 3664 4507 Θεοῦ
3704 4468 3848 4526 γενο-

496 4541 705 4596 tuente
763 4533 1102 4615 prudentia,
1162 4552 1296 4615 quae
1351 4533 1565 4596 fratres
1621 4536 1873 4598 adunari
1948 4538 2133 4599 voluit

2234 4538 2387 4603 ιὲνης
2420 4537 2751 4611 οἰκονομίας,
2786 4538 2873 4595 καὶ
2919 4542 3019 4605 τῆς
3064 4536 3433 4615 προσλήψεως
3488 4542 3583 4596 καὶ
3627 4539 3853 4599 ἐνώσεως

495 4623 920 4687 scandalorum
965 4624 1226 4704 pessimo
1279 4625 1556 4704 exemplo
1587 4634 1765 4689 antea
1794 4640 2127 4709 separatos,

2234 4631 2318 4681 τῶν
2362 4624 2606 4706 ἀδελφῶν
2635 4628 2817 4701 ἡμῶν,
2851 4628 2941 4689 οὓς
2984 4628 3020 4695 ἡ
3061 4631 3167 4684 τῶν
3211 4626 3609 4700 προλαϐόντων
3643 4625 3852 4686 σκανδά-

491 4714 814 4776 anathema
842 4714 937 4776 sit.

2234 4739 2321 4774 .wv
2353 4716 2512 4778 αἰτία.
2547 4715 2831 4795 ἐχώριζεν,
2867 4713 3128 4793 ἀνάθεμα,

572 4804 633 4865 6.
667 4801 780 4876 Qui
830 4819 1103 4865 asserere
1133 4813 1503 4883 przesumunt
1534 4803 1692 4885 quod
1722 4803 1993 4867 Ecclesia
2024 4824 2128 4887 pu-

2288 4804 2394 4878 ς’.
2445 4814 2575 4869 Τοῖς
2607 4805 2848 4881 τολμῶσι
2893 4805 3098 4886 λέγειν,
3144 4806 3227 4863 ὅτι
3257 4808 3292 4875 ἡ
3325 4806 3638 4876 Ἐκκλησία
3668 4811 3729 4866 τὸ
3757 4828 3851 4862 κα-

489 4893 730 4955 ritatem
786 4901 846 4955 et
898 4892 1236 4954 castitatem
1295 4892 1880 4975 sanctimoniamque
1931 4896 2128 4959 minus

2234 4897 2365 4973 apbv
2422 4893 2516 4951 καί
2559 4893 2827 4975 ἄχραντον
2878 4896 2938 4953 οὗ
2984 4897 3143 4966 σώζει
3196 4896 3293 4964 τῆς
3335 4897 3630 4974 ἁγιστείας
3678 4897 3854 4974 αὐτῆς,

487 4989 712 5059 servet,
761 4981 885 5044 imo
941 4980 1125 5062 prolis
1178 4982 1450 5044 fovendae
1502 5000 1680 5044 causa
1709 4983 1913 5061 gratia;
1943 5002 1976 5045 a
2005 4984 2126 5046 Deo

2234 4982 2349 5040 ιλλὰ
2398 4985 2676 5060 μολυσμόν
2731 5007 2851 5042 τινα
2919 4986 3317 5065 προσετρίψατο
3360 4985 3451 5043 διὰ
3516 4988 3623 5055 τὴν
3680 4988 3853 5067 χάριτι

488 5071 643 5133 (ἰδίω
698 5071 991 5132 maculam
1047 5072 1378 5151 asperserit
1426 5072 1635 5133 liberis
1666 5071 1742 5133 ob
1775 5071 2127 5137 scandalum

2234 5082 2347 5132 ὶεοῦ
2388 5075 2689 5153 γενομένην
2733 5077 2958 5153 σύναψιν
3012 5082 3119 5134 τῶν
3168 5076 3394 5148 τέκνων,
3443 5076 3542 5144 οὓς
3595 5077 3854 5157 διεμέρισε

488 5159 723 5237 divisis,
755 5178 908 5242 quos
935 5168 1141 5242 postea
1185 5158 1588 5241 conjunxerit,
1621 5161 1943 5224 anathema
1973 5171 2121 5226 esto.

2234 5165 2306 5222 ιὲν
2360 5166 2423 5223 τὸ
2466 5163 2568 5233 ἤδη
2599 5168 2928 5245 προγεγονὸς
2956 5164 3281 5244 σκάνδαλον,
3315 5173 3533 5244 συνῆψε
3565 5168 3624 5225 δὲ
3652 5171 3688 5236 ἡ
3732 5165 3853 5225 τοῦ-

2208 5277 2300 5313 του
2354 5255 2500 5334 παρὰ
2556 5256 2775 5315 πάντων
2835 5258 2970 5333 ὁμοῦ
3034 5255 3288 5325 ἀθέτησις
3348 5259 3440 5314 καὶ
3504 5257 3853 5338 ἆποκήρυξις,

2202 5344 2461 5422 ἀνάθεμα.

570 5424 733 5491 CAP.
766 5424 955 5491 XVII.
984 5461 1064 5473 —
1119 5427 1212 5491 Ne
1270 5427 1359 5492 bis
1404 5427 1753 5493 vindicetur
1799 5430 1866 5493 in
1912 5431 2120 5496 eadem

2288 5441 2538 5498 ΚΕΦΑΛ.
2588 5436 2701 5498 ΙΖ¹.
2747 5470 2829 5484 -
2869 5433 2996 5495 "Ott
3041 5438 3104 5495 οὗ
3147 5438 3260 5519 χρὴ
3326 5435 3401 5503 δὶς
3470 5436 3722 5497 ἐκδικεῖν
3775 5435 3854 5492 ἐπὶ

484 5533 582 5580 re.
768 5587 780 5603 '

2235 5529 2281 5598 ᾦ
2321 5529 2485 5600 αὐτῷ.

915 5609 1336 5689 Apostolorum
1367 5629 1564 5674 canon
1592 5613 1694 5675 25.

556 5702 667 5766 25.
700 5703 1058 5783 Episcopus,
1119 5703 1213 5764 vel
1275 5704 1610 5784 presbyter,
1661 5706 1755 5769 vel
1804 5706 2117 5789 diaconus,

484 5791 920 5869 fornicationis,
949 5798 1100 5871 etc.,
1133 5798 1204 5856 ut
1228 5809 1378 5874 pag.
1413 5792 1553 5859 743.

2668 5619 3022 5679 Ἀποστόλων
3052 5642 3121 5678 κα
3134 5622 3230 5678 θὼν
3258 5623 3362 5685 κε’.

2282 5711 2387 5771 κε’.
2448 5710 2799 5794 Ἐπίσκοπος,
2848 5714 2885 5782 ἢ
2935 5712 3311 5796 πρεσϐύτερος,
3362 5714 3396 5784 ἦ
3438 5714 3729 5793 διάκονος,
3774 5712 3853 5772 ἐπὶ

2200 5804 2418 5881 πορνείᾳ
2439 5801 2474 5872 ἤ
2502 5800 2773 5884 ἐπιορκία,
2805 5825 2862 5866 κ.
2892 5825 2946 5867 τ.
2980 5805 3036 5870 λ.
