4134 6200
357 295 481 363 753

752 435 1032 493 Βασιλείοι)
1062 437 1239 493 κανὼν
1270 435 1350 516 γ’,
1380 435 1491 513 λβ⁹,
1525 457 1614 499 να.

438 530 521 607 γ’.
600 530 860 594 Διάκονος
933 531 1066 606 μετὰ
1121 531 1220 597 τὴν
1274 529 1615 588 διαίκόνισσαν
1673 530 1992 609 πορνεύσας,

354 618 669 687 ἀπόϐλητος
699 620 797 695 μὲν
836 622 933 689 τῆς
967 619 1236 685 διακονίας
1266 620 1415 678 ἔσται
1458 639 1473 653 ⁶
1506 623 1580 686 εἷς
1611 620 1666 677 δὲ
1711 628 1818 677 τῶν
1863 619 1990 676 λαϊ-

352 715 467 767 κῶν
520 709 784 775 ἆπωτθεθς
815 711 1003 789 τόπον,
1052 713 1150 779 τῆς
1180 712 1462 778 κοινωνίας
1494 713 1591 767 οὒκ
1619 711 1990 789 εἰρχθήσεται·

352 798 488 856 διότι
532 800 768 879 ἀρχαῖός
799 799 911 855 ἐστι
942 800 1139 873 κανὼν,
1187 801 1308 865 τοὺς
1349 799 1455 856 ἀπὸ
1508 800 1713 877 βαθμοῦ
1769 821 1992 855 πεπτω-

349 890 539 968 κότας,
587 889 759 961 τούτῳ
794 888 941 963 μόνῳ
972 896 1047 963 τῷ
1076 889 1262 965 τρόπῳ
1305 894 1404 956 τῆς
1440 888 1716 952 κολάσεως
1746 886 1989 945 ὑπεϐάλ-

347 977 564 1049 λεσθαι,
598 978 1102 1058 ἀκολουθησάντων,
1125 980 1199 1042 ὡς
1233 979 1422 1053 οἶμαι,
1454 985 1562 1036 τῶν
1607 977 1659 1044 ἐξ
1690 979 1870 1058 ἀρχῆς
1914 984 1991 1051 τῷ

350 1072 502 1144 νόμω
533 1069 741 1143 ἐκείνῳ,
774 1076 875 1143 τῷ,
923 1068 1033 1126 Οὔκ
1084 1068 1385 1144 ἐκδικήσεις
1416 1066 1490 1133 δὶς
1523 1068 1609 1126 ἐπὶ
1666 1075 1744 1143 τῷ
1790 1071 1934 1127 αὒτῶ
1970 1085 1983 1099 ⁸

348 1160 439 1215 καὶ
482 1157 551 1214 δι’
595 1158 779 1237 ἑτέραν
823 1157 876 1214 δὲ
934 1160 1127 1233 αἰτίαν,
1192 1158 1273 1216 ὅτι
1320 1161 1367 1215 οἱ
1419 1159 1518 1233 μὲν
1575 1159 1629 1215 ἐν
1673 1165 1749 1232 τῷ
1809 1156 1988 1231 λα’ίκῷ

345 1249 498 1314 ὄντες
531 1250 765 1325 τάγματι
824 1246 1207 1321 ἐκϐεϐλημένοι
1250 1256 1344 1307 τοῦ
1385 1250 1554 1306 τόπον
1596 1250 1703 1305 τῶν
1757 1254 1983 1320 πιστῶν,

343 1338 509 1395 πάλιν
542 1341 617 1404 είς
667 1340 759 1394 τὸν
801 1336 893 1417 ἀφ’
939 1340 998 1393 οῦ
1044 1337 1291 1404 ἐξέπεσον
1346 1339 1512 1395 τόπον
1570 1336 1986 1413 ἀναΛαμϐανον-

344 1451 435 1485 ται
467 1448 483 1464 ·
516 1431 543 1484 ὁ
575 1427 629 1484 δὲ
661 1426 905 1491 διάκονος
936 1424 1074 1492 ἅπαξ
1108 1427 1225 1507 ἔχει
1273 1429 1371 1495 τὴν
1417 1427 1569 1495 δίκην
1613 1433 1710 1495 τῆς
1742 1426 1988 1504 καθαιρὲα

346 1540 484 1582 σεως
545 1515 737 1595 διαρκῆ
773 1534 786 1547 ⁸
850 1519 922 1580 ὼς
981 1519 1072 1572 οῦν
1117 1520 1212 1575 οὒκ
1270 1515 1663 1593 ἀποδιδομένης
1713 1520 1856 1588 αὐτῷ
1886 1522 1985 1583 τῆς

343 1606 636 1679 διακονίας,
696 1607 783 1664 ἐπὶ
837 1608 1037 1674 ταύτης
1084 1606 1316 1675 ἔστησαν
1375 1609 1549 1682 μόνης
1607 1611 1705 1673 τῆς
1760 1605 1984 1675 ἐκδική-

342 1718 482 1761 σεως
520 1714 534 1727 ·
594 1702 762 1753 ταῦτα
805 1695 902 1768 μὲν
948 1699 1036 1753 οῦν
1068 1697 1131 1753 τὰ
1176 1697 1236 1752 ἐκ
1277 1702 1381 1753 τῶν
1414 1698 1593 1754 τύπων
1622 1714 1638 1731 ⁸
1672 1696 1898 1753 καθόλου
1929 1695 1984 1751 δὲ

1069 298 1491 364 SYNTAGMA
1546 296 1946 364 CANONUM.
2003 327 2081 342 -
2131 295 2285 360 TIT.
2333 294 2442 377 1x,
2484 258 2656 362 CAP.
2694 260 3009 363 xv-xtx.

3607 297 3725 365 754

2382 433 2522 494 279
2553 432 2776 496 Basilii
2800 451 3061 496 canones
3090 434 3150 508 3,
3184 432 3284 509 32,
3316 434 3421 495 51.

2159 528 2217 590 3.
2254 526 2552 589 Diaconus
2577 537 2707 607 post
2731 527 3112 591 diaconatum
3144 526 3714 605 fornicatus,diaco-

2079 624 2218 677 natu
2272 617 2549 695 ejicietur
2580 616 2853 696 quidem,
2892 616 2996 678 sed
3032 616 3091 678 in
3124 617 3411 680 laicorum
3444 618 3723 682 detrusus

2078 704 2339 781 locum,a
2362 708 2790 768 communione
2814 725 2930 768 non
2958 705 3592 780 arcebitur.Quoniam
3617 727 3722 771 an-

2078 794 2278 872 tiquus
2304 804 2391 856 est
2417 814 2633 868 canon,
2670 805 2729 856 ut
2754 795 2794 856 ii
2833 796 2932 876 qui
2956 795 3143 874 gradu
3169 796 3548 874 exciderunt,
3582 798 3724 861 huic

2073 884 2185 944 soli
2223 903 2410 960 poena:
2440 885 2650 963 generi
2696 884 3117 965 subjiciantur,
3152 886 3440 967 antiquis,
3478 887 3715 966 opinor,

2075 974 2297 1035 secutis
2330 974 2521 1052 legem
2556 975 2747 1055 illam,
2783 976 2920 1038 Non
2954 974 3297 1038 vindicabis
3327 975 3419 1038 bis
3467 977 3533 1038 in
3565 977 3735 1059 idip:

2073 1082 2205 1125 sum
2234 1066 2290 1114 5|
2325 1083 2339 1124 :
2367 1078 2550 1144 atque
2575 1066 2755 1127 etiam
2782 1074 3029 1143 propter
3058 1064 3232 1129 aliam
3268 1084 3530 1148 causam;
3558 1067 3720 1148 quod

2071 1153 2171 1232 qui
2196 1152 2254 1215 in
2280 1153 2497 1215 ordine
2513 1165 2651 1217 sunt
2674 1154 2852 1229 laico,
2879 1151 2930 1216 si
2956 1173 2986 1216 a
3012 1155 3144 1216 loco
3167 1154 3432 1217 ﬁdelium
3458 1153 3718 1236 ejician—

2072 1248 2408 1305 tur.rursus
2436 1241 2493 1302 in
2533 1262 2771 1315 eum,ex
2794 1263 2916 1326 quo
2945 1243 3522 1318 ceciderunt,locum
3554 1246 3720 1308 reci-

2072 1330 2340 1409 piuntur;
2370 1332 2662 1394 diaconus
2685 1352 2823 1393 vero
2848 1335 3034 1393 semel
3059 1333 3238 1395 habet
3268 1351 3511 1413 semper
3540 1351 3716 1394 man-

2070 1440 2268 1482 suram
2295 1441 2527 1499 pcnnarn
2552 1423 3271 1501 depositionis.Quoniam
3305 1424 3488 1500 igitur
3517 1421 3719 1486 diaco-

2073 1520 2244 1571 natus
2267 1512 2318 1571 ei
2343 1532 2460 1572 non
2484 1513 2918 1588 restituitur,in
2944 1532 3013 1575 ea
3032 1512 3157 1574 sola
3183 1514 3367 1575 multa
3390 1521 3712 1585 steterunt.

2068 1603 2266 1676 Atque
2295 1601 2418 1663 haec
2451 1600 2694 1682 quidem
2742 1612 2883 1663 sunt
2914 1621 3041 1683 quae
3075 1621 3145 1663 ex
3178 1601 3716 1665 constitutionibus

2068 1688 2387 1751 habentur.
2426 1689 2488 1752 In
2523 1690 2806 1753 omnibus
2836 1701 3036 1754 autem
3070 1692 3271 1755 verior
3299 1691 3595 1754 medicina
3626 1700 3718 1754 est

338 1787 700 1865 ἀληθέστερόν
730 1786 872 1844 ἔστιν
904 1789 1068 1862 ἴαμα,
1113 1787 1149 1855 ἦ
1210 1792 1310 1853 τῆς
1370 1786 1631 1863 ἁμαρτιας
1680 1786 1981 1865 ἀναχώρη-

2090 1797 2342 1841 'ecessus
2365 1799 2396 1841 a
2422 1791 2691 1857 peccato.
2729 1781 2928 1855 Quare
2955 1782 3003 1843 si
3029 1790 3277 1861 pr0pter
3300 1781 3501 1844 carnis
3535 1780 3714 1843 volu-

340 1901 427 1941 σις
466 1899 479 1911 ’
515 1877 650 1933 ὥστε
683 1879 709 1933 ὁ
761 1874 847 1931 διὰ
894 1879 1089 1939 σαρκὸς
1135 1874 1332 1944 ἡδονὴν
1363 1876 1628 1946 ἀθετήσας
1659 1876 1760 1942 τὴν
1792 1876 1978 1954 χάριν,

340 1965 430 2023 διὰ
474 1975 563 2024 τοῦ
594 1966 923 2041 συντριμμοῦ
965 1966 1065 2034 τῆς
1111 1967 1333 2045 σαρκὸς,
1367 1966 1454 2022 καὶ
1496 1966 1671 2032 πάσης
1703 1963 1982 2043 δουλαγω-

339 2057 461 2136 γίας
517 2060 616 2121 τῆς
668 2054 788 2111 κατ’
832 2054 1144 2132 ἐγκράτειαν
1187 2055 1425 2118 ἀποστὰς
1466 2060 1571 2110 τῶν
1631 2053 1835 2122 ἡδονῶν
1892 2052 1981 2132 ὑφ’

338 2148 416 2202 ὧν
447 2145 813 2222 κατεστράιρη,
861 2142 1071 2201 τελείαν
1117 2144 1255 2216 ἡμῖν
1285 2143 1497 2222 παρέξει
1529 2148 1627 2210 τῆς
1653 2144 1845 2207 ἰάσεως
1881 2143 1980 2198 αῦ-

335 2249 435 2292 τοῦ
482 2235 581 2302 τὴν
652 2231 945 2298 ἀπόδειξιν.
992 2232 1299 2312 Ἀμφότερα
1340 2233 1516 2290 τοίνυν
1584 2236 1730 2308 ἡμᾶς
1790 2231 1981 2288 εἰδέναι

335 2323 444 2399 δεῖ,
479 2326 576 2381 καί
609 2324 672 2379 τὰ
704 2323 799 2390 τῆς
844 2320 1137 2401 ἀκριϐείας,
1175 2323 1261 2379 καὶ
1293 2323 1358 2379 τὰ
1389 2328 1489 2389 τῆς
1523 2322 1824 2390 συνηθείας⁹
1858 2319 1978 2376 ἕπεο

335 2421 457 2475 σθαι
502 2414 581 2494 δὲ,
644 2415 731 2471 ἐπὶ
774 2419 882 2471 τῶν
926 2410 1371 2489 καταδεξαμένων
1414 2414 1512 2482 τὴν
1556 2412 1853 2489 ἀκρότητα,
1901 2417 1978 2485 τῷ

339 2502 689 2582 παραδοθέντι
718 2504 888 2577 τύπῳ.

419 2592 529 2672 λβ’.
563 2597 623 2652 Οἱ
666 2598 767 2660 τὴν
796 2594 927 2661 πρὸς
983 2588 1210 2649 θάνατον
1266 2592 1530 2671 ἁμαρτίαν
1586 2591 1976 2670 ἁμαρτάνοντες

332 2684 609 2762 κληρικοὶ,
644 2693 736 2742 τοῦ
764 2684 972 2759 βαθμοῦ
1006 2678 1331 2759 κατάγονται
1366 2698 1381 2713 ·
1433 2684 1533 2749 τῆς
1591 2682 1872 2744 κοινωνίας
1920 2679 1976 2736 δὲ

331 2783 441 2831 τῶν
471 2773 679 2831 λαϊκῶν
726 2774 821 2829 οὒκ
851 2770 1174 2852 ἐξείργονται
1212 2775 1227 2802 ‘
1262 2773 1335 2830 Οὔ
1377 2772 1477 2851 γὰρ
1539 2769 1841 2841 ἐκδικήσεις
1902 2769 1975 2836 δὶς

338 2866 429 2923 ἐπὶ
460 2865 536 2927 τῶ
569 2865 711 2936 αὖτῷ

415 2954 522 3016 να’.
573 2955 645 3011 Τὸ
701 2951 838 3008 κατὰ
896 2952 1018 3017 τοὺς
1062 2950 1375 3030 κληρικοὺς,
1425 2950 1734 3029 ἆδιορίστὼς
1779 2950 1825 3006 οἱ
1871 2971 1975 3005 κα-

328 3047 481 3108 νόνες
534 3042 792 3121 ἐξέθεντο,
839 3038 1183 3105 κελεύσαντες
1247 3042 1372 3116 μίαν
1418 3041 1502 3099 ἐπὶ
1551 3046 1661 3106 τοῖς
1720 3041 1975 3096 πεσοῦσιν

2067 1877 2287 1949 ptatem
2314 1870 2561 1948 gratiam
2589 1870 2894 1951 abjecit,is
2917 1871 2967 1932 si
2993 1889 3240 1934 carnem
3262 1870 3635 1933 conterendo
3657 1878 3719 1932 et

2067 1958 2126 2018 in
2154 1978 2419 2033 omnem,
2450 1962 2786 2023 secundum
2809 1962 3197 2023 continentia
3217 1960 3718 2040 praescripta,ser-

2066 2046 2310 2109 vitutem
2331 2050 2934 2132 redigendo,secedat
2952 2069 2986 2112 a
3006 2051 3476 2129 voluptatibus,a
3492 2049 3714 2126 quibus

2068 2135 2253 2198 victus
2288 2147 2345 2200 et
2378 2148 2711 2217 prostratus
2741 2150 2850 2216 est,
2889 2142 3132 2218 plenum
3168 2140 3343 2201 nobis
3374 2158 3498 2199 suae
3531 2156 3712 2202 cura-

2065 2226 2244 2287 tionis
2277 2229 2589 2305 Specimen
2640 2229 2829 2290 dabit.
2887 2230 3092 2311 Itaque
3123 2227 3279 2291 scire
3313 2246 3422 2289 nos
3455 2241 3711 2305 utraque

2063 2322 2327 2397 Oportet,
2362 2324 2421 2377 et
2477 2336 2610 2396 quin
2669 2327 2808 2380 sunt
2861 2319 3081 2380 summi
3108 2319 3283 2398 juris,
3317 2326 3537 2400 etquae
3570 2327 3712 2379 sunt

2062 2404 2521 2468 consuetudinis
2558 2428 2571 2469 :
2609 2408 2781 2485 sequi
2812 2416 3009 2471 autem
3044 2410 3103 2469 in
3140 2408 3211 2471 iis
3242 2426 3375 2489 quae
3405 2425 3705 2471 summum

2053 2493 2156 2573 jus
2190 2513 2306 2555 non
2343 2494 2691 2572 admittunt,
2727 2497 2981 2558 formam
3016 2496 3325 2560 traditam.

2142 2582 2235 2642 3'2.
2277 2587 2591 2647 Peccatum
2628 2585 2701 2646 ad
2733 2596 2983 2648 mortem
3018 2596 3339 2666 peccantes
3366 2585 3598 2662 clerici,
3633 2586 3708 2649 de

2059 2672 2243 2750 gradu
2280 2673 2709 2753 de-jiciuntur,a
2734 2675 3024 2739 laicorum
3055 2684 3251 2739 autem
3277 2678 3709 2739 communione

2058 2780 2178 2821 non
2218 2773 2524 2825 arcentur.
2564 2762 2699 2826 Non
2731 2769 2891 2827 enim
2923 2766 3264 2828 viudicabis
3295 2765 3388 2829 bis
3437 2767 3503 2828 in
3537 2766 3704 2846 idip-

2057 2869 2217 2913 sum.

2139 2941 2205 3003 51
2226 2941 2416 3014 .Quod
2447 2943 2517 3004 ad
2550 2943 2806 3007 clericos
2838 2945 3075 3021 attinet,
3109 2944 3423 3007 indeﬁnite
3445 2962 3706 3011 canones

2059 3041 2487 3112 exposuerunt,
2522 3052 2699 3095 unam
2735 3034 2924 3115 lapsis
2949 3035 3236 3116 jubenles
3268 3052 3501 3112 poenam
3536 3033 3702 3095 inﬂi-

331 3135 593 3209 ὁρίζεσθαι
646 3132 931 3209 τιμωρίαν,
1001 3133 1099 3199 τὴν
1169 3132 1437 3189 ἔκπτωσιν
1496 3131 1592 3198 τῆε
1652 3129 1967 3208 ὑπηρεσίας,

2090 3121 2134 3193 i,
2170 3122 2529 3201 ejectionem
2564 3142 2594 3183 a
2630 3124 2989 3199 ministerio,
3054 3124 3181 3186 sive
3229 3124 3289 3184 in
3334 3123 3519 3203 gradu
3573 3122 3704 3184 fue-

331 3224 447 3280 εἴτε
478 3223 531 3278 ἐν
562 3223 749 3299 βαθμῷ
780 3220 1127 3301 τυγχάνοιεν,
1188 3220 1300 3276 ε’ἷτε
1359 3221 1457 3277 καί
1499 3218 1827 3300 ἆχειροθέτῳ
1869 3219 1970 3274 ὺπ-

2090 3211 2198 3283 Γηι,
2232 3212 2357 3273 sive
2387 3213 2565 3273 etiam
2593 3214 2651 3274 in
2685 3215 3047 3289 ministerio,
3077 3213 3237 3296 quod
3271 3232 3551 3279 manuum
3580 3212 3702 3274 im-

330 3313 524 3392 ηρεσίᾳ
554 3323 1031 3389 προσκαρτεροϊεν,

418 3408 673 3461 ΚΕΦΑΛ.
728 3397 842 3462 ιΗ’.
898 3432 978 3444 —
1022 3398 1118 3458 Ἐκ
1161 3400 1328 3457 ποίων
1375 3401 1558 3456 αἰτιῶν
1612 3398 1832 3461 τελείως
1878 3395 1971 3453 ἐκ·-

329 3492 611 3554 ϐάλλεται,

653 3584 1000 3644 ’Λποστόλων
1031 3586 1208 3641 κανὼν
1243 3582 1358 3656 κη’,
1392 3579 1499 3656 να’,
1536 3579 1640 3658 ξβ’.

412 3679 527 3748 κη’.
565 3681 628 3738 Ei
661 3702 740 3743 τις
798 3679 1114 3752 ἐπίσκοπος,
1155 3678 1192 3744 ἦ
1223 3674 1604 3756 πρεσϐύτερος,
1635 3673 1672 3743 ἢ
1706 3671 1973 3748 διάκονος,

330 3772 665 3851 καθαιρεθεὶς
698 3768 941 3848 δικαίως,
979 3790 1031 3826 ’4.
1066 3790 1118 3828 τ,
1154 3765 1210 3829 λ.

413 3947 521 4011 να’.
562 3947 627 4006 Εἴ
656 3969 734 4013 τις
764 3946 1079 4022 ἐπίσκοπος,
1139 3945 1177 4014 ἢ
1221 3944 1603 4023 πρεσϐύτερος,
1640 3942 1674 4012 ἢ
1706 3941 1975 4013 διάκονος,

326 4039 365 4108 ἢ
421 4037 560 4105 ὅλως
616 4036 710 4094 τοῦ
769 4036 1077 4114 καταλόγου
1133 4041 1227 4092 τοῦ
1279 4038 1579 4114 ἱερατικοῦ,
1640 4032 1819 4111 γαίμου
1889 4031 1975 4088 καὶ

333 4128 528 4205 κρεῶν,
562 4151 617 4190 κ.
652 4150 706 4190 τ.
741 4126 796 4191 λ,

414 4217 525 4294 ξβ’.
571 4216 637 4275 Εἴ
682 4238 762 4280 τις
806 4214 1064 4293 κληρικὸς
1110 4211 1195 4270 διὰ
1248 4212 1411 4295 φόϐον
1460 4212 1788 4293 ἀνθρώπινον
1830 4209 1973 4269 ἰου-

331 4305 505 4380 δαίοι),
536 4330 590 4366 κ.
638 4330 689 4365 τ.
723 4306 778 4369 λ.

696 4397 923 4456 Συνόδου
955 4397 1293 4477 Ἀντιοχείας
1324 4398 1500 4453 κανὼν
1530 4394 1599 4458 δ’,

412 4493 485 4558 δ’.
531 4493 600 4553 Εἴ
669 4516 753 4559 τις
822 4492 1140 4567 ἐπίσκοπος,
1206 4492 1310 4548 ὑπὸ
1354 4487 1573 4546 σδνόδου
1615 4490 2035 4577 καθαιρεθεὶςηε⁵

330 4609 387 4645 κ.
423 4608 477 4649 τ.
512 4583 569 4644 λ.

676 4674 904 4737 Σῦνόδου
937 4673 1246 4740 Λαοδικείας
1276 4672 1453 4729 κανὼν
1485 4670 1623 4746 λς’,

413 4771 551 4847 λς’.
583 4772 708 4831 ’Ὅτι
761 4771 822 4828 οὒ
866 4768 950 4827 δεῖ
995 4768 1294 4847 ἱερατικοὺς
1326 4765 1363 4836 ἢ
1395 4766 1711 4847 κληρικοῦς,
1741 4766 1970 4846 μάγους,

334 4885 391 4926 κ,
426 4884 478 4919 τ.
511 4865 565 4922 λ.

562 4953 791 5014 Συνόδου
821 4956 1194 5029 οἰκουμενικῆς
1227 4952 1388 5020 ἕκτης
1419 4952 1598 5008 κανὼν
1628 4950 1744 5013 κα’.

416 5049 526 5114 κα’.
564 5053 625 5111 Οἱ
650 5048 736 5108 ἐπ’
769 5048 1075 5129 ἐγκλήμασι
1102 5058 1413 5111 κανονικοϊς
1446 5046 1743 5121 ὅπεύθυνοι,
1763 5066 1819 5104 κ.
1843 5067 1895 5107 τ.
1916 5043 1973 5105 λ.

419 5240 671 5292 ΚΕΦΑΛ.
712 5229 818 5293 ΙΘ’.
866 5264 941 5277 -
987 5227 1124 5286 Πότε
1180 5248 1263 5289 τις
1307 5223 1556 5305 καθέδρας
1615 5225 1715 5300 μὲν
1759 5224 1794 5292 ἢ
1838 5241 1972 5280 ata-

2054 3300 2353 3381 positione
2388 3319 2505 3362 non
2539 3302 2739 3376 datur,
2775 3311 3199 3381 permaneant.

2138 3390 2276 3449 280
2307 3389 2475 3453 CAP.
2510 3389 2721 3455 XVIII.
2759 3428 2831 3438 —
2873 3392 3037 3470 Quas
3084 3393 3155 3457 ob
3182 3409 3405 3456 causas
3452 3393 3702 3455 omnino

2057 3480 2341 3559 expulsio
2369 3479 2503 3559 ﬁat.

2337 3574 2771 3652 Apostolorum
2805 3593 3004 3638 canon
3033 3575 3134 3649 28,
3172 3577 3273 3650 51,
3307 3573 3404 3638 62.

2139 3666 2214 3727 98
2249 3666 2399 3747 [‘27].
2435 3669 2497 3730 Si
2528 3668 2663 3748 quis
2692 3674 3039 3745 episcopus,
3072 3670 3164 3730 vel
3221 3668 3553 3750 presbyter,
3606 3669 3702 3732 vel

2061 3755 2351 3817 diaconus
2403 3757 2568 3837 juste
2621 3757 2697 3818 ob
2732 3758 3050 3822 manifesta
3082 3758 3335 3821 crimina
3367 3757 3696 3840 depositus,

2062 3853 2204 3915 etc..
2239 3852 2308 3907 ut
2329 3864 2479 3926 pag.
2515 3848 2620 3909 ’751
2641 3896 2655 3909 .

2138 3935 2205 3996 51
2246 3935 2396 4016 [50].
2429 3932 2489 3998 Si
2523 3936 2659 4016 quis
2690 3935 3038 4017 episcopus,
3075 3935 3413 4016 presbyter,
3446 3935 3538 3998 vel
3568 3935 3700 3997 dia-

2060 4043 2272 4104 conus,
2304 4026 2396 4086 vel
2430 4024 2675 4087 omnino
2709 4045 2776 4087 ex
2809 4024 3170 4087 sacerdotali
3200 4043 3453 4088 numero
3485 4042 3529 4103 a_
3552 4044 3699 4109 nup-

2057 4114 2180 4189 tiis,
2213 4113 2352 4175 vino
2385 4120 2447 4176 et
2473 4115 2783 4182 carnibus.
2816 4126 2962 4189 etc.,
2996 4128 3065 4178 ut
3089 4133 3239 4198 pug.
3273 4115 3415 4176 731.

2138 4204 2214 4266 62
2248 4204 2407 4286 [6|].
2443 4202 2504 4265 Si
2554 4204 2689 4285 quis
2721 4203 2981 4287 clericus
3042 4213 3291 4286 propter
3342 4212 3547 4266 nutum
3579 4202 3699 4266 hu-

2059 4312 2330 4369 manum,
2370 4293 2454 4355 vel
2486 4293 2706 4368 Judazi,
2741 4302 2882 4364 εἷο..
2916 4304 2981 4356 ut
3009 4312 3153 4375 pag.
3183 4294 3326 4357 746.

2390 4389 2661 4451 Consilii
2690 4388 3052 4452 Anticcheui
3080 4406 3278 4452 canon
3306 4388 3366 4457 4.

2140 4482 2197 4543 4.
2240 4480 2304 4544 Si
2336 4482 2470 4564 quis
2497 4482 2812 4561 episcOpus
2842 4501 2877 4543 a
2921 4483 3151 4563 synodo
3181 4482 3515 4562 depositus,
3550 4487 3697 4558 etc.,

2057 4572 2467 4652 utpag.€Ol.

2383 4665 2657 4729 Concilii
2689 4665 3017 4729 Laodiceni
3044 4682 3243 4729 canon
3275 4664 3372 4731 36.

2138 4759 2238 4823 36.
2270 4758 2439 4833 Quod
2471 4779 2590 4822 non
2623 4769 2857 4839 Oportet
2885 4777 2988 4821 eos
3016 4760 3117 4839 qui
3146 4757 3694 4834 suntsacrati,etc.,

2058 4856 2124 4913 ut
2152 4868 2302 4930 pag.
2339 4850 2477 4913 734.

2324 4944 2592 5008 Concilii
2618 4943 2971 5007 acumenici
3001 4958 3060 5002 vr
3092 4957 3295 5003 canon
3326 4938 3428 5000 21.

2141 5039 2241 5103 21.
2279 5039 2432 5114 Quid
2468 5038 2760 5101 canonice
2806 5033 3206 5117 quorumdam
3259 5034 3582 5101 criminum
3610 5035 3704 5097 rei

2055 5130 2219 5211 facti,
2252 5138 2395 5202 etc,
2433 5141 2502 5189 ut
2532 5147 2677 5207 pag.
2702 5127 2844 5189 735.

2145 5218 2306 5283 CAP.
2339 5218 2493 5280 XIX.
2532 5251 2608 5262 -—
2642 5214 3044 5290 Quandonam
3093 5213 3318 5294 aliquis
3353 5213 3705 5277 cathedram

331 5346 469 5385 σεω;
529 5321 804 5400 ἱερατικῆς
882 5320 1134 5399 μετέχει,
1207 5316 1304 5374 οὐκ
1378 5302 1600 5394 ’ἐνεργεῖ
1655 5312 1708 5371 δέ
1765 5337 1814 5370 τι
1872 5319 1979 5371 τῶν

2090 5310 2297 5373 'ttldem
2328 5316 2676 5384 statumque
2706 5302 3183 5367 eccleszasticum
3212 5306 3456 5380 retinet,
3490 5302 3705 5367 nulla-
3781 5353 3784 5356 .

330 5414 561 5474 λοιπῶν,

326 5694 331 5699 _
416 5608 470 5667 51
504 5606 739 5677 Nahum
772 5623 814 5683 ι,
844 5604 907 5675 9.

2068 5408 2240 5468 tenus
2273 5404 2470 5464 tamen
2495 5396 2914 5457 minister-ium
2950 5399 3210 5458 exercet.
