4134 6200
453 326 573 394 755

763 459 1026 526 Concilii
1055 458 1364 538 Ancyrani
1392 473 1595 519 canon
1634 457 1690 532 1,
1725 456 1784 519 ἓ.

538 554 992 635 1.Presbyteros
1006 551 1106 633 qui
1122 550 1767 624 sacriﬁcaverunt,etc.
1784 559 1864 625 ,ιιι
1887 549 2096 633 p.595.

535 652 594 707 2.
629 646 924 707 Diaconos
954 640 1240 703 similiter
1269 640 1369 721 qui
1415 640 1860 715 sacriﬁcarunt,
1896 651 2104 718 postea

457 744 655 798 autem
681 731 958 796 reluctati
991 739 1150 805 sunt,
1184 730 1364 792 alium
1399 730 1641 810 quidem
1675 731 1968 792 honorem
1992 730 2102 790 ha-

462 825 631 899 bere,
661 824 826 902 ipsos
856 830 1052 884 autem
1084 820 1158 882 ab
1208 820 1373 882 omni
1404 819 1764 882 sacerdotali
1796 822 1885 901 (5}
1921 818 2103 880 mini-

459 915 646 976 sterio
670 920 1003 986 cessare,et
1025 929 1242 986 panem
1267 910 1358 972 vel
1386 909 1636 971 calicem
1664 908 1978 982 oﬂ‘erendi,
2015 908 2107 969 vel

461 1003 830 1085 praedicandi
866 1024 880 1061 :
914 1001 1021 1064 sed
1073 1001 1125 1061 si
1159 1019 1228 1062 ex
1261 999 1567 1078 episcOpis
1602 1000 1787 1080 aliqui
1819 1000 1880 1060 in
1911 999 1984 1059 iis
2014 998 2105 1059 vel

461 1092 847 1155 aﬂlictionem
872 1089 1262 1171 aliquam,vel
1287 1089 1689 1150 humilitatem
1717 1107 1786 1150 ac
1821 1105 2104 1149 mansue-

464 1183 734 1246 tudinem
767 1180 1048 1250 viderint.
1084 1187 1143 1240 et
1171 1178 1394 1258 aliquid
1457 1179 1712 1259 amplius
1735 1178 1881 1239 dare
1910 1177 2002 1239 vel
2029 1176 2112 1238 of-

463 1271 627 1338 ferre
657 1271 976 1344 voluerint,
1011 1269 1074 1330 in
1105 1286 1310 1330 eorum
1347 1276 1644 1348 potestate
1675 1267 1734 1328 id
1763 1285 1920 1330 esse.

625 1365 759 1427 281
803 1363 1078 1427 Concilii
1104 1361 1629 1424 Neocweariensis
1657 1379 1854 1424 canon
1886 1362 1947 1424 9.

549 1460 610 1526 9.
639 1459 698 1523 Si
733 1458 1046 1540 presbyter
1075 1457 1174 1538 qui
1207 1473 1463 1535 corpore
1513 1455 1681 1534 prius
1735 1461 2110 1537 peccaverat,

475 1557 619 1633 etc.,
643 1557 712 1615 ut
733 1567 881 1632 pag.
919 1549 1058 1611 547.

670 1643 940 1709 aoncilii
968 1641 1329 1706 cecumenici
1356 1657 1415 1703 vr
1445 1657 1707 1704 canones
1733 1640 1794 1716 3,
1820 1640 1919 1705 26.

556 1741 648 1801 De
673 1736 1035 1818 presbyteris
1056 1743 1111 1797 et
1141 1735 1402 1797 clericis.

553 1832 613 1892 3.
634 1827 930 1902 Quoniam
960 1843 1100 1888 vero
1131 1823 1268 1904 pius
1299 1823 1641 1905 Christique
1673 1830 1924 1902 amator,
1963 1831 2106 1902 etc.,

477 1925 711 2000 ntpag.
746 1921 884 1981 511.

554 2009 656 2071 26.
684 2005 1135 2087 Presbyterum,
1169 2003 1269 2086 qui
1300 2022 1410 2083 per
1442 2001 1838 2080 ignorantiam
1890 2005 2120 2068 illicitis

480 2095 706 2178 nuptiis
729 2103 820 2158 est
839 2096 1344 2174 implicatus,esse
1359 2094 1596 2174 quidem
1616 2094 1918 2157 cathedrae
1940 2095 2122 2176 parti-

477 2183 1042 2266 cipem,secundum
1078 2201 1147 2245 ea
1170 2202 1301 2264 qua;
1325 2189 1463 2244 sunt
1487 2181 1665 2243 nobis
1687 2201 1718 2243 a
1743 2202 1915 2247 sacro
1940 2204 2122 2247 cano-

484 2295 564 2340 ne
585 2276 868 2338 decreta:
894 2293 928 2336 a
947 2272 1202 2354 reliquis
1225 2280 1428 2334 autem
1454 2272 1908 2352 operationibus
1930 2275 2124 2337 absti-

483 2364 730 2429 nere.Ei
751 2363 1046 2444 enim,qui
1072 2371 1163 2425 est
1188 2362 1346 2444 talis,
1374 2363 1518 2425 satis
1545 2370 1634 2424 est
1656 2368 1704 2422 si
1728 2365 1898 2427 venia
1925 2365 2124 2428 detur.

483 2455 560 2519 Ut
581 2455 634 2516 is
654 2462 851 2516 autem
875 2453 976 2516 alii
999 2453 1321 2516 benedicat
1340 2453 1443 2532 qui
1466 2450 1650 2512 debet
1681 2454 1925 2531 propria
1949 2473 2125 2516 cura-

485 2562 556 2608 re
577 2543 973 2619 vulnera,non
988 2549 1565 2604 estconsentaneum
1579 2541 1947 2604 .Benedictio
1963 2544 2126 2607 enim

489 2641 581 2698 est
604 2631 1096 2694 sanctiﬁcationis
1145 2630 1514 2709 impertitio:
1561 2631 1656 2710 qui
1692 2641 1889 2693 autem
1915 2633 1974 2694 id
2009 2651 2129 2695 non

488 2721 672 2786 habet
689 2730 934 2804 propter
954 2720 1243 2782 delictum
1269 2739 1339 2783 ex
1360 2720 2028 2802 ignorantia,quomodo
2052 2723 2132 2784 al-

489 2812 608 2876 teri
639 2810 976 2892 imperliet‘?
997 2809 1118 2872 Nec
1145 2827 1293 2890 ergo
1317 2809 1708 2888 publice,nec
1734 2811 2006 2889 privatim
2034 2811 2135 2874 be-

487 2902 749 2976 nedicat,
780 2919 892 2964 nec
941 2898 1163 2964 Christi
1208 2918 1429 2978 corpus
1471 2898 1608 2962 aliis
1640 2900 1962 2964 distribuat
1996 2901 2135 2982 (nec

491 2991 734 3074 aliquod
757 2991 920 3054 aliud
944 2990 1348 3052 ministerium
1373 2988 1717 3069 obeat),sed
1754 2990 2138 3070 prwsidentia

493 3088 810 3145 contentus
832 3079 1078 3142 domino
1100 3079 1413 3153 deﬂeat,ut
1435 3078 1524 3140 illi
1548 3097 1616 3141 ex
1639 3080 1978 3159 ignorantia
2001 3100 2136 3162 pec-

493 3143 688 3234 catum
713 3143 1462 3232 remittatur.Manifestum
1489 3143 1767 3231 enimbst
1791 3170 1948 3250 quod
1977 3143 2194 3233 ﬁeri-“

493 3260 652 3323 rium
697 3258 1044 3339 conjugium
1085 3257 1468 3332 dissolvetur,
1511 3277 1622 3320 nec
1645 3258 1733 3320 vir
1763 3277 1896 3321 cum
1923 3278 1991 3321 ea
2015 3259 2134 3322 ullo

494 3347 675 3411 modo
706 3347 1202 3410 consuetudinem
1235 3346 1506 3423 habebit,
1543 3357 1793 3429 propter
1827 3367 2000 3430 quam
2033 3369 2132 3412 sa-

500 3456 601 3501 cra
631 3436 983 3518 operatione
1006 3435 1270 3516 privatus
1296 3445 1410 3500 est.

925 3529 1148 3593 Basilii
1175 3547 1432 3593 canones
1463 3529 1565 3606 27,
1602 3530 1704 3595 70.

573 3626 676 3688 21.
711 3623 798 3687 De
829 3623 1180 3706 presbytero
1219 3626 1321 3706 qui
1355 3625 1625 3687 insciens
1655 3625 1883 3688 illicitis
1915 3627 2141 3708 nuptiis

495 3715 840 3796 implicatus
870 3720 987 3790 est,
1019 3722 1166 3791 etc.,
1199 3721 1270 3777 ut
1298 3731 1441 3796 pag.
1475 3715 1618 3777 547.

578 3805 674 3868 70.
708 3803 1010 3867 Diaconus
1038 3803 1142 3885 qui
1196 3804 1464 3882 pollutus
1495 3813 1588 3866 est
1619 3806 1678 3866 in
1711 3804 1920 3880 labris,
1955 3824 2144 3888 seque

497 3911 570 3956 eo
625 3911 818 3974 usque
869 3910 1163 3973 peccasse
1220 3893 1534 3955 confessus
1590 3901 1702 3976 est,
1738 3913 1770 3956 ιι
1805 3895 2143 3956 ministerio

496 3982 874 4046 amovebitur
902 4003 918 4060 ;
955 3982 1061 4045 sed
1094 3981 1149 4044 ei
1188 3982 1581 4061 concedetur,
1611 3993 1674 4044 ut
1705 4003 1841 4046 cum
1877 3985 2145 4046 diaconis

498 4071 805 4154 particeps
860 4071 938 4134 sit
996 4079 1542 4134 sacramentorum.
1601 4071 1667 4134 Id
1716 4074 1913 4153 ipsum
1945 4081 2143 4136 autem

497 4160 811 4244 presbyter
866 4177 1131 4241 quoque.
1194 4157 1256 4221 Si
1309 4159 1454 4239 quid
1489 4169 1687 4222 autem
1721 4162 1980 4241 amplius
2014 4165 2147 4243 quis

496 4268 783 4328 peccasse
833 4249 1256 4329 deprehensus
1305 4249 1510 4324 fuerit,
1561 4250 1624 4310 in
1674 4269 2040 4331 quocunque
2071 4252 2148 4314 sit

498 4337 715 4419 gradu,
749 4337 1112 4416 deponetur.

578 4429 719 4488 289
751 4426 915 4490 CAP.
955 4427 1077 4489 XX.
1109 4462 1187 4473 —
1215 4426 1353 4490 Non
1406 4445 1530 4491 esse
1577 4430 1941 4494 credendum
1991 4435 2148 4512 epis-

1636 322 1906 386 PHOTII
1959 319 2478 386 PATRIARCHE
2531 294 2644 384 cr.

3693 321 3798 387 756

2527 453 2756 514 Συνόδου
2799 455 3063 536 Ἀγκύρας
3098 456 3270 512 κανὼν
3301 453 3377 530 α’,
3410 455 3488 533 β’,

2266 549 2342 611 α’.
2391 549 2781 629 Πρεσϐυτέρους
2811 551 2933 613 τοὺς
2966 551 3342 622 ἐπιθύσαντας,
3377 573 3432 612 κ.
3467 573 3520 610 τ.
3553 548 3607 612 ὶ,

2264 641 2340 718 β’.
2395 641 2680 703 Διακόνους
2747 640 2948 714 ὁμοίως
3019 641 3306 712 θύσαντας,
3367 641 3506 715 μετά
3563 638 3808 696 δὲταῦτα

2185 731 2677 804 ἀναπαλαίσαντας,
2723 729 2822 796 τὴν
2878 729 2976 804 μὲν
3007 726 3178 796 ἄλλην
3208 730 3371 802 τιμὴν
3405 727 3579 809 ἔχειν,
3612 738 3811 786 πεπαῦ-

2187 824 2306 878 σθαι
2335 819 2389 876 δὲ
2422 820 2608 884 αὖτοὺς
2652 819 2829 886 πάσης
2884 823 2981 883 τῆς
3041 821 3316 897 ἱερατικῆς
3361 818 3687 897 λειτουργίας
3729 826 3814 875 τοῦ

2188 909 2368 987 ἄρτον,
2402 911 2437 978 ἢ
2471 911 2729 986 ποτήριον
2774 909 3079 985 ἀναφέρειν,
3120 907 3148 974 ἥ
3181 909 3492 983 κηρύσσων
3530 910 3573 964 εἰ
3619 908 3811 982 μέντοι,

2188 1000 2328 1063 τινες
2373 1007 2480 1057 τῶν
2524 999 2832 1056 ἐπισκόπων
2863 999 3081 1061 τούτους
3114 995 3368 1054 συνίδοιεν
3428 997 3667 1072 κάματόν
3707 1019 3816 1053 τινα

2189 1088 2226 1156 ἦ
2272 1090 2591 1145 ταπείνωσιν
2648 1089 2980 1167 πραότητος,
3026 1091 3114 1144 καὶ
3145 1087 3377 1144 ἐθέλοιεν
3412 1087 3578 1143 πλέον
3608 1109 3655 1143 τι
3685 1085 3819 1143 διδό-

2197 1201 2281 1235 ναι
2314 1178 2342 1246 ἤ
2374 1179 2649 1260 ἀφαιρεῖν,
2685 1178 2770 1235 ἐπ’
2803 1177 2990 1242 αὒτοϊς
3022 1179 3167 1234 εἶναι
3199 1178 3297 1244 τὴν
3330 1176 3593 1243 ἐξουσίαν.

2505 1359 2730 1422 Συνόδου
2777 1362 3191 1438 Νεοκαισαρείας
3224 1361 3400 1417 κανὼν
3444 1360 3517 1422 θ’.

2275 1455 2346 1516 θ’.
2431 1453 2790 1536 Πρεσϐύτερος

2198 1569 2252 1607 κ.
2287 1570 2338 1611 τ.
2373 1546 2422 1606 λ.

2371 1640 2601 1698 Συνόδου
2634 1642 3008 1717 οἷκουμενικῆς
3041 1639 3205 1705 ἕκτης
3238 1639 3416 1695 κανὼν
3447 1637 3528 1719 γ’,
3563 1639 3672 1714 »ις’

2279 1736 2406 1813 Περὶ
2433 1734 2616 1814 ἱερέων
2647 1732 2747 1790 καί
2775 1733 3076 1806 κληρικῶν,

2277 1826 2355 1904 γ’.
2402 1821 2622 1891 Ἐπειδὴ
2667 1822 2720 1878 δὲ
2766 1825 2792 1880 6
2856 1821 3074 1891 εὐσεϐὴς
3135 1823 3226 1879 καί
3267 1821 3634 1902 φιλόχριστος
3690 1822 3832 1898 ἡμῶν

2196 1911 2482 1988 βασιλεὺς,
2518 1935 2571 1973 κ.
2607 1937 2658 1975 τ.
2690 1911 2741 1972 λ.

2280 2003 2419 2078 κζ’,
2469 2000 2829 2082 Πρεσϐύτερον
2873 2003 2964 2059 τὸν
3010 2001 3149 2057 κατὰ
3205 2001 3428 2079 ἄγνοιαν
3475 2001 3688 2077 ἀθέσμῳ
3737 2001 3833 2076 γά-

2206 2117 2292 2170 μῳ
2378 2092 2761 2170 περιπαρέντα,
2839 2088 3093 2169 καθέδρας
3184 2091 3283 2166 μὲν
3354 2091 3638 2170 μετέχειν,
3711 2092 3836 2147 κατὰ

2205 2185 2272 2241 τὰ
2303 2184 2410 2240 ἀπὸ
2441 2189 2532 2240 τοῦ
2561 2184 2703 2260 ἱεροῦ
2732 2182 2954 2246 κανόνος
2985 2183 3124 2256 ἡμῖν
3155 2182 3607 2256 νομοθετηθέντα,
3648 2187 3748 2237 τῶν
3786 2179 3834 2235 δὲ

2206 2273 2412 2332 λοιπῶν
2441 2273 2721 2352 ἐνεργειῶν
2752 2271 3049 2352 ἀπέχεσθαι
3085 2287 3099 2300 “
3137 2270 3357 2348 ἀρκετὸ)
3391 2272 3495 2350 γὰρ
3529 2279 3603 2345 τῷ
3634 2273 3837 2344 τοιούτῳ

2208 2365 2243 2432 ἡ
2271 2362 2564 2442 συγγνώμη
2596 2378 2611 2394 ⁸
2651 2360 2899 2440 εὖλογεϊν
2929 2359 2982 2416 δὲ
3015 2359 3194 2438 ἕτερον
3227 2362 3317 2416 τὸν
3351 2361 3417 2417 τὰ
3457 2363 3633 2418 οἰκεῖα
3675 2381 3836 2435 τημε-

2211 2453 2330 2510 λεῖν
2416 2450 2695 2530 ὀφείλοντα
2767 2450 3073 2529 τραύματα,
3152 2449 3514 2506 ἀνακόλουθον
3551 2467 3564 2481 ‘
3643 2448 3838 2526 εύλογία

2211 2545 2312 2622 γὰρ
2373 2541 2643 2619 ἀγιασμοῦ
2717 2537 3000 2615 μετάδοσίς
3069 2539 3258 2595 ἐστιν’
3343 2541 3372 2595 6
3445 2539 3499 2595 δὲ
3560 2547 3708 2598 τοῦτο
3768 2538 3837 2612 μὴ

2213 2632 2357 2712 ἔχων
2402 2630 2487 2689 διὰ
2520 2632 2581 2687 τὸ
2625 2629 2686 2686 ἐκ
2741 2634 2841 2698 τῆς
2891 2629 3108 2708 ἀγνοίας
3142 2629 3514 2710 παράπτωμα,
3548 2637 3661 2694 πῶς
3690 2628 3838 2706 ἑτέρῳ

2213 2719 2563 2799 μεταδώσει;
2614 2721 2752 2794 μήτε
2809 2721 2984 2775 τοίνυν
3039 2716 3295 2798 δημοσία,
3356 2721 3498 2793 μήτε
3556 2718 3655 2791 ἰδίᾳ
3695 2717 3838 2776 εὔλο-

2213 2812 2395 2890 γείτω,
2445 2810 2583 2884 μήτε
2623 2809 2685 2864 τὸ
2731 2815 2889 2885 σῶμα
2939 2814 3032 2864 τοῦ
3093 2814 3322 2885 Χριστοῦ
3351 2808 3699 2883 κατανεμέτω
3730 2806 3835 2863 ἑτέ-

2216 2922 2350 2980 ροις,
2413 2901 2551 2974 μήτε
2595 2921 2646 2955 τι
2693 2895 2828 2954 ἄλλο
2883 2896 3258 2976 λειτουργείτω
3294 2915 3307 2928 ·
3372 2897 3497 2953 ἀλλ’
3533 2899 3838 2976 ἀρκούμενος

2215 2998 2284 3067 τῇ
2334 2987 2602 3068 προεδρίᾳ,
2665 2987 3040 3066 προσκλαιέτω
3097 2994 3175 3061 τῷ
3219 2988 3382 3063 κυρίῳ
3441 2988 3840 3068 συγχωρηθῆναι

2218 3082 2361 3154 αύτῷ
2393 3081 2454 3135 τὸ
2486 3079 2546 3136 ἐκ
2587 3084 2687 3146 τῆς
2721 3078 2935 3157 ἀγνοίας
2969 3076 3229 3152 ἀνὸ’μημα
3262 3095 3275 3110 ⁸
3330 3076 3603 3156 πρόδηλον
3645 3078 3739 3155 γὰρ
3779 3077 3842 3138 ὼς

2219 3172 2246 3226 6
2285 3177 2526 3233 τοιοῦτος
2584 3169 2757 3246 γάμος
2817 3167 3215 3242 διαλυθήσεται,
3250 3169 3338 3224 καὶ
3393 3165 3640 3242 οὖδαμῶς
3673 3170 3698 3223 6
3728 3167 3844 3241 ἀνὴρ

2220 3258 2504 3336 μετουσίαν
2535 3257 2636 3329 ἕξει
2679 3259 2811 3336 πρὸς
2865 3258 2964 3325 τὴν
2995 3255 3064 3312 δι’
3111 3256 3177 3324 ἧς

2217 3353 2528 3424 ἐστέρηται.

2891 1453 2982 1512 ἐὰν
3071 1454 3514 1533 προημαρτηκὼς
3605 1453 3825 1534 σώματι,

3236 3257 3332 3325 τῆς
3395 3259 3541 3336 ἱερᾶς
3598 3256 3844 3336 ἐνεργείας

2678 3529 2959 3586 Βασιλείου
2987 3531 3166 3587 κανὼν
3197 3529 3306 3607 κζ’,
3343 3527 3415 3588 ο’.

2300 3625 2406 3698 κζ’.
2484 3626 2610 3704 Περὶ
2691 3631 2784 3680 τοῦ
2845 3621 3201 3702 πρεσϐυτέρου
3271 3633 3365 3683 τοῦ
3430 3624 3571 3680 κατὰ
3655 3623 3848 3702 ἄγνοιαν

2223 3715 2440 3788 ἀθέσμῳ
2470 3715 2627 3792 γᾶμω
2657 3713 3068 3792 περιπαρὲντος,
3099 3736 3151 3772 κ.
3191 3737 3244 3772 τ.
3278 3711 3334 3773 λ.

2306 3803 2379 3866 ο’.
2417 3805 2674 3867 Διάκονος
2707 3801 2762 3858 ἐν
2792 3801 3002 3883 χείλεσι
3056 3804 3320 3878 μιανθεὶς,
3353 3805 3441 3858 καὶ
3477 3802 3641 3882 μέχρι
3682 3801 3848 3858 τούτου

2227 3893 2598 3970 ἡμαρτηκέναι
2653 3891 3023 3971 ὁμολογήσας,
3082 3897 3180 3959 τῆς
3242 3891 3576 3970 λειτουργίας
3636 3891 3845 3969 ἐπισχε-

2225 3985 2447 4054 θήσεται
2485 3998 2499 4014 ⁹
2563 3990 2654 4040 τοῦ
2713 3981 2767 4038 δὲ
2825 3983 3082 4062 μετέχειν
3127 3982 3233 4037 τῶν
3298 3983 3672 4060 ἀγιασμάτων,
3727 3979 3846 4054 μετά

2228 4080 2334 4130 τῶν
2387 4071 2648 4130 διακόνων
2693 4070 3044 4140 ἀξιωθήσεται
3082 4088 3096 4103 ⁶
3140 4073 3201 4127 τὸ
3245 4068 3298 4126 δὲ
3355 4073 3486 4130 αύτὸ
3518 4072 3603 4127 καὶ
3634 4065 3846 4148 πρεσϐύ-

2228 4183 2380 4240 τερον
2410 4177 2423 4192 ⁸
2475 4165 2519 4217 εἱ
2569 4159 2625 4217 δέ
2672 4183 2723 4216 τι
2753 4160 2940 4216 τούτου
2971 4159 3165 4216 πλεῖον
3191 4160 3462 4239 φωραθείη
3505 4183 3587 4224 τις
3616 4161 3844 4236 ἡμαρτη-

2229 4252 2362 4325 κὼς,
2395 4249 2451 4307 ἒν
2485 4249 2591 4323 ο’ίῳ
2619 4249 2681 4304 ἃν
2711 4252 2745 4326 ᾗ
2774 4249 2986 4325 βαθμῷ,
3020 4247 3487 4325 καθαιρεθήσεται.

2313 4432 2564 4488 ΚΕΦΑΛ.
2631 4428 2716 4490 Κ’.
2781 4460 2856 4471 -
2916 4428 3039 4504 Περὶ
3097 4433 3190 4484 τοῦ
3250 4427 3327 4503 μὴ
3389 4428 3716 4483 πιστεύεσθαι
3765 4424 3842 4480 τὸν

499 4535 642 4599 copo
675 4517 1013 4597 affirmanti
1034 4518 1332 4599 privatim
1363 4518 1486 4582 sibi
1513 4519 1802 4582 clericum
1832 4520 1904 4583 de
1930 4502 2129 4586 criini-

2229 4518 2520 4575 ἒπίσκοπον
2593 4516 2822 4595 λέγοντα
2896 4514 3189 4586 ἰδιαζόντος
3251 4521 3394 4591 αὒτῷ
3450 4519 3541 4573 τὸν
3611 4514 3842 4593 κληρικὸν

498 4626 574 4670 ne
605 4624 737 4671 esse
765 4606 1131 4686 confessum.

717 4699 980 4764 Consilii
1014 4700 1520 4782 Carthaginensis
1552 4720 1746 4766 canon
1781 4702 1921 4768 432.

577 4795 668 4858 De
722 4795 1020 4876 episcopo,
1070 4797 1181 4876 qui
1231 4797 1714 4860 excommunicat
1762 4815 1921 4879 eum,
1971 4815 2144 4878 quem

495 4885 615 4948 sibi
639 4883 759 4949 soli
787 4885 1018 4948 crimen
1049 4885 1201 4947 dicit
1230 4901 1358 4947 esse
1385 4888 1750 4966 confessum.

581 5063 719 5126 132.
755 5061 902 5124 Item
932 5062 1164 5143 placuit
1183 5061 1337 5138 52ml
1359 5065 1409 5126 si
1437 5065 1679 5146 quando
1702 5067 2026 5147 episcopus
2047 5067 2142 5130 di-

492 5153 575 5214 cit
595 5151 856 5233 aliquem
881 5151 996 5214 sibi
1026 5152 1136 5214 soli
1167 5153 1479 5233 pr0prium
1521 5157 1749 5218 crimen
1782 5156 1968 5219 fuisse
1991 5175 2138 5220 con-

493 5240 931 5320 fessum,atque
958 5240 1061 5303 ille
1085 5250 1261 5321 neget
1285 5253 1348 5304 et
1373 5245 1669 5323 poenitere
1695 5247 1956 5310 noluerit
1981 5265 1996 5324 ;
2022 5265 2143 5309 non

498 5336 668 5412 putet
693 5328 769 5391 ad
788 5328 1071 5409 injuriam
1097 5349 1264 5393 suam
1290 5331 1615 5417 episcopus
1639 5336 2142 5420 pertinere,quod

581 5505 641 5560 δ’
667 5503 850 5570 Cone.
881 5506 1091 5571 Carth.
1127 5525 1231 5586 vn,
1266 5528 1322 5573 c.
1358 5512 1457 5588 53,
1492 5511 1679 5576 Afric.
1717 5533 1769 5577 c.
1804 5516 1908 5579 99.

2227 4607 2667 4685 συνομολογῆσαι
2698 4609 2759 4663 τὸ
2790 4605 3108 4683 ἁμάρτημα,

2538 4698 2766 4756 Συνόδου
2799 4698 3173 4776 Καρθαγέννης
3204 4700 3381 4756 κανὼν
3414 4697 3554 4777 ρλβ’.

2310 4795 2436 4873 Περὶ
2520 4793 2815 4850 ἐπισκόπου
2885 4792 2977 4848 τοῦ
3051 4794 3155 4848 ἀπὸ
3243 4792 3523 4856 κοινωνίας
3595 4795 3840 4848 nomine;

2227 4885 2318 4941 τὸν
2404 4885 2549 4958 αύτῷ
2633 4882 2782 4958 μόνῳ
2867 4883 2929 4937 τὸ
3020 4878 3159 4938 ἴδιον
3246 4880 3497 4961 ἔγκλημα
3585 4878 3840 4957 ὁμολογή-

2227 4996 2417 5035 σαντα.

2305 5061 2452 5143 ρλβ’.
2498 5061 2742 5138 ⁹Ομοίως
2798 5060 3012 5139 ἤρεσεν,
3092 5061 3185 5118 ἵνα
3237 5061 3329 5118 ἐάν
3388 5082 3516 5118 ποτε
3577 5060 3836 5117 ἐπίσκοπος

2226 5152 2362 5233 λέγῃ
2389 5153 2507 5209 τινὰ
2538 5155 2679 5224 αύτῷ
2731 5153 2880 5225 μόνῳ
2923 5153 2983 5207 τὸ
3026 5149 3162 5207 ῗδιον
3212 5149 3461 5228 ἔγκλημα
3506 5149 3836 5224 ὁμολογῆσαι,

2227 5245 2315 5301 καὶ
2365 5243 2575 5305 ἐκεῖνος
2609 5241 2857 5320 ἀρνῆται,
2917 5241 2996 5317 μὴ
3056 5239 3343 5319 λογίσηται
3395 5243 3422 5296 6
3465 5241 3736 5301 ἒπίσκοπος
3775 5235 3836 5294 εἷς

2226 5331 2361 5391 ἰδίαν
2406 5331 2552 5412 ὕϐριν
2607 5331 2919 5411 συντείνειν,
2977 5329 3060 5387 ὅτι
3121 5332 3279 5395 αὐτὸς
3323 5329 3487 5408 μόνος
3522 5330 3578 5387 ού
3613 5323 3836 5384 πιστεύε-

575 5687 660 5770 (5)
692 5689 880 5754 Sacro
910 5691 1111 5772 aptius
1142 5691 1408 5758 reddidit
1438 5691 1778 5778 Dionysius,
1812 5693 2192 5783 habeturque
2221 5695 2281 5758 in
2314 5690 2503 5759 veteri
2532 5690 3049 5774 interpretatione.
