4134 6200
308 312 431 378 757

304 473 396 508 ται
431 467 446 483 ⁸

305 539 456 619 λέγει
488 542 564 616 μὴ
596 540 768 598 θέλειν
804 543 993 599 ἑαυτὸν
1037 555 1318 600 κοινωνεῖν
1349 551 1426 618 τῷ
1460 543 1793 624 ἂρνουμένῳ.

391 637 644 690 ΚΕΦΑᾹ.
696 631 831 690 KA'.
902 667 981 678 —
1056 635 1180 711 Περὶ
1253 632 1550 690 ἐπισκόπου
1607 632 1642 701 ἦ
1695 633 1957 711 κληρικοῦ

302 719 572 783 ἐσθίοντος
673 721 830 798 κρέας
919 722 974 778 ἐν
1075 721 1294 798 αἵματι,
1387 722 1422 790 ἧ
1509 726 1838 798 θνησιμαῖον
1922 725 1956 792 ἦ

303 809 664 889 θηριάλωτον,

783 903 1135 962 Ἀποστόλων
1167 905 1344 962 κανὼν
1377 903 1484 984 ξγ⁹.

379 996 484 1075 ξγ’.
523 997 586 1054 Εἴ
629 1019 708 1062 τις
741 996 1062 1074 ἐπίσκοπος,
1101 997 1130 1067 ἤ
1178 997 1558 1078 πρεσϐύτερος,
1603 998 1632 1066 ἥ
1678 998 1950 1074 διάκονος,

297 1088 333 1157 ἦ
393 1087 534 1154 ὅλως
594 1095 686 1146 106
741 1089 1046 1169 καταλόγου
1106 1096 1200 1148 106
1255 1089 1547 1170 ἱερατικοῦ,
1594 1090 1743 1169 φάγῃ
1797 1089 1946 1168 κρέας

300 1203 354 1240 κ.
392 1201 446 1243 1.
483 1187 532 1240 λ.

682 1271 910 1330 Συνόδου
956 1272 1221 1352 Ἀγκύρας
1264 1275 1442 1331 κανὼν
1486 1270 1562 1351 γ’.

377 1369 455 1446 τ’·
515 1369 648 1434 Τοὺς
733 1368 1033 1447 φεύγοντας
1105 1369 1194 1424 καὶ
1257 1365 1681 1447 συκληιρθέντας,
1752 1367 1786 1435 ἤ
1847 1368 1945 1425 ὕπὸ

294 1460 507 1516 οἰκείων
591 1456 1011 1537 παραδοθέντας,
1097 1455 1132 1524 ἦ
1216 1455 1394 1514 ἄλλω)
1481 1457 1545 1512 τὰ
1628 1457 1944 1537 ὑπάρχοντα

293 1548 698 1628 ἆξραιρεθέντας,
787 1549 820 1615 ἡ
905 1549 1301 1622 ὑπομείναντας
1382 1547 1672 1626 βασάνους,
1751 1549 1785 1614 ἡ
1869 1549 1942 1610 εἰς

293 1637 664 1717 δεσμωτήριον
726 1635 1115 1716 ἐμϐληθέντας,
1176 1637 1417 1713 βοῶντας
1478 1657 1532 1692 τε
1565 1634 1647 1692 ὅτι
1678 1638 1776 1692 εἶσὶ
1809 1644 1943 1715 Χρι-

292 1733 532 1801 στιανοὶ,
587 1729 674 1784 καὶ
732 1727 1198 1806 περισχισθέντας,
1254 1727 1376 1793 ἦτοι
1450 1726 1524 1790 εἰς
1588 1725 1684 1790 τὰς
1744 1738 1942 1806 χεῖρας

1023 315 1442 382 SYNTAGMA
1483 317 1880 383 GANONUM.
1923 349 1933 398 ς

2055 316 2213 383 TIT.
2260 322 2366 402 IX,
2410 322 2576 386 CAP.
2625 321 2977 393 xx-xxu.

3565 327 3685 396 758

500 451 674 509 εἶκαὶ
742 457 820 526 τῷ
869 451 1179 530 σκινδαλμῷ
1235 458 1334 520 τῆς
1390 452 1524 519 ἰδίας
1597 452 1933 525 συνειδήσεω

2039 454 2123 516 illi
2155 459 2270 547 soli
2302 477 2422 522 non
2453 460 2745 538 creditur,
2781 461 2895 524 etsi
2930 463 3218 544 scrupulo
3251 463 3373 546 (5“)
3429 469 3694 547 propria

2043 546 2406 624 cognitionis
2439 567 2502 610 se
2537 548 2682 610 dicit
2718 550 2958 628 neganti
3020 551 3183 614 nolle
3214 546 3688 619 communicare.

2124 635 2289 699 CAP.
2323 636 2484 700 XXI.
2516 674 2586 684 —
2632 639 2714 701 De
2743 643 3022 721 episcopo
3053 650 3160 705 aut
3185 641 3405 707 clerico
3435 647 3546 724 qui
3566 664 3691 709 ves-

2038 730 2218 787 catur
2245 744 2436 789 carne
2463 745 2597 791 cum
2628 732 2949 809 sanguine,
3004 731 3096 794 vel
3146 735 3489 810 morticina,
3526 737 3625 798 vel
3651 754 3688 799 a

2038 816 2176 892 fera
2208 817 2521 897 suﬂ'ocato.

2461 911 2896 990 Apostolorum
2927 932 3127 978 canon
3155 916 3258 979 63.

2117 1001 2194 1063 63
2225 1001 2344 1083 [62]
2403 1001 2461 1066 Si
2513 1008 2650 1082 quis
2701 1007 3021 1088 episcopus
3079 1009 3168 1070 vel
3214 1009 3550 1091 presbyter,
3583 1014 3680 1076 vel

2034 1092 2331 1154 diaconus
2385 1094 2474 1156 vel
2507 1095 2755 1158 omnino
2796 1115 2864 1158 ex
2897 1098 3258 1162 sacerdotali
3291 1119 3541 1164 numero
3573 1121 3682 1165 co-

2035 1181 2294 1244 mederit
2323 1202 2558 1260 carnes,
2595 1195 2738 1259 etc.,
2776 1196 2843 1248 ut
2869 1205 3012 1267 pag.
3051 1189 3190 1253 746.

2378 1278 2646 1342 Concilii
2675 1281 2997 1362 Ancyram'
3028 1300 3220 1346 canon
3252 1283 3311 1348 3.

2111 1368 2416 1451 3.Eosqui
2441 1371 2736 1450 fugientes
2767 1373 3190 1452 comprehensi
3223 1384 3384 1452 sunt,
3417 1379 3508 1441 vel
3534 1387 3674 1442 sunt

2028 1476 2060 1519 a
2087 1460 2210 1521 suis
2244 1461 2468 1537 traditi,
2501 1461 2591 1522 vel
2615 1461 2741 1522 suis
2763 1462 2987 1543 alioqui
3010 1464 3392 1528 facultatibus
3429 1468 3666 1546 privati,

2030 1549 2125 1609 vel
2159 1557 2454 1612 tormenta
2487 1551 2784 1631 perpessi,
2824 1553 2917 1612 vel
2972 1557 3032 1613 in
3063 1571 3373 1616 carcerem
3407 1557 3669 1636 conjecti

2025 1646 2184 1713 sunt,
2220 1639 2551 1702 clamantes
2581 1659 2646 1701 se
2680 1659 2812 1702 esse
2837 1639 3232 1716 Christianos,
3270 1651 3326 1705 et
3357 1643 3574 1706 divulsi
3605 1663 3677 1708 ac

2027 1727 2296 1791 distracti
2353 1738 2512 1803 sunt,
2549 1729 2638 1790 vel
2673 1730 2744 1790 iis
2778 1731 2880 1810 qui
2916 1730 3031 1790 vim
3065 1731 3394 1793 aﬂ'erebant
3429 1735 3564 1796 thus
3613 1735 3677 1797 in

293 1821 428 1898 πρὸς
477 1819 597 1894 βίαν
657 1814 1040 1892 ἐμϐαλλόντων
1095 1817 1203 1872 τῶν
1244 1813 1653 1892 βιαζωμὲνωνά,
1694 1814 1933 1892 ἣβρῶμό

2031 1835 2244 1879 manus
2269 1817 2858 1895 immittentibus,vel
2891 1819 3024 1882 cibo
3055 1820 3256 1902 aliquo
3275 1840 3383 1902 per
3404 1829 3675 1885 necessi-

290 1931 343 1966 1t
399 1909 525 1986 πρὸς
573 1907 813 1984 ἀνάγκης
863 1904 1204 1979 δεξαμένους,
1233 1903 1633 1982 ὁμολογοῦντας
1675 1902 1728 1958 δὲ
1761 1902 1933 1960 διόλοι

2032 1915 2210 1967 tatem
2235 1917 2541 1988 suscepto,
2576 1927 2643 1970 se
2667 1917 2867 1970 tamen
2896 1927 3030 1970 esse
3051 1909 3428 1975 Christianos
3452 1931 3673 1993 perpe-

299 1999 382 2054 ὅτι
439 1996 546 2054 εἰσί
599 1996 938 2074 Χριστιανοΐ,
990 1996 1077 2051 καὶ
1133 1995 1195 2050 τὸ
1245 1993 1434 2057 πένθος
1500 2003 1593 2052 106
1646 1991 1933 2068 συμϐάντος

2031 2003 2132 2056 tuo
2153 1996 2507 2070 fatentes,et
2529 1997 2662 2076 ejus
2679 1995 2837 2077 quod
2860 1996 3082 2058 accidit
3106 1997 3376 2060 dolorem
3402 2006 3460 2059 et
3481 1991 3671 2062 amic-

297 2089 382 2145 ἀεὶ
452 2084 914 2161 ἐπιδεικνυμένους
995 2090 1065 2161 τῇ
1125 2085 1272 2161 πάσῃ
1332 2082 1639 2159 καταστολῇ
1710 2085 1798 2140 καὶ
1869 2091 1944 2158 τῷ

294 2179 569 2258 σχήματι,
631 2177 720 2234 καὶ
761 2181 831 2252 τῇ
872 2181 965 2232 106
1011 2175 1124 2251 βίου
1155 2179 1534 2250 ταπεινότητι,
1592 2173 1811 2236 τούτους
1869 2175 1941 2238 ὡς

293 2269 397 2334 ἔξω
453 2267 844 2344 ἁμαρτήματος
897 2265 1080 2335 ὄντας,
1127 2265 1227 2331 τῆς
1283 2263 1566 2325 κοινωνίας
1619 2263 1698 2338 μὴ
1730 2261 1941 2318 κωλύε-

293 2363 438 2417 σθαι.
475 2359 534 2415 Εἰ
563 2354 618 2412 δὲ
669 2357 758 2412 καὶ
811 2353 1157 2421 ἐκωλύθησαν
1203 2356 1305 2410 ὑπό
1349 2375 1512 2428 τινος,
1560 2353 1940 2432 περισσοτέρας

293 2447 566 2527 ἂκριὸείας
608 2447 810 2520 ἕνεκεν,
871 2446 906 2513 ἦ
963 2445 1051 2500 καί
1105 2466 1272 2500 τινων
1319 2443 1529 2522 ἀγνοίᾳ,
1579 2443 1727 2504 εὒθὺς
1771 2465 1940 2521 προσ-

290 2537 550 2617 δεχθῆναι
583 2555 598 2572 ·
633 2543 790 2592 τοῦτο
821 2532 876 2590 δὲ
909 2535 1107 2610 ὁμοίως
1141 2533 1228 2590 ἐπί
1259 2555 1317 2590 τε
1349 2539 1456 2590 τῶν
1499 2533 1559 2589 ἐκ
1606 2539 1698 2589 τοῦ
1739 2530 1940 2612 κλήρου

290 2631 388 2685 καί
433 2633 539 2684 τῶν
583 2624 764 2682 ἄλλων
808 2623 1013 2681 λα’ίκὼν
1050 2642 1065 2658 ⁸
1117 2621 1493 2700 προεξητάσθη
1525 2620 1580 2678 δὲ
1611 2621 1858 2694 κάκεῖνο,
1893 2623 1937 2678 εἶ

289 2717 534 2774 δύνονται
581 2716 668 2771 καὶ
709 2713 897 2770 λαϊκοί
943 2715 1010 2790 τῇ
1075 2712 1212 2790 αὔτῇ
1270 2713 1481 2792 ἀνάγκη
1545 2712 1932 2784 ὑποπεσόντες,

289 2808 585 2885 πράγεσθαι
649 2807 724 2870 εἷς
789 2803 985 2869 τάξιν·
1050 2802 1225 2869 ἔδοξεν
1290 2803 1380 2859 οὖν
1442 2800 1537 2858 καί
1583 2802 1800 2865 τούτους
1861 2804 1935 2867 ὡς

288 2896 457 2972 μηδὲν
500 2894 915 2972 ἡμαρτηκότας,
979 2893 1024 2950 εἰ
1069 2893 1158 2949 καὶ
1200 2895 1234 2961 ἡ
1269 2889 1614 2969 προλαϐοῦσα
1641 2891 1936 2970 εὑρίσκοιτο

287 2989 418 3068 ὀρθή
447 2993 540 3044 106
568 2985 686 3062 βίου
717 2982 988 3062 πολιτεία,
1016 2982 1471 3063 προχειρίζεσθαι.

490 3077 720 3137 Συνόδου
760 3079 1139 3154 οἶκουμενικῆς
1191 3076 1354 3143 ἕκτης
1388 3077 1588 3156 κανὼν,
1625 3074 1728 3147 ξζ¹.

2030 2093 2188 2157 tu,et
2223 2084 2448 2156 habitu,
2487 2093 2544 2146 et
2567 2088 2699 2146 vitae
2722 2086 2862 2145 283
2881 2084 3218 2147 humilitate
3241 2105 3361 2165 pra:
3381 2105 3445 2148 se
3467 2087 3673 2150 feren-

2027 2182 2180 2248 tes,a
2203 2175 2633 2237 communione
2663 2193 2780 2235 non
2805 2173 3134 2236 arceri.Sin
3157 2183 3357 2236 autem
3383 2176 3561 2237 etiam
3595 2176 3670 2239 ab

2024 2264 2226 2345 aliquo
2252 2273 2390 2326 sunt
2413 2263 2722 2345 prohibiti,
2751 2263 2994 2344 majoris
3017 2263 3312 2325 cautionis
3327 2264 3542 2342 gratia,
3577 2265 3669 2328 vel

2025 2360 2205 2416 etiam
2230 2362 2476 2435 propter
2499 2355 2836 2435 aliquorum
2864 2353 3290 2432 ignorantiam,
3325 2355 3525 2415 statim
3553 2354 3667 2416 ad-

2026 2443 2360 2507 mittantur.
2396 2442 2520 2505 Hoc
2555 2451 2752 2504 autem
2787 2442 3070 2504 similiter
3097 2443 3158 2503 in
3191 2442 3435 2505 clericis
3457 2443 3668 2506 etaliis

2023 2533 2215 2594 laicis.
2279 2533 2402 2594 Hoc
2455 2552 2696 2614 quoque
2732 2541 2822 2594 est
2867 2532 3301 2604 examinatum,
3333 2550 3408 2593 an
3441 2534 3671 2611 possint

2021 2624 2199 2684 etiam
2234 2621 2393 2697 laici,
2429 2622 2531 2703 qui
2582 2623 2640 2683 in
2672 2621 2941 2683 eamdem
2979 2627 3398 2684 necessitatem
3427 2621 3665 2684 incide-

2018 2723 2181 2787 runt,
2211 2711 2285 2774 ad
2315 2712 2590 2773 ordinem
2641 2711 3011 2792 promoveri.
3044 2711 3252 2772 Visum
3287 2717 3378 2772 est
3407 2729 3572 2790 ergo,
3606 2719 3664 2774 et

2019 2821 2123 2864 eos
2172 2811 2231 2863 ut
2261 2802 2363 2878 qui
2415 2801 2568 2864 nihil
2604 2808 2984 2881 peccassent,
3019 2799 3069 2860 si
3101 2799 3276 2862 etiam
3315 2801 3663 2880 praecedens

2021 2911 2227 2954 eorum
2284 2891 2416 2952 vitae
2474 2890 2860 2952 instituenda;
2895 2889 3052 2953 ratio
3102 2897 3267 2950 recta
3295 2889 3658 2966 inveniatur,

2023 2983 2384 3064 promoveri.

2292 3073 2556 3138 Concilii
2580 3074 2932 3137 acumenici
2958 3089 3019 3136 v1
3048 3090 3247 3136 cannn
3273 3073 3374 3135 67.

369 3175 476 3248 ξζ’.
522 3176 648 3232 Θεία
677 3175 816 3248 ἡμῖν
846 3172 1030 3252 Γραφὴ
1063 3169 1391 3250 ἐνετείλατο,
1426 3170 1726 3251 ἀπέχεσθαι
1758 3170 1932 3242 αἵμα-

2097 3171 2193 3234 67.
2209 3169 2413 3230 Divina
2438 3167 2610 3229 nobis
2626 3170 2944 3248 Scriptura
2960 3167 3322 3240 mandavit,a
3339 3167 3654 3246 sanguine,

285 3290 377 3331 τος
419 3266 513 3322 καὶ
574 3269 797 3322 πνικτοῦ
859 3261 954 3318 καί
1015 3262 1276 3338 πορνείας
1312 3276 1325 3290 ⁸
1397 3273 1516 3323 τοῖς
1560 3267 1650 3318 οὖν
1694 3260 1779 3316 διὰ
1835 3260 1932 3328 τὴν

286 3357 478 3436 λίχνον
519 3353 778 3433 γαστέρα,
850 3352 995 3426 αἷμα
1038 3349 1354 3420 οἷουδήποτε
1399 3351 1536 3422 ζώου
1593 3350 1766 3429 τέχνῃ
1822 3347 1932 3405 τινί

284 3445 772 3515 κατασκευάζουσιν
818 3440 1102 3517 ἐδώδιμον,
1137 3441 1225 3496 καὶ
1276 3439 1414 3497 οὕτω
1470 3443 1628 3497 10610
1671 3439 1929 3518 ἐσθίουσι,

286 3536 606 3616 προσφόρως
678 3533 1016 3607 ἐπιτιμῶμεν
1049 3545 1065 3563 ⁸
1127 3529 1180 3586 εἴ
1227 3552 1308 3594 τις
1353 3532 1443 3586 οὖν
1509 3529 1615 3586 ἀπὸ
1657 3535 1752 3586 106
1811 3539 1922 3602 νόν,

285 3627 432 3701 αἷμα
473 3625 612 3695 ζώου
657 3622 847 3678 ἐσθίειν
909 3621 1254 3700 ἐπιχειρήσοι
1298 3617 1598 3694 οἱῳδήποτέ
1657 3640 1760 3674 τινι
1796 3617 1926 3692 τρό-

283 3739 395 3794 πῳ,
446 3714 619 3788 εἰμὲν
661 3711 921 3791 κληρικὸς
969 3709 1062 3776 εἴη
1107 3711 1462 3789 καθαιρείσθω
1496 3729 1509 3742 ·
1547 3710 1591 3765 εἰ
1621 3706 1675 3764 δὲ
1707 3707 1924 3787 λα’ίκὸς,

283 3804 634 3887 ἀφοριζέσθω,

369 3986 618 4042 ΚΕΦΑΛ.
701 3967 829 4042 ΚΒ’.
905 4013 983 4025 -
1053 3980 1177 4059 Περὶ
1233 3985 1325 4037 τοῦ
1381 3979 1505 4041 τοὺς
1570 3977 1922 4052 ἐπισκόπους,

279 4076 370 4132 καὶ
444 4069 858 4148 πρεσϐυτέρους,
945 4071 1033 4127 καὶ
1113 4069 1421 4149 διακόνους,

279 4166 406 4229 τοὺς
489 4164 557 4220 τὰ
628 4161 742 4233 ἱερᾶ
827 4158 1224 4242 ψηλαιρῶντας,
1305 4158 1538 4239 ὀφείλειν
1621 4156 1924 4236 ἀπέχεσθαι

280 4257 370 4311 καὶ
417 4258 520 4310 τῶν
566 4253 776 4308 οἰκείων
820 4255 1098 4328 γαμετῶν,

445 4342 673 4403 Συνόδου
707 4342 1082 4422 Κᾶρθαγέννης
1124 4343 1301 4400 κανὼν
1333 4341 1412 4424 γ’,
1444 4342 1515 4419 δ’,
1548 4341 1656 4417 κε’,
1693 4341 1762 4400 ο’.

365 4441 488 4519 Περὶ
513 4437 852 4516 ἐγκρατείας.

2017 3268 2076 3322 et
2103 3259 2414 3332 sutiucato,
2449 3265 2507 3318 et
2538 3257 2934 3319 fornicatione
2958 3257 3290 3320 abstinere.
3338 3259 3456 3320 Eos
3487 3275 3653 3335 ergo,

2017 3349 2118 3431 qui
2153 3357 2400 3428 propter
2429 3347 2752 3409 delicatum
2788 3356 3056 3409 ventrem
3083 3349 3500 3427 cujuscunque
3529 3347 3658 3408 ani-

2019 3439 2189 3500 malis
2246 3437 2599 3516 sanguinem
2660 3445 2788 3498 arte
2839 3437 3038 3518 aliqua
3083 3437 3455 3499 esculentum
3505 3455 3656 3498 con-

2013 3529 2184 3591 diunt
2213 3547 2278 3588 ac
2305 3533 2631 3603 instruunt,
2659 3535 2838 3608 atque
2877 3526 2958 3587 ita
2988 3527 3091 3588 illo
3127 3533 3469 3599 vescuntur,
3504 3544 3655 3587 con-

2010 3618 2321 3680 venienter
2371 3615 2680 3697 punimus.
2714 3616 2776 3678 Si
2833 3617 2971 3697 quis
3031 3615 3324 3696 deinceps
3377 3615 3656 3676 animalis

2010 3707 2367 3787 sanguinem
2401 3707 2611 3786 quovis
2661 3705 2841 3766 modo
2889 3703 3216 3766 comedere
3247 3702 3652 3782 aggrediatur,

2010 3801 2058 3862 si
2114 3800 2190 3860 sit
2247 3796 2491 3879 quidem
2552 3796 2840 3870 clericus,
2892 3795 3231 3876 deponatur
3277 3793 3421 3856 :sin
3453 3800 3651 3854 autem

2010 3890 2222 3963 laicus,
2258 3893 2632 3966 segregetur.

2089 3982 2252 4048 CAP.
2283 3979 2463 4044 XXII.
2501 4015 2566 4026 -—
2609 3979 2784 4056 Quod
2814 3980 3104 4061 episcopi,
3139 3986 3191 4041 et
3221 3978 3580 4060 presbyteri,
3596 3984 3654 4040 et

1539 4069 1626 4124 καὶ
1722 4066 1926 4132 πσίντας

2031 4073 2279 4152 tiaconi,
2310 4087 2633 4150 omnesque
2679 4070 2788 4148 qui
2832 4087 3012 4132 sacra
3045 4073 3331 4149 tractant,
3367 4085 3404 4130 a
3431 4069 3650 4146 conju-

2009 4162 2186 4245 gibus
2214 4160 2474 4224 debeant
2501 4177 2566 4223 se
2593 4160 2922 4222 continere.

2051 4345 2312 4410 Concilii
2345 4345 2854 4425 Carthaginensis
2898 4360 3158 4406 canones
3190 4341 3250 4419 3,
3286 4343 3346 4418 4,
3374 4341 3475 4422 ‘25,
3505 4339 3606 4405 70.

2097 4441 2184 4501 De
2212 4439 2618 4500 continentia.

359 4530 439 4610 γ’.
473 4527 735 4606 Αὐρήλιος
780 4525 1075 4592 ἐπίσκοπος
1123 4531 1279 4584 εἶπεν
1309 4541 1323 4557 ⁸
1359 4527 1450 4584 Ἐν
1477 4532 1546 4598 τῇ
1577 4523 1925 4604 προλαϐούσῃ

2090 4526 2446 4591 3.Aurelius
2463 4532 2786 4608 episcopus
2809 4525 2981 4587 dixit:
3001 4525 3146 4588 Cum
3173 4523 3476 4606 praeterito
3500 4542 3652 4586 con-

277 4615 508 4696 συνόδῳ,
566 4617 641 4677 ὡς
701 4615 820 4693 περὶ
879 4616 1077 4693 ῥύθμου
1161 4615 1472 4694 ἐγκρατείας
1555 4615 1644 4670 καὶ
1711 4614 1923 4692 ἁγνείας

276 4711 552 4780 ἐζητεῖτο,
600 4704 791 4783 ἤρεσεν
850 4704 988 4762 ὥστε
1045 4705 1170 4768 τοὺς
1203 4717 1354 4784 τρεῖς
1396 4705 1631 4781 βαθμοὺς
1677 4705 1919 4778 τούτους,

275 4801 400 4862 τοὺς
445 4793 720 4871 συνδέσμῳ
752 4793 853 4850 τινὶ
894 4795 992 4864 τῇς
1035 4794 1252 4871 ἁγνείας
1283 4792 1369 4850 διὰ
1398 4799 1497 4861 τῆς
1527 4794 1921 4872 καθιερωσύνης

273 4885 814 4963 συμπεπλεγμένους,
880 4887 1020 4965 φημὶ
1081 4883 1136 4941 δὲ
1201 4885 1564 4958 ἐπισκόπους,
1625 4882 1920 4961 πρεσϐυτέ-

275 5000 426 5059 ρους,
475 4980 562 5032 καὶ
606 4973 910 5055 διακόνους,
956 4977 1028 5040 ὡς
1101 4975 1292 5054 πρέπει
1343 4976 1512 5039 ὁσίοις
1573 4974 1918 5045 ἐπισκόποις,

274 5072 366 5126 καὶ
408 5071 604 5144 ἱερεῦσι
649 5073 808 5144 Θεοῦ,
841 5067 927 5122 καὶ
974 5065 1241 5143 λευίταις,
1277 5067 1372 5122 καί
1401 5067 1721 5141 ὑπουργοῦσι
1752 5063 1920 5126 θείοις

274 5157 698 5236 καθιερώμασιν,
734 5156 1020 5234 ἐγκρατεῖς
1047 5157 1192 5213 εἶναι
1225 5155 1280 5213 ἐν
1326 5161 1512 5228 πᾶσιν,
1561 5153 1726 5220 οὕτως
1757 5152 1922 5217 δυνη-

271 5254 405 5306 θῶσι
437 5253 530 5304 τοῦ
552 5246 580 5301 ὃ
613 5245 757 5322 παρὰ
786 5253 878 5302 τοῦ
910 5253 1040 5302 Θεου
1071 5245 1254 5311 ἅπλῶς
1283 5247 1540 5318 αἰτοῦσιν,
1587 5244 1870 5324 ἐπιτυχεῖν
1905 5258 1919 5273 ⁸

362 5379 462 5452 (5⁸)
495 5377 631 5441 Haec
663 5395 801 5456 pars
834 5377 1045 5440 ultima
1075 5378 1349 5457 canonis,
1377 5375 1770 5457 subsequenti
1807 5395 1926 5457 Aca-

277 5463 422 5525 noni
455 5455 774 5522 attexenda
808 5467 1002 5533 est,ut
1028 5455 1390 5522 Hincmarns
1412 5455 1846 5520 recte'attexuit
1868 5456 1932 5518 in

277 5540 590 5623 epusc.l)e
610 5539 882 5623 divortio
904 5539 1146 5604 Loth.et
1168 5539 1332 5604 Tetb.
1359 5547 1506 5603 tom.
1545 5540 1591 5615 Ι,
1627 5557 1756 5620 pag.
1789 5536 1930 5600 572.

641 5621 1123 5714 conscriptione.

367 5698 458 5789 (Ἴ)
496 5703 606 5765 Ms.
646 5698 941 5791 episcopi,
977 5701 1248 5788 inquam,
1303 5699 1662 5788 presbyteri,
1707 5707 1768 5768 et
1811 5698 1942 5766 dia.

2007 4617 2146 4681 cilio
2169 4616 2244 4679 de
2265 4616 2636 4682 continentia
2661 4623 2717 4678 et
2731 4616 3018 4678 castitatis
3046 4615 3463 4676 moderamine
3489 4622 3647 4675 trac-

2007 4706 2484 4785 taretur,gradus
2504 4705 2605 4768 isti
2633 4715 2775 4781 tres,
2804 4705 2907 4786 qui
2932 4704 3364 4767 constrictione
3389 4703 3466 4782 (6)
3495 4720 3644 4782 qua-

2005 4795 2138 4857 dam
2167 4794 2459 4856 castitatis
2519 4812 2626 4876 per
2683 4793 3176 4855 consecrationes
3219 4790 3434 4852 adnexi
3485 4798 3648 4866 sunt,

2005 4883 2327 4964 episcopos
2360 4885 2477 4965 (Ἰ),
2511 4887 2785 4964 inquam,
2823 4879 3200 4963 presbyteros
3253 4888 3310 4940 et
3339 4879 3650 4954 diaconos,

2005 4974 2088 5036 ita
2109 4974 2472 5054 complacuit
2493 4975 2601 5054 (8),
2637 4981 2700 5034 ut
2731 4969 3024 5034 concedet
3045 4987 3246 5031 sacros
3270 4967 3564 5030 antistites
3583 4986 3653 5028 ac

2005 5065 2112 5128 Dei
2146 5063 2515 5139 sacerdotes,
2551 5062 2690 5123 284
2748 5080 2860 5123 nec
2893 5079 3012 5121 non
3044 5066 3102 5120 et
3147 5057 3385 5119 Levitas
3417 5058 3526 5137 (9),
3560 5056 3654 5119 vel

2006 5153 2108 5234 qui
2142 5154 2537 5214 sacramentis
2586 5152 2806 5214 divinis
2859 5149 3213 5222 inserviunt,
3267 5146 3656 5210 continentes

2007 5259 2141 5305 esse
2173 5242 2232 5302 in
2278 5242 2580 5317 omnibus,
2617 5260 2735 5322 quo
2771 5239 3002 5322 possint
3045 5237 3402 5319 simpliciter
3432 5236 3589 5318 quod
3622 5255 3656 5299 a

2013 5374 2177 5438 coni.

2126 5458 2190 5532 8)
2222 5457 2334 5518 Ms.
2366 5455 2615 5534 placuit.

2126 5458 2190 5532 8)
2222 5457 2334 5518 Ms.
2366 5457 2615 5534 placuit.

2102 5457 2328 5623 Etist.
2363 5547 2440 5623 _et
2493 5537 2584 5598 vel
2648 5535 2698 5598 si
2748 5533 2848 5623 qui
2882 5554 2896 5601 :
2931 5533 3017 5598 al.
3056 5530 3146 5595 vel
3178 5531 3227 5594 si
3257 5530 3402 5616 qui;
3440 5547 3660 5613 nempe

2022 5615 2403 5685 subdiacuni,
