4134 6200
526 234 646 364 '759
1626 362 1631 371 ,
1704 234 1972 357 ruorn
2028 254 2547 355 PATRIARC‘H/E
2588 290 2708 357 cr.
3200 292 3201 295 ‘
3775 296 3892 364 760

525 434 786 498 Domino
815 433 935 515 (10)
959 430 1281 515 postulant,
1312 436 1671 512 impetrare:
1708 437 1773 491 ut
1808 426 1963 508 quod
1990 442 2170 507 apos-

2287 432 2351 485 νὰ
2383 430 2470 485 καὶ
2515 432 2574 486 τὸ
2608 428 2694 488 διὰ
2736 435 2842 487 vim
2874 429 3195 490 ἀποστόλων
3224 430 3548 510 παραδοθὲν,
3592 434 3683 491 καὶ
3714 434 3766 501 ἐξ
3797 439 3891 494 αὖ-

528 527 634 592 toli
665 527 1025 603 docuerunt,
1074 530 1133 584 et
1187 521 1321 601 ipsa
1374 522 1631 584 servavit
1677 519 2027 601 antiquitas,
2061 537 2168 579 nos

2286 521 2349 585 ἧς
2399 520 2499 586 τῆς
2546 520 2915 600 ἀρχαιότητος
2959 523 3249 601 κρατηθὲν,
3311 523 3399 579 καὶ
3459 524 3629 591 ἡυεῖς
3701 525 3893 598 ὁμοίως

529 636 776 698 quoque
803 614 1233 679 custodiamus.

531 707 697 849 dove
741 706 997 770 diversis
1043 702 1372 768 ordinibus
1423 704 1499 766 ab
1525 702 1824 766 uxoribus
1854 703 2169 764 abstinen-

575 805 647 849 ιι.
1156 838 1159 839 ν

614 879 676 940 4.
722 877 1049 940 Faustinus
1105 876 1425 957 episcopus
1472 871 1762 938 Ecclesia:
1814 872 2172 951 Potentinae,

532 967 850 1048 provincia!
880 964 1109 1040 Piceni,
1164 964 1399 1043 legatus
1428 965 1716 1026 Romanae
1746 961 2054 1035 Ecclesiae,
2086 960 2176 1021 di-

532 1056 619 1118 xit
650 1078 664 1121 :
696 1055 904 1120 Placet
933 1064 999 1117 ut
1047 1054 1391 1135 episcopus,
1432 1052 1745 1132 presbyter
1775 1061 1832 1112 et
1863 1052 2174 1124 diaconus,

534 1146 630 1208 vel
680 1146 784 1227 qui
836 1153 1214 1207 sacramenta
1266 1150 1669 1223 contrectant,
1704 1140 2007 1223 pudicitiae
2037 1158 2177 1214 cus-

535 1236 729 1314 todes,
760 1234 834 1298 ab
868 1234 1157 1299 uxoribus
1186 1252 1253 1296 se
1281 1234 1649 1297 abstineant.

620 1416 709 1478 De
735 1416 1053 1497 episcopis,
1109 1413 1205 1478 vel
1259 1413 1648 1494 sequentibus
1696 1412 2038 1484 ordinibus,
2073 1412 2181 1491 qui

539 1512 924 1570 sacrosancta
947 1505 1235 1586 mysteria
1257 1503 1910 1584 contrectantmlacuit
1932 1504 2006 1563 ab
2037 1517 2180 1564 uxo-

537 1595 714 1660 ribus
741 1597 1053 1659 contineri
1078 1594 1446 1677 [abstineri].

621 1684 724 1749 25.
758 1683 1036 1748 Aurelius
1065 1685 1389 1765 episcopus
1420 1681 1575 1744 dixit
1599 1683 1663 1734 53
1697 1703 1709 1745 :
1740 1681 2184 1756 Addimus,fra-

2253 607 2590 686 φυλάξωμεν,

2338 698 2462 775 Περί
2546 697 2809 780 διαμόρων
2905 701 3099 767 τάξεων
3176 701 3509 784 ὀφειλςυσῶν
3602 703 3894 783 ἀπέχεσθαι

2254 799 2544 856 γυναικων,

2335 866 2407 930 δ’,
2439 877 2741 935 Φαυστϊνος
2769 871 3066 937 ἐπίσκοπος
3129 873 3355 934 [Ιικένου
3403 880 3507 941 τῆς
3570 874 3898 942 Ποτεντηνῆς

2256 959 2470 1038 χώρας,
2504 962 2885 1037 τοποτηρητὴς
2931 963 3029 1030 τῆς
3062 962 3389 1031 Ἐκκλησίας
3439 955 3685 1036 Ῥώμης,
3721 965 3892 1022 εἶπεν

2257 1048 2507 1126 έΑρέσ-κει
2578 1050 2671 1105 ’ίνα
2755 1050 3069 1125 ἐπίσκοπος,
3172 1055 3259 1110 καὶ
3338 1052 3726 1132 πρεσϐύτερος,
3814 1055 3899 1110 καὶ

2261 1136 2529 1215 διάκονος,
2589 1142 2677 1196 καὶ
2719 1142 2916 1207 πάντες
2963 1144 3009 1198 οἱ
3082 1144 3146 1198 τὰ
3198 1144 3311 1221 ἱερὰ
3372 1143 3763 1224 ψηλαφῶντες,
3808 1148 3899 1212 τῆς

2263 1232 2606 1308 σωφροσύνης
2665 1232 2952 1311 ὑπάρχωσι
3012 1233 3267 1313 φύλακες,
3315 1236 3403 1292 καὶ
3467 1241 3737 1312 γυναικῶν
3794 1235 3898 1290 ἀπ-

2263 1340 2522 1397 εχωνται,

2346 1411 2472 1488 Περὶ
2558 1410 2868 1469 ἐπισκόπων
2954 1415 3043 1471 καὶ
3125 1414 3232 1470 τῶν
3318 1414 3606 1490 ἑπομένων
3682 1412 3898 1485 τάξεων,

2263 1505 2372 1555 τῶν
2427 1502 2494 1557 τὰ
2563 1501 2692 1579 ἅγια
2744 1504 3015 1581 μυστήρια
3076 1508 3471 1583 ψηλαφουσῶν,
3540 1504 3733 1581 ὥρισεν
3803 1503 3902 1559 ἀπὸ

2236 1626 2249 1633 ς
2267 1595 2533 1668 γυναικῶν
2567 1590 2999 1669 ἐγκρατεύεσθαι,

2346 1678 2451 1742 κε’.
2486 1680 2749 1759 Αὐρήλιος
2786 1682 3076 1746 ἐπίσκοπος
3111 1684 3268 1740 εἶπεν
3305 1698 3321 1715 ⁸
3356 1687 3717 1761 Προστίθημι,
3749 1679 3902 1737 ἀδελ-

542 1782 666 1836 tres
696 1773 1061 1855 cbarissimi,
1123 1780 1432 1853 praterea,
1486 1791 1620 1834 cum
1676 1770 1751 1833 de
1783 1771 2179 1853 quorumdam

2283 1771 2354 1848 poi
2399 1770 2746 1846 τιμιώτατοι,
2792 1773 3256 1850 προσεπιτούτοις,
3321 1773 3376 1829 ἒν
3431 1781 3510 1848 τῷ
3562 1772 3901 1853 ἀναφέρεσθαι

548 1863 943 1937 clericorum,
974 1863 1245 1944 quamvis
1276 1862 1596 1937 lectorum,
1628 1880 1768 1941 erga
1800 1880 2019 1925 uxores
2051 1882 2183 1941 pro-

543 1954 675 2035 pris
702 1952 1145 2016 incontinentis
1197 1951 1555 2027 referretur,
1608 1950 1858 2032 placuit,
1911 1953 2073 2033 quod
2122 1954 2185 2014 in

543 2042 795 2106 diversis
815 2041 1093 2105 conciliis
1124 2043 1424 2105 ﬁrmatum
1457 2050 1572 2120 est,
1602 2048 1667 2102 ut
1696 2040 2185 2123 subdiaconi,qui

542 2150 714 2195 sacra
764 2133 1044 2213 mysteria
1104 2132 1247 2213 [ηις.
1309 2131 1674 2211 ministeria]
1724 2140 2187 2194 ccntrectantet

547 2222 685 2302 [ηις.
718 2220 886 2303 item]
917 2221 1184 2295 diaconi,
1209 2228 1270 2284 et
1301 2219 1655 2301 presbyteri,
1690 2220 1795 2282 sed
1830 2229 1887 2282 et
1918 2221 2187 2301 episcopi

543 2310 880 2375 secundum
924 2312 1127 2393 priora
1175 2310 1314 2390 [ms
1354 2310 1617 2391 propria]
1648 2319 1867 2373 statuta
1898 2312 2076 2373 etiam
2113 2312 2186 2374 ab

545 2400 834 2463 uxoribus
875 2419 940 2463 se
982 2401 1358 2475 contineant,
1392 2407 1457 2461 ut
1486 2408 1765 2480 tanquam
1796 2419 1921 2461 non
1953 2401 2187 2463 baben-

546 2498 639 2552 tes
666 2490 986 2554 videantur
1013 2508 1188 2553 esse:
1226 2491 1390 2571 quod
1424 2489 1542 2551 nisi
1575 2490 1854 2564 fecerint,
1891 2490 1964 2553 ab
1995 2493 2189 2554 eccle-

548 2579 790 2642 siastico
821 2588 1253 2643 removeantur
1282 2581 1511 2641 ofﬁcio.
1542 2578 1803 2643 Cmteros
1831 2589 2027 2641 autem
2061 2582 2189 2643 cle-

548 2668 711 2730 rieos
740 2670 812 2731 ad
847 2669 963 2732 hoc
995 2688 1113 2731 non
1146 2669 1305 2750 cogi,
1362 2668 1481 2732 nisi
1533 2668 1843 2733 maturiori
1874 2679 2068 2734 mtate.
2098 2672 2192 2735 Ab

548 2758 829 2822 universo
861 2758 1120 2822 concilio
1152 2758 1378 2822 dictum
1413 2767 1502 2821 est
1536 2779 1550 2819 :
1579 2759 1723 2832 Quae
1756 2770 1948 2821 vestra
1976 2761 2195 2822 sancti-

550 2856 639 2912 tas
665 2856 755 2912 est
776 2849 937 2930 justo
970 2848 1305 2926 moderata,
1342 2857 1402 2913 et
1454 2859 1684 2925 sancta,
1718 2859 1777 2912 et
1807 2849 1929 2913 Deo
1976 2851 2192 2933 placita

551 2945 691 3000 sunt
721 2940 1172 3002 conﬁrmamus.

628 3040 756 3117 Qui
786 3042 999 3104 clerici
1028 3040 1104 3104 ab
1128 3040 1430 3105 uxoribus
1460 3040 1715 3105 debeant
1744 3042 2054 3107 abstinere
2074 3050 2102 3107 ?

631 3218 772 3280 285
795 3221 895 3284 70.
929 3219 1231 3284 Praeterea
1248 3222 1313 3272 54
1334 3223 1478 3300 (11),
1515 3238 1650 3283 cum
1695 3223 1770 3285 de
1793 3223 2192 3300 quorumdam

549 3309 1217 3391 clericorum,quamvis
1238 3329 1382 3391 erga
1403 3329 1625 3373 uxores
1650 3312 1924 3393 proprias
1943 3314 2199 3377 inconti-

551 3399 756 3462 nentia
774 3399 1109 3462 referretur
1137 3422 1153 3473 ;
1182 3401 1406 3481 placuit
1428 3407 1768 3482 episcopos,
1797 3411 1858 3465 et
1884 3403 2196 3483 presbyte-

549 3496 740 3567 ros,et
767 3489 1062 3553 diaconus
1086 3491 1420 3553 secundum
1443 3491 1645 3571 priora
1672 3501 1890 3555 statuta
1916 3494 2096 3555 etiam
2123 3492 2197 3555 ab

548 3579 846 3642 uxoribus
862 3580 1179 3644 continere
1207 3601 1221 3642 :
1244 3581 1405 3664 quod
1428 3582 1543 3643 nisi
1583 3581 1862 3655 fecerint,
1895 3582 1970 3644 ab
1994 3583 2198 3646 eccle-

553 3668 801 3733 siastico
825 3679 1256 3734 removeantur
1277 3670 1774 3735 ofﬁcio.Caateros
1793 3680 1990 3733 autem
2015 3673 2199 3735 cleri-

551 3775 656 3820 cos
684 3757 758 3820 ad
789 3758 904 3821 hoc
958 3778 1077 3822 non
1109 3760 1266 3840 cogi,
1301 3760 1409 3823 sed
1442 3763 1785 3824 secundum
1819 3760 2203 3842 uniuscujus-

554 3865 674 3929 que
722 3848 1015 3911 Ecclesiae
1061 3850 1560 3912 consuetudinem
1612 3848 1919 3912 observari
1951 3850 2198 3916 debere.

723 3941 997 4006 Concilii
1022 3944 1376 4006 cecumenici
1404 3961 1460 4005 vr
1490 3961 1754 4006 canones
1786 3944 1883 4019 l2,
1918 3945 2017 4007 l3.

635 4035 737 4097 12.
773 4034 955 4098 Porro
985 4036 1104 4099 hoc
1134 4055 1377 4117 quoque
1406 4036 1480 4099 ad
1505 4036 1906 4116 cognitionem
1935 4046 2200 4100 nostram

554 4125 848 4207 pervenit,
883 4133 1030 4201 etc.,
1060 4132 1130 4188 ut
1156 4144 1293 4206 pag.
1333 4127 1474 4188 514.

598 4215 766 4278 13.55
779 4213 1072 4288 Quoniam
1096 4213 1385 4277 Romana:
1406 4213 1696 4277 Ecclesiae
1720 4232 1825 4295 pro
1841 4224 2201 4280 canonetra—

552 4303 741 4366 ditum
767 4321 901 4365 esse
913 4303 1399 4381 cognovimus,ut
1417 4303 1818 4383 promovendi
1834 4304 1904 4366 ad
1920 4305 2202 4368 diacona-

551 4391 793 4460 tum.vel
810 4391 1710 4476 presbyteratum,proﬁteantur
1730 4412 1795 4456 se
1814 4413 1931 4455 non
1948 4397 2203 4477 amplius

2209 3176 2255 3232 ο

2265 1860 2445 1916 ἕνεκεν
2502 1859 2814 1937 ἐγκρατείας
2849 1862 2947 1929 τῆς
2996 1864 3112 1939 περὶ
3143 1863 3237 1928 τὰς
3268 1861 3401 1927 ἰδίας
3435 1877 3699 1942 γυναῖκας
3754 1867 3904 1917 τινῶν

2266 1955 2373 2007 τῶν
2416 1948 2710 2030 κληρικῶν]
2755 1951 3037 2026 ἐξαιρέτως
3068 1952 3456 2025 ἀναγνωστῶν,
3500 1955 3562 2010 τὸ
3590 1954 3679 2009 καὶ
3711 1955 3763 2008 ὲν
3791 1949 3901 2007 δια-

2268 2039 2451 2120 φόροις
2511 2039 2752 2105 σλνόδοις
2797 2039 3117 2121 βεϐαιωθέν,
3158 2043 3296 2099 ὥστε
3350 2044 3473 2109 τοὺς
3532 2042 3901 2106 ὕποδιακὸνους

2269 2130 2387 2192 τοὺς
2421 2130 2487 2185 τὰ
2516 2131 2628 2209 ἱερὰ
2659 2132 2926 2209 μυστήρια
2977 2130 3368 2212 ψηλαφῶντας,
3412 2134 3503 2189 καὶ
3547 2135 3669 2199 τοὺς
3725 2130 3901 2189 διακό-

2271 2240 2421 2293 νους,
2458 2220 2557 2276 καί
2612 2219 3021 2299 πρεσϐυτέρους,
3066 2220 3209 2278 ἀλλὰ
3265 2224 3354 2278 καὶ
3400 2223 3729 2287 ἐπισκόπους
3775 2222 3902 2279 κατᾶ

2271 2309 2392 2372 τοὺς
2423 2306 2583 2373 ἰδίους
2616 2309 2791 2387 ὅρους,
2825 2313 2914 2366 καὶ
2954 2310 3013 2366 ἐκ
3044 2317 3150 2367 τῶν
3195 2310 3431 2388 συμϐίων
3481 2313 3898 2391 ὲγκρατεύεσθαι,

2270 2399 2364 2454 ἵνα
2407 2401 2478 2464 ὡς
2523 2400 2601 2475 μὴ
2635 2402 2855 2479 ἔχοντες
2888 2402 3020 2457 ὦσιν
3055 2417 3069 2432 ’
3118 2400 3249 2480 ὅπερ
3289 2404 3332 2459 εἱ
3365 2404 3442 2477 μὴ
3482 2404 3789 2482 ποιήσουσι,
3821 2408 3902 2459 τοό

2271 2487 2727 2555 ἐκκλησιαστικοῦ
2794 2489 3162 2557 ἀποκινηθῶσι
3219 2494 3555 2562 καθήκοντος
3595 2510 3609 2523 ·
3669 2493 3788 2554 τοὺς
3852 2489 3901 2547 δὲ

2272 2578 2492 2639 λοιποὺς
2550 2578 2842 2657 κληρικοὺς
2898 2582 3027 2657 πρὸς
3073 2583 3229 2637 τοῦτο
3273 2583 3350 2657 μὴ
3399 2582 3812 2660 ἀναγκάζεσθαι,
3862 2581 3901 2636 εἰ

2276 2670 2356 2744 μὴ
2415 2670 2471 2725 ἐν
2514 2668 2876 2749 προϐεϐηκυῖα
2933 2673 3106 2750 κείρᾳ,
3144 2670 3282 2728 Ἀπὸ
3328 2674 3513 2737 πάσης
3564 2671 3764 2752 ἐλέχθη
3810 2675 3899 2736 τῆς

2278 2757 2517 2822 συνόδου,
2546 2760 2721 2837 "Amp
2751 2763 2784 2828 ἡ
2816 2762 3045 2839 ὑμετέρα
3076 2764 3353 2840 ἀγιωσύνη
3386 2761 3608 2827 δικαίως
3641 2763 3901 2839 ἐρύθμισεν

2270 2850 2564 2929 ἱεροπρεπῆ
2597 2847 2726 2908 ὄντα
2756 2853 2842 2909 καὶ
2871 2853 3148 2934 θεάρεστα,
3182 2850 3533 2931 βεϐαιοῦμεν.

2355 3032 2481 3108 Περὶ
2565 3039 2661 3089 τοῦ
2743 3044 2895 3090 ποῖοι
2975 3031 3244 3111 ὀφείλουσι
3341 3032 3596 3113 κληρικοὶ
3667 3036 3900 3113 γαμετῶν

2276 3112 2601 3190 ἀπέχεσθαι,

2357 3215 2428 3279 θ’.
2470 3217 2919 3294 Προσεπιτούτοις
2976 3216 3033 3273 ἐν
3062 3219 3139 3292 τῷ
3171 3220 3288 3297 περὶ
3322 3219 3637 3297 ἐγκρατείας
3670 3219 3762 3287 τῆς
3790 3215 3902 3294 περῖ

2278 3308 2373 3369 τὰς
2434 3308 2630 3370 οἰκείας
2682 3307 2947 3385 γαμετὰς,
2992 3315 3152 3365 τινῶν
3185 3311 3619 3384 μνημονεύεσθαι
3650 3309 3901 3387 κληρικὼν

2278 3397 2468 3477 ἤρεσεν
2503 3415 2519 3432 ⁶
2578 3397 2718 3454 ὥστε
2775 3398 2897 3459 τοὺς
2954 3398 3282 3463 ἐπισκόπους
3316 3401 3404 3456 καὶ
3439 3400 3505 3456 ἐκ
3533 3404 3637 3457 τῶν
3669 3397 3805 3455 ἰδίων
3830 3397 3900 3452 ἔτι

2281 3488 2391 3564 μὴν
2448 3485 2744 3567 ἀπέχεσθαι
2790 3490 3040 3565 γαμετῶν
3076 3508 3087 3521 °
3129 3487 3260 3567 ὅπερ
3290 3492 3335 3546 εἰ
3367 3491 3443 3565 μὴ
3475 3491 3780 3566 ποιήσαιεν,
3806 3487 3900 3542 ἀπὸ

2280 3584 2379 3643 τῆς
2437 3576 2893 3644 ἐκκλησιαστικῆς
2954 3574 3321 3646 ὰτέοκινηθῶσι
3384 3578 3587 3646 τάξεως
3625 3597 3638 3610 ⁹
3686 3579 3799 3641 τοὺς
3852 3575 3901 3630 δὲ

2280 3666 2502 3729 λοιποὺς
2534 3666 2826 3744 κληρικοὺς
2884 3670 3018 3745 πρὸς
3050 3670 3207 3726 τοῦτο
3238 3671 3317 3744 μὴ
3349 3670 3761 3747 ἀναγκάζεσθαι,
3793 3663 3900 3721 ἀλλ’

2284 3756 2515 3838 ὀφείλειν
2566 3758 2703 3814 κατὰ
2761 3758 2859 3825 τὴν
2930 3758 3165 3826 ἑκάστης
3252 3759 3587 3829 Ἐκκλησίας
3644 3759 3900 3829 συνήθειαν

2285 3847 2807 3929 παραφυλάττεσθαι,

2446 3940 2676 4001 Συνόδου
2706 3944 3081 4017 οἰκουμενικῆς
3110 3943 3275 4011 ἕκτης
3306 3946 3484 4003 κανὼν
3523 3946 3622 4023 ιβ’,
3656 3943 3749 4021 ιγ’.

2368 4025 2467 4112 ιβ’.
2515 4037 2613 4093 Καὶ
2668 4045 2826 4095 τοῦτο
2881 4035 2935 4093 δὲ
2997 4038 3072 4101 εἷς
3126 4040 3322 4115 γνῶσιν
3398 4041 3664 4117 ἡμετέραν
3731 4034 3896 4107 ἦλθεν,

2285 4148 2338 4187 κ.
2375 4148 2426 4184 τ.
2462 4124 2518 4185 λ.

2366 4215 2460 4293 ιγ’.
2496 4213 2723 4283 Ἐπειδὴ
2758 4216 2809 4272 ἐν
2842 4219 2910 4293 τῇ
2954 4208 3231 4292 Ῥωμαίων
3287 4216 3608 4298 Ἐκκλησίᾳ,
3666 4218 3718 4274 ἐν
3767 4211 3894 4277 τάξει
3974 4268 3977 4271 .

2280 4306 2508 4369 κανόνος
2595 4304 2982 4384 παραδεδόσθαι
3058 4305 3376 4385 διέγνωμεν,
3434 4311 3562 4373 τοὺς
3619 4306 3901 4383 μέλλονταςγ

2283 4394 2530 4452 διακόνου
2561 4395 2596 4463 ἢ
2628 4394 2986 4475 πρεσϐυτέρου
3035 4396 3304 4462 ἀξιοῦσθαι
3361 4400 3718 4478 χειροτονίας,
3776 4395 3894 4451 καθ-

550 4481 680 4545 suis
695 4480 983 4543 uxoribus
1004 4482 1464 4562 conjungendos
1491 4503 1507 4559 ;
1533 4502 1648 4545 nos
1670 4483 1979 4565 antiquum
2012 4504 2190 4548 cano-

2283 4487 2577 4563 ομολογεϊν
2607 4487 2679 4551 ὡς
2709 4485 2885 4543 οὖκέτι
2939 4500 3060 4548 ταῖς
3107 4490 3276 4544 οὔτῶν
3325 4492 3677 4546 συνάπτονται
3724 4505 3893 4564 γυναι-

552 4589 691 4634 nem
710 4570 1058 4652 apostolica;
1080 4571 1471 4652 perfectionis
1489 4573 1842 4654 ordinisque
1862 4586 2190 4656 servantes,

2283 4575 2381 4649 ξὶν,
2432 4579 2597 4651 ἡμεῖς
2647 4582 2723 4648 τῷ
2779 4576 2995 4654 ἀρχαίῳ
3051 4576 3519 4641 ἐξακολουθοῦντες
3581 4577 3758 4636 κακόνι
3806 4576 3893 4635 τῆς

550 4660 861 4724 hominum
921 4661 1026 4741 qui
1083 4670 1225 4723 sunt
1284 4662 1343 4722 in
1402 4661 1591 4724 sacris
1624 4663 1889 4743 legitima
1919 4666 2190 4745 conjugis

2283 4665 2649 4732 ἀποστολικῆς
2706 4664 2976 4742 ἀκριϐείας
3037 4668 3127 4723 καὶ
3184 4668 3411 4740 τάξεως,
3473 4670 3541 4725 τὰ
3598 4671 3700 4724 τῶν
3756 4666 3893 4738 ἱερῶν

551 4750 845 4831 deinceps
869 4768 1109 4831 quoque
1158 4750 1332 4813 ﬁrma
1369 4761 1426 4813 et
1460 4752 1698 4815 stabilia
1727 4772 1862 4816 esse
1894 4756 2194 4830 volumus,

549 4858 934 4923 nequaquam
969 4858 1186 4904 eorum
1220 4860 1355 4903 cum
1390 4842 1673 4904 uxoribus
1705 4844 2195 4924 conjunctionem

549 4929 976 5011 dissolventes,
1008 4930 1098 4992 vel
1144 4948 1249 4993 eos
1289 4939 1493 4993 mutua
1518 4939 1790 5011 tempore
1810 4934 2195 4998 convenienti

546 5018 989 5085 consuetudine
1011 5019 1335 5099 privantes.
1353 5020 1756 5093 Quamobrem
1771 5022 1822 5084 si
1836 5022 2195 5103 quisdignus

544 5108 831 5171 inventus
849 5107 1163 5189 fuerit,qni
1183 5109 1760 5191 bypodiaconus,vel
1783 5112 2097 5190 diaconus,
2111 5115 2195 5176 vel

551 5196 871 5278 presbyter
901 5197 1322 5274 ordinetur,.is
1355 5199 1426 5263 ad
1477 5199 1656 5262 talem
1688 5202 1935 5281 gradum
1971 5209 2193 5267 assumi

547 5304 929 5370 nequaquam
964 5286 1382 5368 prohibeatur,
1422 5288 1473 5351 si
1524 5309 1657 5353 cum
1708 5292 1973 5372 legitima
2004 5313 2196 5357 uxore

627 5475 691 5526 53
720 5473 998 5553 Carthag.
1029 5494 1087 5551 v,
1125 5492 1258 5541 can.
1292 5477 1329 5539 3
1359 5485 1420 5541 et
1456 5479 1547 5543 10.

629 5652 756 5736 (10)
783 5651 905 5718 MS.
936 5652 1092 5739 quod
1126 5655 1404 5723 omnino.

2279 4754 2483 4831 ἀνδρῶν
2512 4756 2649 4812 κατὰ
2691 4756 2887 4830 νόμους
2945 4756 3275 4830 σννοικέσια,
3327 4759 3412 4813 καὶ
3444 4758 3550 4816 ἀπὸ
3584 4765 3672 4816 τοῦ
3701 4762 3781 4810 νῦν
3812 4747 3893 4826 έρδ

2280 4844 2475 4924 ῥῶσθαι
2518 4844 2842 4921 βουλόμεθα,
2872 4843 3143 4919 μηδαμῶς
3181 4849 3354 4905 αὐτῶν
3387 4849 3488 4914 τὴν
3545 4849 3675 4925 πρὸς
3732 4860 3891 4921 γαμε-

2276 4935 2373 4998 τὰς
2431 4936 2716 5014 συνάφειαν
2773 4933 3100 5015 διαλύοντες,
3158 4936 3193 5004 ἢ
3252 4937 3664 5016 ἆποστερουντες
3722 4930 3890 4992 αὖτοὺς

2277 5026 2379 5091 τῆς
2410 5027 2540 5102 πρὸς
2586 5023 2854 5094 ἂλλήλοος
2900 5026 3039 5081 κατὰ
3083 5027 3262 5098 καιρὸν
3294 5028 3385 5083 τὸν
3420 5029 3752 5106 προσήκοντα
3780 5022 3892 5094 ὅμι-

2278 5114 2395 5177 Λίας
2433 5133 2450 5151 ⁶
2508 5113 2648 5173 ὥστε
2687 5112 2741 5170 εἴ
2794 5137 2876 5178 τις
2938 5113 3082 5180 ἄξιος
3132 5117 3369 5194 εὗρεθείη
3422 5120 3553 5194 πρὸς
3586 5110 3891 5195 χειροτονίαν

2276 5204 2654 5284 ὑποδιακόνου,
2684 5204 2720 5273 ἢ
2752 5203 3023 5279 διακόνου,
3075 5205 3112 5273 ἢ
3160 5204 3538 5287 πρεσϐυτέρου,
3598 5206 3744 5266 οὗτος
3790 5220 3889 5273 μη-

2277 5293 2458 5373 δαμως
2509 5293 2798 5354 κωλυέσθω
2855 5295 2940 5351 ἐπὶ
2984 5298 3226 5353 τοιοῦτον
3268 5298 3472 5374 βαθμὸν
3519 5293 3887 5375 ἐμϐιϐάζεσθαι,

1638 5480 1701 5536 54
1731 5482 1915 5547 Conc.
1952 5483 2233 5567 Carthag.
2266 5503 2326 5564 ν,
2363 5503 2499 5549 can.
2532 5481 2607 5561 3;
2639 5482 2823 5548 Afric.
2859 5502 2912 5547 c.
2950 5485 3052 5549 37.
3136 5484 3199 5536 55
3227 5482 3372 5548 Can.
3405 5491 3594 5567 apost.
3629 5482 3686 5545 5.

2368 5669 2413 5743 (t
2433 5666 2494 5745 1)
2517 5662 2587 5726 Ει
2612 5662 2677 5727 in
2703 5663 2820 5729 hoc
2836 5661 2967 5749 ipso
2996 5664 3209 5733 codice
3238 5665 3517 5753 superius
3549 5682 3677 5730 can.
3707 5662 3801 5723 25.
