4004 6230
231 395 326 463 761

826 399 1249 467 SYNTAGMA
1292 404 1688 471 CANONUM.
1751 443 1821 453 -—
1875 402 2035 471 TJT.
2086 405 2190 491 IX,
2239 409 2404 473 CAP.
2459 411 2687 491 XXIII,
2733 409 2952 476 XXIV.

3462 406 3580 491 762

232 538 418 618 γαμετῇ
476 542 739 597 συνοικὼν
798 541 1007 616 νομίμῳ
1035 559 1047 573 ·
1085 543 1224 616 μήτε
1262 546 1357 619 μὲν
1391 546 1445 602 ἐν
1478 548 1555 620 τῷ
1583 552 1682 615 τῆς
1718 570 1839 629 χει-

1963 546 2259 608 ohabitet.
2302 546 2416 608 Sed
2452 563 2650 625 neque
2673 543 3078 606 ordinationis
3104 554 3380 626 tempore
3403 545 3476 611 ab
3508 565 3582 609 eo

232 630 445 707 ροτονίας
493 637 662 708 καιρῷ
706 630 1033 688 ἂπαιτείσθω
1070 636 1095 690 ὃ
1148 645 1385 696 τοιοῦτος
1421 636 1737 718 ὁμολογεῖν,
1780 640 1851 702 ὡς

234 719 569 787 ἂποστήσεται
620 723 719 788 τῆς
764 721 996 796 νομίμου
1050 725 1183 801 πρὸς
1227 726 1328 792 τὴν
1378 724 1577 783 οἰκείαν
1610 729 1853 806 γαμετὴν

233 807 424 881 ὁμιλίας
457 824 471 839 ⁸
519 807 613 865 ἵνα
659 810 737 883 μὴ
789 812 1028 867 ἓντεῦθεν
1056 814 1148 868 τὸν
1180 812 1239 869 ἐκ
1272 823 1402 871 Θεοῦ
1434 818 1856 893 νομοθετηθέντα

234 898 311 953 ναὶ
338 896 688 976 εὖλογηθὲντα
739 907 806 974 τῇ
862 903 1020 958 αὒτοῦ
1078 904 1339 981 παρουσίᾳ
1370 906 1569 983 γέμον,
1606 905 1854 983 καθυϐρί-

232 994 325 1059 ζειν
352 985 716 1077 ἐκδιασθώμεν
749 1005 763 1021 ⁸
819 996 917 1057 τῆς
963 998 1056 1047 τοῦ
1106 992 1434 1072 Εὖαγγελίου
1477 998 1659 1077 φωνῆς
1707 997 1855 1068 βοώ-

233 1076 464 1143 σης⁸ηΑ
515 1078 541 1134 ὃ
587 1080 717 1143 Θεὸς
778 1079 1005 1153 ἔζευξεν,
1073 1082 1354 1161 ἅνθρωπος
1413 1085 1493 1159 μὴ
1550 1086 1852 1166 χωριζέτω·

233 1168 309 1223 καὶ
335 1174 423 1222 τοῦ
448 1166 785 1226 Ἀποστόλου
816 1168 1180 1252 διδάσκοντος,
1218 1174 1405 1248 Τίμιον
1442 1177 1525 1231 τὸν
1556 1175 1729 1253 γάμον
1760 1180 1854 1233 καὶ

232 1256 318 1324 τὴν
345 1258 526 1324 κοίτην
581 1259 839 1333 ἀμίαντον
875 1280 890 1295 ⁸
948 1264 1059 1336 καὶ,
1099 1263 1319 1320 Δέδεσαι
1349 1265 1561 1342 γυναικί
1589 1285 1612 1343 ;
1644 1267 1721 1340 μὴ
1753 1268 1858 1337 ζή-

232 1368 300 1402 τει
328 1346 474 1403 λύσιν
509 1363 523 1376 ’
556 1347 723 1424 ἴσμεν
754 1348 803 1405 δὲ
840 1350 987 1415 ὅπως
1019 1355 1107 1409 καὶ
1140 1355 1187 1409 οἱ
1233 1354 1288 1409 ἐν
1340 1355 1680 1433 Καρθαγὲννῃ
1725 1378 1856 1413 συν-

230 1434 455 1501 ελθόντες
488 1442 584 1504 τῆς
646 1439 701 1494 ἐν
744 1440 844 1516 βίῳ
900 1442 1235 1516 σεμδότητος
1277 1449 1385 1499 τῶν
1415 1444 1740 1523 λειτουργῶν
1771 1469 1857 1503 τι-

229 1527 422 1599 θέμενοι
468 1527 721 1604 πρόνοιαν
779 1528 981 1610 ἔφασαν
1018 1549 1031 1563 '
1097 1532 1237 1589 ὥστε
1292 1535 1415 1598 τοὺς
1476 1534 1859 1602 ὑποδιακόνους

228 1616 335 1678 τοὺς
366 1617 429 1673 τὰ
489 1619 602 1692 ίερὰ
653 1622 922 1698 μυστήρια
968 1620 1364 1703 ψηλαφῶντας,
1398 1627 1487 1681 καὶ
1519 1626 1640 1689 τοὺς
1672 1623 1860 1682 διακό-

228 1727 332 1770 νους
384 1708 474 1764 καὶ
525 1707 932 1791 πρεσϐυτέρους,
993 1713 1135 1769 κατὰ
1194 1715 1319 1778 τοὺς
1352 1712 1515 1778 ἰδίως
1547 1715 1725 1793 ὅροσς,
1772 1717 1862 1774 καὶ

228 1796 281 1853 ἐκ
307 1797 409 1852 τῶν
437 1795 679 1871 συμϐίων
709 1799 1120 1877 ἐγκρατεύεσθαι
1157 1821 1169 1838 '
1217 1803 1312 1862 ’ἕνα
1357 1807 1444 1861 καὶ
1493 1808 1553 1862 τὸ
1611 1804 1696 1862 διὰ
1755 1809 1862 1861 τῶν

1942 637 2367 716 postuletur,ut
2396 636 2790 718 proﬁteantur
2814 652 2878 696 se
2901 655 2930 697 ει
2955 636 3376 716 legitimacum
3402 656 3587 699 uxore

1939 727 2380 788 consuetudine
2396 724 2808 788 abstenturam
2844 746 2863 789 :
2886 744 2963 787 ne
2987 746 3056 787 ex
3076 746 3146 789 eo
3171 728 3344 790 aDeo
3369 727 3590 789 conSti-
3626 748 3630 753 ·
3666 740 3670 743 ’

1939 823 2094 877 tutas
2125 826 2177 877 et
2212 834 2318 878 sua
2353 814 2675 895 prmsentia
2713 815 3064 876 benedictas
3100 817 3335 899 nuptias
3364 817 3587 897 injuria

1937 905 2177 967 afﬁcere
2191 924 2396 985 cogam
2408 905 2850 983 unci-angelica
2870 922 3013 965 voce
3032 905 3588 981 exclamante:Quuz

1939 995 2096 1056 Deus
2117 995 2659 1075 conjzmxitﬁomo
2685 1011 2804 1055 non
2823 1001 3068 1073 separet
3090 992 3151 1045 ὅϐ
3177 1015 3190 1055 :
3220 1004 3279 1057 et
3299 995 3586 1075 Apostolo

1942 1082 2896 1161 docenteﬂonorabilcsnuptias
2926 1091 2983 1144 et
3003 1092 3199 1145 torum
3228 1085 3585 1146 immacula-

1943 1179 2069 1237 tum
2092 1175 2175 1248 57,
2206 1183 2264 1234 et
2280 1172 2595 1253 Alligatus
2619 1191 2680 1234 es
2705 1173 2845 1233 286
2868 1173 3087 1235 uxori?
3108 1192 3184 1236 ne
3205 1191 3409 1253 quaere
3426 1177 3588 1236 solu-

1943 1270 2167 1326 tionem
2188 1266 2250 1316 58
2279 1283 2292 1325 :
2326 1264 2553 1324 scimus
2584 1272 2809 1339 autem,
2846 1261 3003 1323 sicut
3026 1271 3084 1324 et
3107 1262 3209 1343 qui
3233 1262 3588 1340 Carthagine

1942 1362 2368 1416 convenerunt
2397 1353 2506 1422 δι’.
2548 1363 2605 1413 et
2648 1353 2782 1413 vitae
2816 1351 3227 1413 ministrorum
3259 1353 3591 1414 honestatis

1941 1462 2146 1505 curam
2172 1453 2455 1523 gerentes
2479 1443 2786 1517 dixerunt,
2820 1451 2887 1503 ut
2918 1442 3399 1522 subdiaconi,qui
3423 1460 3594 1504 sacra

1947 1539 2230 1614 mysteria
2260 1541 2735 1605 contrectant,et
2765 1533 3101 1602 diaconi,et
3135 1532 3466 1612 presbyteri
3498 1550 3595 1591 se-

1944 1624 2210 1685 cundum
2265 1623 2542 1704 proprios
2594 1622 2890 1684 terminos
2921 1641 2954 1682 a
2989 1620 3374 1683 consortibus
3404 1620 3595 1683 absti-

1946 1725 2131 1774 neant
2166 1736 2179 1771 :
2216 1723 2278 1774 ut
2309 1720 2368 1773 et
2400 1713 2563 1793 quod
2596 1730 2704 1792 per
2733 1711 3038 1792 apostolos
3068 1710 3351 1772 traditum
3386 1719 3497 1785 est,
3536 1714 3598 1771 et

1946 1801 2020 1864 ab
2066 1803 2197 1883 ipsa
2227 1821 2419 1884 usque
2463 1802 2822 1883 antiquitate
2855 1809 3180 1876 servatum,
3219 1819 3329 1861 nos
3360 1818 3597 1881 quoque

228 1885 537 1944 ἀποστόλων
564 1887 884 1965 παραδοθὲν,
918 1893 1007 1948 καὶ
1038 1894 1203 1964 ἡμεῖς
1258 1895 1459 1969 ὁμοίως
1517 1893 1857 1976 φυλάξωμεν,

1963 1892 2228 1955 similiter
2260 1904 2847 1969 servemus,tempus
2873 1893 2932 1952 in
2960 1891 3125 1952 omni
3148 1908 3215 1951 re
3243 1890 3601 1964 Scientes,et

226 1979 396 2054 καιρὸν
453 1979 550 2034 ἐπὶ
594 1982 794 2044 παντὸς
848 1982 1202 2055 ἓπιστάμειοοι
1256 1984 1603 2061 πράγματος,
1634 1986 1723 2041 καὶ
1749 1986 1864 2060 μά-

224 2063 368 2122 λιστα
415 2069 675 2134 νηστείας
732 2071 821 2126 καὶ
883 2076 1220 2151 προσεδχῆς.
1284 2074 1401 2151 Χρὴ
1456 2076 1557 2153 γὰρ
1612 2086 1733 2141 τοὺς
1788 2083 1866 2149 τῷ

225 2162 381 2233 καιρῷ
408 2158 520 2223 τῆς
549 2157 654 2213 τῶν
698 2158 868 2236 ἁγίων
918 2162 1373 2241 μεταχειρίσεως,
1404 2163 1685 2240 ἐγκρατεῖς
1717 2165 1863 2221 εἶναι

228 2241 274 2298 ἒν
301 2251 486 2319 πᾶσιν,
531 2245 680 2305 ὅπως
734 2247 1030 2316 δυνηθῶσιν
1070 2251 1129 2306 οὒ
1172 2254 1315 2329 παρὰ
1352 2260 1445 2309 τοῦ
1490 2261 1621 2310 Θεοῦ
1676 2254 1863 2318 ἆπλῶς

225 2334 443 2393 αἰτοῦσιν
472 2336 770 2418 ἐπιτυχεῖν
805 2356 820 2373 θ
856 2339 907 2394 εἴ
938 2361 1021 2403 τις
1074 2343 1162 2398 οὖν
1213 2341 1505 2417 τολμήσει,
1553 2345 1697 2422 παρὰ
1738 2346 1861 2407 τοὺς

224 2422 612 2489 ἆποστολικοὺς
661 2428 892 2492 κανόνας
957 2432 1295 2504 κινούμενος,
1330 2433 1449 2488 τινὰ
1482 2434 1589 2488 τῶν
1631 2434 1860 2509 ἱερωμέ-

223 2534 336 2589 νων,
394 2514 777 2595 πρεσϐυτέρων
834 2526 1035 2598 φαμεν,
1105 2520 1134 2587 ἥ
1185 2519 1471 2593 διακόνιον,
1502 2524 1536 2590 ἡ
1567 2522 1861 2579 ὑποδιακόο

226 2624 337 2678 νων,
396 2606 731 2685 ἀποστερεῖν
764 2614 865 2675 τῆς
909 2610 1039 2688 πρὸς
1072 2611 1172 2677 τὴν
1207 2612 1440 2686 νόμιμον
1470 2626 1703 2688 γυναῖκα
1735 2635 1863 2668 συνο

225 2693 393 2774 epeia:
423 2718 482 2753 τε
512 2698 608 2753 καὶ
641 2700 946 2773 κοινωνίας,
993 2701 1346 2779 καθαιρείσθω
1381 2718 1396 2732 ·
1461 2704 1714 2764 ὡσαύτως
1776 2704 1867 2760 καὶ

221 2783 267 2837 εἴ
296 2806 376 2848 τις
408 2785 800 2865 πρεσϐύτερος,
835 2790 869 2857 ἡ
913 2788 1186 2862 διάκονος,
1240 2792 1335 2859 τὴν
1392 2792 1583 2848 ἑαυτοῦ
1636 2806 1866 2870 γυναῖκα

219 2875 465 2955 προςρᾶσει
540 2875 823 2941 εὺλαϐείας
883 2876 1161 2959 ἐκϐάλλει,
1224 2880 1555 2960 ἆφοριζέσθω
1590 2898 1604 2914 °

217 2984 310 3019 νων
337 2963 414 3040 δὲ,
446 2967 838 3046 καθαιρείσθω.

293 3062 546 3116 ΚΕΦΑΛ.
643 3058 769 3122 Kl".

219 3143 327 3209 τοὺς
354 3145 642 3212 ἀσθενεῖς.

1667 2880 1867 2959 ἐπιμέ-

855 3092 937 3104 -
996 3059 1122 3137 Περὶ
1173 3058 1437 3141 κληρικοῦ
1505 3061 1869 3142 χλευάζοντος

694 3239 1042 3299 Ἀποστόλων
1084 3244 1264 3301 κανὼν
1303 3245 1403 3317 νζ’.

291 3331 389 3402 vf.
428 3334 496 3392 Εἴ
529 3357 617 3398 τις
656 3333 939 3417 κληρικὸς,
980 3336 1166 3415 χωλὸν
1197 3338 1232 3406 τη
1264 3341 1471 3421 κωφὸν,
1498 3363 1554 3399 κ.
1586 3362 1639 3402 τ.
1674 3339 1727 3400 λ.

298 3519 527 3571 ΚΕΦΑΛ
594 3514 739 3576 ΚΔ⁹.
815 3549 887 3561 -
947 3519 1071 3594 Περὶ
1130 3516 1391 3595 κληρικοῡ
1442 3520 1629 3580 ἑαυτὸν
1686 3520 1870 3600 ἀκρω-

224 3602 587 3677 τηριᾶζοντος.

694 3698 1044 3756 Ἀποστόλων
1074 3702 1253 3757 κανὼν
1296 3698 1408 3779 κγ’.

296 3789 402 3866 κγ’.
438 3787 513 3848 Εἴ
548 3812 642 3854 τις
674 3791 934 3869 κληρικὸς
967 3794 1042 3851 ὢν
1065 3794 1254 3851 ἑαυτὸν
1284 3795 1702 3875 ἆκρωτηριάσει,
1738 3799 1871 3853 καθ-

226 3879 458 3955 αιρείσθω
488 3897 502 3911 ⁶
540 3882 746 3962 φονεὺς
782 3882 879 3960 γάρ
912 3882 1056 3940 ἐστιν
1089 3886 1302 3944 ἑαυτοῦ.

642 3973 883 4033 Συνόδου
916 3979 1138 4043 Νικαίας
1172 3979 1348 4037 κανὼν
1381 3980 1456 4042 α’.

290 4064 362 4129 α’.
426 4069 493 4127 Εἴ
559 4091 653 4132 τις
727 4067 783 4126 ἐν
840 4075 980 4144 νόσῳ
1047 4073 1151 4128 ὑπὸ
1208 4073 1402 4151 ἰατρῶν
1452 4072 1870 4155 ἐχειρουργοίβη,

220 4176 267 4217 κ.
299 4178 348 4219 τ,
381 4157 440 4220 λ.

221 4243 436 4303 Συνόδου
505 4250 560 4307 α’
624 4250 717 4305 καὶ
779 4247 830 4325 β’
900 4252 1359 4328 συγκροτηθεέσης
1441 4251 1497 4307 ἐν
1582 4263 1875 4311 Κωνσταν-

289 4330 600 4386 τινουπόλει
662 4330 720 4386 ἒν
794 4334 873 4403 τῷ
932 4336 1043 4404 ναῷ
1100 4338 1209 4388 τῶν
1267 4332 1467 4410 Ἀγίων
1526 4331 1875 4392 Ἀποστόλων

292 4410 463 4464 κανὼν
492 4411 551 4479 η’
566 4453 583 4469 .

294 4496 370 4562 η’.
406 4499 475 4556 ’Ὀ
506 4504 667 4564 θεῖος
703 4500 796 4555 καὶ
826 4501 965 4575 ἱερὸς
997 4506 1105 4558 τῶν
1154 4502 1322 4580 ἁγίων
1352 4503 1672 4561 ἀποστόλων
1701 4509 1876 4563 κανὼν

1949 1984 2207 2045 maxime
2239 1983 2299 2044 in
2324 1982 2565 2063 jejunio
2589 1991 2647 2043 et
2697 1982 2993 2044 oratione.
3015 1979 3271 2060 Oportet
3302 1981 3461 2042 enim
3496 1996 3599 2041 eos

1947 2072 2054 2150 qui
2078 2073 2281 2134 divino
2305 2073 2477 2134 altari
2500 2072 2861 2146 assident,in
2890 2080 3238 2131 sanctorum
3266 2069 3601 2131 tractando-

1950 2182 2081 2224 rum
2102 2171 2381 2244 tempore
2402 2182 2534 2225 esse
2560 2161 2811 2223 omnino
2844 2163 3246 2232 continentes,
3277 2169 3339 2220 ut
3370 2160 3603 2240 possint

1948 2252 2005 2314 id
2030 2255 2186 2334 quod
2209 2274 2241 2315 a
2264 2254 2387 2315 Deo
2408 2252 2768 2333 simpliciter
2796 2259 3007 2331 petunt
3029 2249 3334 2311 obtinere.
3367 2249 3427 2312 Si
3462 2248 3599 2324 quis

1947 2360 2088 2420 ergo
2108 2342 2285 2404 fuerit
2308 2361 2487 2404 ausus
2516 2349 2734 2421 praeter
2768 2338 3135 2421 apostolicos
3158 2357 3423 2400 canones
3445 2339 3595 2400 inci-

1949 2440 2104 2494 tatus
2122 2433 2387 2514 aliquem
2407 2449 2617 2493 eorum
2641 2431 2741 2510 qui
2765 2439 2907 2492 sunt
2948 2432 3007 2491 in
3032 2430 3249 2498 sacris,
3276 2425 3598 2509 presbyte-

1947 2539 2180 2604 rorum,
2213 2522 2523 2603 inquimus
2546 2520 2641 2581 vel
2667 2521 3088 2591 diaconorum,
3118 2519 3204 2579 vel
3228 2516 3596 2599 hypodiaco-

1948 2629 2192 2687 norum,
2220 2613 2654 2691 conjunctione
2686 2629 2823 2672 cum
2850 2610 3121 2689 legitima
3152 2625 3340 2670 uxore
3365 2616 3423 2670 et
3444 2625 3596 2669 con-

1948 2702 2272 2763 suetudine
2304 2706 2565 2781 privare,
2600 2700 2962 2779 deponatur.
2999 2697 3295 2760 Similiter
3319 2696 3440 2757 etsi
3464 2698 3598 2777 quis

1953 2790 2265 2871 presbyter
2284 2791 2372 2853 vel
2397 2792 2693 2853 diaconus
2708 2807 2880 2851 suam
2905 2806 3153 2850 uxorem
3183 2786 3432 2864 pietatis
3455 2802 3600 2866 prse-

1949 2889 2111 2942 textu
2146 2881 2786 2961 ejecerit,segregetur
2820 2901 2833 2943 :
2870 2879 2995 2941 etsi
3034 2877 3597 2960 perseveret,depo-

1951 2979 2154 3033 natur.
3554 2998 3559 3003 ’

2032 3061 2197 3125 CAP.
2231 3059 2439 3127 XXIII.
2474 3097 2553 3109 —
2580 3061 2662 3123 De
2694 3059 2917 3123 clerico
2960 3058 3241 3139 inﬁrmos
3268 3053 3591 3118 irricleute.

2379 3247 2420 3308 Α
2430 3244 2801 3327 pas-talorum
2834 3259 3032 3305 canon
3064 3242 3163 3302 5'7.

2034 3339 2109 3400 57
2139 3338 2301 3419 [56].
2336 3337 2397 3400 Si
2429 3340 2564 3418 quis
2599 3337 2864 3399 clericus
2889 3332 3165 3398 claudum
3200 3333 3291 3395 vel
3320 3332 3631 3408 surdum,-

1953 3438 2101 3502 etc.,
2127 3437 2195 3491 ut
2219 3447 2358 3508 pag.
2388 3429 2534 3490 738.

2037 3520 2205 3583 CAP.
2238 3519 2445 3584 XXIV.
2490 3555 2563 3567 -—
2624 3520 2707 3582 De
2738 3517 2957 3581 clerico
2988 3519 3094 3597 qui
3117 3519 3376 3598 seipsum
3407 3515 3595 3576 muti—

1956 3609 2062 3672 lat.

2384 3704 2820 3785 Apostolorum
2853 3721 3051 3767 canon
3076 3701 3178 3762 23.

2036 3799 2113 3861 23
2145 3796 2286 3879 [22].
2314 3796 2377 3860 Si
2409 3798 2544 3879 quis
2567 3816 2702 3859 cum
2725 3798 2802 3858 sit
2825 3793 3387 3873 clericus,seipsum
3416 3789 3603 3851 muti-

1957 3888 2192 3964 laverit,
2220 3888 2598 3968 deponatur:
2635 3898 2725 3949 est
2753 3887 2915 3950 enim
2952 3885 3044 3947 sui
3069 3882 3401 3947 homicida.

2269 3983 2406 4043 287
2444 3981 2703 4045 Consilii
2729 3980 2971 4043 Nicwni
3001 3995 3198 4042 canon
3231 3980 3288 4041 t.

2040 4079 2098 4141 1.
2133 4075 2193 4140 Si
2225 4076 2362 4156 quis
2394 4094 2427 4138 a
2462 4073 2783 4138 medicinis
2815 4076 2874 4136 in
2916 4073 3124 4136 morbo
3155 4070 3421 4145 excisus,
3456 4074 3601 4141 etc.,

1957 4176 2027 4231 ut
2052 4185 2196 4249 pag.
2227 4167 2369 4229 503.

1960 4259 2186 4339 Synodi
2216 4275 2351 4338 qua:
2368 4259 2579 4399 prima
2613 4264 2670 4319 et
2702 4255 2970 4318 seczmdu
3002 4256 3392 4332 nuncupatur
3422 4249 3598 4313 Cons-

2039 4341 2362 4399 tantinam
2396 4340 2495 4399 ita
2518 4336 2748 4399 templo
2778 4338 3146 4398 Sanctorum
3176 4334 3598 4399 Apostolorum

2039 4334 2495 4418 ιαηιὶιῐοροιὶἰη
2518 4336 2748 4415 templo
2778 4338 3146 4398 Sanctorum
3176 4334 3608 4413 Apostolorum

2038 4426 2406 4498 congregata
2441 4436 2633 4479 canon
2661 4418 2723 4480 8.

2041 4510 2100 4571 8.
2128 4509 2378 4570 Divinos
2395 4516 2455 4571 et
2480 4526 2653 4570 sacer
2677 4517 3027 4570 sanctorum
3052 4502 3468 4585 apostolorum
3501 4518 3607 4563 ca-

224 4584 335 4647 τοὺς
376 4588 752 4665 ἐκτέμνοντας
812 4590 1032 4653 ἑαυτοὺς
1092 4594 1482 4671 αὖτοφονευτὰς
1540 4595 1730 4672 κρίνει,
1791 4619 1859 4651 κα

1964 4617 2079 4659 non
2098 4599 2296 4673 59,eos
2315 4598 2416 4679 qui
2439 4617 2505 4658 se
2530 4598 2691 4678 ipsos
2712 4605 2978 4659 castraut
2999 4584 3135 4657 esse
3158 4594 3248 4655 sui
3276 4590 3610 4679 homicidas

222 4673 372 4748 ἱερεῖς
417 4678 519 4752 μὲν
553 4679 721 4740 ὄντας
754 4682 1027 4757 καθαιρεῖ,
1086 4680 1407 4754 μέλλοντας
1436 4681 1499 4739 δέ
1523 4685 1613 4740 καὶ
1645 4689 1747 4751 τῆς
1793 4686 1864 4740 ἐπ

1963 4687 2221 4767 judicat.
2252 4673 2394 4750 Etsi
2420 4673 2803 4768 sintquidem
2830 4686 3203 4756 sacerdotes,
3239 4681 3527 4761 deponit;
3560 4676 3608 4738 si

224 4764 503 4838 ἱερωσύνην
538 4768 835 4846 προκοπῆς
886 4769 1131 4846 ἀπείργει
1168 4788 1182 4802 ⁶
1238 4770 1402 4838 δῆλον
1461 4773 1694 4829 ἐντεῦθεν
1737 4778 1873 4831 καθ-

228 4859 395 4935 ιστῶν,
455 4860 531 4920 ὡς
585 4858 753 4933 εἶπερ
813 4859 840 4913 ὁ
890 4859 1080 4915 ἑαυτὸν
1138 4861 1411 4935 ἱκτέμνων
1479 4864 1873 4941 αὒτοφονευτής

228 4939 379 5016 ἐστιν,
440 4950 469 5003 ὁ
528 4947 725 5024 ἕτερον
801 4946 1076 5021 ἐκτέμνων
1132 4950 1351 5014 πάντως
1408 4939 1672 5030 φονευτής
1732 4954 1870 5011 ἐστι’

226 5030 327 5099 θείη
358 5032 404 5088 δ’
450 5033 513 5093 ἄν
560 5058 651 5099 τις
700 5039 794 5092 τὸν
829 5047 1063 5096 τοιοῦτον
1096 5036 1313 5103 δικαίως
1348 5043 1434 5097 καὶ
1466 5042 1564 5107 τῆς
1610 5040 1872 5122 δημιουρ-

226 5122 331 5194 γίας
372 5126 535 5193 αὐτῆς
570 5126 863 5203 ὕϐριστήν,
921 5128 1117 5204 Διόπερ
1169 5128 1361 5205 ὥρισεν
1389 5132 1424 5198 ἡ
1472 5131 1597 5207 ἁγία
1629 5132 1869 5206 σύνοδος,

228 5209 293 5275 ὣς
320 5212 367 5267 εἴ
397 5235 480 5280 τις
512 5216 846 5287 ἐπίσκοπος,
882 5218 916 5284 ἡ
973 5214 1344 5295 πρεσϐύτερος,
1390 5221 1427 5287 ἦ
1475 5218 1743 5294 διάκονος,
1780 5227 1873 5281 εὐ-

230 5305 472 5379 νουχίζων
515 5306 641 5360 τινὰ
675 5304 943 5383 ἐλεγχθῇ,
978 5306 1014 5373 ἦ
1052 5308 1388 5385 αὐτοχειρίᾳ,
1423 5312 1456 5376 ἡ
1481 5308 1533 5373 ἐξ
1566 5309 1874 5389 ἐπιτάγμα-

232 5407 333 5458 τνς.
389 5402 579 5450 τοῦτον
625 5393 936 5471 καθαιρέσει
981 5395 1481 5455 καθυποϐἀλλεσθαι
1518 5414 1531 5427 ⁶
1580 5400 1623 5454 εἷ
1656 5398 1708 5455 δὲ
1741 5396 1874 5456 λαΐ-

235 5478 317 5539 the
368 5483 484 5563 εἴη,
531 5485 879 5564 ἀφορίζεσθαι
918 5503 930 5517 ⁶
979 5484 1119 5554 πλὴν
1181 5489 1227 5543 εἰ
1271 5489 1440 5563 μήπω
1495 5488 1706 5562 νόσημά
1763 5512 1872 5545 τινι

1952 4790 2078 4838 ‘non
2101 4778 2223 4838 sint
2260 4787 2483 4850 autem,
2513 4797 2586 4839 ne
2611 4778 2684 4837 ad
2708 4775 3113 4838 sacerdotium
3141 4776 3612 4852 promoveantur

1961 4867 2342 4948 prohibet,ex
2360 4886 2430 4929 eo
2445 4876 2654 4949 aperte
2672 4864 3139 4943 statuens,quod
3168 4862 3216 4921 si
3243 4862 3288 4919 is
3312 4857 3413 4938 qui
3434 4875 3501 4916 se
3523 4856 3610 4935 ip-

1958 4975 2087 5017 sum
2116 4958 2412 5019 exsecavit
2442 4959 2531 5017 sui
2559 4965 2649 5017 est
2672 4951 3109 5031 homicida,qui
3136 4950 3318 5010 alium
3345 4954 3606 5022 exsecat,

1956 5055 2045 5108 est
2066 5048 2318 5109 omnino
2345 5044 2888 5108 homicidaMerito
2911 5051 3107 5103 autem
3133 5037 3412 5100 statuerit
3432 5036 3601 5116 quis-

1959 5137 2116 5216 piam
2145 5156 2282 5197 eum
2311 5155 2551 5216 quoque
2576 5136 2633 5195 in
2660 5132 2971 5212 opiﬁcium
2998 5127 3506 5190 contumeliosum
3533 5124 3611 5187 vi-

1957 5226 2117 5286 deri.
2152 5225 2560 5299 Quamobrem
2602 5221 2871 5284 decrevit
2913 5228 3117 5281 sancta
3145 5216 3437 5298 synodus,
3473 5216 3609 5276 utsi

1955 5314 2090 5393 quis
2109 5314 2549 5395 episcopus,vel
2573 5309 3609 5391 presbyter,veldiaconus,castrare

1956 5402 2220 5482 aliquem
2241 5402 2553 5464 convictus
2570 5400 2879 5473 fuerit,vel
2905 5416 3082 5459 manu
3108 5395 3477 5477 propria,vel
3499 5410 3608 5453 suo

1949 5490 2151 5570 jussu,
2189 5493 2241 5555 is
2266 5489 2633 5573 depositioni
2659 5488 3016 5570 subjiciatur
3050 5509 3063 5551 :
3093 5486 3239 5550 sisit
3261 5493 3463 5548 autem
3489 5482 3607 5544 lai-

309 5676 879 5774 ωῌὲιίξδέακδί
966 5681 1031 5733 ⁵⁷
1071 5681 1261 5760 ne”,
1293 5699 1419 5762 XIII,
1454 5684 1515 5755 4ο
1600 5683 1715 5755 581
1769 5683 1903 5753 Cor.
1937 5705 2039 5767 νη,
2074 5692 2175 5758 27.
2256 5688 2346 5743 58'
2382 5687 2565 5757 Conc.
2613 5687 2892 5774 Carthag.
2940 5703 3006 5765 ιι,
3038 5703 3170 5749 can.
3221 5689 3281 5749 2.
3366 5681 3429 5738 59
3460 5677 3604 5745 Can.

247 5766 426 5847 apost.
455 5762 558 5841 9.2,
595 5761 679 5823 23
710 5769 774 5827 et
800 5761 895 5841 24.
