4134 6200
252 367 376 437 765
730 455 737 457 _
1056 370 1480 440 SYNTAGMA
1506 346 1915 437 ’cANoNUM,

2003 405 2054 416 —
2103 368 2257 436 TIT.
2306 371 2415 457 IX,
2461 374 2624 440 CAP.
2672 364 2863 441 xxv.
3528 356 3647 434 766

720 455 743 481 ὅ

244 509 319 573 είς
360 505 584 587 ἐχθρὸν,
635 503 791 573 ἤίνα
846 504 1058 576 ἐκεῖνος
1100 505 1180 583 μὴ
1223 503 1368 580 δημο
1391 508 1584 586 σιεύσῃ
1628 508 1750 573 τοὺς
1794 526 1915 567 συν-

2006 504 2626 589 oppresserit,ultimo
2649 506 2947 589 supplicio
2984 501 3645 587 afﬁcitur.Suspicioes

255 599 491 675 ίστορας,
1991 596 2180 679 enim,
2214 599 2416 678 ipsum
2470 599 2584 662 hoc
2637 606 2916 678 tanquam
2968 593 3215 658 inimico
3269 594 3512 672 fecisse,
3547 605 3652 659 aut

1983 683 2175 770 [certe
2202 685 2393 766 ideo],
2426 706 2502 750 ne
2535 687 2640 750 ille
2664 686 2951 751 facinoris
2981 685 3177 748 socios
3196 684 3556 766 publicaret.

343 777 503 856 Λέγει
524 775 579 833 δὲ
602 776 698 834 καί
744 772 892 855 prex.
927 775 981 834 α’
1011 788 1105 837 τοῦ
1138 777 1269 842 κώδ.
1302 779 1408 840 τίτ.
1455 777 1503 835 δ’
1534 775 1672 840 διάτ,
1707 776 1785 856 γ’,
1821 776 1902 833 ὅτι

2068 776 2381 840 Dicitvero
2404 777 2583 840 etiam
2610 777 2714 841 lib.
2738 775 2913 840 Icod.
2942 775 3031 838 tit.
3051 775 3113 849 4,
3149 784 3347 839 const.
3382 774 3442 855 3,
3478 777 3641 858 quod

252 871 303 928 οἱ
348 868 548 948 γόητες
592 868 682 924 καὶ
721 868 779 922 ἓν
821 879 947 929 ταῖς
989 867 1216 948 ἡμέραις
1275 873 1377 936 τῆς
1435 867 1757 950 Πασχαλίας
1803 866 1902 943 ἐγ-

2003 868 2455 948 πιεειίεἰιιιοτεε
2481 866 2543 931 in
2569 866 2786 929 diebus
2808 864 3205 930 Paschalibus
3231 872 3292 928 et
3333 865 3650 930 includan-
3706 938 3711 941 ν

254 958 529 1017 κλείονται
572 960 660 1016 καὶ
691 956 1011 1034 δεσμούνται
1047 976 1064 994 ⁸
1098 960 1185 1017 καὶ
1213 956 1355 1018 διάτ.
1391 957 1442 1015 α’
1471 961 1565 1015 τοῦ
1596 962 1754 1017 αὗτοῦ
1796 956 1901 1019 τίτ.

2003 976 2087 1022 :ur
2116 967 2175 1020 et
2204 957 2568 1022 vinciantur.
2603 957 2675 1020 Et
2704 964 2899 1019 const.
2938 956 3013 1018 l0
3045 955 3320 1035 ejusdem
3348 957 3440 1018 tit.
3476 956 3642 1039 quod

258 1047 345 1105 ὅτι
390 1050 438 1104 οἱ
480 1048 852 1122 μαθηματικοὶ
891 1048 971 1122 μὴ
1028 1048 1272 1112 καίοντες
1319 1049 1414 1110 τὰς
1445 1047 1660 1125 βίϐλους
1706 1049 1900 1120 αὐτῶν,

2003 1047 2400 1111 mathematici
2431 1048 2531 1130 qui
2558 1066 2677 1110 non
2697 1045 3100 1109 concrematis
3124 1063 3327 1107 coram
3353 1045 3639 1128 episcopo

259 1139 354 1197 καὶ
396 1137 711 1218 προσιόντες
781 1143 850 1214 τῇ
919 1136 1177 1214 όρθοδόξῳ
1229 1139 1403 1194 πίστει
1466 1136 1551 1195 ἐπὶ
1613 1143 1719 1194 τῶν
1778 1137 1900 1194 ἑπι-

2010 1138 2160 1201 ibrls
2180 1137 2305 1200 suis
2326 1137 2401 1200 ad
2423 1136 2816 1200 orthodoxam
2837 1136 3018 1199 fidem
3038 1136 3440 1210 accesserint,
3477 1134 3645 1197 omni

260 1228 508 1301 σκόπων,
555 1226 733 1294 πάσης
780 1218 1128 1284 ’ἀπωθοῦνται
1171 1226 1383 1291 πόλεως
1417 1244 1433 1260 ⁸
1495 1229 1539 1284 εί
1568 1224 1624 1284 δὲ
1667 1230 1721 1284 ἓν
1753 1225 1907 1284 πόλει

2003 1227 2233 1292 civitate
2266 1227 2570 1310 pellantur
2603 1247 2616 1287 :
2655 1235 2735 1302 et,
2770 1226 2821 1288 si
2866 1228 2927 1288 in
2960 1225 3195 1289 civitate
3227 1223 3474 1309 [aliqua]
3504 1226 3643 1288 fue-

260 1319 571 1397 εὑρεθῶσιν,
615 1316 653 1383 ἦ
696 1316 765 1374 τὰ
807 1316 904 1384 τῆς
951 1314 1083 1381 ίδίας
1133 1319 1420 1397 θρησκείας
1469 1315 1907 1393 δημοσιεύοντες,

2003 1319 2118 1380 rint
2141 1317 2528 1399 deprehensi,
2563 1316 2654 1377 vel
2688 1316 3181 1379 caeremoniarum
3221 1333 3462 1378 suarum
3494 1332 3640 1396 pro—

262 1405 623 1486 δεπορτατεύο
636 1427 743 1464 οται
754 1454 769 1468 .

2003 1408 2316 1471 fessionem
2348 1406 2768 1488 publicaverit,
2804 1405 3227 1488 deportentur.
3398 1416 3405 1423 ‘

349 1497 448 1557 Καὶ
478 1496 585 1558 τίτ.
621 1493 695 1553 ια’
726 1500 819 1553 τοῦ
849 1496 1009 1552 αὑτοῦ
1051 1493 1199 1573 βιϐλ,
1232 1492 1349 1552 διάτ
1382 1511 1396 1526 ⁸
1456 1493 1535 1573 β’.
1584 1494 1786 1564 Μηδεὶς
1829 1493 1915 1552 διὰ

2084 1499 2325 1561 Textus.
2355 1496 2427 1559 Et
2445 1497 2534 1558 tit.
2562 1497 2628 1558 11
2667 1495 2941 1576 ejusdem
2975 1494 3338 1560 lib.constit.
3362 1495 3425 1561 2.
3453 1494 3640 1558 Nemo

260 1585 788 1667 σπλαγχνοσκοπίας
843 1585 1185 1661 μαντευέσθω
1215 1601 1230 1616 ⁸
1293 1591 1499 1664 πικρῶς
1574 1587 1676 1667 γὰρ
1732 1608 1914 1662 τιμω-

2003 1605 2108 1666 per
2135 1595 2405 1651 extorum
2440 1587 2776 1650 sectionem
2798 1585 3330 1651 divinato.Acerbe
3347 1586 3509 1648 enim
3535 1606 3648 1666 pu-

261 1690 443 1758 ρεῖται
480 1678 510 1733 6
564 1682 672 1733 τῶν
734 1674 1042 1733 ἐνεστώτων
1107 1676 1203 1751 καί
1260 1674 1594 1751 μελλόντων,
1650 1675 1796 1755 παρά
1853 1677 1915 1732 τὸ

2003 1678 2183 1753 nitur,
2218 1677 2319 1759 qui
2351 1686 2565 1741 contra
2592 1683 2838 1740 vetitum
2870 1676 3260 1759 praesentium
3294 1675 3386 1738 vel
3418 1676 3649 1739 futura-

262 1765 667 1840 κεκωλυμένον,
756 1764 997 1836 ἐκζητῶν
1076 1765 1176 1834 τὴν
1259 1764 1516 1835 ἀλήθειαν
1552 1786 1567 1804 ·
1647 1764 1795 1843 βιϐλ.
1870 1762 1914 1821 ε’

2003 1786 2128 1829 rum
2164 1766 2428 1851 [rerum]
2463 1768 2739 1849 explorat
2770 1766 3109 1829 veritatem.
3145 1765 3279 1830 Lib.
3317 1783 3371 1843 v,
3413 1765 3501 1830 tit.
3544 1767 3648 1844 l7,

264 1857 374 1916 τίτ.
411 1855 479 1927 ιζ’
508 1853 650 1918 διάτ,
681 1853 767 1922 η’·
802 1852 1051 1931 Εὒλόγως
1082 1855 1111 1910 6
1144 1853 1281 1933 ἀνὴρ
1310 1855 1566 1932 εὑρίσκων
1596 1854 1696 1923 τὴν
1728 1855 1915 1912 ἑαυτοῦ

2003 1858 2242 1921 constit.
2275 1858 2312 1923 8
2347 1879 2360 1917 :
2394 1857 2639 1920 Maritus
2680 1857 3149 1936 deprehendens
3197 1873 3448 1918 uxorem
3479 1873 3647 1919 suam

262 1946 512 2025 γαμετὴν
569 1944 874 2023 φαρμακὸν,
939 1940 1198 2020 ρεπουδίῳ
1261 1942 1375 1999 λόει
1440 1946 1533 2001 τὸν
1578 1944 1777 2023 γάμον,
1826 1946 1915 2001 καὶ

2003 1947 2324 2010 veneficam
2350 1947 2528 2029 [esse,
2566 1948 2773 2025 misso]
2808 1945 3064 2027 repudio
3097 1954 3261 2008 recte
3312 1945 3489 2007 solvit
3513 1963 3646 2007 ma-

260 2037 326 2094 ἒκ
355 2041 449 2092 τοῦ
503 2033 742 2090 ἐναντίου
772 2033 807 2100 ἧ
854 2032 1013 2110 γυνὴ,
1066 2042 1158 2092 τοῦ
1203 2030 1391 2109 ἀνδρὸς
1423 2030 1574 2101 ὄντος
1605 2043 1908 2114 φαρμακοῦ,

2003 2035 2347 2098 trimonium
2377 2055 2390 2101 :
2419 2044 2479 2099 et
2510 2055 2543 2098 e
2575 2036 2813 2098 diverso
2848 2034 3090 2110 mulier,
3137 2035 3188 2096 si
3220 2035 3311 2097 vir
3343 2035 3648 2098 veneficus

264 2125 467 2201 ὁμοίως
508 2124 598 2181 καὶ
630 2124 664 2191 ἡ
709 2123 829 2200 περὶ
879 2119 1169 2199 ῥεπουδίων
1203 2143 1386 2201 νεαρα,
1418 2121 1563 2200 βιϐλ,
1609 2127 1657 2196 ζ’
1687 2125 1792 2185 τίτ.
1839 2121 1912 2190 ξε’

261 2213 387 2272 διάτ
415 2212 470 2292 β’
501 2229 517 2244 ⁸
568 2205 625 2271 Ὀ
672 2211 768 2269 ἐπὶ
812 2213 1034 2290 γοητείᾳ
1091 2209 1524 2293 καταδικασθεὶς,
1573 2216 1617 2270 εί
1676 2215 1775 2289 μὲν
1804 2214 1914 2271 ἀπὸ

266 2304 577 2382 τεκμηρίων
633 2302 721 2359 καὶ
791 2302 1070 2378 μαρτύρων
1143 2303 1232 2358 καὶ
1302 2301 1435 2367 ὶδίας
1492 2302 1685 2383 ἐλεγθῇ
1740 2325 1913 2361 κατα-

265 2396 490 2467 θέσεως,
549 2394 577 2449 6
634 2391 721 2448 ἐπὶ
790 2391 1012 2469 γοητείᾳ
1084 2388 1513 2467 καταδικασθεῖς,
1575 2398 1636 2453 οὒ
1691 2391 1911 2450 δύναται

268 2482 617 2541 ἐκκαλεῖσθαι
651 2497 666 2512 ⁸
715 2482 759 2537 εί
802 2478 858 2537 δὲ
918 2480 1026 2537 ἀπὸ
1070 2480 1353 2559 μαρτύρων
1391 2483 1478 2538 καὶ
1534 2481 1911 2558 δικαιωμάτων

265 2575 359 2631 καὶ
421 2568 596 2628 ἄλλων
637 2569 968 2648 τεκμηρίων,
1014 2574 1075 2629 οὗ
1134 2571 1245 2645 μὴν
1301 2571 1389 2626 καὶ
1437 2569 1490 2637 ἐξ
1521 2573 1717 2634 οἰκείας
1746 2594 1915 2629 κατα-

263 2661 492 2735 θέσεως,
550 2658 586 2727 ἥ
657 2658 805 2741 φόϐῳ
872 2660 979 2717 τῶν
1051 2659 1301 2737 βασάνων
1358 2662 1638 2741 κατέθετο,
1695 2659 1913 2718 δύναται

262 2751 643 2810 ἒκκαλεῖσθαι.
678 2748 835 2813 Βιϐλ,
868 2749 913 2806 θ’
947 2750 1051 2808 τίτ.
1089 2749 1207 2824 μα’,
1242 2748 1383 2814 διάτ.
1415 2750 1469 2827 γ’
1500 2768 1515 2783 ⁸
1571 2757 1776 2823 Πρῶτοι
1807 2752 1913 2828 βι-

260 2841 562 2911 σανίζονται
622 2840 670 2896 οἱ
714 2837 991 2916 ἀλλότριοι
1050 2836 1254 2917 δοῦλοι,
1289 2840 1378 2896 καὶ
1424 2838 1514 2897 ὅτε
1563 2839 1769 2907 δόξουσι
1816 2840 1911 2897 λέ-

258 2951 376 3011 γειν
407 2928 611 2985 πιθανὰ
644 2930 763 3007 περὶ
805 2931 901 2985 τοῦ
956 2927 1328 3007 ἐγκλήματος,
1391 2930 1512 2987 τότε
1543 2932 1632 2987 καὶ
1675 2934 1703 2989 ὁ
1746 2929 1912 3008 λεγό-

260 3040 424 3096 μενος
486 3017 757 3097 φαρμάξαι
810 3018 1148 3095 βασανίζεται
1184 3036 1198 3050 ⁸
1251 3020 1339 3075 καὶ
1370 3020 1475 3075 τίτ.
1511 3020 1599 3095 μζ⁹
1630 3020 1723 3078 τοῦ
1759 3024 1915 3078 αὐτοῦ

258 3107 409 3187 βιϐλ.
465 3106 604 3170 διάτ,
670 3107 772 3182 ις’
807 3126 821 3141 ·
874 3107 946 3165 Οὔ
990 3107 1076 3164 δεῖ
1106 3107 1428 3187 ψηφίζεσθαι
1473 3112 1594 3187 περὶ
1635 3111 1914 3189 γοητείας,

1994 2123 2198 2187 fuerit.
2232 2125 2532 2189 Similiter
2583 2125 2764 2188 etiam
2812 2124 3072 2199 novella,
3109 2142 3243 2205 quae
3271 2124 3347 2186 de
3375 2124 3650 2206 repudiis

1997 2212 2287 2298 [tractat].
2314 2214 2424 2279 lib.
2446 2233 2542 2289 vu,
2570 2215 2768 2296 tit.65,
2793 2214 3040 2275 constit.
3066 2214 3104 2274 2
3130 2233 3143 2274 :
3171 2212 3463 2276 Veneficii
3494 2233 3647 2276 con-

1996 2304 2338 2380 demnatus,
2367 2304 2418 2367 si
2449 2304 2695 2381 quidem
2728 2303 3117 2383 argumentis,
3158 2302 3436 2378 testibus,
3465 2314 3648 2386 atque

1996 2411 2105 2455 sua
2126 2393 2320 2475 ipsius
2341 2393 2723 2457 confessione
2744 2392 3051 2454 convictus
3076 2392 3279 2466 fuerit,
3305 2412 3426 2455 non
3450 2401 3649 2474 potest

1997 2484 2137 2545 990
2166 2483 2515 2565 appellare:
2577 2485 2625 2545 si
2688 2501 2829 2544 vero
2888 2480 3163 2556 testibus,
3199 2481 3645 2558 instrumentis,

1996 2574 2253 2655 aliisque
2283 2573 2681 2653 argumentis,
2718 2590 2836 2633 non
2868 2580 3067 2633 autem
3115 2589 3222 2633 sua
3271 2571 3653 2635 confessione

2000 2664 2371 2742 [convictus,]
2407 2663 2499 2725 vel
2524 2662 2850 2724 formidine
2880 2669 3313 2723 tormentorum
3337 2660 3653 2725 confessus

1996 2755 2093 2823 sit,
2132 2772 2460 2835 provocare
2514 2771 2632 2814 non
2693 2750 3052 2833 impeditur.
3116 2749 3243 2815 Lib.
3300 2769 3379 2825 lx,
3418 2749 3508 2812 tit.
3542 2754 3645 2832 M,

1996 2844 2235 2907 constit.
2270 2844 2307 2906 3
2340 2865 2353 2903 :
2388 2843 2653 2907 Primum
2714 2844 2869 2905 servi
2931 2841 3115 2906 alieni
3174 2849 3557 2923 torquentur,
3592 2851 3652 2905 et

1996 2933 2237 3015 quando
2268 2933 2342 2996 de
2370 2932 2628 2995 crimine
2678 2932 3032 2996 verisimilia
3079 2932 3287 2994 dicere
3344 2930 3647 3005 videntur,

2002 3032 2142 3086 tunc
2173 3023 2278 3105 qui
2309 3042 2605 3086 venenum
2632 3023 2977 3103 porrexisse
3027 3021 3271 3102 dicitur,
3309 3030 3648 3102 torquetur.

2001 3113 2071 3176 Et
2097 3113 2185 3177 tit.
2219 3116 2292 3176 47
2329 3113 2600 3194 ejusdem
2653 3112 2815 3188 libri,
2851 3110 3093 3174 constit.
3155 3112 3224 3171 16
3258 3131 3271 3174 :
3306 3108 3437 3172 Non
3469 3117 3560 3172 est
3586 3109 3651 3172 in

264 3198 370 3261 ἕως
420 3197 483 3253 ἂν
526 3195 830 3277 ἀποδειχθῇ
870 3201 932 3254 τὸ
976 3196 1231 3276 ἔγκλημα
1290 3196 1376 3254 διὰ
1428 3200 1767 3264 καταθέσεως
1826 3207 1915 3257 τοῦ

2003 3204 2304 3266 veneficos
2354 3203 2605 3267 ferenda
2657 3201 2982 3277 sententia,
3049 3201 3393 3294 priusquam
3429 3206 3537 3294 per
3562 3200 3653 3261 rei

267 3286 767 3367 κατηγορουμένου,
821 3288 915 3344 καί
973 3288 1222 3365 βασάνων
1262 3288 1355 3344 καί
1405 3290 1706 3371 συμφώνων
1742 3312 1915 3348 κατα-

2003 3293 2468 3369 confessionem,
2505 3301 2826 3366 tormenta,
2862 3301 3042 3372 atque
3074 3288 3505 3353 concordantia
3536 3296 3653 3350 tes-

271 3377 496 3441 θέσεων,

357 3474 456 3528 Καὶ
485 3466 631 3545 βιϐλ,
669 3465 731 3542 ι’,
765 3468 870 3530 τίτ.
907 3465 1000 3542 ιε’,
1033 3465 1172 3527 διάτ.
1208 3467 1285 3543 α’,
1321 3467 1405 3527 ὅτι
1434 3468 1680 3536 Ἔξεστιν
1712 3472 1922 3549 ἑκάστῳ

269 3561 328 3617 ἓν
387 3563 466 3631 τῷ
506 3555 620 3632 ἰδίῳ
675 3555 828 3632 τόπῳ
871 3564 1058 3630 ζητεῖν
1103 3559 1393 3637 θησαυρόν,
1452 3556 1578 3616 ἄνευ
1634 3565 1825 3619 θυσιῶν
1881 3561 1919 3631 ἥ

272 3669 416 3711 τινος
505 3648 817 3726 παρανόμου
899 3648 1104 3728 τέχνης
1141 3665 1154 3680 ⁸
1228 3648 1318 3704 καὶ
1394 3648 1653 3708 ἀπολαύει
1713 3653 1740 3708 ὁ
1827 3655 1919 3711 εὖ·

272 3739 494 3817 ρίσκων,
552 3738 642 3794 καὶ
698 3738 816 3815 περὶ
873 3738 979 3795 τῶν
1038 3736 1279 3795 τοιούτον
1348 3739 1446 3795 οὒκ
1516 3737 1684 3805 ἔξεστι
1748 3763 1922 3820 προσ-

272 3824 591 3905 αγγέλλειν.

354 3917 478 3990 Περὶ
510 3915 564 3972 δὲ
589 3916 930 3990 ἀποστατῶν,
968 3920 1137 3998 φησῐν
1165 3921 1193 3977 6
1226 3918 1271 3992 ζ’
1306 3920 1406 3979 τίτ.
1439 3921 1534 3977 τοῦ
1560 3920 1614 3976 α’
1643 3917 1792 3997 βιόλ,
1827 3927 1918 3979 τοῦ

261 4005 400 4065 κώδ.
434 4004 583 4067 διάτ.
617 4006 695 4080 α’,
731 4008 760 4062 6
789 4006 896 4063 ἀπὸ
938 4010 1274 4085 Χριστιανῶν
1305 4010 1585 4087 γινόμενος
1625 4008 1916 4090 Ἰουδαῖος,

262 4094 557 4171 δημεύεται
594 4114 609 4130 ·
643 4094 785 4154 διάτ.
817 4095 893 4173 β’,
942 4099 970 4153 6
1021 4096 1196 4176 λέγων
1252 4100 1343 4156 τὸν
1385 4098 1785 4170 τελευτήσαντα
1838 4100 1918 4177 μή

261 4183 518 4243 δύνασθαι
575 4182 918 4261 διατίθεσθαι,
980 4186 1067 4242 διὰ
1128 4189 1185 4244 τὸ
1245 4187 1350 4246 ἀπὸ
1395 4196 1728 4267 Χριστιανῶν
1759 4192 1918 4250 αὐτὸν

260 4271 528 4334 Ἰουδαῖον
583 4277 618 4346 ἥ
679 4273 928 4343 ’Ἕλληνα
973 4276 1244 4357 γενέσθαι,
1292 4277 1429 4336 εἴσω
1476 4280 1791 4344 πενταετίας
1823 4281 1916 4337 ἐν·

266 4365 419 4443 άγοι⁶
455 4361 591 4421 διάτ⁸
628 4363 705 4442 γ’,
739 4362 819 4420 ὅτι
855 4366 883 4420 6
914 4362 967 4431 ἐξ
999 4364 1277 4443 ὁρθοδόξου
1308 4368 1591 4445 γινόμενος
1624 4371 1912 4448 αἱρετικὸς,

267 4455 332 4510 οὐ
360 4454 847 4532 συναναστρέφεται
878 4467 1001 4517 τοῖς
1032 4454 1358 4535 ἀνθρώποις,
1396 4457 1481 4514 καὶ
1541 4458 1602 4513 03
1653 4459 1915 4538 μαρτυρεῖ

266 4541 304 4611 ἦ
341 4540 651 4617 διατίθεται,
701 4540 820 4599 οὔτε
876 4541 1237 4624 κληρονομεῖ,
1282 4546 1371 4601 καὶ
1414 4547 1509 4601 οὒκ
1565 4544 1686 4626 ἔχει
1745 4548 1914 4622 μετά-

266 4653 418 4690 νοιαν
477 4634 549 4694 ὡς
597 4630 654 4688 ἰν
709 4645 830 4697 τοῖς
888 4630 1075 4698 ἄλλοις
1128 4634 1513 4711 ἁμαρτήμασιν
1551 4650 1566 4665 ⁸
1613 4638 1648 4704 ἡ
1697 4635 1750 4693 δὲ
1789 4636 1917 4714 περί

263 4727 377 4779 τῶν
434 4719 779 4789 Ἐκκληνσιῶν
836 4721 1095 4801 Ἀφρικῆς
1154 4722 1516 4803 διαλεγομένη
1564 4724 1669 4801 ριϐ’
1729 4730 1913 4805 νεαρὰ,

263 4808 448 4867 δίδωσι
508 4812 693 4890 καιρὸν
725 4812 1011 4886 μετανοίας
1043 4826 1161 4879 τοῖς
1220 4812 1273 4879 ἐξ
1331 4813 1621 4893 ὀρθοδόξων
1676 4817 1778 4873 ὕπὸ
1828 4819 1916 4873 ai—

264 4905 494 4980 ρετικῶν
541 4902 890 4976 βαπτισθεῖσι
925 4919 941 4934 ⁸
1003 4899 1148 4964 διάτ.
1205 4901 1275 4977 δ’,
1317 4905 1345 4960 6
1405 4907 1722 4982 Χριστιανὸς
1774 4906 1916 4963 ἀπο-ι

263 4990 397 5054 στὰς
426 4991 518 5047 καὶ
564 4991 750 5070 θύσας,
796 4991 831 5058 ἠ
889 4990 1270 5067 ἐντειλάμενος
1327 4993 1494 5072 ἑτέρῳ
1543 4998 1718 5071 θῦσαι,
1776 4997 1918 5073 παρὰ

261 5081 467 5143 παντὸς
542 5084 961 5159 κατηγορεῖται,
1035 5082 1113 5151 μὴ
1197 5083 1605 5158 ἀντιτιθεμένης
1696 5086 1914 5166 χρονίας

261 5174 624 5248 παραγραφῆς
659 5185 674 5201 ⁸
712 5169 805 5226 καὶ
850 5167 967 5226 οὔτε
1014 5167 1267 5248 δωρεῖται
1316 5171 1496 5237 ἐξότου
1526 5173 1763 5251 ἀποστῇ,
1798 5173 1916 5232 οὔτε

257 5261 317 5315 ἒν
368 5257 620 5337 σχήματι
680 5259 926 5336 πράσεως
1013 5261 1333 5339 περιγράφει
1395 5263 1487 5318 τὸν
1549 5262 1733 5339 νόμον,
1793 5263 1912 5321 οὔτε

259 5347 574 5428 διατίθεται,
610 5346 732 5405 ἀλλ’
766 5348 818 5415 ἐξ
849 5347 1128 5406 ἆδιαθὲτου
1178 5352 1354 5408 πάντα
1399 5364 1519 5415 τοῖς
1578 5353 1739 5411 αὐτοι)
1779 5377 1914 5433 συγ-

260 5436 469 5516 γενέσιν
518 5439 763 5518 ἁρμόζει,
798 5442 884 5501 οἷς
918 5441 1006 5496 καὶ
1050 5440 1186 5513 μετὰ
1227 5440 1453 5498 θάνατον
1504 5444 1717 5522 ἔφεῖται
1776 5467 1916 5502 κατ-

259 5538 512 5604 ηγορεῖν,
577 5528 621 5583 εἰ
682 5528 770 5584 καὶ
828 5530 908 5604 μὴ
964 5527 1152 5607 γέγονε
1202 5530 1341 5586 κατὰ
1368 5536 1569 5603 ζῶντος
1600 5538 1692 5590 τοῦ
1721 5541 1916 5613 μιαροῦ

259 5614 620 5693 προκάταρξις
656 5633 672 5648 ⁸
734 5618 822 5674 καὶ
880 5617 1267 5696 ἀνατρέπονται
1317 5621 1404 5677 καὶ
1472 5622 1524 5677 αἱ
1584 5620 1781 5702 δωρεαί
1825 5626 1914 5683 καὶ

263 5705 313 5774 αἱ
373 5704 625 5787 διαθῆκαι
670 5711 869 5801 αὐτῶν,
916 5709 1004 5765 καὶ
1051 5721 1168 5786 τοῖς
1217 5710 1325 5769 ἀπὸ
1367 5713 1464 5777 τοῦ
1510 5712 1676 5791 νόμον
1707 5712 1912 5777 καλου-

2006 3383 2254 3446 timonia
2286 3383 2600 3463 probatum
2634 3382 2816 3443 fuerit
2848 3380 3102 3443 crimen.

2089 3472 2330 3537 Textus.
2366 3475 2439 3537 Et
2468 3472 2575 3534 lib.
2609 3490 2670 3552 χ,
2704 3471 2793 3532 tit.
2835 3473 2932 3547 15,
2968 3478 3163 3532 const.
3194 3476 3217 3532 1
3253 3490 3269 3531 :
3311 3469 3478 3532 Licet
3509 3467 3648 3529 uni-

2005 3562 2223 3644 cuique
2250 3564 2311 3624 in
2356 3580 2464 3624 suo
2507 3562 2639 3623 loco
2687 3560 2818 3622 sine
2848 3559 3167 3622 sacrificiis
3197 3560 3473 3640 aliquave
3505 3555 3657 3636 legi-

2006 3650 2117 3713 bus
2139 3651 2347 3714 odiosa
2405 3659 2531 3713 arte
2591 3651 2938 3713 thesaurum
3000 3666 3297 3730 quaerere,
3334 3666 3406 3710 ac
3439 3646 3658 3708 fruitur

2002 3741 2271 3818 invento,
2307 3759 2504 3824 neque
2538 3741 2681 3803 licet
2711 3740 2786 3802 de
2816 3757 2884 3802 ea
2919 3739 3007 3821 [re
3038 3738 3112 3800 ad
3147 3736 3512 3819 principem]
3551 3753 3656 3798 re-

2002 3831 2187 3896 ferre.

2082 3921 2170 3984 De
2220 3920 2513 4004 apostatis
2559 3919 2705 3983 dicit
2762 3919 2851 3982 tit.
2906 3919 2969 3994 7,
3002 3916 3111 3978 lib.
3150 3915 3334 3979 lcod.
3362 3922 3556 3978 const.
3593 3916 3654 3989 1,

2004 4013 2164 4095 quod
2197 4014 2299 4096 qui
2326 4032 2394 4076 ex
2427 4011 2773 4075 Christiano
2821 4008 3072 4073 Iudaeus
3123 4007 3312 4070 factus
3343 4014 3457 4083 est,
3493 4005 3657 4096 [ejus

2004 4102 2181 4184 bona]
2210 4095 2644 4167 conliscentur.
2698 4100 2957 4165 Constit.
2991 4099 3047 4163 2.
3088 4098 3200 4173 Qui
3237 4096 3385 4159 dicit
3434 4095 3656 4158 defun-

2004 4201 2163 4257 ctum
2222 4193 2434 4256 testari
2488 4211 2607 4254 non
2658 4191 2954 4273 potuisse,
3016 4188 3177 4272 quod
3209 4206 3279 4249 ex
3311 4186 3655 4251 Christiano

1998 4283 2271 4364 Paganus
2303 4282 2675 4347 autJudaeus
2724 4281 2917 4344 factus
2966 4278 3071 4355 sit,
3123 4279 3278 4341 intra
3309 4276 3656 4357 quinquen-

2002 4374 2169 4455 njum
2202 4375 2341 4454 agit.
2380 4371 2589 4436 Const.
2621 4374 2681 4436 3.
2719 4371 2829 4445 Qui
2859 4388 2929 4431 ex
2962 4368 3298 4431 orthodoxo
3332 4368 3659 4429 haereticus

1998 4463 2188 4526 factus
2206 4472 2449 4537 est,non
2473 4468 2869 4526 conversatur
2891 4478 3027 4523 cum
3058 4458 3433 4534 hominibus,
3461 4473 3658 4536 neque

2003 4553 2421 4615 testimonium
2459 4553 2629 4634 dicit,
2680 4550 2878 4633 neque
2930 4548 3273 4612 testamenti
3331 4546 3654 4610 factionem

2003 4644 2207 4717 habet,
2243 4661 2442 4724 neque
2475 4643 2534 4704 in
2570 4640 3022 4704 haereditatibus
3043 4637 3338 4717 succedit,
3366 4653 3567 4716 neque
3596 4643 3660 4696 ut

1999 4752 2057 4794 ιιι
2082 4733 2218 4794 aliis
2251 4730 3020 4812 criminibus,pmnitentiaa
3044 4728 3426 4811 [remedium]
3453 4724 3655 4786 habet.

1996 4821 2244 4885 Novella
2263 4832 2461 4885 tamen
2486 4823 2726 4904 37,quae
2749 4818 3131 4884 deEcclesiis
3148 4814 3448 4904 Africanis
3470 4812 3659 4874 disse-

1997 4912 2100 4989 rit,
2134 4913 2489 4975 orthodoxis
2522 4903 2622 4994 qui
2671 4911 2747 4973 ab
2803 4907 3108 4972 haereticis
3157 4903 3437 4994 baptizati
3487 4909 3652 4994 sunt,

1999 5002 2367 5083 poenitentiae
2390 4991 2626 5083 tempus
2650 4998 3096 5061 tribuit.Const.
3126 4995 3165 5057 4
3214 4994 3325 5067 Qui
3360 4991 3653 5083 Christia-

2000 5081 2113 5153 nus
2146 5092 2210 5172 [a
2242 5092 2389 5174 fide]
2425 5081 2739 5163 defecerit,
2774 5097 2833 5150 et
2864 5083 3324 5174 sacrificaverit,
3348 5081 3529 5174 aliive
3555 5099 3659 5142 sa-

2000 5170 2278 5254 crificare
2310 5170 2709 5253 mandaverit,
2744 5196 2865 5240 non
2898 5174 3288 5257 oppositurus
3312 5170 3474 5251 longi
3512 5178 3657 5233 tem-

1997 5275 2162 5352 poris
2202 5270 2720 5353 praescriptionem
2748 5287 2781 5329 a
2815 5283 3183 5348 quocunque
3221 5270 3561 5353 accusatur,
3597 5267 3659 5353 et

1999 5350 2299 5442 neque—ex
2324 5380 2442 5442 quo
2460 5350 2798 5422 desciverit
2818 5357 3022 5432 donat,
3059 5373 3254 5435 neque
3287 5350 3655 5415 venditionis

2001 5451 2206 5531 specie
2230 5451 2347 5531 legi
2382 5450 2651 5513 fraudem
2684 5448 2868 5510 facit:
2915 5442 3208 5529 [insuper]
3233 5461 3353 5506 non
3377 5450 3652 5519 testatur,

1997 5540 2104 5603 sed
2120 5541 2193 5604 ab
2216 5542 2501 5603 intestato
2524 5547 2742 5602 cuncta
2761 5537 2956 5620 ipsius
2978 5544 3250 5617 cognatis
3274 5538 3650 5613 competunt,

1999 5629 2217 5712 quibus
2248 5630 2430 5694 etiam
2492 5638 2626 5712 post
2658 5636 2909 5693 mortem
2945 5626 3316 5709 permittitur
3340 5639 3650 5712 accusare,

1996 5711 2134 5791 99!
2191 5721 2435 5793 tametsi
2493 5711 2779 5791 adversus
2828 5718 3142 5808 profanum
3181 5713 3423 5802 [adhuc]
3453 5711 3650 5775 vivum
