4134 6200
492 278 609 345 767
1632 252 1940 360 .PHOTII
1981 295 2498 367 PATRIARCHE
2539 297 2657 361 op.
3737 292 3865 359 768

493 421 659 513 nulla
690 422 843 487 facta
892 423 969 487 sit
1022 425 1397 491 contestatio.
1432 428 1813 494 'Evertuntur
1861 433 2129 513 ipsorum

2233 434 2397 498 ιὲνοις
2470 434 2764 513 ἆρμόζουσι
2799 449 2815 466 ⁸
2886 431 3025 493 διάτ.
3104 432 3173 505 ε’,
3237 435 3266 489 6
3322 428 3510 490 δοῦλον
3567 433 3601 501 ἡ
3666 420 3868 510 εὖγενῆ

491 512 848 577 donationes
879 522 936 576 et
967 522 1343 593 testamenta,
1378 526 1555 601 atque
1588 521 1662 582 iis
1694 529 1793 602 qui
1824 541 1857 583 a
1887 512 2017 601 lege
2034 541 2136 584 vo-

2233 512 2559 603 Kptattzv‘ov,
2593 523 2789 581 ἄκοντα
2820 525 2855 593 ἦ
2908 521 2996 579 διὰ
3043 520 3349 597 συμϐουλῆς
3408 522 3733 600 μεταγαγὼν
3783 522 3867 582 εἷς

494 612 727 676 cantur,
758 612 1109 684 competunt
1164 604 1368 668 Const.
1394 609 1455 672 5.
1496 610 1851 693 Quicunque
1890 631 2132 675 servum

2233 614 2470 689 ὶθὲμιτον
2545 615 2861 693 θρησκείαν,
2949 611 3258 693 κεφαλικῶς
3364 626 3687 690 τιμωρεῖται
3770 610 3872 668 καὶ

494 692 583 754 vel
617 694 938 771 ingenuum
970 694 1407 772 Christianum,
1448 700 1696 762 invitum
1732 692 1823 764 vel
1855 703 2136 764 suasione

2233 703 2510 778 Ξημεύεται
2542 692 2583 736 ’ί
2611 703 2750 763 duit.
2786 703 2889 777 ς’,
2924 692 3198 779 ὀρθόεοξος
3229 701 3488 781 κληρικὸς
3520 703 3555 771 ἡ
3588 702 3868 780 μοναχὸς,

490 782 563 842 ad
598 782 921 874 nefandum
953 785 1264 865 religionis
1313 788 1494 850 ritum
1549 791 1900 866 traduxerit,
1937 792 2136 872 capite

2233 794 2522 871 θρησκεῦων
2580 794 2646 849 τὰ
2706 792 2971 874 Εῦτυχοῦς
3029 793 3064 860 ἡ
3122 790 3523 870 Ἀπολιναρίου,
3579 791 3871 847 ὑπόκειται

492 871 1044 956 punitur,bonaque
1071 875 1204 954 ejus
1236 879 1664 945 conﬁscantur.
1692 881 1897 944 Const.
1930 883 1991 945 6.
2014 871 2138 954 Qui

2233 897 2339 945 τοῖς
2373 884 2509 939 κατὰ
2538 886 2817 960 αἱρετικῶν
2849 871 3060 957 νόμοις,
3094 885 3182 937 καὶ
3227 880 3320 949 τῆς
3350 873 3670 956 Ῥωμαόκῆς
3724 878 3869 944 ἐξω-

493 960 753 1052 clericus
783 972 885 1026 aut
918 968 1244 1026 monachus
1268 970 1637 1032 orthodoxus
1662 972 2009 1051 Eutychetis
2038 980 2140 1032 aut

2233 976 2393 1029 δεῖται
2431 971 2729 1046 πολιτείας,
2782 972 2918 1029 κατὰ
2975 972 3040 1028 τὰ
3094 971 3229 1031 κατὰ
3282 971 3602 1052 Μανιχαίων
3631 972 3871 1043 νομοθε-

491 1051 869 1144 Apollinaris
891 1054 1168 1133 dogmata
1190 1065 1451 1120 sectatus
1481 1059 1685 1144 fuerit,
1716 1072 1960 1125 tenetur
1982 1062 2139 1141 legi-
2223 1063 2474 1129 τηθὲντα.

490 1142 922 1235 busadversus
963 1145 1278 1208 haereticos
1310 1148 1463 1222 [latis
1490 1154 1530 1230 ε]
1566 1160 1623 1213 et
1656 1142 1831 1235 prout
1862 1153 1937 1215 de
1990 1151 2338 1216 Manichceis
2369 1153 2665 1216 sancitum
2696 1158 2811 1233 est,
2844 1158 3014 1213 extra
3062 1150 3392 1213 Romanam
3425 1148 3872 1230 rempublicam

496 1233 865 1313 proﬂigatur.

577 1323 957 1387 TextusLib.
981 1344 1022 1406 I,
1050 1325 1139 1390 tit.
1165 1326 1426 1407 9,const.
1455 1332 1551 1395 l8.
1586 1332 1961 1410 Judaeus,qui
1995 1352 2132 1396 eum

492 1413 868 1493 quiludaicae
893 1416 1202 1495 religionis
1224 1436 1341 1482 non
1366 1431 1544 1489 esset,
1582 1424 1885 1485 contraria
1909 1424 2133 1486 doctri-

2233 1425 2312 1492 ῖῆς
2392 1425 2553 1493 αὒτῆς
2622 1424 2906 1503 θρησκείας
2983 1422 3193 1495 ἐναντίᾳ
3273 1420 3589 1493 διδασκαλίᾳ

2300 1333 2450 1397 Βιϐλ.
2488 1333 2562 1409 α’,
2607 1335 2711 1393 τίτ.
2756 1334 2828 1407 θ’,
2871 1332 3009 1392 οιάτ.
3047 1331 3153 1407 ιη’,
3185 1330 3442 1395 Ἰουδαῖος
3495 1333 3587 1389 τὸν
3614 1330 3692 1406 μὴ
3734 1329 3873 1387 ὄντα

3690 1441 3871 1496 μετα-

492 1521 570 1595 na
623 1505 697 1565 ad
747 1504 909 1567 illam
972 1506 1321 1585 traduxerit,
1358 1511 1653 1575 bonorum
1691 1514 2134 1595 proscriptione

2233 1516 2400 1593 γαγὼν
2453 1515 2528 1579 ε’ίς
2577 1514 2766 1584 αὖτὴν,
2827 1511 3140 1588 δημεύεται,
3204 1514 3293 1568 καί
3352 1510 3662 1592 κεφαλικῶς
3690 1532 3872 1585 τιμω-

493 1592 837 1685 damnatur,
874 1598 1287 1680 miserumque
1315 1602 1372 1663 in
1400 1605 1643 1664 modum
1679 1592 1947 1685 punitur;

572 1668 863 1746 Czeterum
889 1685 962 1747 de
984 1668 1326 1752 istiusmodi
1358 1692 1418 1753 in
1460 1693 1581 1773 dig.
1612 1668 1786 1756 etiam
1820 1702 2131 1756 tractatur.
2161 1668 2195 1717 Β

495 1768 593 1832 Ait
623 1773 783 1835 enim
830 1776 933 1836 lib.
975 1793 1060 1851 1x,
1097 1778 1185 1841 tit.
1234 1779 1291 1852 2,
1324 1768 1553 1862 digest..
1586 1785 1646 1856 7,
1685 1785 1843 1866 quod
1870 1785 1929 1845 in
1960 1803 2135 1845 servo

493 1880 785 1955 venenum
807 1884 912 1945 pro
933 1867 1545 1934 Inedicamentodedil
1561 1874 1654 1946 ,ad
1675 1874 1858 1955 ipsius
1878 1876 2133 1955 pretium

460 1950 959 2046 '[praastandum]
985 1966 1352 2035 teneatur,ut
1373 1964 1473 2043 qui
1499 1950 1736 2024 causam
1766 1950 1974 2025 mortis
1991 1984 2134 2046 prae-

490 2039 1285 2135 buerit.Sciasautem,quod
1307 2039 1520 2114 actioni
1544 2053 1768 2133 [etiam]
1789 2056 1955 2115 locus
1982 2039 2135 2135 fsit,]

494 2131 545 2224 si
569 2134 1079 2224 medicamentum
1109 2160 1421 2220 perperam
1471 2144 1728 2216 dederit,
1753 2131 1820 2204 ut
1852 2131 2064 2224 digest.
2100 2131 2137 2207 θ

497 2221 956 2302 [ait].Similiter
977 2229 1157 2291 etiam
1183 2232 1255 2293 de
1279 2232 1605 2295 obstetrice
1629 2221 2049 2311 digest.9,—lib.
2074 2253 2133 2305 x,

494 2311 587 2374 tit.
614 2314 897 2395 9,digest.
927 2318 989 2380 4.
1018 2318 1080 2381 In
1115 2321 1463 2385 haereditate
1498 2331 1743 2403 reperta
1772 2325 1927 2384 mala
1953 2322 2139 2384 medi-

497 2414 790 2476 camenta,
825 2416 923 2468 aut
954 2411 1167 2489 magici
1201 2412 1506 2475 similesve
1530 2413 1664 2474 libri
1691 2414 1847 2475 inter
1869 2414 2138 2476 hieredes

495 2512 615 2583 non
631 2493 1000 2562 dividuntur:
1023 2500 1366 2579 sedjudicis
1380 2503 1626 2564 arbitrio
1642 2512 2132 2583 corrumpuntur.

498 2581 628 2644 Lib.
657 2602 821 2659 XVIII,
849 2591 938 2651 tit.
967 2591 1022 2661 1,
1050 2589 1263 2669 digest.
1287 2592 1649 2655 35.Venena
1673 2593 1827 2653 mala
1850 2581 1965 2653 non
2000 2611 2136 2654 ven-

496 2671 815 2739 duntur.Si
839 2687 1033 2740 tamen
1060 2679 1223 2759 [aliis
1248 2682 1550 2762 materiis]
1578 2682 1771 2755 mista,
1795 2683 1966 2743 utilia
1989 2682 2132 2755 sint,

497 2770 562 2822 ut
587 2762 661 2825 de
685 2767 950 2830 antidoto
976 2771 1117 2847 [dici
1141 2771 1375 2852 debet],
1399 2772 1758 2834 venduntnr.
1788 2772 1913 2834 Lib.
1948 2789 2128 2846 XLVII,

2233 2770 2485 2842 ιεῦουσιν,
2520 2772 2590 2835 ὡς
2622 2771 2709 2827 ἐπὶ
2749 2775 2849 2836 τῆς
2881 2766 3154 2824 ἀντιδότο.)
3198 2768 3593 2842 πιπραίσκονται
3627 2784 3643 2799 ⁹

2217 2233 2519 2312 ἰατραίνης,
2574 2230 2678 2311 ὃίγ,
2715 2230 2786 2306 θ’,
2821 2230 2943 2309 βιϐλ
3004 2230 3039 2285 ι’
3073 2231 3176 2289 τίτ.
3214 2227 3266 2307 β’

2252 1617 2419 1664 εϊται.

2221 1627 2419 1681 ρειται.

2305 1692 2667 1768 Διαλαμϐένει
2738 1691 2794 1749 δὲ
2848 1694 2968 1771 περὶ
3028 1699 3134 1750 τῶν
3191 1693 3449 1749 τοιούτων
3493 1692 3581 1747 καί
3626 1689 3680 1745 ἐν
3739 1694 3871 1755 τοῖς

2219 1783 2481 1861 διγέστοις
2516 1800 2529 1814 ·
2578 1785 2709 1863 φησὶ
2740 1785 2839 1863 γὰρ
2870 1782 3016 1859 βιϐλ,
3069 1782 3139 1861 θ’,
3199 1782 3303 1843 τίτ,
3338 1782 3416 1860 β’,
3454 1779 3559 1857 δίγ,
3607 1778 3679 1854 ζ’,
3716 1778 3797 1836 ὅτι
3834 1782 3868 1836 ὁ

2219 1874 2499 1953 φάρμακον
2559 1873 2673 1929 ἀντὶ
2727 1875 2959 1953 ἰατρείας
3016 1871 3189 1944 δούλῳ
3257 1870 3524 1944 δεδωκώς,
3585 1870 3873 1926 ὑπόκειται

2220 1966 2291 2026 είς
2326 1965 2421 2031 τὴν
2454 1964 2614 2020 αῦτοῦ
2643 1964 2830 2038 τιμὴν,
2890 1966 2963 2022 ὡς
3010 1962 3180 2019 αἰτίαν
3224 1962 3448 2020 θανάτου
3505 1962 3805 2041 παρασχών
3851 1980 3869 1995 ⁸

2221 2054 2328 2110 ἴσθι
2360 2052 2413 2108 δὲ
2447 2054 2526 2109 ὅτι
2586 2054 2742 2134 χώρα
2774 2060 2849 2127 τῷ
2894 2052 3222 2131 ἐγκλήματι,
3261 2053 3349 2108 καὶ
3379 2050 3430 2106 εἴ
3466 2072 3546 2113 τις
3582 2056 3870 2128 προπετῶς

2219 2141 2335 2209 δοίη
2420 2144 2745 2221 φάρμακον⁶
2835 2145 2906 2203 ὡς
2984 2141 3089 2219 δίγ.
3170 2139 3250 2208 η’,
3311 2140 3543 2215 ’Ὅμοιον
3600 2142 3871 2219 καὶπερὶ

3302 2245 3316 2260 ⁶
3360 2227 3443 2307 δίγ
3480 2249 3492 2261 ·
3527 2226 3597 2302 δ’,
3630 2228 3689 2285 οὗ
3718 2227 3867 2284 διαι-

2220 2332 2430 2400 ροῦνται
2479 2323 2673 2396 μεταξὺ
2734 2327 2836 2377 τῶν
2893 2320 3270 2399 κληρονόμων,
3302 2319 3370 2378 τὰ
3413 2319 3468 2375 ἐν
3526 2325 3594 2395 τῇ
3655 2318 3868 2398 κληρο-

2220 2414 2377 2483 νομίᾳ
2412 2414 2684 2491 εὕρεοέντα
2717 2413 2856 2469 κακὰ
2886 2411 3164 2489 φάρμακα,
3221 2412 3255 2478 ἡ
3308 2410 3513 2488 μαγικᾶ
3566 2407 3764 2486 βιϐλία,
3826 2410 3867 2478 ἡ

2219 2503 2285 2558 τὰ
2316 2502 2500 2577 ὅμοια,
2534 2502 2671 2559 ἀλλὰ
2702 2502 2837 2557 κατὰ
2891 2499 3208 2572 δοκιμασίαν
3260 2510 3353 2557 τοῦ
3410 2497 3662 2555 δικαστοῦ
3712 2500 3864 2578 φθεί-

2220 2614 2425 2669 ρονται,
2470 2589 2614 2669 βιϐλ.
2677 2593 2751 2659 ιηι
2806 2590 2885 2647 τίτ
2936 2588 2986 2646 α’
3021 2588 3125 2667 δίγ.
3161 2587 3265 2661 λε’,
3300 2591 3365 2645 τόὶ
3412 2590 3552 2644 κακὰ
3600 2589 3857 2669 φάρμακα

2220 2679 2280 2736 οὗ
2324 2681 2679 2759 πιπράσκεται
2718 2698 2729 2712 ·
2774 2681 2817 2736 εἰ
2860 2678 2959 2754 μέν
3015 2701 3099 2734 τοι
3161 2675 3433 2758 δεχόμενα
3478 2676 3617 2752 μίξιν
3650 2699 3865 2757 χρησι-

3707 2764 3861 2843 pta.

500 2854 591 2917 tit.
616 2855 933 2937 lO,digest.
977 2858 1188 2933 15.Qui
1213 2863 1652 2924 medicamento
1675 2861 1931 2941 alicujus
1958 2880 2132 2922 men-

2233 2860 2306 2930 ιζ⁹
2366 2860 2467 2918 τίτ.
2520 2857 2556 2915 ι’
2589 2859 2693 2937 δίγ,
2732 2859 2822 2939 ιε’,
2856 2861 2904 2915 οἱ
2964 2858 3375 2938 παραφρονῆσαί
3430 2879 3550 2913 τινα
3594 2857 3867 2937 φαρμάκῳ

498 2953 615 3006 tem
632 2944 1046 3021 alienaverint,
1076 2958 1363 3013 tenentur
1386 2951 1742 3032 injuriarum
1784 2953 2042 3013 actione.
2072 2949 2132 3013 Si

2233 2959 2518 3029 ποιοῦντες,
2576 2950 2859 3030 ἐνέχονται
2902 2955 2979 3022 τῷ
3028 2950 3147 3024 περὶ
3196 2945 3394 3026 ὕϐρεων
3448 2947 3599 3022 νόμῳ
3630 2965 3643 2978 ⁸
3704 2949 3747 3003 εἰ
3805 2944 3866 3002 δὲ

495 3037 747 3116 veroqui
763 3039 1148 3118 astrologiam
1169 3042 1419 3103 aliamve
1439 3044 1675 3104 vetitam
1700 3041 2137 3104 divinationem

2233 3042 2312 3097 καὶ
2359 3038 2713 3119 ἀστρολόγος,
2773 3040 2807 3107 ἡ
2867 3038 3051 3116 ἑτέραν
3103 3036 3550 3116 ἀπηγιορευμένην
3607 3037 3867 3113 μαντείαν

499 3136 768 3201 exercet,
802 3129 1135 3207 consultus,
1172 3130 1484 3214 [aliquem]
1519 3132 1712 3195 furem
1763 3132 2006 3207 dixerit,
2039 3132 2140 3213 qui

498 3234 617 3278 non
638 3225 785 3281 erat:
812 3228 1053 3281 tenetur
1071 3221 1631 3287 constitutionibus.
1664 3221 2137 3298 Lib.x1.1n,tit.8,

500 3305 713 3384 digest.
742 3314 800 3372 2.
837 3309 1101 3371 Tenetur
1133 3312 1263 3390 lege
1290 3312 1618 3394 [Cornelia]
1652 3312 1726 3374 de
1756 3311 2012 3385 sicariis,
2041 3311 2139 3392 qui

500 3398 641 3459 292
673 3417 970 3461 venenum
995 3401 1253 3463 necandi
1278 3402 1547 3464 hominis
1580 3421 1757 3465 causa
1789 3402 1940 3484 [vel]
1974 3402 2137 3477 facit,

497 3490 590 3551 vel
614 3489 936 3570 vendit,vel
957 3490 1320 3556 habet.Sunt
1343 3502 1541 3554 autem
1569 3494 1745 3554 etiam
1774 3512 1998 3554 venena
2011 3510 2143 3573 qua)

498 3587 804 3654 sanant,et
823 3599 953 3661 qua;
973 3582 1262 3643 amatoria
1284 3582 1662 3645 dicuntur.Si
1686 3602 1825 3644 vero
1840 3584 2140 3665 quispiam

493 3667 638 3731 licet
669 3686 786 3731 non
816 3671 969 3733 malo
1001 3672 1201 3733 animo
1236 3672 1473 3735 mulieri
1523 3673 2032 3734 medicamentum
2067 3671 2141 3733 ad

498 3760 956 3841 conceptionem
989 3761 1249 3837 dederit,
1284 3781 1473 3843 eaque
1522 3765 1619 3841 [ex
1646 3766 1742 3841 eo]
1780 3771 2010 3824 mortua
2039 3761 2137 3837 sit,

498 3847 823 3927 relegatur.
856 3850 1195 3933 [Similiter]
1222 3853 1396 3913 etiam
1432 3851 1892 3931 pigmentarius,
1928 3855 2028 3933 qui
2062 3860 2143 3913 te-

500 3957 668 4002 mere
697 3940 880 4002 alicui
903 3944 1182 4014 cicutam,
1213 3942 1682 4021 salamandram,
1710 3941 2141 4019 aconitum,pi-

496 4036 898 4108 tyocampam,
928 4030 1306 4111 buprestum,
1343 4031 1828 4110 mandragoram,
1862 4039 1961 4092 aut
1991 4048 2140 4093 can-

499 4118 763 4180 tharidas
796 4119 1055 4181 dederit.

581 4206 1096 4287 Textus.Digest.t
1116 4211 1176 4274 3.
1193 4210 1308 4283 Qui
1327 4212 1501 4273 vetita
1523 4211 1817 4274 sacriﬁcia
1841 4212 2140 4291 facit,lege

498 4295 834 4378 [Cornelia]
859 4302 936 4361 de
958 4300 1189 4361 sicariis
1209 4311 1465 4364 tenetur.
1503 4301 1630 4365 Lib.
1665 4319 1867 4381 XLVIII,
1906 4302 1998 4364 tit.
2038 4303 2133 4375 19,

2225 3131 2446 3205 μετιὼν,
2537 3130 2820 3208 ἐρωτηθεὶς
2911 3128 3043 3204 εἿπῃ
3102 3126 3342 3193 κλέπτην
3402 3128 3492 3184 τὸν
3574 3127 3651 3200 μὴ
3710 3125 3864 3208 ὄντα,

2222 3222 2500 3276 ὑπόκειται
2546 3232 2668 3284 ταῖς
2723 3216 2983 3283 διατάξεσι
3022 3234 3035 3247 ⁸
3073 3214 3216 3294 βιϐλ.
3249 3215 3351 3291 μη⁹
3392 3218 3494 3278 τίτ,
3531 3213 3614 3296 η’,
3646 3214 3751 3294 δίγ,
3785 3215 3865 3292 β’,

2223 3316 2300 3383 τῷ
2343 3312 2459 3390 περὶ
2502 3309 2704 3389 φονέων
2754 3311 2904 3384 νόμῳ
2962 3307 3282 3387 κατέχεται,
3318 3310 3345 3363 6
3377 3304 3463 3363 διὰ
3497 3308 3556 3363 τὸ
3615 3317 3868 3386 φονεῦσαι

2224 3401 2497 3479 ἄνθρωπον
2541 3401 2710 3457 ποιῶν
2770 3398 3074 3477 φάρμακον,
3126 3397 3161 3465 ἢ
3194 3398 3535 3475 πιπρέσκων,
3580 3398 3615 3465 ἢ
3666 3396 3812 3477 ἔχων
3847 3413 3864 3428 ⁸

2224 3493 2323 3548 εἰσὶ
2355 3489 2409 3546 δὲ
2441 3489 2695 3570 φάρμακα
2724 3488 2904 3566 ὑγείαν
2960 3487 3310 3561 ἐμποιοῦντα,
3358 3487 3445 3543 καὶ
3488 3487 3554 3542 τὰ
3598 3485 3871 3563 λεγόμενα

2224 3580 2412 3661 φίλτρα
2448 3596 2461 3610 °
2506 3583 2554 3633 εἰ
2600 3576 2656 3634 δὲ
2705 3580 2794 3634 καί
2836 3598 2917 3641 τις
2962 3577 3038 3651 μὴ
3093 3578 3244 3649 κακῴ
3296 3574 3547 3653 λογισμῷ
3604 3576 3870 3656 παράσχῃ

2222 3672 2430 3748 γυναικὶ
2487 3667 2878 3741 συλληπτικὸν,
2960 3667 3049 3722 καὶ
3133 3663 3442 3735 τελευτήσει
3499 3667 3533 3734 ἡ
3603 3662 3864 3741 λαϐοῦσα,

2222 3758 2514 3837 ἐξορίζεται
2550 3775 2563 3790 ⁸
2613 3757 2705 3814 καί
2755 3759 2779 3813 6
2823 3755 3188 3833 πημεντάριος
3240 3763 3520 3833 προπετῶς
3548 3753 3717 3820 διδούς
3761 3777 3868 3812 τινι

2222 3850 2466 3921 κώνειον,
2528 3848 2563 3916 ἢ
2625 3844 3019 3923 σαλαμάνδραν,
3064 3845 3335 3916 ἀκόνιτον,
3382 3846 3417 3913 ἢ
3452 3846 3866 3923 πιτυοκάμπην,

2222 3940 2257 4008 ἢ
2285 3937 2636 4019 βούϐρωστιν,
2669 3937 2704 4006 ἢ
2730 3935 3125 4016 μανδραγόραν,
3156 3934 3192 4005 ἢ
3224 3934 3560 4017 κανθαρίδας,

2305 4211 2423 4290 Δίγ.
2472 4209 2567 4288 ιγ’,
2615 4211 2642 4265 6
2687 4214 2857 4265 ποιῶν
2899 4206 3079 4268 θυσίας
3124 4204 3594 4283 ἀπηγορευμένας,
3640 4206 3716 4278 τῷ
3745 4202 3871 4282 περὶ

2220 4301 2424 4380 φονέων
2481 4300 2757 4356 ὃπόκειται
2795 4314 2808 4328 ⁶
2858 4294 3004 4373 βιϐλ.
3054 4293 3175 4372 μη’,
3224 4297 3327 4358 τίτ,
3372 4292 3463 4369 ιϐ’,
3500 4293 3606 4372 δίγ.
3643 4292 3763 4367 κη’,
3821 4315 3872 4369 οξ

498 4386 620 4465 dig.
654 4386 755 4467 28,
788 4389 1424 4469 Venenarjidignitate
1457 4391 1688 4472 prmditi
1714 4380 2135 4471 depurtantur,

2233 4392 2492 4471 ραρμακοὶ
2527 4389 2875 4464 ἂξιωματικοὶ
2919 4386 3094 4455 ὄντες,
3143 4385 3621 4457 δεπορτατεύονται
3651 4400 3665 4414 ’
3724 4386 3771 4440 οἱ
3813 4380 3873 4439 δὲ

496 4476 717 4557 reliqui
746 4480 941 4558 capite
975 4480 1329 4560 puniuntur.
1365 4481 1591 4562 Digest.
1627 4482 1725 4544 38.
1760 4481 1875 4555 Qui
1908 4492 2144 4544 amato-

494 4569 649 4628 rium
683 4576 783 4629 aut
810 4569 1145 4631 ahortionis
1176 4571 1455 4651 poculum
1514 4571 1646 4633 sine
1677 4571 1813 4634 dolo
1845 4573 2012 4633 dedit
2047 4591 2060 4635 :
2095 4572 2146 4633 si

496 4656 630 4718 vilis
688 4659 788 4735 sit,
849 4662 907 4721 in
967 4661 1275 4723 metallum
1335 4663 1655 4725 damnatur
1690 4687 1702 4728 :
1738 4664 1787 4724 si
1821 4664 2141 4743 honestus,

496 4749 716 4812 amissa
752 4760 915 4830 parte
944 4753 1242 4813 bonorum
1278 4752 1577 4831 relegatur
1606 4754 1712 4815 sed
1744 4753 1792 4815 si
1839 4752 1971 4834 quis
2003 4751 2144 4813 inde

499 4850 774 4903 mortuus
802 4842 901 4917 sit,
942 4861 1246 4904 summum
1281 4845 1645 4923 supplicium
1677 4844 1992 4920 inﬂigitur.

578 4930 739 4994 CAP.
773 4931 984 4996 XXVI.
1023 4969 1097 4979 —
1135 4933 1220 4995 De
1251 4936 1553 5014 episcopis
1588 4941 1694 4996 aut
1726 4934 1966 4997 clericis
1996 4948 2142 5012 per-

497 5022 850 5086 cursoribus
881 5023 971 5085 vel
1004 5024 1358 5086 homicidis.

861 5113 1289 5193 Appslolorum
1316 5130 1511 5175 canon
1542 5111 1644 5188 27,
1678 5112 1779 5174 66.

537 5198 1138 5283 27l28].Episcopum
1173 5203 1263 5264 vel
1282 5200 2143 5283 presbyterum,veldiaconum

493 5292 593 5371 qui
616 5292 1013 5353 verberateos
1038 5294 1136 5373 qui
1162 5292 1535 5371 peccant,vel
1560 5292 1834 5352 inﬁdeles
1860 5292 1956 5372 qui
1980 5291 2144 5372 inju-

490 5383 639 5444 riam
665 5381 959 5454 fecerunt,
995 5393 1052 5442 et
1086 5402 1193 5461 per
1225 5384 1353 5443 haec
1388 5383 1512 5444 vult
1544 5382 2145 5463 perterrere,deponi

487 5471 1114 5553 jubemus.Dominus
1147 5473 1309 5533 enim
1342 5491 1451 5533 nos
1478 5490 1853 5553 nequaquam
1887 5472 2000 5534 hoc
2033 5474 2147 5533 do-

2228 4468 2436 4559 λοιποὶ,
2499 4482 2571 4545 εἷς
2628 4476 2870 4558 κεφαλὴν
2936 4483 3295 4552 τιμωροῦνται
3338 4495 3349 4507 ·
3397 4475 3483 4530 καὶ
3528 4472 3633 4552 δίγ.
3682 4468 3797 4544 λη’,
3844 4475 3874 4529 6

2226 4569 2473 4633 δεδωκὼς
2506 4570 2657 4643 πόμα
2688 4569 2821 4645 πρὸς
2872 4564 3110 4647 φίλτρον,
3166 4565 3200 4632 ἢ
3258 4561 3644 4642 ἀμϐλωθρίδιον
3692 4560 3872 4642 χωρίς

2228 4660 2408 4740 δόλου,
2442 4658 2648 4722 εὖτελὲς
2677 4657 2774 4732 μὲν
2805 4656 2877 4712 ὢν
2912 4654 3288 4731 μεταλλίζεται
3318 4671 3332 4685 ’
3394 4654 3572 4728 τίμιος
3625 4651 3703 4731 δὲ,
3750 4650 3876 4717 ἔξο-

2226 4739 2421 4828 ρίζεται
2504 4749 2641 4823 μετᾶ
2732 4751 2957 4824 μερικῆς
3040 4743 3350 4819 δημεύσεως
3396 4761 3409 4779 ⁸
3500 4743 3711 4823 ἐσχάτῃ
3820 4739 3877 4796 δὲ

2226 4842 2455 4915 τιμωρίᾳ
2480 4839 2610 4917 ἐπαγ
2624 4859 2759 4907 εται,
2786 4837 2876 4892 ἐάν
2906 4857 2987 4897 τις
3012 4834 3072 4892 ἐκ
3106 4835 3288 4892 τούτου
3318 4831 3642 4909 τελευτήσῃ.

2314 4936 2567 4988 ΚΕΦᾹΛ.
2623 4925 2770 5001 κζ’,
2831 4960 2908 4970 -
2966 4928 3089 5004 Περὶ
3149 4924 3458 4981 ἐπισκόπων
3523 4924 3560 4993 ἣ
3598 4920 3875 4999 κληρικῶν

2228 5022 2533 5077 τυπτόντων
2564 5019 2601 5085 ἦ
2629 5018 2985 5097 φονευόντων,

2623 5105 2973 5165 Ἀποστόλων
3005 5105 3181 5161 κανὼν
3213 5102 3319 5182 κζ’,

2307 5200 2409 5271 κζ’.
2465 5197 2815 5278 Ἐπίσκοπος),
2864 5196 2898 5264 ἢ
2945 5192 3324 5275 πρεσϐύτερον,
3372 5192 3408 5259 ἢ
3454 5189 3726 5271 διάκονον,
3780 5190 3881 5247 τό-

2227 5311 2430 5348 πτοντα
2462 5289 2680 5352 πιστοὺς
2741 5286 3166 5364 ἁμαρτάνοντας,
3214 5284 3249 5352 ἢ
3298 5285 3549 5344 ἀπίστους
3580 5280 3879 5351 ἀδικήσανο

2228 5402 2347 5456 τας,
2381 5380 2469 5437 καὶ
2517 5377 2601 5434 διὰ
2657 5378 2912 5434 τοιούτων
2955 5371 3142 5454 φοϐεῖν
3188 5370 3460 5445 ἒθέλοντα,
3511 5374 3883 5449 καθαιρεῖσθαι

2232 5470 2640 5550 προστάσσομεν
2674 5485 2687 5499 ⁸
2753 5464 2987 5541 οὐδαμοῦ
3043 5464 3143 5542 γὰρ
3196 5466 3224 5519 6
3279 5462 3468 5539 Κύριος
3528 5468 3681 5518 τοῦτο
3738 5460 3884 5534 ἡμᾶς

495 5549 639 5639 cuit;
665 5571 873 5626 contra
902 5571 1099 5625 autem
1125 5562 1255 5649 ipse
1288 5549 1789 5641 verberatus,non
1824 5579 2140 5647 repercus-

2235 5558 2431 5633 ἐδίδαξε
2466 5575 2481 5591 ⁸
2546 5559 2861 5621 τοῦναντίον
2905 5553 2960 5617 δὲ
3015 5554 3170 5617 αὐτὸς
3214 5551 3570 5639 τυπτόμενος,
3605 5552 3703 5609 οῦκ
3731 5549 3891 5609 ἀντό-
