4004 6230
190 371 286 443 769

870 366 1290 441 SYNTAGMA
1354 337 1751 439 CANONUM.
1817 407 1893 457 τ-
1952 370 2266 453 TIT.1X,
2330 378 2495 445 CAP.
2563 370 2783 446 XXVI.

3392 372 3510 453 770

191 536 321 573 τύπτε
353 530 365 544 ·
410 512 840 591 λοιδορούμενος,
905 511 1002 568 οῦκ
1064 509 1416 587 ἀντελοιδύρει
1454 529 1467 544 ⁸
1523 510 1781 593 πάσχων,

1882 511 1985 589 sit;
2022 514 2360 577 maledictis
2391 518 2711 597 appetitus,
2759 518 3076 583 maledicta
3106 542 3224 585 non
3257 525 3502 600 retulit;

218 606 228 621 ν
298 605 309 623 ’
389 605 398 626 Ι

190 627 266 661 ουκ
289 604 501 672 ηπειλει.

254 693 362 768 ξςη.
412 694 475 750 Εἴ
519 716 599 755 τις
642 692 900 767 κληρικὸς
944 695 999 749 εν
1041 692 1198 770 μάχῃ
1238 694 1357 748 τινὰ
1415 693 1649 771 κρούσει,
1696 695 1785 748 καὶ

186 785 274 840 ἀπὸ
336 794 418 843 τοῦ
476 785 590 850 ἑνὸς
646 783 980 861 κρούσματκ
1049 782 1374 855 ἀποκτείνει,
1436 784 1785 862 καθαιρείσθω

187 873 253 932 διὰ
288 875 374 941 τὴν
413 874 731 952 προπέτειαν
776 873 934 929 αὐτοῦ
967 888 981 903 ’

184 964 390 1040 ριζέσθω.

188 1051 377 1110 Συνύδου
444 1050 496 1109 α’
563 1055 651 1110 καὶ
722 1052 772 1128 β’
857 1052 1307 1131 συγκροτηθείσης
1386 1051 1439 1108 ἐν
1528 1059 1604 1127 τῷ
1674 1055 1786 1126 ναῷ

249 1141 339 1190 τῶν
387 1131 580 1209 Ἀγίων
651 1132 1003 1190 Ἀποστόλων
1076 1132 1127 1189 ἐν
1221 1132 1783 1191 Κωνσταντινουπόλει

245 1215 399 1271 κανὼν
428 1216 477 1270 θ’
494 1263 508 1276 .

1044 872 1135 928 ἐὰν
1165 872 1219 928 δὲ
1277 871 1467 937 λαϊκὸς
1524 872 1583 953 ᾗ,
1642 873 1781 952 ἀφό-

246 1307 308 1379 θ’.
337 1320 431 1375 Τοῦ
472 1316 830 1375 ἀποστολικοῦ
886 1316 980 1374 καί
1024 1317 1161 1374 θείου
1191 1317 1438 1386 κανόνος,
1471 1319 1592 1380 τοὺς
1622 1321 1785 1397 ἱερεῖς

182 1407 367 1462 τύπτειν
444 1407 853 1487 ἐπιχειροῦντας
926 1409 1148 1471 πιστοὺς
1223 1408 1664 1484 ἁμαρτήσαντας,
1751 1407 1786 1477 ἢ

182 1496 400 1558 ἀπίστους
519 1496 925 1573 ἀδικήσαντας,
1024 1496 1331 1573 καθαιρέσει
1440 1495 1786 1555 καθυποϐἀλ-

181 1584 360 1663 λοντος,
417 1589 463 1642 οἱ
520 1587 613 1642 τὸν
669 1590 873 1642 οἰκεῖον
917 1586 1334 1654 ἀποθεραπεύειν
1394 1588 1789 1666 μηχανώαενοι

180 1678 336 1755 θδμὸν,
394 1676 488 1732 καὶ
546 1676 639 1741 τὰς
691 1675 1053 1738 ἆποστολικὰς
1111 1673 1373 1740 διατάξεις
1427 1677 1788 1757 παραχαράτ-

178 1787 355 1845 τοντες,
397 1770 519 1828 τοὺς
568 1768 879 1845 αὐτοχειρίᾳ
907 1766 1123 1822 τύπτειν
1168 1764 1600 1846 ἐπιχειροῦντας,
1650 1766 1786 1832 ἐξειο

1024 1496 1331 1574 καθαιρέσει

1868 603 2126 682 patiens,
2162 624 2275 665 non
2300 607 2558 668 minatus
2589 616 2698 668 est.

1949 694 2025 756 66
2058 694 2185 775 [64]
2220 693 2280 757 Si
2313 696 2448 775 quis
2468 698 2731 762 clericus
2754 699 2813 759 in
2848 719 3041 780 pugna
3076 702 3372 781 pulsatum
3405 710 3510 771 ali-

1867 800 2052 859 quem
2110 804 2229 846 uno
2284 786 2407 846 ictu
2476 787 2792 861 occiderit,
2867 789 3204 870 deponatur
3259 807 3508 877 propter

1866 889 2032 935 suam
2065 874 2501 955 proclivitatem
2531 885 2589 936 et
2621 878 3021 940 temeritatem
3052 901 3068 959 ;
3099 882 3152 943 si
3183 874 3503 949 laicus'se-

1863 971 2167 1041 gregetur.

1870 1053 2352 1143 Concz’liihprimi
2380 1064 2441 1118 et
2466 1056 2719 1143 secundi
2750 1059 3277 1143 Constantinopoli
3300 1069 3365 1129 in
3385 1069 3508 1132 mdo

2123 1134 2484 1199 Sanctorum
2513 1140 2941 1218 Apostolorum
2965 1134 3162 1206 canon"
3188 1145 3248 1205 9.

1950 1305 2008 1365 9.
2044 1305 2187 1366 Cum
2238 1307 2606 1387 apostolicus
2656 1316 2717 1370 et
2764 1327 2937 1372 sacer
2984 1330 3172 1375 canon
3221 1319 3507 1382 sacerdo-

1871 1402 1960 1455 tes
1987 1394 2061 1469 99,
2096 1397 2195 1476 qui
2227 1396 2549 1460 verberare
2579 1400 2719 1459 295
2749 1401 3196 1479 aggrediuntur,
3229 1408 3317 1469 vel
3351 1407 3509 1470 {ide-

1870 1483 1981 1557 les,
2019 1485 2119 1564 qui
2154 1496 2502 1566 peccarunt,
2536 1490 2625 1549 vel
2662 1489 2935 1551 infideles
2968 1493 3069 1572 qui
3102 1492 3382 1574 injuriam
3415 1500 3508 1561 fe;

1871 1584 2105 1651 ceruut,
2132 1576 2497 1656 depositioni
2529 1577 2812 1657 subjiciat
2844 1599 2858 1639 :
2894 1580 2934 1641 ii
2960 1583 3059 1661 qui
3093 1602 3220 1645 suae
3248 1585 3355 1649 irm
3387 1608 3511 1651 me-

1871 1663 2001 1725 deri
2029 1665 2378 1743 moliuntur,
2414 1675 2472 1728 et
2509 1669 2875 1748 apostolicus
2904 1672 3370 1738 constitutiones
3401 1678 3509 1740 de-

1873 1761 2174 1833 torquent,
2207 1773 2312 1818 eos
2374 1756 2831 1833 intellexerunt,
2865 1759 2967 1838 qui
3018 1780 3126 1822 sua
3158 1782 3337 1827 manu
3370 1786 3510 1829 ver-

181 1854 353 1934 λήφασι
383 1874 400 1893 ο
441 1857 589 1931 μήτε
645 1863 740 1912 τοῦ
783 1855 1006 1919 κανόνος
1065 1853 1232 1928 μηδὲν
1277 1862 1517 1912 τοιοῦτον
1575 1857 1786 1922 ὑποση-

1882 1844 2111 1921 berant,
2148 1864 2259 1908 nec
2318 1867 2551 1910 canone
2600 1849 2714 1910 tale
2766 1848 2911 1930 quid
2963 1851 3360 1931 signiﬁcante,
3398 1876 3510 1921 nec

179 1945 446 2021 μαίνοντος,
482 1945 624 2021 μήτε
656 1947 752 2001 τοῦ
779 1946 931 2023 ὀρθοῦ
962 1943 1125 2023 λόγου
1173 1951 1329 2001 τοῦτο
1379 1957 1526 2001 νοεῖν
1566 1946 1786 2024 ἔπιτρέ-

178 2055 343 2098 ποντος
376 2052 388 2066 ’
433 2035 668 2108 μάταιον
717 2034 817 2112 γὰρ
846 2036 917 2096 ὡς
948 2032 1162 2100 ἀληθῶς
1195 2035 1282 2091 καὶ
1316 2032 1434 2090 λίαν
1466 2033 1784 2114 ἐπισφαλὲς,

175 2122 250 2178 τὸν
288 2126 591 2205 αὖτοχειρίᾳ
635 2124 734 2197 μὲν
790 2123 843 2178 ἐν
888 2129 965 2196 τῷ
1021 2123 1238 2179 τύπτειν
1298 2125 1403 2200 τρὶς
1447 2123 1482 2192 ἢ
1539 2125 1785 2203 τετράκις

179 2211 439 2290 πλήξαντα,
468 2216 845 2291 καθαιρεῖσθαι
876 2232 890 2250 ·
953 2210 1128 2275 ἀδείας
1159 2212 1212 2268 δὲ
1258 2211 1538 2289 διδομένης
1572 2215 1785 2270 τύπτειν

177 2300 220 2365 ἐξ
250 2302 626 2383 ἐπιτάγματος,
658 2303 751 2359 τὸν
784 2303 1005 2369 ἀπηνῶς
1053 2305 1142 2359 καὶ
1193 2302 1353 2382 μέχρι
1414 2302 1640 2360 θανάτου
1685 2305 1785 2371 τὴν

178 2394 399 2471 τιμωρίαν
502 2392 804 2459 ἐπαύξοντα
839 2440 856 2472 ,
954 2396 1283 2471 παρορᾶσθαι
1386 2393 1731 2471 ἀτιμώρητον
1766 2413 1779 2427 ⁶

180 2478 332 2561 διόπερ
383 2495 473 2543 τοῦ
534 2482 759 2544 κανόνος
816 2485 876 2539 τὸ
934 2482 1149 2539 τύπτειν
1203 2483 1387 2545 ἁπλῶς
1437 2482 1782 2557 κολάζοντος,

180 2573 250 2626 καὶ
297 2574 448 2646 ἡμεῖς
508 2571 659 2629 οῧτω
714 2571 1168 2653 συμψηιριζὸμεθα
1200 2589 1214 2603 ⁸
1268 2575 1380 2653 χρὴ
1431 2575 1531 2651 γὰρ
1576 2576 1664 2632 τὸν
1695 2582 1788 2631 τοῦ

179 2666 289 2717 Θεοῦ
334 2663 490 2740 ἱερέα,
559 2664 649 2719 καὶ
721 2660 1088 2726 διδασκαλίαις
1137 2663 1225 2718 καὶ
1287 2665 1601 2735 νουθεσίαις,
1680 2663 1788 2720 ἔσθ’

178 2749 250 2805 ὅτε
295 2750 344 2807 δὲ
397 2754 487 2810 καί
568 2764 689 2814 τοῖς
764 2751 1244 2819 ὲκκλησιαστικοῖς
1304 2752 1621 2828 ἐπιτιμίοις,
1697 2756 1789 2809 τὸν

179 2838 469 2899 ἀτακτοῦντα
548 2840 911 2920 παιῗαγογεῖν
946 2858 959 2872 ’
1024 2842 1162 2898 ἀλλὰ
1235 2842 1311 2918 μή
1394 2857 1516 2907 ταῖς
1578 2843 1789 2919 μάστιξι

175 2930 246 2984 καὶ
288 2946 399 2998 ταῖς
436 2932 708 3009 πληγαῖς,
744 2934 817 2996 εἰς
846 2932 913 2988 τὰ
939 2933 1048 2989 τῶν
1079 2933 1370 3010 ἀνθρώπων
1405 2934 1631 3009 σώματα
1662 2934 1783 2989 ἐπι-

176 3017 319 3091 πηδᾷν
352 3041 367 3057 ·
398 3025 440 3079 εί
470 3021 524 3078 δὲ
576 3043 717 3087 τινες
775 3022 892 3078 εἶεν
939 3023 1214 3087 παντελῶς
1267 3023 1783 3098 ἀνυποτακτοῦντες,

176 3111 243 3165 ναὶ
298 3118 366 3185 τῷ
420 3118 787 3193 σωφρονισμῷ
830 3113 935 3168 τῶν
991 3111 1275 3186 ἐπιτιμίων
1319 3114 1397 3187 μὴ
1451 3114 1783 3186 ὑπείκοντες,

1868 1944 2034 1995 recta
2062 1935 2299 2000 ratione
2352 1941 2465 2000 hoc
2520 1938 2867 2019 intelligere
2919 1942 3327 2021 permittente,
3362 1948 3510 2011 Ete-

1870 2023 1993 2084 nim
2023 2043 2230 2117 revera
2281 2028 2574 2108 ineptum,
2634 2038 2694 2092 et
2751 2028 2923 2090 valde
2954 2029 3280 2109 lubricum,
3314 2045 3379 2097 ut
3406 2039 3509 2117 qui

1870 2131 1978 2174 sua
2026 2116 2272 2196 quidem
2329 2136 2509 2178 manu
2566 2126 2679 2191 ter,
2728 2119 2815 2179 vel
2869 2128 3083 2199 quater
3114 2116 3506 2204 percusserit,

1871 2202 2222 2283 deponatur,
2259 2207 2391 2267 data
2424 2215 2623 2269 autem
2666 2206 2949 2271 facultate
2968 2209 3144 2288 jussu
3181 2202 3506 2279 verberan-

1867 2291 1952 2366 di,
2013 2312 2148 2355 eum
2210 2298 2315 2374 qui
2374 2299 2741 2372 immaniter,
2799 2306 2857 2358 et
2921 2318 3113 2379 usque
3143 2301 3216 2362 ad
3249 2315 3507 2368 mortem

1867 2383 2227 2464 supplicium
2263 2386 2603 2448 iuﬂicturus
2660 2396 2773 2459 est,
2831 2386 3077 2468 impune
3109 2389 3165 2450 id
3197 2389 3369 2455 ferre
3389 2415 3502 2459 ne-

1869 2472 2037 2550 gligi.
2072 2473 2472 2546 Quamobrem
2509 2494 2740 2539 canone
2764 2477 2953 2557 ipsum
2987 2478 3307 2544 verberare
3337 2484 3509 2549 abso-

1872 2564 1995 2624 lute
2030 2566 2338 2644 puniente,
2375 2586 2485 2629 nos
2513 2585 2758 2643 quoque
2787 2566 2963 2628 simul
3003 2587 3141 2630 cum
3177 2590 3248 2634 eo
3280 2572 3362 2637 ita
3393 2574 3504 2637 de-

1871 2657 2202 2720 cernimus.
2246 2660 2500 2737 Oportet
2531 2657 2689 2718 enim
2724 2655 2832 2717 Dei
2862 2659 3238 2723 sacerdotem
3276 2663 3506 2726 doctri-

1872 2743 1990 2818 nis,
2044 2754 2104 2808 et
2147 2747 2687 2821 admonitionibus,
2741 2766 3169 2830 nonnunquam
3215 2762 3409 2816 autem
3444 2763 3508 2820 et

1874 2834 2067 2913 poenis
2098 2837 2404 2898 canonicis
2432 2854 2571 2898 eum
2605 2836 2706 2916 qui
2737 2855 2803 2898 se
2852 2836 3212 2904 immodeste
3252 2851 3310 2904 et
3338 2844 3508 2908 inso-

1873 2923 2074 2986 lenter
2101 2928 2279 3006 gerit,
2314 2928 2655 3000 instituere,
2692 2926 2796 2987 sed
2832 2946 2949 2988 non
2982 2929 3256 3009 ﬂagellis,
3284 2941 3341 2993 et
3373 2952 3506 2996 ver-

1872 3013 2116 3077 beribus
2175 3017 2236 3078 in
2296 3018 2608 3079 hominum
2663 3035 2919 3097 corpora
2975 3018 3285 3083 insultare.
3322 3024 3511 3105 Siqui

1868 3114 2064 3167 autem
2098 3114 2238 3167 sunt
2265 3126 2493 3169 morem
2525 3108 2769 3167 omnino
2802 3125 2918 3167 non
2950 3118 3254 3185 gerentes,
3290 3120 3347 3173 et
3380 3132 3511 3193 pte-

180 3200 355 3265 τούτους
396 3201 480 3259 διὰ
522 3208 630 3268 τῆς
671 3204 803 3282 πρὸς
846 3203 969 3266 τοὺς
1028 3204 1165 3259 κατὰ
1195 3205 1288 3258 τὸν
1320 3204 1482 3260 τόπον
1513 3203 1782 3283 ἄρχοντας

1882 3214 2078 3257 narum
2114 3197 2483 3259 correctioni
2534 3216 2651 3258 non
2701 3196 3014 3272 cedentes,
3061 3218 3163 3262 eos
3195 3220 3302 3282 per
3332 3222 3511 3265 voca-

177 3288 469 3368 ξμλήσεως,
540 3294 715 3356 οὐδεὶς
782 3292 976 3349 κωλύει
1030 3292 1442 3372 σωφρονίζεσθαι
1479 3312 1494 3329 ⁸
1540 3296 1629 3349 καὶ
1687 3294 1785 3371 γὰρ

1882 3284 2092 3346 tionem
2142 3287 2215 3348 ad
2272 3286 2404 3365 ejus
2464 3285 2579 3347 loci
2614 3285 2997 3362 magistratus
3031 3307 3208 3351 nemo
3238 3294 3516 3372 castigari

179 3382 253 3435 tui
304 3384 461 3452 ὁτῆς
518 3384 584 3439 ἐν
628 3383 942 3462 Ἀντιοχείᾳ
999 3381 1218 3439 συνόδου
1277 3383 1522 3458 πέμπτος
1581 3385 1783 3456 κανὼν,

1882 3375 2171 3454 prohibet.
2199 3377 2596 3437 Antiochenaz
2627 3376 2788 3437 enim
2821 3377 3033 3456 synodi
3067 3385 3257 3441 can'on
3291 3381 3349 3456 5,
3384 3402 3517 3445 eos-

174 3470 273 3535 τοὺς
311 3471 661 3551 θορυϐοῦντας
712 3476 801 3529 καὶ
843 3472 1057 3536 στάσεις
1116 3476 1187 3549 τῇ
1233 3471 1529 3547 Ἐκκλησία
1558 3494 1784 3551 παρεισ-

1882 3483 1986 3546 que
2018 3465 2311 3527 tumultus
2344 3468 2603 3527 excitant
2637 3474 2695 3527 et
2741 3465 3079 3529 seditiones
3126 3469 3185 3529 in
3244 3472 3516 3535 Ecclesia

177 3560 394 3638 ἄγοντας,
424 3562 511 3620 διὰ
542 3568 647 3631 τῆς
697 3561 886 3629 ἔξωθεν
932 3564 1116 3643 χειρὸς
1175 3562 1479 3620 ἐκανόνισεν
1537 3562 1787 3640 ἐπιστρέ-

1882 3554 2285 3631 introducunt,
2315 3574 2422 3637 per
2446 3574 2685 3617 manum
2715 3565 3022 3617 externum
3048 3561 3315 3623 converti
3343 3581 3516 3643 opor-

181 3654 355 3726 νέμεσθαι,

659 3742 939 3800 Βαοιλείου
975 3744 1151 3800 κανὼν
1180 3742 1279 3804 vs’.

248 3827 333 3893 π’.
366 3835 423 3891 Οἱ
462 3848 584 3899 τοῖς
618 3833 856 3911 λῃσταῖς
890 3832 1319 3912 ὰντεπεξιόντες,
1355 3832 1454 3899 ἔξω
1486 3835 1584 3911 μὲν
1614 3832 1790 3908 ὄντες,

183 3922 263 3983 τῆς
313 3925 591 3989 κοινωνίας
650 3924 928 4003 εἴργονται
971 3929 1065 3981 τοῦ
1122 3925 1323 4001 ἀγαθοῦ
1354 3939 1368 3953 ’
1432 3923 1682 4002 κληριοιοὶ
1740 3921 1795 3978 δὲ

184 4004 327 4085 ὄντες,
354 4021 444 4069 τοῦ
483 4016 696 4092 βαθμοῦ
751 4017 1123 4090 καθαιροῦνται
1163 4031 1180 4047 ⁸
1225 4019 1335 4077 Πᾶς
1376 4014 1500 4094 γάρ,
1537 4015 1717 4094 φησὶν,
1766 4016 1793 4070 ὁ

182 4093 333 4185 λαδὼν
354 4104 663 4185 μάχαιραν,
696 4102 752 4158 ἐν
784 4105 1029 4184 μαχαίρᾳ
1054 4105 1429 4163 ἀποθανεῖται.

248 4179 302 4245 ’Β
330 4191 379 4266 β’
436 4192 671 4259 διάταξις
729 4200 823 4249 τοῦ
874 4191 926 4248 α’
973 4194 1073 4253 τίτ,
1117 4198 1227 4249 τῶν
1289 4198 1530 4269 Νεαρῶν,
1574 4192 1790 4272 ἀπαγο-

180 4278 293 4351 ρεύει
333 4283 426 4355 μὲν
480 4297 603 4346 τοῖς
661 4282 981 4347 ἐπισκόποις
1012 4282 1268 4352 πλήττειν
1298 4284 1485 4363 χερσὶν
1517 4284 1735 4347 οἰκείαις
1771 4302 1790 4321 ⁶

181 4368 265 4445 οἰχ
310 4369 461 4449 ὥρισε
519 4371 577 4428 δὲ
639 4373 833 4441 ποινήν
860 4388 874 4402 ⁸
932 4378 1160 4449 γενικῶς
1214 4370 1269 4428 δέ
1313 4375 1432 4450 περὶ
1464 4373 1663 4437 παντὸς
1694 4375 1791 4430 τύ-

181 4476 375 4522 πτοντος
426 4462 462 4529 ἢ
521 4461 852 4540 ὑϐρίζοντος,
900 4464 929 4519 ὁ
981 4461 1257 4528 πολιτικὸς
1308 4460 1522 4540 διορίζει
1575 4464 1739 4537 νόμος
1775 4477 1788 4492 ⁸

1874 3652 2002 3707 tere
2029 3646 2256 3710 statuit.

2398 3736 2618 3798 Basilii
2648 3754 2846 3800 canon
2875 3738 2974 3801 55.

1957 3825 2057 3888 55.
2087 3825 2199 3898 Qui
2224 3826 2288 3886 in
2325 3825 2590 3887 latrones
2612 3843 2683 3886 ex
2706 3826 2955 3888 adverso
2980 3827 3283 3907 feruntur,
3315 3831 3365 3895 si
3395 3833 3516 3895 sint

1878 3914 2122 3996 quidem
2182 3916 2344 3993 laici,
2405 3936 2438 3976 a
2470 3914 2611 3976 boni
2645 3916 3073 3979 communione
3101 3930 3430 4003 arcentur;
3462 3925 3516 3985 si

1876 4023 2015 4066 vero
2048 4005 2280 4080 clerici,
2313 4024 2345 4067 a
2374 4004 2562 4085 gradu
2589 4004 2979 4084 dejiciuntur.
3017 4009 3304 4089 Quisquis
3324 4014 3512 4091 enim,

1874 4094 2094 4175 inquit,
2120 4094 2395 4175 gladium
2425 4095 2674 4173 accepit,
2702 4093 2909 4172 gladio
2934 4100 3182 4176 peribit.

1963 4185 2200 4247 Toxlus.
2233 4183 2564 4264 Constitﬂ,
2600 4188 2622 4243 l
2656 4182 3032 4248 Novellarum
3059 4191 3357 4270 episc0pis
3375 4192 3510 4273 qui-

1875 4273 2013 4335 dem
2056 4274 2333 4336 mauibus
2374 4276 2497 4336 suis
2540 4282 2855 4353 perculere
2889 4278 3339 4356 prohibet:sed
3370 4282 3514 4345 294

1878 4381 2112 4443 pinnam
2145 4385 2260 4427 non
2287 4362 3110 4453 delinit.Generaliterautem
3136 4370 3209 4432 de
3228 4391 3510 4453 quocun-

1878 4472 1993 4533 que
2013 4453 2114 4533 qui
2142 4455 2418 4514 verberat
2441 4452 2530 4512 vel
2559 4453 2841 4532 injuriam
2863 4454 3028 4529 facit,
3056 4452 3363 4522 civilis’lex
3397 4471 3522 4523 sta-

182 4544 303 4617 βιὸλ,
336 4550 444 4631 μζ,
478 4553 582 4612 τίτ,
616 4551 683 4623 ι’,
716 4552 893 4608 κανὼν
923 4549 1066 4628 βιϐλ.
1125 4549 1174 4608 θ’
1219 4558 1311 4608 τοῦ
1354 4550 1483 4609 κώδ.
1519 4553 1620 4613 τίτ,
1654 4553 1732 4627 α’,
1768 4555 1790 4610 ὁ

1882 4543 2131 4618 luit,lib.
2155 4543 2434 4618 vau,tit.
2468 4546 2562 4618 10;
2588 4542 2693 4604 lib.
2722 4544 2898 4624 tx,tit.
2936 4546 3036 4620 35,
3066 4550 3202 4611 cod.
3238 4549 3387 4612 dans
3410 4550 3523 4613 ad-

184 4629 328 4702 διεους
380 4629 500 4700 κατ’
544 4645 726 4699 αὐτῶν
783 4641 886 4708 τὴν
944 4641 1062 4719 περὶ
1110 4639 1312 4714 ὕϐρεως
1344 4641 1586 4720 ἀγωγὴν,
1633 4642 1662 4710 ἢ
1716 4665 1795 4707 τις

184 4727 632 4806 καὶχρηματικῶς
680 4746 909 4789 κινεῖται
944 4730 1030 4788 καὶ
1084 4730 1525 4809 ἐγκληματικῶς,
1587 4737 1797 4811 γραφῆς

185 4812 571 4898 ἀποτιθεμένης,
635 4824 726 4878 καὶ
777 4819 988 4900 διορίζει
1029 4822 1157 4879 ποία
1197 4823 1310 4879 ὶστὶ
1342 4834 1576 4901 τραχεῖα
1628 4820 1794 4898 ὕϐρις,

187 4907 292 4961 ποία
330 4907 380 4964 δὲ
406 4914 613 4990 ἔλαφρά
648 4930 661 4943 ·
702 4912 818 4990 περὶ
845 4909 899 4966 δὲ
945 4913 1118 4990 φόνων
1168 4909 1518 4986 διαλαμϐάνει
1549 4912 1576 4966 ὁ
1605 4909 1660 4978 η’
1691 4911 1794 4973 τίτ,

188 5002 262 5051 τοῦ
299 4997 391 5072 pr,’
432 4999 577 5077 βιϐλ,
623 5002 717 5057 καὶ
757 5003 785 5057 ὃ
829 4997 928 5074 ις’
971 5003 1077 5060 τίτ,
1123 5009 1217 5059 τοῦ
1259 4998 1305 5058 θ’
1338 4998 1485 5074 βιὸλ,
1530 5008 1625 5056 τοῦ
1666 4999 1797 5068 κώδ,

187 5084 392 5145 Γίνωσκε
417 5089 475 5146 δὲ
508 5089 594 5147 ὅτι
628 5093 657 5147 ὃ
687 5091 848 5171 φόνος
878 5089 986 5148 ἀπὸ
1035 5094 1135 5157 τῆς
1166 5087 1453 5155 διαθέσεως
1485 5103 1799 5163 σκοπεῖται,

187 5172 224 5226 εἶ
246 5180 433 5234 σκοπὸν
475 5178 611 5260 ἔσχε
657 5186 910 5260 φονεῦσαι
945 5194 959 5209 ⁸
1000 5177 1119 5235 ὅθεν
1177 5176 1323 5235 ἔστιν
1356 5179 1556 5256 εὸρεῖν,
1590 5176 1670 5234 ὅτι
1714 5179 1802 5235 καὶ

188 5260 431 5334 δπλῆξας
490 5270 615 5345 μὲν,
680 5270 758 5345 μὴ
806 5268 1068 5351 φονεύσας
1111 5266 1191 5339 δὲ,
1255 5270 1330 5332 ὥς
1385 5268 1575 5347 φονεὺς
1620 5290 1801 5343 τιμω-

190 5364 341 5438 ρεῖται
375 5375 390 5391 '
448 5360 540 5415 καὶ
583 5360 614 5414 δ
675 5360 931 5438 φονεύσας
990 5357 1048 5414 οῦ
1101 5368 1427 5436 τιμωρεῖται
1469 5358 1541 5419 ὡς
1586 5356 1798 5435 φονεὺς,

190 5435 266 5495 ἰὰν
306 5444 461 5516 μόνον
512 5435 755 5515 ἠθέλησε
813 5445 1013 5514 πλῆξαι
1047 5465 1065 5483 ⁶
1110 5445 1146 5513 ἡ
1190 5435 1256 5501 δὶν
1300 5445 1521 5512 τοιαύτη
1569 5443 1800 5507 διάθεσις

194 5545 450 5590 σκοπεῖται
492 5536 604 5593 ἀπὸ
633 5543 733 5593 τοῦ
757 5534 1060 5607 πλήξαντος
1104 5534 1330 5614 ὀργάνου
1363 5550 1378 5565 ·
1431 5535 1521 5591 καὶ
1570 5532 1683 5591 ἔστι
1713 5534 1806 5590 τοῦ

195 5614 276 5705 μὲν
318 5620 567 5682 ἑκουσίου
625 5626 812 5705 φόνου,
855 5625 942 5683 ἰπὶ
1000 5630 1098 5701 μὲν
1156 5624 1370 5701 ἐντίμου
1426 5624 1801 5705 φονεύσαντος,

196 5699 527 5791 δεπορτατίων
578 5699 672 5774 καὶ
728 5699 906 5774 τελεία
960 5699 1218 5796 δήμευσις
1248 5699 1279 5748 ⁸-
1318 5714 1405 5773 ἐπὶ
1434 5699 1489 5772 δὲ
1518 5719 1627 5773 τῶν
1656 5713 1810 5771 εῦτε-

1880 4649 2091 4694 versus
2125 4632 2261 4693 illos
2304 4632 2667 4711 iniuriarum
2708 4641 3031 4705 actionem,
3071 4652 3204 4716 qua)
3251 4638 3527 4720 deposita

1881 4721 2179 4801 scriptura
2203 4731 2320 4781 tum
2348 4722 2829 4802 pecunarie,tum
2851 4723 3246 4788 criminaltter
3270 4729 3524 4792 institui-

1884 4811 2153 4885 tur.Qu:e
2175 4819 2347 4874 etiam
2369 4812 2511 4891 [lex]
2534 4813 2870 4892 cujusmodi
2893 4814 3114 4892 injuria
3133 4824 3298 4877 atrox
3320 4818 3525 4891 sit,cu-

1875 4903 2146 4982 jusmodi
2171 4901 2823 4978 lcvis,determinat.De
2846 4903 3166 4964 homicidis
3187 4916 3383 4967 autem
3411 4916 3524 4968 tra—

1885 4999 2002 5052 ctat
2023 4992 2111 5054 tit.
2140 4997 2199 5067 1,
2224 4992 2331 5053 lib.
2356 5008 2556 5061 XLVIII,
2595 5004 2652 5052 et
2675 4990 2817 5070 [ιιι]
2849 4993 2935 5066 16,
2966 4992 3069 5055 lib.
3096 5010 3152 5054 1x
3185 4994 3320 5058 cod.
3358 4994 3522 5059 Scias

1883 5100 2047 5159 vero,
2082 5080 2239 5162 quod
2296 5080 2689 5142 homicidium
2725 5099 2793 5141 ex
2825 5081 3036 5142 affectu
3077 5084 3519 5150 consideretur.

1883 5169 2056 5232 Unde
2087 5171 2365 5232 invenire
2398 5176 2512 5241 est,
2568 5168 2730 5248 quod
2780 5170 2883 5250 qui
2931 5173 3256 5253 percussit,
3287 5175 3526 5238 tametsi

1886 5279 2005 5322 non
2029 5260 2271 5332 occidit,
2301 5268 2367 5319 ut
2393 5257 2698 5319 homicida
2727 5265 2924 5320 tamen
2978 5262 3259 5341 puniatur
3295 5280 3309 5323 :
3339 5273 3397 5326 et
3426 5265 3525 5346 qui

1883 5350 2128 5426 occidit,
2160 5348 2337 5411 modo
2371 5356 2598 5410 tantum
2634 5357 2949 5427 percutere
2986 5352 3193 5428 voluit,
3232 5364 3294 5413 ut
3325 5355 3527 5416 homi-

1885 5440 2020 5502 cida
2042 5458 2161 5501 non
2208 5438 2712 5519 puniatur.Atque
2745 5440 3083 5503 istiusmodi
3113 5441 3402 5525 [quidem]
3432 5444 3526 5505 af-

1886 5530 2077 5591 fectus
2109 5547 2179 5590 ex
2210 5530 2637 5605 instrumento,
2674 5549 2789 5611 quo
2821 5548 3173 5611 percussum
3210 5533 3527 5610 est,consi-

1878 5620 2158 5683 deratur.
2191 5621 2488 5680 Caeterum
2542 5616 2862 5682 voluntarii
2894 5620 3206 5685 homicidii
3239 5640 3413 5703 pcena
3464 5622 3529 5684 in

1890 5708 2159 5774 honestis
2177 5716 2268 5774 est
2289 5707 3003 5791 deportatio,etomnium
3018 5710 3311 5777 bonorum
3335 5709 3533 5795 publi-
