4134 6200
487 273 599 344 771

1670 267 1938 339 PHOTII
1985 271 2502 341 PATRIABCH/E
2543 277 2654 340 GP.

3738 269 3864 339 772

488 419 642 480 cstio
669 434 683 478 :
711 415 770 478 in
795 406 1146 487 humilibus,
1163 414 1226 472 ut
1247 403 1442 491 gladio
1461 419 1516 473 et
1541 410 1746 474 bestiis
1767 411 2076 475 tradantur
2103 432 2118 473 :

2232 420 2341 489 ὧν,
2371 413 2501 495 ξίφει
2533 416 2619 471 καὶ
2650 413 2853 493 θηρίοις
2911 409 3281 481 ὑποϐληθῆναι
3317 429 3329 444 ⁸
3393 413 3478 470 ἐπὶ
3511 411 3568 470 δὲ
3598 421 3694 470 τοῦ
3723 413 3866 469 κατά

486 508 545 570 in
572 526 642 570 eo
666 513 764 588 qui
789 524 895 586 per
919 502 1342 583 negligentiam
1375 503 1498 564 sive
1521 502 1854 564 socordiam
1879 503 2123 580 occidit,

486 594 946 680 quenquennale
980 592 1280 653 exsilium.
1317 591 1382 653 In
1414 613 1530 654 non
1563 593 1896 654 voluntario
1925 603 2122 656 autem

485 687 660 748 venia
684 685 1035 746 datur.Curn
1061 681 1241 759 igitur
1261 681 1336 744 de
1359 682 1682 744 homicidio
1702 684 2126 764 quaeres,legas

487 777 678 838 dictos
707 774 912 836 titulos
946 791 1080 832 cum
1115 771 1378 852 ipsorum
1414 772 1722 852 paratitlis.
1772 771 2003 834 Dictum
2037 781 2127 834 est

478 877 680 927 autem
713 861 1202 943 generaliterlib.
1234 879 1398 936 XLIII,
1428 862 1518 926 tit.
1551 863 1647 942 19,
1677 861 2124 942 digest.5,quod

481 955 542 1016 in
575 953 857 1016 omnibus
888 951 1249 1014 criminibus
1281 952 1470 1032 queri
1502 961 1796 1032 oporteat,
1825 953 2126 1013 consulto-

479 1062 579 1119 ne,
614 1062 688 1105 an
721 1061 862 1104 casu
910 1041 1186 1122 [aliquid]
1220 1040 1547 1102 admissum
1582 1042 1681 1116 sit,
1715 1049 1893 1122 atque
1919 1041 1998 1102 ita
2028 1049 2128 1103 aut

477 1134 552 1196 ad
585 1133 783 1214 legem
817 1142 923 1194 aut
961 1131 1261 1192 mitiorem
1293 1149 1526 1212 pinnam
1563 1131 1879 1192 inlerri.Et
1903 1131 2121 1210 digest.

483 1224 584 1303 11,
621 1227 778 1304 quod
831 1221 1046 1301 aliquis
1092 1220 1397 1300 delinquat
1432 1229 1534 1282 aut
1567 1220 1895 1301 proposito,
1929 1229 1993 1281 ut
2023 1221 2128 1300 qui

485 1313 811 1374 factionem
849 1311 1067 1372 excitat
1103 1327 1117 1371 :
1151 1320 1251 1370 aut
1284 1311 1536 1388 impetu,
1571 1318 1634 1370 ut
1666 1309 1771 1387 qui
1804 1309 1990 1370 iratus
2013 1319 2126 1375 est:

479 1411 582 1465 aut
612 1421 779 1474 casu,
815 1409 880 1461 ut
909 1399 1010 1481 qui
1044 1405 1105 1461 in
1135 1401 1452 1462 venatione
1479 1399 1541 1460 in
1574 1399 1758 1461 feram
1791 1398 1956 1480 [telo]
1988 1399 2127 1460 mis-

488 1512 554 1555 so
581 1490 886 1554 hominem
919 1489 1165 1553 occidit.

565 1581 705 1644 295
752 1581 916 1643 CAP.
968 1577 1205 1643 XXVII.
1257 1616 1327 1626 —
1362 1582 1446 1642 Dc
1476 1581 1772 1661 episcopis
1803 1588 1859 1641 et
1889 1579 2128 1642 clericis

487 1671 1000 1745 aleatoribus,aut
1032 1669 1312 1746 ebriosis,
1339 1678 1446 1732 aut
1477 1671 1959 1750 spectaculorum
1987 1677 2121 1731 stu-

2207 502 2462 580 βλακείαν
2529 504 2696 581 ἤγουν
2781 502 3041 578 ἀμέλειαν
3129 504 3472 583 φονεύοντος,
3561 503 3868 568 πενταετὴς

2209 592 2379 671 ἐξορία
2411 613 2426 628 ⁸
2488 594 2575 650 ἐπὶ
2627 591 2683 649 δὲ
2760 603 2850 652 τοῦ
2909 595 3185 672 ἀκουσίου,
3248 592 3544 670 συγγνώμη
3605 589 3803 648 δίδοται
3845 609 3863 627 ⁶

2207 688 2384 751 ζητῶν
2441 683 2530 738 οὖν
2586 683 2704 760 περὶ
2751 682 2954 762 φόνων,
3001 682 3334 759 ἀναγίνωσκε
3375 682 3500 743 τοὺς
3551 681 3866 759 εἰρημένους

2207 771 2312 832 τίτ,
2349 771 2438 827 σὺν
2470 784 2590 832 τοῖς
2624 773 2800 827 αὐτῶν
2830 771 3204 848 παρατίτλοις,
3254 771 3484 848 Εἴρηται
3535 769 3590 825 δὲ
3634 775 3867 848 γενικῶς

2207 857 2350 935 βιὸλ.
2400 859 2524 940 μη’,
2572 861 2677 922 τίτ.
2713 861 2804 935 ιϐ’,
2865 858 2970 937 δίχ’,
3005 859 3076 940 ε’,
3111 859 3194 916 ὅτι
3226 858 3279 916 ἐν
3311 867 3440 916 πᾶσι
3484 872 3602 926 τοῖς
3658 859 3868 936 ἐγκλή-

2210 971 2340 1023 μασι
2403 947 2489 1006 δεῖ
2544 958 2756 1025 ζητεῖν,
2819 948 2879 1004 ἐκ
2936 951 3189 1026 προνοίας
3251 950 3330 1013 τίς
3395 952 3429 1016 ἢ
3493 951 3633 1006 κατά
3686 950 3868 1028 τύχην

2209 1036 2441 1116 ἥμαρτε,
2476 1041 2566 1097 καὶ
2609 1039 2780 1104 οὕτως
2825 1037 2860 1106 ἢ
2907 1041 3040 1116 πρὸς
3091 1041 3182 1095 τὸν
3229 1040 3416 1114 νόμον,
3478 1040 3514 1104 ἢ
3567 1041 3871 1117 πραοτέραν

2209 1129 2470 1206 τιμωρίαν
2515 1126 2828 1208 ὲπιᾳέρειν·
2895 1130 2982 1184 καὶ
3027 1127 3132 1206 δίγ.
3193 1127 3290 1201 ια’,
3346 1127 3426 1184 ὅτι
3474 1128 3507 1196 ἢ
3562 1129 3668 1184 ἀπὸ
3721 1150 3864 1207 προ-

2211 1219 2355 1282 νοίας
2388 1218 2681 1296 ἁμαρτάνει
2712 1241 2818 1292 τις,
2867 1219 2941 1282 ὡς
3000 1221 3028 1273 6
3085 1219 3309 1298 φατρίαν
3366 1224 3670 1274 συνιστῶν·
3724 1218 3760 1283 ἧ
3811 1215 3867 1281 ἐξ

2209 1307 2402 1386 ὀργῆς,
2483 1309 2556 1372 ὡς
2642 1310 2669 1364 6
2761 1307 3140 1382 θυμούμενος·
3225 1307 3258 1375 ἢ
3337 1308 3475 1364 κατά
3531 1311 3732 1386 τύχην,
3790 1308 3870 1371 ὡς

2210 1396 2237 1451 6
2302 1396 2357 1451 ἐν
2413 1399 2548 1476 θήρᾳ
2606 1397 2744 1453 κατά
2805 1397 2990 1475 θηρίου
3048 1398 3206 1475 ῥίψας
3291 1400 3380 1454 καὶ
3451 1399 3709 1477 φονεύσας
3760 1395 3865 1452 ἀν-

2209 1487 2451 1563 θρωπον,

2296 1582 2547 1638 ΚΕΦΑΛ.
2600 1575 2720 1637 ΚΖ’.
2771 1609 2848 1622 -—-
2912 1577 3032 1654 Περὶ
3092 1576 3404 1633 ἐπισκόπων
3454 1577 3547 1632 καί
3581 1575 3866 1654 κληρικῶν

2205 1665 2561 1746 κυϐευόντων,
2633 1665 2669 1734 ἢ
2727 1665 3166 1741 μεθυσκομένων,
3321 1665 3463 1731 θέαις
3536 1664 3866 1745 παρεμϐαλ-

482 1760 1020 1837 diosis,bustorum
1051 1759 1492 1840 cxpilatoribus
1520 1760 1788 1839 furibus,
1821 1759 2118 1839 perfuris,

2232 1757 2454 1832 ⁵όντων,
2547 1753 3090 1836 τυμϐωρυχούντων,
3179 1755 3529 1812 κλεπτόντων
3563 1801 3580 1830 ,
3668 1755 3863 1835 ἐπιορ-

474 1848 962 1928 Icencraloribus,
1011 1858 1119 1910 aut
1166 1851 1610 1930 sesquialteras
1657 1849 2125 1930 accipientibus,

482 1947 593 2002 aut
621 1937 793 2002 aliud
826 1947 1002 2018 turpe
1025 1938 1268 2001 lucrum
1301 1938 1422 2002 sibi
1453 1939 1976 2019 excogitantibus.

745 2029 1172 2110 Apostolorum
1204 2047 1465 2092 canones
1495 2029 1596 2101 25,
1632 2030 1732 2104 42,
1765 2029 1866 2092 43.

566 2121 644 2183 25
675 2119 835 2200 [24].
867 2119 1226 2198 Episcopus,
1262 2119 1352 2181 vel
1397 2119 1731 2200 presbyter,
1779 2115 1870 2180 vel
1926 2120 2127 2181 diaco-

483 2229 619 2285 nus,
654 2207 1094 2288 fornicationis,
1127 2208 1214 2270 vel
1257 2209 1538 2290 perjurii,
1585 2207 1680 2272 vel
1711 2208 1853 2270 furti
1887 2209 2129 2271 convic-

483 2311 603 2374 tus,
637 2307 780 2371 etc.,
813 2304 1036 2376 utpag.
1075 2297 1220 2360 743.

560 2388 637 2452 42
665 2388 825 2468 [41].
861 2385 1190 2467 EpiscOpus
1223 2387 1315 2449 vel
1375 2386 1688 2468 presbyter
1715 2388 1807 2449 vel
1844 2388 2132 2451 diaconus

478 2480 624 2543 aleis
655 2484 716 2540 et
742 2475 1136 2540 ebrietatibus
1166 2496 1388 2540 vacans
1420 2477 1514 2540 vel
1551 2486 1770 2555 cesset,
1818 2479 1905 2540 vel
1937 2479 2128 2560 depo-

482 2579 680 2633 natur.

560 2661 638 2724 43
669 2657 816 2740 [49].
846 2658 1337 2741 Hypodiaconus,
1366 2659 1457 2720 vel
1491 2658 1680 2720 lector
1709 2658 1802 2720 vel
1828 2659 2132 2721 cantorsi-

483 2751 652 2813 milia
673 2749 924 2826 faciens,
954 2748 1048 2812 vel
1080 2756 1278 2811 cesset
1307 2748 1396 2811 vel
1429 2756 1798 2828 segregetur.
1832 2747 2042 2810 Itidem
2073 2757 2130 2812 et

483 2841 694 2904 laicus.

871 2927 1132 2992 Concilii
1162 2926 1396 2990 Nicwni
1425 2945 1619 2990 canon
1654 2928 1750 2991 17.

567 3024 660 3087 17.
696 3019 988 3094 Quoniam
1023 3017 1194 3080 multi
1225 3019 1325 3098 qui
1358 3017 1418 3078 in
1451 3036 1680 3080 canone
1728 3026 2125 3082 recensentur

481 3123 626 3196 etc.,
662 3120 727 3174 ut
753 3128 900 3192 pag.
937 3109 1073 3170 747.

727 3200 994 3262 Consilii
1023 3197 1346 3260 Laodiceni
1377 3215 1638 3260 canones
1668 3197 1729 3274 4,
1764 3198 1864 3259 54.

563 3293 620 3354 4.
655 3289 783 3353 Non
817 3296 1094 3370 oportere
1146 3286 1454 3349 hominem
1487 3296 1781 3349 sacratum
1832 3288 2116 3364 fenerari,

2213 1845 2472 1926 κούντων,
2531 1845 2878 1918 τοκιζόντων,
2941 1845 2977 1911 ἧ
3033 1842 3421 1920 λαμϐανόντων
3476 1843 3752 1924 ἡμιολίας,
3827 1846 3866 1911 ἧ

2213 1935 2392 2012 ἕτερον
2425 1935 2642 1998 ἑαυτοῖς
2673 1936 2900 2014 αἰσχρὸν
2931 1935 3287 1992 ἐπινοούντων
3317 1933 3527 2012 κέρδος,

2530 2027 2885 2085 Ἀποστόλων
2916 2029 3091 2084 κανὼν
3121 2027 3232 2102 κε’,
3261 2027 3388 2104 μβ’,
3410 2028 3537 2106 μγ’.

2360 2117 2378 2140 θ
2449 2115 2462 2138 ’
2493 2128 2506 2138 υ
2563 2119 2574 2140 Ι
2845 2120 2859 2140 ε
3107 2119 3118 2137 1
3511 2118 3524 2140 Ι
3843 2119 3860 2137 \

2293 2139 2354 2174 κε
2387 2165 2398 2178 .
2471 2129 2808 2192 Επισκοπος,
2839 2141 2872 2186 η
2919 2114 3300 2195 πρεσϐύτερος,
3353 2120 3387 2186 ἡ
3443 2116 3712 2194 διακονος,
3772 2118 3864 2176 ἐπι

2212 2209 2450 2288 πορνείᾳ,
2486 2210 2520 2279 ᾗ
2558 2208 2826 2286 ἒπιορκίᾴ,
2861 2210 2894 2276 ἡ
2927 2207 3112 2284 κλοπῇ
3142 2207 3324 2286 ἀλοίς,
3351 2231 3404 2270 κ,
3441 2232 3492 2269 τ,
3528 2207 3582 2269 λ.

2294 2385 2410 2464 μβ’.
2443 2387 2796 2459 Ἐπίσκοπος,
2835 2384 3267 2464 ἡπρεσϐύτερος,
3305 2388 3338 2455 ἡ
3375 2383 3644 2461 διάκονος,
3683 2385 3862 2452 κύϐοις

2215 2475 2499 2558 σχολάζων
2570 2477 2668 2534 καί
2755 2477 2970 2552 μέθαις,
3053 2478 3088 2544 ἡ
3162 2477 3474 2552 παυσάσθω,
3559 2479 3592 2545 ἡ
3667 2481 3864 2534 καθαι-

2213 2571 2427 2648 ρείσθω.

2295 2657 2417 2734 py’,
2481 2646 2883 2728 Ὑποδιάκονος,
2933 2655 2966 2722 ἡ
3017 2654 3394 2734 ἀναγνώστης,
3454 2656 3489 2722 ἡ
3542 2654 3752 2730 ψάλτης
3793 2657 3865 2712 τὰ

2212 2744 2375 2821 ὅμοια
2430 2750 2623 2819 ποιῶν,
2674 2747 2708 2812 ἡ
2752 2747 3047 2804 παυσάσθω
3103 2746 3136 2812 ἡ
3198 2743 3572 2823 ἂφοριζέσθω·
3609 2747 3865 2811 ὡσαύτως

2211 2837 2300 2892 καὶ
2322 2834 2540 2900 λα’ίκός.

2607 2923 2834 2981 Συνόδου
2867 2926 3090 2990 Νικαίας
3134 2924 3310 2980 κανὼν
3347 2925 3436 2994 ιζ’.

2461 3011 2690 3082 Ἐπειδὴ
2763 3011 2958 3072 πολλοὶ
3035 3012 3091 3069 ἐν
3170 3019 3247 3087 τῷ
3333 3014 3517 3072 κανόνι
3603 3014 3858 3088 ἕξεταζό-

2285 3013 2374 3086 ιζ’,

2138 3145 2178 3195 c
2203 3126 2352 3181 μενοι
2383 3127 2436 3163 κ.
2472 3126 2523 3164 τ.
2559 3103 2614 3167 λ.

2511 3192 2738 3250 Συνόδου
2770 3192 3081 3258 Λαοδικείας
3115 3194 3290 3250 κανὼν
3321 3192 3392 3269 δ’,
3426 3191 3524 3254 νδ’.

2284 3282 2354 3348 δ’,
2415 3285 2540 3363 Περὶ
2599 3286 2694 3340 τού
2751 3284 2831 3359 μὴ
2890 3282 3002 3341 δεῖν
3063 3287 3365 3364 ἱερατικοὺς
3415 3283 3696 3360 δανείζειν,
3753 3291 3851 3344 καὶ

485 3391 544 3446 et
571 3398 785 3444 usuras
809 3386 866 3440 et
895 3396 1028 3455 quae
1054 3375 1337 3438 dicuntur
1365 3377 1788 3457 sesquialteras
1818 3379 2120 3459 accipere.

2237 3376 2394 3437 όκους
2423 3376 2512 3431 καὶ
2541 3373 2636 3439 ταὶς
2669 3372 2968 3451 λεγομένας
2999 3372 3250 3449 ἡμιολίας
3278 3372 3595 3449 λαμϐάνειν.

556 3474 658 3535 5-1.
696 3468 864 3544 Quod
923 3485 1041 3528 non
1077 3474 1312 3546 oportet
1343 3479 1614 3529 sacratos
1663 3475 1722 3529 et
1770 3467 2024 3530 clericos
2057 3469 2119 3531 in

2284 3462 2387 3524 νδ¹.
2419 3463 2544 3521 ’Ὁτι
2575 3465 2634 3519 οὔ
2677 3461 2761 3519 δεῖ
2796 3464 3094 3541 ἱερατικοὺς
3139 3465 3173 3530 ἡ
3206 3462 3501 3540 κληρικοὺς
3529 3486 3680 3529 τινας
3709 3469 3853 3522 θεω-

476 3560 710 3643 nuptiis
739 3557 832 3620 vel
866 3555 1153 3619 conviviis
1198 3555 1399 3636 aliqua
1455 3557 1796 3636 spectacula
1840 3566 2120 3619 contem-

2238 3553 2316 3643 ίας
2371 3557 2595 3632 θεωρεῖν
2655 3552 2967 3643 ὲνᾼγάμοις
3016 3554 3064 3643 ,ἡ
3115 3549 3379 3643 δείπνοις,
3437 3551 3577 3609 ἀλλὰ
3630 3557 3730 3634 πρὸ
3759 3563 3856 3614 τοῦ

481 3639 658 3734 piari,
689 3647 796 3712 sed
831 3648 1172 3728 priusquam
1195 3645 1609 3726 ingrediantur
1637 3647 1964 3728 thymelici,
1993 3667 2122 3710 sur-

2232 3642 2542 3721 ἷσέρχεσθαι
2601 3639 2944 3717 θυμελικοὺς,
3010 3641 3304 3721 ἐγείρεσθαι
3336 3643 3524 3706 αὐτοὺς
3572 3645 3660 3702 καὶ
3715 3644 3856 3702 ἀνα-

480 3732 623 3821 gere
659 3749 716 3802 et
746 3737 1058 3800 secedere.

2232 3745 2415 3813 ιωρεῖν
2442 3732 2670 3793 ἐκεῖθεν,

556 3829 700 3892 296
729 3826 1000 3891 Cone-itii
1023 3824 1533 3905 Carthaginemis
1557 3841 1815 3888 canones
1843 3826 1902 3903 5,
1940 3827 2039 3892 16.

2476 3819 2702 3878 Συνόδου
2737 3820 3112 3900 Καρθαγέννης
3146 3822 3323 3878 κανὼν
3356 3822 3425 3898 ε’,
3461 3822 3583 3897 ις’.

1097 3915 1186 3977 De
1215 3915 1506 3976 avaritia.

2771 3912 2894 3988 Περὶ
2938 3909 3265 3976 ἀπληστίας.

550 4010 602 4072 5.
618 4008 895 4072 Aurelius
917 4007 1232 4086 episcopus
1256 4003 1422 4065 dixit:
1444 4004 1717 4066 Avaritia;
1735 4004 1860 4086 (12)
1881 4006 2122 4086 cupidi.

2286 4001 2351 4061 ε’.
2385 4000 2647 4078 Αὐρήλιος
2693 4001 2989 4064 ὶπίσκοπος
3036 4001 3193 4058 εἶπεν
3228 4020 3244 4036 °
3279 4002 3388 4068 Τὴν
3419 4006 3516 4070 τῆς
3550 4000 3855 4070 ἀπληστίας

472 4110 581 4174 tas,
607 4117 784 4181 quam
821 4112 1021 4159 rerum
1045 4094 1313 4155 omnium
1344 4093 1633 4155 malarum
1671 4103 1922 4157 matrem
1957 4114 2118 4171 esse,

2234 4092 2505 4166 πιθυμίαν,
2541 4093 2608 4158 ἣν
2639 4090 2854 4147 πάντων
2912 4097 3018 4147 τῶν
3052 4096 3234 4146 κακῶν
3267 4093 3476 4169 μητέρα
3507 4092 3651 4149 εἶναι
3684 4093 3855 4158 ουδεὶς

474 4177 656 4252 nemo
685 4189 782 4270 qui
812 4184 949 4267 (I3)
975 4182 1232 4256 dubitet,
1273 4181 1532 4262 proinde
1556 4181 1888 4244 inhibenda
1920 4192 2122 4256 est,ne

2232 4177 2556 4260 εμφιόάλλει,
2608 4177 2726 4236 δέον
2774 4179 3025 4270 ἐπέχειν,
3051 4179 3147 4270 ἵνα
3287 4203 3365 4245 τις
3398 4195 3518 4270 τοῖς
3548 4181 3853 4261 ἀλλοτρίοις

475 4281 610 4361 quis
640 4267 874 4338 alienos
907 4274 1058 4336 ﬁnes
1089 4279 1334 4351 usurpet
1372 4271 1527 4352 (l4),
1551 4279 1650 4332 aut
1673 4291 1785 4353 per
1810 4273 2120 4353 praemium

2232 4270 2348 4348 ἱροις
2401 4269 2837 4348 κατακέχρηται,
2875 4275 2954 4343 μὴ
2987 4267 3040 4324 δὲ
3068 4269 3162 4325 ’ίνα
3197 4269 3277 4325 διὰ
3335 4269 3516 4348 κέρδος
3575 4271 3696 4336 τοὺς
3740 4280 3850 4330 τῶν

475 4355 764 4430 terminos
780 4365 1015 4426 Patrum
1033 4368 1286 4424 statutos
1313 4362 1846 4442 transcendat,nec
1873 4364 2122 4427 omnino

2232 4359 2460 4438 Ιατέρων
2501 4357 2654 4437 ὅρους
2712 4381 2793 4420 τις
2846 4355 3162 4439 ὕπερϐαίνῃ,
3217 4359 3295 4434 μὴ
3339 4357 3393 4414 δὲ
3435 4359 3525 4416 ’ίνα
3583 4364 3849 4426 παντοίως

471 4457 745 4538 cuiquam
797 4453 1153 4516 clericorum
1219 4450 1396 4512 liceat
1429 4452 1501 4513 de
1535 4451 1804 4528 qualibet
1850 4471 1916 4515 re
1949 4453 2121 4516 fenus

2239 4451 2305 4506 wi
2363 4447 2606 4538 κληρικῷ
2663 4448 2778 4514 ἐξὸν
2842 4446 2934 4514 εἴη
3002 4447 3110 4504 ἀπὸ
3168 4446 3484 4519 οἱουδήποτε
3533 4451 3849 4529 πράγματος

471 4519 773 4625 accipere.
807 4545 1157 4623 Quanquam
1207 4540 1456 4602 novellae
1499 4519 1940 4622 suggestiones,
1990 4563 2121 4625 quae

2232 4539 2363 4596 ‘dxov
2418 4536 2711 4613 λαμϐάνειν
2743 4554 2758 4570 ’
2806 4539 2896 4594 καὶ
2950 4539 3016 4594 τά
3073 4539 3175 4613 μὲν
3243 4541 3431 4596 νεωστὶ
3489 4540 3848 4621 ἀνενεχθέντα

471 4635 565 4698 vel
583 4634 855 4697 obscurae
879 4631 1135 4707 sunt,vel
1161 4629 1272 4692 sub
1296 4649 1518 4708 genere
1545 4631 1733 4693 latent
1753 4632 1882 4712 (16)
1911 4633 2123 4713 inspe—

2232 4629 2417 4707 ιμαυρά
2475 4627 2603 4685 ὅντα
2671 4629 2758 4684 καὶ
2802 4627 3031 4684 καθόλου
3088 4627 3436 4704 λανθάνοντα,
3502 4632 3847 4706 σκοπούμενα

477 4733 590 4788 ctae
609 4744 644 4787 a
669 4724 844 4787 nobis
864 4724 1114 4784 formam
1135 4719 1462 4801 accipiant:
1485 4727 1771 4783 caeterum
1800 4721 1876 4782 de
1905 4721 2123 4802 quibus

2232 4718 2335 4796 παρ’
2363 4719 2518 4794 ἡμῶν
2567 4719 2976 4788 τυπωθήσονται
3011 4737 3026 4752 ⁶
3074 4720 3194 4795 περὶ
3242 4717 3295 4774 δὲ
3328 4721 3404 4774 ὧν
3435 4721 3781 4800 φανερώτατα
3811 4725 3847 4790 ἡ

475 4819 850 4892 apertissime
875 4816 1066 4872 divina
1092 4814 1388 4884 Scriptura
1414 4818 1622 4872 sanxit.
1646 4829 1763 4871 non
1787 4824 1871 4871 est
1889 4814 2120 4871 terenda

2236 4810 2318 4865 εία
2351 4809 2532 4889 Γραφη
2565 4807 2868 4888 ἐθέσπισεν,
2901 4809 2960 4864 οὔ
2992 4806 3077 4864 δεῖ
3109 4810 3450 4888 ψηφίζεσθαι·
3480 4808 3619 4866 ἀλλά
3644 4810 3848 4884 μᾶλλον

475 4904 798 4978 sententia,
827 4902 930 4964 sed
959 4900 1156 4982 potius
1177 4898 1855 4980 exsequenda.Proinde
1879 4899 2036 4980 quod
2061 4899 2122 4961 in

2235 4902 2421 4955 πεσθαι
2457 4915 2470 4929 ⁸
2504 4895 2805 4961 ἀκολούθως
2861 4899 2962 4976 γὰρ
3018 4899 3080 4953 τὸ
3110 4899 3167 4952 ἓν
3223 4897 3445 4962 λα’ίκοῖς
3485 4897 3846 4976 ἐπιλήψιμον,

477 4994 646 5058 laicis
678 4991 1168 5074 reprehenditur,
1197 4989 1253 5050 id
1291 4989 1476 5051 multo
1501 4989 1686 5068 magis
1710 4987 1969 5051 debetin
1994 4989 2121 5051 cle-

2232 4986 2392 5062 εολλῷ
2443 4986 2648 5063 μᾶλλον
2706 4986 2760 5042 ἰν
2813 4985 3096 5064 κληρικοῖς
3131 4987 3332 5066 ὀφείλει
3378 4986 3848 5060 καταδικάζεσθαι.

475 5085 620 5146 ricis
660 5081 1082 5164 praedamnari.
1115 5077 1474 5142 Universum
1528 5079 1848 5140 consilium
1901 5077 2098 5142 dixit:
2161 5075 2351 5140 Nemo
2406 5083 2614 5139 contra
2669 5075 3019 5157 prophetas,
3053 5093 3229 5138 nemo
3270 5085 3478 5138 contra
3525 5075 3852 5159 Evangelia

472 5173 617 5236 facit
653 5171 786 5234 sine
820 5170 1090 5252 periculo
1117 5169 1264 5250 (t6).

2203 5407 2337 5453 can.
2374 5387 2450 5450 10
2480 5397 2540 5452 et
2575 5388 2667 5452 13.

563 5396 686 5472 με)
720 5395 830 5458 Ms.
869 5393 1128 5455 Avaritia
1159 5403 1217 5456 et
1248 5390 1565 5474 cupiditas.

2289 5470 2418 5550 (t5)
2445 5469 2565 5550 Ms.
2589 5468 2645 5550 al
2669 5467 2756 5550 vel
2789 5466 2899 5530 sub
2934 5467 3171 5533 diverso

559 5476 685 5556 (13)
719 5478 828 5556 Ms.
867 5493 1044 5556 nemo
1075 5480 1228 5555 quis.
1289 5555 1295 5556 ί
1514 5553 1522 5556 _
1909 5551 1922 5556 Α
1979 5549 2088 5556 μ,
2289 5476 2418 5556 (Ψ)
2445 5476 2645 5556 M_s.__al
2669 5476 2756 5556 vel
2789 5476 2899 5530 sub
2934 5476 3171 5556 diverso
3203 5487 3449 5556 genere.

568 5549 706 5640 (14⁷1
743 5555 972 5640 gitatur
999 5555 1062 5616 in
1092 5549 1346 5640 'concil._
1381 5553 1732 5640 Aquisgrap.
1785 5551 1927 5614 anni
1979 5549 2119 5640 789.
2209 5549 2405 5640 ___(16)
2436 5549 2520 5640 al.
2548 5549 2657 5640 his,
2686 5549 2820 5614 sine
2850 5567 2958 5614 suo
2989 5550 3286 5632 periculo,
3319 5559 3380 5612 ut
3405 5551 3469 5614 in
3499 5551 3717 5616 concil.
3754 5552 3839 5618 ιι-

482 5627 850 5724 csp.33.Est
873 5654 943 5701 ex
964 5627 1470 5715 concil.Carthag'.
1505 5627 1618 5697 sub
1643 5634 1822 5698 Grato
1853 5651 1952 5698 an.
1979 5631 2120 5696 348.
2209 5627 2390 5697 liber.
2422 5637 2481 5694 et
2516 5628 2679 5696 alibi.
