4134 6200
290 317 460 398 -773

1097 294 1518 399 smmi.
1560 292 1956 399 CANONU‘M.
2004 363 2082 380 -
2126 318 2284 395 rm.
2331 324 2437 411 1x,
2486 318 2651 396 CAP.
2700 318 2955 396 xxvn.

3527 286 3530 291 ’
3583 294 3701 391 774

425 468 600 525 "Qut:
644 465 848 545 μηδένα
891 468 1206 548 ἐπίσκοπον,
1248 471 1286 537 ἢ
1327 470 1703 551 πρεσϐύτερον,
1760 471 1796 537 ἦ
1852 467 1974 527 δισί-

2146 466 2218 530 Ut
2263 468 2470 531 nullus
2527 474 2863 550 episcopus,
2924 452 3243 549 presbyter
3296 473 3352 529 et
3408 466 3700 533 diaconus

339 582 524 631 κονον,
559 558 788 634 ἔκληψίν
819 582 935 615 τινα
967 558 1285 637 λαμϐάνειν,
1331 585 1386 624 κ,
1421 585 1472 625 τ,
1506 560 1560 621 λ.

446 648 524 677 ρ)
602 641 616 662 ε
744 649 756 669 ν
878 647 902 669 ν
1142 649 1167 672 η
1356 651 1368 670 ο
1693 653 1707 673 ι
1928 653 1941 675 I

316 690 323 697 r
424 672 485 722 ιδ
534 695 550 711 .
619 659 829 723 Ομοιως
872 670 1085 727 ηρεσεν,
1152 673 1236 707 ινα
1281 650 1561 709 ἒπισκοποι
1622 674 1713 710 και
1747 650 1981 730 πρεσϐυ-

336 760 485 817 τεροι
571 741 660 795 καὶ
748 736 1028 815 διάκονοι,

332 851 391 891 κ.
424 854 480 894 τ.
513 830 567 894 λ.

400 922 632 981 Συνόδου
661 925 1038 999 οἰκουμενικῆς
1064 924 1228 993 ἕκτης
1256 926 1430 982 κανὼν
1462 924 1523 1002 ι’,
1558 925 1668 1006 κγ’,
1702 923 1805 987 κδ’.
1842 926 1914 989 ν’,

424 1016 491 1078 ι’.
523 1013 874 1092 Ἐπίσκοπος,
909 1017 944 1086 ἢ
980 1017 1356 1099 πρεσϐύτερος,
1390 1019 1425 1088 ἢ
1456 1017 1726 1094 διάκονος,
1762 1019 1976 1096 τόνους,

336 1128 390 1165 κ,
427 1129 480 1167 τ.
513 1105 571 1170 λ.

414 1197 528 1274 κγ’,
587 1198 711 1273 Περὶ
751 1200 846 1254 τυῦ
893 1196 1097 1274 μηδενα
1145 1205 1251 1255 τῶν
1292 1196 1405 1256 εἴτε
1434 1200 1744 1257 ἓπισκόπων
1776 1199 1812 1268 ἢ
1842 1223 1979 1280 πρε-

333 1284 627 1365 σϐυτέρων,
660 1310 716 1345 κ.
748 1309 800 1351 τ.
835 1286 890 1349 λ.

418 1374 525 1439 κδ’.
590 1376 679 1444 Μὴ
724 1375 919 1442 ἐξέστω
963 1377 1062 1433 τινὶ
1106 1377 1214 1434 τῶν
1257 1377 1313 1434 ἐν
1364 1379 1617 1457 ἱερατικῷ
1672 1379 1977 1458 καταλεγο-

335 1464 517 1542 μένων
572 1466 830 1545 τάγματι,
879 1466 913 1534 ἢ
972 1466 1258 1548 μοναχῶν,
1309 1467 1362 1524 ἐν
1406 1466 1785 1546 ἱπποδρομίαις
1826 1469 1975 1525 ἀνιέ-

335 1578 448 1630 ναι,
476 1556 515 1623 ἦ
543 1555 845 1631 θυμελικῶν
888 1556 1153 1634 παιγνίων
1212 1556 1549 1637 ἀνέχεσθαι·
1613 1557 1734 1614 ἀλλ’
1792 1559 1838 1615 εἰ
1890 1561 1979 1616 καί

332 1667 417 1711 τις
450 1644 709 1725 κληρικὸς
738 1645 965 1714 κληθείη
999 1646 1055 1702 ἒν
1085 1647 1268 1725 γάμῳ,
1320 1648 1478 1718 ἡνίκα
1528 1644 1574 1703 δ’
1632 1647 1692 1705 ἃν
1736 1649 1801 1705 τὰ
1844 1651 1978 1728 πρὸς

331 1733 549 1803 ἆπᾶτην
608 1735 902 1794 είσὲλθοιεν
961 1736 1206 1814 παίίνια,
1260 1735 1600 1807 ἐξαναστήτω
1653 1739 1739 1795 καὶ
1770 1761 1977 1815 παραυ-

330 1824 456 1882 τίκα
500 1825 877 1906 ἀναχωρείτω,
912 1823 1052 1882 οὕτω
1089 1826 1187 1893 τῆς
1222 1825 1470 1903 Πατὲρων
1505 1827 1660 1894 ἡμῶν
1704 1850 1977 1906 προστατ-

330 1916 534 1984 τούσης
593 1914 939 1981 διδασκαλίας
974 1932 989 1948 ·
1039 1917 1086 1971 εἰ
1127 1914 1185 1972 δέ
1254 1937 1332 1982 τις
1393 1915 1486 1972 ἐπί
1549 1923 1719 1992 τοῦτῳ
1760 1917 1897 1999 ἆλῷ,
1942 1920 1979 1986 ἦ

329 2006 626 2063 παυσάσθω
664 2006 701 2074 ἠ
731 2007 1103 2083 καθαιρείσθω.

414 2093 485 2157 ν’,
510 2093 727 2163 Μηδένα
747 2101 854 2152 τῶν
885 2095 1138 2152 ἁπάντων
1170 2094 1282 2152 εἴτε
1319 2093 1526 2153 λαῑκῶν
1559 2095 1671 2153 εἴτε
1704 2104 1977 2174 κληρικῶν

330 2181 571 2241 κυϐεύειν
614 2184 720 2242 ἀπὸ
763 2190 857 2243 τοῦ
901 2191 989 2241 νῦν
1021 2202 1037 2218 ⁸
1103 2186 1148 2242 εί
1204 2183 1260 2241 δέ
1316 2207 1397 2249 τις
1442 2192 1649 2243 τοιοῦτο
1706 2188 1975 2267 φωραθείη

329 2274 607 2355 πράττων,
638 2277 681 2331 εί
729 2275 829 2351 μὲν
880 2273 1136 2350 κληρικὸς
1196 2273 1314 2356 εἴη,
1359 2276 1707 2353 καθαιρείσθω
1740 2293 1753 2307 ·
1817 2277 1861 2332 εἰ
1920 2276 1973 2333 δὲ

325 2361 549 2439 λα’ἰκὸς,
583 2364 938 2444 ἀφοριζέσθω.

1116 740 1446 819 ἱκλήπτορες
1526 742 1604 817 μὴ
1703 743 1979 820 γίνωνται,

669 2545 896 2606 Συνόδου
930 2547 1152 2612 Νικαίας
1184 2547 1244 2603 τὸ
1272 2546 1327 2624 β’
1356 2548 1529 2605 κανὼι
1560 2546 1629 2611 δ’,

412 2641 539 2718 Περὶ
622 2648 715 2699 τοῦ
783 2641 1080 2721 ἀπέχεσθαι
1165 2641 1287 2705 τοὺς
1381 2640 1704 2708 ἐπισκόπους
1791 2638 1972 2709 πάσης

325 2729 680 2806 δοσοληψίας,

410 2819 481 2881 δ’.
529 2814 587 2879 Ὀ
617 2819 782 2901 κῆρυξ
811 2826 911 2889 τῆς
942 2819 1194 2888 ἀληθείας
1226 2820 1458 2897 Παύλος,
1492 2844 1555 2883 κ.
1585 2846 1637 2884 τ.
1673 2821 1727 2887 λ.

739 2912 1017 2974 Βασιλείου
1047 2915 1224 2972 κανὼν
1254 2912 1315 2991 ι’,
1352 2914 1438 2992 ιδ’,
1476 2916 1566 2989 ιζ’.

410 3006 472 3066 ι’.
538 3009 597 3066 Οἱ
641 3008 929 3084 ὀμνύοντες
974 3007 1052 3084 μὴ
1106 3006 1500 3089 καταδεχεσθαι
1559 3009 1660 3079 τὴν
1716 3032 1971 3091 χειροτο-

326 3098 467 3171 νίαν,
515 3119 570 3160 κ.
603 3120 656 3160 τ.
692 3097 747 3162 λ,

2061 559 2394 623 conductor
2414 561 2695 633 exsistat,
2728 567 2823 621 etc
2857 608 2872 635 ,
2905 566 2973 622 ut
2999 577 3147 640 pag.
3185 557 3326 619 550.

2149 651 2245 712 16.
2280 652 2428 712 Item
2489 650 2718 730 placuit
2769 658 2833 711 ut
2892 649 3189 731 episcopi,
3253 649 3586 731 presbyteri
3645 661 3705 714 et

2064 738 2305 802 diaconi
2339 758 2460 802 non
2486 741 2609 802 sint
2636 740 3062 816 conductores,
3101 746 3244 813 etc.,
3278 747 3346 802 ut
3370 758 3518 820 pag.
3556 742 3698 803 550.

2106 833 2371 895 Concita
2397 835 2746 897 mcumenici
2770 851 2829 896 vr
2861 851 3122 897 canones
3156 833 3249 913 10,
3282 832 3382 907 23,
3416 832 3517 915 24,
3555 836 3656 899 50.

2146 926 2239 988 10.
2280 925 2642 1008 Episcopus,
2706 927 3046 1008 presbyter,
3104 927 3199 988 Vel
3258 916 3702 1011 diaconus'qui

2014 1018 2019 1027 “
2063 1034 2304 1091 usuras,
2340 1023 2485 1101 etc.,
2519 1028 2586 1083 ut
2612 1035 2753 1101 pag.
2784 1016 2924 1081 750.

2143 1203 2243 1266 25.
2276 1201 2356 1265 Ut
2387 1200 2586 1267 nullus
2615 1197 2739 1260 sive
2782 1196 3133 1280 episcopus,
3182 1198 3306 1259 sive
3361 1196 3703 1279 presbyter,

2063 1300 2209 1365 etc.,
2239 1300 2303 1356 ut
2333 1312 2477 1375 pag.
2513 1291 2652 1355 5l5.

2140 1383 2242 1446 24.
2275 1384 2364 1447 Ne
2392 1382 2490 1445 cui
2520 1380 2702 1442 liceat
2731 1396 2964 1448 eorum.
2990 1378 3090 1458 qui
3122 1376 3184 1438 in
3212 1376 3575 1440 sacerdotait
3606 1396 3702 1440 or-

2061 1471 2204 1533 dine
2236 1477 2690 1550 enumerantur,
2723 1467 2815 1530 vel
2846 1466 3388 1543 monachorum,in
3408 1485 3699 1548 equorum

2040 1561 2380 1641 _curriculis
2409 1562 2546 1622 297
2578 1556 3031 1632 subsistere,vel
3058 1556 3335 1619 Scenicos
3364 1557 3540 1619 ludos
3561 1575 3702 1620 sus-

2062 1652 2279 1714 tinere.
2342 1644 2460 1714 Sed
2520 1657 2578 1713 et
2605 1648 2657 1710 si
2687 1648 2822 1729 quis
2853 1647 3115 1710 clericus
3146 1646 3220 1708 ad
3253 1648 3491 1729 nuptias
3521 1666 3702 1711 voce-

2062 1749 2180 1816 tur,
2213 1740 2455 1821 quando
2490 1738 2563 1802 ad
2623 1737 3045 1818 deceptionem
3097 1745 3448 1816 comparata
3474 1736 3705 1800 ludicra

2004 1851 2039 1902 Β
2063 1830 2333 1909 ingressa
2362 1828 2609 1903 fuerint,
2643 1835 2843 1907 surgat
2872 1834 2931 1888 et
2959 1826 3253 1903 discedat,
3279 1826 3519 1887 Palrum
3553 1844 3701 1887 nos-

2065 1928 2293 1982 trorum
2325 1919 2412 1981 sic
2437 1917 2691 1999 jubente
2723 1916 3022 1979 doctrina.
3056 1914 3120 1979 Si
3179 1917 3315 1997 quis
3343 1925 3540 1979 autem
3569 1916 3704 1996 ejus

2062 2008 2153 2071 rei
2186 2009 2495 2071 convictus
2524 2006 2724 2082 fuerit,
2757 2006 2849 2068 vel
2875 2014 3091 2079 cesset,
3125 2003 3217 2067 vel
3249 2004 3607 2086 deponatur.

2142 2101 2241 2164 50.
2274 2098 2522 2163 Nullum
2554 2096 2823 2160 omnium
2855 2095 3098 2172 59‘,sive
3120 2093 3703 2169 clericum,sivelai-

2060 2208 2224 2270 cum,
2256 2188 2330 2250 ab
2388 2190 2502 2250 hoc
2561 2186 2853 2266 deinceps
2913 2192 3183 2263 tempore
3215 2183 3346 2245 alea
3373 2183 3608 2247 ludere.
3640 2183 3706 2248 Si

2058 2282 2192 2360 quis
2222 2287 2419 2341 autem
2452 2277 2565 2340 hoc
2597 2275 2884 2356 deinceps
2914 2274 3111 2337 facere
3135 2272 3553 2355 deprehensus
3576 2273 3702 2338 fue-

2055 2368 2156 2443 rit,
2191 2367 2243 2429 si
2274 2368 2349 2430 sit
2384 2364 2625 2448 quidem
2658 2364 2940 2440 clericus,
2990 2364 3364 2442 deponatur;
3398 2363 3449 2425 si
3482 2363 3697 2446 laicus,

2058 2465 2432 2538 segregetur.

2422 2548 2686 2614 Consilii
2705 2548 2942 2614 Νίσιεηί
2969 2564 3013 2609 ιι
3040 2564 3235 2611 canon
3265 2550 3327 2608 4.

2139 2644 2311 2721 Quod
2341 2643 2614 2725 episcopi
2642 2643 2718 2706 ab
2745 2643 2913 2706 omni
2942 2643 3217 2705 avaritia
3245 2657 3371 2703 sese
3401 2640 3703 2703 abstinere

2054 2734 2332 2799 debeant.

2136 2827 2198 2888 4.
2232 2822 2509 2888 Veritatis
2542 2843 2738 2907 praeco
2767 2822 3010 2899 Paulus,
3045 2830 3191 2899 etc.,
3224 2827 3291 2885 ut
3314 2839 3461 2904 pag.
3485 2822 3628 2887 5l5.

2402 2918 2631 2983 Basilii
2661 2935 2928 2982 canones
2963 2917 3058 2990 10,
3094 2915 3192 2997 l4,
3233 2920 3331 2979 1'7.

2136 3013 2237 3077 10.
2271 3011 2387 3086 Qui
2428 3012 2637 3094 jurant
2679 3032 2746 3075 se
2775 3011 3221 3076 ordinationem
3256 3029 3377 3073 non
3408 3012 3699 3092 acceptu-

2057 3120 2183 3177 ros,
2208 3110 2356 3178 etc.,
2385 3110 2454 3165 ut
2482 3121 2628 3184 pag.
2663 3103 2805 3164 503.

414 3185 507 3247 ιδ’.
558 3178 615 3245 εΟ
645 3188 836 3254 τόκους
867 3187 1179 3265 λαμϐάνων,
1226 3189 1314 3247 ἓὰδ
1356 3188 1706 3257 καταδέξηται
1749 3191 1811 3247 τὸ
1854 3187 1973 3249 ἅδι-

2140 3195 2239 3256 14.
2277 3191 2393 3264 Qui
2419 3178 2636 3254 usuras
2664 3191 2966 3273 accipit,si
2997 3189 3255 3267 voluerit
3282 3188 3572 3271 injustum
3603 3188 3703 3251 lu-

328 3297 424 3334 κον
482 3274 669 3357 κέρδος
726 3280 801 3343 εἰς
847 3280 1103 3359 πτωχοὺς
1171 3278 1472 3352 ἀναλῶσαι,
1516 3281 1605 3337 καὶ
1649 3289 1741 3338 τοῦ
1784 3278 1976 3337 λοιποῦ

323 3373 420 3423 τοῦ
478 3368 790 3442 νοσήματος
835 3368 930 3436 τῆς
973 3367 1413 3448 φιλοχρηματίας
1447 3367 1861 3448 ἀπαλλαγῆναι,
1895 3367 1977 3424 δε-

325 3456 454 3521 κτός
486 3456 632 3513 ἐστιν
664 3459 737 3520 εἷς
769 3458 1089 3535 ἱερωσύνην,

413 3545 506 3618 ιζ’.
573 3537 890 3626 Ἠρώτησας
946 3549 1092 3624 ἡμᾶς
1142 3548 1261 3629 περὶ
1306 3548 1554 3628 Βιάνορος
1610 3556 1701 3607 τοῦ
1742 3546 1977 3627 πρεσϐυ-

326 3636 507 3716 τέρου,
543 3637 588 3692 εί
617 3634 802 3699 δεκτός
836 3636 979 3694 ἐστιν
1008 3639 1083 3701 εἷς
1115 3639 1208 3696 τὸν
1249 3636 1452 3717 κλῆρον
1500 3636 1587 3695 διὰ
1631 3640 1721 3695 τὸν
1765 3638 1924 3718 ὅρκον
1957 3654 1971 3669 ·

329 3727 441 3806 ἐγὼ
493 3724 547 3782 δὲ
611 3724 717 3793 ἤδη
760 3726 881 3783 τινὰ
923 3727 1015 3783 καὶ
1062 3728 1244 3786 κοινὸν
1289 3727 1411 3807 ὅρον
1450 3729 1568 3807 περί
1597 3727 1815 3785 πάντων
1845 3730 1981 3805 ὁμοῦ

334 3818 446 3874 τῶν
502 3815 622 3892 μετ’
668 3817 828 3873 αύτοῦ
869 3818 1239 3892 ίρμωμοκότων
1281 3830 1401 3881 τοῖς
1445 3818 1583 3874 κατὰ
1637 3815 1980 3898 Ἀντιόχειαν

336 3905 626 3984 κληρικοϊς
682 3904 810 3963 οῖδα
858 3905 1170 3972 ἐκτεθεικώς
1209 3927 1224 3942 ’
1258 3906 1398 3965 ὥστε
1433 3913 1534 3965 τῶν
1566 3907 1663 3983 μὲν
1707 3906 1979 3975 δημοσίων

334 3997 530 4060 αὐτοὺς
580 3995 883 4075 ἀπέχεσθαι
914 3994 1216 4076 συλλόγων,
1252 3994 1354 4070 ἰδίᾳ
1386 3996 1440 4054 δὲ
1484 3997 1725 4077 ἐνεργεῖν
1765 3997 1831 4053 τὰ
1874 4003 1979 4054 τῶν

335 4083 705 4165 πρεσϐυτέρων
738 4103 755 4122 ⁸
800 4087 864 4143 τὸ
891 4083 947 4142 δὲ
977 4087 1105 4143 asta
1157 4093 1310 4143 τοῦτο
1367 4087 1457 4143 καὶ
1512 4090 1643 4167 πρὸς
1692 4088 1790 4157 xiv
1847 4088 1977 4145 ἑαυ-

331 4186 431 4236 τοῦ
471 4176 787 4251 ὑπηρεσίαν,
831 4172 1011 4233 ἄδειαν
1056 4177 1200 4250 αὐτῷ
1242 4175 1475 4257 παρέχει
1510 4195 1525 4211 ⁸
1595 4175 1728 4235 διότι
1782 4178 1877 4235 οὒκ
1920 4176 1976 4233 ἰν

332 4264 646 4345 Ἀντιοχείᾳ
679 4265 821 4322 ἐστὶν
876 4266 911 4333 ἦ
970 4266 1257 4344 ἱερωσύνη,
1293 4265 1414 4323 ἀλλ’
1447 4265 1502 4322 ἐν
1548 4265 1774 4347 Ἰκονίῳ,
1808 4266 1874 4334 ἥν
1903 4268 1976 4331 ὡς

332 4355 495 4417 αὒτὸς
551 4353 868 4419 ἐπέστειλας
918 4355 1056 4430 ἡμῖν
1099 4360 1198 4422 τῆς
1246 4353 1586 4435 Ἀντιοχείας
1637 4357 1711 4418 είς
1760 4354 1979 4423 οἴκησιν

335 4441 708 4510 ἀντηλλάξατο
741 4459 755 4473 ’
820 4443 964 4500 ἔστιν
1003 4442 1094 4501 οὖν
1150 4442 1335 4509 δεκτὸς
1371 4446 1396 4500 ὁ
1427 4444 1561 4515 ἀνὴρ
1590 4444 1820 4518 ἐκεῖνος,
1868 4445 1979 4502 ἀπ-

2059 3300 2227 3344 crum
2258 3282 2319 3343 in
2352 3300 2648 3363 pauperes
2677 3282 3010 3358 insumere,
3044 3290 3103 3343 et
3131 3280 3424 3361 deinceps
3450 3279 3527 3341 ab
3558 3297 3700 3342 ava-

2056 3372 2214 3435 ritiae
2244 3372 2453 3433 morbo
2483 3371 2753 3449 liberari,
2786 3372 2861 3434 ad
2894 3370 3300 3436 sacerdotium
3333 3368 3570 3433 admitti
3603 3388 3707 3450 po-

2058 3471 2199 3525 test.

2142 3552 2241 3614 17.
2274 3550 2657 3629 [interrogasti
2691 3568 2801 3613 nos
2830 3549 2905 3612 de
2934 3550 3193 3613 Bianore
3226 3547 3606 3630 presbytero,
3628 3567 3706 3610 an

2060 3643 2121 3705 in
2165 3640 2393 3725 clerum
2451 3638 2689 3702 admitti
2734 3641 2944 3721 possit,
2980 3647 3224 3721 propter
3245 3637 3702 3719 jusjurandum.

2063 3732 2186 3809 Ego
2218 3737 2418 3793 autem
2454 3748 2549 3792 me
2569 3730 2695 3810 jam
2729 3748 3108 3791 communem
3140 3728 3400 3809 aliquam
3431 3727 3705 3806 regulam

2063 3821 2140 3884 de
2170 3819 2449 3882 omnibus
2477 3819 2579 3901 qui
2609 3838 2728 3881 una
2749 3837 2883 3881 cum
2909 3837 2980 3882 eo
2996 3815 3708 3899 juraverant,Antioche-

2066 3910 2162 3973 nis
2193 3909 2435 3972 clericis
2464 3908 2728 3972 edidisse
2782 3909 3029 3971 memini
3071 3927 3086 3972 :
3123 3914 3189 3969 ut
3217 3906 3331 3988 ipsi
3360 3925 3398 3967 τι
3449 3903 3706 3986 publicis

2063 4000 2304 4084 quidem
2330 3999 2729 4062 conventibus
2750 3995 3395 4078 abstineant,privatim
3419 4012 3561 4058 vero
3584 4013 3709 4057 mu-

2061 4092 2163 4154 nia
2181 4090 2399 4153 obeant
2420 4089 2939 4172 presbyterorum.
2974 4086 3038 4149 Id
3061 4087 3257 4167 ipsum
3290 4094 3492 4147 autem
3517 4084 3700 4148 etiam

2059 4181 2114 4244 ei
2139 4180 2408 4243 muneris
2439 4178 2534 4241 sui
2567 4176 2893 4259 peragendi
2926 4175 3700 4259 praebetlibertatem.quod

2065 4288 2185 4332 non
2208 4269 2286 4331 sit
2308 4266 2642 4331 Antiochiae
2663 4266 3089 4340 sacerdotium,
3115 4264 3221 4327 sed
3253 4261 3445 4326 Iconii
3478 4285 3493 4328 :
3528 4282 3705 4346 quam

2064 4358 2377 4432 urbem,ut
2396 4356 2526 4438 ipse
2548 4356 2624 4418 ad
2651 4374 2760 4418 nos
2784 4353 3108 4435 scripsisti,
3141 4352 3459 4417 Antiochia
3488 4355 3562 4415 ad
3596 4354 3712 4415 ha-

2065 4446 2382 4510 bitandum
2408 4444 2794 4524 permutavit.
2822 4443 2973 4524 Ergo
2997 4446 3084 4506 vir
3103 4443 3204 4506 ille
3225 4442 3448 4524 suscipi
3474 4451 3666 4524 potest
3691 4460 3708 4518 ;

338 4533 656 4608 αιτούμενος
698 4534 842 4613 παρὰ
908 4538 1010 4599 τῆς
1068 4530 1345 4596 εὐλαϐείας
1404 4554 1520 4608 σου,
1591 4532 1979 4609 μεταμέλεσθαι

341 4622 358 4642 ἳ
412 4623 426 4642 ι
493 4626 520 4638 θ
591 4621 605 4641 9
686 4621 739 4642 \I
882 4629 905 4640 ε
958 4621 984 4642 η
1193 4620 1219 4642 l‘
1314 4621 1328 4642 Ἰ
1378 4623 1393 4642 ε
1521 4628 1544 4639 ο
1614 4622 1628 4642 ν
1689 4622 1700 4642 Ι
1892 4622 1908 4642 9

2080 4536 2410 4642 ppstulante
2429 4535 2504 4597 ab
2528 4554 2597 4597 eo
2626 4534 2843 4616 pietate
2864 4542 2989 4642 tua,
3019 4543 3088 4636 ut
3106 4532 3518 4642 paenitentiam
3549 4542 3708 4614 agat,

339 4622 430 4679 ἐπὶ
458 4626 527 4698 τῇ
559 4621 774 4696 εὐκολίᾳ
817 4629 910 4680 τοῦ
956 4621 1140 4703 ὅρκου,
1193 4620 1253 4679 ὃν
1310 4621 1396 4679 ἐπὶ
1455 4628 1547 4680 τοῦ
1605 4622 1828 4679 ἀπίστου
1885 4622 1985 4679 ἂν-

342 4708 467 4791 δρὸς
498 4709 831 4787 ἐξωμόσατο,
878 4712 1136 4790 βαστάξαι
1181 4712 1277 4780 νὴν
1324 4711 1622 4793 ’ἐνόχλησιν
1672 4718 1765 4769 τοῦ
1796 4712 1988 4789 μικροῦ

344 4799 553 4858 ἐκείνου
581 4799 821 4859 κινδύνου
852 4803 930 4878 μὴ
956 4800 1220 4870 δυνηθείς.

426 4892 494 4947 Ἦ
548 4889 628 4948 λδ⁹
688 4890 919 4959 διάταξις
964 4894 1053 4949 τοῦ
1079 4888 1127 4948 δ’
1173 4890 1278 4951 τίτ.
1310 4897 1407 4948 τοῦ
1438 4890 1489 4947 α’
1521 4889 1670 4968 βιϐλ.
1702 4898 1796 4949 τοῦ
1852 4888 1983 4952 κώδ.

343 4980 507 5062 φησίν
538 4999 554 5016 ’
588 4976 916 5046 Ἐπίσκοπος
949 4982 986 5048 ἦ
1027 4981 1309 5060 κληρικὸς,
1356 4977 1591 5039 κυϐεύων
1632 4980 1667 5047 ἦ
1716 4985 1987 5038 κοινωνῶν

343 5070 471 5136 τοῖς
522 5067 830 5127 κυϐεύουσιν
873 5069 909 5138 ἥ
953 5072 1425 5148 παρακαθήμενος,
1473 5067 1508 5137 ἦ
1551 5068 1828 5148 θέατρονῆ
1859 5079 1987 5126 κυν-

343 5161 507 5238 ήγιον
549 5163 790 5239 θεωρῶν,
848 5159 1153 5238 ἀφορίζεται
1196 5160 1376 5227 πάσης
1433 5159 1708 5237 ἱεραιτικῆς
1741 5159 1987 5238 λειτουρ-

344 5251 492 5329 γίας,
524 5250 615 5309 καὶ
637 5251 747 5306 τῶν
776 5249 1043 5317 σιτήσεων
1098 5247 1259 5305 αὐτοῦ
1301 5260 1597 5326 στιρεϊται,
1629 5248 1726 5306 καὶ
1757 5249 1988 5327 ὁρίζεται

349 5338 495 5414 αὒτῷ
524 5336 720 5420 χρόνος
762 5338 836 5403 είς
881 5336 1171 5413 μετάνοιαν
1199 5351 1215 5369 '
1250 5338 1338 5394 καὶ
1368 5335 1458 5393 ἐὰν
1506 5336 1669 5404 ἀξίως
1713 5336 1851 5395 εἵσω
1895 5343 1990 5395 τού

348 5428 550 5510 χρόνου
609 5434 751 5510 φανῇ
808 5428 1170 5503 μετανοήσας,
1228 5426 1499 5507 ἱερατικῆς
1564 5427 1798 5495 ἀξιοὸται
1856 5426 1987 5507 φιλ-

353 5519 654 5599 ανθρωπίας
689 5538 706 5556 ο
764 5519 810 5575 εἰ
835 5516 890 5574 δὲ
922 5520 1060 5594 μετὰ
1087 5517 1177 5575 τόν
1213 5518 1409 5599 χρόνον
1446 5518 1737 5597 ἰπιμείνοι,
1768 5515 1987 5585 τελείως

440 5692 539 5749 ⁵9*
568 5692 716 5762 ϐω.
751 5698 942 5779 apost.
973 5692 1076 5774 42,
1105 5689 1206 5761 43.

2069 4625 2146 4688 ob
2177 4625 2413 4688 facilem
2437 4633 2496 4687 et
2517 4632 2858 4704 promptum
2881 4624 2953 4685 ad
2965 4622 3389 4704 jusjurandum
3414 4620 3709 4694 animum,

2071 4715 2229 4796 quod
2261 4733 2460 4777 coram
2487 4713 2717 4776 inﬁdeli
2745 4714 2868 4775 viro
2893 4713 3142 4793 juravit,
3181 4711 3515 4775 molestiam
3549 4709 3711 4772 ferre

2070 4805 2263 4883 exigui
2290 4803 2453 4866 illius
2487 4801 2744 4884 periculi
2775 4820 2894 4864 non
2928 4802 3156 4865 valens.

2154 4891 2548 4957 Tewtus.298
2569 4891 2767 4955 Const.
2791 4892 2892 4966 34,
2934 4895 3022 4951 tit.
3049 4893 3111 4965 4,
3134 4889 3271 4952 lib.t
3298 4887 3434 4951 cod.
3466 4888 3711 4971 Episco-

2071 5000 2183 5064 pus
2203 4991 2303 5045 aut
2325 4982 2604 5051 clericus,
2639 4980 2962 5061 inquit,qui
2983 4986 3082 5041 aut
3101 4978 3235 5040 alea
3256 4978 3539 5053 ludit,aut
3569 4996 3710 5040 cum

2069 5069 2868 5135 aleatoribuscommercium
2893 5067 3194 5144 habet,vel
3221 5067 3337 5149 [iis]
3359 5067 3712 5145 assidet,aut

2070 5160 2412 5242 spectacula
2432 5159 2810 5222 arenariasve
2831 5154 3176 5219 venationes
3191 5164 3440 5239 spectat:
3457 5155 3531 5218 ab
3546 5157 3714 5220 omni

2071 5268 2241 5313 sacro
2263 5257 2609 5328 segregatur
2632 5245 3348 5324 ministerio,annonariis
3370 5249 3499 5311 suis
3525 5247 3714 5330 priva-

2075 5352 2169 5406 tur
2196 5337 2587 5420 pensionibus
2642 5358 2655 5401 :
2710 5345 2770 5400 et
2807 5337 3187 5400 constituitur
3218 5334 3307 5399 illi
3340 5338 3713 5420 poenitentiae

2071 5431 2330 5510 tempus,
2365 5428 2521 5491 intra
2552 5427 2709 5509 quod
2743 5427 2794 5490 si
2841 5427 3021 5507 digne
3074 5431 3368 5509 pmnitere
3418 5429 3708 5507 videatur,

2068 5516 2426 5583 sacerdotali
2455 5517 2822 5598 benignitate
2855 5517 3072 5600 dignus
3105 5517 3360 5582 habetur
3397 5541 3410 5580 :
3446 5527 3506 5583 at
3537 5525 3588 5584 si
3622 5518 3712 5604 [in
