4134 6200
576 265 696 342 779

1682 271 1947 342 PHOTII
2001 269 2520 342 PATRIABCH/E
2561 275 2676 342 GP.

3842 279 3965 352 780

574 427 895 491 statuimus
923 444 1025 488 eos
1085 441 1204 487 non
1263 421 1522 505 amplius
1554 443 1688 486 cum
1725 424 1843 486 illis
1876 425 1998 487 ullo
2042 423 2174 486 mod

2304 423 2549 505 έχονται,
2599 429 2841 504 ὁρίζομεν
2887 424 3104 492 τούτους
3161 423 3363 504 μηκέτι
3409 429 3630 493 ταύταις
3684 446 3958 489 συνοικεῖν

576 516 921 579 cohabitare
946 514 1267 589 debere,ut
1299 532 1369 575 eo
1397 513 1568 576 nobis
1603 514 1922 594 perfectam
1951 515 2038 576 sui
2073 532 2215 594 pro-

575 605 740 666 missi
772 604 1343 666 demonstrationem
1371 603 1693 684 przebeant.
1724 605 1850 666 Hoc
1875 613 2072 666 autem
2099 604 2218 666 illis

573 712 694 754 non
727 702 974 774 propter
1021 692 1181 754 aliud
1232 711 1408 773 quam
1448 701 1692 774 propter
1724 711 1931 755 eorum
1968 694 2213 773 pusilla-

569 781 929 856 nimitatem,
965 791 1407 862 extraneosque
1425 800 1492 844 ac
1529 801 1646 845 non
1678 784 1820 845 satis
1857 783 2060 846 ﬁrmos
2094 803 2215 845 mo-

565 890 664 933 res
697 872 1136 934 concessimus.

647 963 788 1023 502
821 959 989 1025 CAP.
1025 960 1236 1026 XXIX.
1272 998 1345 1008 —
1383 965 1462 1025 De
1489 963 1676 1027 licitis
1703 970 1760 1026 et
1793 963 2027 1027 illicitis
2053 983 2211 1044 nup-

565 1053 689 1116 tiis.
743 1051 828 1114 Et
888 1053 1051 1132 quod
1092 1052 1345 1115 lectores
1383 1055 1514 1132 jam
1551 1055 1808 1133 puberes
1834 1056 2214 1132 interrogari

561 1149 836 1222 oporteat
864 1150 1070 1204 utrum
1103 1143 1330 1205 nubere
1350 1142 1752 1206 velint.Etde
1784 1142 2208 1220 concubinam,

555 1232 995 1312 fornicatione,
1023 1239 1078 1296 et
1111 1232 1443 1296 adulterio.

679 1417 1113 1499 Apostolorum
1145 1435 1407 1482 canones
1441 1419 1534 1498 t7,
1572 1419 1670 1494 t8,
1712 1419 1805 1495 t9,
1835 1417 1933 1492 25,
1967 1421 2066 1482 96.

642 1537 709 1598 l7
749 1535 909 1616 [16].
947 1533 1060 1607 Qui
1095 1544 1226 1614 post
1255 1544 1531 1597 sanctum
1569 1535 1928 1617 baptismum
1961 1537 2202 1600 duobus

559 1625 916 1704 conjugibus
947 1625 1125 1686 fuerit
1155 1625 1512 1705 implicitus,
1548 1634 1692 1700 etc.,
1726 1634 1796 1687 ut
1826 1645 1965 1706 pag.
2000 1628 2138 1688 511.

639 1715 714 1777 18
746 1714 796 1795 [1
815 1716 895 1792 7].
931 1713 1043 1786 Qui
1095 1714 1331 1775 viduam
1381 1722 1634 1796 accepit,
1673 1716 1761 1777 vel
1795 1717 2074 1796 ejectam,
2106 1718 2198 1781 vel

556 1807 961 1876 meretricem,
995 1804 1084 1865 vel
1115 1822 1370 1884 servam,
1410 1812 1551 1878 etc.,
1588 1812 1655 1867 ut
1685 1823 1831 1886 pag.
1861 1806 1925 1866 51
1953 1815 2000 1870 1.

642 1893 715 1956 19
748 1891 900 1972 [l8].
933 1890 1041 1964 Qui
1074 1892 1221 1954 duas
1251 1911 1490 1954 sorores
1529 1894 1717 1972 duxit,
1751 1895 1842 1956 vel
1878 1894 2194 1958 consobri-

554 1999 716 2054 nam,
756 2000 876 2042 non
909 1989 1101 2058 potest
1133 1999 1270 2043 esse
1301 1981 1585 2045 clericus.

629 2071 708 2132 25
741 2071 895 2151 [24].
925 2071 1282 2152 Episcopus,
1307 2072 1397 2133 vel
1425 2073 1757 2154 presbyter,
1789 2074 1880 2135 vel
1908 2075 2194 2138 diaconus

549 2159 962 2223 fornicationis
985 2161 1072 2222 vel
1107 2161 1382 2242 perjurii,
1422 2174 1566 2237 etc.,
1601 2170 1669 2226 ut
1696 2181 1844 2244 pag.
1877 2165 2018 2228 743.

630 2251 708 2314 26
737 2251 889 2331 [25].
920 2250 1002 2311 Ex
1033 2251 1130 2325 iis,
1161 2252 1258 2332 qui
1293 2270 1410 2313 non
1439 2252 1619 2314 ducta
1641 2272 1825 2315 uxore
1855 2253 1929 2314 ad
1961 2255 2189 2319 clerum

552 2340 807 2420 promoti
841 2349 1001 2413 sunt,
1029 2341 1338 2420 jubemus,
1372 2343 1422 2404 si
1468 2342 1654 2405 velint
1684 2362 1933 2406 uxorem
1969 2345 2192 2410 ducere

553 2430 810 2491 lectores
841 2437 900 2491 et
929 2439 1206 2492 cantores
1237 2430 1422 2492 solos.

868 2548 1136 2612 Concilii
1166 2549 1498 2630 Ancyrani
1538 2569 1729 2614 canon
1771 2555 1862 2616 lO.

627 2657 721 2716 10.
787 2653 1142 2738 Quicunque
1199 2656 1435 2719 diaconi
1499 2659 1834 2735 constituti,
1912 2669 2056 2735 etc.,
2119 2671 2187 2726 ut

535 2764 682 2828 pag.
719 2747 861 2810 747.

652 2841 914 2904 Concitiz'
936 2840 1444 2904 Neocwsariensis
1474 2859 1740 2904 canones
1773 2842 1831 2917 1,
1864 2844 1923 2920 9,
1965 2844 2060 2907 10.

619 2944 679 2998 4.
714 2935 1038 3015 Presbyter
1061 2936 1110 2997 si
1143 2954 1388 2997 uxorem
1424 2935 1904 3010 duxerit,ordine
1927 2957 2034 3000 suo
2061 2958 2181 3003 mo-

539 3038 769 3090 veatur.
806 3027 946 3088 505
978 3026 1038 3088 Si
1070 3033 1267 3087 autem
1307 3025 1633 3088 fornicatus
1660 3025 1968 3100 fuerit,ch
2001 3029 2176 3090 adul-

2299 514 2419 572 καθ’
2463 514 2776 586 οἱονδήποτε
2821 517 3044 596 τρόπον,
3091 518 3194 584 ἕως
3238 520 3300 574 ἂν
3365 518 3504 594 ἡμῖν
3563 523 3811 576 ἒντεῦθεν
3866 521 3956 577 ἒν-

2298 603 2428 671 τελῆ
2464 609 2562 671 τῆς
2592 606 2943 686 ὑποσχέσεως
2977 604 3255 685 παρέξοιεν
3286 607 3385 675 τὴν
3446 608 3721 674 ἆποδειξιν
3759 623 3774 639 ⁹
3823 612 3955 686 πρὸς

2297 701 2455 751 τοῧτο
2510 693 2565 750 δὲ
2609 699 2817 771 αὐτοῖς,
2868 700 2929 755 οὔ
2977 695 3044 752 δι’
3091 696 3226 753 ἄλλο
3259 697 3375 765 τιῆ
3408 697 3493 754 διὰ
3537 698 3639 765 τὴν
3673 705 3775 766 τῆς
3806 722 3953 777 γνω-

2297 805 2406 858 μης
2451 787 2844 866 μικροψυχίαν,
2887 787 2975 842 καὶ
3044 788 3106 843 τὸ
3167 793 3274 843 τῶν
3335 789 3483 856 ἠθῶν
3543 788 3951 866 ἆπεξενωμένον

2295 875 2383 929 καὶ
2416 873 2621 953 ἀπαγὲς
2651 873 3038 951 ἐνδεδώκαμεν,

2381 970 2628 1023 ΚΕΦΑΛ.
2667 965 2801 1028 ΚΘ⁹,
2833 1001 2910 1010 -
2961 967 3082 1045 Περὶ
3143 965 3629 1044 ἑπιτετραμμένων
3680 967 3716 1035 ἢ
3767 989 3947 1024 κεκω-

2294 1051 2536 1128 λυμένων
2597 1055 2787 1133 γάμων
2823 1072 2837 1087 ·
2917 1057 3006 1113 καὶ
3087 1057 3208 1128 περὶ
3278 1059 3372 1113 τοῦ
3444 1057 3742 1135 ἐρωτᾶσθαι
3825 1059 3946 1122 τοὺς

2293 1143 2639 1220 ἀναγνώστας
2725 1142 2956 1224 ἐφήϐους

2291 1245 2489 1310 γαμεῖν
2525 1249 2540 1264 ⁶
2631 1236 2718 1293 καὶ
2801 1237 2919 1314 περὶ
2990 1235 3398 1311 παλλακισμοῧ,

2289 1325 2378 1379 καὶ
2407 1327 2684 1404 μοιχείας,

2481 1423 2830 1482 Ἀποστόλων
2860 1425 3038 1482 κανὼν
3070 1424 3132 1496 ιζ’
3169 1423 3273 1500 ιη’,
3307 1424 3403 1500 ιϐ’,
3448 1423 3557 1501 κε’,
3593 1426 3764 1500 κζ’,-

3048 1146 3414 1224 γινομένους,
3509 1149 3553 1202 εἰ
3656 1147 3942 1224 βούλονται

3485 1238 3578 1293 καὶ
3667 1238 3940 1318 πορνείας,

2369 1529 2458 1598 ιζ’.
2491 1519 2550 1586 ’0
2581 1527 2694 1586 δυσὶ
2725 1530 2919 1606 γάμοις
2981 1529 3315 1607 συμπλακεὶς
3367 1535 3507 1606 μετὰ
3535 1533 3597 1589 τὸ
3627 1533 3932 1610 βάπτισμα,

2284 1641 2340 1682 κ,
2370 1639 2421 1677 τ.
2459 1617 2513 1677 λ.

2365 1708 2466 1775 ιη’,
2505 1700 2560 1766 Ὀ
2605 1709 2787 1790 χήραν
2831 1707 3037 1786 λαϐὼν,
3069 1710 3105 1777 ἢ
3134 1708 3565 1786 ἒκϐεϐλημένην,
3613 1713 3649 1778 ἢ
3693 1711 3936 1792 ἑταίραν,

2223 1795 2314 1865 Βῆ
2361 1797 2601 1871 οἰκέτην,
2637 1823 2689 1859 κ.
2726 1823 2780 1860 τ.
2815 1799 2872 1862 λ.

2362 1887 2453 1950 ιϐ’.
2490 1880 2547 1946 (0
2590 1886 2680 1946 δύο
2711 1887 2942 1968 ἀδελφὰς
3001 1889 3271 1968 ἀγόμενος
3321 1890 3358 1960 ἢ
3417 1889 3679 1972 ἀδελφὴν,
3731 1894 3794 1949 οὗ
3839 1891 3933 1950 δύ-

2279 1999 2431 2033 ναται
2467 1982 2609 2035 εἶναι
2641 1977 2931 2052 κληρικὸς.

2356 2067 2466 2130 κε’.
2513 2067 2870 2147 Ἐπίσκοπος,
2926 2070 2955 2139 ἢ
3003 2069 3380 2150 πρεσϐύτερος,
3431 2073 3466 2140 ἢ
3510 2070 3782 2153 διάκονος,
3846 2074 3931 2131 ἐπὶ

2279 2159 2520 2236 πορνείᾳ,
2548 2158 2583 2225 ἦ
2614 2158 2877 2237 ἐπιορκία,
2914 2183 2971 2224 κ,
3006 2184 3059 2225 τ,
3096 2160 3152 2221 λ.

2357 2247 2490 2321 ις’.
2525 2249 2642 2306 Τῶν
2701 2251 2776 2314 εἷς
2835 2249 3035 2328 κλῆρον
3079 2251 3448 2330 προελθόντων
3507 2252 3759 2330 ἀγάμων,
3828 2275 3928 2311 κε-

2277 2335 2500 2413 λεύομεν
2529 2339 2887 2416 βουλομένους
2929 2354 3153 2419 γαμεῖν,
3211 2342 3560 2421 ἀναγνώστας
3591 2345 3680 2400 καὶ
3713 2345 3928 2419 ψάλτας

2274 2427 2460 2492 μόνον.

2673 2547 2903 2605 Συνόδου
2947 2549 3210 2629 Ἀγκύρας
3241 2551 3419 2606 κανὼν
3452 2549 3515 2613 ι’,

2351 2649 2414 2713 ι’.
2465 2651 2713 2709 Διάκονοι
2773 2653 2888 2710 ὅσοι
2947 2654 3295 2711 καθίστανται
3356 2653 3483 2733 παρ’
3541 2655 3710 2723 αὒτὴν
3744 2659 3920 2714 κατά-

2269 2763 2480 2822 στασιν,
2511 2764 2567 2804 κ,
2601 2763 2650 2799 τ.
2689 2741 2740 2799 λ.

2490 2831 2718 2889 Συνόδου
2751 2835 3164 2914 Νεοκαισαρείας
3198 2835 3372 2892 κανὼν
3404 2835 3479 2910 α’,
3514 2833 3587 2908 θ’,
3624 2833 3685 2898 ι’.

2343 2921 2419 2984 α’.
2496 2920 2852 3000 Πρεσϐύτερος
2914 2923 3003 2980 ἐὰν
3080 2927 3259 3004 γήμῃ,
3316 2930 3414 2993 τῆς
3491 2925 3692 2990 τάξεως
3753 2929 3917 2986 αὖτὸν
3967 2971 3975 2976 -

2265 3014 2630 3087 μετατίθεσθαι
2668 3030 2681 3044 ⁸
2720 3013 2810 3069 ἐὰν
2860 3012 2914 3069 δὲ
2966 3016 3232 3093 πορνεύσῃ
3265 3015 3299 3084 ἢ
3346 3017 3644 3096 μοιχεύσῃ,
3681 3015 3917 3081 ἐξωθεῖ-

539 3117 753 3178 terium
787 3115 1182 3206 commiserit,
1213 3115 1453 3196 penitus
1485 3116 1924 3193 eatrudatur,et
1952 3119 2024 3180 ad
2059 3138 2175 3199 pa:-

2304 3107 2380 3160 Βαι
2412 3103 2573 3160 αὗτὸν
2600 3103 2784 3160 τέλεον
2814 3107 2903 3161 καὶ
2935 3104 3155 3183 ἄγεσθαι
3189 3107 3262 3169 εἰς
3295 3107 3608 3182 μετάνοιαν.

539 3206 850 3268 nitentiam
886 3205 1236 3267 deducatur.

617 3295 674 3356 9.
710 3295 773 3357 Si
809 3296 1138 3375 presbyter,
1177 3293 1277 3376 qui
1311 3313 1567 3376 corpore
1598 3295 1766 3378 prius
1798 3308 2171 3377 peccaverat,

537 3393 682 3466 etc.,
712 3391 778 3446 ut
814 3403 954 3466 pag.
996 3385 1137 3448 547.

611 3477 710 3537 10.
746 3475 1040 3538 Similiter
1071 3483 1128 3537 et
1151 3475 1465 3547 diaconus,
1493 3476 1538 3536 si
1575 3477 1632 3538 in
1662 3476 1823 3537 idem
1862 3485 2170 3558 peccatum

530 3564 833 3638 inciderit,
874 3564 1132 3626 ministri
1166 3565 1440 3628 ordinem
1475 3565 1715 3628 habeat.

673 3660 936 3723 Concilii
971 3658 1479 3722 Chalcedonensis
1509 3677 1770 3723 canones
1802 3660 1899 3735 14,
1941 3662 2032 3724 l5.

611 3753 1010 3827 H.Quoniam
1034 3754 1096 3814 in
1116 3753 1442 3829 nonnullis,
1473 3754 1795 3834 provinciis
1818 3775 2168 3819 concessum

531 3852 622 3906 est
650 3844 979 3906 lectoribus
1001 3852 1057 3905 et
1077 3843 1426 3905 cantoribus
1451 3862 1666 3906 uxores
1682 3845 1928 3927 ducere,
1949 3846 2132 3910 decre
2150 3882 2168 3898 ο

527 3935 608 3995 vit
657 3944 861 3997 sancta
909 3934 1171 4013 synodus
1202 3933 1354 3994 nulli
1386 3953 1595 3996 eorum
1633 3935 1818 3998 licere
1851 3936 2106 3999 diversae
2137 3956 2170 4000 a

521 4034 693 4088 recta
721 4023 1024 4105 Opinionis
1050 4042 1295 4085 uxorem
1321 4023 1580 4086 ducere:
1618 4042 1723 4085 eos
1748 4032 1942 4086 autem
1972 4020 2166 4106 qui'ex

524 4111 824 4193 ejusmodi
858 4113 1240 4174 matrimonio
1274 4109 1495 4174 liberos
1528 4123 1949 4189 susceperunt,
1986 4115 2035 4176 si
2067 4134 2170 4178 eos

527 4203 768 4282 quidem
803 4202 1108 4282 baptizare
1135 4202 1290 4282 apud
1317 4201 1630 4264 haereticos
1663 4204 2165 4286 praevenerint,ad

522 4291 837 4355 catholica:
869 4291 1154 4354 Ecclesiae
1184 4292 1675 4354 communionem
1730 4292 2034 4356 adducere
2066 4314 2078 4354 :
2115 4295 2163 4356 si

2336 3281 2407 3345 θ’,
2445 3281 2800 3363 Πρεσϐύτερος
2829 3283 2921 3340 ἐὰν
2954 3285 3418 3363 προήμαρτηκὼς,
3451 3307 3506 3346 κ.
3541 3309 3591 3350 τ,
3630 3285 3682 3349 λ,

2336 3462 2396 3520 ι’.
2459 3453 2686 3538 Ὁμοίως
2742 3463 2831 3520 καὶ
2875 3465 2901 3520 ὃ
2945 3460 3214 3538 διάκονος,
3265 3464 3353 3522 ἐὰν
3398 3473 3473 3536 τῷ
3519 3465 3662 3540 αὖτῷ
3707 3466 3905 3549 ἆμαρ-

2260 3554 2460 3629 τήματι
2492 3553 2782 3632 περιπέσῃ,
2817 3553 2917 3620 τὴν
2947 3559 3041 3609 τοῦ
3073 3553 3337 3631 δπηρέτου
3367 3554 3516 3621 τάξιν
3558 3555 3762 3636 ἐχέτω.

2538 3657 2768 3716 Συνόδου
2798 3657 3146 3728 Χαλκηδόνος
3177 3661 3354 3718 κανὼν
3387 3659 3478 3738 ιδ’,
3515 3662 3604 3726 ιε’.

2340 3749 2432 3814 ιδ’,
2460 3749 2682 3818 Ἐπειδὴ
2712 3751 2766 3807 ἔν
2797 3771 2933 3807 τισιν
2966 3750 3253 3832 ἐπαρχίαις
3307 3755 3724 3833 συγκεχώρηται
3774 3756 3903 3820 τοῖς

2255 3839 2622 3919 ἀναγνώσταις
2682 3842 2772 3898 καὶ
2843 3841 3075 3916 ψάλταις
3132 3854 3358 3920 γαμεῖν,
3419 3842 3610 3918 ὥρισεν
3679 3843 3715 3912 ἢ
3775 3845 3902 3922 άγία

2256 3929 2494 4005 σύνοδος,
2558 3930 2635 4007 μὴ
2695 3928 2893 3994 ἐξεῖναί
2935 3952 3038 3987 τινι
3070 3932 3243 3987 αὐτῶν
3304 3929 3605 4010 ἑτερόδοξον
3666 3946 3903 4012 γυναῖκα

2256 4017 2549 4094 λαμϐάνειν
2585 4037 2600 4053 ⁸
2663 4021 2787 4082 τοὺς
2839 4019 2943 4088 ἤδη
3017 4019 3077 4077 ἐκ
3145 4021 3388 4077 τοιούτου
3445 4024 3619 4100 γάμου
3692 4019 3891 4079 παιδο-

2252 4112 2605 4190 ποιήσαντας,
2670 4111 2713 4166 εἰ
2772 4110 2871 4185 μὲν
2929 4109 3160 4190 ἔφθασαν
3202 4109 3460 4186 βαπτίσαι
3503 4113 3569 4168 τὰ
3608 4111 3661 4176 ἐξ
3720 4112 3898 4168 αὖτῶν

2250 4201 2514 4281 τεχθέντα
2568 4201 2707 4280 παρὰ
2743 4213 2862 4266 τοῖς
2921 4201 3239 4280 αἱρετικοτς,
3301 4203 3594 4280 προσάγειν
3648 4203 3783 4258 asta
3827 4209 3896 4280 τῇ

2249 4291 2499 4364 κοινωνίᾳ
2543 4295 2641 4358 τῆς
2704 4288 2995 4355 καθολικῆς
3041 4288 3370 4356 Ἐκκλησίας
3405 4309 3418 4322 ·
3481 4291 3559 4365 μὴ
3600 4292 3898 4368 βαπτίσαν-

516 4390 716 4443 autem
780 4400 901 4442 non
960 4381 1414 4462 baptizaverint,
1478 4401 1596 4443 non
1659 4401 1836 4462 posse
1868 4401 1971 4444 eos
2002 4384 2158 4466 apud

2389 4379 2433 4412 ΚΞ
2546 4381 2557 4399 \
2629 4379 2677 4400 ἢν
2929 4379 2952 4398 Ἡ
3438 4379 3451 4400 ν
3506 4381 3519 4398 \
3687 4381 3702 4399 ι

2304 4405 2342 4446 ις
2383 4395 2460 4456 οε,
2495 4405 2574 4456 μη
2625 4383 2869 4436 ουνασθαι
2932 4401 3008 4436 ετι
3066 4379 3341 4455 βαπτίζειν
3398 4402 3532 4436 αυτα
3569 4403 3713 4459 παρα
3772 4394 3895 4447 τοῖς

522 4470 846 4533 haereticos
878 4469 1198 4552 baptizare.
1234 4469 1353 4534 Sed
1382 4490 1577 4552 neque
1603 4472 1907 4548 haeretico,
1928 4475 2016 4535 vel
2054 4494 2159 4554 pa-

2247 4473 2538 4545 αἱρὲτικοῖς
2571 4490 2585 4506 ·
2648 4469 2786 4545 μήτε
2841 4471 2941 4536 τὴν
3000 4469 3283 4528 συνάπτειν
3333 4471 3464 4546 πρὸς
3520 4470 3696 4546 γάμον
3741 4473 3894 4548 αἱρε-

513 4578 690 4640 gano,
724 4561 813 4624 vel
843 4561 1072 4639 Judaeo,
1111 4561 1488 4624 matrimonio
1512 4562 2024 4643 conjungere,nisi
2049 4563 2159 4626 uti-

2304 4567 2376 4634 κῷ
2433 4560 2469 4628 ἢ
2525 4557 2763 4633 Ἰουδαίῳ
2815 4557 2850 4626 ἢ
2880 4557 3137 4630 ’Ἕλλη-ιι,
3174 4560 3218 4614 εἴ
3250 4559 3328 4632 μὴ
3361 4554 3462 4634 ἄρα
3495 4557 3895 4637 ἐπαγγέλλοιτο

513 4669 634 4732 que
667 4669 944 4732 persona,
980 4651 1112 4733 qua:
1143 4651 1513 4728 orthodoxae,
1547 4653 1952 4732 conjungitur,
1987 4671 2050 4714 se
2083 4653 2154 4715 ad

2304 4653 2612 4710 ιτατίθεσθαι
2673 4653 2746 4718 εἷς
2800 4651 2900 4718 τὴν
2947 4649 3223 4730 ὁρθόδοξον
3268 4651 3445 4707 πίστιν
3507 4652 3568 4707 τὸ
3617 4651 3892 4708 συναπτό-

516 4742 909 4805 orthodoxam
970 4742 1150 4804 (idem
1215 4741 1682 4804 convertendain
1737 4741 2056 4822 spondeat.
2094 4740 2156 4805 Si

2304 4766 2404 4800 ,νον
2435 4745 2724 4822 πρόσωπον
2780 4743 2857 4818 τῷ
2904 4739 3163 4821 ὀρθοδόξῳ
3195 4756 3210 4772 ⁸
3270 4743 3313 4798 εἷ
3367 4739 3424 4798 δέ
3462 4763 3536 4805 τις
3568 4751 3758 4801 τοῦτον
3792 4743 3889 4798 τὸν

511 4832 647 4912 quis
680 4841 876 4895 autem
935 4832 1050 4895 hoc
1101 4841 1324 4895 sancta:
1357 4831 1569 4912 synodi
1602 4831 1915 4894 decretum
1952 4841 2153 4895 trans-

2304 4855 2363 4889 οδ
2417 4830 2686 4910 παραϐαίη
2747 4837 2846 4900 τῆς
2896 4831 3050 4910 ἁγίας
3109 4829 3354 4908 συνόδου,
3417 4837 3686 4906 κανονικῷ
3746 4832 3888 4889 ὓπο-

508 4941 752 5001 gressus
785 4923 987 4999 fuerit,
1021 4921 1328 4985 canonicis
1359 4921 1553 5002 poenis
1584 4920 1961 5000 subjiciatur.

586 5012 686 5074 t5.
722 5011 1133 5076 Diaconissam
1168 5031 1288 5073 non
1334 5029 1468 5073 esse
1509 5010 1825 5073 mulierem
1859 5009 2148 5074 ordinan-

506 5098 667 5178 dam,
701 5110 845 5176 etc.,
877 5109 944 5164 ut
964 5120 1114 5183 pag.
1146 5101 1286 5165 550.

743 5221 1010 5285 Concili-i
1041 5223 1549 5305 Carthaginensis
1576 5239 1772 5286 canon
1804 5222 1902 5285 16.

592 5328 664 5393 Ut
711 5329 917 5410 nullus
967 5331 1301 5411 episcopus,
1353 5330 1696 5411 presbyter,
1757 5336 1816 5392 et
1849 5329 2146 5396 diaconus

499 5420 832 5484 conductor
866 5428 1142 5500 exsistat,
1180 5428 1322 5494 etc.,
1362 5432 1428 5482 ut
1457 5438 1601 5499 pag.
1637 5419 1778 5484 650.

578 5509 724 5571 Item
761 5510 1008 5590 placuit,
1041 5516 1104 5569 ut
1126 5509 1419 5590 episcOpi,
1451 5509 1783 5590 presbyteri
1817 5516 1875 5570 et
1907 5508 2144 5572 diaconi

495 5619 615 5664 non
654 5601 775 5662 sint
807 5599 1228 5681 conductores,
1261 5607 1404 5678 etc.,
1433 5606 1505 5660 ut
1530 5617 1669 5680 pag.
1711 5599 1849 5664 550.

2233 4923 2430 4980 κείσθω
2461 4921 2739 4997 ἐπιτιμίῳ.

2316 5009 2406 5074 ιε’,
2445 5010 2794 5068 Διακόνισσαν
2825 5010 2903 5088 μὴ
2932 5013 3364 5091 χειροτονεῖσθαι
3397 5023 3714 5090 γυναῖκαρι.
3743 5031 3798 5074 τ,
3825 5010 3883 5073 λ,

2550 5215 2780 5276 Συνὸδου
2813 5217 3184 5298 Καρθαγέννης
3216 5219 3394 5277 κανὼν
3427 5217 3552 5292 ις’,

2307 5326 2478 5383 ’Ὥστε
2567 5325 2771 5401 μηδένα
2853 5325 3168 5402 ἐπίσκοπον,
3256 5326 3291 5394 ἢ
3373 5323 3749 5400 πρεσϐύτερον,
3843 5325 3882 5392 ἣ

2228 5417 2496 5490 διάκονον,
2530 5415 2757 5492 ἔκληψίν
2785 5438 2904 5473 τινα
2934 5413 3254 5492 λαμϐάνειν.

2310 5508 2440 5580 ις’,
2489 5497 2717 5580 Ὀμοίως
2775 5505 2988 5585 ἤρεσεν,
3040 5506 3136 5562 ’ίνα
3167 5504 3478 5580 ἐπίσκοποι,
3513 5506 3600 5563 καὶ
3635 5504 3872 5584 πρεσϐύ-

2227 5621 2395 5679 τεροι,
2429 5598 2517 5654 καὶ
2548 5594 2810 5670 διάκονοι,
2845 5595 3174 5675 έκλήπτορες
3206 5597 3283 5672 μὴ
3330 5595 3606 5675 γίνωνται,
3639 5619 3694 5659 κ.
3725 5617 3779 5658 τ,
3813 5593 3875 5662 λ,
