4134 6200
248 340 353 412 781

1016 336 1439 411 SYNTAGMA
1487 332 1886 408 CANONUM.
1944 371 2028 393 --
2078 342 2234 406 TIT.
2282 342 2386 423 IX,
2434 334 2600 408 CAP.
2648 334 2869 407 XXIX.

3503 340 3622 413 782

247 488 477 547 Συνόδου
521 486 892 566 οἷκουμενικῆς
926 486 1329 579 sintne-jamdiu
1373 487 1450 567 γ’,
1512 485 1584 563 δ’,
1630 484 1734 562 ς’,
1798 484 1894 563 ιβ’,
1919 494 1956 544 Α
1980 483 2120 547 504
2151 484 2420 551 (Ζοιιςίιίἰ
2450 488 2819 579 cacumenici
2833 505 3218 579 vrbcanoncs
3248 493 3307 573 3,
3341 496 3403 574 4,
3427 493 3486 575 6,
3524 496 3621 579 ΙΞ,

881 567 980 648 Ὗθι
1015 567 1140 644 in":
1174 568 1275 633 V0"

331 687 457 765 Περὶ
485 684 671 762 ἱερέων
700 684 789 741 καὶ
820 682 1122 763 κληρικῶν,

331 776 410 851 γ’.
456 773 680 842 Ἐπειδὴ
730 773 784 830 δὲ
837 776 865 830 ὁ
918 770 1142 841 εὗσεϐὴς
1204 776 1293 831 καὶ
1346 772 1698 854 φελόχριστος
1743 774 1901 848 ἡμῶν

249 864 528 943 βασιλεὺς,
562 886 618 921 κ.
653 887 705 926 τ,
738 863 795 927 λ,

335 954 405 1016 δ’.
460 956 522 1012 Εἴ
581 976 662 1017 τις
741 954 1058 1027 ἐπίσκοπος,
1132 954 1169 1024 ἢ
1244 953 1630 1035 πρεσϐύτερος,
1687 952 1723 1021 ἣ
1778 952 1901 1009 διά-

253 1067 435 1115 κονος,
470 1067 525 1104 κ.
561 1067 614 1107 τ,
646 1043 699 1103 λ.

337 1134 443 1211 ς’.
491 1132 716 1201 Ἐπειδή
758 1135 899 1211 παρὰ
946 1148 1064 1201 τοῖς
1109 1135 1500 1199 ἆποστολικοῖς
1535 1134 1754 1191 κανόσιν
1809 1130 1900 1188 εὕ-

255 1250 443 1305 ρηται,
504 1232 610 1282 τῶν
664 1225 736 1289 εἰς
768 1227 966 1303 κλῆρον
998 1225 1389 1304 προαγομένων
1421 1225 1667 1302 ἀγάμων,
1708 1223 1901 1298 μόνους

255 1316 605 1394 ἀναγνώστας
659 1315 747 1370 καὶ
804 1314 1015 1389 ψάλτας
1085 1328 1311 1391 γαμεῖν,
1360 1313 1455 1372 καί
1524 1316 1692 1388 ἡμεῖς
1746 1319 1903 1369 τοῦτο

258 1404 763 1486 παραφυλάττοντες
822 1405 1092 1481 ὁρίζομεν,
1169 1406 1277 1461 ἀπὸ
1346 1407 1439 1461 τοῦ
1490 1413 1578 1462 νῦν
1635 1399 1901 1477 μηδαμῶς

259 1494 637 1567 ὑποῖιᾶκονον,
669 1494 706 1560 ἧ
762 1492 1033 1568 διάκονον,
1083 1494 1120 1562 ἢ
1175 1492 1553 1573 πρεσϐύτερον,
1615 1491 1751 1567 μετὰ
1802 1490 1901 1556 τὴν

262 1585 351 1644 ἔπ’
412 1587 556 1659 αύτῷ
613 1584 1032 1663 προερχομένην
1092 1587 1457 1665 χειροτονίαν,
1516 1582 1666 1661 ἔχειν
1728 1578 1907 1635 ἄδειαν

260 1678 496 1755 γαμικὸν
554 1675 728 1746 ἐαυτῷ
785 1679 1034 1746 συνιστᾷν
1090 1674 1426 1731 συνοικέσιον
1461 1692 1474 1705 °
1541 1672 1585 1727 εἰ
1638 1668 1693 1725 δὲ
1752 1675 1908 1725 τοῦτο

260 1764 530 1841 τολμήσοι
592 1768 842 1838 ποιῆσαι,
901 1765 1252 1842 καθαιρείσθω
1286 1780 1300 1795 ·
1349 1764 1392 1819 εἰ
1436 1761 1491 1818 δὲ
1532 1758 1782 1837 βούλοιτό
1826 1778 1908 1818 τις

2617 568 2714 649 13,
2746 569 2844 649 48,
2880 570 2981 632 49.

2063 684 2151 746 De
2178 683 2599 747 sacerdotibus
2630 690 2685 745 et
2711 684 2979 747 clericis.

2063 774 2121 836 3.
2155 772 2446 846 Quoniam
2478 791 2617 834 vero
2642 773 2773 853 pius
2802 772 3152 857 Christique
3175 785 3409 842 amator
3439 778 3629 862 impe-

1983 872 2145 926 rator
2178 872 2403 937 noster,
2438 872 2586 943 etc.,
2613 869 2682 926 ut
2707 880 2856 943 pag.
2891 865 3033 927 5H.

2066 955 2123 1016 4.
2161 951 2223 1015 Si
2254 953 2389 1033 quis
2421 953 2769 1033 episcopus,
2800 953 2894 1016 vel
2929 957 3270 1037 presbyter,
3302 959 3397 1022 vel
3430 959 3629 1026 diaco-

1986 1060 2124 1117 nos,
2153 1052 2288 1109 etc..
2330 1050 2401 1105 ut
2428 1060 2572 1123 pag.
2611 1043 2747 1103 750.

2065 1134 2104 1194 6
2157 1131 2451 1205 Quoniam
2484 1131 2545 1193 in
2569 1132 2639 1184 00
2661 1134 3013 1214 apostolicis
3043 1136 3380 1201 canonibus
3404 1138 3631 1204 dictum

1987 1232 2078 1285 est
2108 1240 2314 1283 eorum
2349 1222 2447 1302 qui
2483 1240 2602 1284 non
2661 1223 2840 1285 ducta
2888 1243 3075 1287 uxore
3106 1225 3168 1287 in
3200 1227 3443 1295 clerum.
3485 1249 3630 1311 pro-

1988 1321 2322 1386 moventur,
2356 1312 2519 1375 solos
2549 1312 2810 1376 lectores
2831 1323 2890 1375 et
2912 1323 3190 1378 cantores
3214 1335 3458 1381 uxorem
3493 1338 3632 1401 pos~

1985 1419 2052 1464 se
2082 1401 2307 1464 ducere
2336 1422 2352 1476 ;
2385 1412 2445 1462 et
2475 1420 2584 1464 nos
2636 1402 2750 1464 hoc
2785 1413 3093 1467 servantes
3124 1405 3536 1489 decernimus,
3569 1416 3637 1471 ut

1988 1490 2279 1571 deinceps
2310 1491 2456 1554 nulli
2489 1491 2732 1572 penitus
2763 1494 3197 1573 hypodiacono,
3234 1497 3325 1558 vel
3356 1496 3634 1574 diacono,

1989 1580 2082 1641 vel
2115 1580 2467 1661 presbytero
2497 1590 2630 1661 post
2663 1581 2758 1643 sui
2790 1583 3238 1647 ordinationem
3274 1588 3637 1649 contrahere

1990 1670 2186 1732 liceat.
2221 1668 2283 1732 Si
2313 1679 2508 1732 autem
2543 1670 2723 1733 fuerit
2752 1672 2866 1735 hoc
2894 1690 3080 1735 ausus
3109 1673 3330 1749 facere,
3364 1674 3635 1755 depona-

1993 1766 2107 1821 tur.
2145 1760 2207 1821 Si
2240 1759 2375 1839 quis
2405 1767 2602 1822 autem
2636 1779 2873 1835 eorum,
2928 1762 3030 1843 qui
3078 1763 3140 1824 in
3195 1764 3425 1827 clerum
3458 1783 3638 1829 acce-

260 1862 370 1914 τῶν
429 1856 503 1917 είς
562 1852 765 1931 κλῆρον
828 1853 1276 1932 προερχομένων,
1345 1852 1520 1930 γάμου
1578 1850 1728 1923 νόμῳ
1778 1868 1908 1934 συν-

2040 1857 2168 1920 unt,
2200 1849 2345 1911 velit
2372 1850 2505 1930 lege
2537 1851 2901 1914 matrimonii
2944 1852 3185 1915 mulieri
3216 1854 3496 1934 conjungi
3522 1874 3638 1917 an-

264 1946 525 2004 άπτεσθαι
581 1942 816 2020 γυναικὶ,
863 1944 963 2021 πρὸ
997 1947 1096 2010 τῆς
1140 1949 1236 2001 τοῦ
1278 1939 1655 2013 ὑποδιακόνου,
1700 1936 1736 2005 ἢ
1788 1932 1912 1991 δια-

263 2036 446 2108 κόνου,
479 2037 517 2105 ἥ
548 2029 905 2111 πρεσϐυτέρου
937 2033 1303 2112 χειροτονίας,
1337 2030 1495 2088 τοῦτο
1524 2024 1829 2108 πραττέτω.

350 2125 446 2201 ιβ’.
481 2124 579 2182 Καὶ
609 2128 764 2179 τοῦτο
818 2118 873 2175 δὲ
917 2123 989 2184 εἰς
1035 2129 1233 2201 γνῶσιν
1277 2120 1547 2200 ἡμετέραν
1609 2116 1794 2190 ἦλθεν,
1837 2116 1911 2179 ὡς

267 2214 324 2271 ἐν
354 2220 423 2290 τῇ
451 2212 706 2293 Ἀφρικῇ,
741 2230 795 2267 κ.
830 2232 882 2274 τ,

346 2303 445 2382 ιγ’.
484 2290 705 2368 Ἐπειδὴ
732 2299 788 2357 ἐν
818 2306 886 2377 τῇ
921 2290 1203 2376 Ῥωμαίων
1233 2297 1548 2372 Ἐκκλησία,
1596 2319 1650 2356 κ.
1686 2318 1737 2357 τ.
1773 2292 1828 2355 λ.

343 2478 470 2557 μτ,⁹,
528 2480 596 2536 Ἦ
641 2486 736 2537 τοῦ
777 2478 906 2559 πρός
949 2478 1252 2544 ἐπισκοπῆς
1304 2474 1583 2557 προεδρίαν
1632 2470 1912 2553 ἀναγομέ-

267 2591 360 2630 νου
415 2570 574 2647 γυνὴ,
640 2570 779 2628 κατὰ
822 2568 1004 2636 κοινὴν
1059 2568 1372 2645 συμφωνίαν
1428 2576 1521 2626 τοῦ
1578 2564 1774 2623 οἰκείου
1815 2561 1915 2617 ἆν-

258 2659 383 2739 δρὸς
416 2656 937 2738 προδιαζευχθεῖσα,
970 2657 1108 2732 μετὰ
1168 2656 1265 2724 τὴν
1311 2656 1397 2713 ἐπ’
1450 2660 1595 2728 αύτῷ
1634 2654 1731 2721 τῆς
1790 2651 1911 2708 ἐπι-

262 2754 476 2816 σκοπῆς
538 2749 906 2828 χειροτονίαν,
968 2746 1023 2804 ἂν
1079 2747 1423 2824 μοναστηρίῳ
1486 2745 1690 2819 εἰσίτω,
1738 2740 1917 2819 πόρῤω

266 2847 367 2909 τῆς
425 2847 519 2898 τοῦ
578 2840 877 2897 ἒπισκόπου
938 2843 1265 2916 καταγωγῆς
1340 2838 1773 2913 ὠκοδομημενῳ,
1832 2833 1919 2889 καὶ

266 2932 366 2999 τῆς
413 2929 476 2987 ἐκ
534 2937 628 2986 τοῦ
692 2926 991 2985 ὶπισκόπου
1034 2927 1281 3006 προνοίας
1330 2927 1654 2985 ἆπολαυέτω
1688 2940 1703 2954 ⁶
1763 2925 1806 2979 εἰ
1863 2919 1918 2977 δὲ

268 3022 360 3079 καὶ
402 3020 519 3087 ἀξία
562 3019 777 3098 φανείη,
816 3019 911 3075 καί
956 3019 1088 3095 πρὸς
1141 3018 1202 3074 τὸ
1244 3023 1343 3087 τῆς
1394 3016 1739 3083 διακονίσσης
1783 3013 1916 3069 ἀνα-

272 3109 572 3182 ϐιϐαζέσθω
603 3109 810 3184 ἀξίωμα
822 3157 835 3171 .

357 3199 459 3262 νθ’.
501 3198 698 3269 Μηδεὶς
727 3200 783 3257 ἐν
814 3201 1077 3277 εὐκτηρίῳ
1107 3197 1270 3274 οἴκῳ,
1304 3222 1358 3259 ιι.
1394 3223 1446 3259 τ.
1483 3198 1539 3263 λ,

610 3319 887 3378 Βασιλείου
914 3321 1093 3377 κανὼν
1122 3319 1199 3398 γ’,
1230 3320 1339 3394 ς’,
1371 3317 1471 3400 ξθ’,
1503 3318 1574 3380 o'.

357 3429 436 3510 γ’,
532 3429 791 3492 Διάκονος
891 3428 1026 3502 μετὰ
1111 3429 1211 3494 τὴν
1317 3425 1589 3485 διακονίαν
1696 3424 1923 3502 πορνεύ-

276 3544 405 3595 σας,
441 3543 498 3583 κ,
533 3542 584 3577 τ.
618 3518 671 3577 λ.

359 3610 465 3686 ς’.
526 3616 643 3669 Τῶν
694 3607 992 3666 γανονιιιῶν
1049 3609 1143 3671 τὰς
1202 3607 1448 3687 πορνείας
1507 3608 1580 3672 είς
1631 3606 1807 3686 γάμον
1845 3603 1924 3679 μὴ

165 3749 183 3764 .
278 3699 754 3778 καταλογίζεσθαι,
812 3696 951 3756 ἀλλὰ
1009 3698 1165 3755 παντὶ
1226 3697 1410 3774 τρόπῳ
1465 3693 1694 3769 διασπᾷν
1754 3696 1926 3751 αὐτῶν

275 3792 378 3861 τὴν
433 3790 719 3870 συνάφειαν
757 3806 773 3825 ο
819 3793 977 3845 τοῦτο
1006 3795 1112 3865 γὰρ
1172 3788 1261 3844 καὶ
1310 3792 1379 3863 τῇ
1439 3784 1737 3860 Ἐκκλησία
1794 3784 1924 3863 πρὸς

277 3879 577 3959 ἀσφάλειαν
632 3877 933 3951 λυσιτελὲς,
983 3875 1079 3935 καῖ
1136 3890 1253 3944 τοῖς
1306 3880 1600 3956 αἱρετικοῖς
1651 3875 1712 3932 οὗ
1770 3872 1926 3931 δώσει

276 3969 402 4029 καθ’
437 3972 594 4045 ἡμῶν
637 3965 835 4043 λαϐὴν,
869 3970 941 4032 ὡς
970 3965 1055 4023 διὰ
1084 3968 1183 4035 τὴν
1228 3974 1319 4025 τοῦ
1366 3968 1689 4047 ἁμαρτάνειν
1722 3964 1929 4037 ἄδειαν,

278 4058 679 4135 ἐπισπωμένων
710 4058 843 4138 πρός
874 4058 1121 4122 ἑαυτούς.

364 4147 466 4216 ξδ’.
530 4146 916 4225 Ἀναγνώστης
976 4149 1021 4204 εἰ
1064 4153 1135 4224 τῇ
1197 4147 1393 4205 ἑαυτοῦ
1436 4152 1651 4224 μνηστῇ
1679 4146 1783 4226 πρὸ
1825 4145 1932 4225 γά-

282 4263 389 4319 μου
447 4236 847 4313 συναλλάξεων,
894 4237 1135 4295 ἐνιαυτὸν
1191 4236 1435 4315 ἁργήσας
1501 4239 1576 4302 είς
1631 4238 1696 4293 τὸ
1738 4236 1932 4314 ἀναγι-

285 4331 517 4388 νώσκειν
580 4325 932 4407 δεχθήσεται,
992 4326 1167 4403 μένων
1218 4326 1563 4405 ἀπρόσκοπος
1599 4347 1615 4362 ο
1665 4324 1933 4402 κλεψιγα-

284 4422 470 4499 μήσας
530 4416 585 4475 δὲ
666 4414 791 4473 ἄνευ
882 4416 1198 4492 μνηστείας,
1288 4418 1616 4488 παυθήσεται
1671 4421 1770 4484 τῆς
1827 4416 1934 4471 ὑπ-

285 4510 511 4591 ηρεσίας
548 4524 565 4542 ⁸
603 4508 664 4564 τὸ
692 4504 747 4562 δὲ
777 4507 905 4566 αύτὸ
937 4508 1023 4564 καὶ
1064 4505 1366 4587 ύπηρὲτης.

374 4683 448 4753 0',
488 4686 744 4751 Διάκονος
776 4685 828 4743 ἐν
862 4684 1076 4766 χείλεσι
1116 4685 1368 4765 μιονθεῖς,
1402 4706 1457 4747 κ.
1491 4708 1544 4745 τ.
1578 4684 1633 4747 λ.

441 4895 702 4978 Θεοφίλου
730 4896 790 4954 ἐκ
817 4903 913 4954 τοῦ
943 4886 1384 4972 ’Υπομνηστιιιοῦ
1408 4894 1586 4952 κανὼν
1613 4891 1686 4975 δ’,
1719 4893 1789 4954 ε’.

378 5004 450 5070 δ’,
484 5007 610 5085 Περὶ
641 5002 696 5061 δὲ
726 5005 964 5084 Πανοὺφ,
998 5026 1053 5065 κ.
1090 5029 1143 5068 τ.
1172 5003 1229 5066 λ.

379 5095 448 5159 ε’,
476 5096 606 5168 Περὶ
632 5092 834 5151 Ἰακὼϐ
860 5099 1117 5171 ζητῆσαι,
1152 5117 1208 5158 κ.
1240 5118 1294 5157 τ.
1326 5092 1382 5157 λ,

383 5175 446 5241 Ἠ
503 5182 556 5241 α’
615 5206 708 5241 του
766 5181 925 5265 κώδ.,
973 5184 1077 5243 τίτ.
1124 5183 1201 5264 γ’,
1264 5181 1407 5246 διάτ,
1442 5183 1513 5262 ε’,
1544 5182 1635 5240 ἐάν
1669 5204 1751 5247 τις
1783 5181 1949 5259 μόνον

299 5278 532 5352 πειραθῇ
588 5270 779 5332 λαϐεῖν
822 5275 1066 5353 γαμετὴν
1117 5273 1376 5354 παρθένον
1423 5274 1591 5354 ἱερὰν,
1643 5271 1948 5354 κεφαλικῶς

297 5375 625 5440 τιμωρεῖται
662 5383 675 5397 ·
736 5362 825 5420 καὶ
881 5360 1021 5423 διάτ.
1084 5360 1174 5438 μδ⁹
1229 5368 1324 5419 τοῦ
1381 5362 1540 5421 αὐτοῦ
1586 5362 1691 5422 τίτ.
1742 5360 1825 5419 ὅτι
1860 5361 1951 5419 ἐὰν

299 5451 683 5533 πρεσϐύτερος,
756 5452 785 5521 ἦ
840 5451 1109 5529 διάκονος,
1178 5450 1216 5519 ἤ
1274 5451 1626 5517 ὐποδιάκονος
1696 5453 1947 5530 γαμήσῃ,

300 5545 583 5601 ὑπόκειται
615 5544 717 5618 μὲν
747 5557 865 5605 τοῖς
912 5542 1155 5623 κανόσιν,
1220 5541 1423 5606 οἵτινες
1467 5543 1573 5622 οὔχ
1628 5545 1791 5611 ἦττον
1845 5548 1953 5599 τῶν

302 5634 485 5712 νόμων
540 5633 812 5715 ἰσχύουσι,
882 5635 970 5690 καὶ
1030 5638 1127 5701 τῆς
1189 5633 1480 5711 ἱερωσύνης
1538 5632 1807 5711 ἐκπίπτει,
1868 5633 1955 5690 καὶ

305 5728 352 5786 οἱ
414 5720 608 5792 παῖδες
666 5725 742 5790 ὡς
786 5722 839 5791 ἓξ
897 5722 1168 5800 ἀθεμίτων
1218 5724 1408 5805 γάμων
1463 5723 1774 5806 ταχθέντες,
1835 5721 1956 5782 οὕτε

1996 1946 2232 2020 tequam
2289 1938 2760 2021 hypodiaconus,
2816 1941 2907 2003 vel
2961 1942 3273 2023 presbyter
3302 1942 3636 2027 ordinetur,

1996 2030 2111 2092 hoc
2140 2030 2340 2093 faciat.

2084 2120 2174 2181 12.
2199 2121 2383 2183 Porro
2414 2120 2528 2182 hoc
2557 2138 2798 2201 quoque
2829 2120 2903 2183 ad
2935 2130 3197 2184 nostram
3230 2122 3638 2202 cognitionem

1998 2209 2295 2289 pervenit,
2331 2209 2492 2286 quod
2524 2209 2587 2272 in
2619 2217 2678 2271 et
2702 2207 2929 2283 Africa,
2961 2219 3108 2284 etc.,
3138 2219 3206 2273 ιιι
3232 2228 3379 2292 pag.
3415 2213 3557 2294 514.

2082 2299 2178 2362 13.
2213 2299 2504 2373 Quoniam
2538 2300 2826 2364 Romanas
2852 2298 3164 2379 Ecclesiae,
3192 2309 3338 2382 etc.,
3372 2310 3437 2365 ιιι
3462 2318 3637 2385 pag.,

2080 2479 2179 2543 48.
2218 2477 2373 2542 Uxor
2403 2478 2533 2560 ejus
2565 2481 2669 2557 qui
2699 2478 2773 2541 ad
2834 2479 3238 2561 episcopalem
3294 2479 3642 2562 dignitatem

2002 2577 2408 2651 promovetur,
2471 2569 2779 2631 communi
2831 2569 2925 2631 sui
2984 2569 3095 2630 viri
3147 2588 3447 2633 consensu
3482 2574 3646 2652 prius

1999 2668 2299 2739 separata,
2362 2666 2677 2740 postquam
2731 2658 2792 2719 in
2825 2659 3178 2740 episcopum
3212 2658 3526 2723 ordinatus
3558 2669 3648 2723 est

2000 2767 2070 2811 ac
2103 2755 2519 2828 consecratus,
2555 2748 2984 2810 monasterium
3028 2749 3406 2827 ingrediatur
3437 2750 3647 2830 procul

2002 2836 2076 2900 ab
2106 2836 2371 2917 episcopi
2419 2835 2784 2899 habitatione
2835 2845 3230 2913 exstructum,
3290 2846 3348 2900 et
3378 2838 3647 2919 episcopi

2002 2926 2378 3007 providentia
2406 2926 2656 2987 fruatur.
2692 2924 2799 2988 Sin
2829 2938 3031 2987 autem
3076 2926 3256 3006 digna
3287 2925 3410 2989 visa
3437 2928 3641 3004 fuerit,

2004 3015 2182 3079 etiam
2214 3016 2287 3078 ad
2317 3015 2671 3078 diaconatus
2703 3014 3059 3095 dignitatem
3094 3017 3484 3097 provehetur.

1944 3223 1984 3274 α
2087 3194 2191 3259 59.
2223 3192 2288 3256 In
2320 3194 2448 3256 aede
2481 3194 2764 3269 oratoria,
2798 3202 2942 3276 etc.,
2979 3202 3050 3258 ιιι
3072 3213 3224 3278 pag.
3259 3195 3406 3261 607.

2249 3313 2390 3375 505
2419 3313 2653 3376 Basilii
2678 3330 2943 3377 canones
2972 3314 3030 3396 3,
3063 3315 3125 3395 6,
3152 3315 3255 3393 69,
3292 3316 3395 3380 70.

2088 3422 2146 3487 3.
2175 3422 2475 3485 Diaconus
2523 3428 2654 3501 post
2683 3420 3063 3483 diaconatum
3117 3420 3468 3506 fornicatus,
3499 3431 3648 3507 etc.,

2006 3521 2074 3576 ut
2098 3530 2244 3593 pag.
2275 3510 2418 3573 753.

2089 3603 2149 3665 6.
2183 3601 2620 3665 Canonicarum
2681 3606 2884 3680 stupra
2917 3618 3024 3681 pro
3074 3601 3467 3664 matrimonio
3525 3622 3647 3668 non

2009 3689 2500 3774 repulentur,sed
2523 3708 2727 3752 earum
2761 3691 3106 3771 conjunctlo
3131 3690 3376 3753 ominno
3401 3692 3651 3757 divella-

2010 3791 2129 3848 tur.
2166 3779 2291 3843 Hoc
2346 3780 2506 3842 enim
2565 3788 2624 3842 et
2683 3779 2969 3843 Ecclesia;
3017 3780 3093 3842 ad
3145 3782 3529 3845 securitatem
3560 3791 3654 3846 est

2010 3872 2181 3948 utile,
2222 3877 2281 3932 et
2330 3869 2631 3932 haereticis
2683 3888 2803 3931 non
2863 3870 3030 3933 dabit
3082 3870 3373 3933 adversus
3402 3889 3512 3933 nos
3540 3890 3652 3933 an-

2015 3979 2166 4114 ;am,
2200 3960 2374 4041 quasi
2408 3978 2514 4041 per
2548 3960 2836 4041 peccandi
2866 3958 3211 4025 libertatem
3240 3960 3314 4023 ad
3348 3979 3458 4023 nos
3486 3969 3660 4025 attrao

2060 4070 2251 4114 amus.

2060 4070 2251 4115 amus.

2095 4140 2197 4204 69.
2234 4142 2474 4217 Lector,
2509 4139 2557 4202 si
2586 4158 2721 4202 cum
2757 4158 2864 4201 sua
2895 4157 3120 4221 sponsa
3170 4147 3311 4203 ante
3342 4141 3657 4205 matrimo-

2018 4231 2183 4293 nium
2218 4230 2650 4292 commercium
2684 4228 3309 4312 habuerit,postquam
3335 4250 3494 4294 anno
3525 4250 3661 4295 ces-

2018 4323 2263 4405 saverit,
2296 4323 2369 4385 ad
2404 4321 2722 4402 legendum
2754 4322 3155 4403 suscipietur;
3189 4343 3308 4387 non
3341 4332 3540 4387 tamen
3572 4323 3663 4387 ul-

2019 4424 2110 4476 tra
2141 4413 2608 4496 promovendus.
2644 4410 2811 4485 Quod
2841 4411 2889 4473 si
2940 4412 3164 4493 absque
3194 4412 3663 4495 desponsatione

2020 4503 2222 4565 furtim
2256 4502 2497 4575 coierit,
2556 4500 2817 4563 cessabit
2859 4518 2895 4564 a
2947 4501 3307 4565 ministerio.
3342 4504 3568 4566 Eadem
3602 4512 3664 4565 et

1954 4605 2000 4657 D
2020 4592 2281 4655 ministri
2313 4591 2489 4654 ratio.

2099 4682 2240 4744 506
2272 4681 2368 4743 70.
2406 4682 2701 4744 Diaconus
2728 4681 2830 4763 qui
2864 4680 3129 4763 pollutus
3186 4690 3276 4745 est
3331 4682 3393 4744 in
3444 4679 3658 4757 labris,

2020 4782 2165 4852 etc.,
2198 4780 2263 4836 ut
2292 4788 2435 4853 pag.
2475 4770 2614 4833 755.

2151 4892 2475 4975 Theophili
2502 4910 2582 4956 ea:
2602 4893 3067 4956 commonitorio
3093 4907 3358 4955 canones
3388 4891 3449 4968 4,
3482 4889 3542 4954 5.

2100 5003 2162 5063 4.
2200 4999 2284 5063 De
2313 4998 2589 5081 Panuph,
2625 5006 2770 5071 etc.,
2804 5003 2871 5060 ιιι
2891 5015 3035 5079 pag.
3073 4998 3216 5063 550.

2108 5092 2172 5155 5.
2206 5088 2290 5154 De
2317 5088 2503 5152 Jacob
2536 5104 2832 5171 quaerere,
2864 5096 3012 5169 etc.,
3043 5094 3112 5150 ut
3138 5104 3283 5170 pag.
3313 5088 3457 5151 550.

2116 5179 2362 5244 Tactus.
2377 5179 2511 5243 Lib.
2542 5195 2583 5255 ι,
2605 5176 3175 5255 cod.tit.3,const.5.
3200 5177 3262 5242 Si
3285 5178 3420 5261 quis
3441 5193 3669 5242 sacram

2031 5270 2325 5350 virginem
2383 5287 2633 5331 uxorem
2694 5267 2916 5331 ducere
2962 5268 3373 5331 tantummodo
3407 5269 3677 5350 tentarit,

2033 5359 2275 5442 capitali
2308 5377 2483 5439 poena
2510 5358 2750 5423 feritur.
2782 5358 2857 5420 Et
2886 5359 3130 5421 constit.
3165 5358 3263 5434 44,
3283 5359 3554 5439 ejusdem
3584 5359 3677 5423 tit.

2034 5451 2098 5515 Si
2159 5449 2487 5531 presbyter,
2553 5456 2656 5511 aut
2712 5448 3024 5524 diaconus,
3078 5455 3181 5510 aut
3234 5447 3683 5530 hypodiaconus

2037 5539 2279 5623 nuptias
2313 5539 2701 5619 contraxerit,
2735 5536 3072 5600 canonibus
3116 5545 3379 5613 tenetur,
3426 5537 3531 5619 qui
3562 5554 3685 5601 non

2041 5629 2242 5693 minus
2272 5628 2475 5693 valent
2528 5644 2703 5711 quam
2757 5626 2947 5707 leges,
2980 5635 3038 5690 et
3066 5627 3406 5691 sacerdotio
3437 5627 3684 5694 excidit.

2039 5718 2245 5787 Liberi
2275 5726 2501 5799 autem,
2540 5726 2821 5803 tanquam
2874 5736 2946 5782 ex
3004 5715 3232 5781 illicitis
3277 5716 3506 5801 nuptiis
3538 5715 3684 5797 nati,
