4134 6200
573 369 695 441 783
1769 368 2035 435 PHOTII
2076 368 2189 435 PA'.

2274 366 2601 434 LIARCHE
2642 367 2755 431 ΟΡ.
3843 364 3955 432 784

575 539 780 603 neque
812 521 1116 585 naturales
1158 536 1359 602 neque
1411 518 1572 581 nothi
1626 524 1786 593 sunt,
1822 524 1879 579 et
1910 536 2105 597 neque
2137 536 2189 579 ει

2299 518 2508 596 φυσικοὶ
2566 515 2684 572 οὔτε
2748 516 2884 574 νόθοι
2933 513 3066 589 εἰσί,
3109 514 3200 572 καὶ
3254 514 3372 572 οῧαε
3422 516 3566 572 κατὰ
3599 513 3892 596 διαδοχὴν,
3923 515 3958 582 ἥ

575 613 926 685 donatione,
958 610 1368 685 successione,
1411 610 1546 671 ficto
1577 605 1803 681 debito,
1833 618 1932 667 aut
1960 605 2189 668 aliorun

2299 605 2524 685 δωρεὰν,
2555 607 2589 675 ἡ
2649 604 3129 687 ἒσχηματισμένον
3171 603 3403 677 δάνειον,
3436 607 3469 674 ἠ
3500 606 3702 685 ἑτέραν
3732 606 3955 687 ἐνοχὴν,

574 701 941 781 obligatione
973 700 1259 781 quiquam
1307 698 1654 781 percipiunt
1683 716 1715 760 a
1748 696 2021 777 patribus
2045 697 2169 757 suis

2297 693 2627 770 λαμϐάνουσί
2673 719 2723 753 τι
2781 696 2925 764 παρὰ
2971 696 3076 752 τῶν
3123 694 3371 773 πατέρων
3421 699 3631 769 αὐτῶν,
3665 698 3701 764 ἡ
3749 700 3801 752 αἱ
3846 719 3959 769 μη-

570 792 907 871 sed‘neque
934 797 1156 851 matres
1189 790 1461 870 ipsorum
1491 809 1504 847 :
1531 805 1734 849 verum
1760 785 1863 849 illa
1905 786 2061 864 capit
2096 785 2189 847 Ecl

2297 784 2445 863 τέρες
2490 787 2686 858 αὐτῶν,
2753 785 2893 843 ἀλλὰ
2948 792 3113 843 ταῦτα
3175 782 3439 860 λαμϐάνει
3495 787 3534 853 ἡ
3599 784 3727 842 κατ’
3778 786 3959 848 αὖτοὺς

570 881 780 955 clesia,
838 884 898 941 in
928 898 1045 960 qua
1076 878 1165 941 illi
1213 877 1639 941 deservierint.
1678 875 1831 939 Dicit
1863 895 2004 937 vero
2035 876 2189 936 etian

2299 873 2617 942 Ἐκκλησία’
2650 874 2794 953 λέγει
2825 875 2880 932 δὲ
2910 878 2944 944 ἡ
2978 874 3050 954 ιγ’
3082 872 3323 935 διάτ,τοῦ
3347 873 3401 929 α’
3431 875 3532 932 τίτ.
3571 881 3690 931 τῶν
3721 880 3958 951 Νεαρῶν,

565 979 763 1039 const.
796 971 892 1044 l3,
917 970 1007 1030 tit.
1028 986 1050 1030 ι
1067 968 1451 1031 Novellarum
1478 987 1490 1027 :
1519 966 1581 1031 Si
1604 966 1933 1028 monachus
1954 966 2182 1027 clericu

2297 962 2379 1020 ξῖτι
2434 964 2526 1020 ἐὰν
2583 966 2827 1044 μοναχὸς
2872 964 3153 1042 κληρωθῇ,
3212 964 3292 1038 μὴ
3352 961 3620 1041 θαῤῥείτω
3678 965 3816 1041 πρὸς
3857 963 3958 1040 γά-

564 1063 757 1125 factus
777 1060 878 1134 sit,
909 1058 983 1121 ad
1016 1059 1468 1121 matrimonium
1519 1056 1806 1118 devenire
1836 1074 1912 1117 ne
1942 1055 2160 1116 audeto

2297 1075 2399 1128 μον
2454 1052 2652 1128 ἐλθεῖν,
2700 1054 2798 1111 κᾶν
2842 1055 3081 1113 τοιούτου
3144 1054 3352 1130 βαθμοῦ
3409 1054 3731 1132 τετύχηκεν
3776 1052 3832 1109 ἐν
3887 1060 3958 1127 τῷ

565 1151 806 1215 tametsi
836 1151 897 1211 in
928 1148 1093 1211 clero
1144 1166 1283 1210 eum
1344 1145 1594 1225 gradum
1627 1154 1837 1207 nactus
1864 1144 1965 1222 sit,
2002 1144 2061 1205 in
2096 1163 2189 1225 qui

2294 1142 2481 1219 κλήρῳ
2523 1141 2578 1198 ἐν
2607 1146 2652 1216 ᾧ
2711 1156 2830 1205 τοῖς
2873 1142 3157 1220 κληρικοῖς
3203 1141 3375 1208 ἔξεστι
3421 1154 3659 1220 γαμεῖν,
3723 1141 3960 1197 τουτέστι

568 1240 812 1303 clericis
842 1237 1317 1312 matrimonium,
1345 1235 1706 1298 contrahere
1746 1234 1907 1307 licet,
1943 1233 2189 1313 [qualen

2298 1232 2479 1309 ψάλτῃ
2522 1234 2609 1289 καὶ
2652 1232 2974 1311 ἀναγνώστῃ
3013 1253 3026 1267 ·
3090 1245 3209 1295 τοῖς
3242 1233 3344 1309 γὰρ
3388 1230 3582 1295 ἄλλοις
3618 1232 3803 1288 ἅπασι
3831 1234 3958 1287 καθ·

565 1329 885 1409 videlicet],
920 1336 1228 1407 cantores,
1284 1333 1345 1388 et
1398 1325 1658 1387 lectores
1690 1322 2039 1404 [obtinent.]
2067 1322 2189 1383 Alii:

2298 1321 2436 1387 άπαξ
2467 1322 2494 1377 ὃ
2538 1323 2711 1399 γάμος
2758 1324 3122 1401 ἀπηγόρευται
3156 1338 3172 1355 ⁸
3205 1323 3250 1377 εἰ
3280 1320 3335 1376 δὲ
3365 1323 3640 1399 γαμήσει,
3676 1323 3713 1389 ἡ
3746 1318 3958 1377 παλλα-

567 1421 725 1483 enim
769 1418 1051 1480 omnibus
1098 1417 1160 1478 in
1220 1418 1570 1478 universum
1627 1413 1855 1493 nuptiae
1887 1412 2189 1474 interdicta

2297 1411 2402 1480 κήν
2429 1419 2569 1491 σχῇ,
2601 1414 2634 1480 ἡ
2679 1413 2924 1490 ἀσελγῶς
2982 1415 3161 1491 ζήσει,
3221 1409 3569 1468 ἐκϐαλλέσθω
3600 1417 3703 1467 τοῦ
3733 1412 3954 1489 κλήρου,

565 1518 728 1573 sunt.
763 1509 836 1570 At
857 1507 910 1570 si
933 1515 1034 1568 aut
1058 1506 1297 1586 nuptias
1319 1504 1658 1583 contrahat,
1686 1511 1787 1564 aut
1817 1502 2189 1564 concubinan

2296 1504 2392 1558 καί
2438 1500 2657 1569 ἰδιώτης
2719 1503 2878 1583 ἔστω,
2925 1509 3055 1578 πρὸς
3100 1502 3377 1582 στρατείαν
3430 1503 3466 1569 ἡ
3519 1500 3721 1579 ἑτέραν
3766 1500 3954 1568 ἐπιτή-

564 1598 805 1678 haheat,
839 1604 943 1659 aut
993 1594 1301 1676 impudice
1327 1596 1505 1669 vivat,
1542 1592 1803 1672 ejicitor,
1838 1610 1907 1654 ac
1939 1590 2189 1673 plebeiu;

2296 1590 2470 1647 δευσιν
2503 1590 2683 1650 ἐλθεῖν
2725 1594 2787 1650 οὔ
2840 1591 3046 1670 θαρῤῶν
3082 1611 3095 1625 ⁸
3160 1598 3246 1649 καί
3291 1594 3325 1658 ἡ
3372 1591 3424 1648 α’
3484 1589 3635 1650 διάτ.
3676 1596 3773 1647 τοῦ
3805 1591 3956 1648 αὖτοῦ

566 1685 816 1752 esto.Ad
842 1684 1109 1747 militiam
1138 1686 1323 1762 [vero]
1349 1681 1619 1744 vclaliud
1643 1681 1904 1743 ofﬁcium
1930 1682 2189 1743 devenirt

2296 1682 2427 1754 τίτ.,
2515 1680 2595 1737 ὅτι
2677 1682 2871 1757 μηδσὶς
2960 1680 3430 1760 δευτερογαμήσας
3531 1680 3953 1759 χειροτονείσθω

563 1796 643 1840 ne
681 1775 922 1839 audeto.
954 1775 1031 1837 Et
1061 1774 1307 1837 constit.
1342 1790 1386 1853 ι,
1419 1769 1690 1851 ejusdem
1729 1770 1823 1832 tit.
1873 1769 2082 1831 Nullus
2114 1789 2189 1850 qu

2296 1769 2653 1847 πρεσϐύτερος
2686 1773 2717 1840 ἡ
2752 1771 3019 1848 διάκονος,
3073 1773 3214 1846 μήτε
3276 1772 3376 1847 μὲν
3420 1772 3465 1826 εἰ
3513 1772 3732 1848 γυναικὶ
3779 1789 3952 1826 ειυνοι⁸

565 1866 1019 1930 matrimonium
1081 1864 1339 1937 iteravit,
1402 1862 1719 1942 presbyter
1774 1868 1874 1920 aut
1922 1858 2189 1921 diacono:

2294 1872 2386 1916 κεῖ
2414 1861 2504 1916 τὸν
2537 1858 2677 1916 ἴδιον
2724 1861 2885 1939 ἄνδρα
2929 1862 3329 1938 καταλιπούσῃ,
3377 1862 3521 1933 μήτε
3566 1862 3615 1916 εί
3666 1857 3948 1925 παλλακὴν

565 1956 918 2020 ordinator:
963 1970 1163 2033 neque
1188 1930 1367 2014 etiam
1403 1930 1507 2032 qui
1533 1930 1704 2012 utiori
1729 1948 2053 2020 cohabitat,
2080 1968 2189 2029 qua

2298 1949 2441 2029 ἔχοι,
2478 1949 2616 2006 ἀλλὰ
2649 1953 2967 2029 σοικρροσύντ⁸
3000 1959 3193 2033 συζῶν,
3232 1953 3320 2009 καὶ
3349 1954 3383 2019 ἡ
3414 1957 3638 2028 γαμετῇ
3671 1954 3946 2021 συνοικῶν,

564 2046 839 2108 maritum
869 2062 1042 2105 suum
1071 2041 1245 2120 [facto
1261 2040 1541 2120 divortio]
1563 2038 1849 2119 reliquit:
1883 2056 2080 2119 neque
2109 2058 2187 2119 qu

2296 2041 2328 2106 ἡ
2373 2046 2501 2113 μιᾶς
2545 2040 2680 2117 ἀνὴρ
2740 2044 3029 2118 γενόμενος
3091 2043 3364 2122 σώφρονος
3394 2044 3483 2097 καὶ
3516 2041 3582 2097 ἐκ
3614 2040 3898 2115 παρθενίας
3930 2053 3943 2068 ·

563 2133 964 2199 concubinam
998 2132 1204 2194 habet.
1238 2133 1319 2193 At
1347 2129 1526 2211 [talis]
1575 2137 1794 2191 castam
1846 2128 2022 2189 vitam
2053 2136 2184 2206 agat

2298 2131 2341 2184 εἰ
2372 2128 2425 2185 δέ
2458 2152 2538 2189 τις
2584 2128 2939 2208 πρεσϐύτερος
2999 2132 3098 2211 ὢν,
3163 2131 3192 2197 ἦ
3225 2130 3492 2203 διάκονος,
3537 2130 3569 2195 ἡ
3601 2127 3947 2185 ὑποδιάειονος

563 2233 664 2289 aut
693 2225 872 2287 etiam
906 2222 1075 2284 uxori
1105 2219 1434 2293 cohabitet,
1458 2218 1549 2280 vel
1574 2223 1753 2279 unius
1777 2216 2009 2297 [uxoris
2043 2218 2189 2297 ejus

2297 2220 2540 2295 γαμετὴν
2597 2222 2631 2287 ἡ
2694 2220 2978 2290 παλλακὴν
3036 2221 3306 2298 εἰσάγοιτο
3362 2226 3613 2298 φανερῶς
3674 2221 3709 2287 ἦ
3772 2218 3943 2297 ἐσχη-

566 2313 856 2395 demque]
891 2320 1171 2390 castas,“
1192 2327 1264 2372 ex
1289 2308 1626 2387 virginitate
1649 2309 2009 2387 [assumptze]
2040 2308 2184 2368 mari

2297 2306 2665 2388 ματισμὲνως,
2728 2310 2919 2373 εὐθέως
2986 2312 3083 2376 τῆς
3141 2312 3286 2389 ἱερᾶς
3347 2309 3666 2366 ἐκπιπτέτω
3728 2306 3940 2385 τάξεως,

562 2412 656 2466 tus
687 2394 893 2464 fuerit.
932 2403 1231 2463 Caeterum
1257 2398 1307 2459 si
1330 2399 1461 2479 quis
1488 2417 1621 2460 cum
1651 2396 1964 2477 presbyter
1985 2397 2083 2471 sit,
2115 2416 2186 2457 an

2296 2396 2383 2451 καὶ
2414 2394 2632 2463 ἰδιώτης
2665 2399 2751 2453 καὶ
2781 2401 2971 2465 λα’ίκὸς
3002 2398 3140 2455 ἔστω
3173 2418 3186 2429 ·
3251 2398 3614 2476 ἀναγνώστης
3665 2396 3722 2453 δὲ
3765 2395 3938 2453 δευτε-

565 2495 857 2556 diaconus
882 2499 981 2553 aut
1009 2489 1485 2570 hypodiaconus,
1520 2488 1610 2549 vel
1644 2487 1863 2568 palam,
1898 2487 1990 2549 vel
2031 2486 2182 2547 clam

2295 2492 2574 2565 ρογαμῶν,
2629 2487 2707 2561 μὴ
2748 2489 3121 2569 προκοπτέτω,
3176 2489 3255 2564 μὴ
3296 2490 3408 2565 μὴν
3436 2491 3528 2545 καὶ
3560 2488 3893 2567 τριγαμεῖτω
3920 2500 3933 2513 ⁶

563 2582 657 2644 vel
687 2581 800 2643 sub
832 2579 1031 2659 aliquo
1065 2584 1353 2657 praetextu
1387 2576 1487 2656 [ad
1519 2578 1604 2655 se]
1645 2594 1895 2637 uxorem
1930 2583 2028 2636 aut
2058 2593 2189 2636 con-

2294 2577 2339 2631 εί
2395 2573 2450 2630 δὲ
2507 2575 2978 2656 δευτερογαμῆσας
3068 2581 3285 2638 σπεόσει
3373 2581 3679 2658 προκόψαι,
3747 2579 3934 2655 γίνεται

562 2671 848 2734 cubinam
904 2665 1355 2730 introduxerit:
1407 2683 1581 2726 sacro
1637 2663 1949 2727 confestim
1997 2664 2209 2726 ordine
2292 2664 2534 2732 ἰδιώτης.

560 2760 845 2833 excidito,
881 2767 941 2820 et
992 2762 1259 2837 privatus
1292 2763 1470 2835 atque
1525 2754 1799 2834 plebeius
1832 2754 1969 2814 507
2006 2764 2159 2816 esto.
2195 2753 2412 2815 Lector
2458 2761 2658 2817 autem
2707 2757 3157 2821 matrimonium
3187 2758 3418 2821 iterans
3469 2756 3569 2835 [ad
3601 2754 3838 2836 altiora]
3868 2770 3935 2816 ne

558 2849 962 2933 progreditor,
997 2863 1195 2927 neque
1244 2844 1317 2907 ad
1350 2844 1558 2907 tertias
1606 2844 1844 2925 nuptias
1874 2843 2179 2905 devenito.
2234 2846 2322 2905 Ac
2353 2842 2403 2904 si
2456 2853 2591 2924 post
2620 2845 2895 2909 iteratum
2940 2849 3285 2931 conjugium
3319 2847 3606 2930 progredi
3660 2846 3929 2917 enitatur,

560 2939 834 3023 plebeius
866 2946 1021 3000 esto.

643 3028 799 3092 Dicit
830 3028 977 3090 item
1016 3047 1030 3084 :
1065 3024 1209 3100 Quae
1240 3023 1598 3086 diaconissze
1619 3021 2189 3097 ordinantur,admo

2372 3024 2529 3100 Λέγει
2569 3026 2624 3081 δὲ
2678 3025 2759 3083 ὅτι
2813 3030 3284 3108 χειροτονούμεναι
3347 3034 3398 3088 αἱ
3448 3029 3719 3103 διάκονοι,
3755 3028 3925 3084 νουθε-

562 3127 801 3182 nentor:
828 3120 932 3195 [ac]
956 3114 1390 3194 scinnto,quod
1414 3112 1464 3173 si
1485 3121 1793 3173 contracto
1821 3112 2189 3174 matrimonit

2290 3116 2577 3171 τεέσθωσαν
2611 3130 2625 3145 ⁸
2692 3116 2885 3176 εἰδυῖαι
2956 3122 3030 3180 ὡς
3104 3119 3149 3175 εὶ
3210 3118 3532 3199 θαῤῥήσαιεν
3581 3118 3925 3196 καταισχῦναι

559 3209 748 3270 aliave
773 3207 904 3267 vitze
926 3206 1162 3268 ratione
1196 3203 1540 3283 [suscepta]
1560 3200 1927 3263 dedecorare
1959 3201 2189 3263 ordina-

2282 3206 2387 3289 ,τὴν
2442 3206 2805 3287 χειροτονίαν,
2852 3208 3281 3286 προσομιλοῦσαι
3341 3210 3505 3289 γάμῳ
3564 3212 3599 3278 ἡ
3633 3206 3797 3264 ἄλλου
3821 3204 3923 3281 βίου

559 3298 784 3359 tionem
812 3313 971 3358 ausa;
1001 3293 1243 3355 fuerint.
1282 3310 1402 3354 reae
1435 3290 1646 3352 mortis
1677 3290 1916 3371 ﬁent,et
1949 3290 2189 3353 faculta-

2290 3315 2495 3372 πορειᾳ,
2553 3295 2767 3370 θανάτῳ
2808 3300 3130 3375 γενήσονται
3166 3297 3352 3379 ἔνοχοι
3389 3315 3403 3329 ·
3459 3301 3552 3356 καὶ
3604 3311 3724 3362 τοῖς
3767 3298 3922 3354 αὖτῶν

559 3394 652 3449 tes
706 3404 832 3448 suae
885 3383 1272 3447 monasteriis
1320 3390 1421 3443 aut
1453 3378 1742 3442 Ecclesiis
1772 3380 1901 3441 suis
1933 3380 2189 3461 applica-

2288 3383 2598 3451 ἒκκλησίαις
2638 3386 2689 3440 αἱ
2745 3389 3040 3465 περιουσίαι
3100 3378 3294 3447 αὐτῶν
3331 3387 3872 3467 προσκυρωθῆσονται
3901 3397 3913 3411 ·

559 3473 926 3547 buntur.Qui
956 3491 1096 3535 vero
1130 3472 1352 3533 ducere
1376 3471 1507 3533 illas
1530 3478 1630 3531 ant
1656 3478 2051 3551 constuprare
2081 3490 2186 3533 aus

2294 3475 2340 3530 οἱ
2391 3471 2447 3528 δὲ
2504 3478 2676 3549 γῆμαι
2722 3477 2756 3543 ἡ
2814 3480 3029 3556 φθεῖραι
3082 3479 3244 3544 αὐτὰς
3274 3478 3681 3557 τολμήσαντες,
3711 3474 3917 3531 ὑπεύθυ-

558 3565 807 3645 fuerint,
841 3562 1041 3645 gladio
1075 3560 1319 3624 obnoxii
1352 3567 1549 3638 erunt,
1585 3578 1913 3641 eorumque
1937 3560 2179 3622 substan

2289 3563 2370 3618 νοί
2398 3563 2496 3618 εἰσι
2529 3561 2685 3643 ξίφει,
2710 3566 2798 3621 καὶ
2828 3569 2927 3635 τὴν
2959 3568 3141 3625 οὐσίαν
3173 3569 3344 3628 αὐτῶν
3401 3570 3463 3625 τὸ
3516 3568 3776 3644 δημοσιον
3820 3560 3911 3628 λῆ·

559 3656 700 3717 tiam
737 3656 920 3716 ﬁscus
955 3650 1173 3733 capiet.

2290 3655 2473 3727 ψεται.

644 3743 891 3807 Τεωτιιε.
928 3743 1177 3806 Constit.
1210 3742 1275 3821 2,
1314 3739 1581 3817 ejusdem
1611 3740 1697 3803 tit.
1731 3739 1793 3803 Si
1827 3738 2073 3801 decurio
2103 3751 2189 3801 aut

2373 3743 2468 3799 Καὶ
2498 3744 2532 3811 ἡ
2562 3741 2614 3820 β’
2646 3740 2786 3806 διάτ.
2825 3753 2918 3803 τοῦ
2947 3750 3108 3807 αὖτοῦ
3137 3748 3269 3829 τίτ,,
3302 3748 3384 3806 ὃτι
3417 3748 3507 3805 ἐὰν
3560 3744 3843 3829 βουλευτὴς
3878 3740 3908 3807 ἡ

557 3833 909 3914 cohortalis,
932 3831 1036 3894 ubi
1064 3830 1410 3913 quindecim
1442 3837 1614 3891 annis
1645 3831 1973 3892 monachus
1998 3830 2189 3910 fuerit1

2285 3830 2579 3913 ταξεώτης,
2640 3835 2727 3890 ἐπὶ
2783 3835 2851 3890 ιε’
2909 3838 3151 3911 μονάσας
3209 3828 3305 3906 ἔτη
3361 3838 3590 3917 γένηται
3647 3828 3906 3917 κληρικός,

556 3921 817 3986 clericus
846 3922 971 4001 fiat,
1002 3921 1121 4001 [ac]
1157 3918 1379 3982 deinde
1411 3919 1650 3999 nuptias
1680 3919 2013 3981 contrahat.
2048 3918 2189 3998 [pri-

2286 3920 2411 3976 εἶτα
2444 3923 2691 4003 γαμήσῃ,
2754 3922 3062 3983 ἀποδίδοται
3102 3934 3173 4005 τῇ
3211 3926 3315 4000 ἶδίᾳ
3373 3915 3514 4007 τύχῃ
3548 3947 3566 3966 ο
3619 3927 3684 3982 τὰ
3712 3921 3835 3979 αὖτὰ
3860 3915 3905 3971 δὲ

552 4012 754 4094 stium]
787 4030 912 4074 sua;
939 4012 1196 4073 fortuna;
1223 4009 1583 4073 restituitur.
1620 4008 1843 4089 [Quod]
1868 4010 2022 4069 idem
2057 4017 2114 4071 et
2142 4011 2201 4071 in

554 4102 689 4163 aliis
706 4101 807 4183 qui
829 4120 898 4162 ex
926 4099 1239 4161 monachis
1263 4097 1460 4159 clerici
1496 4098 1658 4176 [facti
1692 4108 1851 4173 sunt,
1886 4098 2143 4180 obtinet]
2181 4118 2194 4160 :

553 4191 791 4253 tametsi
810 4189 1171 4252 decuriones
1192 4196 1289 4249 aut
1313 4187 1653 4251 cohortales
1672 4206 1789 4247 non
1816 4186 2055 4249 fuerint.
2084 4189 2155 4250 Et
2180 4206 2193 4249 :

2283 4010 2371 4065 καὶ
2414 4012 2532 4086 περὶ
2575 4018 2681 4067 τῶν
2740 4011 2919 4069 ἄλλων
2977 4015 3252 4094 κληρικῶν
3309 4022 3414 4072 τῶν
3475 4016 3589 4072 ἀπὸ
3646 4013 3904 4089 pangi)":

2283 4097 2383 4154 κᾶν
2414 4104 2491 4175 μὴ
2524 4102 2780 4180 γεγόνασι
2826 4102 3104 4181 βουλευταὶ
3165 4110 3200 4178 ἦ
3257 4105 3519 4172 uisam
3557 4122 3572 4136 '
3632 4103 3717 4160 καὶ
3766 4098 3837 4153 ὅτι
3875 4094 3897 4147 ό

2283 4196 2610 4267 χειροτονῶν
2661 4191 2895 4272 ἄγαμον,
2928 4194 3181 4271 ἐρωτάτω
3210 4198 3368 4255 αὐτὸν
3399 4197 3444 4252 εἰ
3492 4192 3709 4251 δύναται
3751 4184 3900 4268 χωρὶς

4050 4102 4053 4230 i

555 4279 667 4353 Qui
699 4279 969 4342 caelibem
1004 4276 1265 4350 ordinat,
1315 4277 1678 4356 interrogato
1730 4276 1926 4357 illum,
1962 4297 2035 4338 an
2068 4281 2198 4341 sine

554 4369 818 4448 legitima
847 4385 1034 4429 uxore
1057 4375 1220 4428 caste
1243 4366 1442 4427 vivere
1483 4366 1687 4446 possit.
1722 4363 1833 4438 Qui
1865 4384 2002 4427 vero
2041 4377 2195 4429 tem-

553 4476 704 4538 pore
726 4457 1127 4520 ordinationis
1150 4457 1407 4518 diacono
1438 4466 1570 4535 post
1591 4456 2036 4519 ordinationem
2073 4478 2196 4520 ma-

554 4546 901 4609 trimonium
936 4546 1299 4609 contrahere
1333 4546 1693 4626 permiserit,
1724 4545 1796 4608 ab
1851 4552 2195 4628 episcopatu

550 4638 812 4717 ejicitur.
840 4636 1029 4699 Porro
1061 4636 1512 4717 presbyter,aut
1544 4636 1854 4711 diaconus,
1875 4645 1976 4698 aut
2007 4637 2195 4718 hypo-

2282 4281 2510 4355 νομίμου
2540 4288 2780 4358 γαμετῆς
2812 4290 3022 4359 σεμνῶς
3066 4286 3213 4362 βιοῦν
3249 4305 3264 4322 ⁶
3298 4289 3325 4343 ὁ
3369 4284 3424 4341 δὲ
3478 4294 3558 4361 τῷ
3601 4285 3763 4359 καιρῷ
3816 4274 3899 4341 τῆς

2280 4372 2617 4449 χειροτονίας
2661 4371 2960 4452 ἐπιτρέπων
2994 4373 3224 4450 διακόνῳ
3285 4377 3319 4446 ἡ
3364 4375 3702 4447 ὁποδιακόνῳ
3732 4368 3897 4447 γαμῆ·

2280 4482 2367 4515 σαι
2413 4461 2548 4533 μετὰ
2578 4461 2675 4528 τὴν
2720 4466 3080 4542 χειροτονίαν,
3113 4467 3210 4533 τῆς
3242 4466 3547 4534 ἐπισκοπῆς
3579 4458 3893 4522 ἐκϐέλλεται·

2280 4546 2652 4630 πρεσϐύτερος,
2701 4553 2731 4618 ἡ
2780 4550 3048 4633 διάκονος,
3094 4556 3128 4622 ἡ
3184 4552 3565 4637 ὓποδιάκονος,
3629 4549 3761 4629 μετὰ
3811 4542 3893 4637 “Cit-tt

2278 4639 2614 4717 χειροτονίαν
2637 4628 2837 4717 ἠγαμῶν
2882 4628 3203 4700 ὲκϐσίλλεται
3247 4651 3339 4700 τοῦ
3369 4628 3595 4724 κλήρου,
3632 4628 3735 4696 καὶ
3775 4628 3893 4709 μετὰ

548 4728 838 4789 diaconus
852 4726 952 4809 qui
977 4725 1566 4808 postordinationem
1591 4725 2033 4788 matrimonium
2057 4747 2189 4790 con-

2279 4737 2369 4787 τοῦ
2400 4729 2558 4784 αὑτοῦ
2585 4731 2914 4807 πραγμάτων
2963 4730 3163 4790 δίδοται
3206 4739 3273 4809 τῇ
3322 4732 3493 4811 βουλῇ
3553 4737 3649 4799 τῆς
3705 4724 3889 4783 πόλεως

549 4817 757 4891 trahit,
792 4835 825 4878 e
873 4816 1039 4881 clero
1086 4815 1354 4896 ejicitur,
1388 4823 1446 4877 et
1475 4834 1611 4877 cum
1645 4815 1830 4876 rebus
1860 4816 1984 4877 suis
2014 4818 2195 4879 curiae

544 4906 798 4970 civitatis
829 4907 891 4969 in
914 4924 1034 4984 qua
1061 4905 1318 4968 clericus
1344 4904 1781 4979 erat,traditur.
1818 4905 1966 4967 Item
2001 4906 2195 4969 lector

544 4997 645 5077 qui
678 4997 919 5077 nuptias
952 4996 1155 5071 iterat,
1207 5003 1309 5056 aut
1356 4993 1619 5069 viduam,
1654 4994 1748 5057 vel
1774 4993 2030 5056 divortio
2062 4996 2191 5058 dis-

540 5087 829 5162 junctam,
864 5084 955 5147 vel
987 5084 1227 5165 legibus
1255 5082 1662 5147 canouihusve
1694 5083 2071 5146 interdictam
2104 5083 2188 5167 [in

542 5176 812 5251 uxorem]
841 5174 1108 5246 assumit,
1144 5175 1203 5235 in
1232 5175 1417 5236 alium
1452 5174 1701 5253 gradum
1748 5192 1824 5236 ne
1848 5174 2183 5255 procedito.

543 5260 700 5335 Quin
733 5272 793 5325 et
821 5263 873 5325 si
906 5262 1293 5344 processerit,
1326 5262 1511 5344 priori
1535 5263 1899 5327 restituitur.

620 5352 779 5415 Dicit
807 5354 1054 5432 insuper
1087 5370 1100 5415 :
1134 5352 1243 5425 Qui
1275 5354 1617 5435 ascetriam,
1642 5363 1743 5417 aut
1769 5354 2180 5431 monastriam,

539 5450 640 5504 aut
669 5441 1092 5516 diaconissam,
1124 5449 1225 5502 aut
1264 5441 1447 5504 alium
1506 5443 1857 5523 religiosum
1911 5443 2179 5508 habitum

537 5540 871 5611 gestantem
919 5531 1294 5612 [mulierem]
1344 5532 1606 5613 rapiunt,
1640 5542 2057 5615 corrumpunt,
2090 5534 2178 5598 vel

538 5629 951 5702 constuprant,
985 5620 1206 5703 quique
1238 5620 1383 5698 [illis
1404 5622 1563 5702 sese]
1592 5625 1912 5687 associant:
1937 5623 2177 5703 capitali

534 5711 837 5794 supplicio
864 5709 1306 5788 alﬁciuntnr,ac
1325 5728 1425 5774 res
1444 5709 1685 5775 illorum
1705 5711 1930 5793 injuria
1950 5712 2177 5778 allectat

2275 4816 2330 4872 ἐν
2373 4821 2409 4895 ᾖ
2460 4815 2719 4895 κληρικὸς
2770 4820 2837 4886 ἦν
2872 4837 2888 4855 ⁶
2967 4818 3374 4900 δευτερογαμῶν
3433 4823 3487 4878 δὲ
3549 4816 3885 4900 ἂναγνώσττες,

2274 4909 2308 4975 ἦ
2340 4905 2521 4986 χάραν
2570 4907 2606 4973 ἦ
2662 4902 3039 4987 διεξευγμένην
3069 4897 3384 4987 λαμϐάνων,
3429 4912 3463 4979 ἡ
3501 4924 3619 4971 τοῖς
3650 4909 3817 4979 νόμοις
3858 4897 3882 4961 ἦ

2272 5010 2391 5062 τοῖς
2448 4996 2668 5053 κανόσιν
2725 4997 3198 5078 ἀπηγορευμένην,
3246 5003 3320 5064 εἷς
3376 5000 3542 5057 ἄλλοι,
3574 5000 3651 5077 μὴ
3680 4988 3884 5073 προϐαι-

2273 5086 2431 5196 νέτω,
2464 5086 2692 5166 βαθμὸν,
2754 5085 2893 5146 ἀλλὰ
2950 5092 3039 5147 καὶ
3088 5088 3291 5171 προϐὰς
3350 5090 3768 5149 ἀποκαθίσταται
3818 5078 3882 5146 τῷ

2270 5198 2535 5255 προτέρῳ.

2351 5355 2508 5434 Λέγει
2538 5354 2593 5412 δὲ
2630 5355 2711 5415 ὅτι
2770 5360 2818 5415 οἱ
2875 5357 3228 5440 ἀρπαζόντες,
3291 5359 3325 5428 ἠ
3381 5358 3794 5422 δπονοθεοίοντες,
3845 5340 3875 5408 ἦ

2266 5442 2650 5525 διαφθείροντες
2686 5448 2979 5527 ἀσκήτριαν
3009 5450 3044 5517 ἠ
3087 5449 3435 5525 μονάστριαν,
3470 5449 3506 5518 ἡ
3537 5445 3869 5506 διακόνισσανι

2261 5536 2299 5603 ἠ
2352 5535 2485 5594 ἄλλο
2516 5534 2738 5602 εὐλαϐὲς
2782 5536 3019 5617 ἔχουσαν
3047 5539 3265 5619 σχῆμα,
3298 5541 3389 5597 καὶ
3420 5541 3470 5597 οὶ
3513 5531 3869 5625 μετασχέντεςέ

2261 5623 2563 5705 κεφαλικῶς
2595 5627 2980 5705 τιμωροῦνται,
3019 5630 3109 5686 καὶ
3157 5628 3224 5685 τὰ
3272 5629 3558 5709 πράγματα
3607 5619 3770 5681 αὐτῶν
3812 5619 3868 5681 τῇ

2261 5711 2621 5789 Ἐκκλησίᾳή
2669 5720 2748 5793 τῷ
2795 5718 3141 5799 μοναστηρίῳ
3195 5720 3295 5786 τῆς
3352 5716 3676 5799 δϐρισθιίσης
3736 5719 3865 5781 πεΡ⁸’
