4134 6200
357 258 478 326 785

1147 267 1569 333 SYNTAGMA
1609 266 2008 334 CANONUM.
2040 300 2134 371 l—
2175 268 2332 333 TIT.
2378 271 2485 347 1x,
2532 272 2697 336 CAP.
2746 234 2938 336 XXX.

3622 272 3743 338 786

352 416 630 467 ποιοῦνται
685 407 769 467 διὰ
829 409 922 468 τοῦ
966 409 1270 469 ἐπισκόπου
1328 411 1362 480 ἦ
1418 424 1511 473 τοῦ
1569 414 1853 491 οἰκονόμου
1908 414 1987 470 καῖ

2087 411 2408 497 [mulieris]
2445 416 2716 480 ecclesiae
2772 425 2874 480 aut
2929 417 3293 480 monasterio
3346 434 3454 498 per
3481 434 3733 480 oecono-

354 503 461 553 τῶν
520 499 801 579 ἀρχόντων
858 503 947 557 καὶ
1004 506 1110 557 τῶν
1173 500 1409 567 τάξεων’
1467 502 1602 571 αὕτη
1632 502 1687 559 δὲ
1731 504 1867 579 μετὰ
1895 509 2000 559 τῶν

355 589 524 656 αὖτῆς
604 591 961 670 πραγμάτων,
1041 593 1383 670 μονασνηρίῳ
1439 591 1765 667 ἐμϐάλλεται
1822 594 1999 673 ἀσφα-

353 675 462 742 λῶς
492 678 960 760 φυλαχθησομένη
997 698 1011 713 ’
1074 682 1118 738 εἰ
1168 679 1222 737 δὲ
1281 680 1595 740 διανόνισσα
1624 687 1766 740 ἔστιν
1797 683 2001 763 ἔχουσα

354 768 615 842 νομίμους
674 768 897 850 παῖδας,
957 772 1020 827 τὸ
1076 769 1305 846 νόμιμον
1366 772 1526 850 μέρος
1584 772 1944 847 λαμϐάνουσιν
1979 788 1993 803 ⁸

353 858 397 913 εἰ
449 853 509 914 δὲ
564 858 651 915 ἐπὶ
711 858 951 915 ἐνιαυτὸν
1009 863 1146 935 μετὰ
1188 863 1250 917 τὸ
1298 863 1598 939 γνωσθῆναι
1631 866 1691 919 τὸ
1724 871 1889 939 μῦσος
1921 863 1999 938 μὴ

348 946 694 1017 ὶκδικήσουσι
739 949 802 1005 τα
832 950 1126 1027 πράγματα
1154 953 1203 1007 οἱ
1234 953 1449 1030 εὖαγεϊς
1495 952 1668 1026 οἴκοι,
1732 955 1759 1009 ὁ
1812 953 1999 1031 φίσκος

353 1038 488 1096 αύτὰ
537 1036 822 1120 λαμϐάνει,
905 1039 996 1096 to;
1056 1040 1381 1116 ἀμελοῦντος
1455 1041 1590 1098 αὒτὰ
1652 1040 1998 1109 ἐκδικηθῆναι

351 1125 617 1208 ἄρχοντος
677 1130 1145 1211 ὰποζωννυμένου,
1203 1133 1290 1188 καὶ
1350 1130 1398 1187 ε’
1434 1130 1615 1211 λίτρας
1646 1146 1764 1196 τοῖς
1801 1129 1997 1211 πριϐέ-

350 1239 464 1283 τοις
495 1218 968 1296 προστιμωμένου.

438 1401 691 1459 ΚΕΦΑΛ.
744 1395 836 1457 Λ’.
888 1432 968 1443 —-
1028 1400 1149 1479 Περὶ
1222 1406 1326 1456 τῶν
1385 1400 1470 1457 ἐπὶ
1521 1401 1680 1480 γάμῳ
1738 1415 1999 1481 γυναῖκας

350 1486 725 1565 ἁρπαζόντων,

825 1574 881 1633 Ἀ
896 1576 1174 1634 ποστόλων
1208 1581 1385 1636 κανὼν
1415 1579 1521 1652 EC.

433 1663 531 1737 ξζ’.
569 1663 637 1723 Εἴ
671 1689 751 1730 τις
784 1667 1042 1747 παρθένον
1074 1668 1446 1744 ἆμνήστευτον
1497 1672 1822 1748 βιασάμενος
1853 1670 1996 1753 ἔχει,

348 1778 406 1817 κ.
442 1778 496 1816 τ.
528 1754 581 1815 λ.

673 1844 901 1904 Συνο’δου
932 1846 1201 1926 Ἀγκύρας
1232 1852 1409 1906 κανὼν
1441 1848 1539 1930 ια’,
1569 1849 1674 1911 κε’.

434 1935 538 1995 ια’.
590 1937 696 1998 Τὰς
755 1939 1171 2013 μνηστευθείσας
1241 1940 1424 2017 κόρας,
1492 1940 1587 1997 καί
1637 1941 1774 2014 μετὰ
1832 1942 1994 1997 ταῦτα

353 2025 458 2081 ὕπὸ
543 2024 718 2083 ἄλλων
800 2028 1152 2106 ἀρπαγείσας,
1231 2028 1406 2095 ἔδοξεν
1479 2027 1818 2087 ἀποδίδοσθαι
1874 2043 1993 2093 τοῖς

1137 2076 1152 2108 ἳ

353 2117 979 2198 προμνηστευσαμὲνοις,
1058 2120 1102 2175 εἰ
1186 2121 1274 2176 καὶ
1332 2121 1453 2198 βίαν
1511 2118 1597 2176 ὕπ’
1656 2120 1829 2176 αὒτῶν
1884 2120 1995 2177 πάι-

348 2207 518 2268 θοιεν,

434 2294 545 2358 κε’,
604 2298 1088 2373 Μνηστευσάμενός
1144 2321 1227 2364 τις
1289 2299 1483 2380 κόρην,
1542 2300 1878 2379 προσεφθάρη
1929 2303 1995 2377 τῇ

348 2384 556 2466 ἀδελφῇ
588 2386 780 2467 αὒτῆς,
813 2389 884 2453 ὡς
914 2390 1001 2444 καὶ
1050 2389 1376 2469 ἐπιφορῆσαι
1435 2391 1599 2459 αὒτήν
1632 2406 1646 2422 ⁸
1706 2389 1879 2468 ἔγημε
1939 2389 1994 2446 δὲ

345 2476 449 2543 τὴν
481 2477 728 2550 μνηστὴν
779 2479 916 2551 μετὰ
968 2485 1156 2559 ταῦτα,
1202 2479 1235 2547 ἡ
1282 2478 1337 2534 δὲ
1370 2482 1630 2559 φθαρεῖσα
1664 2480 1939 2557 ἀπήγξατο
1976 2501 1988 2515 ⁸

346 2567 396 2622 οἷ
482 2565 778 2632 συνειδότες
855 2566 1247 2637 ἐκελεύσθησαν
1308 2569 1362 2627 ἐν
1436 2568 1682 2641 δεκαετίᾳ
1733 2568 1991 2650 δεχθῆναι

345 2656 422 2719 εἷς
483 2657 607 2721 τοὺς
666 2664 1026 2735 συνεστῶτας,
1087 2661 1226 2716 κατὰ
1309 2660 1432 2723 τοὺς
1499 2659 1826 2737 ὡρισμένους
1889 2662 1987 2738 βαι

342 2746 510 2821 θμούς
522 2789 535 2803 .

701 2836 924 2895 Συνόδου
956 2837 1295 2906 Χαλκηδόνος
1328 2840 1504 2896 κανὼν
1538 2839 1641 2910 κζ’.

426 2926 530 2997 κζ’.
567 2927 696 2990 Τοὺς
733 2928 1056 3003 ἁρπάζοντας
1093 2943 1379 3007 γυναῖκας,
1413 2952 1468 2989 κ.
1506 2951 1557 2992 τ,
1603 2928 1660 2991 λ.

548 3015 776 3074 Συνόδου
815 3020 1188 3093 οἷοιουμενικῆς
1234 3018 1396 3086 ἕκτης
1442 3022 1618 3076 κανὼν

2088 523 2274 577 mum,
2310 507 2448 566 5οΒ
2478 510 2827 588 episcopum
2862 508 3150 588 praesides
3198 514 3257 570 et
3290 507 3572 569 cohortes
3602 508 3734 568 vin-

2084 591 2362 657 dicantur
2396 618 2410 657 :
2446 596 2577 677 ipsa
2620 616 2757 659 vero
2790 617 2928 659 cum
2964 597 3146 659 rebus
3178 599 3303 659 suis
3329 598 3391 658 in
3427 607 3736 660 monaste-

2082 684 2238 745 rium
2272 687 2612 766 conjicitur,
2649 686 2931 766 [ibidem]
2961 695 3131 749 caute
3155 686 3738 751 asservanda.Plane

2083 776 2129 835 si
2163 775 2504 837 diaconissa
2538 777 2703 852 sit,et
2729 776 3031 854 legitimos
3062 777 3287 841 liberos
3318 779 3555 853 habeat,
3595 778 3735 860 [illi]

2084 864 2406 943 legitimam
2444 875 2677 947 partem
2738 866 3005 946 capiunt.
3042 866 3210 940 Quod
3244 868 3294 930 si
3324 869 3482 930 intra
3507 888 3735 931 annum

2083 954 2198 1034 quo
2257 955 2596 1016 istiusmodi
2652 957 2851 1018 scelus
2911 956 3196 1033 innotuit,
3235 960 3380 1036 [eas]
3420 959 3735 1021 facultates

2081 1045 2455 1107 venerabiles
2482 1045 2698 1107 domus
2731 1064 2852 1107 non
2885 1046 3190 1108 vindicent
3224 1065 3237 1111 :
3273 1048 3454 1109 fiscus
3486 1048 3619 1110 illas
3642 1068 3736 1111 ac-

2080 1134 2240 1213 cipit.
2275 1132 2432 1206 Quas
2464 1134 2514 1196 si
2566 1153 2788 1213 praeses
2842 1134 3147 1198 vindicare
3208 1136 3560 1216 neglexerit,
3598 1138 3733 1200 cin-
3774 1190 3785 1199 .

2079 1224 2219 1303 gqu
2273 1224 2558 1303 privatur,
2593 1233 2772 1305 atque
2833 1224 3101 1306 quinque
3154 1226 3327 1288 libris
3361 1225 3520 1307 [auri
3550 1228 3736 1291 rebus

2082 1312 2394 1394 principis]
2431 1313 2679 1394 privatis
2714 1314 3141 1396 [applicandis]
3179 1316 3482 1381 multatur.

2164 1402 2329 1466 CAP.
2363 1402 2539 1467 XXX.
2575 1439 2653 1450 —
2688 1404 2775 1466 De
2818 1407 2899 1467 iis
2945 1411 3053 1484 qui
3093 1408 3501 1470 matrimonii
3547 1424 3737 1472 causa

2083 1493 2375 1556 mulieres
2406 1497 2688 1575 rapiunt.

2513 1587 2943 1665 Apostolorum
2972 1603 3171 1648 canon
3201 1586 3300 1650 67.

2163 1673 2235 1736 67
2274 1674 2427 1754 [66].
2462 1674 2523 1735 Si
2557 1674 2692 1755 quis
2726 1674 3014 1754 virginem
3050 1694 3169 1738 non
3197 1676 3643 1757 desponsatam,
3677 1696 3735 1743 vt

2025 1775 2060 1826 Β
2084 1762 2260 1825 allata
2295 1764 2493 1837 habet,
2530 1775 2672 1846 etc.,
2709 1774 2776 1827 ut
2802 1784 2948 1847 pag.
2983 1765 3127 1829 838.

2308 1853 2578 1917 Coneilii
2608 1857 2931 1937 Ancyram’
2958 1873 3228 1919 canones
3263 1860 3360 1935 lt,
3396 1856 3499 1921 25.

2163 1946 2259 2006 ll.
2300 1947 2697 2022 Desponsatas
2745 1945 2880 2007 aliis
2915 1945 3171 2024 puellas,
3220 1955 3278 2008 et
3308 1946 3381 2008 ab
3413 1946 3551 2009 aliis
3582 1967 3732 2029 pos-

2081 2042 2176 2095 tea
2234 2041 2454 2113 raptas,
2513 2034 2701 2095 visum
2763 2042 2855 2095 est
2904 2033 3000 2107 iis,
3044 2035 3280 2115 quibus
3343 2035 3734 2118 desponsatas

2079 2130 2269 2196 erant,
2304 2123 2499 2197 reddi,
2535 2123 2715 2186 etiam
2747 2122 2798 2184 si
2830 2124 2944 2184 vim
2982 2142 3171 2204 passae
3202 2133 3361 2186 sunt.

2160 2302 2259 2366 925.
2292 2302 2541 2375 Quidam
2577 2302 2673 2365 cui
2709 2309 2837 2364 erat
2868 2302 3066 2383 puella
3092 2302 3615 2383 desponsata,ejus
3636 2322 3730 2367 so-

2077 2392 2202 2454 rori
2262 2391 2465 2453 vitium
2516 2391 2732 2465 attulit,
2787 2391 2868 2452 ita
2918 2401 2982 2453 ut
3037 2410 3108 2453 ea
3140 2397 3316 2454 etiam
3352 2394 3726 2473 conciperet.

2077 2482 2368 2563 Sponsam
2420 2491 2617 2545 autem
2667 2492 2874 2562 postea
2906 2500 3155 2543 uxorem
3190 2482 3382 2546 duxit.
3414 2481 3496 2543 Ea
3525 2490 3725 2544 autem

2075 2573 2168 2634 cui
2201 2592 2230 2630 v
2262 2573 2408 2633 tium
2444 2580 2575 2633 erat
2605 2572 2950 2647 allatum,se
2983 2571 3320 2633 sulfocavit.
3358 2570 3467 2645 Qui
3500 2572 3731 2633 conscii

2074 2663 2331 2733 fuerant,
2359 2663 2511 2741 jussi
2560 2671 2700 2723 sunt
2757 2661 3058 2723 decennio
3117 2661 3177 2721 in
3211 2679 3315 2722 eos
3348 2660 3453 2740 qui
3486 2661 3726 2723 consis-
3770 2684 3783 2693 ο

2075 2760 2229 2828 lunt,
2262 2752 2445 2832 recipi
2480 2769 2586 2831 per
2611 2751 2834 2825 gradus
2861 2749 3168 2814 deﬁnitos.

2294 2841 2563 2904 Concilz‘i
2594 2839 3118 2903 Chalcedonensis
3148 2844 3348 2903 canon
3380 2840 3480 2905 ‘27.

2150 2931 2250 2994 27.
2288 2929 2401 2993 Eos
2432 2930 2531 3011 qui
2566 2931 2809 2992 nomine
2840 2930 3133 3011 conjugii,
3161 2939 3307 3006 etc.,
3340 2937 3408 2993 ut
3430 2930 3721 3011 pag.750.

2357 3021 2622 3083 Concilii
2644 3022 3003 3082 acumenicz
3032 3038 3091 3081 vr
3123 3038 3317 3082 canon
3347 3021 3449 3083 92.

432 3105 549 3184 4'3'.
599 3109 730 3173 Τοὺς
774 3108 1106 3185 ἁρπάζοντας
1154 3124 1417 3187 γυναῖκας
1476 3109 1562 3167 ἐπ’
1595 3111 1817 3185 ὀνόματι
1864 3133 1984 3166 συν-

2153 3110 2258 3173 92.
2293 3112 2409 3173 Eos
2443 3111 2543 3191 qui
2600 3109 2843 3171 nomine
2898 3110 3266 3172 matrimoiiii
3300 3111 3588 3172 mulieres
3617 3128 3720 3171 ra-

345 3198 601 3268 οικεσίου,
660 3199 697 3264 ἢ
757 3198 1220 3279 συμπράττοντας,
1400 3201 1808 3279 συναιρομένους
1873 3214 1989 3266 τοῖς

344 3288 689 3364 ἁρπάζουσιν,
736 3289 928 3367 ὥρισεν
971 3288 1007 3355 ἡ
1052 3289 1177 3367 ἁγία
1244 3290 1485 3369 σύνοδος,
1547 3293 1591 3346 εἰ
1651 3290 1747 3364 μὲν
1791 3289 1987 3368 κληρι-

345 3376 436 3432 ιιοί
468 3377 605 3452 εἶεν,
656 3377 935 3435 ἐκπίπτειν
974 3378 1067 3435 τοῦ
1113 3379 1309 3437 οἰκείου
1339 3380 1543 3456 βαθμοῦ
1581 3398 1593 3411 ·
1625 3381 1668 3436 εἰ
1696 3378 1749 3435 δὲ
1780 3379 1963 3436 λαῒκοὶ

343 3466 837 3542 ἀναθεματίζεσθαι.

535 3557 790 3637 Θεοφίλου
819 3556 880 3613 ἐκ
911 3564 1005 3614 τοῦ
1031 3558 1472 3633 ἰ’πομνηστικοῦ
1500 3560 1676 3616 κανὼν
1703 3560 1780 3637 β’.

425 3638 500 3724 β’,
549 3649 679 3725 Περΐ
728 3646 935 3714 Βτὶστου
981 3649 1343 3713 καταστάντος
1417 3649 1470 3704 ἐν
1517 3646 1708 3724 Ἐρὲϐη
1752 3647 1984 3727 πρεσϐυ-

338 3734 494 3811 τέρου
564 3737 851 3810 ζητητέον,
940 3736 1034 3792 καῖ
1107 3739 1150 3793 εἰ
1224 3737 1322 3813 μὲν
1401 3736 1810 3809 ἀποταξαμένην
1868 3740 1986 3794 τινὰ

340 3828 537 3897 ζῶντος
584 3833 677 3884 τοῦ
720 3826 905 3904 ἀνδρὸς
951 3824 1227 3900 ἐϐιάσατο,
1273 3828 1349 3901 μὴ
1402 3828 1784 3907 συγχωρείσθω
1842 3828 1984 3884 εἶναι

338 3913 687 3993 πρεσϐύτερος
723 3932 737 3946 ⁸
782 3915 915 3973 ὅπου
971 3940 1033 3995 γε
1091 3916 1208 3973 οὔδε
1253 3921 1325 3982 ὡς
1387 3916 1579 3981 λαϊκὸς
1612 3916 1809 3997 ὀφείλει
1856 3941 1984 3974 συν-

337 4006 582 4081 άγεσθαι,
640 4010 737 4074 τῆς
808 4005 1136 4074 Ἐκκλησίας
1213 4008 1450 4071 εἰωθυίας
1522 4008 1643 4068 τοὺς
1716 4009 1985 4074 τοιούτους

341 4097 592 4175 χωρίζειν
627 4114 639 4127 ο
689 4096 748 4152 οὒ
792 4096 937 4177 φέρει
982 4098 1083 4175 γὰρ
1125 4104 1281 4155 τοῦτο
1314 4102 1582 4175 πρόκριμα
1624 4104 1701 4171 τῷ
1758 4096 1983 4154 ima-40'-

340 4208 428 4258 πῳ
459 4184 790 4260 Ἀπόλλωνι,
837 4188 882 4242 εἰ
925 4183 978 4252 ἒξ
1023 4187 1237 4265 ἆγνοιας
1284 4190 1442 4246 αὐτὸν
1499 4187 1820 4261 κατέστησε,
1883 4193 1981 4254 τῆς

339 4275 496 4352 ἁγίας
539 4274 756 4333 συνόδου
816 4276 1145 4343 κελευσάσης
1199 4282 1321 4341 τοὺς
1389 4275 1629 4341 ἀναξίους
1690 4278 1826 4352 μετὰ
1882 4279 1984 4343 τὴν

1970 3426 1986 3459 1

244 4420 251 4425 .
338 4368 674 4445 χειροτονίαν
753 4365 1151 4446 ἐλεγχομένους
1230 4366 1315 4422 ἐπὶ
1384 4365 1719 4445 ἐγκλήμασιν
1780 4363 1981 4424 ἐκϐάλ-

340 4455 548 4520 λεσθαι,

421 4544 574 4607 Βιϐλ.
610 4546 685 4623 α’,
719 4546 821 4609 τίτ,
856 4546 933 4624 γ’,
976 4545 1115 4608 Erit.
1150 4544 1217 4626 ε’,
1251 4545 1341 4602 ἒσὶν
1373 4568 1453 4611 τις
1484 4544 1718 4625 ἁρπάσῃ,
1751 4546 1786 4612 ἢ
1817 4549 1979 4622 μόνον

336 4638 565 4716 πειραθῇ
636 4634 825 4694 λαϐεῖν
889 4635 1128 4715 γαμετήν
1197 4636 1453 4715 παρθένον
1522 4636 1691 4715 ἱερὰν,
1751 4636 1980 4716 κεφαλι-

337 4734 450 4792 κὶυς
494 4740 813 4806 τιμωρεῖται
844 4744 859 4759 ’
922 4728 1009 4783 καὶ
1052 4724 1190 4784 διάτ.
1241 4722 1320 4804 νγ’
1361 4732 1453 4781 τοῦ
1498 4728 1655 4784 αὒτοῦ
1698 4726 1827 4797 τίτ.,
1863 4739 1980 4789 τοῖς

338 4824 575 4896 γονεῦσι,
636 4820 724 4874 καὶ
778 4829 897 4879 τοῖς
953 4814 1233 4896 ἀδελφοῖς,
1272 4816 1362 4872 καὶ
1409 4828 1521 4877 τοῖς
1568 4814 1830 4891 κηδεμόσι
1874 4822 1979 4871 τῶν

335 4906 633 4985 παρθένων,
694 4908 779 4963 καὶ
822 4905 1194 4976 διακονισσὼν,
1237 4908 1324 4961 καὶ
1377 4906 1484 4962 τῶν
1541 4904 1839 4979 ἀνειμένων
1904 4912 1981 4979 τῷ

338 5000 456 5073 Θεῷ
501 5003 713 5077 ληρῶν,
773 4996 943 5062 ἔξεστι
1004 4997 1124 5059 τοὺς
1183 4996 1425 5074 ἅρπαγας
1472 4997 1667 5076 αὐτῶν,
1727 4996 1813 5052 καὶ
1859 4996 1982 5060 τοὺς

336 5087 391 5144 ἐν
453 5089 625 5166 καιρῷ
679 5087 774 5154 τῆς
819 5085 1006 5166 ἐφόδου
1058 5087 1381 5162 βοηθοῦντας
1437 5085 1646 5158 αὒτοῒς,
1694 5084 1780 5141 ἐπ’
1817 5088 1982 5144 αὖτο-

335 5178 497 5258 ιρώρῳ
528 5178 765 5257 φονεύειν
802 5196 814 5209 ⁸
856 5178 900 5232 εἰ
961 5173 1014 5231 δὲ
1067 5174 1416 5256 διαιρύγιοσιν,
1470 5176 1825 5247 ἀναζητοῦσιν
1882 5176 1982 5230 αὒ-

332 5270 481 5341 τοᾷς,
549 5268 603 5322 ἐν
662 5267 1218 5326 Κωνσταντινουπόλει
1265 5267 1363 5341 μὲν
1408 5270 1455 5322 οἱ
1527 5266 1763 5346 ὕπαρχοι
1808 5265 1896 5321 καὶ
1954 5267 1982 5321 ὁ

338 5358 601 5437 ἔπαργος,
666 5358 721 5413 ἐν
775 5355 829 5412 δὲ
872 5370 993 5419 ταῖς
1028 5357 1339 5437 ἐπαρχίαις,
1375 5359 1568 5419 πάντες
1601 5358 1650 5413 οἱ
1694 5356 1980 5435 ἄρχοντες,

334 5447 606 5505 πολιτικοί
663 5469 720 5503 τε
790 5448 877 5503 καὶ
937 5449 1332 5528 στρατιωτικοὶ,
1395 5448 1481 5505 καὶ
1540 5447 1673 5524 μετὰ
1729 5447 1980 5502 σύστασιν

412 5624 478 5678 ϐο
508 5624 690 5694 Basil.
726 5643 918 5690 canon
949 5624 1070 5702 30;
1105 5623 1394 5690 Chalced.
1430 5625 1528 5687 27.

2074 3200 2244 3279 piunt
2269 3200 2351 3274 60,
2389 3200 2609 3281 quique
2644 3214 2823 3279 opera
2857 3218 3087 3279 opeque
3111 3218 3216 3260 sua
3248 3208 3523 3281 raptores
3548 3200 3723 3280 adju-

2070 3299 2228 3363 vant,
2266 3292 2470 3351 statuit
2495 3298 2702 3349 sancta
2738 3289 2999 3368 synodus
3043 3289 3133 3353 :si
3173 3288 3561 3370 sintquidem
3596 3289 3723 3350 cle-

2070 3378 2202 3451 rici,
2242 3379 2484 3459 proprio
2507 3378 2696 3459 gradu
2724 3377 3030 3452 excidere;
3056 3378 3107 3441 si
3134 3396 3272 3440 vero
3297 3378 3721 3455 laici,anathe-

2072 3477 2229 3529 male
2264 3468 2524 3547 percuti.

2180 3559 2320 3619 509
2356 3558 2671 3639 Theophili
2698 3576 2773 3619 ea:
2804 3558 3291 3619 Commonitorio
3318 3574 3519 3621 canon
3547 3557 3608 3621 2.

2150 3647 2209 3709 2.
2249 3648 2331 3709 De
2366 3647 2550 3721 Bisto,
2588 3647 2686 3728 qui
2724 3648 2780 3708 in
2812 3646 3007 3709 Ereba
3051 3650 3412 3709 constitutus
3436 3644 3721 3727 est‘pres—

2071 3735 2419 3818 bytet‘,qn:er
2442 3738 2661 3798 endum
2688 3746 2803 3818 est;
2837 3745 2894 3796 ct
2918 3737 2963 3797 si
2990 3734 3169 3798 alicui
3200 3736 3446 3816 quidem
3482 3737 3720 3801 mulieri

2069 3837 2381 3907 separatas,
2419 3834 2649 3889 vivente
2684 3828 2923 3901 marito,
2952 3827 3063 3888 vim
3101 3827 3453 3901 attulit,non
3487 3826 3721 3889 sinatur

2070 3934 2204 3978 esse
2238 3917 2589 3998 presbyter;
2650 3935 2782 3978 nam
2820 3936 2894 3977 ne
2928 3925 2990 3977 ut
3042 3916 3226 3977 laicus
3258 3914 3503 3997 quidem
3539 3915 3721 3977 debet

2069 4012 2541 4086 communicare,
2596 4026 2729 4068 cum
2785 4024 2888 4066 eos
2945 4006 3047 4086 qui
3091 4005 3239 4065 tales
3271 4012 3720 4086 suntseparare

2069 4097 2449 4159 consueverit
2506 4094 2799 4158 Ecclesia.
2858 4094 2982 4157 Hoc
3033 4102 3228 4156 autem
3285 4094 3512 4155 nullum
3548 4095 3721 4157 alicrt

2068 4186 2347 4268 episcopo
2377 4186 2640 4267 Apollini
2667 4185 3109 4267 przrjudicium,
3142 4185 3191 4245 si
3232 4202 3367 4244 eum
3402 4202 3510 4264 per
3539 4184 3716 4263 igno-

2065 4275 2318 4337 rantiam
2376 4276 2685 4338 constituit
2715 4296 2731 4352 ;
2769 4295 2905 4337 cum
2944 4284 3149 4335 sancta
3176 4272 3437 4352 synodus
3465 4274 3720 4352 jusserit

2067 4383 2193 4445 eos,
2227 4366 2325 4446 qui
2362 4376 2493 4446 post
2524 4365 2962 4427 ordinationem
3009 4374 3257 4445 propter
3287 4362 3518 4425 crimen
3551 4363 3717 4426 indi-

2002 4455 2165 4546 Dgni
2197 4474 2330 4518 esse
2363 4454 2828 4530 convincuntur,
2862 4454 3107 4534 expelli.

2156 4548 2397 4607 Τεχιιιδ.
2428 4543 2556 4608 Lib.
2592 4562 2635 4625 ι,
2665 4546 2754 4606 tit.
2787 4546 2847 4617 3,
2881 4553 3076 4605 const.
3104 4543 3236 4605 5.Si
3260 4543 3393 4623 quis
3424 4540 3713 4621 rapuerit,

2065 4645 2164 4698 aut
2194 4636 2403 4697 saltem
2439 4634 2498 4695 in
2533 4651 2774 4697 uxorem
2827 4652 3045 4714 capere
3099 4643 3389 4693 sacratam
3425 4631 3715 4708 virginem

2064 4734 2314 4789 conatus
2366 4724 2468 4799 sit,
2522 4724 2764 4805 capitali
2798 4741 2977 4804 ptena
3006 4721 3247 4783 feritur.
3290 4721 3357 4782 Et
3388 4728 3578 4781 const.
3611 4717 3712 4794 53,

2064 4816 2335 4897 ejusdem
2362 4815 2451 4876 tit.
2480 4812 2835 4876 Parentibus
2856 4811 3166 4878 fratribus.
3195 4818 3253 4872 et
3271 4808 3569 4870 tutoribus
3590 4808 3716 4868 sive

2066 4904 2447 4968 curatoribus
2474 4901 3366 4983 virginum,diaconissarum,ct
3389 4914 3713 4960 consecra-

2069 5003 2258 5056 tarum
2288 4996 2408 5058 Deo
2433 4993 2768 5067 viduarum,
2801 4990 2941 5051 licet
2966 4994 3237 5067 raptores
3264 5004 3495 5058 earum,
3530 4994 3590 5048 et
3614 4986 3718 5067 qui

2066 5083 2153 5145 eis
2176 5083 2456 5144 auxilium
2494 5090 2762 5163 tempore
2796 5077 3125 5140 invasionis
3160 5076 3453 5153 praebent,
3490 5075 3550 5136 in
3582 5076 3714 5155 ipso

2065 5184 2197 5235 actu
2230 5173 2364 5253 dep!
2388 5173 2646 5233 ebensos
2670 5167 3085 5231 occidere.Sin
3118 5175 3314 5228 autem
3346 5165 3482 5244 fuga
3518 5183 3718 5227 evase-

2065 5264 2209 5342 rint,
2248 5263 2605 5340 investigarit
2664 5261 2827 5339 ipsos
2890 5255 3415 5337 Constantinopoli
3452 5254 3717 5335 praafecti

2068 5350 2396 5433 [prmtorio]
2421 5363 2477 5412 et
2503 5350 2816 5431 praefectus
2848 5346 3053 5425 [urbis]
3082 5364 3094 5404 :
3126 5346 3185 5406 in
3218 5343 3545 5425 provinciis
3574 5362 3713 5406 vero

2067 5442 2408 5527 quicunque
2442 5440 2819 5521 magistratus
2851 5444 2911 5499 et
2951 5435 3156 5498 civiles
3188 5443 3248 5497 et
3281 5433 3571 5496 militares
3604 5455 3616 5494 :
3657 5442 3716 5495 et
