4134 6200
471 296 591 364 787

1667 294 1933 361 PHOTIl
1996 291 2519 358 PATRIARCHE
2559 290 2673 357 GP.

3784 284 3900 351 788

464 460 607 537 post
634 448 932 535 [testium]
971 452 1343 513 coactionem
1377 449 1512 514 illos
1535 449 1700 512 nulla
1726 446 1999 511 admissa
2020 448 2132 512 l‘ori

2233 449 2291 518 ιῆ
2350 449 2663 530 χρωμένους
2723 471 3066 531 παραγραφῃ,
3129 457 3516 527 τιμωροῦνται
3583 444 3848 537 ἐσχάτως
3881 462 3896 477 ⁸

476 535 936 628 praescriptione
967 540 1174 602 ultimo
1205 539 1503 621 supplicio
1534 540 1836 603 afﬁciunt:
1876 558 1945 602 ac
1968 538 2123 601 bona

2233 539 2299 598 ,αἰ
2328 541 2394 597 τὰ
2424 541 2712 619 πράγματα
2761 542 2852 596 τοῦ
2902 538 3165 619 ἅρπαγος,
3214 541 3300 596 καὶ
3344 546 3481 613 τοῦ,
3522 538 3606 598 ὡς
3647 535 3895 615 εἴρηται,

474 626 1020 715 raptoris,ejusque
1051 630 1153 711 qui
1183 631 1272 710 (ut
1295 629 1523 694 dictum
1557 634 1674 705 est)
1698 629 1783 693 illi
1817 629 2123 711 suppetias

2233 631 2569 700 ,οηθήσαιτος
2627 629 2793 707 αὑτῷ,
2854 628 3113 705 λαμϐάνει
3171 633 3233 686 το
3294 629 3701 706 μοναστήριον
3761 626 3799 692 ἢ
3841 628 3902 682 τὸ

477 725 638 797 tulit,
672 722 828 801 capit
858 721 1289 783 monasterium
1337 728 1438 782 aut
1466 722 1852 793 asceterium,
1888 729 1952 780 ut
1986 720 2123 783 inde

476 813 596 875 vim
624 829 795 893 passa
816 809 940 873 illic
979 809 1191 873 alatur.
1220 809 1284 873 Si
1314 828 1456 872 vero
1487 828 1620 891 quae
1658 809 1775 870 vim
1814 827 1985 889 passa
2011 817 2123 885 est,

482 902 821 967 diaconissa
844 900 1128 963 duntaxat
1148 900 1249 974 sit,
1270 918 1391 961 non
1416 908 1612 962 autem
1637 900 2127 981 ascetria,neque

480 990 810 1056 monastria
836 1010 852 1053 :
884 988 1317 1072 proprietatem
1338 988 1528 1069 ipsius
1547 988 1964 1070 ecclesia,ipsa
1987 1006 2127 1050 vero

480 1082 923 1146 usumfructum
963 1078 1141 1160 capit.
1178 1080 1470 1141 Caeterum
1498 1079 1600 1160 qui
1624 1078 1741 1140 alio
1775 1078 1951 1139 modo
1985 1077 2130 1158 ipsis

481 1173 829 1254 adiumento
853 1170 1118 1247 fuerunt,
1155 1179 1257 1231 aut
1283 1168 1683 1230 ministerium
1719 1166 2128 1249 praebuerunt,

482 1272 584 1325 aut
613 1261 842 1324 conscii
884 1260 1147 1339 fuerunt,
1181 1268 1279 1320 aut
1327 1268 1752 1339 susceperunt,
1791 1266 1891 1320 aut
1920 1276 2132 1338 quam-

485 1370 728 1433 cunque
751 1367 925 1432 opem
954 1347 1524 1423 attulerunt,ultimo
1549 1348 1961 1409 tantummodo
1984 1365 2134 1427 sup-

485 1443 669 1525 plicio
691 1440 1261 1523 subjacent.Locum
1285 1444 1483 1499 autem
1521 1437 1806 1518 praedicta
1837 1437 2135 1520 [habent,]

485 1532 723 1595 tametsi
744 1531 948 1593 volens
964 1528 1258 1590 dictarum
1282 1526 1600 1589 mulierum
1627 1527 1824 1607 aliqua
1844 1535 2012 1607 rapta
2033 1527 2132 1589 sit.

485 1621 619 1707 Lib.
655 1639 697 1696 ι,
733 1621 825 1683 tit.
861 1621 921 1695 4,
954 1617 1097 1680 διο
1120 1624 1313 1680 c’onst.
1338 1617 1482 1679 3.Et
1501 1614 1564 1678 in
1591 1616 1806 1679 diebus
1832 1618 2138 1681 Paschalis

487 1711 787 1791 virginum
823 1717 1096 1790 raptores
1152 1708 1232 1786 |in
1265 1708 1605 1788 carcerem]
1660 1707 2051 1769 includuntur
2080 1715 2139 1771 et

2207 719 2554 799 ἆσκητιξριον,
2602 717 2685 800 ἐφ’
2745 721 2791 796 ᾧ
2844 723 2942 776 καὶ
2976 720 3074 786 τὴν
3106 721 3423 796 βιασθεῖσαι
3463 717 3526 783 ἐξ
3562 716 3757 773 αὒτῶν
3788 716 3903 773 ἐκεῖ

2208 812 2483 890 τρέφεσθαι
2516 827 2532 843 ⁸
2569 814 2614 867 εί
2652 809 2705 866 δὲ
2755 810 2918 884 μόνον
2949 808 3259 867 διακόνισσά
3300 810 3454 867 ἐστιν
3527 811 3565 876 ἡ
3605 809 3903 884 βιασθεῖσα

2210 902 2297 958 καὶ
2327 902 2421 958 οὒκ
2451 900 2713 978 ἂσκήτρια
2770 900 2807 968 ἢ
2869 900 3183 981 μονᾶστρια,
3233 900 3331 967 τὴν
3386 900 3519 975 μὴν
3577 896 3906 953 δεσποτείαν

2209 993 2246 1059 ἡ
2278 989 2401 1047 κατ’
2443 989 2606 1056 αὐτὴν
2631 988 2930 1056 Ἐκκλησία
2963 986 3251 1069 λαμϐάνει,
3296 989 3435 1057 αὑτὴ
3472 987 3538 1045 δὲ
3589 990 3703 1055 τὴν
3753 991 3902 1067 γρῆ-

2211 1103 2294 1137 σιν
2328 1097 2345 1116 ⁸
2380 1081 2427 1137 οἱ
2469 1076 2525 1134 δὲ
2558 1077 2736 1143 ἄλλως
2790 1078 2925 1154 αὖτῇ
2984 1079 3373 1156 βοηθήσαντες,
3409 1079 3453 1147 ἢ
3489 1075 3903 1155 ὑπουργήσαν-

2213 1190 2324 1248 τες,
2366 1169 2403 1236 ἦ
2455 1167 2769 1239 συνειδάεεςς
2830 1168 2866 1234 ἦ
2921 1167 3332 1243 ὑποδεξάμενοι,
3440 1165 3717 1234 σπουδὴν
3753 1168 3902 1222 οἱαν-

2214 1258 2413 1330 δήποτε
2470 1257 2969 1335 συνεισαγαγόντες,
3042 1259 3184 1334 μόνῃ
3250 1263 3319 1335 τῇ
3371 1256 3615 1338 ἐσχὰἷτη
3666 1254 3906 1332 τιμωρίᾳ

2215 1349 2523 1406 ὑπόκεινται
2555 1363 2573 1381 ⁸
2635 1348 2793 1428 χώρα
2850 1345 2903 1403 δὲ
2964 1359 3082 1409 τοῖς
3137 1348 3472 1427 εἰρημένοις,
3543 1347 3654 1403 κᾶν
3704 1344 3905 1403 ἑκοῦσά

2215 1460 2294 1505 τις
2335 1439 2440 1496 τῶν
2473 1438 2766 1516 εἰρημένων
2801 1441 3069 1515 γυναικῶν
3113 1437 3423 1517 ἀμαρτηθῇ,
3461 1435 3631 1514 βιϐλ,
3664 1436 3750 1515 α’,
3803 1437 3901 1493 νίτ.

2216 1526 2289 1605 δ’,
2319 1527 2459 1588 διάτ.
2495 1526 2545 1606 γ’
2573 1544 2590 1562 ⁸
2642 1525 2739 1585 καί
2788 1526 2843 1583 ἓν
2886 1540 3010 1591 ταῖς
3039 1526 3267 1605 ἡμέραις
3301 1535 3394 1585 τοῦ
3429 1529 3657 1608 Πάσχα
3694 1528 3746 1582 οἱ
3800 1530 3905 1581 τῶν

2216 1620 2490 1697 παρθένων
2571 1616 2809 1695 ἅρπαγες
2884 1614 3225 1694 ἐγκΙείονται
3318 1618 3411 1675 καὶ
3506 1616 3898 1687 δεσμοῦνται⁶

2217 1705 2361 1785 βιϐλ.
2395 1706 2472 1787 γ’,
2504 1706 2607 1766 τίτ.
2639 1704 2745 1779 κδ’,
2777 1704 2920 1765 διάτ.
2957 1704 3031 1785 α’,
3068 1708 3095 1762 6
3129 1707 3210 1782 μὴ
3242 1706 3317 1764 ὢν
3346 1706 3718 1786 ἱλλούστριος
3764 1704 3902 1762 ἀλλᾶ

490 1800 857 1865 vinciuntur.
908 1798 1039 1861 Lib.
1065 1813 1154 1873 tn,
1180 1797 1269 1859 tit.
1297 1796 1394 1879 24,
1436 1805 1631 1859 const.
1658 1804 1717 1860 t.
1745 1796 1853 1870 Qui
1887 1797 2137 1860 illustris

2233 1798 2385 1872 μόνον
2441 1796 2844 1875 λαμπρὸτατος,
2892 1796 3146 1873 ἁρπαγὴν
3196 1797 3259 1853 Δἐν
3320 1796 3573 1877 ἐπαρχία
3636 1794 3903 1874 παρθένου

490 1910 610 1954 non
646 1899 760 1971 est,
791 1888 897 1953 sed
930 1885 1345 1951 tantummodo
1379 1886 1775 1963 clarissimus,
1811 1887 1859 1949 si
1902 1895 2139 1969 raptum

490 1981 742 2060 virginis
798 1980 859 2042 in
916 1976 1228 2061 provincia
1281 1977 1705 2041 commiserit:
1756 1976 1879 2040 illic
1910 1976 2142 2056 legibus

491 2070 868 2151 subjugatur,
901 2087 1014 2131 nec
1045 2067 1155 2130 fori
1193 2066 1648 2148 praescriptione
1679 2067 1883 2128 utitur.

578 2160 826 2224 Toxlus.
852 2156 1058 2223 Tit.4l
1077 2204 1093 2233 ,
1118 2165 1309 2219 const.
1338 2155 1530 2229 4.Qui
1554 2157 1702 2218 dicit
1722 2176 1753 2218 a
1787 2175 1959 2218 servo
1991 2175 2142 2219 uxo-

494 2270 625 2316 rem
650 2268 822 2314 suam
849 2254 1079 2330 raptam
1105 2264 1264 2322 esse,
1301 2264 1420 2308 non
1444 2245 1779 2320 dominum,
1813 2246 1917 2308 sed
1949 2246 2141 2327 ipsum

492 2346 781 2406 accusare
802 2333 1773 2413 debet.Lib.vu,tit.3,const.3.Si
1795 2353 2011 2397 servus
2031 2336 2142 2398 de-

497 2431 706 2496 tulerit
731 2429 977 2509 virgints
1001 2434 1263 2508 raptum,
1300 2435 1472 2507 pacto
1504 2434 1604 2488 aut
1658 2424 2144 2488 dissimulatione

498 2523 783 2594 celatum,
815 2518 1095 2585 libertate
1115 2515 1397 2581 donatur.
1420 2514 1552 2579 Lib.
1577 2532 1659 2591 Ix,
1687 2515 2050 2591 tit.9,const.
2086 2517 2142 2578 Ἰ.

498 2609 748 2676 Maritus
777 2608 854 2670 de
892 2606 1152 2668 violenta
1181 2605 1427 2684 virginis
1456 2607 1977 2687 constupralione,
2007 2613 2147 2669 ante

502 2696 950 2764 matrimonium
977 2695 1201 2778 [facta],
1227 2694 1340 2757 nisi
1372 2693 1523 2774 [illa]
1542 2712 1760 2776 sponsa
1782 2695 1909 2774 ejus
1930 2695 2144 2771 fuerat,

505 2788 856 2870 [actionem]
882 2803 1152 2861 movere,
1186 2791 1466 2866 tanquam
1494 2788 1766 2858 maritus,
1789 2803 1906 2845 non
1929 2792 2143 2863 potest,

503 2880 635 2960 ipsa
662 2883 860 2941 autem
905 2895 1026 2939 una
1054 2894 1190 2938 cum
1223 2873 1606 2938 curatoribus
1642 2881 1858 2936 movet.
1894 2873 2013 2937 Tit.
2053 2873 2147 2951 10,

505 2976 698 3034 const.
723 2966 851 3032 LSi
885 2968 1020 3050 quis
1045 2984 1178 3029 eam
1210 2965 1387 3045 cujus
1420 2972 1578 3026 tutor
1606 2964 1738 3039 fuit,
1769 2964 2149 3045 stupraverit,

506 3058 1138 3141 deportatur,ejusque
1168 3054 1468 3117 universae
1493 3053 1805 3116 facultates
1837 3053 2152 3135 publican-

510 3158 628 3211 tur.
661 3147 780 3212 Tit.
819 3148 919 3222 tt,
953 3154 1149 3209 const.
1181 3143 1239 3206 3.
1277 3142 1341 3207 Si
1371 3152 1542 3224 rapta
1570 3143 1755 3206 fuerit
1785 3162 2009 3225 sponsa
2052 3143 2154 3205 filii

2223 1884 2652 1963 πλημμελήσας,
2715 1884 2832 1942 ἐκεῖ
2911 1899 3030 1948 τοῖς
3090 1886 3277 1962 νόμοις
3337 1885 3757 1960 ὑποϐάλλεται,
3822 1885 3898 1961 μὴ

2222 1978 2505 2058 χρώμενος
2537 1976 2698 2057 φόρου
2745 1981 3097 2057 παραγααφῇ.

2306 2157 2419 2218 Τίτ,
2462 2153 2580 2232 μα’,
2614 2153 2751 2217 διάτ.
2799 2152 2870 2227 δ’,
2917 2157 2945 2211 6
2980 2153 3155 2233 λέγων
3189 2156 3330 2234 παρὰ
3380 2153 3588 2213 δούλου
3649 2156 3752 2224 τὴν
3796 2156 3893 2211 αὒ-

2224 2255 2317 2304 τοῦ
2356 2247 2597 2325 γαμετὴν
2629 2247 2962 2323 ἂρπαγῆναι,
2996 2245 3056 2301 οὔ
3105 2245 3200 2302 τοῦ
3253 2245 3521 2302 δεσπότου
3572 2243 3706 2302 ἀὶλ⁹
3742 2248 3898 2303 αὑτοῦ

2225 2348 2555 2415 κατηγορεῖν
2580 2332 2798 2415 ὀφείλει·
2834 2333 2981 2411 βιϐλ,
3013 2332 3059 2405 ζ’
3082 2333 3186 2397 τίτ,
3213 2334 3293 2415 γ’,
3322 2332 3465 2396 διάτ.
3501 2332 3693 2415 γ’,ὲὰν
3713 2332 3894 2396 δοῦλος

2225 2425 2578 2501 καταμηνύσῃ
2620 2424 2869 2503 ἁρπαγὴν
2915 2423 3173 2496 παρθένου
3235 2423 3528 2504 λαθοῦσαν,
3607 2424 3808 2496 πάκτῳ
3862 2421 3894 2485 ii

2227 2512 2689 2593 ἀποπροσποιῆσει
2739 2513 3100 2592 ἐλευθεροῦται
3136 2532 3149 2546 ⁸
3196 2511 3342 2591 βιϐλ,
3376 2504 3445 2587 θ’,
3484 2516 3598 2574 τίτ,
3633 2512 3716 2587 θ’,
3751 2511 3885 2569 διάτ.

2227 2602 2307 2684 ζ’,
2353 2606 2380 2660 6
2411 2604 2542 2681 ἀνὴρ
2572 2602 2631 2659 οὑ
2675 2600 2886 2660 δύναται
2931 2616 3102 2659 κινεῖν
3165 2616 3234 2668 ως
3296 2604 3430 2682 ἀνὴρ
3478 2606 3609 2683 περὶ
3644 2608 3748 2670 τῆς
3793 2602 3891 2677 πρὸ

2229 2700 2322 2750 τοῦ
2375 2693 2548 2770 γάμον
2597 2692 2771 2769 βιαίας
2826 2697 2923 2760 τῆς
2982 2692 3242 2770 παρθένου
3299 2697 3523 2774 φθορᾶς,
3576 2695 3624 2751 εἷ
3688 2693 3767 2767 μὴ
3826 2690 3885 2757 ἦν

2231 2782 2389 2840 αὑτοῦ
2430 2783 2646 2854 μνηστή
2683 2800 2699 2817 ⁸
2745 2782 2880 2849 αὕτη
2928 2779 2983 2837 δὲ
3038 2798 3181 2839 κινεῖ
3234 2783 3501 2839 συνόντων
3534 2788 3651 2839 τῶν
3691 2802 3884 2859 κουρα-

2231 2872 2418 2949 τώρων
2454 2890 2467 2904 ⁸
2502 2870 2606 2933 τίτ.
2662 2867 2697 2927 ι’
2757 2868 2899 2933 διάτ.
2944 2871 3024 2942 α’,
3082 2870 3170 2927 ἐάν
3209 2894 3291 2933 τις
3349 2876 3539 2951 φθείρῃ
3603 2872 3709 2938 τήν
3764 2866 3886 2946 παρ’

2234 2964 2392 3021 αὑτοῦ
2431 2960 2902 3040 ἐπιτροπευθετσαν
2954 2957 3422 3034 δεπορτατεύεται,
3472 2962 3568 3019 καὶ
3618 2963 3696 3024 είς
3760 2958 3884 3016 ὁλό-

2234 3052 2433 3129 κληρον
2489 3049 2773 3126 δημεύεται
2805 3066 2819 3080 ⁸
2866 3052 2970 3109 τίτ.
3023 3049 3123 3123 ια’,
3178 3049 3318 3114 διάτ,
3354 3051 3430 3129 γ’,
3464 3051 3561 3107 ἐὰν
3593 3054 3814 3130 ἁρπαγῇ
3853 3048 3883 3114 ἡ

2238 3140 2452 3217 μνηστὴ
2479 3148 2572 3199 τοῦ
2602 3142 2712 3199 υίοῦ
2740 3162 2865 3215 μου,
2900 3142 3031 3197 κινῶ
3061 3142 3152 3197 τὸν
3181 3143 3299 3219 περὶ
3329 3143 3448 3218 βίας
3481 3142 3657 3216 νόμον
3697 3156 3712 3170 ⁸
3743 3135 3882 3216 βιϐλ.

507 3237 652 3313 mei,
688 3237 882 3318 legem
919 3234 1202 3316 [Iuliam]
1227 3233 1303 3295 de
1328 3234 1383 3296 vi
1413 3233 1785 3296 moveo.Lib.
1813 3251 1895 3313 Ix,
1928 3233 2017 3297 tit.
2054 3236 2149 3308 l3,

2236 3230 2307 3307 θ’,
2356 3231 2460 3293 τίτ.
2509 3229 2606 3309 ιγ’,
2660 3228 2797 3291 διάτ,
2839 3226 2895 3318 ,α’
2929 3230 3026 3286 καὶ
3061 3231 3225 3305 μόνη,
3262 3230 3353 3287 ἐάν
3395 3252 3475 3296 τις
3538 3230 3763 3308 ἁρπάσῃ
3807 3228 3883 3282 οἳ·

508 3334 700 3390 const.
736 3331 795 3400 1,
826 3335 882 3388 et
915 3324 1114 3389 unica.
1149 3323 1213 3387 Si
1245 3323 1380 3405 quis
1426 3324 1908 3405 qualemcunque
1940 3322 2159 3385 mulie-

506 3435 665 3494 rem,
712 3418 837 3479 sive
882 3413 1203 3495 ingenuam
1240 3414 1366 3476 sive
1398 3430 1654 3487 servam,
1686 3413 1953 3494 rapuerit
1989 3436 2002 3478 :
2038 3425 2157 3475 tam

509 3507 620 3572 etsi
649 3506 766 3589 ipsi
797 3505 1101 3587 desponsa
1132 3504 1337 3581 fuerit,
1387 3502 1629 3583 capitali
1681 3505 1976 3565 sententia
2009 3522 2158 3567 con-

508 3597 828 3660 demnatus
863 3594 1213 3671 moritur,et
1244 3594 1470 3675 pariter
1499 3611 1633 3655 cum
1659 3611 1730 3655 eo
1760 3592 1863 3672 qui
1893 3593 1954 3655 in
1986 3604 2159 3674 raptu

507 3686 793 3750 auxilium
818 3683 1086 3748 tulerint.
1121 3688 1455 3766 Raptarum
1489 3691 1688 3746 autem
1715 3681 2011 3765 patribus,
2046 3682 2162 3746 fra-

508 3772 1036 3849 tribus,tutoribus
1066 3772 1159 3833 vel
1192 3769 1871 3852 curatoribus,patronis
1893 3780 1952 3832 et
1973 3769 2161 3833 domi-

509 3862 607 3925 nis
642 3862 973 3927 invasionis
1016 3868 1292 3941 tempore
1322 3862 1433 3925 hos
1481 3860 1825 3922 interﬁcere
1857 3860 2019 3924 licet.
2054 3858 2160 3923 Sin

509 3960 708 4016 autem
741 3952 874 4032 fuga
927 3950 1247 4027 evaserint,
1314 3949 1678 4030 investigarit
1708 3949 1869 4030 ipsos
1900 3948 2161 4030 Byzantii

511 4040 778 4123 praefecti
800 4040 1120 4122 [praetorio]
1146 4048 1203 4101 et
1228 4040 1546 4121 praefectus
1571 4036 1780 4117 [urbisz
1806 4040 1822 4117 ]
1844 4038 1903 4100 in
1928 4039 2163 4120 provin-

511 4131 621 4194 ciis
642 4149 780 4193 veru
802 4137 1144 4211 quicunque
1168 4126 1855 4208 magistratus,magistri
1880 4128 2157 4203 nulitum,

513 4228 573 4283 et
596 4222 780 4284 duces
812 4240 825 4280 :
887 4228 1072 4298 atque
1103 4225 1237 4300 post
1270 4217 1566 4299 [testium]
1598 4215 1967 4279 coactionem
2000 4216 2159 4281 inte-

510 4309 762 4383 rimunt,
815 4308 926 4371 fori
959 4306 1420 4391 praescriptione
1471 4316 1574 4370 aut
1623 4307 2047 4389 provocatione
2077 4307 2163 4369 uti

513 4416 638 4461 non
667 4404 986 4480 queuntes.

593 4486 662 4551 Et
702 4488 752 4550 si
782 4486 1026 4569 quidem
1052 4486 1276 4561 ancilla
1305 4487 1399 4549 vel
1453 4485 1737 4549 libertina
1761 4493 1927 4567 rapta
1957 4484 2157 4562 fuerit,

508 4558 961 4641 interficiuntur
991 4558 1321 4659 raptores:
1373 4577 1481 4639 sed
1538 4575 1763 4638 nullam
1816 4558 2228 4639 substantimo

509 4666 999 4732 imminutionem
1033 4668 1357 4731 sustinent.
1392 4666 1467 4729 At
1492 4668 1541 4727 si
1574 4672 1834 4747 ingenua
1864 4676 2032 4746 rapta
2061 4667 2159 4742 sit,

514 4776 728 4821 omnes
752 4775 850 4821 res
877 4757 1159 4839 raptoris,
1185 4759 1314 4819 δη
1349 4774 1682 4837 eorumque
1722 4757 1823 4838 qui
1847 4756 1957 4836 ipsi
1989 4756 2161 4817 auxi-

513 4846 660 4911 lium
688 4845 1077 4929 praebuerunt
1114 4845 1497 4929 applicantur
1519 4853 1729 4924 raptae:
1756 4863 1890 4926 quas
1911 4863 1985 4906 ne
2010 4864 2161 4907 con-

513 4936 816 5001 sentiente
837 4935 1080 5018 quidem
1107 4944 1272 5018 patre
1292 4935 1520 5017 raptori
1559 4953 1666 4996 suo
1685 4934 1918 4997 nubere
1945 4942 2157 5014 potest.

511 5026 803 5092 Eamdem
834 5034 1030 5088 autem
1080 5044 1316 5109 poenam
1342 5034 1400 5087 et
1423 5023 1633 5086 mortis
1664 5032 1725 5087 et
1763 5022 2159 5105 [amissionis]

512 5134 719 5181 rerum
766 5114 1098 5198 excipiunt,
1133 5116 1237 5199 qui
1286 5114 1359 5178 ad
1407 5132 1826 5196 aggressuram
1860 5121 2160 5193 raptorem

515 5203 782 5269 comitati
815 5215 978 5268 sunt.
1009 5206 1129 5268 Sed
1162 5204 1413 5287 conscii,
1448 5213 1505 5267 et
1536 5204 1818 5278 ministri,
1863 5213 1920 5266 et
1949 5221 2160 5266 susce-

515 5303 741 5379 ptores,
775 5301 833 5357 et
864 5294 968 5375 qui
1002 5294 1547 5376 quomodocunque
1592 5292 1936 5377 raptoribus
1989 5310 2163 5374 opem

516 5383 785 5460 tulerint,
824 5383 1303 5466 [utriuscunque]
1336 5393 1605 5461 sexus,et
1636 5384 2046 5465 cujuscunque
2066 5390 2166 5444 aut

513 5476 793 5546 fortuna),
827 5482 934 5536 aut
963 5474 1209 5551 gradus,
1244 5482 1345 5536 aut
1393 5474 1698 5555 dignitatis
1723 5474 1844 5537 sint
1878 5493 1893 5534 :
1930 5491 2161 5556 poenam

520 5562 939 5629 tantummodo
972 5564 1293 5645 capitalem
1340 5564 1631 5641 subeunt,
1665 5563 1894 5645 [idque]
1929 5563 2166 5625 etiamsi

522 5652 741 5720 mulier
769 5652 978 5719 volens
1028 5659 1196 5737 rapta
1230 5653 1331 5718 sit.
1376 5652 1560 5720 Plane
1587 5655 1636 5715 si
1667 5661 1947 5738 parentes
1978 5665 2169 5738 rapta

2238 3318 2505 3390 ανδήποτε
2558 3332 2790 3398 γυναῖκα
2832 3317 3025 3388 δούλην
3080 3320 3117 3388 ἢ
3157 3319 3459 3399 ελευθὲραν,
3512 3319 3617 3377 κᾶν
3653 3318 3720 3386 ἦν
3750 3318 3883 3386 αὒτῷ

2241 3408 2715 3486 μεμνηστευμένη,
2796 3408 3101 3489 κεφαλικῶς
3188 3408 3691 3485 καταδικαζόμενος
3748 3406 3881 3462 dno-

2240 3500 2484 3581 θνήσκει,
2549 3502 2638 3556 καὶ
2691 3500 2739 3555 οἱ
2783 3498 2837 3555 ἐν
2888 3501 2957 3576 τῇ
3012 3500 3230 3578 ἁρπαγῇ
3284 3500 3660 3574 βοηθήσαντες
3722 3495 3877 3566 αὑτῷ,

2239 3588 2337 3646 καῖ
2378 3603 2499 3652 τοῖς
2554 3589 2782 3669 πατράσι
2823 3596 2931 3646 τῶν
2988 3589 3332 3669 ἆρπαγεισῶν
3378 3588 3587 3663 ἔξεστι,
3643 3587 3731 3645 καὶ
3771 3595 3880 3644 τοῖς

2241 3677 2492 3757 ἀδελφοῖς
2548 3680 2637 3735 καὶ
2696 3690 2816 3744 τοῖς
2848 3676 3108 3754 κηδεμόσι
3139 3680 3228 3736 καὶ
3265 3678 3502 3756 πάτρωσι
3536 3678 3638 3736 καί
3683 3672 3871 3732 δεσπό-

2241 3791 2383 3848 ταις,
2428 3769 2483 3825 ἐν
2516 3773 2593 3842 τῷ
2634 3775 2807 3845 καιρῷ
2850 3774 2949 3835 τῆς
3010 3767 3198 3849 ἐφόδου
3252 3768 3471 3834 τούτους
3532 3767 3800 3850 φονεύειν
3839 3760 3879 3815 εί

2243 3856 2298 3915 δὲ
2346 3857 2692 3938 διαφύγωσιν,
2751 3858 3104 3928 ἂναζητοῦσιν
3151 3857 3368 3939 αὑτοὺς,
3401 3858 3453 3915 ἐν
3488 3859 3591 3934 μὲν
3626 3850 3876 3926 Βυζαντίῳ

2244 3951 2291 4005 oi
2333 3947 2574 4028 ὕπαρχοι
2605 3949 2694 4005 καὶ
2739 3950 2766 4004 6
2803 3946 3065 4029 ἔπαρχος,
3097 3947 3151 4004 ἐν
3183 3946 3239 4004 δὲ
3271 3960 3394 4012 ταῖς
3426 3948 3718 4030 ἐπαρχίαις
3749 3942 3873 4030 πάνέ

2242 4058 2329 4101 τες
2386 4039 2432 4093 oi
2489 4036 2772 4117 ἄρχοντες,
2833 4040 2920 4093 καὶ
2981 4036 3369 4118 στρατηλάται,
3405 4040 3494 4095 καὶ
3546 4037 3752 4110 δοῦκες,
3796 4029 3873 4086 δίιῖ

2243 4128 2380 4204 μετὰ
2409 4127 2658 4184 σύστασιν
2710 4127 3008 4206 ἀναιροῦσι,
3067 4129 3144 4203 μὴ
3206 4126 3525 4205 δυναμένους
3582 4122 3876 4209 χρήσασθαι

2243 4217 2404 4296 φόρου
2434 4215 2755 4296 παραγραφῇ
2785 4216 2821 4286 ἢ
2856 4215 3126 4293 ἐκκλήτῳ,

2327 4485 2426 4543 Καὶ
2465 4486 2500 4554 ἡ
2559 4483 2657 4559 μὲν
2711 4482 2874 4553 δούλη
2930 4486 2966 4552 ἦ
3024 4483 3348 4565 ἀπελευθέρα
3419 4485 3663 4565 ἁρπαγῇ,
3724 4481 3866 4537 ἀναι-

2246 4583 2455 4652 ροῦνται
2513 4575 2560 4630 οἱ
2594 4572 2856 4653 ἅρπαγες,
2888 4575 2948 4631 οὑ
2980 4577 3090 4644 μὴν
3145 4577 3233 4632 καὶ
3278 4575 3501 4652 μείωσιν
3547 4578 3645 4645 τῆς
3707 4568 3869 4629 obviat:

2244 4665 2606 4744 ὑφίστανται*
2659 4666 2704 4721 εί
2734 4662 2788 4720 δὲ
2821 4666 3040 4743 εὐγενὴς
3092 4668 3343 4745 ἡρπάγη,
3389 4666 3565 4722 πάντα
3630 4665 3688 4721 τὰ
3742 4658 3865 4738 πρά-

2245 4776 2427 4833 γματα
2478 4760 2570 4811 τοῦ
2611 4753 2951 4832 ἁρπάσαντος
3005 4756 3094 4811 καὶ
3144 4763 3250 4814 τῶν
3296 4757 3680 4833 βοηθησάντων
3716 4752 3863 4824 αὖτῷ,

2246 4846 2665 4923 προσκυροῦνται
2725 4845 2793 4920 τῇ
2830 4844 3130 4924 ἆρπαγείσῃ
3165 4861 3179 4876 ⁸
3225 4845 3348 4902 οὕτε
3407 4843 3460 4902 δὲ
3524 4847 3861 4902 τυναινοῦντοε

2246 4941 2339 4990 τοῦ
2368 4934 2593 5011 πατρὸς,
2627 4931 2870 4990 δύνανται
2915 4939 3208 5012 γαμεῖσθαι
3258 4942 3336 5011 τῷ
3382 4934 3676 5013 ἁρπάσαντι
3708 4951 3724 4969 ⁸
3778 4927 3863 4993 τὴν

2247 5023 2413 5093 αὐτὴν
2464 5021 2519 5079 ’δὲ
2570 5023 2759 5091 ποινὴν
2816 5030 2911 5081 τοῦ
2965 5026 3191 5082 θανάτου
3240 5029 3333 5083 καί
3394 5031 3501 5082 τῶν
3557 5019 3859 5103 πραγμάτων

2243 5114 2577 5195 ὑφίστανται,
2638 5115 2685 5170 οἱ
2733 5114 2865 5187 πρὸς
2921 5113 3020 5181 τὴν
3072 5113 3259 5192 ἔφοδον
3290 5113 3455 5182 αὑτῆς
3489 5111 3860 5180 ἀκολουθήσαν-

2246 5224 2333 5270 τες
2365 5221 2384 5239 ⁶
2439 5204 2487 5258 oi
2541 5200 2597 5258 δὲ
2643 5201 2944 5283 συνίστορες
3001 5204 3089 5260 καὶ
3143 5207 3191 5261 οἱ
3248 5205 3501 5283 ὑπουργοὶ
3559 5204 3653 5260 καί
3681 5202 3726 5259 οἱ
3749 5198 3858 5253 ὑπο·

2248 5293 2460 5375 δοχεῖς,
2491 5295 2580 5351 καὶ
2623 5294 2670 5350 οἱ
2729 5296 2973 5353 ὁπωσοῦν
3004 5298 3190 5359 αὒτοῐς
3223 5293 3644 5376 σπουδάσαντες,
3674 5291 3781 5352 οἵας
3806 5285 3858 5339 ἃν

2248 5386 2365 5443 εἶεν
2413 5384 2619 5464 φύσεως
2675 5387 2772 5442 καὶ
2813 5385 2992 5466 τύχης
3051 5386 3141 5442 καὶ
3196 5386 3402 5463 βαθμοῦ
3446 5386 3483 5452 ἢ
3514 5386 3680 5455 ἀξίας,
3709 5378 3856 5457 μόνην

2248 5481 2347 5543 τὴν
2405 5473 2701 5555 κεφαλιγὴν
2756 5475 3070 5554 ὑφίστανται
3121 5475 3404 5555 τιμωρίαν,
3460 5477 3504 5531 εἰ
3554 5474 3648 5533 ιιαῖ
3694 5473 3855 5527 ἑκοῦσαι

2248 5565 2284 5634 ἡ
2315 5564 2449 5643 γυνὴ
2474 5553 2695 5643 atmiis
2726 5581 2741 5598 ⁸
2790 5553 2835 5620 έῖ
2865 5561 2920 5620 δὲ
2952 5567 2999 5622 οἷ
3044 5577 3226 5642 γονεῖς
3384 5553 3713 5645 ἆρπαγείσης
3741 5553 3855 5645 dvin-

2250 5638 2493 5739 σχῶντπι
2515 5638 2613 5711 ’καὶ
2637 5638 3129 5737 ξτᾱραχωρήσουσι,
3183 5638 3658 5736 δεπορτατεύονται
3687 5668 3699 5685 ·
3745 5646 3784 5708 οί
3809 5638 3855 5699 δὲ
