4134 6200
556 368 683 450 791

1764 366 2033 430 PHOTII
2076 365 2595 429 PATRIARGHzE
2638 364 2752 431 ΟΡ.

3824 360 3929 430 79'?

571 527 714 573 num
746 509 887 570 5ιὸ
912 507 1157 570 laicum.
1186 506 1326 571 Haec
1375 515 1466 571 est
1512 508 1670 571 enim
1701 507 1894 591 prima
1924 508 2217 569 condem-

2321 528 2499 589 γνωσις
2534 509 2676 586 παρὰ
2706 521 2823 571 τοῖς
2852 508 3056 566 ἔθνεσιν
3091 524 3106 539 ⁸
3143 508 3187 563 εἰ
3220 505 3270 561 δέ
3319 526 3401 569 τις
3432 504 3524 560 ἐπὶ
3559 508 3734 581 τούτῳ
3763 534 3929 588 scopa.

575 601 736 663 natio
776 597 932 679 apud
988 608 1222 677 gentes.
1284 597 1347 661 Si
1382 597 1517 680 quis
1547 607 1745 660 autem
1782 599 1890 659 hac
1923 598 1978 659 in
2008 616 2073 659 re
2104 596 2216 660 de-

572 690 910 772 prehensus
942 687 1144 770 fuerit,
1172 688 1223 750 si
1253 688 1329 749 sit
1361 690 1606 770 quidem
1648 689 1929 762 clericus,
1960 689 2219 768 depona-

573 789 709 853 tur;
740 778 831 840 sin
855 786 1059 839 autem
1094 779 1305 855 laicus,
1341 790 1719 859 segregetur.

662 866 1199 931 Textus.Novellal
1217 870 1237 932 1
1253 872 1456 949 7,quee
1471 869 1546 931 de
1566 868 1835 949 repudiis
1857 869 2222 949 [tractat],fa-

574 958 855 1021 cultatem
881 960 1092 1021 merito
1116 958 1236 1035 dat,
1272 968 1335 1019 ut
1385 959 1433 1020 si
1461 968 1676 1039 praeter
1697 958 2060 1020 voluntatem
2091 960 2222 1039 ejus

573 1066 711 1112 cum
741 1048 880 1110 viris
910 1067 975 1112 se
1005 1066 1155 1109 uxor
1195 1049 1377 1124 lavet,
1415 1050 1525 1130 ipsi
1560 1048 1877 1128 repudium
1917 1047 2130 1123 mittat,
2165 1058 2220 1111 et

575 1141 1020 1200 matrimonium
1054 1138 1367 1212 dissolvat,
1403 1140 1661 1219 ejusque
1695 1138 1964 1199 lucretur
1994 1138 2219 1200 dotem.

656 1228 824 1293 CAP.
857 1227 1088 1290 XXXII.
1125 1264 1198 1274 —
1256 1227 1337 1290 De
1388 1228 1683 1307 episcOpis
1736 1237 1791 1289 et
1820 1227 2084 1301 clericis,
2117 1233 2226 1309 qui

576 1326 900 1382 transeunt
948 1320 1031 1381 ad
1092 1319 1317 1382 laicum
1346 1324 1598 1394 statum,
1632 1324 1741 1380 aut
1772 1318 2105 1398 dignitates
2133 1320 2223 1380 ci-

575 1408 734 1472 viles
763 1415 871 1473 aut
901 1408 1219 1472 militiam.

1019 1497 1447 1581 Apostolorum
1467 1515 1659 1560 canon
1696 1497 1796 1559 83.

657 1589 736 1654 83
777 1589 932 1671 I82].
965 1591 1324 1670 Episcopus,
1359 1588 1448 1650 vel
1511 1587 1854 1669 presbyter,
1891 1586 1981 1649 vel
2015 1585 2223 1649 diaco-

581 1699 694 1743 nus
725 1679 1016 1744 exercitui
1045 1697 1282 1755 vacans,
1321 1685 1465 1753 etc.,
1499 1684 1569 1740 ut
1595 1695 1743 1759 pag.
1774 1677 1920 1739 747.

961 1780 1222 1846 Concilii
1250 1781 1490 1845 Νἰείεηὶ
1519 1799 1716 1844 canon
1749 1780 1849 1842 12.

664 1872 909 1968 t2._gui
934 1880 1133 1936 autem
1166 1889 1199 1933 a
1231 1870 1418 1953 gratia
1449 1870 1691 1954 quidem
1722 1870 1972 1945 avocati,
2007 1876 2223 1947 etc.,ut
2248 1918 2286 1968 Β

623 1982 720 2028 aa.
756 1962 900 2028 731.

580 1982 720 2047 pag.
767 1982 1120 2116 Mléoneilii
1146 2042 1656 2115 Chalcedbnensis
1686 2067 1887 2113 canon
1914 2054 1975 2113 7.

662 2145 727 2207 7.
764 2146 883 2207 Eos
912 2140 1018 2223 qui
1049 2141 1111 2202 in
1154 2140 1319 2203 clero
1347 2139 1534 2203 semel
1577 2138 1838 2201 ordinati
1870 2146 2008 2200 sunt
2039 2146 2099 2201 et
2127 2137 2228 2200 iti-

583 2232 721 2303 dem
758 2231 1111 2304 monachos,
1148 2237 1292 2306 etc.,
1326 2237 1392 2293 ut
1420 2248 1565 2312 pag.
1601 2231 1737 2291 751.

669 2322 912 2386 Textus.
945 2320 1075 2383 Lib.
1108 2337 1151 2397 ι,
1185 2322 1323 2383 eod.
1360 2320 1518 2395 tit.3,
1554 2327 1749 2381 const.
1784 2319 1884 2382 37.
1922 2319 2093 2381 Servi
2127 2318 2228 2400 qui

581 2412 886 2475 voluntate
916 2410 1302 2475 dominorum
1338 2409 1618 2471 monachi
1666 2408 1838 2481 ﬁunt,
1890 2407 2227 2470 libertatem

585 2507 1061 2581 consequuntur.
1093 2500 1173 2563 At
1204 2498 1255 2560 si
1305 2498 1521 2560 relicto
1558 2497 1896 2577 [monachi]
1945 2497 2230 2559 exercitio

585 2592 659 2651 ad
690 2589 874 2651 alium
925 2596 1144 2650 statum
1175 2595 1510 2659 transeant,
1543 2587 1605 2646 in
1662 2586 2011 2647 servitutem
2040 2595 2231 2649 retra-

586 2680 833 2742 huntur.
861 2677 933 2740 Et
962 2677 1199 2739 constit.
1234 2677 1332 2749 52,
1396 2675 1665 2754 ejusdem
1721 2678 1811 2738 tit.
1848 2673 1907 2737 Si
1939 2676 2073 2756 quis
2098 2695 2229 2737 cum

591 2767 850 2831 clericus
866 2768 1264 2844 sit,armatam
1290 2764 1559 2826 militiam
1587 2762 1899 2837 obeat,aut
1925 2764 2103 2846 [jam]
2122 2764 2233 2826 de-

589 2861 819 2938 positus
844 2856 905 2917 iu
930 2854 1202 2917 militiam
1230 2853 2238 2926 concedat,exauctoratur,conles-

592 2949 697 3010 tim
735 2964 862 3008 suae
898 2944 1294 3018 civitatis,aut
1321 2943 1569 3005 alterius
1599 2948 1754 3004 intra
1784 2961 1962 3002 unum
1996 2943 2236 3023 provin-

590 3036 773 3111 ciam,
807 3034 859 3096 si
891 3034 1081 3115 ipsius
1126 3032 1332 3094 civitas
1386 3033 1605 3094 multos
1637 3032 2006 3094 decuriones
2036 3032 2235 3108 habet,

591 3125 841 3188 decurio
875 3125 962 3187 ﬁt.
997 3122 1165 3196 Quod
1198 3122 1247 3183 si
1280 3121 1613 3197 delitescat,
1646 3121 1835 3202 ipsius
1866 3125 2023 3183 bona
2050 3122 2234 3184 decu-

589 3216 799 3277 riones
830 3213 1117 3288 involant,
1172 3220 1230 3274 et
1278 3213 1593 3274 semissem
1626 3230 1697 3272 ex
1729 3210 2027 3273 reditibus
2058 3212 2236 3295 [jam]

590 3302 931 3366 constitutis
980 3312 1081 3364 aut
1137 3301 1412 3363 emendis
1444 3300 1825 3383 percipiunt:
1858 3302 2012 3362 alter
2041 3313 2236 3363 autem

590 3394 734 3457 514
790 3396 974 3454 semis
1027 3392 1442 3472 prwfectorum
1504 3408 1729 3451 mensae
1760 3390 2037 3452 infertur.
2072 3390 2235 3453 Idem

592 3483 772 3547 etiam
805 3481 1124 3558 monacho,
1160 3481 1264 3562 qui
1294 3480 1837 3562 quomodocunque
1868 3480 2109 3553 militat,
2139 3491 2242 3543 aut

592 3572 947 3655 dignitatem
977 3572 1249 3649 assumit,
1277 3579 1379 3634 aut
1406 3571 1711 3634 forensem
1744 3570 1921 3632 vitam
1955 3582 2235 3649 sectatur,

594 3662 919 3745 [obtinet.]
1764 3732 1767 3734 _

679 3750 1252 3833 Textus.Const.53,
1284 3749 1555 3831 ejusdem
1587 3749 1813 3815 tit.Non
1846 3750 1988 3813 licet
2020 3770 2241 3833 paren-

593 3842 756 3905 tibus
788 3852 850 3903 ut
889 3841 1223 3921 impediant
1250 3840 1573 3922 quominus
1604 3841 1780 3902 liberi
1806 3841 2075 3902 volentes
2108 3861 2241 3903 mo-

594 3931 774 3995 nachi
791 3939 892 3994 aut
914 3931 1122 3994 clerici
1143 3931 1305 3994 ﬁant:
1332 3932 1816 4011 autpropterhoc
1840 3932 2031 3993 solum
2059 3930 2242 4013 [illus]

588 4019 1131 4085 exhaeredent.Sed
1153 4021 1204 4082 si
1228 4020 1342 4101 ipsi
1361 4027 1786 4082 testamentum
1812 4021 2095 4095 condant,
2128 4039 2241 4082 ne-

596 4130 767 4174 cesse
791 4110 1037 4186 habent,
1067 4117 1129 4170 ut
1150 4110 1271 4172 illis
1297 4111 1689 4191 quadrantem
1723 4109 2066 4190 relinquant
2100 4130 2114 4169 :
2150 4110 2244 4172 sin

595 4200 1000 4273 autem,locus
1026 4199 1161 4280 [est]
1186 4199 1261 4261 ab
1285 4198 1766 4271 intestato.Quod
1800 4198 1847 4260 si
1881 4199 2028 4280 [illi]
2052 4200 2245 4262 eccle-

596 4291 717 4352 sias
768 4302 870 4351 aut
922 4288 1287 4351 monasteria
1317 4289 1687 4369 relinquant,
1723 4297 1901 4371 atque
1957 4289 2245 4351 mundani

598 4380 966 4441 ﬁantzomne
986 4378 1255 4459 ipsorum
1278 4379 1377 4458 jus
1392 4379 1466 4441 ad
1485 4380 1916 4440 monasterium
1941 4389 2038 4440 aut
2058 4381 2248 4443 eccle-

596 4469 751 4530 siam
779 4467 1239 4550 pertinet.Dicit
1258 4487 1397 4530 vero
1425 4468 1603 4531 etiam
1633 4476 1825 4530 const.
1852 4469 1909 4544 1,
1937 4469 2023 4530 tit.
2064 4471 2088 4531 1
2121 4471 2246 4532 Νο-

598 4557 923 4633 vellarum,
958 4556 1117 4639 quod
1151 4558 1278 4620 sive
1310 4557 1643 4638 presbyter,
1674 4558 1795 4619 sive
1828 4557 2250 4636 diaconus,aut

596 4648 1187 4730 hypodiaconus,aut
1208 4647 1754 4714 lectorclericalem
1772 4648 2039 4711 habitum
2064 4649 2249 4711 relin-

596 4757 806 4821 quere,
842 4748 900 4800 et
931 4737 1003 4800 ad
1056 4737 1221 4800 aliud
1272 4740 1405 4800 vita)
1437 4757 1630 4817 genus
1659 4740 1914 4800 transire
1948 4739 2202 4801 voluerit
2232 4761 2245 4802 :

597 4829 690 4893 vel
719 4848 857 4892 cum
893 4828 1071 4890 bonis
1102 4828 1310 4904 curiae,
1333 4828 1422 4889 vcl
1456 4847 1683 4909 egenus
1710 4829 2006 4890 cohortali
2042 4828 2252 4889 condi-

595 4919 748 4983 tioni
768 4918 1208 4983 ascribatur.Et
1229 4927 1426 4983 const.
1448 4918 1485 4979 2
1510 4918 1785 4998 ejusdem
1814 4919 1905 4981 tit.
1932 4918 2252 4995 Nemo,in-

597 5009 749 5090 quit,
776 5008 1292 5090 [ecclesiasticam]
1315 5027 1484 5071 suam
1509 5018 1733 5070 sortem
1761 5008 2253 5081 deserens,mun-

598 5099 794 5160 danus
826 5098 1104 5162 eilicitor.
1153 5098 1401 5179 Alioqui
1432 5097 1759 5177 dignitate,
1792 5115 1923 5178 quas
1954 5097 2103 5160 forte
2135 5098 2252 5178 ipsi

599 5185 938 5261 obvenerit,
974 5195 1076 5248 aut
1107 5187 1323 5249 militia
1365 5186 1721 5269 privabitur,
1756 5202 1814 5249 et
1844 5206 1968 5249 suae
1999 5188 2255 5250 civitatis

600 5276 782 5338 curiae
808 5275 1167 5341 tradetur.Si
1198 5295 1410 5340 servus
1442 5277 1671 5341 sciente
1710 5296 1907 5358 neque
1938 5277 2252 5340 contradi-

600 5375 777 5427 cente
792 5364 1044 5428 domino
1066 5365 1331 5429 clericus
1354 5366 1544 5430 factus
1570 5367 1753 5429 fuerit
1779 5387 1793 5429 :
1822 5367 1977 5429 liber
1996 5376 2056 5431 et
2086 5369 2256 5447 inge-

602 5471 761 5517 nuus
792 5455 878 5518 (it.
911 5455 991 5516 At
1020 5455 1070 5515 si
1120 5454 1403 5517 dominus
1456 5456 1844 5536 ignoraverit,
1894 5467 2071 5537 atque
2101 5458 2257 5519 intra

602 5563 828 5607 annum
851 5545 1153 5608 fortunam
1178 5547 1736 5626 comprobet,illum
1760 5547 2182 5629 recipit.Quod
2205 5549 2257 5611 si

601 5634 685 5697 ita
717 5632 875 5697 liber
907 5633 1206 5710 factus,ad
1235 5636 1599 5698 mundanam
1625 5642 1799 5699 vitam
1829 5647 2256 5713 transeat,tra-

600 5724 762 5789 ditur
791 5723 1118 5791 domiuoin
1141 5726 1699 5804 servitutem.Item,
1735 5728 1810 5804 si,
1845 5729 1944 5811 qui
1978 5746 2088 5811 per
2118 5748 2250 5793 mo-

2302 600 2439 678 θείη,
2473 601 2516 655 εί
2549 599 2645 673 μὲν
2674 598 2929 677 κληρεκὸς
2972 600 3087 671 εἴη,
3123 596 3497 674 καθαιρείσθω”
3554 597 3597 652 εἰ
3630 596 3685 654 δὲ
3730 596 3927 677 λα’ίκος,

2303 688 2648 769 ἀφοριζέσθω.

2382 854 2447 924 Ἥ
2495 868 2613 943 περὶ
2654 864 2941 946 ῥεπουδίων
2980 865 3157 942 Νεαρᾶ
3206 863 3336 944 ριζ’,
3398 863 3615 921 δίδωσιν
3663 865 3830 923 ἄδειαν
3869 877 3933 943 τῷ
4032 870 4035 881 “

2304 956 2468 1036 ἀνδρὶ,
2527 962 2623 1023 τῆς
2670 958 2830 1013 αἰ»τοῦ
2872 960 3115 1033 γαμετῆς
3169 953 3313 1029 παρὰ
3354 953 3586 1028 γνώμην
3623 955 3780 1011 αὒτοῦ
3821 956 3933 1012 συλ-

2304 1046 2603 1122 λουομένης
2660 1044 2898 1123 ἀνδράσι,
2971 1042 3211 1099 στέλλειν
3283 1043 3417 1117 αὒτῇ
3504 1042 3806 1121 ῥεποόδιον,
3861 1048 3935 1101 καὶ

2305 1136 2450 1193 λύειν
2478 1138 2570 1193 τὸν
2598 1136 2771 1213 γάμον
2797 1135 2894 1189 καί
2923 1131 3214 1209 κερδαίνειν
3248 1132 3339 1199 τῆς
3379 1134 3548 1198 αὔτῆς
3583 1147 3809 1211 προῖκα,

2392 1230 2642 1284 ΚΕΦΑΛ.
2702 1215 2830 1285 ΛΒ’,
2882 1257 2954 1267 --
3008 1224 3130 1299 Περὶ
3174 1222 3486 1278 ἐπισκόπων
3544 1221 3646 1277 καῖ
3693 1222 3935 1297 κληρικῶν

2307 1314 2604 1395 γινομένων
2658 1313 2868 1371 lati/.th
2943 1312 2977 1381 ἢ
3050 1311 3427 1388 ἀξιωματικῶν
3485 1312 3523 1377 ἦ
3600 1313 3937 1390 στρατευομέο

2311 1433 2437 1471 νων,

2771 1494 2831 1551 Ἀ
2841 1518 2910 1552 πο
2920 1493 3123 1551 στόλων
3151 1495 3330 1550 κανὼν
3361 1494 3456 1571 πγ⁹
3469 1540 3481 1553 .

2386 1585 2504 1667 πγ’.
2537 1586 2892 1665 Ἐπίσκοπος,
2938 1584 2973 1652 ἢ
3005 1581 3384 1661 πρεσϐύτερος,
3417 1584 3453 1653 ἢ
3482 1582 3759 1660 διάκονος,
3786 1606 3934 1663 στρα-

2306 1679 2420 1753 τείᾳ
2449 1678 2759 1758 σχολάζων,
2794 1697 2849 1737 κ.
2886 1698 2937 1738 τ,
2969 1674 3023 1734 λ.

2726 1777 2953 1837 Σσνὸδου
2981 1778 3201 1841 Νικαίας
3234 1780 3413 1835 κανὼν
3445 1779 3546 1855 ιβ’.

2392 1879 2488 1958 ιβ’.
2536 1883 2595 1938 Οἱ
2638 1878 2692 1935 δὲ
2738 1876 3161 1960 προσκληθέντες
3209 1877 3308 1952 μὲν
3379 1876 3487 1934 ἀπὸ
3553 1881 3654 1945 τῆς
3712 1877 3935 1957 χάριτος,

2308 1992 2361 2031 κ.
2396 1992 2450 2032 τ.
2486 1968 2540 2031 λ.

2666 2054 2896 2117 Συνόδοσ.)
2932 2055 3282 2125 Χαλκηδόνος
3312 2058 3496 2113 κανὼν
3527 2056 3601 2127 ζ’,

2392 2147 2463 2220 ζ’.
2498 2148 2631 2213 Τόὺς
2681 2145 2820 2212 ἅπαξ
2860 2146 2913 2203 ἐν
2964 2144 3149 2225 κλήρῳ
3199 2146 3561 2224 τεταγμένους
3597 2145 3632 2215 ἢ
3668 2145 3753 2203 καὶ
3787 2167 3937 2221 μονα-

2316 2240 2466 2307 στὰς,
2502 2259 2557 2300 κ,
2590 2261 2646 2297 τ.
2678 2236 2732 2296 λ.

2392 2325 2545 2390 Βιϐλ,
2592 2327 2645 2382 α’
2691 2333 2781 2383 τοῦ
2824 2324 2981 2399 κώδ,,
3030 2326 3134 2382 τίτ.
3199 2324 3277 2404 γ’,
3339 2325 3480 2385 διᾶτ.
3531 2324 3638 2400 λζ’,
3694 2328 3740 2381 οἱ
3781 2322 3937 2382 δοῦλοι

2312 2417 2503 2494 γνώμῃ
2554 2422 2657 2473 τῶν
2718 2413 2991 2472 δεσποτῶν
3043 2415 3366 2489 μονάζοντες
3421 2414 3854 2494 ἐλευθεροῦνταισ
3902 2415 3937 2468 εί

2314 2505 2369 2562 δὲ
2418 2504 2811 2570 καταλιπόντες
2855 2506 2953 2573 τὴν
2998 2504 3250 2579 ἄσκησιν,
3316 2505 3391 2569 είς
3446 2505 3636 2582 ἑτέραν
3692 2503 3939 2558 κατάστα-

2315 2621 2397 2654 σιν
2458 2596 2806 2670 μετέλθωσιν,
2868 2592 3277 2652 ἀναδουλοῦνται
3313 2613 3324 2626 ·
3384 2598 3478 2650 καὶ
3539 2594 3682 2656 ὀισὶτ,
3738 2593 3812 2669 νβ’
3862 2602 3936 2650 τοῦ

2316 2687 2474 2743 αὒτοῦ
2531 2686 2659 2755 τίτ,,
2707 2685 2787 2741 ὅτι
2841 2684 2931 2740 ἐάν
2981 2708 3061 2742 τις
3108 2684 3183 2742 ὢν
3214 2682 3473 2751 κληρικὸς
3511 2682 3749 2744 ἐνόπλως
3794 2703 3935 2757 στρα-

2316 2776 2592 2855 τεύσηται,
2752 2776 3076 2853 καθαιρεθεὶς
3150 2773 3383 2851 μετέλθῃ
3444 2775 3747 2851 στρατείαν,
3815 2772 3934 2827 ἀπο-

2317 2867 2680 2945 στρατεύεται,
2720 2867 2805 2921 καὶ
2853 2864 3144 2942 βουλευτὴς
3203 2870 3549 2944 παραχρῆμα
3605 2864 3803 2941 γίνεται
3852 2863 3934 2925 τῆς

2316 2954 2447 3018 ἰδίας
2479 2955 2715 3028 πόλεως,
2748 2955 2782 3023 ἢ
2815 2955 2992 3031 ἐτέρας
3042 2956 3208 3033 μέχρι
3263 2960 3389 3029 μιᾶς
3440 2955 3734 3033 ἐπαρχίας,
3777 2952 3857 3007 ἐὰν

2319 3044 2474 3108 πόλις
2507 3048 2665 3104 αὐτοῦ
2695 3044 2924 3108 πολλοὺς
2962 3044 3069 3124 ἔχῃ
3100 3044 3389 3120 βουλευτάς
3421 3059 3435 3073 ⁶
3504 3046 3549 3099 εί
3595 3044 3650 3099 δὲ
3694 3041 3935 3116 λανθάνοι,

2320 3132 2773 3209 ἐπιλαμϐάνονται
2806 3138 2853 3191 οἱ
2908 3134 3190 3210 βουλευταὶ
3230 3139 3337 3188 τῶν
3389 3134 3723 3210 πραγμάτων
3780 3132 3935 3203 αὐτοῦ,

2274 3286 2296 3302 η
2322 3227 2403 3281 καὶ
2435 3227 2495 3281 τὸ
2525 3223 2625 3300 μὲν
2658 3222 2824 3297 ἥμισυ
2855 3224 2909 3281 ἐν
2946 3222 3187 3301 προσόδῳ
3220 3221 3351 3299 οῧσῃ
3406 3223 3440 3290 ἢ
3488 3222 3769 3298 ὠνουμένη
3821 3219 3939 3290 λαμ·

2259 3294 2297 3337 ι’
2321 3315 2561 3391 ϐάνουσι,
2596 3317 2655 3371 τὸ
2686 3314 2739 3371 δὲ
2772 3313 2942 3391 ἥμισυ
2975 3321 3043 3391 τῇ
3101 3314 3340 3393 τραπέζῃ
3385 3316 3492 3370 τῶν
3541 3314 3795 3394 ὑπάρχων
3845 3311 3939 3364 εἰσο

2320 3407 2593 3480 κομίζεται
2629 3421 2644 3436 ⁸
2735 3407 2797 3461 τὸ
2864 3407 2990 3460 atst
3090 3404 3177 3461 καὶ
3248 3406 3336 3460 επὶ
3408 3414 3662 3484 μοναχοῦ
3729 3404 3940 3457 ὁπωσοῦν

2320 3494 2736 3573 στράτευομένου
2795 3494 2832 3561 ἧ
2875 3492 3244 3568 λαμϐάνοντος
3291 3492 3460 3568 ἀξίαν,
3496 3493 3534 3562 ἢ
3595 3495 3684 3549 τὸν
3732 3490 3782 3545 ἐν
3810 3487 3939 3543 δίκα-

2320 3585 2555 3663 στηρίοις
2586 3585 2700 3660 βίον
2738 3580 2972 3660 μεταδιώ
2985 3603 3190 3648 ⁴ιοντος.

2409 3763 2562 3825 Διάτ.
2597 3760 2680 3841 νγ’
2709 3769 2802 3820 τοι)
2843 3762 3003 3818 αὒτοῦ
3049 3762 3180 3836 τίτ.,
3236 3760 3331 3818 οὒκ
3392 3759 3562 3826 ἔξεστι
3603 3774 3718 3820 τοῖς
3760 3762 3936 3832 γονεῦτι

2325 3853 2681 3930 βουλομένους
2751 3853 2874 3915 τοὺς
2941 3848 3140 3915 παῖδας
3216 3851 3444 3926 μονᾶσαι
3502 3852 3538 3919 ἢ
3625 3848 3934 3924 κλιιρωθήνιι

2326 3943 2574 4013 κωλύειν,
2662 3940 2781 3998 οὔτε
2865 3939 2954 3997 δια
3036 3944 3191 3997 τοῦτο
3265 3942 3426 4015 μόνον
3492 3936 3934 4015 ἂποκληρονόμως

2325 4044 2504 4087 ποιεῖν
2538 4047 2551 4061 ’
2601 4030 2721 4086 ἀλλ’
2781 4032 2825 4087 εί
2883 4031 2981 4107 μὲν
3040 4032 3106 4087 τα
3165 4030 3277 4086 καθ’
3329 4031 3548 4093 ἑαυτοὺς
3610 4028 3935 4097 But-imum,

2326 4120 2565 4197 ἀνάγκην
2620 4120 2809 4201 ἔχουσι
2854 4134 3001 4198 τρεῗς
3046 4121 3232 4197 ὀγκίας
3286 4119 3376 4192 ἐᾷν
3420 4120 3613 4179 αὐτοῖς
3650 4139 3663 4153 '
3699 4118 3738 4172 εἷ
3776 4111 3826 4201 δὲ
3873 4108 3934 4201 μὴ

2326 4199 2737 4290 διατυπώσοοσι,
2799 4211 2957 4290 χώρα
3014 4223 3132 4274 τοῖς
3204 4209 3254 4275 ἐξ
3314 4207 3592 4265 ἁδιαθέτου
3626 4252 3638 4267 .
3696 4210 3738 4261 εί
3786 4200 3835 4257 δὲ
3859 4199 3933 4258 τὶς

2327 4298 2652 4366 Ἐκκλησίας
2695 4301 2730 4367 ἢ
2759 4302 2825 4356 τα
2866 4300 3202 4375 μοναστήρια
3258 4297 3623 4375 καταλίπωσι,
3656 4297 3740 4354 καὶ
3770 4310 3935 4363 κοσμι-

2326 4390 2411 4445 κοὶ
2441 4388 2722 4468 γένωνται,
2768 4390 2938 4446 πάννα
2992 4390 3059 4445 τα
3111 4387 3287 4445 δίκαια
3318 4389 3491 4444 αὐτῶν
3518 4394 3599 4463 τῷ
3630 4377 3937 4462 μονασττιρίφ

2326 4479 2421 4535 καῖ
2454 4483 2522 4553 τῇ
2555 4478 2849 4551 Ἐκκλησία
2880 4476 3115 4557 διαφέρει
3152 4496 3164 4509 ·
3196 4478 3341 4556 λέγει
3374 4477 3429 4532 δὲ
3462 4478 3553 4533 καί
3583 4481 3616 4547 ἡ
3648 4475 3698 4531 α’
3727 4472 3938 4531 ὃιέτ.του

2330 4565 2380 4624 α’
2423 4568 2529 4630 τίτ.
2561 4569 2669 4624 τῦν
2701 4571 2940 4647 Νεαρών,
2968 4567 3048 4623 ὅτι
3080 4565 3195 4624 εἴτε
3230 4565 3606 4647 πρεσϐύτερος,
3642 4565 3748 4622 εἴτε
3779 4558 3935 4615 διάκο-

2272 4656 2443 4731 Βνος,
2489 4656 2525 4725 ἢ
2583 4655 2955 4725 ὒποδιάκονος,
3112 4657 3485 4735 ἀναγνώστης,
3536 4656 3814 4714 ἀπολιπεῖν
3841 4647 3938 4723 βον-

2334 4745 2474 4822 ληθῇ
2530 4749 2590 4802 τὸ
2631 4747 2824 4827 σχῆμα
2866 4756 2959 4805 τοῦ
3032 4747 3315 4823 κληρικοῦ,
3360 4746 3455 4803 καὶ
3522 4750 3596 4811 εἷς
3643 4745 3810 4819 ἕτερον
3846 4737 3938 4827 βίοξ

2337 4819 2639 4912 μετελθεῖν,
2754 4819 2761 4822 1
2786 4840 2861 4902 εἷς
2910 4819 3309 4914 βουλευτηριονή
3353 4838 3488 4909 μετα
3539 4842 3637 4903 τῆς
3682 4827 3871 4899 οὖσίας,

2338 4926 2534 5000 ἄπορος
2579 4926 2653 4983 ὢν
2692 4929 2764 4982 εἰς
2803 4926 3129 4995 ταξεωτικὴν
3180 4928 3587 5007 καταχθήσεται
3633 4925 3796 5003 τύχην
3826 4932 3838 4945 ⁸
3870 4909 3939 4964 λπὶ

2333 5017 2369 5084 ἡ
2411 5015 2462 5093 β’
2521 5013 2658 5075 διάτ.
2721 5023 2814 5074 τοῦ
2871 5021 3030 5075 αὖτοῦ
3073 5017 3178 5079 τίτ,
3213 5019 3368 5096 φησὶ,
3403 5014 3590 5091 μηδεὶς
3638 5017 3725 5071 τὸν
3766 5009 3939 5096 οἰκεῖον

2333 5103 2535 5181 κλῆρον
2567 5105 2691 5179 ἐῶν,
2726 5105 2953 5184 γινέσθω
3002 5107 3289 5186 κοσμικὸς,
3338 5105 3461 5162 ἐπεὶ
3491 5107 3576 5163 καὶ
3605 5109 3697 5169 τῆς
3727 5102 3792 5160 ὡς
3820 5090 3935 5192 εἶκδξ

2334 5195 2639 5272 προσούσης
2701 5196 2844 5269 αὒτῷ
2915 5194 3062 5261 ἀξίας
3124 5196 3159 5262 ἢ
3214 5197 3493 5273 στρατείας
3552 5198 3939 5273 arserunt!“

2333 5289 2403 5360 τῇ
2443 5286 2613 5362 βουλ
2645 5284 2742 5352 τῆς
2772 5284 2904 5349 ἶδίας
2936 5284 3146 5348 πόλεως
3198 5282 3503 5342 ἀποδίδοται
3539 5304 3551 5317 ·
3602 5283 3687 5339 καὶ
3715 5279 3797 5335 ἐὰν
3834 5268 3935 5362 ξοῦο

2336 5369 2429 5437 λος
2475 5372 2673 5439 εἰδότος
2724 5375 2811 5430 καὶ
2865 5374 2943 5449 μὴ
2999 5372 3374 5451 ἀντιλέγοντος
3421 5380 3516 5430 τοῦ
3545 5367 3791 5429 δεσπότου
3818 5357 3935 5451 {Mf

2338 5465 2504 5541 ρωθῇ,
2550 5461 2823 5536 ἒλεύθερος
2866 5443 2959 5519 καὶ
3003 5443 3220 5539 εὖγενὴς
3275 5464 3477 5540 γίνεται
3514 5484 3529 5501 .
3592 5463 3785 5541 ἀγνοῶν
3822 5448 3867 5541 at:
3914 5443 3936 5496 ὁ

2341 5553 2641 5626 Δεσπότης,
2701 5552 2837 5608 εἴσω
2895 5553 3011 5616 ἑνὸς
3081 5552 3324 5611 ἐνιαυτοῦ
3382 5554 3482 5620 τὴν
3537 5553 3709 5632 τύχην
3751 5537 3936 5600 ἀποδει-

2337 5644 2485 5718 κνὺς,
2546 5640 2810 5719 λαμϐάνει
2865 5643 3025 5701 αὒτόν
3056 5660 3073 5677 ⁶
3132 5645 3160 5699 ὁ
3203 5641 3256 5699 δὲ
3290 5642 3456 5708 οὕτως
3515 5633 3933 5723 ἐλευθερούμενοὲὶ

2337 5731 2430 5791 ἐὰν
2486 5734 2559 5796 εἷς
2631 5733 2895 5810 κοσμικδν
2946 5734 3059 5813 βίον
3126 5732 3398 5813 μετέλθοι,
3486 5727 3811 5814 παραδίδοται
3874 5735 3938 5789 τεν
