4134 6200
493 285 616 364 795

781 448 1045 517 Concilil
1071 451 1434 519 (acumenlci
1463 470 1527 517 vr
1552 470 1755 518 canon
1782 453 1848 518 9.

576 538 637 606 9.
666 539 828 606 Nulli
858 542 1043 606 licere
1073 544 1293 607 clerico
1327 544 1754 627 cauponariam
1785 540 2012 607 habere
2045 549 2134 607 ta-

501 625 778 706 bernam,
813 641 957 707 etc.,
992 639 1057 697 ut
1075 652 1226 715 pug.
1262 634 1403 698 750.

581 720 828 786 Tenus.
860 723 1065 787 Const.
1113 727 1212 801 14,
1247 725 1315 786 tit
1346 741 1365 788 1
1415 721 1798 786 Novellarum
1834 723 1938 794 ait,
1973 722 2137 802 quod
2232 734 2233 737 ‘

1684 303 1955 375 PHOTII
1998 306 2518 375 PATRIARCHE
2558 308 2673 376 GP.

3763 311 3875 383 796

2161 460 2202 511 Α
2323 466 2327 470 ’
2486 454 2714 516 Συνόδου
2746 444 3125 536 οἱκουμενικης
3152 456 3316 529 ἕκτης
3339 458 3512 521 κανὼν
3541 456 3619 521 θ’.

2298 547 2372 611 θ’.
2408 547 2607 617 Μηδενὶ
2637 547 2835 617 ἐξεῖναι
2880 550 3123 630 κληρικῷ
3173 553 3478 622 καπηλικὸν
3526 550 3686 636 ἔχειν
3716 553 3879 635 ἔργα·

2220 640 2467 718 στήριον,
2504 664 2557 704 ιι,
2592 663 2644 702 τ.
2676 639 2731 704 λ.

2301 720 2367 787 Ἠ
2400 727 2468 786 ιδ’
2522 728 2663 789 διάτ.
2722 738 2817 788 τοῦ
2877 731 2931 789 α’
2988 733 3236 809 τίτ.,;τῶν
3272 738 3489 813 Νεαρῶν
3522 733 3722 812 φησὶν,
3773 732 3875 811 ὅτι,

497 811 856 874 monachum
916 812 979 875 in
1033 831 1307 896 caupona
1353 821 1813 878 conversantem
1861 813 2116 894 castigar

2209 820 2312 888 ,τὸν
2363 821 2611 901 μοναχὸν
2682 820 3148 902 ἀναστρεφόμενον
3206 822 3261 879 ἐν
3321 811 3611 898 καέτηλεῖῳ
3651 811 3740 881 δεῖ
3768 846 3876 881 σω-

496 908 791 983 oporteat,
821 902 882 965 in
909 904 1234 985 provinciis
1265 905 1507 987 quidem
1540 923 1573 967 a
1596 904 1901 968 civitatum
1932 903 2137 967 defen-

492 990 754 1065 soribus,
823 992 1339 1078 Constantinopoli
1417 1012 1562 1056 vero
1620 1012 1656 1056 a
1717 997 2133 1075 praetoriorum

494 1083 775 1163 praefecto
806 1101 820 1147 :
851 1092 910 1147 et
936 1103 971 1146 a
997 1086 1138 1147 3W
1180 1084 1678 1147 monasteriorum
1723 1083 1990 1146 antistite
2018 1102 2131 1147 ex-

491 1172 659 1254 pelli.
692 1172 882 1255 [Tunc
940 1174 1119 1238 etiam
1179 1175 1353 1254 hanc]
1406 1172 1876 1256 legem_ubique
1904 1174 2129 1249 valere,

491 1280 746 1345 eamque
789 1264 1222 1328 observandam
1272 1265 1586 1347 praefectos
1641 1273 1820 1347 atque
1850 1265 2135 1346 praesides

491 1371 703 1416 curare
736 1353 1043 1438 [debere].

570 1442 739 1508 CAP.
773 1444 1031 1510 XXXVI.
1066 1481 1137 1493 —
1171 1447 1256 1508 De
1280 1444 1514 1508 clericis
1560 1444 2019 1511 contumeliosis
2064 1450 2131 1509 in

485 1531 939 1615 imperatorem,
974 1542 1081 1600 aut
1122 1538 1498 1617 episcopum,
1535 1543 1643 1598 aut
1671 1537 2128 1617 magistratum,

484 1632 593 1686 aut
617 1625 1070 1706 presbyterum.

741 1716 1168 1796 Apostolorum
1200 1732 1464 1779 canones
1494 1715 1594 1790 55,
1629 1714 1732 1796 56,
1766 1715 1867 1781 84.

2219 909 2574 990 φρονίζεσθαι,
2631 911 2689 967 ιν
2755 911 2855 985 μὲν
2898 926 3022 979 ταῖς
3065 911 3357 993 ἆπαρχίαις
3400 912 3550 990 παρὰ
3610 911 3722 969 τῶν
3782 912 3874 969 ὲκ-

2216 996 2399 1080 δίκων,
2459 1001 2516 1056 iv
2573 997 2626 1056 δὲ
2690 1000 3249 1062 Κωνσταντινουπόλει
3294 1003 3438 1082 παρὰ
3479 1007 3585 1059 τοῦ
3631 1001 3874 1083 ἐπάρχου
3906 1004 3917 1015 ’

2213 1092 2321 1143 τῶν
2409 1090 2772 1168 πραιτωρίων,
2856 1088 3217 1166 ἐξωθούμενον
3300 1098 3406 1148 τῶν
3483 1094 3873 1169 μοναστηρίων

2216 1178 2359 1257 παρὰ
2409 1179 2515 1237 τῶν
2589 1178 2902 1257 ἡγουμένων
2935 1195 2951 1213 ⁸
3024 1180 3309 1264 πανταχοῦ
3364 1177 3419 1238 δὲ
3472 1196 3682 1260 κρατεῖ
3723 1182 3750 1237 6
3793 1180 3877 1238 νόε

2214 1289 2318 1342 μος
2355 1284 2368 1299 ·
2429 1268 2518 1327 καὶ
2577 1275 2861 1345 προνοοῦσι
2920 1275 3020 1338 τῆς
3060 1269 3302 1350 φυλακῆς
3347 1272 3508 1330 αὐτοῦ
3554 1271 3607 1327 οἱ
3638 1264 3874 1352 ὕπαρχοι

2212 1357 2302 1431 καὶ
2331 1360 2378 1414 οἱ
2414 1352 2674 1440 ἄρχοντες
2686 1404 2698 1417 .
2958 1354 2967 1361 δ
3208 1418 3215 1423 .

2300 1454 2552 1507 ΚΕΦΑΛ.
2628 1447 2782 1525 Ag".
2842 1483 2920 1495 —
2992 1452 3118 1531 Περὶ
3201 1449 3474 1527 κληρικῶν
3552 1448 3873 1530 ὄϐριζόντων

2214 1535 2440 1613 βασιλέα
2519 1536 2553 1607 ἤ
2636 1536 2956 1617 ἐπίσκοπον,
3043 1540 3077 1608 ἤ
3136 1540 3400 1622 ἄρχοντα,
3472 1539 3509 1608 ἦ
3573 1537 3872 1616 πρεσϐύτε-

2214 1648 2328 1707 ρονο

2537 1717 2886 1777 Ἀποστόλων
2913 1720 3087 1777 κανὼν
3118 1718 3217 1795 νε’,
3254 1720 3385 1795 νς⁹’,
3422 1718 3538 1781 τπδ’.

493 1848 498 1859 .
564 1803 640 1868 55
674 1804 833 1888 [54].
868 1804 929 1870 Si
977 1807 1111 1887 quis
1142 1805 1397 1867 clericus
1427 1805 1779 1886 episcopum
1814 1812 2118 1869 contume-

2296 1805 2405 1869 νε’.
2480 1806 2546 1866 Ei
2590 1831 2670 1872 τις
2717 1808 2975 1887 κληρικὸς
3016 1808 3214 1885 ὒόρὲσει
3258 1811 3349 1866 τὸν
3383 1809 3709 1883 ἐπίσκοπον,
3742 1812 3868 1866 καθ-

481 1889 565 1955 lia
594 1894 891 1971 aﬂ'ecerit,
951 1895 1317 1974 deponatur.
1374 1895 1652 1976 Principi
1709 1898 1873 1959 enim
1922 1895 2132 1977 populi

490 1985 580 2046 tui
609 2002 730 2046 non
759 1983 1101 2049 malediccs.

466 2131 482 2137 _
565 2073 644 2135 56
676 2074 837 2156 [55].
874 2076 936 2138 Si
968 2074 1101 2155 quis
1134 2074 1392 2137 clericus
1422 2073 1832 2156 presbyterum
1878 2075 1967 2139 vel
2001 2076 2126 2139 dia-

485 2180 701 2225 conum
734 2164 955 2246 injuria
983 2166 1276 2246 aﬂ‘ecerit,
1311 2174 1678 2245 segregetur.

561 2253 638 2317 84
671 2252 816 2337 [‘33].
853 2255 1133 2337 Quisquis
1164 2274 1394 2333 regem,
1425 2265 1569 2331 etc.,
1602 2261 1669 2319 ut
1694 2273 1837 2337 pag.
1864 2256 2012 2320 739.

859 2346 944 2408 De
978 2345 1191 2409 Photio
1216 2345 1435 2426 synodi
1461 2362 1654 2409 canon
1687 2346 1747 2408 3.

560 2431 620 2497 3.
654 2431 715 2496 Si
748 2432 883 2515 quis
938 2433 1123 2498 laicus
1180 2434 1382 2496 divina
1431 2453 1499 2497 ac
1530 2435 1696 2513 regia
1726 2445 2122 2501 contemnens

477 2521 779 2604 mandata,
816 2524 1283 2603 tremendasque
1331 2524 1791 2587 constitutiones
1851 2534 1910 2588 et
1959 2527 2122 2607 leges

475 2610 760 2675 Ecclesiae
814 2623 1230 2687 contemnens,
1280 2614 1518 2693 propria
1564 2614 1916 2677 auctoritate
1945 2634 2125 2680 ausus

474 2699 651 2765 fuerit
687 2701 1034 2783 episcopum
1068 2703 1389 2765 verberare
1419 2710 1517 2765 aut
1544 2703 1606 2764 in
1641 2721 1944 2766 carcerem
1972 2725 2121 2767 con-

469 2790 685 2869 jicere,
718 2791 808 2853 vel
838 2792 969 2854 sine
1006 2810 1204 2870 causa,
1238 2791 1328 2853 vel
1377 2793 1514 2855 ficta
1564 2811 1769 2875 causa,
1803 2794 2125 2858 anathema

474 2889 627 2946 esto.

544 2969 881 3036 TextusDe
903 2971 1145 3033 clericis
1166 2972 1537 3034 contumelia
1559 2972 1961 3036 efﬁcientibus
1983 2975 2119 3037 civi-

472 3059 650 3123 lislex
672 3061 1016 3142 specialiter
1031 3061 1175 3123 nihil
1201 3061 1595 3125 tractat.Dicit
1617 3070 1812 3125 autem
1839 3069 1899 3126 in
1919 3064 2115 3141 lib.t‘t,

2216 1899 2461 1976 αιρείσθω
2495 1915 2509 1930 '
2559 1897 2982 1980 ’Apxovt1_76p
3035 1906 3128 1957 τοῦ
3188 1899 3321 1957 λαοῦ
3397 1920 3494 1956 σου
3573 1899 3676 1956 όῦκ
3728 1898 3868 1978 ἐρεῖς

2215 2008 2417 2051 κακως.

2291 2075 2423 2152 Vg".
2460 2077 2527 2136 Εἴ
2556 2100 2639 2144 τις
2668 2079 2927 2160 κληρικὸς
2988 2079 3183 2159 ὃϐρίσει
3216 2077 3579 2159 πρεσϐύτερον
3610 2078 3647 2149 ἦ
3678 2077 3862 2136 διάκο-

2210 2188 2322 2243 νον,
2355 2168 2707 2246 ἆφοριζὲσθω,

2287 2255 2399 2320 πδ’,
2430 2258 2618 2324 ’Ὅστις
2648 2258 2848 2332 ὺόρίσει
2874 2258 3123 2339 βασιλέα,
3156 2282 3212 2320 κ.
3246 2282 3297 2319 τ.
3333 2258 3386 2320 λ.

2504 2354 2613 2416 Τῆς
2647 2348 2734 2406 ἐπὶ
2763 2350 2957 2426 Φωτίῳ
3000 2347 3217 2409 συνόδου
3262 2351 3437 2407 κανὼν
3468 2349 3551 2428 γ’,

2286 2436 2362 2514 γ’.
2400 2436 2466 2495 Εἴ
2496 2460 2576 2501 τις
2610 2444 2716 2494 τῶν
2747 2437 2956 2496 λαῖκῶν
2999 2440 3348 2520 αὐθεντήσας,
3384 2441 3471 2497 καὶ
3503 2438 3848 2518 καταφρονή-

2205 2546 2299 2588 σας
2330 2529 2428 2598 μὲν
2457 2533 2564 2584 τῶν
2592 2529 2746 2585 θεὲων
2798 2530 2888 2586 καὶ
2929 2528 3224 2607 βασιλικῶν
3267 2530 3727 2608 προσταγμάτων,
3762 2548 3851 2583 και

2205 2614 2508 2694 ταγελάσας
2590 2615 2645 2674 δὲ
2718 2620 2804 2675 καὶ
2861 2626 2967 2675 τῶν
3054 2625 3286 2699 φρικτῶν
3359 2625 3459 2687 τῆς
3526 2616 3848 2684 Ἐκκλησία(

2202 2708 2414 2780 θεσμῶν
2468 2729 2525 2765 τε
2589 2710 2678 2765 καὶ
2723 2709 2924 2785 νόμων,
2988 2709 3312 2784 τολμήσειεν
3372 2709 3676 2767 ἐπισκοπόν
3736 2726 3845 2762 τινα

2205 2796 2391 2877 τύψαι,
2447 2796 2481 2865 ἦ
2536 2797 2847 2880 φιλακίσιι,
2909 2800 2945 2868 ἦ
2997 2800 3177 2881 χωρῖς
3238 2802 3434 2881 αἰτίας,
3478 2799 3516 2868 ἦ
3576 2800 3667 2855 καὶ
3709 2819 3844 2873 συμ-

2201 2885 2545 2961 πλασάμενος
2583 2890 2779 2963 αἰτίαν,
2813 2892 2839 2945 6
2876 2892 3111 2954 τοιοῦτος
3143 2889 3380 2963 ἀνάθεμα
3412 2889 3582 2947 ἔστω.

2284 2974 2487 3043 Ἰδικῶς
2527 2977 2627 3054 μὲν
2686 2980 2772 3035 καὶ
2817 2981 2935 3058 περὶ
2980 2978 3252 3057 κληρικῶν
3295 2977 3614 3056 ὑϐριζόντων
3673 2981 3700 3035 6
3743 3000 3839 3035 πο·

2198 3063 2402 3130 λιτικὸς
2436 3070 2599 3144 νόμος
2646 3071 2706 3125 οὒ
2758 3067 3108 3145 διαλαμϐάνει
3145 3088 3159 3101 ·
3212 3067 3357 3148 λέγει
3398 3068 3453 3125 δὲ
3485 3068 3636 3146 βιϐλ,
3667 3065 3713 3126 θ’
3757 3065 3845 3125 τοῖ’»

474 3150 610 3212 cod.
644 3150 734 3215 tit.
765 3152 827 3225 7,
863 3150 1105 3212 constit.
1142 3167 1185 3225 ι,
1222 3169 1423 3231 eaque
1472 3152 1837 3233 unica,qnod
1867 3155 1965 3235 qui
1998 3154 2115 3215 im-

2209 3154 2358 3236 ιιώδ,,
2396 3158 2497 3215 νίτ.
2530 3156 2603 3230 ζ’,
2656 3157 2794 3217 διάτ.
2848 3158 2904 3215 α’
2943 3160 3029 3217 καὶ
3076 3157 3243 3239 μόνη,
3289 3159 3371 3215 ὅτι
3417 3161 3444 3215 6
3486 3162 3581 3216 τὸν
3626 3156 3839 3235 βασιλέα

474 3248 810 3320 peratorem
845 3240 1130 3302 conviciis
1160 3240 1499 3316 incesserit,
1534 3260 1653 3303 non
1680 3243 1979 3327 puniatur,
2014 3263 2115 3307 ne-
2156 3304 2157 3307 η

474 3347 592 3411 que
620 3330 834 3392 durum
870 3330 1095 3413 aliquid
1160 3349 1271 3393 nec
1326 3349 1604 3413 asperum
1645 3333 1962 3399 sustineat.
1996 3338 2116 3398 Aut

476 3424 634 3480 enim
670 3419 911 3502 [inquit]
941 3438 1010 3482 ex
1059 3419 1304 3482 levitate
1359 3421 1529 3498 dixit,
1563 3429 1620 3483 et
1654 3423 2064 3486 contemnitur
2097 3442 2110 3484 :

474 3515 574 3570 aut
604 3528 678 3573 ex
708 3509 1028 3585 insania,et
1053 3510 1437 3573 miseratione
1458 3510 1676 3590 dignus
1700 3512 1991 3577 habetur:
2016 3523 2115 3576 aut

475 3607 756 3680 tanquam
793 3599 1072 3681 injuriam
1109 3606 1341 3680 passus,
1387 3608 1445 3661 et
1487 3600 1883 3666 contionatur.
1920 3601 2114 3686 [Eam]

472 3695 670 3751 autem
696 3690 862 3769 Irem]
889 3690 960 3752 ad
1008 3689 1435 3770 imperatorem
1487 3689 1722 3766 referri,
1758 3710 2015 3773 eumque
2046 3712 2116 3756 ex

472 3778 753 3859 qualitate
774 3797 1046 3859 personae
1056 3779 1355 3860 judicare,
1384 3779 1637 3844 veniane
1660 3781 1982 3860 dignanula,
2017 3791 2117 3844 aut

469 3885 608 3930 vero
643 3869 945 3949 punienda
977 3869 1075 3933 sit.
1110 3871 1259 3933 Nam
1292 3869 1514 3934 dicitur
1554 3866 1735 3933 etiam
1770 3871 1873 3934 lib.
1910 3888 2111 3948 vam,

470 3956 641 4039 tit.4,
670 3959 883 4038 digest.
921 3958 1232 4039 7,judices
1255 3959 1609 4041 principalis
1629 3961 2000 4043 [majestatis]
2020 3980 2116 4024 ve-

466 4047 780 4109 neratione
792 4048 954 4109 abuti
971 4066 1090 4109 non
1106 4047 1459 4116 debere,sed
1483 4047 1791 4111 veritatem
1812 4060 2108 4131 spectare,

467 4155 542 4198 an
570 4136 897 4218 [videlicet]
922 4139 1059 4198 518
1087 4157 1342 4220 persona
1366 4139 1484 4217 [illa
1507 4139 1583 4218 id]
1606 4139 1802 4202 facere
1825 4141 2106 4220 potuerit,

461 4236 524 4289 et
553 4245 630 4289 an
664 4235 805 4288 ante
833 4227 1066 4300 fecerit,
1103 4236 1162 4289 et
1219 4246 1295 4289 an
1352 4228 1720 4307 cogitaverit,
1755 4237 1813 4289 et
1843 4248 1917 4292 an
1950 4247 2110 4291 sanas

462 4315 681 4377 mentis
714 4315 1130 4398 fuerit.Neque
1160 4317 1320 4378 enim
1355 4317 1530 4381 facile
1561 4318 1865 4397 garrulum
1909 4320 2107 4401 puniri

461 4402 685 4466 debere
709 4404 823 4466 nisi
846 4406 892 4466 si
919 4406 1034 4468 tale
1051 4406 1336 4469 delictum
1361 4409 1625 4488 sit,quoll
1656 4426 1725 4471 ex
1750 4418 1915 4472 certa
1948 4411 2100 4491 lege,

2197 3244 2421 3323 ὑϐρίζων
2478 3249 2539 3305 οὗ
2598 3262 2938 3326 τιμωρεῖται,
3001 3248 3120 3307 οὔτε
3180 3271 3231 3305 τι
3316 3247 3555 3327 σκληρὸν
3614 3247 3650 3315 ἤ
3705 3245 3838 3325 ταχὺ

2196 3335 2452 3410 ὑπομένει
2488 3353 2501 3367 ·
2548 3336 2583 3405 ἤ
2630 3339 2726 3416 γὰρ
2762 3341 2870 3395 ἀπὸ
2927 3338 3263 3419 κουφότητος
3320 3339 3474 3418 εἶπε,
3541 3340 3631 3394 καὶ
3687 3357 3835 3411 περι-

2197 3440 2471 3505 φρονετται
2506 3442 2520 3458 ⁸
2576 3428 2612 3494 ἦ
2643 3426 2695 3494 ἐξ
2754 3427 2960 3509 ἀνοίας,
3006 3429 3096 3485 καὶ
3140 3426 3376 3485 ἑλεετται
3412 3447 3426 3461 ⁸
3455 3428 3491 3495 ἧ
3523 3430 3597 3493 ὡς
3627 3424 3833 3483 ἀδικού-

2198 3534 2383 3590 μενος,
2419 3516 2504 3573 ιιαὶ
2556 3530 2927 3598 συγχωρεϊται
2964 3537 2979 3553 ⁸
3026 3517 3344 3596 ἀναφέρεται
3394 3514 3449 3573 δὲ
3505 3524 3587 3593 τῷ
3627 3512 3833 3594 βασιλεῖ

2198 3608 2285 3661 καὶ
2346 3608 2503 3671 αὖτὸς
2566 3606 2625 3663 ἐκ
2680 3607 2776 3675 τῆς
2838 3606 3128 3673 ποιότητος
3181 3629 3275 3664 του
3346 3606 3643 3677 προσώπου
3674 3614 3834 3683 ιιρινετ

2199 3694 2243 3749 εἰ
2292 3694 2491 3774 ὀφείλει
2549 3701 2973 3776 συγχωρηθῆναι
3041 3697 3077 3764 ἧ
3143 3700 3564 3773 τιμωρηθῆναι·
3626 3695 3829 3773 εἴρηται

2198 3784 2298 3862 γὰρ
2343 3786 2431 3841 καὶ
2473 3784 2622 3863 βιϐλ.
2660 3783 2788 3865 μη’,
2823 3787 2926 3848 τίτ,
2976 3783 3045 3859 δ’,
3101 3784 3211 3864 δίγ.
3258 3782 3332 3867 ζ’,
3364 3784 3446 3842 ὅτι
3482 3786 3545 3843 οὗ
3574 3789 3686 3865 χρὴ
3714 3783 3829 3843 τοὺς

2197 3871 2449 3933 δικαστὰς
2501 3875 2909 3956 ἀποκεχρῆσθαι
2953 3878 3023 3953 τῇ
3066 3874 3324 3952 βασιλικῇ
3384 3881 3544 3953 τιμῇ,
3610 3872 3746 3931 ἀλλὰ
3774 3870 3829 3925 τὸ

2195 3962 2392 4029 ἀληθὲς
2455 3977 2702 4039 σκοπεῖν,
2763 3963 2857 4020 καί
2917 3966 2960 4020 el
3027 3962 3248 4021 δυνατὸν
3298 3967 3364 4031 ἦν
3423 3966 3484 4021 τὸ
3557 3965 3829 4043 πρόσωπον

2196 4056 2445 4127 ποιῆσαι,
2479 4053 2573 4111 καῖ
2632 4055 2677 4110 εἰ
2720 4055 2823 4125 πρὸ
2883 4054 3068 4111 τούτου
3113 4053 3360 4129 ἐποίησε,
3406 4055 3495 4111 καὶ
3555 4056 3601 4111 εἱ
3659 4053 3829 4108 ivstio-

2195 4142 2366 4214 μήθτι,
2422 4142 2518 4199 καῖ
2592 4145 2637 4200 εἶ
2694 4143 2887 4224 ἕνηφεν
2923 4159 2937 4174 ⁸
3002 4143 3120 4201 οὔτε
3178 4145 3279 4222 γὰρ
3356 4147 3594 4224 εὖχερῶς
3638 4141 3825 4221 ὀφείλει

2190 4235 2542 4308 τιμωρεῖσθαι
2601 4235 2629 4290 6
2688 4231 2925 4314 φλύαρος
2958 4250 2972 4264 ⁸
3044 4236 3087 4290 εἰ
3165 4236 3243 4309 μή
3303 4241 3548 4291 τοιοῦτον
3612 4234 3720 4289 ἐστι
3772 4227 3827 4284 τὸ

2190 4321 2506 4399 ἁμάρτημα,
2554 4322 2683 4401 ὅπερ
2725 4326 2753 4379 6
2799 4324 2961 4399 νόμος
3014 4324 3191 4402 ῥητῶς
3248 4322 3300 4389 ἐξ
3356 4324 3543 4397 ὁμοίου
3588 4327 3827 4398 τιμωρεῖ·

2187 4432 2274 4467 ται
2308 4430 2325 4449 ⁸
2384 4414 2710 4492 τραχύτερον
2798 4411 2852 4469 δὲ
2935 4415 3072 4472 κατὰ
3130 4420 3483 4492 στρατιωτῶν
3550 4421 3823 4472 κινεῖται*

459 4504 562 4592 aut
583 4493 653 4554 ad
678 4494 1017 4576 exemplum
1048 4494 1656 4592 pun.iatur.Acerbius
1678 4508 1874 4561 autem
1898 4494 1958 4561 in
1986 4500 2102 4562 mi-

2209 4507 2413 4578 (ενικῶς
2472 4491 2527 4558 δέ
2606 4503 2722 4580 περὶ
2781 4510 2888 4560 τῶν
2958 4502 3275 4578 ὑϐριζόντων
3332 4502 3368 4570 ἥ
3426 4508 3731 4561 τδπτόντων
3792 4491 3818 4560 ἦ

457 4582 593 4646 lites
621 4584 870 4663 insurgi.
898 4584 1279 4649 Generaliter
1311 4587 1505 4669 [vero]
1539 4583 1616 4649 de
1647 4588 1721 4649 iis
1743 4588 1850 4665 qui
1881 4600 2102 4652 contu-

2209 4591 2476 4647 τοιούντων
2533 4593 2775 4673 φάμοσα,
2848 4595 2935 4650 καὶ
2992 4595 3100 4651 τῶν
3144 4595 3500 4671 εὑρισκόντων
3543 4593 3674 4650 αὖτᾶ
3741 4585 3821 4644 καὶ

459 4672 637 4735 melia
656 4673 1046 4757 alﬁciunt,vel
1074 4675 1512 4750 verberant,vel
1529 4677 1785 4740 famosos
1807 4679 2100 4761 [libellos]

457 4764 807 4837 conficiunt,
840 4765 933 4826 vel
984 4765 1188 4845 legunt
1217 4774 1274 4827 et
1308 4785 1425 4828 non
1454 4766 1860 4848 disrumpunt,
1891 4778 2104 4832 tractat

456 4852 609 4915 liber
632 4871 812 4932 XLVII,
841 4855 936 4916 tit.
963 4873 1021 4931 χ,
1054 4855 1151 4932 tO;
1177 4864 1233 4917 et
1252 4856 1569 4931 lib.ix,cod
1625 4858 1713 4921 tit.
1739 4861 1817 4920 35
1837 4867 1896 4921 et
1922 4859 2021 4933 36;
2043 4868 2103 4920 et

451 4940 646 5007 Instit.
675 4944 818 5026 [lib]
845 4962 923 5027 tv,
957 4944 1047 5008 tit.
1080 4946 1142 5021 4,
1178 4946 1238 5007 in
1271 4947 1489 5026 quibus
1522 4946 1764 5021 dicitur,
1788 4948 1946 5027 quod
1976 4949 2099 5026 lin-

444 5032 739 5113 juriarum
773 5035 959 5115 actio]
995 5043 1117 5097 tum
1152 5035 1504 5116 pecuniarie
1546 5046 1669 5098 tum
1705 5037 2100 5101 criminaliter

453 5130 786 5186 moveatur.
821 5125 893 5186 Et
923 5123 1080 5204 quod
1114 5125 1471 5204 injuriarum
1506 5126 1822 5187 damnatus
1864 5126 2100 5189 infamis

455 5212 554 5273 fiat
579 5231 595 5286 ;
620 5213 853 5274 tametsi
887 5231 1122 5275 servum
1157 5216 1417 5281 alienum
1452 5215 1672 5296 injuria
1702 5216 2100 5292 atfecerit,aut

448 5296 643 5362 amice
675 5300 830 5363 datis
861 5303 1133 5382 pecuniis
1189 5304 1286 5385 [de
1318 5323 1385 5366 ea
1414 5306 1672 5384 actionel
1708 5308 2095 5385 transegerit,

449 5390 665 5451 utilib.
705 5409 787 5462 ιιι,
823 5394 912 5454 tit.
949 5392 1008 5466 2,
1071 5392 1286 5473 digest.
1349 5394 1386 5454 2
1443 5405 1502 5457 et
1551 5395 1588 5456 6
1639 5396 1968 5478 [traditur].
2004 5396 2096 5477 Et,

451 5479 612 5561 quod
644 5488 807 5543 atrox
841 5481 1063 5560 injuria
1094 5485 1194 5563 sit,
1228 5502 1359 5564 quae
1411 5485 1805 5566 magistratui,
1837 5488 2095 5559 consuli,

448 5570 769 5649 sacerdoti,
806 5568 1183 5658 [alioqui|vel
1210 5574 1440 5637 honore
1475 5575 1722 5659 praedito
1749 5574 1913 5639 tit.Et
1937 5577 2097 5660 quod

2186 4680 2683 4762 ἀναγινωσκόντων,
2747 4685 2832 4739 καὶ
2894 4682 2973 4759 μὴ
3035 4681 3469 4761 διαῤῥηγνύντων
3528 4673 3818 4762 διαλαμϐἀτ

2183 4792 2259 4827 νει
2307 4768 2454 4847 βιϐλ,
2510 4770 2625 4851 μζ’,
2670 4760 2782 4832 τίτ.
2822 4770 2883 4844 ι’,
2916 4774 3004 4830 καὶ
3030 4760 3177 4850 βιϐλ.
3211 4771 3257 4828 θ’
3292 4779 3386 4830 τοῦ
3408 4769 3579 4846 ,κώδ.,
3614 4777 3710 4829 tit.
3744 4760 3816 4819 λε’

2183 4861 2272 4917 καὶ
2299 4858 2413 4935 λς’·
2446 4863 2533 4918 καὶ
2562 4861 2926 4920 Ἰνστιτυτὲων
2956 4860 3003 4918 δ’
3031 4864 3133 4922 τίτ.
3167 4859 3238 4936 δ’,
3273 4862 3326 4919 ἒν
3358 4862 3448 4927 οἷς
3482 4861 3714 4940 εἴρηναι,
3742 4855 3813 4911 ὄτι

2183 4950 2271 5006 καὶ
2301 4950 2659 5030 χρηματικῶς
2711 4953 2801 5008 καὶ
2850 4950 3267 5030 ἑγκληματικῶς
3319 4964 3581 5031 κινεῖται,
3629 4952 3712 5005 καὶ
3741 4944 3812 5001 ὄτι

2183 5041 2355 5117 ιδπερὶ
2408 5038 2607 5115 ὕϐρεως
2642 5039 3132 5117 καταδικαζόμενος
3191 5039 3382 5114 ἄτιμος
3444 5042 3670 5118 γίνεται,
3726 5031 3811 5091 κᾶν

2182 5127 2464 5205 ἀλλότριον
2521 5129 2707 5187 δοῧλον
2767 5129 3003 5207 ὕϐρισεν,
3057 5132 3093 5199 ἡ
3152 5130 3404 5211 φιλικῶς.
3465 5131 3500 5198 ἠ
3551 5130 3639 5187 επὶ
3678 5123 3810 5182 δόσει

2181 5221 2483 5300 χρημάτων
2543 5221 2864 5302 ἀπηλλάγη,
2918 5225 2990 5283 ὡς
3038 5219 3188 5298 βιϐλ.
3233 5221 3312 5301 γ’,
3346 5222 3451 5284 τίτ,
3484 5220 3562 5299 β’,
3609 5217 3708 5296 δίγ,
3739 5211 3807 5302 β’,

2182 5316 2279 5366 καί
2306 5310 2382 5384 ς’
2424 5328 2437 5343 ·
2471 5314 2557 5367 καὶ
2590 5310 2669 5368 ὅτι
2714 5301 2949 5393 τραχεῖα
2978 5309 3126 5389 ῧςρις
3159 5312 3303 5368 ἐστὶν
3354 5314 3388 5379 ἡ
3432 5310 3688 5390 γινομένη

2184 5422 2340 5480 χοντι
2388 5400 2425 5468 ἠ
2465 5401 2673 5475 ὑπάτῳ,
2707 5403 2796 5457 καὶ
2821 5391 2987 5480 ηἱερεῐ
3041 5404 3127 5456 καὶ
3162 5400 3509 5475 ἀξιωματικῲ
3538 5417 3553 5433 ⁸
3607 5398 3689 5454 καὶ
3740 5391 3809 5480 5ft-

2183 5477 2320 5547 ci'atu
2371 5497 2464 5547 τοῦ
2547 5490 2789 5547 ἐνιαυτοῦ
2862 5477 3029 5567 μόνου
3099 5502 3379 5548 κινεῖται·
3447 5485 3710 5570 χεφαλικῆ
3760 5477 3808 5570 δξ

2183 5580 2409 5665 τιμωρία
2469 5580 2690 5663 ὥρισται
2762 5578 2898 5643 κατα
2955 5586 3061 5642 τῶν
3108 5580 3408 5644 ποιούντων
3453 5568 3686 5662 φάμοσα,
3730 5568 3807 5628 καῖ
