4134 6200
277 342 410 446 797~

873 376 1296 445 SYNTAGMA
1338 358 1737 442 CANONUM.
1790 409 1863 422 -
1917 372 2076 439 TIT.
2123 375 2231 456 1x,
2276 372 2446 437 CAP.
2494 367 3089 436 XXXVI-XXXIX;

3430 392 3465 415 κ
3541 362 3663 433 798

273 535 386 586 τῶν
427 522 904 603 ἀναγινωσκόντων
950 523 1105 598 αὗτὰ,
1169 526 1267 580 καὶ
1315 524 1413 592 τὴν
1477 520 1698 598 δύναμιν
1758 523 1932 579 αὐτῶν

2045 527 2173 582 ntra
2197 537 2417 581 annum
2442 517 2727 581 duntaxat
2749 516 2899 594 [haec
2922 516 3100 595 actio]
3127 518 3660 581 moveatur.C:ete-

272 615 551 694 λεγτῖντων
582 615 742 687 τισίν,
774 615 846 679 ὡς
877 610 1022 690 βιϐλ,
1059 611 1108 670 θ’
1139 614 1243 675 τίτ,
1277 612 1416 687 λς’,

2016 627 2150 672 rum
2175 610 2234 671 in
2257 628 2359 675 eos
2384 608 2483 690 qui
2502 607 2763 668 famosos
2786 604 3064 684 [libellos]
3088 605 3662 687 somponunt,quive

273 706 417 770 illos
469 703 698 782 legunt,
755 701 935 783 quive
988 699 1104 763 vim
1167 719 1377 764 eorum
1436 700 1741 784 aliquibus
1792 701 2021 778 dicunt,
2071 699 2350 781 capitalis
2399 715 2579 777 pcena
2626 694 2950 758 Constituta
2978 703 3070 757 est
3104 713 3120 756 :
3155 695 3663 778 quemadmodum

275 795 392 861 lib.
427 812 508 866 IX,
547 790 642 856 tit.
679 792 758 855 36
791 791 1038 871 [docet.]

368 890 624 945 ΚΕΦᾹΛ.
660 883 785 943 AZ’.
822 917 881 928 -—
929 884 1055 963 Περὶ
1103 887 1210 940 τῶν
1252 880 1550 941 ποιούντων
1594 883 1930 961 συνωμοσίας
2000 902 2005 905 ·

282 977 320 1047 ἢ
352 975 576 1058 φατρίας
594 1023 606 1035 .

635 1062 864 1121 Συνόδου
887 1061 1235 1131 Χαλκηδόνος
1273 1063 1453 1120 κανὼν
1498 1064 1601 1132 ιη’.

373 1153 475 1224 ιη’.
509 1160 580 1215 Τὸ
608 1158 709 1221 τῆς
743 1152 1080 1229 συνωμοσίας
1109 1152 1144 1223 ἢ
1174 1152 1392 1233 φατρίας
1417 1152 1689 1232 ἔγκλημα,
1725 1177 1776 1215 κ.
1796 1176 1849 1218 τ,
1875 1152 1929 1215 λ.

613 1330 844 1390 Συνόδου
876 1330 1247 1410 Καρθαγέννης
1277 1332 1456 1389 κανὼν
1484 1334 1592 1411 vf.

370 1423 541 1481 ’Ὥστε
624 1422 720 1487 τὰς
813 1420 1134 1498 διοικήσεις,
1199 1421 1243 1478 εἶ
1301 1420 1381 1497 μὴ
1439 1422 1576 1479 κατὰ
1633 1424 1934 1480 συναίνεσιν
1990 1482 1995 1485 ,

1179 1510 1472 1569 ἐπίσκοπον
1568 1511 1748 1593 ἕτερον
1855 1512 1935 1590 μὴ

2045 1513 2163 1591 ψεῖ,
2197 1512 2544 1594 episcopum
2576 1528 2695 1573 non
2723 1509 3052 1589 accipiant.

285 1522 383 1573 τοῦ
481 1512 607 1571 ίδίου
707 1511 1008 1569 ἐπισκόπου
1040 1558 1058 1588 ,

284 1604 566 1687 δέχεσθαι.
666 1618 675 1619 “

368 1693 475 1774 νγ’.
508 1692 819 1772 Ἐπιγόνιος
850 1691 1144 1755 ἐπίσκοπος
1175 1691 1335 1774 εἶπεν
1369 1709 1386 1727 ⁸
1418 1690 1510 1749 Ἐν
1540 1691 1776 1758 πολλαῖς
1805 1715 1934 1751 συν-

288 1768 436 1850 όδοις
466 1768 689 1864 ὥρισται
735 1780 985 1860 συνεδρίῳ
1022 1768 1298 1860 ἱερατικῖῖ),
1334 1804 1389 1842 ιι.
1418 1803 1472 1845 τ,
1503 1794 1558 1845 Α.

368 1963 635 2044 Αὐρήλιος
668 1961 962 2025 ἐπίσκοπος
995 1962 1153 2019 εἶπεν
1185 1980 1202 1998 ο
1235 1964 1340 2020 Τοῦ
1381 1960 1611 2044 ἀδελφοῦ
1658 1964 1747 2022 καὶ
1805 1986 1937 2021 συν-

288 2055 591 2112 επισκύπου
619 2054 777 2123 ἡμῶν
806 2051 876 2128 τῇ
906 2050 1338 2126 ἐξακολουθήσει,
1372 2073 1429 2113 κ.
1461 2075 1516 2115 τ,
1549 2052 1606 2117 λ,

376 2141 689 2223 Ὀνωρσίτως
744 2144 834 2200 καὶ
908 2139 1176 2219 Οὖρϐανὸς
1238 2141 1522 2200 ἐπίσκοποι
1600 2144 1761 2202 εἶπον
1794 2163 1808 2177 ⁸
1869 2145 1935 2204 Ἦ

286 2234 524 2312 μεγίστη
555 2234 777 2311 πρόνοια
806 2236 907 2298 τῆς
941 2231 1200 2311 δμετὲρας
1230 2232 1561 2310 ἁγιωσύνης,
1597 2257 1653 2294 κ.
1688 2257 1739 2298 τ,
1774 2234 1829 2299 λ,

372 2325 691 2401 Σύμπαντες
744 2323 1031 2380 ἐπίσκοποι
1061 2322 1248 2386 εἷπον,
1282 2355 1361 2367 -
1392 2323 1661 2401 Ἀρέσκει,
1694 2324 1932 2405 ἀρέσκει.

520 2500 750 2560 Συνόδου
781 2505 1160 2579 οἱκουμενικῆς
1194 2501 1356 2571 ἕκτης
1388 2503 1565 2561 κανὼν
1596 2502 1703 2568 λδ’,

366 2592 473 2651 λδ’⁶
525 2593 622 2652 Καὶ
642 2601 800 2653 τοῦτο
829 2592 885 2650 δὲ
918 2599 1011 2650 τοῦ
1040 2594 1311 2671 ἱερατικοῦ
1341 2594 1564 2659 κανόνος
1596 2596 1779 2675 σαφῶς
1809 2593 1934 2653 δια-

280 2684 620 2762 γορεύοντος,
656 2685 729 2748 ὡς
759 2685 822 2739 τὸ
848 2687 949 2750 τῆς
980 2684 1314 2757 συνωμοσίας
1344 2684 1378 2752 ἢ
1408 2686 1631 2763 φατρίας
1657 2685 1932 2764 ἔγκλημα,

278 2775 379 2831 καί
438 2774 580 2850 παρὰ
634 2777 746 2829 τῶν
788 2771 890 2839 ἔξω
934 2772 1114 2847 νόμων
1145 2773 1324 2840 πάντη
1369 2773 1694 2852 κεκώλυται,
1742 2774 1930 2849 πολλῷ

277 2861 350 2931 δὴ
409 2860 620 2937 μᾶλλον
662 2865 719 2918 ἒν
750 2868 829 2938 τῇ
870 2868 966 2920 τοῦ
1009 2868 1144 2919 Θεοῦ
1174 2860 1475 2937 Ἐκκλησία
1511 2874 1663 2925 τοῦτο
1691 2865 1928 2943 γίνεσθαι

276 2952 639 3031 ἀπαγορεύειν
710 2952 1000 3032 προσήκει,
1081 2953 1169 3008 καὶ
1254 2952 1449 3028 ἣμεϊς⁶
1495 2954 1929 3036 παραφυλάττειν

276 3040 651 3118 σπουδάζομεν
687 3060 703 3077 '

280 3133 573 3208 εὑρεθεῖεν,
621 3131 656 3201 ἢ
702 3131 1115 3207 συνομνύμενοι,
1177 3132 1212 3201 ἢ
1270 3134 1673 3212 φατριάζοντες,
1733 3135 1769 3203 ἦ
1821 3131 1928 3192 κα-

279 3222 547 3284 τασκευὰς
627 3223 936 3299 τορεύοντες
1012 3220 1346 3296 ἐπισκόπων,
1421 3224 1459 3289 ἦ
1527 3222 1935 3303 σύγκληρικῶν,

278 3311 696 3368 ἔκπιπτέτωσαν
724 3312 902 3377 πάντη
935 3316 1029 3368 τοῦ
1059 3311 1254 3368 οἰκείου
1282 3312 1508 3389 βαθμοῦ.

373 3403 473 3459 Καὶ
527 3404 556 3457 ὁ
613 3399 894 3463 πολιτικὸς
968 3400 1131 3475 νόμος
1188 3414 1511 3478 τιμωρεῖται
1569 3400 1662 3467 τας
1707 3396 1977 3482 φατρίαςέ

284 3490 380 3547 καὶ
423 3489 518 3554 τὰς
580 3489 941 3563 συνωμοσίας,
1002 3490 1077 3551 ὡς
1136 3487 1281 3567 βιϐκ.
1320 3489 1416 3565 μη’
1450 3491 1555 3551 τίτ,
1589 3488 1658 3566 δ’,
1705 3489 1811 3570 δίγ,
1856 3491 1926 3568 δ’,

287 3579 382 3637 καὶ
408 3579 514 3643 τίτ,
547 3581 640 3654 ιθ’,
673 3572 778 3656 δίγ.
812 3577 865 3636 α’
896 3579 984 3635 καὶ
1016 3579 1135 3652 ις’,
1684 3640 1689 3643 ,

286 3756 323 3815 λ
375 3675 628 3729 ΚΕΦΑΛ.
677 3666 812 3726 ΑΠ’.
850 3699 923 3711 -
958 3672 1099 3724 Ποῖα
1144 3668 1511 3748 ἁμαρτήματα
1552 3672 1584 3738 ἡ
1628 3670 1934 3750 χειροθεσία

325 3759 430 3815 ύει.
1088 3784 1107 3801 ο

325 3779 430 3821 υει,
1088 3784 1107 3801 ο

615 3845 844 3907 Συνόδου
875 3850 1289 3925 Νεοκαισαρείας
1320 3849 1496 3906 κανὼν
1530 3848 1601 3913 θ’,

367 3937 440 4002 θ’,
472 3937 838 4019 Πρεσϐύτερος
870 3937 961 3995 ἐὰν
993 3940 1454 4020 προημαρτηκὼς,
1490 3961 1544 4002 κ.
1580 3964 1634 4004 τ.
1666 3940 1720 4004 λ.

368 4123 619 4179 ΚΕΦΑΛ.
688 4115 819 4176 ΛΘ’.
914 4150 994 4167 -—
1078 4120 1203 4196 Περὶ
1276 4120 1585 4195 μετανοίας,
1650 4121 1739 4179 καὶ
1798 4123 1934 4187 τίνες

280 4208 465 4267 ἄδειαν
535 4208 725 4288 ’έχουσι
815 4206 1016 4266 διδόναι
1091 4220 1211 4273 τοῖς
1271 4218 1590 4285 μετανοοῦπι
1652 4211 1932 4269 καταλλα-

283 4301 415 4379 γὴν,
477 4300 567 4356 καὶ
610 4298 693 4355 ὅτι
741 4297 909 4365 ἔξεστι
957 4303 1035 4374 τῷ
1075 4300 1212 4379 ἱερεῖ
1266 4309 1450 4376 μειοῦν
1485 4298 1581 4357 καὶ
1637 4301 1811 4369 αὔξειν
1868 4304 1935 4360 τὰ

287 4388 555 4464 ἐπιτίμια.
1062 4380 1067 4385 ’

758 4476 1112 4536 Ἀποστόλων
1141 4479 1318 4536 κανὼν
1362 4479 1467 4556 νβ’,

370 4566 452 4645 νβ’
486 4566 553 4625 Εἴ
605 4589 687 4632 τις
748 4567 1039 4632 ἐπίσκοπος
1088 4568 1124 4636 ἢ
1171 4566 1527 4648 πρεσϐύτερος
1557 4570 1650 4626 τὸν
1680 4569 1933 4649 ἐπιστρέ-

287 4680 452 4739 φοντα
481 4658 587 4715 ἀπὸ
619 4658 879 4736 ἁμαρτίας
912 4659 972 4715 οὗ
1002 4656 1385 4737 προσδέχεται,
1440 4657 1577 4715 ἀλλὰ
1618 4658 1932 4717 ἀποϐάλλεω

290 4766 399 4823 ται,
434 4750 805 4825 καθαιρείσθω,
842 4745 922 4803 ὅτι
952 4746 1115 4803 λυπεῖ
1144 4748 1371 4825 Χριστὸν
1403 4747 1496 4804 τὸν
1517 4748 1758 4807 εἰπόντα’
1784 4751 1932 4830 Χαρὰ

282 4835 488 4914 γίνεται
520 4834 575 4891 ἐν
605 4835 812 4915 ούρανῴ
839 4834 924 4892 ἐπὶ
949 4834 1031 4891 ἐνί
1064 4834 1369 4915 ἁμαρτωλῷ
1399 4848 1764 4912 μετανοοῦντι,

634 5012 865 5071 Συνόδου
899 5015 1120 5080 Νικαίας
1152 5015 1325 5072 κανὼν
1358 5014 1455 5093 ια’,
1491 5013 1586 5093 ιβ’.

362 5105 458 5166 ια’.
509 5107 636 5184 Περὶ
676 5111 783 5161 τῶν
815 5102 1171 5183 παραϐάντων
1199 5107 1369 5185 χωρὶς
1399 5106 1665 5185 ἀνάγκης,
1692 5107 1726 5175 ἢ
1757 5108 1925 5187 χωρὶς

276 5194 611 5277 ἀφαιρέσεως
656 5196 1037 5274 ὑπαρχόντων,
1101 5197 1134 5263 ἡ
1186 5197 1357 5276 χωρὶς
1401 5195 1670 5266 κινδύνου,
1700 5198 1737 5263 τη
1780 5218 1924 5258 τινος

770 3041 920 3107 ὥστε
986 3041 1047 3097 εἴ
1111 3063 1251 3107 τινες
1291 3041 1540 3122 κληρικοὶ
1582 3045 1619 3113 ἢ
1680 3045 1941 3132 μοναχοί-

2095 878 2257 945 CAP.
2319 877 2744 943 XXXVII.‘—
2775 875 2857 937 De
2887 876 3359 956 sonjurantibus
3389 882 3447 940 et
3473 874 3659 939 soda-

2013 969 2151 1036 litia
2178 968 2574 1051 facientibus.
3090 996 3095 1001 τ

2242 1058 2509 1121 Consilii
2538 1055 3058 1120 Chalcedonensis
3087 1034 3282 1138 senon
3313 1057 3411 1119 18.

2096 1151 2194 1215 18.
2233 1147 2682 1231 Conjurationis
2715 1145 2805 1208 vel
2857 1145 3190 1210 sodalitatis
3219 1148 3476 1225 crimen,
3509 1154 3655 1223 etc.,

2014 1248 2086 1305 ut
2111 1258 2255 1324 pag.
2285 1239 2430 1304 750.

2257 1328 2523 1392 Consilii
2551 1326 3063 1408 Carthaginensis
3078 1354 3079 1357 η
3094 1343 3288 1390 conon
3316 1326 3416 1390 53.

2102 1420 2176 1484 Ut
2201 1422 2514 1495 diceseses,
2572 1420 2697 1482 nisi
2754 1432 2833 1481 ex
2888 1434 3191 1481 consensu
3216 1419 3486 1500 episcopi
3510 1435 3661 1499 pro-

2097 1690 2197 1754 53.
2223 1690 2554 1773 Epigonius
2584 1689 2906 1771 episcopus
2937 1688 3126 1753 dixit:
3156 1687 3357 1751 Multis
3388 1686 3665 1749 conciliis

2016 1783 2132 1847 hoc
2190 1788 2473 1878 statutum
2522 1788 2612 1844 est
2668 1798 2703 1840 a
2763 1788 2919 1842 smtu
2978 1778 3361 1878 sacerdotali,
3416 1784 3560 1858 etc.,
3595 1783 3662 1841 ut

2011 1891 2160 1955 pag.
2195 1872 2337 1937 650.

2094 1965 2235 2027 519
2262 1962 2542 2027 Aurelius
2581 1961 2900 2041 episcopus
2939 1958 3121 2023 dixit:
3150 1961 3391 2023 Fratres
3417 1967 3475 2021 et
3499 1977 3651 2021 con-

1960 2093 1996 2143 Β
2018 2053 2368 2143 sacerdotes
2402 2053 2604 2143 nostri
2624 2051 3054 2143 prosecutioni,
3084 2060 3233 2143 etc.,
3262 2057 3329 2111 ut
3357 2047 3656 2143 pag.h650.

2097 2142 2438 2205 Honoratus
2469 2149 2528 2203 et
2555 2141 2835 2205 Urbanus
2862 2139 3131 2220 episcopi
3162 2139 3464 2201 dixerunt:
3486 2139 3663 2201 Sum-
3746 2172 3751 2177 -

2018 2250 2118 2295 ma
2146 2232 2403 2313 provisio
2429 2230 2765 2293 sanctitatis
2796 2239 2934 2309 tuae,
2971 2240 3119 2309 etc.,
3149 2238 3217 2292 ut
3244 2246 3394 2310 pag.
3430 2226 3573 2290 651.

2099 2322 2371 2409 Universi
2403 2320 2669 2403 episcopi
2702 2320 2987 2382 dixerunt
3022 2339 3037 2380 :
3074 2319 3298 2397 Placet,
3324 2319 3549 2400 placet.

2289 2499 2553 2564 Consilii
2574 2486 2932 2578 resumenisi
2964 2515 3022 2560 v1
3051 2506 3254 2562 sano‘n
3286 2497 3384 2561 34.

2096 2592 2196 2655 34.
2228 2591 2416 2654 Porro
2447 2575 2645 2653 autem
2674 2589 2735 2641 69
2763 2608 2896 2653 cum
2932 2596 2990 2652 et
3021 2589 3133 2651 hoc
3163 2606 3353 2651 canon
3385 2587 3665 2649 sacerdo-
3766 2568 3771 2571 ⁵
3808 2638 3815 2647 .

2019 2680 2154 2744 talis
2185 2689 2391 2763 aperte
2425 2679 2811 2760 edicat,quod
2846 2676 3283 2763 coniurationis
3314 2677 3409 2739 vel
3444 2676 3663 2739 sodali-

2020 2774 2157 2834 tatis
2183 2774 2412 2834 crimen
2466 2771 2644 2832 etiam
2676 2767 2750 2831 ab
2784 2768 3050 2831 externis
3103 2767 3333 2847 legibus
3380 2767 3658 2846 vetitum,

2015 2862 2200 2923 multo
2230 2868 2431 2924 autem
2456 2861 2643 2940 magis
2667 2859 2779 2921 hoc
2807 2859 2934 2921 ﬁeri
2958 2858 3019 2919 in
3042 2858 3318 2921 Ecclesia
3339 2856 3663 2937 prohibere

2010 2960 2250 3030 oportet
2283 2972 2296 3012 :
2356 2969 2467 3012 nos
2504 2968 2743 3032 quoque
2787 2948 3107 3010 observare
3139 2947 3472 3026 studemus,
3506 2953 3567 3007 ut
3599 2943 3651 3006 si

2010 3040 2114 3123 qui
2167 3040 2371 3104 clerici
2418 3048 2516 3101 aut
2568 3037 2846 3101 monachi
2896 3037 3123 3099 inventi
3155 3038 3273 3099 sint
3304 3036 3401 3099 vel
3432 3035 3650 3115 conju-

2011 3139 2236 3212 rantes,
2275 3132 2365 3194 vel
2395 3129 2742 3192 sodalitates
2771 3128 3073 3208 ineuntes,
3108 3128 3196 3193 vel
3224 3126 3508 3189 adversus
3530 3124 3654 3204 epi—
3732 3140 3743 3149 ‘

2011 3238 2229 3301 scopos
2257 3222 2349 3283 vel
2383 3220 2755 3282 couclerisos
2804 3216 3031 3299 aliquid
3082 3220 3652 3301 struentes;'a‘_pro-

2014 3311 2146 3391 prio
2174 3311 2361 3391 gradu
2390 3310 2638 3372 omnino
2671 3309 2977 3371 excidant.

2103 3401 2344 3464 Textus.
2381 3399 2584 3463 Civilis
2609 3398 2786 3460 etiam
2812 3398 2901 3459 lex
2928 3395 3219 3459 factiones
3239 3404 3415 3477 atque
3436 3394 3656 3476 conju-

2015 3490 2284 3552 rationes
2313 3490 2519 3571 punit:
2546 3486 3057 3570 quemadmodum
3098 3485 3203 3547 lib.
3232 3503 3435 3566 XLVIII,
3470 3486 3559 3546 tit.
3592 3482 3653 3560 4,

2015 3579 2138 3658 dig.
2171 3581 2233 3659 4,
2261 3588 2321 3642 et
2350 3580 2438 3642 tit.
2496 3580 2593 3657 l9,
2629 3577 2846 3655 digest.
2886 3580 2942 3649 1,
2979 3585 3038 3637 et
3067 3574 3176 3637 lib.
3211 3592 3327 3655 xvi,
3365 3572 3655 3654 [docent.]

2097 3667 2262 3732 CAP.
2294 3667 2605 3732 XXXVIII.
2640 3701 2717 3713 -—
2749 3666 3050 3743 Qucsnam
3081 3673 3330 3745 peccata
3359 3682 3466 3746 per
3486 3661 3656 3724 ordi-

2015 3759 2329 3823 nationem
2351 3759 2694 3822 solvantur.
3486 3770 3493 3777 '

2287 3848 2553 3912 Consilii
2582 3846 3085 3911 Neoscesariensis
3107 3862 3298 3907 canon
3328 3844 3391 3908 9.
3470 3874 3475 3879 -
3592 3844 3597 3849 ’

2100 3939 2159 4001 9.
2196 3936 2257 4001 Si
2288 3938 2601 4020 presbyter
2631 3938 2732 4019 qui
2784 3954 3038 4016 corpore
3091 3936 3254 4015 prius
3286 3938 3693 4021 peccaverat),

2020 4036 2168 4109 etc.,
2203 4035 2271 4092 ut
2296 4046 2438 4108 pag.
2472 4030 2613 4092 547.

2100 4119 2244 4181 520
2275 4118 2444 4183 CAP.
2474 4116 2732 4180 XXXIX.
2778 4150 2853 4162 —
2888 4116 2972 4179 De
2995 4115 3392 4195 poenitentia;
3431 4118 3489 4175 et
3518 4109 3660 4193 qui-

2015 4228 2161 4273 nam
2191 4210 2454 4273 habeant
2483 4214 2837 4289 potestatem
2863 4209 3231 4288 pcenitentes
3260 4202 3663 4267 reconsiiian-

2012 4300 2124 4373 di;
2156 4300 2400 4382 etquod
2427 4297 2733 4362 sacerdoti
2786 4297 2965 4360 liceat
3016 4298 3300 4358 minuere
3324 4292 3414 4358 vel
3443 4306 3664 4373 augere
3768 4354 3779 4363 ,

2007 4407 2251 4472 pwnam
2284 4390 2663 4457 canonicam.
3632 4410 3641 4419 π

2429 4480 2866 4560 Apostolorum
2900 4496 3096 4541 canon
3131 4474 3230 4538 52.
3320 4536 3331 4545 ,
3572 4520 3585 4527 -

2095 4569 2176 4630 52
2195 4568 2283 4651 [51
2299 4572 2313 4648 ]
2327 4619 2335 4628 .
2350 4566 2412 4631 Si
2426 4569 2560 4649 quis
2579 4565 3243 4649 episcopus,presbyter
3260 4563 3349 4625 vel
3373 4561 3661 4651 diaconus

2014 4677 2153 4721 eum
2201 4649 2309 4735 qui
2367 4676 2399 4719 a
2433 4658 2696 4738 peccatis
2733 4658 3101 4719 convertitur
3133 4673 3248 4715 non
3276 4652 3518 4731 recipit,
3551 4649 3675 4738 sed

2015 4749 2204 4829 ejicit.
2266 4736 2651 4827 deponatur;
2706 4746 2991 4827 quoniam
3042 4743 3350 4829 Christum
3387 4736 3663 4800 molestia

2011 4822 2215 4918 allicit,
2250 4822 2529 4919 qui—dixit
2564 4854 2577 4899 :
2616 4822 2932 4899 Gaudium
2963 4840 3049 4896 est
3100 4834 3167 4893 in
3212 4822 3355 4892 calo
3402 4834 3661 4919 prepter

2008 4917 2615 5013 unum’pessatorem
2634 4926 3056 5005 pwnitentiam
3086 4930 3364 5013 agentem
3391 4917 3475 4979 65.

2286 5016 2556 5080 Consilii
2586 5005 2828 5079 Nisseni
2855 5018 3123 5075 canones
3165 5009 3254 5084 Il,
3296 5005 3389 5068 t2.

2094 5106 2188 5166 lt.
2223 5104 2311 5168 De
2342 5105 2441 5179 iis,
2472 5106 2571 5187 qui
2603 5106 2737 5183 sine
2772 5102 3134 5181 necessitate
3158 5098 3244 5171 6⁸,
3278 5097 3379 5159 vel
3406 5094 3537 5157 sine

2010 5196 2297 5258 cultatum
2330 5186 2574 5258 suarum
2610 5190 3035 5273 ablatione,vel
3063 5188 3195 5252 sine
3216 5188 3337 5251 ullo
3364 5186 3655 5268 periculo,

275 5287 544 5364 τοιούτου,
607 5285 637 5342 ὃ
695 5286 914 5363 γέγονεν
976 5284 1064 5342 ἐπὶ
1128 5289 1223 5353 τῆς
1270 5285 1573 5363 τυραννίδος
1633 5288 1922 5367 Λικιννίου,

2046 5286 2098 5348 el
2132 5286 2333 5368 aliquo
2366 5284 2693 5366 ejusmodi,
2753 5281 3109 5361 transgressi
3162 5287 3322 5358 sunt,
3358 5275 3513 5358 quod
3546 5274 3656 5337 sub

276 5374 422 5440 ἔδοξε
464 5381 533 5452 τῇ
578 5372 803 5455 συνόδῳ,
848 5376 1013 5432 εἶκαὶ
1071 5375 1275 5441 ἀνάξιοι
1313 5375 1449 5443 ἦσαν
1503 5374 1923 5457 φιλανθρωπίας,

2045 5375 2228 5437 .icinii
2263 5375 2580 5456 tyrannide
2612 5374 2829 5434 factum
2865 5369 3217 5452 est,synodo
3250 5368 3438 5429 visum
3473 5372 3660 5441 est,et

275 5465 426 5539 ὅμως
471 5465 914 5545 χρηστεύσασθαι
959 5468 1031 5531 εἰς
1089 5465 1277 5549 αὐτούς
1314 5481 1328 5496 ·
1385 5465 1500 5524 ὅσοι
1549 5469 1638 5524 οῦν
1692 5468 1926 5543 γνησίως

2045 5464 2454 5527 ihumanitati
2519 5460 2752 5543 indigni
2798 5470 2961 5539 sunt,
3012 5457 3338 5525 clementia
3370 5465 3566 5525 tamen
3600 5463 3659 5517 et

276 5553 732 5632 μεταμελοῦνται,
766 5553 822 5634 γ’
853 5553 951 5623 ἔτη
984 5554 1038 5611 ἐν
1078 5553 1445 5633 ἀκροωμένοις
1504 5556 1823 5626 ποιήσουσιν
1880 5558 1928 5612 οἱ

2045 5554 2385 5634 ιοηίεηὶιοιε
2412 5554 2471 5616 in
2494 5571 2596 5616 eos
2620 5553 3097 5639 uti.Quicunque
3130 5567 3272 5631 ergo
3295 5552 3658 5632 germaneet

250 5784 265 5791 -
357 5736 423 5795 οι
450 5735 632 5813 Cone.
664 5738 944 5809 Calched.
977 5757 1032 5809 ο.
1067 5740 1168 5811 18.
1252 5739 1318 5796 65
1344 5741 1491 5815 Luc.
1522 5760 1619 5828 xv,
1662 5744 1720 5817 7.
1802 5742 1869 5802 οι
1896 5744 1938 5809 Δ

2045 5763 2117 5831 μ’.
2151 5744 2189 5809 2
2233 5752 2294 5810 et
2324 5743 2362 5809 3
2392 5765 2409 5833 ;
2443 5742 2635 5836 Syris.
2669 5743 2732 5811 3:
