  <div class='ocr_page' id='page_1' title='image "/cluster/home/n/w/nwhite01/storage/ocr_20150623/104/hvd.32044073502163/421.png"; bbox 0 0 4134 6200; ppageno 0'>
   <div class='ocr_carea' id='block_1_1' title="bbox 511 257 629 326">
    <p class='ocr_par' dir='ltr' id='par_1_1' title="bbox 511 257 629 326">
     <span class='ocr_line' id='line_1_1' title="bbox 511 257 629 326; baseline 0 0"><span class='ocrx_word' id='word_1_1' title='bbox 511 257 629 326; x_wconf 82' lang='lat'><strong>803</strong></span> 
     </span>
    </p>
   </div>
   <div class='ocr_carea' id='block_1_2' title="bbox 1691 256 2671 327">
    <p class='ocr_par' dir='ltr' id='par_1_2' title="bbox 1691 256 2671 327">
     <span class='ocr_line' id='line_1_2' title="bbox 1691 256 2671 327; baseline -0.001 -1"><span class='ocrx_word' id='word_1_2' title='bbox 1691 258 1958 326; x_wconf 85' lang='lat' dir='ltr'><strong>PHOTII</strong></span> <span class='ocrx_word' id='word_1_3' title='bbox 1997 256 2514 327; x_wconf 66' lang='lat' dir='ltr'><strong>PATRIARCHxE</strong></span> <span class='ocrx_word' id='word_1_4' title='bbox 2557 259 2671 326; x_wconf 88' lang='lat' dir='ltr'><strong>CP.</strong></span> 
     </span>
    </p>
   </div>
   <div class='ocr_carea' id='block_1_3' title="bbox 3769 266 3897 337">
    <p class='ocr_par' dir='ltr' id='par_1_3' title="bbox 3769 266 3897 337">
     <span class='ocr_line' id='line_1_3' title="bbox 3769 266 3897 337; baseline 0 -1"><span class='ocrx_word' id='word_1_5' title='bbox 3769 266 3897 337; x_wconf 77' lang='grc'><strong>804</strong></span> 
     </span>
    </p>
   </div>
   <div class='ocr_carea' id='block_1_4' title="bbox 510 404 2128 492">
    <p class='ocr_par' dir='ltr' id='par_1_4' title="bbox 510 404 2128 492">
     <span class='ocr_line' id='line_1_4' title="bbox 510 404 2128 492; baseline 0.001 -26"><span class='ocrx_word' id='word_1_6' title='bbox 510 413 731 486; x_wconf 84' lang='lat' dir='ltr'><strong>natur;</strong></span> <span class='ocrx_word' id='word_1_7' title='bbox 792 426 988 490; x_wconf 89' lang='lat' dir='ltr'><strong>neque</strong></span> <span class='ocrx_word' id='word_1_8' title='bbox 1037 409 1531 492; x_wconf 78' lang='lat' dir='ltr'><strong>permittendum,</strong></span> <span class='ocrx_word' id='word_1_9' title='bbox 1567 417 1634 473; x_wconf 92' lang='lat' dir='ltr'><strong>ut</strong></span> <span class='ocrx_word' id='word_1_10' title='bbox 1682 405 2033 488; x_wconf 76' lang='lat' dir='ltr'><strong>rebaptizati</strong></span> <span class='ocrx_word' id='word_1_11' title='bbox 2063 404 2128 467; x_wconf 89' lang='lat' dir='ltr'><strong>ad</strong></span> 
     </span>
    </p>
   </div>
   <div class='ocr_carea' id='block_1_5' title="bbox 2222 404 3895 492">
    <p class='ocr_par' dir='ltr' id='par_1_5' title="bbox 2225 405 3895 486">
     <span class='ocr_line' id='line_1_5' title="bbox 2225 405 3895 486; baseline 0.006 -23"><span class='ocrx_word' id='word_1_12' title='bbox 2225 419 2454 486; x_wconf 83' lang='grc' dir='ltr'>στικοῖς,</span> <span class='ocrx_word' id='word_1_13' title='bbox 2503 405 2641 482; x_wconf 81' lang='grc' dir='ltr'>μηδέ</span> <span class='ocrx_word' id='word_1_14' title='bbox 2697 407 3074 486; x_wconf 67' lang='grc' dir='ltr'><strong>ἐπιτρέπεσθαι</strong></span> <span class='ocrx_word' id='word_1_15' title='bbox 3136 408 3324 474; x_wconf 72' lang='grc' dir='ltr'>αὒτοῖς</span> <span class='ocrx_word' id='word_1_16' title='bbox 3371 412 3515 470; x_wconf 77' lang='grc' dir='ltr'>ὥστε</span> <span class='ocrx_word' id='word_1_17' title='bbox 3576 412 3895 474; x_wconf 71' lang='grc' dir='ltr'>ἀναϐαπτι-</span> 
     </span>
    </p>
   </div>
   <div class='ocr_carea' id='block_1_6' title="bbox 508 495 1775 582">
    <p class='ocr_par' dir='ltr' id='par_1_6' title="bbox 508 495 1775 582">
     <span class='ocr_line' id='line_1_6' title="bbox 508 495 1775 582; baseline 0.002 -23"><span class='ocrx_word' id='word_1_18' title='bbox 508 495 830 560; x_wconf 84' lang='lat' dir='ltr'><strong>clericatus</strong></span> <span class='ocrx_word' id='word_1_19' title='bbox 852 499 1098 578; x_wconf 81' lang='lat' dir='ltr'><strong>gradum</strong></span> <span class='ocrx_word' id='word_1_20' title='bbox 1135 510 1600 582; x_wconf 74' lang='lat' dir='ltr'><strong>promoveantur</strong></span> <span class='ocrx_word' id='word_1_21' title='bbox 1624 500 1775 579; x_wconf 88' lang='grc'><strong>(16).</strong></span> 
     </span>
    </p>
   </div>
   <div class='ocr_carea' id='block_1_7' title="bbox 1053 591 1613 669">
    <p class='ocr_par' dir='ltr' id='par_1_7' title="bbox 1053 591 1613 669">
     <span class='ocr_line' id='line_1_7' title="bbox 1053 591 1613 669; baseline 0.002 -20"><span class='ocrx_word' id='word_1_22' title='bbox 1053 591 1136 650; x_wconf 80' lang='lat' dir='ltr'><strong>De</strong></span> <span class='ocrx_word' id='word_1_23' title='bbox 1163 592 1613 669; x_wconf 67' lang='lat' dir='ltr'><strong>paeni/cutibus.</strong></span> 
     </span>
    </p>
   </div>
   <div class='ocr_carea' id='block_1_8' title="bbox 585 677 2143 760">
    <p class='ocr_par' dir='ltr' id='par_1_8' title="bbox 585 677 2143 760">
     <span class='ocr_line' id='line_1_8' title="bbox 585 677 2143 760; baseline -0.004 -18"><span class='ocrx_word' id='word_1_24' title='bbox 585 681 686 742; x_wconf 70' lang='lat'><strong>43.</strong></span> <span class='ocrx_word' id='word_1_25' title='bbox 721 677 796 741; x_wconf 87' lang='lat' dir='ltr'><strong>Ut</strong></span> <span class='ocrx_word' id='word_1_26' title='bbox 827 679 1255 760; x_wconf 77' lang='lat' dir='ltr'><strong>pcenitentibus</strong></span> <span class='ocrx_word' id='word_1_27' title='bbox 1285 680 1349 731; x_wconf 82' lang='grc'><strong>66</strong></span> <span class='ocrx_word' id='word_1_28' title='bbox 1373 679 1713 743; x_wconf 81' lang='lat' dir='ltr'><strong>secundum</strong></span> <span class='ocrx_word' id='word_1_29' title='bbox 1739 677 2143 740; x_wconf 72' lang='lat' dir='ltr'><strong>differentiam</strong></span> 
     </span>
    </p>
   </div>
   <div class='ocr_carea' id='block_1_9' title="bbox 503 769 2144 852">
    <p class='ocr_par' dir='ltr' id='par_1_9' title="bbox 503 769 2144 852">
     <span class='ocr_line' id='line_1_9' title="bbox 503 769 2144 852; baseline -0.002 -21"><span class='ocrx_word' id='word_1_30' title='bbox 503 778 880 852; x_wconf 79' lang='lat' dir='ltr'><strong>peccatorum</strong></span> <span class='ocrx_word' id='word_1_31' title='bbox 914 769 1181 848; x_wconf 78' lang='lat' dir='ltr'><strong>episcopi</strong></span> <span class='ocrx_word' id='word_1_32' title='bbox 1213 769 1464 832; x_wconf 86' lang='lat' dir='ltr'><strong>arbitrio</strong></span> <span class='ocrx_word' id='word_1_33' title='bbox 1508 769 1873 851; x_wconf 68' lang='lat' dir='ltr'><strong>pmnitentize</strong></span> <span class='ocrx_word' id='word_1_34' title='bbox 1906 776 2144 848; x_wconf 87' lang='lat' dir='ltr'><strong>tempo-</strong></span> 
     </span>
    </p>
   </div>
   <div class='ocr_carea' id='block_1_10' title="bbox 502 857 2141 940">
    <p class='ocr_par' dir='ltr' id='par_1_10' title="bbox 502 857 2141 940">
     <span class='ocr_line' id='line_1_10' title="bbox 502 857 2141 940; baseline -0.002 -20"><span class='ocrx_word' id='word_1_35' title='bbox 502 876 569 921; x_wconf 89' lang='lat' dir='ltr'><strong>ra</strong></span> <span class='ocrx_word' id='word_1_36' title='bbox 591 857 999 920; x_wconf 84' lang='lat' dir='ltr'><strong>decernantur</strong></span> <span class='ocrx_word' id='word_1_37' title='bbox 1038 877 1050 918; x_wconf 92' lang='lat'><strong>:</strong></span> <span class='ocrx_word' id='word_1_38' title='bbox 1084 866 1143 921; x_wconf 94' lang='lat' dir='ltr'><strong>et</strong></span> <span class='ocrx_word' id='word_1_39' title='bbox 1170 868 1232 920; x_wconf 91' lang='lat' dir='ltr'><strong>ut</strong></span> <span class='ocrx_word' id='word_1_40' title='bbox 1263 862 1572 940; x_wconf 80' lang='lat' dir='ltr'><strong>presbyter</strong></span> <span class='ocrx_word' id='word_1_41' title='bbox 1600 858 1942 920; x_wconf 83' lang='lat' dir='ltr'><strong>inconsulto</strong></span> <span class='ocrx_word' id='word_1_42' title='bbox 1977 857 2141 934; x_wconf 86' lang='lat' dir='ltr'><strong>epis-</strong></span> 
     </span>
    </p>
   </div>
   <div class='ocr_carea' id='block_1_11' title="bbox 504 947 2148 1030">
    <p class='ocr_par' dir='ltr' id='par_1_11' title="bbox 504 947 2148 1030">
     <span class='ocr_line' id='line_1_11' title="bbox 504 947 2148 1030; baseline -0.003 -18"><span class='ocrx_word' id='word_1_43' title='bbox 504 968 654 1030; x_wconf 91' lang='lat' dir='ltr'><strong>copo</strong></span> <span class='ocrx_word' id='word_1_44' title='bbox 708 967 826 1010; x_wconf 92' lang='lat' dir='ltr'><strong>non</strong></span> <span class='ocrx_word' id='word_1_45' title='bbox 884 950 1236 1011; x_wconf 85' lang='lat' dir='ltr'><strong>reconciliet</strong></span> <span class='ocrx_word' id='word_1_46' title='bbox 1269 951 1688 1030; x_wconf 78' lang='lat' dir='ltr'><strong>pcenitentem,</strong></span> <span class='ocrx_word' id='word_1_47' title='bbox 1729 949 1841 1009; x_wconf 86' lang='lat' dir='ltr'><strong>nisi</strong></span> <span class='ocrx_word' id='word_1_48' title='bbox 1873 947 2148 1009; x_wconf 82' lang='lat' dir='ltr'><strong>absentia</strong></span> 
     </span>
    </p>
   </div>
   <div class='ocr_carea' id='block_1_12' title="bbox 502 1040 2145 1121">
    <p class='ocr_par' dir='ltr' id='par_1_12' title="bbox 502 1040 2145 1121">
     <span class='ocr_line' id='line_1_12' title="bbox 502 1040 2145 1121; baseline -0.002 -20"><span class='ocrx_word' id='word_1_49' title='bbox 502 1040 770 1121; x_wconf 85' lang='lat' dir='ltr'><strong>episcopi</strong></span> <span class='ocrx_word' id='word_1_50' title='bbox 832 1040 1195 1102; x_wconf 85' lang='lat' dir='ltr'><strong>necessitate</strong></span> <span class='ocrx_word' id='word_1_51' title='bbox 1245 1049 1524 1118; x_wconf 81' lang='lat' dir='ltr'><strong>cogente.</strong></span> <span class='ocrx_word' id='word_1_52' title='bbox 1578 1040 2003 1118; x_wconf 79' lang='lat' dir='ltr'><strong>Cujuscunque</strong></span> <span class='ocrx_word' id='word_1_53' title='bbox 2033 1056 2145 1097; x_wconf 89' lang='lat' dir='ltr'><strong>au-</strong></span> 
     </span>
    </p>
   </div>
   <div class='ocr_carea' id='block_1_13' title="bbox 504 1128 2139 1210">
    <p class='ocr_par' dir='ltr' id='par_1_13' title="bbox 504 1128 2139 1210">
     <span class='ocr_line' id='line_1_13' title="bbox 504 1128 2139 1210; baseline -0.003 -18"><span class='ocrx_word' id='word_1_54' title='bbox 504 1139 622 1192; x_wconf 89' lang='lat' dir='ltr'><strong>tem</strong></span> <span class='ocrx_word' id='word_1_55' title='bbox 655 1130 794 1191; x_wconf 72' lang='lat'><strong>324</strong></span> <span class='ocrx_word' id='word_1_56' title='bbox 832 1131 1181 1210; x_wconf 72' lang='lat' dir='ltr'><strong>pmnitentis</strong></span> <span class='ocrx_word' id='word_1_57' title='bbox 1213 1129 1523 1206; x_wconf 89' lang='lat' dir='ltr'><strong>publicum</strong></span> <span class='ocrx_word' id='word_1_58' title='bbox 1570 1137 1628 1189; x_wconf 85' lang='lat' dir='ltr'><strong>et</strong></span> <span class='ocrx_word' id='word_1_59' title='bbox 1660 1128 2139 1206; x_wconf 79' lang='lat' dir='ltr'><strong>vulgatissimum</strong></span> 
     </span>
    </p>
   </div>
   <div class='ocr_carea' id='block_1_14' title="bbox 503 1219 2142 1298">
    <p class='ocr_par' dir='ltr' id='par_1_14' title="bbox 503 1219 2142 1298">
     <span class='ocr_line' id='line_1_14' title="bbox 503 1219 2142 1298; baseline -0.003 -15"><span class='ocrx_word' id='word_1_60' title='bbox 503 1220 735 1284; x_wconf 87' lang='lat' dir='ltr'><strong>crimen</strong></span> <span class='ocrx_word' id='word_1_61' title='bbox 773 1229 884 1294; x_wconf 89' lang='lat' dir='ltr'><strong>est,</strong></span> <span class='ocrx_word' id='word_1_62' title='bbox 919 1239 1040 1298; x_wconf 89' lang='lat' dir='ltr'><strong>quo</strong></span> <span class='ocrx_word' id='word_1_63' title='bbox 1077 1220 1414 1282; x_wconf 78' lang='lat' dir='ltr'><strong>universam</strong></span> <span class='ocrx_word' id='word_1_64' title='bbox 1446 1219 1776 1280; x_wconf 87' lang='lat' dir='ltr'><strong>Ecclesiam</strong></span> <span class='ocrx_word' id='word_1_65' title='bbox 1804 1234 2142 1279; x_wconf 81' lang='lat' dir='ltr'><strong>commove-</strong></span> 
     </span>
    </p>
   </div>
   <div class='ocr_carea' id='block_1_15' title="bbox 431 1308 2002 1392">
    <p class='ocr_par' dir='ltr' id='par_1_15' title="bbox 431 1308 2002 1392">
     <span class='ocr_line' id='line_1_15' title="bbox 431 1308 2002 1392; baseline 0 -20"><span class='ocrx_word' id='word_1_66' title='bbox 431 1381 443 1389; x_wconf 48' lang='grc'><strong>,</strong></span> <span class='ocrx_word' id='word_1_67' title='bbox 497 1311 598 1385; x_wconf 89' lang='lat' dir='ltr'><strong>rit,</strong></span> <span class='ocrx_word' id='word_1_68' title='bbox 633 1317 770 1373; x_wconf 89' lang='lat' dir='ltr'><strong>ante</strong></span> <span class='ocrx_word' id='word_1_69' title='bbox 804 1310 928 1392; x_wconf 78' lang='grc' dir='ltr'><strong>(ΓΙ)</strong></span> <span class='ocrx_word' id='word_1_70' title='bbox 959 1309 1228 1372; x_wconf 89' lang='lat' dir='ltr'><strong>absidem</strong></span> <span class='ocrx_word' id='word_1_71' title='bbox 1265 1329 1476 1372; x_wconf 86' lang='lat' dir='ltr'><strong>manus</strong></span> <span class='ocrx_word' id='word_1_72' title='bbox 1510 1310 1563 1371; x_wconf 90' lang='lat' dir='ltr'><strong>ei</strong></span> <span class='ocrx_word' id='word_1_73' title='bbox 1594 1308 2002 1389; x_wconf 87' lang='lat' dir='ltr'><strong>imponantur.</strong></span> 
     </span>
    </p>
   </div>
   <div class='ocr_carea' id='block_1_16' title="bbox 499 1467 2142 1572">
    <p class='ocr_par' dir='ltr' id='par_1_16' title="bbox 499 1467 2142 1572">
     <span class='ocr_line' id='line_1_16' title="bbox 499 1467 2142 1572; baseline -0.002 -21"><span class='ocrx_word' id='word_1_74' title='bbox 499 1467 1072 1572; x_wconf 30' lang='lat' dir='ltr'><strong>Deoaegrotantibus</strong></span> <span class='ocrx_word' id='word_1_75' title='bbox 1130 1490 1238 1569; x_wconf 83' lang='lat' dir='ltr'><strong>qui</strong></span> <span class='ocrx_word' id='word_1_76' title='bbox 1291 1507 1541 1568; x_wconf 80' lang='lat' dir='ltr'><strong>prorsus</strong></span> <span class='ocrx_word' id='word_1_77' title='bbox 1591 1489 1969 1570; x_wconf 78' lang='lat' dir='ltr'><strong>respondere</strong></span> <span class='ocrx_word' id='word_1_78' title='bbox 2018 1503 2142 1548; x_wconf 78' lang='lat' dir='ltr'><strong>non</strong></span> 
     </span>
    </p>
   </div>
   <div class='ocr_carea' id='block_1_17' title="bbox 1180 1578 1458 1650">
    <p class='ocr_par' dir='ltr' id='par_1_17' title="bbox 1180 1578 1458 1650">
     <span class='ocr_line' id='line_1_17' title="bbox 1180 1578 1458 1650; baseline 0 -20"><span class='ocrx_word' id='word_1_79' title='bbox 1180 1578 1458 1650; x_wconf 81' lang='lat' dir='ltr'><strong>possunt.</strong></span> 
     </span>
    </p>
   </div>
   <div class='ocr_carea' id='block_1_18' title="bbox 575 1658 1639 1740">
    <p class='ocr_par' dir='ltr' id='par_1_18' title="bbox 575 1658 1639 1740">
     <span class='ocr_line' id='line_1_18' title="bbox 575 1658 1639 1740; baseline -0.001 -19"><span class='ocrx_word' id='word_1_80' title='bbox 575 1660 672 1721; x_wconf 82' lang='grc'><strong>45.</strong></span> <span class='ocrx_word' id='word_1_81' title='bbox 707 1658 780 1724; x_wconf 91' lang='lat' dir='ltr'><strong>Ut</strong></span> <span class='ocrx_word' id='word_1_82' title='bbox 805 1668 1189 1739; x_wconf 63' lang='lat' dir='ltr'><strong>aegrotantes,</strong></span> <span class='ocrx_word' id='word_1_83' title='bbox 1226 1668 1294 1720; x_wconf 83' lang='lat' dir='ltr'><strong>ut</strong></span> <span class='ocrx_word' id='word_1_84' title='bbox 1319 1677 1458 1740; x_wconf 86' lang='lat' dir='ltr'><strong>pag.</strong></span> <span class='ocrx_word' id='word_1_85' title='bbox 1496 1661 1639 1723; x_wconf 83' lang='lat'><strong>619.</strong></span> 
     </span>
    </p>
   </div>
   <div class='ocr_carea' id='block_1_19' title="bbox 738 1747 1895 1812">
    <p class='ocr_par' dir='ltr' id='par_1_19' title="bbox 738 1747 1895 1812">
     <span class='ocr_line' id='line_1_19' title="bbox 738 1747 1895 1812; baseline 0.002 -3"><span class='ocrx_word' id='word_1_86' title='bbox 738 1749 1006 1812; x_wconf 75' lang='lat' dir='ltr'><strong>Concilii</strong></span> <span class='ocrx_word' id='word_1_87' title='bbox 1037 1751 1391 1810; x_wconf 79' lang='lat' dir='ltr'><strong>oecumenici</strong></span> <span class='ocrx_word' id='word_1_88' title='bbox 1436 1768 1488 1812; x_wconf 80' lang='lat' dir='ltr'><strong>v1</strong></span> <span class='ocrx_word' id='word_1_89' title='bbox 1522 1768 1718 1812; x_wconf 83' lang='lat' dir='ltr'><strong>can-on</strong></span> <span class='ocrx_word' id='word_1_90' title='bbox 1760 1747 1895 1811; x_wconf 72' lang='lat'><strong>102.</strong></span> 
     </span>
    </p>
   </div>
   <div class='ocr_carea' id='block_1_20' title="bbox 573 1836 2138 1920">
    <p class='ocr_par' dir='ltr' id='par_1_20' title="bbox 573 1836 2138 1920">
     <span class='ocr_line' id='line_1_20' title="bbox 573 1836 2138 1920; baseline -0.004 -18"><span class='ocrx_word' id='word_1_91' title='bbox 573 1841 710 1903; x_wconf 68' lang='lat'><strong>103.</strong></span> <span class='ocrx_word' id='word_1_92' title='bbox 745 1836 998 1920; x_wconf 84' lang='lat' dir='ltr'><strong>Oportet</strong></span> <span class='ocrx_word' id='word_1_93' title='bbox 1028 1848 1222 1900; x_wconf 87' lang='lat' dir='ltr'><strong>autem</strong></span> <span class='ocrx_word' id='word_1_94' title='bbox 1261 1858 1364 1901; x_wconf 91' lang='lat' dir='ltr'><strong>eos</strong></span> <span class='ocrx_word' id='word_1_95' title='bbox 1394 1839 1480 1915; x_wconf 80' lang='grc'><strong>67,</strong></span> <span class='ocrx_word' id='word_1_96' title='bbox 1529 1839 1631 1920; x_wconf 89' lang='lat' dir='ltr'><strong>qui</strong></span> <span class='ocrx_word' id='word_1_97' title='bbox 1661 1838 1935 1901; x_wconf 89' lang='lat' dir='ltr'><strong>solvendi</strong></span> <span class='ocrx_word' id='word_1_98' title='bbox 1969 1845 2026 1898; x_wconf 91' lang='lat' dir='ltr'><strong>et</strong></span> <span class='ocrx_word' id='word_1_99' title='bbox 2060 1836 2138 1897; x_wconf 90' lang='lat' dir='ltr'><strong>li-</strong></span> 
     </span>
    </p>
   </div>
   <div class='ocr_carea' id='block_1_21' title="bbox 489 1926 2137 2010">
    <p class='ocr_par' dir='ltr' id='par_1_21' title="bbox 489 1926 2137 2010">
     <span class='ocr_line' id='line_1_21' title="bbox 489 1926 2137 2010; baseline -0.001 -20"><span class='ocrx_word' id='word_1_100' title='bbox 489 1930 668 2007; x_wconf 82' lang='lat' dir='ltr'><strong>gandi</strong></span> <span class='ocrx_word' id='word_1_101' title='bbox 703 1939 1061 2010; x_wconf 90' lang='lat' dir='ltr'><strong>potestatem</strong></span> <span class='ocrx_word' id='word_1_102' title='bbox 1095 1947 1128 1988; x_wconf 92' lang='lat' dir='ltr'><strong>a</strong></span> <span class='ocrx_word' id='word_1_103' title='bbox 1161 1928 1282 1991; x_wconf 91' lang='lat' dir='ltr'><strong>Deo</strong></span> <span class='ocrx_word' id='word_1_104' title='bbox 1313 1947 1637 2010; x_wconf 79' lang='lat' dir='ltr'><strong>accepere,</strong></span> <span class='ocrx_word' id='word_1_105' title='bbox 1677 1928 1906 2009; x_wconf 85' lang='lat' dir='ltr'><strong>peccati</strong></span> <span class='ocrx_word' id='word_1_106' title='bbox 1940 1926 2137 2008; x_wconf 87' lang='lat' dir='ltr'><strong>quali-</strong></span> 
     </span>
    </p>
   </div>
   <div class='ocr_carea' id='block_1_22' title="bbox 489 2017 2139 2102">
    <p class='ocr_par' dir='ltr' id='par_1_22' title="bbox 489 2017 2139 2102">
     <span class='ocr_line' id='line_1_22' title="bbox 489 2017 2139 2102; baseline -0.001 -22"><span class='ocrx_word' id='word_1_107' title='bbox 489 2028 680 2102; x_wconf 82' lang='lat' dir='ltr'><strong>tatem</strong></span> <span class='ocrx_word' id='word_1_108' title='bbox 701 2019 1115 2098; x_wconf 84' lang='lat' dir='ltr'><strong>considerare,</strong></span> <span class='ocrx_word' id='word_1_109' title='bbox 1172 2027 1230 2079; x_wconf 92' lang='lat' dir='ltr'><strong>et</strong></span> <span class='ocrx_word' id='word_1_110' title='bbox 1275 2018 1408 2099; x_wconf 85' lang='lat' dir='ltr'><strong>ejus</strong></span> <span class='ocrx_word' id='word_1_111' title='bbox 1439 2021 1542 2099; x_wconf 91' lang='lat' dir='ltr'><strong>qui</strong></span> <span class='ocrx_word' id='word_1_112' title='bbox 1577 2018 1847 2098; x_wconf 83' lang='lat' dir='ltr'><strong>peccavit</strong></span> <span class='ocrx_word' id='word_1_113' title='bbox 1881 2017 1954 2079; x_wconf 89' lang='lat' dir='ltr'><strong>ad</strong></span> <span class='ocrx_word' id='word_1_114' title='bbox 1987 2036 2139 2080; x_wconf 86' lang='lat' dir='ltr'><strong>con-</strong></span> 
     </span>
    </p>
   </div>
   <div class='ocr_carea' id='block_1_23' title="bbox 489 2107 2138 2188">
    <p class='ocr_par' dir='ltr' id='par_1_23' title="bbox 489 2107 2138 2188">
     <span class='ocr_line' id='line_1_23' title="bbox 489 2107 2138 2188; baseline -0.001 -18"><span class='ocrx_word' id='word_1_115' title='bbox 489 2109 826 2172; x_wconf 89' lang='lat' dir='ltr'><strong>versionem</strong></span> <span class='ocrx_word' id='word_1_116' title='bbox 861 2119 1202 2188; x_wconf 88' lang='lat' dir='ltr'><strong>promptum</strong></span> <span class='ocrx_word' id='word_1_117' title='bbox 1239 2109 1601 2185; x_wconf 79' lang='lat' dir='ltr'><strong>studiu:n,et</strong></span> <span class='ocrx_word' id='word_1_118' title='bbox 1636 2109 1723 2170; x_wconf 83' lang='lat' dir='ltr'><strong>sic</strong></span> <span class='ocrx_word' id='word_1_119' title='bbox 1759 2107 1968 2170; x_wconf 91' lang='lat' dir='ltr'><strong>morbo</strong></span> <span class='ocrx_word' id='word_1_120' title='bbox 2001 2126 2138 2168; x_wconf 86' lang='lat' dir='ltr'><strong>con-</strong></span> 
     </span>
    </p>
   </div>
   <div class='ocr_carea' id='block_1_24' title="bbox 491 2197 2141 2280">
    <p class='ocr_par' dir='ltr' id='par_1_24' title="bbox 491 2197 2141 2280">
     <span class='ocr_line' id='line_1_24' title="bbox 491 2197 2141 2280; baseline 0 -20"><span class='ocrx_word' id='word_1_121' title='bbox 491 2200 826 2280; x_wconf 78' lang='lat' dir='ltr'><strong>venientem</strong></span> <span class='ocrx_word' id='word_1_122' title='bbox 860 2198 1080 2260; x_wconf 74' lang='lat' dir='ltr'><strong>afferre</strong></span> <span class='ocrx_word' id='word_1_123' title='bbox 1127 2197 1490 2260; x_wconf 87' lang='lat' dir='ltr'><strong>medicinam</strong></span> <span class='ocrx_word' id='word_1_124' title='bbox 1520 2220 1534 2261; x_wconf 93' lang='lat'><strong>:</strong></span> <span class='ocrx_word' id='word_1_125' title='bbox 1593 2216 1669 2261; x_wconf 92' lang='lat' dir='ltr'><strong>ne</strong></span> <span class='ocrx_word' id='word_1_126' title='bbox 1700 2201 1746 2259; x_wconf 88' lang='lat' dir='ltr'><strong>si</strong></span> <span class='ocrx_word' id='word_1_127' title='bbox 1784 2198 1844 2259; x_wconf 90' lang='lat' dir='ltr'><strong>in</strong></span> <span class='ocrx_word' id='word_1_128' title='bbox 1879 2207 2141 2279; x_wconf 83' lang='lat' dir='ltr'><strong>utroque</strong></span> 
     </span>
    </p>
   </div>
   <div class='ocr_carea' id='block_1_25' title="bbox 487 2287 2138 2369">
    <p class='ocr_par' dir='ltr' id='par_1_25' title="bbox 487 2287 2138 2369">
     <span class='ocr_line' id='line_1_25' title="bbox 487 2287 2138 2369; baseline -0.002 -19"><span class='ocrx_word' id='word_1_129' title='bbox 487 2289 997 2350; x_wconf 85' lang='lat' dir='ltr'><strong>immoderatione</strong></span> <span class='ocrx_word' id='word_1_130' title='bbox 1032 2296 1252 2361; x_wconf 89' lang='lat' dir='ltr'><strong>utatur,</strong></span> <span class='ocrx_word' id='word_1_131' title='bbox 1288 2287 1361 2349; x_wconf 90' lang='lat' dir='ltr'><strong>ab</strong></span> <span class='ocrx_word' id='word_1_132' title='bbox 1395 2289 1659 2369; x_wconf 84' lang='lat' dir='ltr'><strong>ejus,qui</strong></span> <span class='ocrx_word' id='word_1_133' title='bbox 1687 2287 2138 2363; x_wconf 88' lang='lat' dir='ltr'><strong>laborat,salute</strong></span> 
     </span>
    </p>
   </div>
   <div class='ocr_carea' id='block_1_26' title="bbox 487 2377 2136 2458">
    <p class='ocr_par' dir='ltr' id='par_1_26' title="bbox 487 2377 2136 2458">
     <span class='ocr_line' id='line_1_26' title="bbox 487 2377 2136 2458; baseline -0.002 -18"><span class='ocrx_word' id='word_1_134' title='bbox 487 2377 743 2440; x_wconf 83' lang='lat' dir='ltr'><strong>excidat.</strong></span> <span class='ocrx_word' id='word_1_135' title='bbox 780 2380 911 2441; x_wconf 87' lang='lat' dir='ltr'><strong>Non</strong></span> <span class='ocrx_word' id='word_1_136' title='bbox 966 2378 1132 2439; x_wconf 84' lang='lat' dir='ltr'><strong>enim</strong></span> <span class='ocrx_word' id='word_1_137' title='bbox 1188 2379 1442 2457; x_wconf 78' lang='lat' dir='ltr'><strong>simplex</strong></span> <span class='ocrx_word' id='word_1_138' title='bbox 1480 2387 1570 2439; x_wconf 91' lang='lat' dir='ltr'><strong>est</strong></span> <span class='ocrx_word' id='word_1_139' title='bbox 1605 2377 1852 2440; x_wconf 86' lang='lat' dir='ltr'><strong>morbus</strong></span> <span class='ocrx_word' id='word_1_140' title='bbox 1881 2377 2136 2458; x_wconf 87' lang='lat' dir='ltr'><strong>peccati,</strong></span> 
     </span>
    </p>
   </div>
   <div class='ocr_carea' id='block_1_27' title="bbox 483 2466 2138 2542">
    <p class='ocr_par' dir='ltr' id='par_1_27' title="bbox 483 2466 2138 2542">
     <span class='ocr_line' id='line_1_27' title="bbox 483 2466 2138 2542; baseline -0.001 -14"><span class='ocrx_word' id='word_1_141' title='bbox 483 2468 589 2528; x_wconf 90' lang='lat' dir='ltr'><strong>sed</strong></span> <span class='ocrx_word' id='word_1_142' title='bbox 623 2471 825 2530; x_wconf 86' lang='lat' dir='ltr'><strong>varius</strong></span> <span class='ocrx_word' id='word_1_143' title='bbox 857 2476 916 2528; x_wconf 89' lang='lat' dir='ltr'><strong>et</strong></span> <span class='ocrx_word' id='word_1_144' title='bbox 967 2466 1381 2542; x_wconf 81' lang='lat' dir='ltr'><strong>multiformis,</strong></span> <span class='ocrx_word' id='word_1_145' title='bbox 1418 2475 1476 2530; x_wconf 90' lang='lat' dir='ltr'><strong>et</strong></span> <span class='ocrx_word' id='word_1_146' title='bbox 1526 2468 1740 2528; x_wconf 90' lang='lat' dir='ltr'><strong>multas</strong></span> <span class='ocrx_word' id='word_1_147' title='bbox 1770 2466 2138 2529; x_wconf 90' lang='lat' dir='ltr'><strong>incommodi</strong></span> 
     </span>
    </p>
   </div>
   <div class='ocr_carea' id='block_1_28' title="bbox 486 2556 2134 2637">
    <p class='ocr_par' dir='ltr' id='par_1_28' title="bbox 486 2556 2134 2637">
     <span class='ocr_line' id='line_1_28' title="bbox 486 2556 2134 2637; baseline -0.002 -18"><span class='ocrx_word' id='word_1_148' title='bbox 486 2559 847 2636; x_wconf 84' lang='lat' dir='ltr'><strong>propagines</strong></span> <span class='ocrx_word' id='word_1_149' title='bbox 873 2556 1260 2636; x_wconf 78' lang='lat' dir='ltr'><strong>germinans:</strong></span> <span class='ocrx_word' id='word_1_150' title='bbox 1289 2575 1358 2619; x_wconf 81' lang='lat' dir='ltr'><strong>ex</strong></span> <span class='ocrx_word' id='word_1_151' title='bbox 1385 2557 1608 2637; x_wconf 84' lang='lat' dir='ltr'><strong>quibus</strong></span> <span class='ocrx_word' id='word_1_152' title='bbox 1633 2557 1854 2618; x_wconf 91' lang='lat' dir='ltr'><strong>malum</strong></span> <span class='ocrx_word' id='word_1_153' title='bbox 1883 2557 2134 2619; x_wconf 91' lang='lat' dir='ltr'><strong>multum</strong></span> 
     </span>
    </p>
   </div>
   <div class='ocr_carea' id='block_1_29' title="bbox 483 2646 2137 2725">
    <p class='ocr_par' dir='ltr' id='par_1_29' title="bbox 483 2646 2137 2725">
     <span class='ocr_line' id='line_1_29' title="bbox 483 2646 2137 2725; baseline -0.001 -17"><span class='ocrx_word' id='word_1_154' title='bbox 483 2646 861 2722; x_wconf 72' lang='lat' dir='ltr'><strong>diffunditur,</strong></span> <span class='ocrx_word' id='word_1_155' title='bbox 896 2654 955 2708; x_wconf 89' lang='lat' dir='ltr'><strong>et</strong></span> <span class='ocrx_word' id='word_1_156' title='bbox 989 2647 1239 2707; x_wconf 90' lang='lat' dir='ltr'><strong>ulterius</strong></span> <span class='ocrx_word' id='word_1_157' title='bbox 1266 2646 1878 2725; x_wconf 81' lang='lat' dir='ltr'><strong>progreditur,donec</strong></span> <span class='ocrx_word' id='word_1_158' title='bbox 1911 2648 2137 2708; x_wconf 90' lang='lat' dir='ltr'><strong>viribus</strong></span> 
     </span>
    </p>
   </div>
   <div class='ocr_carea' id='block_1_30' title="bbox 486 2735 2135 2816">
    <p class='ocr_par' dir='ltr' id='par_1_30' title="bbox 486 2735 2135 2816">
     <span class='ocr_line' id='line_1_30' title="bbox 486 2735 2135 2816; baseline -0.001 -19"><span class='ocrx_word' id='word_1_159' title='bbox 486 2737 792 2798; x_wconf 76' lang='lat' dir='ltr'><strong>medentis</strong></span> <span class='ocrx_word' id='word_1_160' title='bbox 826 2736 1136 2796; x_wconf 89' lang='lat' dir='ltr'><strong>consistat.</strong></span> <span class='ocrx_word' id='word_1_161' title='bbox 1193 2735 1390 2808; x_wconf 88' lang='lat' dir='ltr'><strong>Quare</strong></span> <span class='ocrx_word' id='word_1_162' title='bbox 1449 2737 1548 2816; x_wconf 90' lang='lat' dir='ltr'><strong>qui</strong></span> <span class='ocrx_word' id='word_1_163' title='bbox 1585 2737 1900 2798; x_wconf 67' lang='lat' dir='ltr'><strong>medicinae</strong></span> <span class='ocrx_word' id='word_1_164' title='bbox 1932 2742 2135 2798; x_wconf 84' lang='lat' dir='ltr'><strong>scien-</strong></span> 
     </span>
    </p>
   </div>
   <div class='ocr_carea' id='block_1_31' title="bbox 2223 495 3752 582">
    <p class='ocr_par' dir='ltr' id='par_1_31' title="bbox 2223 495 3752 582">
     <span class='ocr_line' id='line_1_31' title="bbox 2223 495 3752 582; baseline 0.008 -34"><span class='ocrx_word' id='word_1_165' title='bbox 2223 495 2480 571; x_wconf 77' lang='grc' dir='ltr'>ζομένους</span> <span class='ocrx_word' id='word_1_166' title='bbox 2513 499 2644 574; x_wconf 70' lang='grc' dir='ltr'>πρὸς</span> <span class='ocrx_word' id='word_1_167' title='bbox 2676 500 2766 554; x_wconf 84' lang='grc' dir='ltr'>τὸν</span> <span class='ocrx_word' id='word_1_168' title='bbox 2799 503 2890 554; x_wconf 76' lang='grc' dir='ltr'>τοῦ</span> <span class='ocrx_word' id='word_1_169' title='bbox 2923 497 3128 571; x_wconf 79' lang='grc' dir='ltr'>κλήρου</span> <span class='ocrx_word' id='word_1_170' title='bbox 3158 501 3366 576; x_wconf 76' lang='grc' dir='ltr'>βαθμὸν</span> <span class='ocrx_word' id='word_1_171' title='bbox 3398 503 3752 582; x_wconf 85' lang='grc' dir='ltr'>προκόπτειν,</span> 
     </span>
    </p>
   </div>
   <div class='ocr_carea' id='block_1_32' title="bbox 2681 587 3431 665">
    <p class='ocr_par' dir='ltr' id='par_1_32' title="bbox 2681 587 3431 665">
     <span class='ocr_line' id='line_1_32' title="bbox 2681 587 3431 665; baseline 0.012 -23"><span class='ocrx_word' id='word_1_172' title='bbox 2681 588 2802 665; x_wconf 85' lang='grc' dir='ltr'>Περὶ</span> <span class='ocrx_word' id='word_1_173' title='bbox 2847 587 2951 643; x_wconf 81' lang='grc' dir='ltr'>τῶν</span> <span class='ocrx_word' id='word_1_174' title='bbox 2997 591 3431 663; x_wconf 77' lang='grc' dir='ltr'>μετανοούντων.</span> 
     </span>
    </p>
   </div>
   <div class='ocr_carea' id='block_1_33' title="bbox 2306 673 3889 763">
    <p class='ocr_par' dir='ltr' id='par_1_33' title="bbox 2306 673 3889 763">
     <span class='ocr_line' id='line_1_33' title="bbox 2306 673 3889 763; baseline 0.006 -31"><span class='ocrx_word' id='word_1_175' title='bbox 2306 674 2423 751; x_wconf 82' lang='grc' dir='ltr'>μγ’.</span> <span class='ocrx_word' id='word_1_176' title='bbox 2469 673 2638 732; x_wconf 64' lang='grc' dir='ltr'>’Ὥστε</span> <span class='ocrx_word' id='word_1_177' title='bbox 2683 689 2798 742; x_wconf 85' lang='grc' dir='ltr'>τοῖς</span> <span class='ocrx_word' id='word_1_178' title='bbox 2843 685 3164 751; x_wconf 71' lang='grc' dir='ltr'>μετανοοϋσι</span> <span class='ocrx_word' id='word_1_179' title='bbox 3210 681 3351 736; x_wconf 86' lang='grc' dir='ltr'><strong>κατά</strong></span> <span class='ocrx_word' id='word_1_180' title='bbox 3397 682 3494 750; x_wconf 79' lang='grc' dir='ltr'><strong>τὴν</strong></span> <span class='ocrx_word' id='word_1_181' title='bbox 3541 687 3648 738; x_wconf 85' lang='grc' dir='ltr'>τῶν</span> <span class='ocrx_word' id='word_1_182' title='bbox 3703 685 3889 763; x_wconf 75' lang='grc' dir='ltr'>ἁμαρ·</span> 
     </span>
    </p>
   </div>
   <div class='ocr_carea' id='block_1_34' title="bbox 2226 763 3889 851">
    <p class='ocr_par' dir='ltr' id='par_1_34' title="bbox 2226 763 3889 851">
     <span class='ocr_line' id='line_1_34' title="bbox 2226 763 3889 851; baseline 0.007 -32"><span class='ocrx_word' id='word_1_183' title='bbox 2226 765 2484 830; x_wconf 75' lang='grc' dir='ltr'>τημσίτων</span> <span class='ocrx_word' id='word_1_184' title='bbox 2538 763 2792 844; x_wconf 67' lang='grc' dir='ltr'>διανρορὲιν</span> <span class='ocrx_word' id='word_1_185' title='bbox 2849 772 2918 843; x_wconf 74' lang='grc' dir='ltr'><strong>τῇ</strong></span> <span class='ocrx_word' id='word_1_186' title='bbox 2994 774 3101 823; x_wconf 83' lang='grc' dir='ltr'>τῶν</span> <span class='ocrx_word' id='word_1_187' title='bbox 3160 769 3476 827; x_wconf 82' lang='grc' dir='ltr'>ἐπισκόπων</span> <span class='ocrx_word' id='word_1_188' title='bbox 3539 771 3712 851; x_wconf 84' lang='grc' dir='ltr'>κρίσει</span> <span class='ocrx_word' id='word_1_189' title='bbox 3790 777 3889 839; x_wconf 67' lang='grc' dir='ltr'><strong>τὰς</strong></span> 
     </span>
    </p>
   </div>
   <div class='ocr_carea' id='block_1_35' title="bbox 2226 854 3889 940">
    <p class='ocr_par' dir='ltr' id='par_1_35' title="bbox 2226 854 3889 940">
     <span class='ocr_line' id='line_1_35' title="bbox 2226 854 3889 940; baseline 0.007 -32"><span class='ocrx_word' id='word_1_190' title='bbox 2226 854 2509 928; x_wconf 85' lang='grc' dir='ltr'>μετανοίας</span> <span class='ocrx_word' id='word_1_191' title='bbox 2571 854 2624 910; x_wconf 90' lang='grc' dir='ltr'><strong>ἐν</strong></span> <span class='ocrx_word' id='word_1_192' title='bbox 2700 863 2869 932; x_wconf 85' lang='grc' dir='ltr'>καιρῷ</span> <span class='ocrx_word' id='word_1_193' title='bbox 2949 858 3326 937; x_wconf 66' lang='grc' dir='ltr'>ψηφίζεσθαι·</span> <span class='ocrx_word' id='word_1_194' title='bbox 3399 860 3760 940; x_wconf 71' lang='grc' dir='ltr'>πσεσεύτεριις</span> <span class='ocrx_word' id='word_1_195' title='bbox 3831 863 3889 919; x_wconf 73' lang='grc' dir='ltr'>δὲ</span> 
     </span>
    </p>
   </div>
   <div class='ocr_carea' id='block_1_36' title="bbox 2229 943 3891 1028">
    <p class='ocr_par' dir='ltr' id='par_1_36' title="bbox 2229 943 3891 1028">
     <span class='ocr_line' id='line_1_36' title="bbox 2229 943 3891 1028; baseline 0.008 -30"><span class='ocrx_word' id='word_1_196' title='bbox 2229 944 2368 1019; x_wconf 79' lang='grc' dir='ltr'><strong>παρά</strong></span> <span class='ocrx_word' id='word_1_197' title='bbox 2411 943 2636 1021; x_wconf 80' lang='grc' dir='ltr'><strong>γνώμην</strong></span> <span class='ocrx_word' id='word_1_198' title='bbox 2670 956 2760 1004; x_wconf 74' lang='grc' dir='ltr'>τοῦ</span> <span class='ocrx_word' id='word_1_199' title='bbox 2806 946 3127 1022; x_wconf 80' lang='grc' dir='ltr'><strong>ἐπισκόπου,</strong></span> <span class='ocrx_word' id='word_1_200' title='bbox 3181 948 3260 1024; x_wconf 65' lang='grc' dir='ltr'><strong>μή</strong></span> <span class='ocrx_word' id='word_1_201' title='bbox 3305 949 3666 1028; x_wconf 74' lang='grc' dir='ltr'>καταλλάσσῃ</span> <span class='ocrx_word' id='word_1_202' title='bbox 3716 974 3891 1023; x_wconf 76' lang='grc' dir='ltr'>μετα-</span> 
     </span>
    </p>
   </div>
   <div class='ocr_carea' id='block_1_37' title="bbox 2228 1033 3895 1118">
    <p class='ocr_par' dir='ltr' id='par_1_37' title="bbox 2228 1033 3895 1118">
     <span class='ocr_line' id='line_1_37' title="bbox 2228 1033 3895 1118; baseline 0.008 -32"><span class='ocrx_word' id='word_1_203' title='bbox 2228 1033 2476 1107; x_wconf 69' lang='grc' dir='ltr'>νουῦντα,</span> <span class='ocrx_word' id='word_1_204' title='bbox 2523 1035 2566 1088; x_wconf 81' lang='grc' dir='ltr'><strong>εί</strong></span> <span class='ocrx_word' id='word_1_205' title='bbox 2623 1037 2700 1109; x_wconf 80' lang='grc' dir='ltr'><strong>μή</strong></span> <span class='ocrx_word' id='word_1_206' title='bbox 2746 1035 2797 1112; x_wconf 85' lang='grc' dir='ltr'>γ’</span> <span class='ocrx_word' id='word_1_207' title='bbox 2845 1035 2905 1091; x_wconf 76' lang='grc' dir='ltr'><strong>ἂν</strong></span> <span class='ocrx_word' id='word_1_208' title='bbox 2953 1035 3198 1115; x_wconf 69' lang='grc' dir='ltr'>ἀνάγκης</span> <span class='ocrx_word' id='word_1_209' title='bbox 3263 1040 3636 1113; x_wconf 79' lang='grc' dir='ltr'>συνωθούσης,</span> <span class='ocrx_word' id='word_1_210' title='bbox 3699 1042 3756 1097; x_wconf 79' lang='grc' dir='ltr'><strong>ἐν</strong></span> <span class='ocrx_word' id='word_1_211' title='bbox 3822 1045 3895 1118; x_wconf 72' lang='grc' dir='ltr'><strong>τῇ</strong></span> 
     </span>
    </p>
   </div>
   <div class='ocr_carea' id='block_1_38' title="bbox 2228 1123 3890 1205">
    <p class='ocr_par' dir='ltr' id='par_1_38' title="bbox 2228 1123 3890 1205">
     <span class='ocr_line' id='line_1_38' title="bbox 2228 1123 3890 1205; baseline 0.007 -29"><span class='ocrx_word' id='word_1_212' title='bbox 2228 1123 2452 1194; x_wconf 79' lang='grc' dir='ltr'>ἀπουσίᾳ</span> <span class='ocrx_word' id='word_1_213' title='bbox 2523 1133 2616 1182; x_wconf 68' lang='grc' dir='ltr'><strong>τοῦ</strong></span> <span class='ocrx_word' id='word_1_214' title='bbox 2674 1123 2969 1180; x_wconf 73' lang='grc' dir='ltr'>ἐπισκόπου</span> <span class='ocrx_word' id='word_1_215' title='bbox 3005 1141 3017 1154; x_wconf 85' lang='grc'><strong><em>⁸</em></strong></span> <span class='ocrx_word' id='word_1_216' title='bbox 3101 1127 3519 1196; x_wconf 74' lang='grc' dir='ltr'>οὕτενοσόήποτε</span> <span class='ocrx_word' id='word_1_217' title='bbox 3590 1127 3646 1186; x_wconf 66' lang='grc' dir='ltr'>δὲ</span> <span class='ocrx_word' id='word_1_218' title='bbox 3707 1153 3890 1205; x_wconf 79' lang='grc' dir='ltr'>μετα-</span> 
     </span>
    </p>
   </div>
   <div class='ocr_carea' id='block_1_39' title="bbox 2225 1211 3884 1293">
    <p class='ocr_par' dir='ltr' id='par_1_39' title="bbox 2225 1211 3884 1293">
     <span class='ocr_line' id='line_1_39' title="bbox 2225 1211 3884 1293; baseline 0.007 -27"><span class='ocrx_word' id='word_1_219' title='bbox 2225 1214 2490 1285; x_wconf 72' lang='grc' dir='ltr'>νοοῦντος,</span> <span class='ocrx_word' id='word_1_220' title='bbox 2556 1215 2599 1268; x_wconf 81' lang='grc' dir='ltr'>εἰ</span> <span class='ocrx_word' id='word_1_221' title='bbox 2655 1211 2948 1270; x_wconf 78' lang='grc' dir='ltr'>πούϐλικὸν</span> <span class='ocrx_word' id='word_1_222' title='bbox 3005 1214 3100 1270; x_wconf 75' lang='grc' dir='ltr'>καί</span> <span class='ocrx_word' id='word_1_223' title='bbox 3160 1217 3595 1293; x_wconf 77' lang='grc' dir='ltr'>τεθρυλλημένεν</span> <span class='ocrx_word' id='word_1_224' title='bbox 3657 1220 3776 1277; x_wconf 86' lang='grc' dir='ltr'><strong>ἐστί</strong></span> <span class='ocrx_word' id='word_1_225' title='bbox 3820 1224 3884 1278; x_wconf 71' lang='grc' dir='ltr'><strong>τὸ</strong></span> 
     </span>
    </p>
   </div>
   <div class='ocr_carea' id='block_1_40' title="bbox 2223 1299 3885 1388">
    <p class='ocr_par' dir='ltr' id='par_1_40' title="bbox 2223 1299 3885 1388">
     <span class='ocr_line' id='line_1_40' title="bbox 2223 1299 3885 1388; baseline 0.007 -32"><span class='ocrx_word' id='word_1_226' title='bbox 2223 1299 2471 1384; x_wconf 79' lang='grc' dir='ltr'>ἔγκλημα</span> <span class='ocrx_word' id='word_1_227' title='bbox 2515 1303 2575 1357; x_wconf 74' lang='grc' dir='ltr'><strong>τὸ</strong></span> <span class='ocrx_word' id='word_1_228' title='bbox 2619 1303 2904 1377; x_wconf 86' lang='grc' dir='ltr'>σύμπασαν</span> <span class='ocrx_word' id='word_1_229' title='bbox 2945 1305 3044 1371; x_wconf 75' lang='grc' dir='ltr'>τὴν</span> <span class='ocrx_word' id='word_1_230' title='bbox 3081 1304 3376 1373; x_wconf 77' lang='grc' dir='ltr'>ἐκκλησίαν</span> <span class='ocrx_word' id='word_1_231' title='bbox 3414 1317 3619 1384; x_wconf 71' lang='grc' dir='ltr'>κινοῦν,</span> <span class='ocrx_word' id='word_1_232' title='bbox 3656 1312 3758 1388; x_wconf 79' lang='grc' dir='ltr'><strong>πρὸ</strong></span> <span class='ocrx_word' id='word_1_233' title='bbox 3788 1313 3885 1378; x_wconf 74' lang='grc' dir='ltr'><strong>τῆς</strong></span> 
     </span>
    </p>
   </div>
   <div class='ocr_carea' id='block_1_41' title="bbox 2226 1391 3116 1472">
    <p class='ocr_par' dir='ltr' id='par_1_41' title="bbox 2226 1391 3116 1472">
     <span class='ocr_line' id='line_1_41' title="bbox 2226 1391 3116 1472; baseline 0.006 -27"><span class='ocrx_word' id='word_1_234' title='bbox 2226 1391 2414 1464; x_wconf 82' lang='grc' dir='ltr'>ἀψίδος</span> <span class='ocrx_word' id='word_1_235' title='bbox 2446 1391 2620 1464; x_wconf 87' lang='grc' dir='ltr'>τούτῳ</span> <span class='ocrx_word' id='word_1_236' title='bbox 2649 1394 2682 1458; x_wconf 81' lang='grc' dir='ltr'>ἡ</span> <span class='ocrx_word' id='word_1_237' title='bbox 2717 1394 2838 1472; x_wconf 83' lang='grc' dir='ltr'>χεὶρ</span> <span class='ocrx_word' id='word_1_238' title='bbox 2869 1392 3116 1471; x_wconf 81' lang='grc' dir='ltr'>ἐπιτεθῇ,</span> 
     </span>
    </p>
   </div>
   <div class='ocr_carea' id='block_1_42' title="bbox 2229 1481 3880 1569">
    <p class='ocr_par' dir='ltr' id='par_1_42' title="bbox 2229 1481 3880 1569">
     <span class='ocr_line' id='line_1_42' title="bbox 2229 1481 3880 1569; baseline 0.007 -34"><span class='ocrx_word' id='word_1_239' title='bbox 2229 1482 2349 1560; x_wconf 84' lang='grc' dir='ltr'>Περὶ</span> <span class='ocrx_word' id='word_1_240' title='bbox 2380 1486 2484 1536; x_wconf 81' lang='grc' dir='ltr'>τῶν</span> <span class='ocrx_word' id='word_1_241' title='bbox 2521 1481 2900 1556; x_wconf 66' lang='grc' dir='ltr'><strong>ἀσθενούντων,</strong></span> <span class='ocrx_word' id='word_1_242' title='bbox 2955 1484 3043 1539; x_wconf 80' lang='grc' dir='ltr'><strong>καὶ</strong></span> <span class='ocrx_word' id='word_1_243' title='bbox 3089 1485 3222 1563; x_wconf 68' lang='grc' dir='ltr'><strong>ὺπέρ</strong></span> <span class='ocrx_word' id='word_1_244' title='bbox 3262 1487 3467 1545; x_wconf 79' lang='grc' dir='ltr'>ἑαυτῶν</span> <span class='ocrx_word' id='word_1_245' title='bbox 3497 1489 3880 1569; x_wconf 86' lang='grc' dir='ltr'>ἀποκρίνεσθαι</span> 
     </span>
    </p>
   </div>
   <div class='ocr_carea' id='block_1_43' title="bbox 2828 1570 3258 1647">
    <p class='ocr_par' dir='ltr' id='par_1_43' title="bbox 2828 1570 3258 1647">
     <span class='ocr_line' id='line_1_43' title="bbox 2828 1570 3258 1647; baseline 0.002 -21"><span class='ocrx_word' id='word_1_246' title='bbox 2828 1572 2905 1644; x_wconf 78' lang='grc' dir='ltr'><strong>μὴ</strong></span> <span class='ocrx_word' id='word_1_247' title='bbox 2928 1570 3258 1647; x_wconf 82' lang='grc' dir='ltr'>δυναμένων,</span> 
     </span>
    </p>
   </div>
   <div class='ocr_carea' id='block_1_44' title="bbox 2305 1656 3450 1743">
    <p class='ocr_par' dir='ltr' id='par_1_44' title="bbox 2305 1656 3450 1743">
     <span class='ocr_line' id='line_1_44' title="bbox 2305 1656 3450 1743; baseline 0.005 -29"><span class='ocrx_word' id='word_1_248' title='bbox 2305 1656 2416 1734; x_wconf 86' lang='grc' dir='ltr'>με’,</span> <span class='ocrx_word' id='word_1_249' title='bbox 2453 1658 2622 1715; x_wconf 74' lang='grc' dir='ltr'>’Ὥστε</span> <span class='ocrx_word' id='word_1_250' title='bbox 2655 1660 2776 1722; x_wconf 79' lang='grc' dir='ltr'>τοὺς</span> <span class='ocrx_word' id='word_1_251' title='bbox 2808 1660 3187 1743; x_wconf 70' lang='grc' dir='ltr'>ἀσθενοῦντας,</span> <span class='ocrx_word' id='word_1_252' title='bbox 3217 1686 3272 1736; x_wconf 90' lang='grc' dir='ltr'><strong>κ,</strong></span> <span class='ocrx_word' id='word_1_253' title='bbox 3306 1686 3362 1725; x_wconf 88' lang='grc' dir='ltr'>τ.</span> <span class='ocrx_word' id='word_1_254' title='bbox 3396 1664 3450 1728; x_wconf 87' lang='grc' dir='ltr'><strong>λ,</strong></span> 
     </span>
    </p>
   </div>
   <div class='ocr_carea' id='block_1_45' title="bbox 2433 1747 3644 1833">
    <p class='ocr_par' dir='ltr' id='par_1_45' title="bbox 2433 1747 3644 1833">
     <span class='ocr_line' id='line_1_45' title="bbox 2433 1747 3644 1833; baseline 0.008 -30"><span class='ocrx_word' id='word_1_255' title='bbox 2433 1747 2660 1805; x_wconf 85' lang='grc' dir='ltr'>Συνόδου</span> <span class='ocrx_word' id='word_1_256' title='bbox 2691 1752 3067 1824; x_wconf 80' lang='grc' dir='ltr'>οἱκουμενικῆς</span> <span class='ocrx_word' id='word_1_257' title='bbox 3100 1750 3264 1820; x_wconf 78' lang='grc' dir='ltr'>ἕκτης</span> <span class='ocrx_word' id='word_1_258' title='bbox 3309 1757 3488 1812; x_wconf 85' lang='grc' dir='ltr'>κανὼν</span> <span class='ocrx_word' id='word_1_259' title='bbox 3535 1757 3644 1833; x_wconf 77' lang='grc' dir='ltr'><strong>ρβ⁹.</strong></span> 
     </span>
    </p>
   </div>
   <div class='ocr_carea' id='block_1_46' title="bbox 2303 1837 3876 1928">
    <p class='ocr_par' dir='ltr' id='par_1_46' title="bbox 2303 1837 3876 1928">
     <span class='ocr_line' id='line_1_46' title="bbox 2303 1837 3876 1928; baseline 0.008 -36"><span class='ocrx_word' id='word_1_260' title='bbox 2303 1837 2406 1916; x_wconf 85' lang='grc' dir='ltr'><strong>ρβ’.</strong></span> <span class='ocrx_word' id='word_1_261' title='bbox 2460 1849 2555 1894; x_wconf 76' lang='grc' dir='ltr'>Δεῖ</span> <span class='ocrx_word' id='word_1_262' title='bbox 2605 1837 2660 1894; x_wconf 78' lang='grc' dir='ltr'>δὲ</span> <span class='ocrx_word' id='word_1_263' title='bbox 2705 1841 2825 1902; x_wconf 81' lang='grc' dir='ltr'>τοὺς</span> <span class='ocrx_word' id='word_1_264' title='bbox 2872 1840 3112 1905; x_wconf 80' lang='grc' dir='ltr'>ἐξουσίαν</span> <span class='ocrx_word' id='word_1_265' title='bbox 3157 1841 3302 1899; x_wconf 82' lang='grc' dir='ltr'>λύειν</span> <span class='ocrx_word' id='word_1_266' title='bbox 3333 1847 3422 1902; x_wconf 85' lang='grc' dir='ltr'><strong>καὶ</strong></span> <span class='ocrx_word' id='word_1_267' title='bbox 3466 1844 3694 1921; x_wconf 75' lang='grc' dir='ltr'>δεσμεῖν</span> <span class='ocrx_word' id='word_1_268' title='bbox 3728 1850 3876 1928; x_wconf 83' lang='grc' dir='ltr'><strong>παρά</strong></span> 
     </span>
    </p>
   </div>
   <div class='ocr_carea' id='block_1_47' title="bbox 2223 1925 3872 2014">
    <p class='ocr_par' dir='ltr' id='par_1_47' title="bbox 2223 1925 3872 2014">
     <span class='ocr_line' id='line_1_47' title="bbox 2223 1925 3872 2014; baseline 0.005 -30"><span class='ocrx_word' id='word_1_269' title='bbox 2223 1931 2357 1984; x_wconf 69' lang='grc' dir='ltr'>Θεοῦ</span> <span class='ocrx_word' id='word_1_270' title='bbox 2399 1925 2688 2002; x_wconf 67' lang='grc' dir='ltr'>λαϐόντας,</span> <span class='ocrx_word' id='word_1_271' title='bbox 2723 1944 2951 1986; x_wconf 76' lang='grc' dir='ltr'>σκοπεῖν</span> <span class='ocrx_word' id='word_1_272' title='bbox 3009 1933 3106 1998; x_wconf 82' lang='grc' dir='ltr'>τὴν</span> <span class='ocrx_word' id='word_1_273' title='bbox 3145 1937 3245 2000; x_wconf 77' lang='grc' dir='ltr'>τῆς</span> <span class='ocrx_word' id='word_1_274' title='bbox 3277 1934 3540 2012; x_wconf 71' lang='grc' dir='ltr'>ἁμαρτίας</span> <span class='ocrx_word' id='word_1_275' title='bbox 3576 1925 3872 2014; x_wconf 78' lang='grc' dir='ltr'>ποιότητα,</span> 
     </span>
    </p>
   </div>
   <div class='ocr_carea' id='block_1_48' title="bbox 2222 2017 3869 2104">
    <p class='ocr_par' dir='ltr' id='par_1_48' title="bbox 2222 2017 3869 2104">
     <span class='ocr_line' id='line_1_48' title="bbox 2222 2017 3869 2104; baseline 0.007 -32"><span class='ocrx_word' id='word_1_276' title='bbox 2222 2017 2316 2074; x_wconf 73' lang='grc' dir='ltr'><strong>καί</strong></span> <span class='ocrx_word' id='word_1_277' title='bbox 2358 2019 2456 2084; x_wconf 73' lang='grc' dir='ltr'>τὴν</span> <span class='ocrx_word' id='word_1_278' title='bbox 2512 2029 2604 2078; x_wconf 79' lang='grc' dir='ltr'>τοῦ</span> <span class='ocrx_word' id='word_1_279' title='bbox 2633 2020 3016 2096; x_wconf 72' lang='grc' dir='ltr'>ἡμαρτηκότος</span> <span class='ocrx_word' id='word_1_280' title='bbox 3079 2023 3210 2100; x_wconf 76' lang='grc' dir='ltr'>πρὸς</span> <span class='ocrx_word' id='word_1_281' title='bbox 3258 2022 3593 2104; x_wconf 70' lang='grc' dir='ltr'>ἐπιστροφὴν</span> <span class='ocrx_word' id='word_1_282' title='bbox 3639 2027 3869 2103; x_wconf 78' lang='grc' dir='ltr'>ἑτοιμα-</span> 
     </span>
    </p>
   </div>
   <div class='ocr_carea' id='block_1_49' title="bbox 2222 2107 3868 2194">
    <p class='ocr_par' dir='ltr' id='par_1_49' title="bbox 2222 2107 3868 2194">
     <span class='ocr_line' id='line_1_49' title="bbox 2222 2107 3868 2194; baseline 0.006 -31"><span class='ocrx_word' id='word_1_283' title='bbox 2222 2107 2359 2184; x_wconf 87' lang='grc' dir='ltr'>σίαν,</span> <span class='ocrx_word' id='word_1_284' title='bbox 2405 2109 2494 2164; x_wconf 89' lang='grc' dir='ltr'><strong>καὶ</strong></span> <span class='ocrx_word' id='word_1_285' title='bbox 2536 2108 2675 2164; x_wconf 72' lang='grc' dir='ltr'>οὕτω</span> <span class='ocrx_word' id='word_1_286' title='bbox 2719 2109 3064 2176; x_wconf 78' lang='grc' dir='ltr'>κατάλληλον</span> <span class='ocrx_word' id='word_1_287' title='bbox 3109 2112 3206 2178; x_wconf 77' lang='grc' dir='ltr'><strong>τήν</strong></span> <span class='ocrx_word' id='word_1_288' title='bbox 3246 2115 3533 2192; x_wconf 78' lang='grc' dir='ltr'>θεραπείαν</span> <span class='ocrx_word' id='word_1_289' title='bbox 3575 2117 3868 2194; x_wconf 78' lang='grc' dir='ltr'>προσάγειν</span> 
     </span>
    </p>
   </div>
   <div class='ocr_carea' id='block_1_50' title="bbox 2220 2197 3870 2284">
    <p class='ocr_par' dir='ltr' id='par_1_50' title="bbox 2220 2197 3870 2284">
     <span class='ocr_line' id='line_1_50' title="bbox 2220 2197 3870 2284; baseline 0.005 -30"><span class='ocrx_word' id='word_1_290' title='bbox 2220 2203 2298 2271; x_wconf 82' lang='grc' dir='ltr'><strong>τῷ</strong></span> <span class='ocrx_word' id='word_1_291' title='bbox 2329 2197 2709 2277; x_wconf 71' lang='grc' dir='ltr'>ἀῤῥωστήματι</span> <span class='ocrx_word' id='word_1_292' title='bbox 2748 2217 2760 2229; x_wconf 91' lang='grc'><strong>·</strong></span> <span class='ocrx_word' id='word_1_293' title='bbox 2794 2197 2890 2255; x_wconf 68' lang='grc' dir='ltr'>’ίνα</span> <span class='ocrx_word' id='word_1_294' title='bbox 2933 2201 3011 2274; x_wconf 77' lang='grc' dir='ltr'>μὴ</span> <span class='ocrx_word' id='word_1_295' title='bbox 3055 2207 3122 2276; x_wconf 74' lang='grc' dir='ltr'><strong>τῇ</strong></span> <span class='ocrx_word' id='word_1_296' title='bbox 3173 2202 3397 2281; x_wconf 74' lang='grc' dir='ltr'>ἀμετρία</span> <span class='ocrx_word' id='word_1_297' title='bbox 3451 2203 3572 2261; x_wconf 81' lang='grc' dir='ltr'>καθ’</span> <span class='ocrx_word' id='word_1_298' title='bbox 3618 2207 3870 2284; x_wconf 75' lang='grc' dir='ltr'>ἑκάτερον</span> 
     </span>
    </p>
   </div>
   <div class='ocr_carea' id='block_1_51' title="bbox 2221 2289 3868 2372">
    <p class='ocr_par' dir='ltr' id='par_1_51' title="bbox 2221 2289 3868 2372">
     <span class='ocr_line' id='line_1_51' title="bbox 2221 2289 3868 2372; baseline 0.007 -30"><span class='ocrx_word' id='word_1_299' title='bbox 2221 2289 2529 2366; x_wconf 84' lang='grc' dir='ltr'>χρώμενος,</span> <span class='ocrx_word' id='word_1_300' title='bbox 2563 2289 2902 2370; x_wconf 74' lang='grc' dir='ltr'>ἀποσφαλείη</span> <span class='ocrx_word' id='word_1_301' title='bbox 2949 2292 3080 2368; x_wconf 80' lang='grc' dir='ltr'>πρὸς</span> <span class='ocrx_word' id='word_1_302' title='bbox 3130 2293 3229 2358; x_wconf 73' lang='grc' dir='ltr'>τὴν</span> <span class='ocrx_word' id='word_1_303' title='bbox 3272 2295 3545 2372; x_wconf 81' lang='grc' dir='ltr'>σωτηρίαν</span> <span class='ocrx_word' id='word_1_304' title='bbox 3603 2304 3697 2354; x_wconf 82' lang='grc' dir='ltr'>τοῦ</span> <span class='ocrx_word' id='word_1_305' title='bbox 3760 2298 3868 2353; x_wconf 72' lang='grc' dir='ltr'><strong>κᾶ-</strong></span> 
     </span>
    </p>
   </div>
   <div class='ocr_carea' id='block_1_52' title="bbox 2223 2379 3869 2460">
    <p class='ocr_par' dir='ltr' id='par_1_52' title="bbox 2223 2379 3869 2460">
     <span class='ocr_line' id='line_1_52' title="bbox 2223 2379 3869 2460; baseline 0.008 -30"><span class='ocrx_word' id='word_1_306' title='bbox 2223 2399 2448 2450; x_wconf 86' lang='grc' dir='ltr'>μνοντος</span> <span class='ocrx_word' id='word_1_307' title='bbox 2481 2395 2496 2410; x_wconf 83' lang='grc'><strong>⁸</strong></span> <span class='ocrx_word' id='word_1_308' title='bbox 2532 2383 2593 2437; x_wconf 75' lang='grc' dir='ltr'>οὖ</span> <span class='ocrx_word' id='word_1_309' title='bbox 2637 2379 2738 2457; x_wconf 75' lang='grc' dir='ltr'><strong>γὰρ</strong></span> <span class='ocrx_word' id='word_1_310' title='bbox 2783 2379 2934 2447; x_wconf 88' lang='grc' dir='ltr'>ἀπλῆ</span> <span class='ocrx_word' id='word_1_311' title='bbox 2979 2380 3072 2447; x_wconf 80' lang='grc' dir='ltr'><strong>τῆς</strong></span> <span class='ocrx_word' id='word_1_312' title='bbox 3119 2381 3385 2458; x_wconf 78' lang='grc' dir='ltr'>ἁμαρτίας</span> <span class='ocrx_word' id='word_1_313' title='bbox 3430 2386 3465 2452; x_wconf 79' lang='grc' dir='ltr'><strong>ἡ</strong></span> <span class='ocrx_word' id='word_1_314' title='bbox 3511 2386 3695 2460; x_wconf 89' lang='grc' dir='ltr'>νόσος,</span> <span class='ocrx_word' id='word_1_315' title='bbox 3731 2386 3869 2442; x_wconf 76' lang='grc' dir='ltr'><strong>ἀλλά</strong></span> 
     </span>
    </p>
   </div>
   <div class='ocr_carea' id='block_1_53' title="bbox 2221 2467 3869 2552">
    <p class='ocr_par' dir='ltr' id='par_1_53' title="bbox 2221 2467 3869 2552">
     <span class='ocr_line' id='line_1_53' title="bbox 2221 2467 3869 2552; baseline 0.006 -29"><span class='ocrx_word' id='word_1_316' title='bbox 2221 2467 2464 2531; x_wconf 79' lang='grc' dir='ltr'>ποικίλος</span> <span class='ocrx_word' id='word_1_317' title='bbox 2521 2472 2610 2524; x_wconf 86' lang='grc' dir='ltr'><strong>καὶ</strong></span> <span class='ocrx_word' id='word_1_318' title='bbox 2688 2467 3003 2541; x_wconf 78' lang='grc' dir='ltr'>πολυειδὴς,</span> <span class='ocrx_word' id='word_1_319' title='bbox 3083 2473 3170 2527; x_wconf 86' lang='grc' dir='ltr'><strong>καὶ</strong></span> <span class='ocrx_word' id='word_1_320' title='bbox 3225 2471 3440 2535; x_wconf 74' lang='grc' dir='ltr'>πολλὰς</span> <span class='ocrx_word' id='word_1_321' title='bbox 3498 2475 3599 2540; x_wconf 71' lang='grc' dir='ltr'>τῆς</span> <span class='ocrx_word' id='word_1_322' title='bbox 3659 2474 3869 2552; x_wconf 75' lang='grc' dir='ltr'>βλάϐης</span> 
     </span>
    </p>
   </div>
   <div class='ocr_carea' id='block_1_54' title="bbox 2221 2555 3869 2639">
    <p class='ocr_par' dir='ltr' id='par_1_54' title="bbox 2221 2555 3869 2639">
     <span class='ocr_line' id='line_1_54' title="bbox 2221 2555 3869 2639; baseline 0.005 -27"><span class='ocrx_word' id='word_1_323' title='bbox 2221 2555 2561 2636; x_wconf 70' lang='grc' dir='ltr'>παραφυάδας</span> <span class='ocrx_word' id='word_1_324' title='bbox 2591 2555 3048 2639; x_wconf 70' lang='grc' dir='ltr'>βλαστάνουσα,ἐξ</span> <span class='ocrx_word' id='word_1_325' title='bbox 3074 2562 3149 2615; x_wconf 79' lang='grc' dir='ltr'>ὧν</span> <span class='ocrx_word' id='word_1_326' title='bbox 3180 2561 3240 2616; x_wconf 80' lang='grc' dir='ltr'>τὸ</span> <span class='ocrx_word' id='word_1_327' title='bbox 3272 2563 3440 2618; x_wconf 69' lang='grc' dir='ltr'>κακδν</span> <span class='ocrx_word' id='word_1_328' title='bbox 3464 2562 3550 2619; x_wconf 80' lang='grc' dir='ltr'><strong>ἐπὶ</strong></span> <span class='ocrx_word' id='word_1_329' title='bbox 3580 2563 3717 2620; x_wconf 78' lang='grc' dir='ltr'>πελὺ</span> <span class='ocrx_word' id='word_1_330' title='bbox 3748 2562 3869 2621; x_wconf 83' lang='grc' dir='ltr'>δια-</span> 
     </span>
    </p>
   </div>
   <div class='ocr_carea' id='block_1_55' title="bbox 2221 2647 3868 2730">
    <p class='ocr_par' dir='ltr' id='par_1_55' title="bbox 2221 2647 3868 2730">
     <span class='ocr_line' id='line_1_55' title="bbox 2221 2647 3868 2730; baseline 0.006 -30"><span class='ocrx_word' id='word_1_331' title='bbox 2221 2658 2406 2724; x_wconf 71' lang='grc' dir='ltr'>χεῖται</span> <span class='ocrx_word' id='word_1_332' title='bbox 2451 2649 2537 2702; x_wconf 88' lang='grc' dir='ltr'><strong>καὶ</strong></span> <span class='ocrx_word' id='word_1_333' title='bbox 2576 2647 2762 2724; x_wconf 85' lang='grc' dir='ltr'>πρόσω</span> <span class='ocrx_word' id='word_1_334' title='bbox 2796 2648 2993 2730; x_wconf 84' lang='grc' dir='ltr'>βαίνει,</span> <span class='ocrx_word' id='word_1_335' title='bbox 3025 2652 3221 2729; x_wconf 77' lang='grc' dir='ltr'>μέχρις</span> <span class='ocrx_word' id='word_1_336' title='bbox 3254 2651 3316 2704; x_wconf 82' lang='grc' dir='ltr'><strong>ἃν</strong></span> <span class='ocrx_word' id='word_1_337' title='bbox 3348 2652 3506 2719; x_wconf 88' lang='grc' dir='ltr'>σταίη</span> <span class='ocrx_word' id='word_1_338' title='bbox 3541 2652 3609 2728; x_wconf 74' lang='grc' dir='ltr'><strong>τῇ</strong></span> <span class='ocrx_word' id='word_1_339' title='bbox 3645 2651 3868 2729; x_wconf 76' lang='grc' dir='ltr'>δυνάμει</span> 
     </span>
    </p>
   </div>
   <div class='ocr_carea' id='block_1_56' title="bbox 2217 2739 3869 2820">
    <p class='ocr_par' dir='ltr' id='par_1_56' title="bbox 2217 2739 3869 2820">
     <span class='ocr_line' id='line_1_56' title="bbox 2217 2739 3869 2820; baseline 0.004 -27"><span class='ocrx_word' id='word_1_340' title='bbox 2217 2747 2311 2796; x_wconf 78' lang='grc' dir='ltr'>τοῦ</span> <span class='ocrx_word' id='word_1_341' title='bbox 2340 2739 2722 2814; x_wconf 84' lang='grc' dir='ltr'>θεραπεύοντος</span> <span class='ocrx_word' id='word_1_342' title='bbox 2751 2754 2766 2771; x_wconf 83' lang='grc'><strong><em>⁸</em></strong></span> <span class='ocrx_word' id='word_1_343' title='bbox 2815 2739 2952 2795; x_wconf 82' lang='grc' dir='ltr'>ὥστε</span> <span class='ocrx_word' id='word_1_344' title='bbox 2985 2743 3076 2796; x_wconf 84' lang='grc' dir='ltr'><strong>τὸν</strong></span> <span class='ocrx_word' id='word_1_345' title='bbox 3105 2742 3203 2808; x_wconf 83' lang='grc' dir='ltr'><strong>την</strong></span> <span class='ocrx_word' id='word_1_346' title='bbox 3259 2743 3507 2820; x_wconf 77' lang='grc' dir='ltr'>ἰατρικὴν</span> <span class='ocrx_word' id='word_1_347' title='bbox 3551 2747 3869 2818; x_wconf 65' lang='grc' dir='ltr'>ἐπιστήμην</span> 
     </span>
    </p>
   </div>
   <div class='ocr_carea' id='block_1_57' title="bbox 484 2825 2128 2911">
    <p class='ocr_par' dir='ltr' id='par_1_57' title="bbox 484 2825 2128 2907">
     <span class='ocr_line' id='line_1_57' title="bbox 484 2825 2128 2907; baseline 0 -19"><span class='ocrx_word' id='word_1_348' title='bbox 484 2828 624 2888; x_wconf 88' lang='lat' dir='ltr'><strong>tiam</strong></span> <span class='ocrx_word' id='word_1_349' title='bbox 659 2827 719 2886; x_wconf 90' lang='lat' dir='ltr'><strong>in</strong></span> <span class='ocrx_word' id='word_1_350' title='bbox 751 2826 964 2906; x_wconf 87' lang='lat' dir='ltr'><strong>spiritu</strong></span> <span class='ocrx_word' id='word_1_351' title='bbox 1027 2825 1364 2905; x_wconf 77' lang='lat' dir='ltr'><strong>profitetur,</strong></span> <span class='ocrx_word' id='word_1_352' title='bbox 1425 2835 1664 2906; x_wconf 85' lang='lat' dir='ltr'><strong>oportet</strong></span> <span class='ocrx_word' id='word_1_353' title='bbox 1704 2845 1838 2888; x_wconf 91' lang='lat' dir='ltr'><strong>eum</strong></span> <span class='ocrx_word' id='word_1_354' title='bbox 1875 2827 2128 2907; x_wconf 86' lang='lat' dir='ltr'><strong>primum</strong></span> 
     </span>
    </p>
   </div>
   <div class='ocr_carea' id='block_1_58' title="bbox 2222 2825 3866 2911">
    <p class='ocr_par' dir='ltr' id='par_1_58' title="bbox 2222 2826 3866 2911">
     <span class='ocr_line' id='line_1_58' title="bbox 2222 2826 3866 2911; baseline 0.005 -29"><span class='ocrx_word' id='word_1_355' title='bbox 2222 2826 2271 2882; x_wconf 80' lang='grc' dir='ltr'><strong>ἐν</strong></span> <span class='ocrx_word' id='word_1_356' title='bbox 2329 2829 2592 2902; x_wconf 87' lang='grc' dir='ltr'>πνεύματι</span> <span class='ocrx_word' id='word_1_357' title='bbox 2656 2827 3114 2904; x_wconf 67' lang='grc' dir='ltr'>ἐπιδεικνύμενον,</span> <span class='ocrx_word' id='word_1_358' title='bbox 3163 2834 3426 2910; x_wconf 85' lang='grc' dir='ltr'>πρότερον</span> <span class='ocrx_word' id='word_1_359' title='bbox 3471 2833 3585 2911; x_wconf 74' lang='grc' dir='ltr'><strong>χρη</strong></span> <span class='ocrx_word' id='word_1_360' title='bbox 3631 2835 3732 2902; x_wconf 73' lang='grc' dir='ltr'>τὴν</span> <span class='ocrx_word' id='word_1_361' title='bbox 3771 2841 3866 2892; x_wconf 83' lang='grc' dir='ltr'><strong>τοῦ</strong></span> 
     </span>
    </p>
   </div>
   <div class='ocr_carea' id='block_1_59' title="bbox 479 2915 2128 3003">
    <p class='ocr_par' dir='ltr' id='par_1_59' title="bbox 479 2915 2128 2998">
     <span class='ocr_line' id='line_1_59' title="bbox 479 2915 2128 2998; baseline 0.001 -20"><span class='ocrx_word' id='word_1_362' title='bbox 479 2916 612 2997; x_wconf 86' lang='lat' dir='ltr'><strong>ejus</strong></span> <span class='ocrx_word' id='word_1_363' title='bbox 643 2917 743 2998; x_wconf 87' lang='lat' dir='ltr'><strong>qui</strong></span> <span class='ocrx_word' id='word_1_364' title='bbox 778 2916 1063 2998; x_wconf 84' lang='lat' dir='ltr'><strong>peccavit,</strong></span> <span class='ocrx_word' id='word_1_365' title='bbox 1089 2915 1470 2976; x_wconf 67' lang='lat' dir='ltr'><strong>affectionem</strong></span> <span class='ocrx_word' id='word_1_366' title='bbox 1499 2916 1895 2979; x_wconf 90' lang='lat' dir='ltr'><strong>considerare</strong></span> <span class='ocrx_word' id='word_1_367' title='bbox 1927 2927 1983 2978; x_wconf 90' lang='lat' dir='ltr'><strong>et</strong></span> <span class='ocrx_word' id='word_1_368' title='bbox 2007 2917 2128 2979; x_wconf 88' lang='lat' dir='ltr'><strong>sive</strong></span> 
     </span>
    </p>
   </div>
   <div class='ocr_carea' id='block_1_60' title="bbox 2222 2915 3863 3003">
    <p class='ocr_par' dir='ltr' id='par_1_60' title="bbox 2222 2916 3863 3003">
     <span class='ocr_line' id='line_1_60' title="bbox 2222 2916 3863 3003; baseline 0.005 -32"><span class='ocrx_word' id='word_1_369' title='bbox 2222 2917 2595 2993; x_wconf 75' lang='grc' dir='ltr'>ἡμαρτηκότος</span> <span class='ocrx_word' id='word_1_370' title='bbox 2653 2916 2884 2976; x_wconf 58' lang='grc' dir='ltr'>διάθεσιν</span> <span class='ocrx_word' id='word_1_371' title='bbox 2929 2920 3372 3001; x_wconf 80' lang='grc' dir='ltr'>ἐπισκέπτεσθαι,</span> <span class='ocrx_word' id='word_1_372' title='bbox 3421 2924 3511 2979; x_wconf 81' lang='grc' dir='ltr'><strong>καὶ</strong></span> <span class='ocrx_word' id='word_1_373' title='bbox 3569 2922 3686 2980; x_wconf 80' lang='grc' dir='ltr'>εἴτε</span> <span class='ocrx_word' id='word_1_374' title='bbox 3732 2926 3863 3003; x_wconf 82' lang='grc' dir='ltr'>πρὸς</span> 
     </span>
    </p>
   </div>
   <div class='ocr_carea' id='block_1_61' title="bbox 479 3005 2128 3088">
    <p class='ocr_par' dir='ltr' id='par_1_61' title="bbox 479 3005 2127 3086">
     <span class='ocr_line' id='line_1_61' title="bbox 479 3005 2127 3086; baseline 0 -19"><span class='ocrx_word' id='word_1_375' title='bbox 479 3008 671 3086; x_wconf 76' lang='lat' dir='ltr'><strong>vergit</strong></span> <span class='ocrx_word' id='word_1_376' title='bbox 699 3006 771 3067; x_wconf 85' lang='lat' dir='ltr'><strong>ad</strong></span> <span class='ocrx_word' id='word_1_377' title='bbox 831 3006 1178 3078; x_wconf 86' lang='lat' dir='ltr'><strong>sanitatem,</strong></span> <span class='ocrx_word' id='word_1_378' title='bbox 1217 3005 1340 3066; x_wconf 90' lang='lat' dir='ltr'><strong>sive</strong></span> <span class='ocrx_word' id='word_1_379' title='bbox 1377 3015 1608 3080; x_wconf 89' lang='lat' dir='ltr'><strong>contra,</strong></span> <span class='ocrx_word' id='word_1_380' title='bbox 1647 3005 1906 3086; x_wconf 87' lang='lat' dir='ltr'><strong>prepriis</strong></span> <span class='ocrx_word' id='word_1_381' title='bbox 1941 3007 2127 3067; x_wconf 92' lang='lat' dir='ltr'><strong>mori-</strong></span> 
     </span>
    </p>
   </div>
   <div class='ocr_carea' id='block_1_62' title="bbox 2222 3005 3861 3088">
    <p class='ocr_par' dir='ltr' id='par_1_62' title="bbox 2222 3009 3861 3088">
     <span class='ocr_line' id='line_1_62' title="bbox 2222 3009 3861 3088; baseline 0.005 -26"><span class='ocrx_word' id='word_1_382' title='bbox 2222 3009 2308 3074; x_wconf 76' lang='grc' dir='ltr'>τὴν</span> <span class='ocrx_word' id='word_1_383' title='bbox 2362 3009 2564 3085; x_wconf 85' lang='grc' dir='ltr'>ὑγίειαν</span> <span class='ocrx_word' id='word_1_384' title='bbox 2623 3009 2782 3088; x_wconf 85' lang='grc' dir='ltr'>νεύει,</span> <span class='ocrx_word' id='word_1_385' title='bbox 2860 3009 2894 3077; x_wconf 76' lang='grc' dir='ltr'>ἢ</span> <span class='ocrx_word' id='word_1_386' title='bbox 2968 3013 3273 3068; x_wconf 73' lang='grc' dir='ltr'>τοῦναντίον</span> <span class='ocrx_word' id='word_1_387' title='bbox 3345 3009 3430 3066; x_wconf 81' lang='grc' dir='ltr'><strong>διὰ</strong></span> <span class='ocrx_word' id='word_1_388' title='bbox 3487 3015 3596 3069; x_wconf 78' lang='grc' dir='ltr'>τὼν</span> <span class='ocrx_word' id='word_1_389' title='bbox 3650 3015 3861 3070; x_wconf 81' lang='grc' dir='ltr'>οἰκείων</span> 
     </span>
    </p>
   </div>
   <div class='ocr_carea' id='block_1_63' title="bbox 480 3093 2129 3178">
    <p class='ocr_par' dir='ltr' id='par_1_63' title="bbox 480 3093 2129 3178">
     <span class='ocr_line' id='line_1_63' title="bbox 480 3093 2129 3178; baseline 0.001 -22"><span class='ocrx_word' id='word_1_390' title='bbox 480 3096 592 3158; x_wconf 85' lang='lat' dir='ltr'><strong>bus</strong></span> <span class='ocrx_word' id='word_1_391' title='bbox 624 3093 908 3176; x_wconf 83' lang='lat' dir='ltr'><strong>provocat</strong></span> <span class='ocrx_word' id='word_1_392' title='bbox 940 3099 996 3157; x_wconf 90' lang='lat' dir='ltr'><strong>in</strong></span> <span class='ocrx_word' id='word_1_393' title='bbox 1047 3113 1110 3155; x_wconf 90' lang='lat' dir='ltr'><strong>se</strong></span> <span class='ocrx_word' id='word_1_394' title='bbox 1157 3095 1457 3170; x_wconf 89' lang='lat' dir='ltr'><strong>morbum,</strong></span> <span class='ocrx_word' id='word_1_395' title='bbox 1494 3096 1789 3177; x_wconf 85' lang='lat' dir='ltr'><strong>aspicere,</strong></span> <span class='ocrx_word' id='word_1_396' title='bbox 1824 3096 2129 3178; x_wconf 89' lang='lat' dir='ltr'><strong>quomodo</strong></span> 
     </span>
    </p>
   </div>
   <div class='ocr_carea' id='block_1_64' title="bbox 480 3183 2131 3269">
    <p class='ocr_par' dir='ltr' id='par_1_64' title="bbox 480 3183 2131 3269">
     <span class='ocr_line' id='line_1_64' title="bbox 480 3183 2131 3269; baseline 0.001 -21"><span class='ocrx_word' id='word_1_397' title='bbox 480 3188 614 3266; x_wconf 87' lang='lat' dir='ltr'><strong>ejus</strong></span> <span class='ocrx_word' id='word_1_398' title='bbox 640 3204 775 3263; x_wconf 81' lang='lat' dir='ltr'><strong>quae</strong></span> <span class='ocrx_word' id='word_1_399' title='bbox 806 3183 1128 3247; x_wconf 84' lang='lat' dir='ltr'><strong>intercedit</strong></span> <span class='ocrx_word' id='word_1_400' title='bbox 1150 3185 1283 3246; x_wconf 69' lang='lat' dir='ltr'><strong>vitae</strong></span> <span class='ocrx_word' id='word_1_401' title='bbox 1312 3185 1568 3247; x_wconf 87' lang='lat' dir='ltr'><strong>rationis</strong></span> <span class='ocrx_word' id='word_1_402' title='bbox 1599 3186 2131 3269; x_wconf 88' lang='lat' dir='ltr'><strong>conversionisque</strong></span> 
     </span>
    </p>
   </div>
   <div class='ocr_carea' id='block_1_65' title="bbox 479 3274 2133 3359">
    <p class='ocr_par' dir='ltr' id='par_1_65' title="bbox 479 3274 2133 3359">
     <span class='ocr_line' id='line_1_65' title="bbox 479 3274 2133 3359; baseline 0.002 -22"><span class='ocrx_word' id='word_1_403' title='bbox 479 3293 683 3338; x_wconf 91' lang='lat' dir='ltr'><strong>curam</strong></span> <span class='ocrx_word' id='word_1_404' title='bbox 735 3283 948 3354; x_wconf 83' lang='lat' dir='ltr'><strong>gerat:</strong></span> <span class='ocrx_word' id='word_1_405' title='bbox 1013 3284 1072 3335; x_wconf 92' lang='lat' dir='ltr'><strong>et</strong></span> <span class='ocrx_word' id='word_1_406' title='bbox 1126 3274 1178 3335; x_wconf 87' lang='lat' dir='ltr'><strong>si</strong></span> <span class='ocrx_word' id='word_1_407' title='bbox 1237 3275 1451 3337; x_wconf 84' lang='lat' dir='ltr'><strong>artiﬁci</strong></span> <span class='ocrx_word' id='word_1_408' title='bbox 1512 3295 1630 3337; x_wconf 90' lang='lat' dir='ltr'><strong>non</strong></span> <span class='ocrx_word' id='word_1_409' title='bbox 1685 3277 2038 3359; x_wconf 87' lang='lat' dir='ltr'><strong>reluctatur,</strong></span> <span class='ocrx_word' id='word_1_410' title='bbox 2074 3286 2133 3340; x_wconf 88' lang='lat' dir='ltr'><strong>et</strong></span> 
     </span>
    </p>
   </div>
   <div class='ocr_carea' id='block_1_66' title="bbox 479 3361 2127 3445">
    <p class='ocr_par' dir='ltr' id='par_1_66' title="bbox 479 3361 2127 3445">
     <span class='ocr_line' id='line_1_66' title="bbox 479 3361 2127 3445; baseline 0.001 -18"><span class='ocrx_word' id='word_1_411' title='bbox 479 3366 651 3428; x_wconf 86' lang='lat' dir='ltr'><strong>ulcus</strong></span> <span class='ocrx_word' id='word_1_412' title='bbox 681 3365 897 3426; x_wconf 57' lang='lat' dir='ltr'><strong>animus</strong></span> <span class='ocrx_word' id='word_1_413' title='bbox 926 3374 1105 3444; x_wconf 78' lang='lat' dir='ltr'><strong>auget</strong></span> <span class='ocrx_word' id='word_1_414' title='bbox 1139 3381 1245 3444; x_wconf 90' lang='lat' dir='ltr'><strong>per</strong></span> <span class='ocrx_word' id='word_1_415' title='bbox 1268 3361 1687 3445; x_wconf 89' lang='lat' dir='ltr'><strong>impositorum</strong></span> <span class='ocrx_word' id='word_1_416' title='bbox 1723 3365 2127 3429; x_wconf 87' lang='lat' dir='ltr'><strong>medicamen-</strong></span> 
     </span>
    </p>
   </div>
   <div class='ocr_carea' id='block_1_67' title="bbox 405 3449 2129 3536">
    <p class='ocr_par' dir='ltr' id='par_1_67' title="bbox 405 3449 2129 3536">
     <span class='ocr_line' id='line_1_67' title="bbox 405 3449 2129 3536; baseline 0.002 -19"><span class='ocrx_word' id='word_1_417' title='bbox 405 3449 408 3458; x_wconf 85' lang='grc'><em>’</em></span> <span class='ocrx_word' id='word_1_418' title='bbox 478 3465 676 3518; x_wconf 89' lang='lat' dir='ltr'><strong>torum</strong></span> <span class='ocrx_word' id='word_1_419' title='bbox 709 3453 1157 3536; x_wconf 84' lang='lat' dir='ltr'><strong>adjectionem;</strong></span> <span class='ocrx_word' id='word_1_420' title='bbox 1193 3462 1253 3515; x_wconf 93' lang='lat' dir='ltr'><strong>et</strong></span> <span class='ocrx_word' id='word_1_421' title='bbox 1282 3461 1368 3536; x_wconf 82' lang='lat' dir='ltr'><strong>sic</strong></span> <span class='ocrx_word' id='word_1_422' title='bbox 1407 3455 1912 3530; x_wconf 86' lang='lat' dir='ltr'><strong>misericordiam,</strong></span> <span class='ocrx_word' id='word_1_423' title='bbox 1947 3465 2129 3536; x_wconf 88' lang='lat' dir='ltr'><strong>prout</strong></span> 
     </span>
    </p>
   </div>
   <div class='ocr_carea' id='block_1_68' title="bbox 475 3541 2128 3632">
    <p class='ocr_par' dir='ltr' id='par_1_68' title="bbox 475 3541 2128 3632">
     <span class='ocr_line' id='line_1_68' title="bbox 475 3541 2128 3632; baseline 0.001 -25"><span class='ocrx_word' id='word_1_424' title='bbox 475 3545 690 3624; x_wconf 79' lang='lat' dir='ltr'><strong>dignus</strong></span> <span class='ocrx_word' id='word_1_425' title='bbox 749 3555 860 3618; x_wconf 90' lang='lat' dir='ltr'><strong>est,</strong></span> <span class='ocrx_word' id='word_1_426' title='bbox 923 3543 1250 3632; x_wconf 74' lang='lat' dir='ltr'><strong>impertiri.</strong></span> <span class='ocrx_word' id='word_1_427' title='bbox 1313 3541 1566 3606; x_wconf 90' lang='lat' dir='ltr'><strong>Omnem</strong></span> <span class='ocrx_word' id='word_1_428' title='bbox 1620 3545 1781 3608; x_wconf 90' lang='lat' dir='ltr'><strong>enim</strong></span> <span class='ocrx_word' id='word_1_429' title='bbox 1829 3549 2128 3610; x_wconf 73' lang='lat' dir='ltr'><strong>rationein</strong></span> 
     </span>
    </p>
   </div>
   <div class='ocr_carea' id='block_1_69' title="bbox 475 3633 2126 3718">
    <p class='ocr_par' dir='ltr' id='par_1_69' title="bbox 475 3633 2126 3718">
     <span class='ocr_line' id='line_1_69' title="bbox 475 3633 2126 3718; baseline 0.001 -21"><span class='ocrx_word' id='word_1_430' title='bbox 475 3636 584 3697; x_wconf 88' lang='lat' dir='ltr'><strong>iuit</strong></span> <span class='ocrx_word' id='word_1_431' title='bbox 617 3635 797 3708; x_wconf 89' lang='lat' dir='ltr'><strong>Deus,</strong></span> <span class='ocrx_word' id='word_1_432' title='bbox 833 3635 1004 3715; x_wconf 89' lang='lat' dir='ltr'><strong>isque</strong></span> <span class='ocrx_word' id='word_1_433' title='bbox 1036 3633 1132 3695; x_wconf 91' lang='lat' dir='ltr'><strong>cui</strong></span> <span class='ocrx_word' id='word_1_434' title='bbox 1176 3635 1497 3714; x_wconf 88' lang='lat' dir='ltr'><strong>pastoralis</strong></span> <span class='ocrx_word' id='word_1_435' title='bbox 1551 3636 1803 3697; x_wconf 61' lang='lat' dir='ltr'><strong>traditus</strong></span> <span class='ocrx_word' id='word_1_436' title='bbox 1835 3646 1925 3698; x_wconf 90' lang='lat' dir='ltr'><strong>est</strong></span> <span class='ocrx_word' id='word_1_437' title='bbox 1953 3641 2126 3718; x_wconf 85' lang='lat' dir='ltr'><strong>prin-</strong></span> 
     </span>
    </p>
   </div>
   <div class='ocr_carea' id='block_1_70' title="bbox 475 3724 2128 3807">
    <p class='ocr_par' dir='ltr' id='par_1_70' title="bbox 475 3724 2128 3807">
     <span class='ocr_line' id='line_1_70' title="bbox 475 3724 2128 3807; baseline 0.001 -20"><span class='ocrx_word' id='word_1_438' title='bbox 475 3724 732 3807; x_wconf 88' lang='lat' dir='ltr'><strong>cipatus,</strong></span> <span class='ocrx_word' id='word_1_439' title='bbox 771 3733 832 3785; x_wconf 94' lang='lat' dir='ltr'><strong>ut</strong></span> <span class='ocrx_word' id='word_1_440' title='bbox 863 3731 1165 3785; x_wconf 90' lang='lat' dir='ltr'><strong>errantem</strong></span> <span class='ocrx_word' id='word_1_441' title='bbox 1201 3741 1373 3785; x_wconf 86' lang='lat' dir='ltr'><strong>ovem</strong></span> <span class='ocrx_word' id='word_1_442' title='bbox 1419 3724 1708 3806; x_wconf 85' lang='lat' dir='ltr'><strong>reducat;</strong></span> <span class='ocrx_word' id='word_1_443' title='bbox 1763 3733 1821 3786; x_wconf 89' lang='lat' dir='ltr'><strong>et</strong></span> <span class='ocrx_word' id='word_1_444' title='bbox 1851 3727 1928 3801; x_wconf 86' lang='lat' dir='ltr'><strong>ei,</strong></span> <span class='ocrx_word' id='word_1_445' title='bbox 1966 3727 2128 3807; x_wconf 89' lang='lat' dir='ltr'><strong>quod</strong></span> 
     </span>
    </p>
   </div>
   <div class='ocr_carea' id='block_1_71' title="bbox 474 3814 2129 3896">
    <p class='ocr_par' dir='ltr' id='par_1_71' title="bbox 474 3814 2129 3896">
     <span class='ocr_line' id='line_1_71' title="bbox 474 3814 2129 3896; baseline 0.001 -19"><span class='ocrx_word' id='word_1_446' title='bbox 474 3826 565 3878; x_wconf 91' lang='lat' dir='ltr'><strong>est</strong></span> <span class='ocrx_word' id='word_1_447' title='bbox 595 3833 628 3877; x_wconf 88' lang='lat' dir='ltr'><strong>a</strong></span> <span class='ocrx_word' id='word_1_448' title='bbox 660 3823 943 3896; x_wconf 86' lang='lat' dir='ltr'><strong>serpente</strong></span> <span class='ocrx_word' id='word_1_449' title='bbox 975 3814 1382 3888; x_wconf 73' lang='lat' dir='ltr'><strong>vulneratum,</strong></span> <span class='ocrx_word' id='word_1_450' title='bbox 1423 3815 1779 3891; x_wconf 88' lang='lat' dir='ltr'><strong>medeatur;</strong></span> <span class='ocrx_word' id='word_1_451' title='bbox 1812 3826 1872 3878; x_wconf 91' lang='lat' dir='ltr'><strong>et</strong></span> <span class='ocrx_word' id='word_1_452' title='bbox 1926 3834 2129 3894; x_wconf 88' lang='lat' dir='ltr'><strong>neque</strong></span> 
     </span>
    </p>
   </div>
   <div class='ocr_carea' id='block_1_72' title="bbox 473 3904 2120 3986">
    <p class='ocr_par' dir='ltr' id='par_1_72' title="bbox 473 3904 2120 3986">
     <span class='ocr_line' id='line_1_72' title="bbox 473 3904 2120 3986; baseline 0.001 -20"><span class='ocrx_word' id='word_1_453' title='bbox 473 3923 585 3986; x_wconf 90' lang='lat' dir='ltr'><strong>per</strong></span> <span class='ocrx_word' id='word_1_454' title='bbox 610 3905 1052 3986; x_wconf 89' lang='lat' dir='ltr'><strong>desperationis</strong></span> <span class='ocrx_word' id='word_1_455' title='bbox 1081 3904 1418 3983; x_wconf 65' lang='lat' dir='ltr'><strong>praecipitia</strong></span> <span class='ocrx_word' id='word_1_456' title='bbox 1451 3905 1742 3985; x_wconf 87' lang='lat' dir='ltr'><strong>impellat,</strong></span> <span class='ocrx_word' id='word_1_457' title='bbox 1789 3924 1901 3968; x_wconf 92' lang='lat' dir='ltr'><strong>nec</strong></span> <span class='ocrx_word' id='word_1_458' title='bbox 1935 3907 2010 3968; x_wconf 89' lang='lat' dir='ltr'><strong>ad</strong></span> <span class='ocrx_word' id='word_1_459' title='bbox 2043 3908 2120 3970; x_wconf 83' lang='lat' dir='ltr'><strong>vi-</strong></span> 
     </span>
    </p>
   </div>
   <div class='ocr_carea' id='block_1_73' title="bbox 473 3995 2125 4074">
    <p class='ocr_par' dir='ltr' id='par_1_73' title="bbox 473 3995 2125 4074">
     <span class='ocr_line' id='line_1_73' title="bbox 473 3995 2125 4074; baseline 0.001 -17"><span class='ocrx_word' id='word_1_460' title='bbox 473 4001 547 4057; x_wconf 66' lang='lat' dir='ltr'><strong>ta;</strong></span> <span class='ocrx_word' id='word_1_461' title='bbox 576 3995 1063 4074; x_wconf 84' lang='lat' dir='ltr'><strong>dissolutionem,</strong></span> <span class='ocrx_word' id='word_1_462' title='bbox 1099 4002 1157 4054; x_wconf 90' lang='lat' dir='ltr'><strong>et</strong></span> <span class='ocrx_word' id='word_1_463' title='bbox 1187 4001 1603 4073; x_wconf 89' lang='lat' dir='ltr'><strong>contemptum</strong></span> <span class='ocrx_word' id='word_1_464' title='bbox 1646 3995 1814 4057; x_wconf 84' lang='lat' dir='ltr'><strong>frena</strong></span> <span class='ocrx_word' id='word_1_465' title='bbox 1848 3997 2078 4059; x_wconf 74' lang='lat' dir='ltr'><strong>relaxet</strong></span> <span class='ocrx_word' id='word_1_466' title='bbox 2109 4018 2125 4060; x_wconf 91' lang='lat'><strong>:</strong></span> 
     </span>
    </p>
   </div>
   <div class='ocr_carea' id='block_1_74' title="bbox 473 4082 2130 4168">
    <p class='ocr_par' dir='ltr' id='par_1_74' title="bbox 473 4082 2130 4168">
     <span class='ocr_line' id='line_1_74' title="bbox 473 4082 2130 4168; baseline 0.002 -22"><span class='ocrx_word' id='word_1_467' title='bbox 473 4085 578 4146; x_wconf 86' lang='lat' dir='ltr'><strong>sed</strong></span> <span class='ocrx_word' id='word_1_468' title='bbox 612 4104 730 4147; x_wconf 91' lang='lat' dir='ltr'><strong>una</strong></span> <span class='ocrx_word' id='word_1_469' title='bbox 783 4085 1028 4167; x_wconf 82' lang='lat' dir='ltr'><strong>quidem</strong></span> <span class='ocrx_word' id='word_1_470' title='bbox 1088 4082 1228 4143; x_wconf 70' lang='grc'><strong>525</strong></span> <span class='ocrx_word' id='word_1_471' title='bbox 1284 4083 1532 4144; x_wconf 92' lang='lat' dir='ltr'><strong>omnino</strong></span> <span class='ocrx_word' id='word_1_472' title='bbox 1566 4085 1822 4160; x_wconf 89' lang='lat' dir='ltr'><strong>ratione,</strong></span> <span class='ocrx_word' id='word_1_473' title='bbox 1858 4087 1982 4148; x_wconf 91' lang='lat' dir='ltr'><strong>sive</strong></span> <span class='ocrx_word' id='word_1_474' title='bbox 2019 4105 2130 4168; x_wconf 83' lang='lat' dir='ltr'><strong>per</strong></span> 
     </span>
    </p>
   </div>
   <div class='ocr_carea' id='block_1_75' title="bbox 471 4173 2122 4254">
    <p class='ocr_par' dir='ltr' id='par_1_75' title="bbox 471 4173 2122 4254">
     <span class='ocr_line' id='line_1_75' title="bbox 471 4173 2122 4254; baseline 0.001 -16"><span class='ocrx_word' id='word_1_475' title='bbox 471 4175 705 4238; x_wconf 80' lang='lat' dir='ltr'><strong>acriora</strong></span> <span class='ocrx_word' id='word_1_476' title='bbox 737 4184 794 4237; x_wconf 92' lang='lat' dir='ltr'><strong>et</strong></span> <span class='ocrx_word' id='word_1_477' title='bbox 825 4173 1247 4251; x_wconf 83' lang='lat' dir='ltr'><strong>astringentia,</strong></span> <span class='ocrx_word' id='word_1_478' title='bbox 1284 4175 1406 4235; x_wconf 86' lang='lat' dir='ltr'><strong>sive</strong></span> <span class='ocrx_word' id='word_1_479' title='bbox 1461 4192 1568 4254; x_wconf 90' lang='lat' dir='ltr'><strong>per</strong></span> <span class='ocrx_word' id='word_1_480' title='bbox 1601 4175 1874 4238; x_wconf 92' lang='lat' dir='ltr'><strong>molliora</strong></span> <span class='ocrx_word' id='word_1_481' title='bbox 1924 4186 1982 4238; x_wconf 91' lang='lat' dir='ltr'><strong>et</strong></span> <span class='ocrx_word' id='word_1_482' title='bbox 2035 4178 2122 4239; x_wconf 88' lang='lat' dir='ltr'><strong>le-</strong></span> 
     </span>
    </p>
   </div>
   <div class='ocr_carea' id='block_1_76' title="bbox 471 4263 2121 4339">
    <p class='ocr_par' dir='ltr' id='par_1_76' title="bbox 471 4263 2121 4339">
     <span class='ocr_line' id='line_1_76' title="bbox 471 4263 2121 4339; baseline 0.001 -12"><span class='ocrx_word' id='word_1_483' title='bbox 471 4266 646 4328; x_wconf 87' lang='lat' dir='ltr'><strong>niora</strong></span> <span class='ocrx_word' id='word_1_484' title='bbox 684 4265 1125 4327; x_wconf 88' lang='lat' dir='ltr'><strong>medicamenta</strong></span> <span class='ocrx_word' id='word_1_485' title='bbox 1153 4263 1460 4326; x_wconf 71' lang='lat' dir='ltr'><strong>aﬂectioni</strong></span> <span class='ocrx_word' id='word_1_486' title='bbox 1506 4265 1769 4339; x_wconf 88' lang='lat' dir='ltr'><strong>resistat,</strong></span> <span class='ocrx_word' id='word_1_487' title='bbox 1829 4276 1888 4328; x_wconf 90' lang='lat' dir='ltr'><strong>et</strong></span> <span class='ocrx_word' id='word_1_488' title='bbox 1918 4267 1990 4328; x_wconf 92' lang='lat' dir='ltr'><strong>ad</strong></span> <span class='ocrx_word' id='word_1_489' title='bbox 2025 4268 2121 4328; x_wconf 65' lang='grc' dir='ltr'>ιιι-τ</span> 
     </span>
    </p>
   </div>
   <div class='ocr_carea' id='block_1_77' title="bbox 473 4353 2122 4438">
    <p class='ocr_par' dir='ltr' id='par_1_77' title="bbox 473 4353 2122 4438">
     <span class='ocr_line' id='line_1_77' title="bbox 473 4353 2122 4438; baseline 0.004 -23"><span class='ocrx_word' id='word_1_490' title='bbox 473 4355 631 4415; x_wconf 90' lang='lat' dir='ltr'><strong>ceris</strong></span> <span class='ocrx_word' id='word_1_491' title='bbox 662 4355 1090 4416; x_wconf 89' lang='lat' dir='ltr'><strong>obductionem</strong></span> <span class='ocrx_word' id='word_1_492' title='bbox 1141 4354 1441 4415; x_wconf 90' lang='lat' dir='ltr'><strong>animatur</strong></span> <span class='ocrx_word' id='word_1_493' title='bbox 1493 4353 1725 4418; x_wconf 82' lang='lat' dir='ltr'><strong>fructus</strong></span> <span class='ocrx_word' id='word_1_494' title='bbox 1756 4355 2122 4438; x_wconf 79' lang='lat' dir='ltr'><strong>pcenitentiae</strong></span> 
     </span>
    </p>
   </div>
   <div class='ocr_carea' id='block_1_78' title="bbox 473 4443 2119 4526">
    <p class='ocr_par' dir='ltr' id='par_1_78' title="bbox 473 4443 2119 4526">
     <span class='ocr_line' id='line_1_78' title="bbox 473 4443 2119 4526; baseline 0.003 -20"><span class='ocrx_word' id='word_1_495' title='bbox 473 4445 844 4518; x_wconf 84' lang='lat' dir='ltr'><strong>examinans,</strong></span> <span class='ocrx_word' id='word_1_496' title='bbox 878 4452 935 4507; x_wconf 91' lang='lat' dir='ltr'><strong>et</strong></span> <span class='ocrx_word' id='word_1_497' title='bbox 964 4443 1270 4524; x_wconf 89' lang='lat' dir='ltr'><strong>sapienter</strong></span> <span class='ocrx_word' id='word_1_498' title='bbox 1302 4446 1661 4524; x_wconf 89' lang='lat' dir='ltr'><strong>dispensans</strong></span> <span class='ocrx_word' id='word_1_499' title='bbox 1693 4457 1750 4507; x_wconf 92' lang='lat' dir='ltr'><strong>et</strong></span> <span class='ocrx_word' id='word_1_500' title='bbox 1774 4446 2119 4526; x_wconf 82' lang='lat' dir='ltr'><strong>gubernans</strong></span> 
     </span>
    </p>
   </div>
   <div class='ocr_carea' id='block_1_79' title="bbox 473 4513 2189 4615">
    <p class='ocr_par' dir='ltr' id='par_1_79' title="bbox 473 4513 2189 4615">
     <span class='ocr_line' id='line_1_79' title="bbox 473 4513 2189 4615; baseline 0.005 -21"><span class='ocrx_word' id='word_1_501' title='bbox 473 4533 808 4614; x_wconf 87' lang='lat' dir='ltr'><strong>hominem,</strong></span> <span class='ocrx_word' id='word_1_502' title='bbox 843 4533 945 4615; x_wconf 89' lang='lat' dir='ltr'><strong>qui</strong></span> <span class='ocrx_word' id='word_1_503' title='bbox 977 4513 1051 4593; x_wconf 78' lang='lat' dir='ltr'><strong>ad</strong></span> <span class='ocrx_word' id='word_1_504' title='bbox 1080 4513 1457 4614; x_wconf 70' lang='lat' dir='ltr'><strong>superiorem</strong></span> <span class='ocrx_word' id='word_1_505' title='bbox 1487 4513 1989 4600; x_wconf 69' lang='lat' dir='ltr'><strong>illuminationem</strong></span> <span class='ocrx_word' id='word_1_506' title='bbox 2024 4513 2189 4602; x_wconf 74' lang='lat' dir='ltr'><strong>vo-D</strong></span> 
     </span>
    </p>
   </div>
   <div class='ocr_carea' id='block_1_80' title="bbox 469 4623 2122 4711">
    <p class='ocr_par' dir='ltr' id='par_1_80' title="bbox 469 4623 2122 4711">
     <span class='ocr_line' id='line_1_80' title="bbox 469 4623 2122 4711; baseline 0.005 -26"><span class='ocrx_word' id='word_1_507' title='bbox 469 4632 664 4686; x_wconf 89' lang='lat' dir='ltr'><strong>catur.</strong></span> <span class='ocrx_word' id='word_1_508' title='bbox 699 4625 820 4686; x_wconf 89' lang='lat' dir='ltr'><strong>Nos</strong></span> <span class='ocrx_word' id='word_1_509' title='bbox 877 4623 1037 4687; x_wconf 87' lang='lat' dir='ltr'><strong>enim</strong></span> <span class='ocrx_word' id='word_1_510' title='bbox 1100 4632 1353 4705; x_wconf 86' lang='lat' dir='ltr'><strong>utraque</strong></span> <span class='ocrx_word' id='word_1_511' title='bbox 1413 4625 1570 4686; x_wconf 89' lang='lat' dir='ltr'><strong>scire</strong></span> <span class='ocrx_word' id='word_1_512' title='bbox 1603 4635 1866 4706; x_wconf 88' lang='lat' dir='ltr'><strong>oportet,</strong></span> <span class='ocrx_word' id='word_1_513' title='bbox 1899 4638 1956 4691; x_wconf 88' lang='lat' dir='ltr'><strong>et</strong></span> <span class='ocrx_word' id='word_1_514' title='bbox 1989 4649 2122 4711; x_wconf 66' lang='lat' dir='ltr'><strong>quae</strong></span> 
     </span>
    </p>
   </div>
   <div class='ocr_carea' id='block_1_81' title="bbox 403 4714 2120 4794">
    <p class='ocr_par' dir='ltr' id='par_1_81' title="bbox 403 4714 2120 4794">
     <span class='ocr_line' id='line_1_81' title="bbox 403 4714 2120 4794; baseline 0.004 -18"><span class='ocrx_word' id='word_1_515' title='bbox 403 4715 408 4718; x_wconf 70' lang='grc'>⁷</span> <span class='ocrx_word' id='word_1_516' title='bbox 469 4723 609 4792; x_wconf 74' lang='lat' dir='ltr'><strong>sunt</strong></span> <span class='ocrx_word' id='word_1_517' title='bbox 640 4714 856 4776; x_wconf 91' lang='lat' dir='ltr'><strong>summi</strong></span> <span class='ocrx_word' id='word_1_518' title='bbox 881 4714 1058 4792; x_wconf 88' lang='lat' dir='ltr'><strong>juris,</strong></span> <span class='ocrx_word' id='word_1_519' title='bbox 1097 4722 1154 4774; x_wconf 91' lang='lat' dir='ltr'><strong>et</strong></span> <span class='ocrx_word' id='word_1_520' title='bbox 1187 4731 1323 4794; x_wconf 74' lang='lat' dir='ltr'><strong>quae</strong></span> <span class='ocrx_word' id='word_1_521' title='bbox 1355 4725 1495 4776; x_wconf 89' lang='lat' dir='ltr'><strong>sunt</strong></span> <span class='ocrx_word' id='word_1_522' title='bbox 1525 4719 2022 4782; x_wconf 89' lang='lat' dir='ltr'><strong>consuetudinis:</strong></span> <span class='ocrx_word' id='word_1_523' title='bbox 2058 4722 2120 4783; x_wconf 91' lang='lat' dir='ltr'><strong>in</strong></span> 
     </span>
    </p>
   </div>
   <div class='ocr_carea' id='block_1_82' title="bbox 470 4805 2118 4890">
    <p class='ocr_par' dir='ltr' id='par_1_82' title="bbox 470 4805 2118 4890">
     <span class='ocr_line' id='line_1_82' title="bbox 470 4805 2118 4890; baseline 0.005 -25"><span class='ocrx_word' id='word_1_524' title='bbox 470 4805 542 4866; x_wconf 91' lang='lat' dir='ltr'><strong>iis</strong></span> <span class='ocrx_word' id='word_1_525' title='bbox 573 4814 795 4882; x_wconf 88' lang='lat' dir='ltr'><strong>autem,</strong></span> <span class='ocrx_word' id='word_1_526' title='bbox 831 4805 934 4882; x_wconf 89' lang='lat' dir='ltr'><strong>qui</strong></span> <span class='ocrx_word' id='word_1_527' title='bbox 968 4813 1235 4865; x_wconf 76' lang='lat' dir='ltr'><strong>extrema</strong></span> <span class='ocrx_word' id='word_1_528' title='bbox 1267 4823 1387 4868; x_wconf 90' lang='lat' dir='ltr'><strong>non</strong></span> <span class='ocrx_word' id='word_1_529' title='bbox 1419 4807 1756 4890; x_wconf 89' lang='lat' dir='ltr'><strong>admittant,</strong></span> <span class='ocrx_word' id='word_1_530' title='bbox 1782 4809 1958 4886; x_wconf 90' lang='lat' dir='ltr'><strong>sequi</strong></span> <span class='ocrx_word' id='word_1_531' title='bbox 1990 4810 2118 4872; x_wconf 83' lang='lat' dir='ltr'><strong>for-</strong></span> 
     </span>
    </p>
   </div>
   <div class='ocr_carea' id='block_1_83' title="bbox 471 4893 2120 4976">
    <p class='ocr_par' dir='ltr' id='par_1_83' title="bbox 471 4893 2120 4976">
     <span class='ocr_line' id='line_1_83' title="bbox 471 4893 2120 4976; baseline 0.004 -20"><span class='ocrx_word' id='word_1_532' title='bbox 471 4913 628 4958; x_wconf 91' lang='lat' dir='ltr'><strong>mam</strong></span> <span class='ocrx_word' id='word_1_533' title='bbox 659 4896 964 4970; x_wconf 87' lang='lat' dir='ltr'><strong>traditam,</strong></span> <span class='ocrx_word' id='word_1_534' title='bbox 987 4893 1495 4976; x_wconf 89' lang='lat' dir='ltr'><strong>quemadmodum</strong></span> <span class='ocrx_word' id='word_1_535' title='bbox 1527 4908 1769 4961; x_wconf 87' lang='lat' dir='ltr'><strong>sanctus</strong></span> <span class='ocrx_word' id='word_1_536' title='bbox 1801 4917 1911 4961; x_wconf 91' lang='lat' dir='ltr'><strong>nos</strong></span> <span class='ocrx_word' id='word_1_537' title='bbox 1945 4900 2120 4964; x_wconf 88' lang='lat' dir='ltr'><strong>docet</strong></span> 
     </span>
    </p>
   </div>
   <div class='ocr_carea' id='block_1_84' title="bbox 470 4983 752 5050">
    <p class='ocr_par' dir='ltr' id='par_1_84' title="bbox 470 4983 752 5050">
     <span class='ocr_line' id='line_1_84' title="bbox 470 4983 752 5050; baseline 0.011 -3"><span class='ocrx_word' id='word_1_538' title='bbox 470 4983 752 5050; x_wconf 89' lang='lat' dir='ltr'><strong>Basilius.</strong></span> 
     </span>
    </p>
   </div>
   <div class='ocr_carea' id='block_1_85' title="bbox 576 5076 1992 5156">
    <p class='ocr_par' dir='ltr' id='par_1_85' title="bbox 576 5076 1992 5156">
     <span class='ocr_line' id='line_1_85' title="bbox 576 5076 1992 5156; baseline 0.008 -22"><span class='ocrx_word' id='word_1_539' title='bbox 576 5076 800 5138; x_wconf 77' lang='lat' dir='ltr'><strong>Basilii</strong></span> <span class='ocrx_word' id='word_1_540' title='bbox 823 5093 1086 5140; x_wconf 69' lang='lat' dir='ltr'><strong>canone:</strong></span> <span class='ocrx_word' id='word_1_541' title='bbox 1115 5079 1172 5154; x_wconf 89' lang='grc'><strong>5,</strong></span> <span class='ocrx_word' id='word_1_542' title='bbox 1209 5081 1311 5151; x_wconf 77' lang='grc'><strong>34,</strong></span> <span class='ocrx_word' id='word_1_543' title='bbox 1345 5080 1446 5156; x_wconf 82' lang='grc'><strong>74,</strong></span> <span class='ocrx_word' id='word_1_544' title='bbox 1487 5079 1582 5154; x_wconf 79' lang='grc'><strong>75,</strong></span> <span class='ocrx_word' id='word_1_545' title='bbox 1626 5082 1723 5155; x_wconf 83' lang='grc'><strong>76,</strong></span> <span class='ocrx_word' id='word_1_546' title='bbox 1757 5079 1854 5156; x_wconf 75' lang='grc'>82,</span> <span class='ocrx_word' id='word_1_547' title='bbox 1891 5083 1992 5145; x_wconf 73' lang='grc'><strong>84.</strong></span> 
     </span>
    </p>
   </div>
   <div class='ocr_carea' id='block_1_86' title="bbox 548 5162 2112 5252">
    <p class='ocr_par' dir='ltr' id='par_1_86' title="bbox 548 5162 2112 5252">
     <span class='ocr_line' id='line_1_86' title="bbox 548 5162 2112 5252; baseline 0.004 -24"><span class='ocrx_word' id='word_1_548' title='bbox 548 5165 608 5228; x_wconf 77' lang='grc'><strong>5.</strong></span> <span class='ocrx_word' id='word_1_549' title='bbox 633 5162 963 5227; x_wconf 74' lang='lat' dir='ltr'><strong>Hmreticos</strong></span> <span class='ocrx_word' id='word_1_550' title='bbox 982 5167 1040 5227; x_wconf 90' lang='lat' dir='ltr'><strong>in</strong></span> <span class='ocrx_word' id='word_1_551' title='bbox 1061 5171 1222 5230; x_wconf 80' lang='lat' dir='ltr'><strong>exitu</strong></span> <span class='ocrx_word' id='word_1_552' title='bbox 1243 5171 1658 5251; x_wconf 65' lang='lat' dir='ltr'><strong>paenitentiam</strong></span> <span class='ocrx_word' id='word_1_553' title='bbox 1685 5182 1931 5252; x_wconf 80' lang='lat' dir='ltr'><strong>agentes</strong></span> <span class='ocrx_word' id='word_1_554' title='bbox 1951 5175 2112 5237; x_wconf 89' lang='lat' dir='ltr'><strong>reci-</strong></span> 
     </span>
    </p>
   </div>
   <div class='ocr_carea' id='block_1_87' title="bbox 2177 3096 3074 3175">
    <p class='ocr_par' dir='ltr' id='par_1_87' title="bbox 2177 3096 3074 3175">
     <span class='ocr_line' id='line_1_87' title="bbox 2177 3096 3074 3175; baseline 0.003 -23"><span class='ocrx_word' id='word_1_555' title='bbox 2177 3096 2428 3174; x_wconf 65' lang='grc' dir='ltr'>,τρόπων</span> <span class='ocrx_word' id='word_1_556' title='bbox 2483 3096 2875 3175; x_wconf 82' lang='grc' dir='ltr'>προσκαλεῖται</span> <span class='ocrx_word' id='word_1_557' title='bbox 2953 3099 3074 3156; x_wconf 86' lang='grc' dir='ltr'>καθ’</span> 
     </span>
    </p>
   </div>
   <div class='ocr_carea' id='block_1_88' title="bbox 3157 3101 3860 3181">
    <p class='ocr_par' dir='ltr' id='par_1_88' title="bbox 3157 3101 3860 3181">
     <span class='ocr_line' id='line_1_88' title="bbox 3157 3101 3860 3181; baseline 0.006 -26"><span class='ocrx_word' id='word_1_558' title='bbox 3157 3101 3344 3156; x_wconf 75' lang='grc' dir='ltr'>ἑαυτοῦ</span> <span class='ocrx_word' id='word_1_559' title='bbox 3404 3102 3465 3157; x_wconf 73' lang='grc' dir='ltr'>τὸ</span> <span class='ocrx_word' id='word_1_560' title='bbox 3528 3101 3860 3181; x_wconf 76' lang='grc' dir='ltr'>ἀῤῥωστημα</span> 
     </span>
    </p>
   </div>
   <div class='ocr_carea' id='block_1_89' title="bbox 2213 3186 3853 3268">
    <p class='ocr_par' dir='ltr' id='par_1_89' title="bbox 2213 3186 3853 3268">
     <span class='ocr_line' id='line_1_89' title="bbox 2213 3186 3853 3268; baseline -0.004 -14"><span class='ocrx_word' id='word_1_561' title='bbox 2213 3186 2429 3267; x_wconf 63' lang='grc' dir='ltr'><strong>ἐφορεῖιν,</strong></span> <span class='ocrx_word' id='word_1_562' title='bbox 2463 3187 2609 3251; x_wconf 72' lang='grc' dir='ltr'>ὅπως</span> <span class='ocrx_word' id='word_1_563' title='bbox 2654 3209 2710 3245; x_wconf 82' lang='grc' dir='ltr'><strong>τε</strong></span> <span class='ocrx_word' id='word_1_564' title='bbox 2755 3193 2854 3256; x_wconf 79' lang='grc' dir='ltr'><strong>τῆς</strong></span> <span class='ocrx_word' id='word_1_565' title='bbox 2900 3188 2956 3244; x_wconf 80' lang='grc' dir='ltr'>ἒν</span> <span class='ocrx_word' id='word_1_566' title='bbox 2999 3196 3074 3263; x_wconf 83' lang='grc' dir='ltr'>τῷ</span> <span class='ocrx_word' id='word_1_567' title='bbox 3118 3189 3315 3264; x_wconf 79' lang='grc' dir='ltr'>μεταξὺ</span> <span class='ocrx_word' id='word_1_568' title='bbox 3363 3205 3681 3268; x_wconf 77' lang='grc' dir='ltr'>προνοεῖται</span> <span class='ocrx_word' id='word_1_569' title='bbox 3717 3193 3853 3249; x_wconf 86' lang='grc' dir='ltr'>ἀνα-</span> 
     </span>
    </p>
   </div>
   <div class='ocr_carea' id='block_1_90' title="bbox 2212 3279 3856 3363">
    <p class='ocr_par' dir='ltr' id='par_1_90' title="bbox 2212 3279 3856 3363">
     <span class='ocr_line' id='line_1_90' title="bbox 2212 3279 3856 3363; baseline 0.003 -29"><span class='ocrx_word' id='word_1_570' title='bbox 2212 3283 2476 3357; x_wconf 65' lang='grc' dir='ltr'>στροφῆς,</span> <span class='ocrx_word' id='word_1_571' title='bbox 2521 3279 2608 3334; x_wconf 86' lang='grc' dir='ltr'><strong>καὶ</strong></span> <span class='ocrx_word' id='word_1_572' title='bbox 2653 3280 2696 3334; x_wconf 83' lang='grc' dir='ltr'><strong>εί</strong></span> <span class='ocrx_word' id='word_1_573' title='bbox 2729 3279 2803 3352; x_wconf 69' lang='grc' dir='ltr'>μὴ</span> <span class='ocrx_word' id='word_1_574' title='bbox 2838 3279 2915 3353; x_wconf 77' lang='grc' dir='ltr'><strong>τῷ</strong></span> <span class='ocrx_word' id='word_1_575' title='bbox 2973 3280 3196 3358; x_wconf 70' lang='grc' dir='ltr'>τεχνίτῃ</span> <span class='ocrx_word' id='word_1_576' title='bbox 3249 3280 3617 3363; x_wconf 81' lang='grc' dir='ltr'>ἀντιπαλαίει,</span> <span class='ocrx_word' id='word_1_577' title='bbox 3664 3284 3754 3339; x_wconf 84' lang='grc' dir='ltr'><strong>καὶ</strong></span> <span class='ocrx_word' id='word_1_578' title='bbox 3795 3283 3856 3339; x_wconf 75' lang='grc' dir='ltr'>τὸ</span> 
     </span>
    </p>
   </div>
   <div class='ocr_carea' id='block_1_91' title="bbox 2211 3364 3854 3451">
    <p class='ocr_par' dir='ltr' id='par_1_91' title="bbox 2211 3364 3854 3451">
     <span class='ocr_line' id='line_1_91' title="bbox 2211 3364 3854 3451; baseline 0.012 -40"><span class='ocrx_word' id='word_1_579' title='bbox 2211 3371 2309 3433; x_wconf 75' lang='grc' dir='ltr'>τῆς</span> <span class='ocrx_word' id='word_1_580' title='bbox 2359 3367 2541 3446; x_wconf 70' lang='grc' dir='ltr'>ψυχῆς</span> <span class='ocrx_word' id='word_1_581' title='bbox 2596 3367 2750 3427; x_wconf 78' lang='grc' dir='ltr'>ἕλκος</span> <span class='ocrx_word' id='word_1_582' title='bbox 2795 3364 2880 3423; x_wconf 80' lang='grc' dir='ltr'>διὰ</span> <span class='ocrx_word' id='word_1_583' title='bbox 2921 3373 3021 3434; x_wconf 77' lang='grc' dir='ltr'>τῆς</span> <span class='ocrx_word' id='word_1_584' title='bbox 3065 3373 3172 3424; x_wconf 85' lang='grc' dir='ltr'>τῶν</span> <span class='ocrx_word' id='word_1_585' title='bbox 3216 3367 3598 3445; x_wconf 78' lang='grc' dir='ltr'>ἐπιτιθεμένων</span> <span class='ocrx_word' id='word_1_586' title='bbox 3633 3372 3854 3451; x_wconf 77' lang='grc' dir='ltr'>φαρμά-</span> 
     </span>
    </p>
   </div>
   <div class='ocr_carea' id='block_1_92' title="bbox 2210 3458 3855 3536">
    <p class='ocr_par' dir='ltr' id='par_1_92' title="bbox 2210 3458 3855 3536">
     <span class='ocr_line' id='line_1_92' title="bbox 2210 3458 3855 3536; baseline 0.001 -22"><span class='ocrx_word' id='word_1_587' title='bbox 2210 3479 2319 3514; x_wconf 87' lang='grc' dir='ltr'><strong>κων</strong></span> <span class='ocrx_word' id='word_1_588' title='bbox 2395 3458 2602 3523; x_wconf 70' lang='grc' dir='ltr'>αὐξάνει</span> <span class='ocrx_word' id='word_1_589' title='bbox 2687 3463 3075 3536; x_wconf 76' lang='grc' dir='ltr'>προσαγωγῆς,</span> <span class='ocrx_word' id='word_1_590' title='bbox 3167 3461 3255 3515; x_wconf 85' lang='grc' dir='ltr'>καὶ</span> <span class='ocrx_word' id='word_1_591' title='bbox 3334 3458 3475 3515; x_wconf 67' lang='grc' dir='ltr'>οὕτω</span> <span class='ocrx_word' id='word_1_592' title='bbox 3546 3463 3640 3516; x_wconf 81' lang='grc' dir='ltr'><strong>τὸν</strong></span> <span class='ocrx_word' id='word_1_593' title='bbox 3703 3461 3855 3518; x_wconf 79' lang='grc' dir='ltr'>ἔλεον</span> 
     </span>
    </p>
   </div>
   <div class='ocr_carea' id='block_1_93' title="bbox 2213 3544 3857 3628">
    <p class='ocr_par' dir='ltr' id='par_1_93' title="bbox 2213 3544 3857 3628">
     <span class='ocr_line' id='line_1_93' title="bbox 2213 3544 3857 3628; baseline 0.004 -26"><span class='ocrx_word' id='word_1_594' title='bbox 2213 3544 2335 3602; x_wconf 85' lang='grc' dir='ltr'>κατ’</span> <span class='ocrx_word' id='word_1_595' title='bbox 2377 3546 2523 3612; x_wconf 81' lang='grc' dir='ltr'>ἀξίαν</span> <span class='ocrx_word' id='word_1_596' title='bbox 2579 3549 2893 3626; x_wconf 69' lang='grc' dir='ltr'>ἐπιμετρεῖν</span> <span class='ocrx_word' id='word_1_597' title='bbox 2927 3562 2941 3576; x_wconf 86' lang='grc'><strong>’</strong></span> <span class='ocrx_word' id='word_1_598' title='bbox 2990 3553 3095 3612; x_wconf 78' lang='grc' dir='ltr'><strong>πᾶς</strong></span> <span class='ocrx_word' id='word_1_599' title='bbox 3153 3549 3253 3627; x_wconf 76' lang='grc' dir='ltr'><strong>γὰρ</strong></span> <span class='ocrx_word' id='word_1_600' title='bbox 3300 3547 3463 3626; x_wconf 82' lang='grc' dir='ltr'>λόγος</span> <span class='ocrx_word' id='word_1_601' title='bbox 3498 3557 3615 3625; x_wconf 86' lang='grc' dir='ltr'><strong>Θεῷ</strong></span> <span class='ocrx_word' id='word_1_602' title='bbox 3647 3554 3738 3608; x_wconf 86' lang='grc' dir='ltr'><strong>καὶ</strong></span> <span class='ocrx_word' id='word_1_603' title='bbox 3779 3559 3857 3628; x_wconf 83' lang='grc' dir='ltr'><strong>τῷ</strong></span> 
     </span>
    </p>
   </div>
   <div class='ocr_carea' id='block_1_94' title="bbox 2212 3637 3858 3718">
    <p class='ocr_par' dir='ltr' id='par_1_94' title="bbox 2212 3637 3858 3718">
     <span class='ocr_line' id='line_1_94' title="bbox 2212 3637 3858 3718; baseline 0.002 -26"><span class='ocrx_word' id='word_1_604' title='bbox 2212 3637 2307 3704; x_wconf 79' lang='grc' dir='ltr'>τὴν</span> <span class='ocrx_word' id='word_1_605' title='bbox 2337 3640 2698 3712; x_wconf 81' lang='grc' dir='ltr'>ποιμαντικὴν</span> <span class='ocrx_word' id='word_1_606' title='bbox 2726 3637 3112 3718; x_wconf 75' lang='grc' dir='ltr'>ἐγχειρισθεντι</span> <span class='ocrx_word' id='word_1_607' title='bbox 3155 3637 3474 3716; x_wconf 79' lang='grc' dir='ltr'>ἠγεμονίαν,</span> <span class='ocrx_word' id='word_1_608' title='bbox 3520 3641 3583 3696; x_wconf 84' lang='grc' dir='ltr'>τὸ</span> <span class='ocrx_word' id='word_1_609' title='bbox 3629 3639 3858 3697; x_wconf 85' lang='grc' dir='ltr'>πλανώ-</span> 
     </span>
    </p>
   </div>
   <div class='ocr_carea' id='block_1_95' title="bbox 2211 3724 3857 3808">
    <p class='ocr_par' dir='ltr' id='par_1_95' title="bbox 2211 3724 3857 3808">
     <span class='ocr_line' id='line_1_95' title="bbox 2211 3724 3857 3808; baseline 0.003 -26"><span class='ocrx_word' id='word_1_610' title='bbox 2211 3747 2371 3802; x_wconf 81' lang='grc' dir='ltr'>μενον</span> <span class='ocrx_word' id='word_1_611' title='bbox 2401 3724 2667 3805; x_wconf 79' lang='grc' dir='ltr'>πρόϐατον</span> <span class='ocrx_word' id='word_1_612' title='bbox 2724 3726 3118 3808; x_wconf 84' lang='grc' dir='ltr'>ἐπαναγαγεῖν,</span> <span class='ocrx_word' id='word_1_613' title='bbox 3171 3730 3259 3784; x_wconf 82' lang='grc' dir='ltr'>καὶ</span> <span class='ocrx_word' id='word_1_614' title='bbox 3291 3729 3350 3784; x_wconf 83' lang='grc' dir='ltr'>τὸ</span> <span class='ocrx_word' id='word_1_615' title='bbox 3379 3729 3579 3806; x_wconf 73' lang='grc' dir='ltr'>τρωθὲν</span> <span class='ocrx_word' id='word_1_616' title='bbox 3608 3731 3712 3786; x_wconf 75' lang='grc' dir='ltr'><strong>ὑπὸ</strong></span> <span class='ocrx_word' id='word_1_617' title='bbox 3764 3738 3857 3787; x_wconf 78' lang='grc' dir='ltr'>τοῦ</span> 
     </span>
    </p>
   </div>
   <div class='ocr_carea' id='block_1_96' title="bbox 2213 3816 3859 3898">
    <p class='ocr_par' dir='ltr' id='par_1_96' title="bbox 2213 3816 3859 3898">
     <span class='ocr_line' id='line_1_96' title="bbox 2213 3816 3859 3898; baseline 0.003 -25"><span class='ocrx_word' id='word_1_618' title='bbox 2213 3816 2382 3896; x_wconf 68' lang='grc' dir='ltr'>ὄφεως</span> <span class='ocrx_word' id='word_1_619' title='bbox 2425 3816 2754 3891; x_wconf 76' lang='grc' dir='ltr'>ὲΞιάσασθαι,</span> <span class='ocrx_word' id='word_1_620' title='bbox 2804 3818 2894 3873; x_wconf 81' lang='grc' dir='ltr'><strong>καὶ</strong></span> <span class='ocrx_word' id='word_1_621' title='bbox 2939 3819 3079 3892; x_wconf 71' lang='grc' dir='ltr'>μήτε</span> <span class='ocrx_word' id='word_1_622' title='bbox 3144 3819 3274 3874; x_wconf 69' lang='grc' dir='ltr'>(ατὰ</span> <span class='ocrx_word' id='word_1_623' title='bbox 3332 3822 3590 3898; x_wconf 79' lang='grc' dir='ltr'>κρημνῶν</span> <span class='ocrx_word' id='word_1_624' title='bbox 3651 3821 3859 3889; x_wconf 80' lang='grc' dir='ltr'>ὠθῆται</span> 
     </span>
    </p>
   </div>
   <div class='ocr_carea' id='block_1_97' title="bbox 2210 3909 3856 3992">
    <p class='ocr_par' dir='ltr' id='par_1_97' title="bbox 2210 3909 3856 3992">
     <span class='ocr_line' id='line_1_97' title="bbox 2210 3909 3856 3992; baseline 0.002 -26"><span class='ocrx_word' id='word_1_625' title='bbox 2210 3914 2308 3977; x_wconf 80' lang='grc' dir='ltr'>τῆς</span> <span class='ocrx_word' id='word_1_626' title='bbox 2367 3909 2751 3989; x_wconf 77' lang='grc' dir='ltr'>ἀπογνώσεως,</span> <span class='ocrx_word' id='word_1_627' title='bbox 2817 3911 2956 3984; x_wconf 75' lang='grc' dir='ltr'>μήτε</span> <span class='ocrx_word' id='word_1_628' title='bbox 3013 3913 3106 3967; x_wconf 80' lang='grc' dir='ltr'>τὸν</span> <span class='ocrx_word' id='word_1_629' title='bbox 3155 3911 3380 3990; x_wconf 80' lang='grc' dir='ltr'>χαλινὸν</span> <span class='ocrx_word' id='word_1_630' title='bbox 3433 3911 3674 3970; x_wconf 78' lang='grc' dir='ltr'>ἐνδοῦναι</span> <span class='ocrx_word' id='word_1_631' title='bbox 3726 3916 3856 3992; x_wconf 82' lang='grc' dir='ltr'>πρὸς</span> 
     </span>
    </p>
   </div>
   <div class='ocr_carea' id='block_1_98' title="bbox 2209 3999 3854 4081">
    <p class='ocr_par' dir='ltr' id='par_1_98' title="bbox 2209 3999 3854 4081">
     <span class='ocr_line' id='line_1_98' title="bbox 2209 3999 3854 4081; baseline 0.002 -25"><span class='ocrx_word' id='word_1_632' title='bbox 2209 4000 2306 4068; x_wconf 76' lang='grc' dir='ltr'>τὴν</span> <span class='ocrx_word' id='word_1_633' title='bbox 2347 3999 2463 4075; x_wconf 72' lang='grc' dir='ltr'>βίου</span> <span class='ocrx_word' id='word_1_634' title='bbox 2503 3999 2717 4057; x_wconf 87' lang='grc' dir='ltr'>ἓλκυσιν</span> <span class='ocrx_word' id='word_1_635' title='bbox 2744 4021 2802 4056; x_wconf 89' lang='grc' dir='ltr'><strong>τε</strong></span> <span class='ocrx_word' id='word_1_636' title='bbox 2850 4002 2934 4056; x_wconf 74' lang='grc' dir='ltr'><strong>καὶ</strong></span> <span class='ocrx_word' id='word_1_637' title='bbox 2992 4001 3393 4080; x_wconf 74' lang='grc' dir='ltr'>καταφρόνησιν</span> <span class='ocrx_word' id='word_1_638' title='bbox 3426 4021 3440 4037; x_wconf 83' lang='grc'>⁶</span> <span class='ocrx_word' id='word_1_639' title='bbox 3480 4001 3604 4059; x_wconf 85' lang='grc' dir='ltr'>ἀλλ’</span> <span class='ocrx_word' id='word_1_640' title='bbox 3664 4003 3740 4060; x_wconf 82' lang='grc' dir='ltr'><strong>ἐνί</strong></span> <span class='ocrx_word' id='word_1_641' title='bbox 3793 4024 3854 4081; x_wconf 87' lang='grc' dir='ltr'><strong>γε</strong></span> 
     </span>
    </p>
   </div>
   <div class='ocr_carea' id='block_1_99' title="bbox 2210 4087 3850 4171">
    <p class='ocr_par' dir='ltr' id='par_1_99' title="bbox 2210 4087 3850 4171">
     <span class='ocr_line' id='line_1_99' title="bbox 2210 4087 3850 4171; baseline 0.003 -26"><span class='ocrx_word' id='word_1_642' title='bbox 2210 4089 2393 4168; x_wconf 85' lang='grc' dir='ltr'>τρόπῳ</span> <span class='ocrx_word' id='word_1_643' title='bbox 2439 4090 2670 4162; x_wconf 67' lang='grc' dir='ltr'>παντως,</span> <span class='ocrx_word' id='word_1_644' title='bbox 2735 4087 2850 4146; x_wconf 77' lang='grc' dir='ltr'>εἴτε</span> <span class='ocrx_word' id='word_1_645' title='bbox 2894 4088 2980 4146; x_wconf 79' lang='grc' dir='ltr'><strong>διὰ</strong></span> <span class='ocrx_word' id='word_1_646' title='bbox 3035 4097 3142 4146; x_wconf 79' lang='grc' dir='ltr'><strong>τῶν</strong></span> <span class='ocrx_word' id='word_1_647' title='bbox 3197 4092 3604 4171; x_wconf 74' lang='grc' dir='ltr'>αύστηροτέρων</span> <span class='ocrx_word' id='word_1_648' title='bbox 3648 4114 3706 4148; x_wconf 77' lang='grc' dir='ltr'><strong>τε</strong></span> <span class='ocrx_word' id='word_1_649' title='bbox 3756 4095 3850 4150; x_wconf 86' lang='grc' dir='ltr'><strong>καί</strong></span> 
     </span>
    </p>
   </div>
   <div class='ocr_carea' id='block_1_100' title="bbox 2209 4177 3854 4260">
    <p class='ocr_par' dir='ltr' id='par_1_100' title="bbox 2209 4177 3854 4260">
     <span class='ocr_line' id='line_1_100' title="bbox 2209 4177 3854 4260; baseline 0.002 -26"><span class='ocrx_word' id='word_1_650' title='bbox 2209 4179 2536 4258; x_wconf 77' lang='grc' dir='ltr'>στυφόντων,</span> <span class='ocrx_word' id='word_1_651' title='bbox 2567 4178 2682 4234; x_wconf 76' lang='grc' dir='ltr'>εἴτε</span> <span class='ocrx_word' id='word_1_652' title='bbox 2714 4177 2799 4235; x_wconf 78' lang='grc' dir='ltr'><strong>διὰ</strong></span> <span class='ocrx_word' id='word_1_653' title='bbox 2828 4185 2934 4236; x_wconf 84' lang='grc' dir='ltr'>τῶν</span> <span class='ocrx_word' id='word_1_654' title='bbox 2980 4178 3346 4259; x_wconf 77' lang='grc' dir='ltr'>ἀπαλωτὲρων</span> <span class='ocrx_word' id='word_1_655' title='bbox 3376 4203 3432 4238; x_wconf 87' lang='grc' dir='ltr'><strong>τε</strong></span> <span class='ocrx_word' id='word_1_656' title='bbox 3483 4183 3573 4238; x_wconf 83' lang='grc' dir='ltr'>γαὶ</span> <span class='ocrx_word' id='word_1_657' title='bbox 3615 4182 3854 4260; x_wconf 79' lang='grc' dir='ltr'>πραοτέ-</span> 
     </span>
    </p>
   </div>
   <div class='ocr_carea' id='block_1_101' title="bbox 2206 4269 3844 4350">
    <p class='ocr_par' dir='ltr' id='par_1_101' title="bbox 2206 4269 3844 4350">
     <span class='ocr_line' id='line_1_101' title="bbox 2206 4269 3844 4350; baseline 0.002 -25"><span class='ocrx_word' id='word_1_658' title='bbox 2206 4291 2311 4348; x_wconf 90' lang='grc' dir='ltr'><strong>ρων</strong></span> <span class='ocrx_word' id='word_1_659' title='bbox 2363 4269 2680 4348; x_wconf 73' lang='grc' dir='ltr'>φαρμάκων,</span> <span class='ocrx_word' id='word_1_660' title='bbox 2737 4270 2874 4326; x_wconf 81' lang='grc' dir='ltr'>κατᾶ</span> <span class='ocrx_word' id='word_1_661' title='bbox 2929 4277 3022 4326; x_wconf 80' lang='grc' dir='ltr'>τοῦ</span> <span class='ocrx_word' id='word_1_662' title='bbox 3079 4271 3304 4346; x_wconf 75' lang='grc' dir='ltr'>πάθους,</span> <span class='ocrx_word' id='word_1_663' title='bbox 3339 4271 3436 4327; x_wconf 76' lang='grc' dir='ltr'><strong>καΐ</strong></span> <span class='ocrx_word' id='word_1_664' title='bbox 3478 4274 3609 4350; x_wconf 82' lang='grc' dir='ltr'>πρὸς</span> <span class='ocrx_word' id='word_1_665' title='bbox 3655 4272 3844 4328; x_wconf 88' lang='grc' dir='ltr'>συνού-</span> 
     </span>
    </p>
   </div>
   <div class='ocr_carea' id='block_1_102' title="bbox 2205 4357 3845 4440">
    <p class='ocr_par' dir='ltr' id='par_1_102' title="bbox 2205 4357 3845 4440">
     <span class='ocr_line' id='line_1_102' title="bbox 2205 4357 3845 4440; baseline 0.002 -26"><span class='ocrx_word' id='word_1_666' title='bbox 2205 4357 2369 4414; x_wconf 88' lang='grc' dir='ltr'>λωσιν</span> <span class='ocrx_word' id='word_1_667' title='bbox 2400 4359 2494 4414; x_wconf 76' lang='grc' dir='ltr'>τοῦ</span> <span class='ocrx_word' id='word_1_668' title='bbox 2522 4357 2710 4421; x_wconf 76' lang='grc' dir='ltr'>ἕλκους</span> <span class='ocrx_word' id='word_1_669' title='bbox 2737 4358 3221 4440; x_wconf 84' lang='grc' dir='ltr'>ἀνταγωνίσασθαι,</span> <span class='ocrx_word' id='word_1_670' title='bbox 3254 4365 3376 4425; x_wconf 79' lang='grc' dir='ltr'>τοὺς</span> <span class='ocrx_word' id='word_1_671' title='bbox 3409 4366 3509 4427; x_wconf 79' lang='grc' dir='ltr'>τῆς</span> <span class='ocrx_word' id='word_1_672' title='bbox 3554 4362 3845 4436; x_wconf 86' lang='grc' dir='ltr'>μετανοίας</span> 
     </span>
    </p>
   </div>
   <div class='ocr_carea' id='block_1_103' title="bbox 2206 4445 3847 4530">
    <p class='ocr_par' dir='ltr' id='par_1_103' title="bbox 2206 4445 3847 4530">
     <span class='ocr_line' id='line_1_103' title="bbox 2206 4445 3847 4530; baseline 0.003 -27"><span class='ocrx_word' id='word_1_673' title='bbox 2206 4448 2440 4520; x_wconf 73' lang='grc' dir='ltr'>καρποὺς</span> <span class='ocrx_word' id='word_1_674' title='bbox 2496 4445 2859 4524; x_wconf 78' lang='grc' dir='ltr'>δοκιμάζοντι,</span> <span class='ocrx_word' id='word_1_675' title='bbox 2935 4451 3024 4506; x_wconf 78' lang='grc' dir='ltr'><strong>καὶ</strong></span> <span class='ocrx_word' id='word_1_676' title='bbox 3083 4451 3451 4525; x_wconf 75' lang='grc' dir='ltr'>οἰκονομοῦντι</span> <span class='ocrx_word' id='word_1_677' title='bbox 3513 4457 3696 4530; x_wconf 77' lang='grc' dir='ltr'>σοφῶς</span> <span class='ocrx_word' id='word_1_678' title='bbox 3758 4455 3847 4508; x_wconf 84' lang='grc' dir='ltr'>τὸν</span> 
     </span>
    </p>
   </div>
   <div class='ocr_carea' id='block_1_104' title="bbox 2207 4537 3842 4620">
    <p class='ocr_par' dir='ltr' id='par_1_104' title="bbox 2207 4537 3842 4620">
     <span class='ocr_line' id='line_1_104' title="bbox 2207 4537 3842 4620; baseline 0.003 -26"><span class='ocrx_word' id='word_1_679' title='bbox 2207 4540 2338 4616; x_wconf 83' lang='grc' dir='ltr'>πρὸς</span> <span class='ocrx_word' id='word_1_680' title='bbox 2383 4538 2480 4604; x_wconf 77' lang='grc' dir='ltr'>τὴν</span> <span class='ocrx_word' id='word_1_681' title='bbox 2515 4537 2624 4596; x_wconf 70' lang='grc' dir='ltr'><strong>ἄνω</strong></span> <span class='ocrx_word' id='word_1_682' title='bbox 2679 4540 3086 4619; x_wconf 73' lang='grc' dir='ltr'>λαμπροφορίαν</span> <span class='ocrx_word' id='word_1_683' title='bbox 3135 4537 3468 4615; x_wconf 87' lang='grc' dir='ltr'>καλούμενον</span> <span class='ocrx_word' id='word_1_684' title='bbox 3514 4541 3794 4620; x_wconf 73' lang='grc' dir='ltr'>ἄνθρωπον</span> <span class='ocrx_word' id='word_1_685' title='bbox 3827 4558 3842 4573; x_wconf 81' lang='grc'>⁸</span> 
     </span>
    </p>
   </div>
   <div class='ocr_carea' id='block_1_105' title="bbox 2201 4627 3846 4709">
    <p class='ocr_par' dir='ltr' id='par_1_105' title="bbox 2201 4627 3846 4709">
     <span class='ocr_line' id='line_1_105' title="bbox 2201 4627 3846 4709; baseline 0.004 -26"><span class='ocrx_word' id='word_1_686' title='bbox 2201 4627 2480 4706; x_wconf 69' lang='grc' dir='ltr'>ἀμφότερα</span> <span class='ocrx_word' id='word_1_687' title='bbox 2524 4629 2694 4686; x_wconf 64' lang='grc' dir='ltr'>τοίνδν</span> <span class='ocrx_word' id='word_1_688' title='bbox 2740 4629 2932 4686; x_wconf 77' lang='grc' dir='ltr'>εἰδέναι</span> <span class='ocrx_word' id='word_1_689' title='bbox 2964 4629 3109 4704; x_wconf 74' lang='grc' dir='ltr'>ἡμᾶς</span> <span class='ocrx_word' id='word_1_690' title='bbox 3140 4629 3273 4709; x_wconf 79' lang='grc' dir='ltr'>χρὴ,</span> <span class='ocrx_word' id='word_1_691' title='bbox 3310 4633 3396 4687; x_wconf 85' lang='grc' dir='ltr'><strong>καὶ</strong></span> <span class='ocrx_word' id='word_1_692' title='bbox 3442 4633 3506 4687; x_wconf 74' lang='grc' dir='ltr'><strong>τὰ</strong></span> <span class='ocrx_word' id='word_1_693' title='bbox 3551 4637 3650 4698; x_wconf 82' lang='grc' dir='ltr'>τὴς</span> <span class='ocrx_word' id='word_1_694' title='bbox 3687 4632 3846 4709; x_wconf 82' lang='grc' dir='ltr'>ἀκρι-</span> 
     </span>
    </p>
   </div>
   <div class='ocr_carea' id='block_1_106' title="bbox 2201 4717 3848 4796">
    <p class='ocr_par' dir='ltr' id='par_1_106' title="bbox 2201 4717 3848 4796">
     <span class='ocr_line' id='line_1_106' title="bbox 2201 4717 3848 4796; baseline 0.004 -23"><span class='ocrx_word' id='word_1_695' title='bbox 2201 4717 2370 4794; x_wconf 81' lang='grc' dir='ltr'>ϐείας,</span> <span class='ocrx_word' id='word_1_696' title='bbox 2437 4719 2518 4774; x_wconf 74' lang='grc' dir='ltr'>ιιαὶ</span> <span class='ocrx_word' id='word_1_697' title='bbox 2579 4719 2644 4774; x_wconf 82' lang='grc' dir='ltr'><strong>τά</strong></span> <span class='ocrx_word' id='word_1_698' title='bbox 2702 4725 2800 4786; x_wconf 78' lang='grc' dir='ltr'>τῆς</span> <span class='ocrx_word' id='word_1_699' title='bbox 2846 4719 3178 4795; x_wconf 85' lang='grc' dir='ltr'>συμπαθείας</span> <span class='ocrx_word' id='word_1_700' title='bbox 3205 4738 3222 4756; x_wconf 73' lang='grc' dir='ltr'>σ</span> <span class='ocrx_word' id='word_1_701' title='bbox 3259 4719 3476 4777; x_wconf 78' lang='grc' dir='ltr'>ἕπεσθαι</span> <span class='ocrx_word' id='word_1_702' title='bbox 3511 4719 3589 4796; x_wconf 79' lang='grc' dir='ltr'>δὲ,</span> <span class='ocrx_word' id='word_1_703' title='bbox 3625 4722 3848 4780; x_wconf 78' lang='grc' dir='ltr'>ἐπὶτῶν</span> 
     </span>
    </p>
   </div>
   <div class='ocr_carea' id='block_1_107' title="bbox 2205 4806 3849 4892">
    <p class='ocr_par' dir='ltr' id='par_1_107' title="bbox 2205 4806 3849 4892">
     <span class='ocr_line' id='line_1_107' title="bbox 2205 4806 3849 4892; baseline 0.003 -29"><span class='ocrx_word' id='word_1_704' title='bbox 2205 4806 2641 4884; x_wconf 75' lang='grc' dir='ltr'>καταδεξαμένων</span> <span class='ocrx_word' id='word_1_705' title='bbox 2686 4821 2783 4878; x_wconf 71' lang='grc' dir='ltr'><strong>την</strong></span> <span class='ocrx_word' id='word_1_706' title='bbox 2831 4809 3106 4886; x_wconf 83' lang='grc' dir='ltr'>ἀκρότητα</span> <span class='ocrx_word' id='word_1_707' title='bbox 3136 4808 3524 4888; x_wconf 79' lang='grc' dir='ltr'>παραδέξασθαι</span> <span class='ocrx_word' id='word_1_708' title='bbox 3558 4818 3634 4886; x_wconf 83' lang='grc' dir='ltr'><strong>τῷ</strong></span> <span class='ocrx_word' id='word_1_709' title='bbox 3667 4834 3849 4892; x_wconf 87' lang='grc' dir='ltr'>παρα-</span> 
     </span>
    </p>
   </div>
   <div class='ocr_carea' id='block_1_108' title="bbox 2200 4897 3849 4980">
    <p class='ocr_par' dir='ltr' id='par_1_108' title="bbox 2200 4897 3849 4980">
     <span class='ocr_line' id='line_1_108' title="bbox 2200 4897 3849 4980; baseline 0.003 -26"><span class='ocrx_word' id='word_1_710' title='bbox 2200 4897 2401 4955; x_wconf 77' lang='grc' dir='ltr'>δοθέντι</span> <span class='ocrx_word' id='word_1_711' title='bbox 2449 4899 2622 4980; x_wconf 84' lang='grc' dir='ltr'>τύπῳ,</span> <span class='ocrx_word' id='word_1_712' title='bbox 2669 4901 2846 4964; x_wconf 88' lang='grc' dir='ltr'>καθὼς</span> <span class='ocrx_word' id='word_1_713' title='bbox 2889 4902 2916 4956; x_wconf 84' lang='grc' dir='ltr'>ὁ</span> <span class='ocrx_word' id='word_1_714' title='bbox 2981 4901 3119 4979; x_wconf 79' lang='grc' dir='ltr'>ἱερὸς</span> <span class='ocrx_word' id='word_1_715' title='bbox 3197 4900 3341 4976; x_wconf 73' lang='grc' dir='ltr'>ἡμᾶς</span> <span class='ocrx_word' id='word_1_716' title='bbox 3400 4899 3700 4958; x_wconf 79' lang='grc' dir='ltr'>ἐκδιδάσκει</span> <span class='ocrx_word' id='word_1_717' title='bbox 3739 4909 3849 4959; x_wconf 80' lang='grc' dir='ltr'><strong>Βα-</strong></span> 
     </span>
    </p>
   </div>
   <div class='ocr_carea' id='block_1_109' title="bbox 2206 4988 2432 5052">
    <p class='ocr_par' dir='ltr' id='par_1_109' title="bbox 2206 4988 2432 5052">
     <span class='ocr_line' id='line_1_109' title="bbox 2206 4988 2432 5052; baseline 0 -8"><span class='ocrx_word' id='word_1_718' title='bbox 2206 4988 2432 5052; x_wconf 87' lang='grc' dir='ltr'>σίλειος,</span> 
     </span>
    </p>
   </div>
   <div class='ocr_carea' id='block_1_110' title="bbox 2281 5077 3760 5166">
    <p class='ocr_par' dir='ltr' id='par_1_110' title="bbox 2281 5077 3760 5166">
     <span class='ocr_line' id='line_1_110' title="bbox 2281 5077 3760 5166; baseline 0.004 -32"><span class='ocrx_word' id='word_1_719' title='bbox 2281 5077 2555 5135; x_wconf 77' lang='grc' dir='ltr'>Βασιλσίου</span> <span class='ocrx_word' id='word_1_720' title='bbox 2586 5079 2763 5136; x_wconf 86' lang='grc' dir='ltr'>κανὼν</span> <span class='ocrx_word' id='word_1_721' title='bbox 2797 5079 2864 5158; x_wconf 87' lang='grc' dir='ltr'><strong>ε’,</strong></span> <span class='ocrx_word' id='word_1_722' title='bbox 2899 5077 3004 5160; x_wconf 83' lang='grc' dir='ltr'>λδ’,</span> <span class='ocrx_word' id='word_1_723' title='bbox 3039 5078 3140 5157; x_wconf 88' lang='grc' dir='ltr'>οδ’,</span> <span class='ocrx_word' id='word_1_724' title='bbox 3179 5079 3282 5161; x_wconf 85' lang='grc' dir='ltr'>οε’,</span> <span class='ocrx_word' id='word_1_725' title='bbox 3320 5081 3458 5163; x_wconf 78' lang='grc' dir='ltr'>ος“’,</span> <span class='ocrx_word' id='word_1_726' title='bbox 3495 5085 3616 5166; x_wconf 85' lang='grc' dir='ltr'>πβ’,</span> <span class='ocrx_word' id='word_1_727' title='bbox 3647 5081 3760 5148; x_wconf 83' lang='grc' dir='ltr'>πδ’,</span> 
     </span>
    </p>
   </div>
   <div class='ocr_carea' id='block_1_111' title="bbox 2279 5167 3843 5252">
    <p class='ocr_par' dir='ltr' id='par_1_111' title="bbox 2279 5167 3843 5252">
     <span class='ocr_line' id='line_1_111' title="bbox 2279 5167 3843 5252; baseline 0.005 -28"><span class='ocrx_word' id='word_1_728' title='bbox 2279 5167 2350 5231; x_wconf 81' lang='grc' dir='ltr'><strong>ε’.</strong></span> <span class='ocrx_word' id='word_1_729' title='bbox 2385 5170 2518 5233; x_wconf 82' lang='grc' dir='ltr'>Τοὺς</span> <span class='ocrx_word' id='word_1_730' title='bbox 2549 5167 2604 5224; x_wconf 78' lang='grc' dir='ltr'>δὲ</span> <span class='ocrx_word' id='word_1_731' title='bbox 2636 5169 2722 5226; x_wconf 78' lang='grc' dir='ltr'><strong>ἐπὶ</strong></span> <span class='ocrx_word' id='word_1_732' title='bbox 2772 5168 2933 5245; x_wconf 77' lang='grc' dir='ltr'>ἐξόδῳ</span> <span class='ocrx_word' id='word_1_733' title='bbox 2966 5179 3360 5246; x_wconf 83' lang='grc' dir='ltr'>μετανοοῦντας</span> <span class='ocrx_word' id='word_1_734' title='bbox 3403 5174 3508 5231; x_wconf 82' lang='grc' dir='ltr'><strong>τῶν</strong></span> <span class='ocrx_word' id='word_1_735' title='bbox 3542 5177 3843 5252; x_wconf 84' lang='grc' dir='ltr'>αἱρετικῶν,</span> 
     </span>
    </p>
   </div>
   <div class='ocr_carea' id='block_1_112' title="bbox 469 5257 2128 5347">
    <p class='ocr_par' dir='ltr' id='par_1_112' title="bbox 469 5258 2108 5344">
     <span class='ocr_line' id='line_1_112' title="bbox 469 5258 2108 5344; baseline 0.009 -29"><span class='ocrx_word' id='word_1_736' title='bbox 469 5268 615 5335; x_wconf 86' lang='lat' dir='ltr'><strong>pere</strong></span> <span class='ocrx_word' id='word_1_737' title='bbox 645 5263 903 5336; x_wconf 90' lang='lat' dir='ltr'><strong>oportet.</strong></span> <span class='ocrx_word' id='word_1_738' title='bbox 944 5258 1240 5338; x_wconf 79' lang='lat' dir='ltr'><strong>Recipere</strong></span> <span class='ocrx_word' id='word_1_739' title='bbox 1269 5269 1495 5335; x_wconf 88' lang='lat' dir='ltr'><strong>autem,</strong></span> <span class='ocrx_word' id='word_1_740' title='bbox 1535 5280 1651 5323; x_wconf 89' lang='lat' dir='ltr'><strong>non</strong></span> <span class='ocrx_word' id='word_1_741' title='bbox 1698 5265 2108 5344; x_wconf 83' lang='lat' dir='ltr'><strong>sinejudicio,</strong></span> 
     </span>
    </p>
   </div>
   <div class='ocr_carea' id='block_1_113' title="bbox 2222 5257 3842 5347">
    <p class='ocr_par' dir='ltr' id='par_1_113' title="bbox 2226 5257 3842 5347">
     <span class='ocr_line' id='line_1_113' title="bbox 2226 5257 3842 5347; baseline 0.006 -34"><span class='ocrx_word' id='word_1_742' title='bbox 2226 5261 2444 5339; x_wconf 70' lang='grc' dir='ltr'>ἔχεσθαι</span> <span class='ocrx_word' id='word_1_743' title='bbox 2503 5260 2614 5339; x_wconf 81' lang='grc' dir='ltr'>χρή</span> <span class='ocrx_word' id='word_1_744' title='bbox 2653 5275 2666 5290; x_wconf 85' lang='grc'><strong><em>⁸</em></strong></span> <span class='ocrx_word' id='word_1_745' title='bbox 2733 5257 2986 5340; x_wconf 70' lang='grc' dir='ltr'>δέχεσθαι</span> <span class='ocrx_word' id='word_1_746' title='bbox 3043 5259 3098 5316; x_wconf 75' lang='grc' dir='ltr'>δὲ</span> <span class='ocrx_word' id='word_1_747' title='bbox 3154 5260 3402 5329; x_wconf 86' lang='grc' dir='ltr'>δηλονότι</span> <span class='ocrx_word' id='word_1_748' title='bbox 3466 5264 3563 5321; x_wconf 76' lang='grc' dir='ltr'><strong>οὒκ</strong></span> <span class='ocrx_word' id='word_1_749' title='bbox 3592 5265 3842 5347; x_wconf 83' lang='grc' dir='ltr'>ἀκρίτως,</span> 
     </span>
    </p>
   </div>
   <div class='ocr_carea' id='block_1_114' title="bbox 547 5387 3748 5483">
    <p class='ocr_par' dir='ltr' id='par_1_114' title="bbox 547 5387 3748 5483">
     <span class='ocr_line' id='line_1_114' title="bbox 547 5387 3748 5483; baseline 0.003 -29"><span class='ocrx_word' id='word_1_750' title='bbox 547 5387 611 5439; x_wconf 79' lang='grc'><strong>66</strong></span> <span class='ocrx_word' id='word_1_751' title='bbox 638 5391 822 5454; x_wconf 87' lang='lat' dir='ltr'><strong>Conc.</strong></span> <span class='ocrx_word' id='word_1_752' title='bbox 858 5391 1042 5455; x_wconf 84' lang='lat' dir='ltr'><strong>Atrio.</strong></span> <span class='ocrx_word' id='word_1_753' title='bbox 1082 5411 1216 5474; x_wconf 90' lang='lat' dir='ltr'><strong>cap.</strong></span> <span class='ocrx_word' id='word_1_754' title='bbox 1252 5396 1350 5459; x_wconf 84' lang='grc'><strong>10.</strong></span> <span class='ocrx_word' id='word_1_755' title='bbox 1438 5398 1498 5449; x_wconf 79' lang='grc'><strong>67</strong></span> <span class='ocrx_word' id='word_1_756' title='bbox 1532 5399 1668 5461; x_wconf 87' lang='lat' dir='ltr'><strong>Vid.</strong></span> <span class='ocrx_word' id='word_1_757' title='bbox 1705 5419 1835 5483; x_wconf 89' lang='lat' dir='ltr'><strong>cap.</strong></span> <span class='ocrx_word' id='word_1_758' title='bbox 1869 5403 1929 5481; x_wconf 87' lang='lat'><strong>7,</strong></span> <span class='ocrx_word' id='word_1_759' title='bbox 1966 5421 2141 5466; x_wconf 90' lang='lat' dir='ltr'><strong>conc.</strong></span> <span class='ocrx_word' id='word_1_760' title='bbox 2175 5397 2561 5465; x_wconf 85' lang='lat' dir='ltr'><strong>Vormatien.</strong></span> <span class='ocrx_word' id='word_1_761' title='bbox 2593 5416 2608 5475; x_wconf 89' lang='lat'><strong>;</strong></span> <span class='ocrx_word' id='word_1_762' title='bbox 2644 5394 2825 5457; x_wconf 86' lang='lat' dir='ltr'><strong>Basil.</strong></span> <span class='ocrx_word' id='word_1_763' title='bbox 2863 5414 3000 5460; x_wconf 84' lang='lat' dir='ltr'><strong>can.</strong></span> <span class='ocrx_word' id='word_1_764' title='bbox 3033 5397 3114 5461; x_wconf 77' lang='grc'><strong>74</strong></span> <span class='ocrx_word' id='word_1_765' title='bbox 3148 5405 3206 5459; x_wconf 90' lang='lat' dir='ltr'><strong>et</strong></span> <span class='ocrx_word' id='word_1_766' title='bbox 3235 5399 3309 5462; x_wconf 87' lang='grc'><strong>84</strong></span> <span class='ocrx_word' id='word_1_767' title='bbox 3341 5422 3355 5473; x_wconf 86' lang='lat'><strong>;</strong></span> <span class='ocrx_word' id='word_1_768' title='bbox 3391 5396 3648 5479; x_wconf 79' lang='lat' dir='ltr'><strong>Nyssen.</strong></span> <span class='ocrx_word' id='word_1_769' title='bbox 3691 5401 3748 5464; x_wconf 83' lang='lat'><strong>8.</strong></span> 
     </span>
    </p>
   </div>
   <div class='ocr_carea' id='block_1_115' title="bbox 469 5533 2106 5682">
    <p class='ocr_par' dir='ltr' id='par_1_115' title="bbox 469 5533 2106 5682">
     <span class='ocr_line' id='line_1_115' title="bbox 469 5533 2106 5682; baseline 0.011 -88"><span class='ocrx_word' id='word_1_770' title='bbox 469 5533 1044 5682; x_wconf 40' lang='lat' dir='ltr'><strong>tit.(I1ES%.Ferrandus</strong></span> <span class='ocrx_word' id='word_1_771' title='bbox 1091 5557 1224 5621; x_wconf 86' lang='lat' dir='ltr'><strong>cap.</strong></span> <span class='ocrx_word' id='word_1_772' title='bbox 1276 5541 1414 5622; x_wconf 88' lang='grc'>118,</span> <span class='ocrx_word' id='word_1_773' title='bbox 1471 5561 1541 5609; x_wconf 78' lang='lat' dir='ltr'><strong>ex</strong></span> <span class='ocrx_word' id='word_1_774' title='bbox 1577 5546 1794 5611; x_wconf 86' lang='lat' dir='ltr'><strong>concil.</strong></span> <span class='ocrx_word' id='word_1_775' title='bbox 1831 5547 2106 5628; x_wconf 77' lang='lat' dir='ltr'><strong>Carthag.</strong></span> 
     </span>
    </p>
   </div>
   <div class='ocr_carea' id='block_1_116' title="bbox 2273 5543 3843 5634">
    <p class='ocr_par' dir='ltr' id='par_1_116' title="bbox 2273 5543 3843 5634">
     <span class='ocr_line' id='line_1_116' title="bbox 2273 5543 3843 5634; baseline 0.005 -28"><span class='ocrx_word' id='word_1_776' title='bbox 2273 5543 2405 5626; x_wconf 80' lang='lat' dir='ltr'><strong>(7i)</strong></span> <span class='ocrx_word' id='word_1_777' title='bbox 2444 5543 2648 5634; x_wconf 57' lang='lat' dir='ltr'><strong>Aesis,</strong></span> <span class='ocrx_word' id='word_1_778' title='bbox 2683 5543 2775 5605; x_wconf 90' lang='lat' dir='ltr'><strong>vel</strong></span> <span class='ocrx_word' id='word_1_779' title='bbox 2809 5545 3049 5625; x_wconf 79' lang='lat' dir='ltr'><strong>absida,</strong></span> <span class='ocrx_word' id='word_1_780' title='bbox 3086 5547 3495 5612; x_wconf 87' lang='lat' dir='ltr'><strong>sanctuarium</strong></span> <span class='ocrx_word' id='word_1_781' title='bbox 3531 5559 3644 5634; x_wconf 78' lang='lat' dir='ltr'><strong>est;</strong></span> <span class='ocrx_word' id='word_1_782' title='bbox 3673 5551 3843 5634; x_wconf 71' lang='lat' dir='ltr'><strong>vulgo</strong></span> 
     </span>
    </p>
   </div>
   <div class='ocr_carea' id='block_1_117' title="bbox 2193 5632 2769 5702">
    <p class='ocr_par' dir='ltr' id='par_1_117' title="bbox 2193 5632 2769 5702">
     <span class='ocr_line' id='line_1_117' title="bbox 2193 5632 2769 5702; baseline 0.005 -3"><span class='ocrx_word' id='word_1_783' title='bbox 2193 5632 2454 5699; x_wconf 82' lang='lat' dir='ltr'><strong>chorum</strong></span> <span class='ocrx_word' id='word_1_784' title='bbox 2487 5633 2769 5702; x_wconf 87' lang='lat' dir='ltr'><strong>dicimus.</strong></span> 
     </span>
    </p>
   </div>
  </div>
