4134 6200
340 296 460 370 805
992 356 999 361 .
1086 296 1508 371 SYNTAGMA
1553 294 1950 367 CANONUM.
2000 333 2073 347 -—
2123 289 2281 361 TIT.
2328 282 2434 376 1X7,
2480 286 2644 359 CAP.
2692 284 2974 358 XXXIX.
3599 282 3717 358 806

342 439 485 498 ἀλλὰ
538 439 928 517 δοκιμάζοντας
1006 443 1050 499 εἰ
1121 441 1378 510 ἀληθινὴν
1436 439 1825 500 ἓπιδείκνυνται
1884 438 1975 507 τὴν

2069 434 2177 498 sed
2237 430 2651 496 examinantes
2702 450 2778 493 an
2832 448 3029 493 veram
3063 428 3471 512 pmnitentiam
3502 438 3712 494 osten‘

342 532 654 606 μετάνοιαν,
686 533 777 589 καὶ
824 533 869 588 εἶ
904 532 1027 595 τοὺς
1080 533 1313 609 καρποὺς
1359 532 1545 613 ἔχουσι
1589 537 1975 611 μαρτυροῦντας

2069 525 2232 595 dant,
2288 522 2642 604 fructusque
2694 521 2977 596 habeant,
3038 520 3142 603 qui
3190 521 3400 583 salutis
3447 522 3712 586 studium

343 626 410 698 τῇ
442 642 573 697 προς
606 622 666 678 τὸ
699 623 934 689 σωθῆναι
962 620 1190 699 σπονδῇ.
1684 618 1691 623 ’

2070 614 2488 678 testiﬁcentur.

420 708 528 768 λδ’.
562 711 669 774 Τὰς
704 712 1081 791 μοιχευθείσας
1121 713 1211 769 καὶ
1259 709 1676 791 ἓξαγορευούσας
1720 708 1788 767 δι’
1821 709 1975 768 εόλά-

2147 705 2248 768 34.
2307 702 2589 766 Mulieres
2645 701 2949 765 adulterio
3001 701 3283 783 pollutas,
3316 711 3375 766 et
3405 701 3482 764 ob
3516 703 3712 784 pieta-

334 798 510 879 ϐειαν,
551 799 589 867 ἣ
619 802 862 858 ὁπωσοῦν
892 799 1284 881 ἐλεγχομένας,
1314 800 1656 877 δημασιεύειν
1699 800 1796 876 μὲν
1839 799 1975 856 ἐκώ-

2070 802 2185 859 tem
2222 793 2604 870 conﬁtentes,
2657 800 2759 854 aut
2808 796 3233 874 quoquomodo
3275 795 3575 855 convictas
3609 813 3714 875 pn-

250 902 255 905 ’
330 886 503 946 λυσαν
577 890 624 946 οἱ
685 889 915 968 Πατέρες
985 893 1166 966 ἡμῶν,
1228 889 1324 946 ἵνα
1395 891 1473 964 μὴ
1529 889 1755 949 θανάτου
1812 889 1975 945 αἰτίαν

2067 884 2277 948 blicari
2313 886 2516 947 Patres
2548 883 2738 944 nostri
2770 883 3201 963 noluerunt,ne
3232 901 3470 945 causam
3507 884 3713 947 mortis

336 977 715 1059 παράσχωμεν
758 978 1126 1060 ἐλεγχθείσαις
1155 997 1169 1012 '
1224 979 1477 1036 ἵστασθαι
1535 977 1588 1034 δὲ
1652 979 1813 1042 αὐτὰς
1858 975 1982 1035 ἄνευ

337 1069 617 1131 κοινωνίας
651 1069 1005 1150 προσέταξαν,
1056 1071 1222 1151 μέχρι
1277 1079 1371 1128 τοῦ
1413 1068 1846 1147 συμπληροῦσθαι
1888 1068 1981 1124 τὸν

335 1160 534 1239 χρόνον
565 1165 664 1226 τῆς
694 1162 1005 1235 μετανοίας,

419 1245 684 1337 οδιῖξεὸιν
713 1250 962 1328 μέντοιγε
990 1249 1213 1315 ἕκαστος
1242 1252 1349 1308 τῶν
1377 1250 1432 1307 ἐν
1464 1263 1581 1313 τοῖς
1636 1270 1981 1329 προγεγραμ-

338 1337 520 1414 μένοις
572 1336 933 1418 νᾶμαρτήμασι
1003 1338 1332 1421 γενομένων,
1397 1336 1688 1403 σπουδαῖος
1733 1338 1980 1416 ..γένηται

338 1427 856 1507 ἐξομολογούμενος,
918 1435 946 1486 ὸ
1005 1431 1301 1494 πιστευθεὶς
1354 1430 1495 1507 παρᾶ
1555 1431 1656 1496 τῆς
1700 1434 1793 1495 τοῦ
1848 1426 1982 1484 Θεοῦ

336 1515 732 1599 φιλανθρωπίας
801 1518 945 1576 λύειν
1016 1519 1106 1575 καὶ
1177 1517 1424 1598 δεσμεῖν,
1484 1514 2017 1598 φιλανθρωπότερος’

336 1608 575 1690 γένοιτο,
606 1612 669 1666 τὸ
711 1607 1043 1688 ὑπερϐάλλον
1072 1615 1170 1677 τῆς
1204 1607 1645 1688 ἐξομολογήσεως
1703 1610 1841 1686 ὁρῶν
1888 1607 1979 1664 τοῦ

340 1700 741 1779 ἡμαρτηκότος,
777 1701 851 1763 εἰς
879 1701 941 1756 τὸ
984 1697 1284 1757 ἔλαττῶσαι
1316 1700 1407 1755 τὸν
1448 1700 1645 1779 χρόνον
1698 1705 1807 1755 τῶν
1850 1696 1976 1755 ἐπι-

334 1790 553 1864 τιμίων,
614 1792 713 1849 οὐκ
781 1789 929 1846 ἔσται
971 1789 1365 1867 καταγνώσεως
1393 1788 1535 1855 ἄξιος
1572 1833 1584 1847 .
1632 1794 1732 1857 τῆς
1764 1786 1821 1845 ἒν
1850 1801 1974 1853 ταῖς

2066 976 2440 1058 praebeamus
2461 972 2750 1034 convictis
2777 992 2794 1049 ;
2828 973 3163 1036 consistere
3194 982 3393 1035 autem
3422 973 3557 1036 illas
3581 975 3714 1037 sine

2062 1065 2486 1128 communione
2510 1062 2850 1143 jusserunt,
2888 1063 3081 1125 donec
3130 1062 3449 1144 impleatur
3479 1074 3713 1147 tempus

2068 1154 2458 1236 paenitentiae.

2144 1244 2244 1308 74.
2277 1243 2445 1316 Quod
2477 1242 2524 1303 si
2555 1241 2969 1324 unusquisque
3002 1261 3206 1306 eorum
3239 1242 3341 1325 qui
3370 1243 3430 1306 in
3464 1243 3713 1326 praedic-

2065 1332 2242 1397 dictis
2275 1335 2531 1413 peccatis
2564 1332 2751 1405 fuere,
2805 1332 3249 1415 pmnitentiam~
3272 1351 3478 1413 agens,
3516 1334 3711 1398 bonus

2064 1424 2343 1498 evaserit,
2378 1424 2429 1486 is
2464 1423 2560 1485 cui
2620 1441 2654 1485 a
2711 1422 2819 1485 Dei
2877 1423 3248 1504 benignitate
3281 1424 3504 1504 ligandi
3531 1434 3711 1507 atque

2060 1512 2332 1576 solvendi
2393 1511 2620 1574 credita
2682 1519 2945 1592 potestas
2979 1555 2996 1584 ,
3057 1512 3108 1574 si
3167 1512 3527 1574 clementior
3582 1513 3706 1589 ﬁat,

2063 1611 2378 1685 perspecta
2427 1602 2592 1666 illius
2639 1605 2739 1682 qui
2774 1600 3041 1681 peccavit
3073 1599 3442 1683 poenitentia;
3471 1602 3707 1683 magni-

2063 1694 2294 1769 tudine,
2325 1692 2401 1755 ad
2455 1691 2914 1754 diminuendum
2950 1707 3260 1773 pugnarum
3294 1700 3552 1770 tempus,
3586 1710 3709 1753 non

2061 1784 2173 1845 erit
2215 1782 2427 1863 dignus
2478 1779 3012 1855 condemnatione,
3074 1797 3208 1842 cum
3266 1798 3336 1843 ea
3365 1798 3499 1861 quae
3528 1781 3707 1844 estin

333 1856 571 1958 Γραφαίς
601 1879 838 1957 ἱστορίας
895 1856 1260 1956 γνωριζούσης
1317 1880 1481 1957 ἡμῖν,
1526 1879 1650 1942 τοὺς
1684 1879 1822 1954 μετᾶ
1852 1878 1973 1955 μεί-

2067 1856 2384 1954 Scripturis
2414 1871 2664 1933 historia
2696 1890 2804 1933 nos
2863 1871 3096 1947 doceat,
3132 1888 3235 1932 eos
3266 1856 3539 1951 qui—cum
3574 1888 3708 1932 ma-

328 1974 483 2038 ζονος
515 1966 680 2024 πόνου
711 1966 1259 2048 ἐξομολογουμένους,
1294 1967 1508 2048 ταχέως
1566 1968 1667 2035 τὴν
1708 1969 1802 2024 τοῦ
1845 1975 1977 2027 Θεοῦ

334 2057 732 2137 φιλανθρωπίαν
759 2055 1222 2132 καταλαμϐάνειν,

415 2237 514 2300 σε’.
565 2228 621 2296 Ὀ
664 2237 867 2318 ἀδελφῇ
909 2236 1010 2311 ἰδίᾳ
1054 2236 1115 2294 ἐκ
1158 2238 1357 2313 πατρὸς
1398 2237 1434 2305 ἢ
1478 2236 1540 2292 ἐκ
1583 2238 1787 2314 μητρὸς
1831 2259 1974 2313 συμο

332 2328 594 2403 μιανθεῖς,
630 2328 703 2393 εἰς
734 2327 892 2385 οἶκον
922 2327 1234 2407 προσευχῆς
1267 2327 1344 2403 μὴ
1390 2326 1756 2406 ὲπιτρεπέσθω
1785 2340 1978 2405 παρετ-

331 2441 444 2498 ναι,
473 2416 574 2484 ἕως
605 2416 666 2473 ἂν
695 2418 908 2484 ἀποστή
934 2419 1032 2485 τῆς
1068 2422 1379 2496 παρανόμου
1419 2418 1509 2474 καὶ
1559 2416 1806 2492 ἂθεμίτου
1837 2418 1976 2497 πρά-

330 2507 462 2574 ξεως
496 2524 512 2539 ⁸
559 2509 696 2584 μετὰ
724 2505 779 2564 δὲ
815 2509 875 2565 τὸ
898 2507 1077 2565 ἓλθεϊν
1106 2509 1178 2572 εἷς
1211 2508 1550 2575 συναίσθησιν
1600 2507 1699 2575 τῆς
1743 2506 1973 2587 φοϐερᾶς

327 2597 616 2676 ἁμαρτίας,
661 2597 893 2675 τριετίαν
936 2597 1329 2675 προσκλαιέτω,
1363 2603 1430 2675 τῇ
1457 2597 1586 2677 θύρᾳ
1634 2604 1740 2654 τῶν
1772 2602 1972 2665 εύκτη-

326 2687 455 2765 ρίων
499 2687 669 2746 οἵκων
712 2689 1089 2767 παρεστηκὼς,
1150 2689 1238 2745 καὶ
1287 2686 1536 2764 δεόμενος
1570 2694 1661 2744 τοῦ
1692 2686 1824 2744 λαοῦ
1856 2690 1970 2745 εἷσ-

325 2777 498 2839 ιόντος
544 2776 629 2833 ἐπὶ
672 2777 771 2846 τὴν
818 2778 1128 2857 προσευχήν
1164 2794 1180 2809 ⁸
1240 2776 1378 2834 ὥστε
1409 2777 1637 2834 ἕκαστον
1680 2778 1815 2852 μετὰ
1844 2800 1974 2853 συμ-

322 2867 545 2932 παθείας
588 2867 720 2945 ὑπὲρ
778 2866 939 2925 αὖτοῦ
993 2870 1231 2931 εκτενεϊς
1276 2869 1546 2924 ποιεῖσθαι
1599 2869 1733 2945 πρὸς
1787 2867 1973 2945 Κύριον

320 2956 638 3036 προσευχάς
676 2978 689 2991 ⁸
727 2958 868 3033 παρὰ
897 2954 953 3013 δὲ
982 2959 1162 3032 τοῦτο,
1195 2956 1370 3024 ἄλλην
1399 2958 1629 3037 τριετίαν
1658 2958 1733 3021 εἷς
1765 2956 1970 3036 ἀκρόα-

324 3068 409 3102 σιν
451 3047 625 3121 μόνην
678 3045 1100 3126 παραδεχθήτω,
1145 3048 1233 3103 καὶ
1287 3047 1496 3103 ἀκούων
1566 3051 1673 3104 τῶν
1744 3052 1968 3127 Γραφῶν

324 3135 424 3193 καί
466 3135 566 3203 τῆς
608 3134 975 3216 διδασκαλίας,
1028 3134 1372 3193 ἐκϐαλλὲσθω
1413 3137 1501 3193 καὶ
1544 3136 1622 3210 μὴ
1681 3136 1970 3201 καταξιού-

2051 1963 2189 2043 jore
2221 1961 2427 2025 labore
2485 1960 2899 2043 pmnitentiam
2933 1968 3141 2038 agunt,
3174 1962 3292 2023 cito
3324 1959 3430 2023 Dei
3464 1961 3706 2023 miseri-

2056 2051 2324 2115 cordiam
2356 2058 2670 2133 consequi.
2746 2130 2751 2131 ί

2139 2144 2239 2206 75.
2275 2141 2392 2216 Qui
2424 2160 2561 2204 cum
2595 2159 2703 2203 sua
2735 2158 2804 2202 ex
2839 2148 3007 2221 patre
3039 2140 3129 2202 vel
3162 2159 3231 2203 ex
3288 2146 3476 2203 matre
3497 2158 3706 2204 sorore

2061 2233 2323 2315 pollutus
2354 2241 2464 2313 est,
2500 2232 2562 2293 in
2595 2230 2837 2293 domum
2871 2230 3162 2293 arationis
3219 2249 3294 2292 ne
3327 2230 3707 2312 permittatur

2057 2323 2373 2398 accedere,
2439 2322 2631 2384 donec
2662 2320 2804 2382 526
2833 2318 2907 2382 ab
2940 2318 3146 2401 iniqua
3176 2329 3234 2382 et
3265 2320 3494 2382 nefaria
3523 2321 3707 2383 actio-

2059 2430 2136 2475 ne
2167 2412 2438 2476 desistat.
2473 2414 2788 2493 Postquam
2835 2417 3030 2472 autem
3065 2410 3123 2471 in
3157 2410 3446 2474 horrendi
3476 2408 3708 2492 peccati

2056 2521 2300 2565 sensum
2360 2509 2419 2565 et
2471 2499 3058 2564 animadversionem
3128 2499 3386 2574 venerit,
3444 2495 3719 2562 triennio

2057 2594 2216 2665 ﬂeat,
2249 2599 2413 2653 stans
2445 2601 2696 2672 propter
2723 2589 2884 2651 fores
2914 2589 3128 2651 domus
3178 2591 3488 2665 orationis,
3524 2598 3584 2651 et
3611 2606 3708 2651 ro-

2055 2699 2200 2761 gans
2253 2680 2541 2763 populum
2599 2679 3039 2759 ingredientem
3100 2678 3173 2742 ad
3225 2680 3589 2755 orationem,
3642 2687 3710 2740 ut

2056 2771 2468 2853 unusquisque
2505 2768 2985 2832 misericorditer
3040 2787 3144 2850 pro
3176 2769 3305 2850 ipso
3337 2770 3604 2831 intensas
3629 2767 3706 2830 ad

2055 2860 2381 2924 Dominum
2450 2878 2663 2942 preces
2736 2859 2973 2921 fundat.
3049 2857 3262 2921 Postea
3332 2866 3530 2921 autem
3587 2856 3705 2920 alio

2058 2951 2320 3014 triennio
2375 2950 2447 3013 ad
2536 2949 2722 3012 solam
2787 2947 3159 3011 auditionem
3218 2948 3591 3023 admittatur,
3647 2955 3707 3011 et

2055 3040 2384 3122 Scripturis
2433 3041 2824 3121 doctrinaque
2872 3039 3094 3102 auditis
3134 3038 3430 3120 ejiciatur,
3462 3057 3575 3100 nec
3606 3037 3702 3100 di-

2055 3150 2206 3212 gnus
2236 3131 2532 3193 habeatur
2561 3129 2855 3192 oratione.
2916 3127 3168 3203 Deinde,
3223 3126 3275 3188 si
3330 3128 3505 3190 modo
3537 3127 3701 3189 illam

323 3227 435 3281 σθω
477 3228 786 3307 προσευχῆς
823 3245 837 3259 ·
881 3224 1069 3283 ἔπειτα
1112 3225 1269 3305 εἴπερ
1316 3225 1452 3302 μετᾶ
1510 3225 1751 3304 δακρύων
1780 3223 1965 3297 histri-

2067 3240 2190 3284 cum
2223 3220 2504 3302 lacrymis
2534 3218 2910 3301 exquisierit,
2961 3227 3018 3281 et
3046 3218 3306 3281 Domino
3337 3236 3472 3280 cum
3503 3217 3703 3280 cordis

321 3335 488 3382 τησεν
531 3315 692 3372 ante»
734 3317 822 3373 καὶ
880 3315 1178 3396 προσέπεσε
1228 3323 1305 3390 τῷ
1336 3315 1510 3395 Κυρίῳ
1539 3315 1676 3389 μετὰ
1707 3337 1967 3393 συντριμ-

322 3403 429 3479 μοῦ
511 3403 729 3483 καρδίας
815 3407 899 3462 καὶ
978 3407 1350 3470 ταπεινώσεως
1425 3406 1678 3485 ἰσχυρᾶς,
1746 3402 1969 3461 διδόσθω

323 3497 471 3568 αὖτῷ
503 3495 538 3563 ἡ
571 3496 888 3560 ύπόπτωσις
933 3495 990 3552 ἐν
1019 3493 1202 3560 ἄλλοις
1232 3493 1409 3573 τρισίν
1443 3495 1583 3550 ἔτεσι
1619 3509 1631 3521 ·
1680 3495 1767 3551 καὶ
1799 3493 1969 3557 οὕτως

321 3580 536 3639 ἐπειδὰν
587 3587 711 3649 τοὺς
769 3585 1005 3664 καρποὺς
1046 3589 1147 3653 τῆς
1193 3584 1478 3661 μετανοίας
1543 3583 1714 3649 ἀξίους
1765 3581 1969 3640 ἐπιδεί-

323 3671 504 3753 ξηται,
567 3678 647 3748 τῷ
687 3674 895 3749 δεκάτῳ
936 3674 1042 3732 ἔτει
1088 3675 1160 3737 εἷς
1205 3674 1306 3742 τὴν
1362 3680 1468 3731 τῶν
1533 3674 1736 3731 πιστῶν
1794 3672 1971 3753 εύχῆν

324 3760 579 3843 δεχθήτω
623 3765 794 3846 χωρὶς
842 3771 1147 3845 προσφορᾶς
1183 3778 1197 3794 ⁸
1255 3765 1342 3820 καὶ
1386 3762 1477 3820 δύο
1522 3763 1617 3831 ἔτη
1668 3764 1863 3827 συστὰς
1895 3764 1969 3827 εἷς

323 3853 427 3919 τὴν
476 3853 645 3933 τύχην
702 3868 823 3918 τοῖς
879 3866 1125 3931 πιστοῖς,
1187 3852 1357 3919 οὕτως
1388 3852 1579 3911 λοιπὸν
1611 3852 1973 3920 καταξιούσθω

322 3947 429 4011 τῆς
463 3950 550 4001 τοῦ
577 3943 777 4023 ἀγαθοῦ
806 3944 1111 4008 κοινωνίας.

408 4031 543 4107 (ις’,
574 4024 633 4092 Ὀ
677 4035 837 4099 αὐτὸς
866 4034 1030 4100 τύπος
1061 4036 1149 4092 καὶ
1177 4034 1295 4114 περὶ
1327 4040 1431 4092 τῶν
1462 4034 1558 4100 τὰς
1608 4034 1811 4115 νύμφας
1844 4034 1972 4092 ἐαυ-

320 4124 435 4180 τῶν
462 4121 871 4199 λαμϐανόντων.

403 4212 525 4290 πβ’.
571 4215 671 4273 Καὶ
718 4216 832 4294 περὶ
886 4219 993 4272 τῶν
1043 4213 1507 4295 ἐπιορκησάντων,
1543 4216 1587 4272 εἰ
1636 4213 1732 4291 μὲν
1763 4217 1826 4271 ὲκ
1855 4214 1973 4292 βίαις

321 4303 415 4361 καὶ
468 4302 711 4382 ἀνάγκης
786 4302 1096 4384 παρέϐησαν
1175 4307 1297 4370 τοὺς
1356 4304 1573 4384 ὅρκους,
1633 4304 1973 4385 κουφοτέροις

323 4393 638 4451 ὑπόκεινται
682 4407 799 4460 τοῖς
857 4394 1172 4472 ἐπιτιμίοις,
1230 4395 1369 4453 ὥστε
1407 4396 1543 4470 μετᾶ
1591 4393 1646 4460 ἓξ
1688 4392 1785 4461 ἔτη
1833 4399 1974 4452 εἶναι

323 4482 519 4547 αὖτοὺς
576 4481 791 4548 δεκτούς
827 4502 841 4518 ·
905 4486 948 4541 εὶ
1005 4482 1059 4540 δὲ
1103 4484 1227 4544 ἄνευ
1266 4484 1506 4563 ἀναγκης
1559 4483 1844 4562 προδόντες
1876 4485 1975 4551 τὴν

324 4571 530 4629 ἑαυτῶν
582 4574 758 4630 πίστιν

325 4661 385 4718 εν
443 4659 586 4720 δυσὶν
645 4664 1065 4743 ἀκροασάμενοι,
1125 4664 1214 4721 καὶ
1262 4663 1317 4720 ἐν
1360 4664 1518 4722 πέντε
1569 4664 1624 4719 ἐν
1668 4664 1975 4721 ὑποπτώσει

328 4751 639 4834 εὐξάμενοι,
701 4776 792 4811 και
847 4754 900 4811 ἓν
943 4752 1085 4811 δυσὶν
1143 4752 1328 4818 ἄλλοις
1381 4751 1506 4811 ἄνευ
1536 4760 1841 4834 προσφορᾶς
1902 4755 1978 4819 εἷς

329 4843 429 4911 τὴν
483 4845 768 4901 κοινωνίαν
825 4850 926 4912 τῆς
983 4850 1299 4926 προσευχῆς
1357 4842 1807 4924 παραδεχθέντες,
1841 4843 1981 4901 οὕτω

327 4930 644 4991 τελευταῖον
673 4933 952 5015 ἀξιόλογον
1004 4933 1210 5004 δηλαδή
1268 4934 1370 5002 τὴν
1428 4934 1715 5011 μετάνοιαν
1772 4931 1978 4992 ἐπιδει-

327 5019 573 5103 ξάμενοι,
606 5023 1211 5097 άποκατασταθήσονται
1266 5026 1340 5089 εἰς
1398 5025 1496 5094 τὴν
1556 5027 1837 5083 κοινωνίαν
1888 5031 1981 5082 τοῦ

329 5110 585 5188 σώματος
615 5121 711 5172 τοῦ
743 5121 993 5192 Χριστοῦ.

410 5201 525 5262 τπδ’.
559 5204 740 5261 Πάντα
771 5203 823 5263 δὲ
869 5209 1038 5262 ταῦτα
1084 5204 1385 5285 γράφομεν,
1417 5203 1558 5262 ὥστε
1587 5205 1711 5270 τοὺς
1744 5203 1978 5284 καρποὺς

329 5290 709 5364 δοκιμαζεσθαι
766 5299 866 5362 τῆς
949 5296 1234 5371 μετανοίας
1268 5314 1284 5333 ο
1347 5297 1406 5354 οὖ
1463 5295 1564 5374 γὰρ
1621 5295 1836 5359 πάντως
1900 5300 1976 5369 τῷ

331 5382 515 5464 χρόνῳ
563 5383 810 5464 κρίνομεν
862 5385 930 5442 τὰ
1005 5392 1249 5461 τοιαῦτα,
1312 5383 1450 5442 ἀλλᾶ
1506 5389 1585 5460 τῷ
1637 5386 1819 5464 τρόπῳ
1875 5389 1975 5453 τῆς

329 5473 616 5551 μετανοίας
645 5473 989 5555 προσέχομεν
1024 5490 1040 5508 ⁹
1105 5475 1195 5532 ἐὰν
1225 5473 1279 5532 δὲ
1310 5473 1774 5541 δυσαποσπάστως
1802 5475 1976 5556 ἔχωσι

2053 3312 2412 3373 contritione
2445 3317 2504 3372 et
2533 3308 2728 3372 valida
2758 3308 3179 3371 humiliatione
3208 3308 3463 3390 supplex
3496 3307 3699 3389 proci-

2052 3400 2233 3476 derit,
2267 3401 2444 3462 detur
2474 3398 2530 3462 ei
2559 3399 2889 3461 substratio
2921 3417 3031 3480 per
3060 3398 3210 3460 alios
3237 3407 3359 3461 tres
3387 3417 3598 3461 annos.
3632 3397 3706 3460 Et

2054 3499 2363 3572 postquam
2399 3488 2767 3570 paenitentiae
2829 3488 3060 3551 fructus
3109 3488 3319 3567 dignos
3349 3487 3699 3563 ostenderit,

2053 3598 2211 3642 anno
2268 3578 2506 3641 decimo
2565 3578 2628 3640 in
2685 3576 2953 3640 ﬁdeliqu
3008 3579 3312 3639 orationes
3343 3577 3705 3656 suscipiatur

2053 3670 2187 3732 sine
2245 3668 2553 3731 oblatione
2617 3684 2630 3727 :
2694 3675 2752 3728 et
2813 3666 2916 3728 ubi
2950 3671 3125 3727 annis
3153 3666 3388 3727 duobus
3418 3684 3533 3727 una
3564 3684 3702 3728 cum

2056 3758 2336 3823 ﬁdelibus
2386 3756 2626 3821 steterit
2682 3757 2756 3818 ad
2818 3756 3171 3832 orationem,
3207 3756 3288 3817 ita
3317 3756 3562 3818 demum
3613 3754 3703 3819 di-

2054 3868 2207 3930 gnus
2229 3849 2521 3913 habeatur
2546 3846 2688 3910 boni
2714 3850 3163 3909 communione.

2137 3941 2240 4004 76.
2274 3939 2494 4002 Eadem
2527 3947 2616 4001 est
2642 3935 2796 3999 ratio
2826 3935 2902 4000 de
2931 3936 3005 3999 iis
3031 3954 3268 4018 quoque
3292 3936 3395 4018 qui
3425 3953 3568 3999 suas
3597 3954 3703 3999 nu-

2055 4048 2159 4093 rus
2188 4030 2513 4111 accipiunt.

2102 4120 2105 4121 ⁷
2139 4122 2240 4185 8‘2.
2273 4122 2354 4183 De
2388 4120 2464 4182 iis
2498 4123 2675 4182 etiam
2724 4119 2825 4201 qui
2873 4119 3247 4200 pejerarunt,
3282 4117 3332 4179 si
3361 4116 3420 4179 vi
3452 4114 3697 4198 quidem

2060 4220 2237 4295 atque
2295 4209 2656 4274 necessitate
2704 4211 3050 4291 juramenta
3107 4208 3464 4286 transgressi
3536 4217 3696 4283 sunt,

2058 4302 2251 4385 poenis
2285 4301 2612 4363 levioribus
2645 4299 3074 4381 subjiciuntur,
3110 4299 3196 4361 sic
3223 4309 3288 4361 ut
3318 4306 3451 4379 post
3472 4317 3576 4360 sex
3602 4317 3706 4360 an-

2060 4410 2169 4454 nos
2202 4398 2434 4473 possint
2485 4390 2728 4471 suscipi.
2777 4387 2882 4453 Sin
2914 4398 3137 4464 autem,
3175 4389 3234 4450 vi
3268 4408 3387 4450 non
3418 4388 3605 4463 illata,
3642 4389 3706 4450 ﬁ-

2059 4483 2195 4544 dem
2224 4492 2391 4544 siiam
2428 4478 2845 4562 prodiderunt,
2881 4479 2983 4541 ubi
3041 4477 3275 4541 duobus
3323 4479 3498 4540 annis
3530 4479 3704 4541 ﬂeve-

765 4623 781 4655 ,
843 4574 900 4631 ὲν
953 4572 1096 4631 δυσὶν
1154 4574 1295 4631 ἔτεσι
1340 4572 1834 4652 προσκλαύσαντες,
1890 4575 1975 4630 καὶ

2067 4572 2180 4633 rint
2236 4579 2296 4634 et
2350 4570 2584 4633 duobus
2633 4571 2808 4632 annis
2854 4568 3185 4644 audierint,
3223 4577 3281 4630 et
3307 4587 3414 4650 per
3441 4576 3707 4650 quinque

2058 4662 2358 4724 oraverint
2408 4661 2468 4722 in
2520 4658 2948 4734 substratione,
2984 4668 3044 4721 et
3078 4675 3183 4738 per
3212 4657 3366 4720 alios
3397 4659 3546 4718 duos
3573 4659 3705 4719 sine

2059 4751 2364 4814 oblatione
2420 4752 2491 4814 ad
2552 4749 2915 4832 precationis
2947 4747 3429 4811 communionem
3480 4745 3708 4807 fuerint

2059 4841 2331 4917 admissi,
2377 4846 2456 4903 ita
2487 4841 2761 4915 demum,
2811 4838 2993 4916 digna
3022 4835 3305 4899 videlicet
3356 4834 3706 4916 poenitentia

2063 4939 2328 5013 ostensa,
2360 4932 2423 4993 in
2453 4929 2725 5011 corporis
2766 4926 2987 4993 Christi
3016 4924 3503 4989 communionem
3532 4923 3704 4987 resti-

2063 5031 2329 5085 tuentur.

2145 5200 2391 5264 84.Haec
2421 5206 2619 5264 autem
2653 5197 2855 5262 omnia
2878 5196 3223 5272 scribimus,
3240 5203 3307 5259 ut
3326 5195 3553 5259 fructus
3570 5214 3706 5279 pro-

2057 5292 2281 5356 bentur
2331 5290 2720 5373 poenitentiae.
2779 5291 2912 5354 Non
2963 5288 3126 5352 enim
3159 5293 3402 5351 omnino
3433 5294 3706 5367 tempore

2060 5384 2200 5446 527
2231 5381 2637 5460 dijudicamus
2695 5397 2792 5443 res
2835 5377 3155 5460 ejusmodi,
3213 5377 3318 5440 sed
3353 5376 3425 5438 ad
3459 5375 3702 5437 modum

2062 5471 2435 5554 poenitentia
2457 5468 3029 5544 attendimus.Quod
3060 5470 3108 5531 si
3143 5469 3243 5551 qui
3276 5466 3522 5531 difﬁcile
3551 5463 3707 5528 avel-

330 5568 439 5619 τῶν
496 5561 639 5621 ἰδίων
677 5554 957 5640 ἐθῶν,καὶ
1006 5578 1128 5632 ταῖς
1179 5563 1398 5634 ἡδοναῖς
1456 5570 1557 5632 τῆς
1589 5566 1783 5645 σαρκὸς
1835 5554 1975 5641 μᾶλ-

2067 5564 2262 5626 lantur
2290 5581 2324 5625 a
2355 5560 2615 5644 pr0priis
2646 5559 3276 5642 moribus,carnisqne
3304 5554 3705 5645 voluptatibus

331 5651 426 5715 λον
456 5651 723 5718 δουλεύειν
752 5653 1004 5714 ὲθέλωσιν
1032 5656 1068 5727 ἢ
1096 5662 1175 5734 τῷ
1209 5654 1400 5739 Κυρίῳ,
1454 5656 1542 5715 καὶ
1594 5656 1692 5727 τὴν
1733 5656 1871 5715 κατᾶ
1916 5656 1979 5714 τὸ

2064 5651 2294 5719 servire
2326 5651 2536 5716 malint
2563 5668 2742 5734 quam
2767 5649 3049 5730 Domino,
3081 5655 3143 5715 et
3163 5648 3343 5713 vitam
3374 5643 3702 5712 secundum
