4134 6200
471 254 587 325 807

1666 240 1935 316 PHOTII
1975 242 2506 315 PATRIARCH/E
2547 250 2662 315 GP.

3734 252 3853 321 808

466 400 856 481 Evangelinm
915 395 1228 462 instituere
1290 396 1502 474 nolint,
1562 397 1727 461 nulla
1785 405 1876 459 est
1935 396 2109 460 nobis

2199 399 2522 478 Εὖαγγέλιον
2591 403 2735 473 ζωὴν
2808 403 2885 477 μὴ
2958 402 3393 485 καταδέχωνται,
3474 406 3649 472 οὐδεὶς
3707 410 3847 482 ἡμῖν

469 511 608 553 cum
640 494 760 555 illis
792 491 1130 554 communis
1161 489 1339 552 ratio.
1389 486 1511 548 Nus
1541 488 1701 549 enim
1760 491 1824 548 in
1881 490 2107 568 p0pu|o

467 581 888 663 iuobsequenti
944 590 1002 641 et
1048 578 1485 641 contraulicenti
1532 578 1727 639 edocti
1760 597 1968 640 sumus
1996 598 2109 639 au-

470 670 603 733 dire
634 690 649 730 :
688 676 949 731 Servans
983 686 1155 732 serva
1185 669 1463 730 animum
1494 676 1664 729 tuam
1693 666 1781 730 68.
1813 666 1898 728 Ne
1926 668 2112 747 igitur

470 764 930 831 committamus,
986 768 1049 819 ut
1106 776 1240 819 cum
1302 756 1521 818 talibus
1586 775 1953 837 pereamus:
2005 757 2110 818 sed

467 866 642 927 grave
673 848 964 926 judicium
996 846 1411 921 formidantes,
1447 855 1507 907 et
1559 846 1889 907 terribilem
1923 846 2109 907 retri-

468 938 730 1015 butionis
761 938 999 1000 Domini
1030 938 1190 999 diem
1219 936 1295 997 ob
1326 936 1532 997 oculos
1563 934 1877 1007 habentes,
1905 954 1982 997 ne
2009 956 2114 998 ve-

469 1027 647 1088 limus
694 1045 816 1087 una
843 1045 978 1087 cum
1035 1026 1250 1088 alienis
1303 1026 1563 1106 peccatis
1598 1027 1821 1105 perire.
1856 1023 1918 1088 Si
1951 1025 2109 1086 enim

469 1134 577 1178 nos
609 1135 727 1178 non
759 1117 1115 1178 erudierunt
1167 1115 1459 1176 terribilia
1512 1114 1772 1187 Domini,
1821 1135 1932 1177 nec
1965 1115 2112 1175 tales

470 1207 656 1289 plaga:
684 1205 1082 1279 adduxerunt,
1118 1214 1179 1267 ut
1213 1222 1322 1265 nos
1354 1223 1387 1265 a
1419 1204 1672 1265 Domino
1709 1214 1947 1285 propter
1978 1223 2111 1266 nos-

470 1305 622 1359 tram
684 1295 1062 1375 iniquitatem
1116 1294 1463 1367 derelictos,
1499 1292 2020 1374 Barbarorumqne
2050 1294 2109 1356 in

2194 493 2372 554 κοινὸς
2417 493 2549 569 πρὸς
2594 492 2783 557 αὖτοὺς
2815 494 2975 568 λόγος
3004 510 3016 523 ·
3066 495 3233 567 ἡμεῖς
3264 496 3364 573 γὰρ
3398 493 3452 550 ἐν
3483 503 3598 570 λαῷ
3630 497 3847 553 ἀπειθεῖ

2193 581 2282 635 καὶ
2312 580 2641 658 ἀντιλέγοντι
2672 579 3021 659 δεδιδαγμεθα
3054 583 3287 663 ἀκούειν,

2194 672 2293 737 τὴν
2339 679 2560 728 σεαυτοῦ
2603 672 2789 750 ψυχήν
2824 688 2837 701 ⁸
2889 673 2966 746 μὴ
3016 673 3191 729 τοίνυν
3242 672 3651 740 καταδεξώιαεθα
3716 698 3847 733 συν-

2196 758 2522 817 απόλλυσθαι
2565 775 2684 826 τοῖς
2716 762 2975 826 τοιούτοις
3013 778 3026 791 ’
3080 763 3219 819 ἀλλά
3254 761 3577 842 φοϐηθέντες
3608 767 3669 821 τὸ
3712 765 3847 842 βαρὺ

2194 850 2392 928 κρῖμα,
2455 851 2542 906 καὶ
2601 856 2699 917 τὴν
2756 848 2982 930 φοϐερὰν
3036 853 3242 929 ἡμέραν
3302 859 3400 921 τῆς
3436 853 3847 919 ἀνταποδόσεως

2195 946 2289 994 τοῦ
2351 940 2535 1016 Κυρίου
2578 943 2681 1016 πρὸ
2726 938 3013 1018 ὀφθαλμῶν
3066 939 3347 1016 λαϐόντες,
3384 943 3461 1011 μὴ
3525 942 3846 1019 θελήσωμεν

2196 1027 2475 1105 ἁμαρτίαις
2565 1029 2866 1106 ἀλλοτρίαις
2927 1031 3357 1088 συναπόλλυσθαι
3394 1050 3410 1067 ⁹
3484 1034 3529 1089 εἰ
3594 1034 3696 1110 γὰρ
3768 1035 3845 1108 μὴ

2195 1116 2499 1176 ἐπαίδευσεν
2558 1122 2703 1192 ἡμᾶς
2759 1121 2823 1176 τὰ
2895 1118 3095 1200 φοϐερά
3165 1129 3260 1178 τοῦ
3308 1123 3520 1200 Καρίου,
3590 1120 3727 1197 μηδὲ
3796 1125 3843 1178 αἶ

2194 1205 2511 1273 τηλικαῦται
2571 1209 2777 1286 πληγαὶ
2834 1211 2906 1272 εἷς
2968 1211 3218 1285 αἴσθησιν
3272 1213 3414 1284 ἡμᾶς
3483 1210 3719 1290 ἤγαγον,
3764 1211 3841 1266 ὅτι

2195 1295 2279 1351 διὰ
2335 1299 2434 1364 τὴν
2491 1298 2711 1373 ἀνομίαν
2754 1300 2911 1373 ἡμῶν
2957 1300 3310 1376 ἐγκατέλιπεν
3361 1303 3506 1376 ἡμᾶς
3542 1304 3570 1356 ὁ
3630 1305 3842 1373 Κύριος,

3322 583 3403 641 ὅτι
3465 589 3663 656 Σώζων
3712 591 3848 657 στῖιζε

469 1403 683 1447 manus
741 1386 990 1446 traditos
1043 1384 1433 1459 sentiremus,
1495 1393 1552 1444 et
1613 1384 1894 1463 populum
1953 1385 2108 1465 apud

2199 1388 2295 1443 καί
2354 1386 2659 1464 παρέδωκεν
2703 1391 2774 1451 εἷς
2826 1403 3023 1468 χεῖρας
3084 1389 3395 1467 Βαρϐάρων,
3462 1392 3551 1446 καὶ
3615 1390 3846 1469 ἀπήχθη

466 1476 673 1538 hostes
718 1476 1010 1556 captivum
1068 1475 1385 1535 abductum
1448 1492 1603 1552 esse,
1638 1492 1705 1534 ac
1756 1473 2111 1553 dispersioni

2203 1476 2553 1557 αἰχμαλωτος
2604 1480 2675 1543 εἷς
2718 1480 2841 1543 τοὺς
2873 1479 3162 1553 πολεμίους
3193 1483 3221 1534 ὁ
3264 1478 3419 1559 λαὸς,
3454 1481 3542 1535 καὶ
3573 1478 3843 1558 παρεδόθη

468 1566 779 1638 traditum,
823 1564 962 1645 quia
1012 1565 1135 1625 hanc
1166 1562 1471 1625 audebant
1500 1564 1601 1641 qui
1648 1562 1866 1626 Christi
1900 1582 2111 1626 nomen

2200 1574 2269 1644 τῇ
2313 1565 2588 1645 διασπορᾷ,
2643 1566 2775 1623 διότι
2824 1576 2989 1625 ταῦτα
3038 1568 3281 1642 ἐτόλμων
3326 1570 3371 1623 οἱ
3420 1570 3479 1624 τὸ
3524 1569 3694 1642 ὄνομα
3751 1575 3846 1625 τοῦ

469 1655 945 1717 circumferunt:
1003 1652 1054 1714 si
1106 1673 1225 1714 non
1271 1663 1582 1728 noverunt,
1620 1672 1811 1733 neque
1869 1653 2111 1715 intelle-

2201 1656 2428 1733 Χριστοῦ
2492 1659 2864 1737 περιφέροντες
2902 1677 2917 1693 ⁶
2991 1660 3035 1713 εἰ
3091 1658 3169 1731 μὴ
3216 1657 3456 1735 ἔγνωσαν
3517 1658 3654 1732 μηδέ
3712 1681 3844 1717 συν-

467 1754 705 1823 xerunt,
744 1752 1059 1823 propterea
1090 1743 1325 1803 venisse
1382 1742 1442 1802 in
1477 1761 1589 1803 nos
1619 1742 1767 1803 iram
1804 1742 1907 1803 Dei
1937 1764 1953 1819 ;
1987 1762 2111 1823 quas

2203 1752 2361 1821 ἧκαν1
2397 1745 2478 1802 ὅτι
2523 1745 2607 1801 διὰ
2638 1755 2802 1804 ταῦτα
2832 1748 2990 1815 ἦλθεν
3033 1747 3118 1811 ἔφ’
3150 1749 3293 1822 ημᾶς
3325 1748 3361 1815 ἠ
3392 1746 3530 1824 ὀργὴ
3561 1750 3654 1805 τοῦ
3684 1756 3842 1821 Θεοῦ,

466 1852 566 1896 res
600 1833 772 1894 nobis
803 1851 938 1894 cum
976 1832 1069 1893 his
1094 1834 1434 1894 communis
1470 1840 1589 1895 est?
1619 1831 1734 1895 Sed
1771 1846 1967 1894 tamen
1998 1833 2111 1894 nb-

2199 1838 2276 1901 τίς
2321 1836 2458 1908 ἡμῖν
2501 1838 2678 1899 κοινὸς
2709 1839 2840 1902 πρὸς
2895 1838 3113 1900 τούτους
3174 1835 3355 1914 λόγος,
3392 1836 3516 1893 ἀλλ’
3611 1836 3845 1915 διαμαρ-

467 1923 673 1985 testari
695 1941 797 1985 eos
822 1932 880 1984 et
910 1932 1088 1983 noctu
1120 1930 1178 1983 et
1209 1923 1501 1996 interdiu,
1538 1933 1594 1985 et
1624 1922 1864 2002 publice
1894 1932 1952 1983 et
1985 1924 2111 2003 pri-

2199 1927 2447 2003 τύρασθαι
2479 1926 2663 1990 αὐτοῖς
2708 1928 2795 1982 καὶ
2838 1929 3026 1989 νυκτὸς
3080 1927 3170 1983 καὶ
3213 1927 3421 2005 ἡμέρας
3480 1950 3569 1984 και
3612 1926 3845 2003 δημοσίᾳ

468 2020 645 2075 vatim
680 2013 1008 2086 debemus;
1046 2028 1157 2073 nos
1188 2022 1388 2073 autem
1423 2013 1603 2074 simul
1654 2011 1851 2091 abripi
1904 2032 2111 2074 eorum

2199 2017 2285 2071 καὶ
2342 2014 2444 2087 ἰδίᾳ
2502 2015 2840 2094 ὀφείλομεν,
2913 2016 3305 2094 συναπᾶγεσθαι
3375 2013 3430 2071 δὲ
3490 2020 3660 2075 αὒτῶν
3717 2031 3842 2079 ταῖς

466 2101 971 2182 improbitatibus,
1007 2120 1083 2161 ne
1112 2101 1396 2174 feramus,
1435 2102 1688 2161 maxime
1721 2102 1965 2181 quidem
2000 2121 2111 2181 op-

2199 2106 2479 2182 πονηρίαις
2511 2105 2589 2179 μή
2635 2105 3083 2185 καταδεχώμεθα,
3144 2105 3575 2185 προσευχόμενοι
3609 2105 3842 2179 μάλιστα

466 2200 658 2254 tantes
683 2210 786 2252 eos
810 2190 1189 2271 lucrifacere,
1226 2200 1281 2251 et
1314 2208 1348 2250 a
1382 2190 1624 2267 maligni
1659 2190 1874 2267 laqueo
1906 2191 2111 2271 eripe-

2200 2195 2296 2266 μὲν
2329 2192 2579 2272 κερδῆσαι
2625 2197 2810 2260 αὐτοὺς
2854 2197 2941 2252 καὶ
3000 2194 3262 2259 ἐξελέσθαι
3306 2200 3405 2261 τῆς
3466 2193 3691 2274 παγίδος
3744 2204 3843 2253 τοῦ

466 2300 577 2357 re;
610 2281 714 2341 sed
747 2281 798 2342 si
843 2281 957 2342 hoc
996 2300 1113 2341 non
1148 2298 1493 2361 possumus,
1520 2277 1870 2341 Studeamus
1901 2284 2111 2342 saltem

2201 2293 2437 2362 πονηροῦ
2466 2300 2480 2313 ’
2529 2283 2617 2339 ἐὰν
2678 2283 2732 2340 δὲ
2783 2295 2936 2344 τοῦτο
2967 2285 3045 2359 μὴ
3094 2283 3401 2358 δυνηθῶμεν
3451 2285 3836 2361 σπουδάσωμεν

467 2371 698 2433 animas
757 2380 991 2432 nostras
1048 2370 1120 2433 ab
1173 2376 1399 2433 acterna
1456 2368 1959 2433 condemnatione
1992 2389 2118 2431 sero

468 2480 633 2524 V833.

670 2549 962 2630 Gregorii
992 2548 1255 2627 Nysseni
1284 2566 1543 2611 canones
1575 2552 1635 2622 3,
1670 2554 1731 2624 4,
1762 2551 1820 2623 '7,
1854 2556 1915 2612 8.

546 2639 582 2701 3
609 2637 696 2709 [4]
724 2638 941 2701 Eorum
967 2649 1164 2701 autem
1195 2657 1328 2718 qua:
1350 2641 1425 2699 ad
1453 2638 1837 2714 cupiditatem
1866 2649 1924 2703 et
1948 2640 2109 2700 volu-

2200 2375 2298 2436 τὰς
2343 2381 2465 2451 γοῦν
2523 2374 2725 2429 ἑαυτῶν
2797 2377 2981 2454 ψυχὰς
3045 2380 3141 2442 τῆς
3204 2375 3416 2431 αἰωνίου
3474 2377 3834 2455 κατακρίσεως

2200 2465 2619 2539 περισώσασθαι.

2429 2556 2718 2632 Γρηγορίού
2747 2553 2961 2622 Νύσσης
2992 2556 3170 2611 κανὼν
3198 2554 3276 2634 γ’,
3310 2553 3381 2628 δ’,
3416 2555 3489 2629 ζ’,
3523 2554 3605 2623 η’.

2280 2642 2358 2719 γ’.
2405 2646 2519 2700 Τῶν
2565 2644 2619 2699 δὲ
2662 2642 2729 2699 δι’
2787 2643 3064 2719 ἐπιθυμίαν
3096 2666 3151 2700 τε
3195 2648 3282 2701 καὶ
3312 2644 3510 2713 ἡδονὴν
3540 2644 3833 2723 γινομένων

466 2738 689 2810 ptatem
708 2730 856 2790 fiunt
880 2729 1415 2809 peccatorum,th
1438 2737 1527 2788 est
1549 2729 1787 2789 divisio:
1816 2729 1928 2790 hoc
1952 2730 2111 2791 enim

2200 2732 2629 2810 ἁμαρτημάτων,
2668 2732 2881 2800 τοιαύτη
2913 2737 3053 2790 ἐστίν
3083 2734 3119 2802 ἠ
3152 2734 3402 2813 διαίρεσις
3440 2755 3450 2767 ·
3498 2736 3561 2790 τὸ
3607 2735 3702 2810 μὲν
3734 2736 3833 2813 γὰρ

466 2830 710 2882 vocatur
730 2818 1277 2893 adulterium,illud
1303 2836 1441 2880 vero
1468 2818 1802 2879 fornicatio.
1838 2820 1926 2880 Ac
1961 2840 2111 2881 nun-

2200 2821 2447 2879 καλεῖται
2492 2825 2736 2902 μοιχεία,
2782 2825 2844 2879 τὸ
2887 2821 2943 2879 δὲ
2986 2826 3204 2901 ποριεία
3238 2843 3253 2857 ⁸
3307 2824 3410 2879 τισὶ
3444 2824 3542 2897 μὲν
3587 2826 3677 2881 οὖν
3731 2830 3835 2880 τῶν

467 2909 650 2971 nullis
678 2908 920 2990 quidem
970 2927 1177 2971 eorum
1205 2908 1308 2989 qui
1332 2918 1470 2969 sunt
1491 2906 1861 2982 subtiliores,
1894 2908 2111 2989 placuit

2200 2908 2626 2990 ἀκρισόεστέρων
2683 2911 2863 2991 ἤρεσε,
2899 2915 2986 2970 καὶ
3037 2916 3095 2970 τὸ
3147 2914 3283 2970 κατά
3335 2915 3581 2989 πορνείαν
3641 2913 3828 2987 πλημ-

467 3001 643 3062 etiam
667 2998 1083 3061 fornicationis
1109 3008 1418 3079 peccatum
1446 2997 1804 3059 adulterium
1831 3016 1965 3063 esse
1983 3003 2111 3060 exi-

2200 3001 2445 3076 μέλημα,
2480 3002 2731 3080 μοιχείαν
2762 3003 2905 3059 εἶναι
2952 3004 3202 3077 νομίζειν,
3264 3001 3404 3059 διότι
3444 3004 3539 3077 μία
3599 3003 3739 3059 ἐστὶν
3798 3007 3831 3074 ἡ

466 3092 732 3159 stimare,
757 3091 897 3150 528
921 3089 1207 3169 quoniam
1230 3106 1347 3149 una
1368 3096 1455 3148 est
1481 3088 1746 3165 legitima
1769 3088 2111 3167 conjunctio

2201 3090 2431 3166 νόμιμος
2466 3094 2698 3170 συζυγία,
2734 3093 2820 3148 καὶ
2879 3095 3085 3171 γυναικὶ
3142 3094 3273 3170 πρὸς
3318 3091 3505 3172 ἄνδρα,
3554 3093 3650 3149 καί
3697 3091 3845 3172 ἀνδρῖ

465 3189 523 3243 et
545 3179 967 3241 mulieriscum
988 3182 1203 3253 viro,et
1223 3176 1339 3253 viri
1358 3196 1494 3238 cum
1524 3178 2111 3259 m’uliere.Qundquid

2202 3183 2333 3253 πρὸς
2366 3195 2594 3260 γυναῖκα
2626 3201 2637 3212 ·
2700 3187 2807 3237 πᾶν
2864 3185 2953 3237 οὖν
2984 3184 3043 3239 τὸ
3088 3182 3165 3257 μή
3211 3184 3461 3262 νόμιμον,
3525 3187 3834 3261 παρανομον

466 3288 606 3349 ergo
626 3288 743 3330 non
759 3279 852 3333 est
871 3268 1590 3348 legitimum,estomnino
1615 3267 1903 3347 injustum
1922 3280 1980 3329 et
2003 3270 2111 3350 legi

2201 3274 2436 3344 παντως,
2473 3272 2559 3327 καὶ
2590 3272 2616 3327 δ
2647 3270 2726 3345 μὴ
2755 3272 2816 3326 τὸ
2851 3269 2990 3328 ἴδιον
3020 3270 3186 3350 ἔχων,
3221 3269 3428 3338 δηλαδὴ
3461 3273 3521 3327 τὸ
3554 3271 3831 3351 ἀλλότριον

466 3359 854 3423 contrarium:
883 3370 943 3421 et
966 3357 1068 3439 qui
1095 3377 1212 3419 non
1236 3356 1414 3420 habet
1439 3357 1962 3436 proprium,habet
1984 3378 2111 3419 om-

2200 3359 2318 3441 ἔχει
2353 3378 2367 3391 ·
2427 3369 2503 3436 τῷ
2554 3362 2654 3439 γὰρ
2713 3360 2973 3439 ἀνθρώπῳ
3031 3368 3125 3437 μία
3167 3360 3371 3419 δέδοται
3412 3362 3556 3441 παρά
3582 3364 3673 3418 τοῦ
3704 3368 3833 3419 Θεοῦ

465 3451 609 3511 nino
656 3450 945 3512 alienum.
975 3446 1217 3510 Homini
1264 3447 1425 3509 enim
1453 3467 1570 3508 una
1602 3456 1830 3509 tantum
1857 3448 1996 3511 data
2025 3457 2111 3511 est

2199 3451 2414 3527 βοηθὸς,
2490 3451 2579 3508 καὶ
2635 3457 2703 3528 τῇ
2760 3453 2969 3529 γυναικὶ
3028 3453 3124 3527 μία
3178 3451 3513 3531 ὶφήριιοσται
3566 3450 3776 3531 κεφαλή
3811 3468 3828 3484 ⁶

463 3538 802 3602 auxiliatrix
843 3558 877 3601 a
910 3541 1057 3613 Deo,
1092 3546 1152 3599 et
1178 3537 1415 3599 mulieri
1440 3557 1623 3599 unum
1648 3539 1988 3619 appositum
2022 3548 2111 3602 est

2199 3540 2381 3598 οὐκοῦν
2412 3542 2455 3597 εἰ
2487 3542 2585 3617 μὲν
2614 3563 2693 3601 τις
2720 3543 2781 3597 τὸ
2814 3539 2950 3598 ἴδιον
2982 3541 3172 3598 ἑαυτου
3202 3549 3414 3621 σκεῦος,
3473 3542 3650 3601 καθὼς
3706 3542 3832 3598 ὀνο-

464 3628 824 3710 caput.Ergo
846 3632 899 3690 si
914 3628 1353 3710 quis,quidem,
1374 3632 1694 3709 praprium
1715 3647 1823 3691 vas
1842 3639 2111 3708 suum,ut

2199 3633 2350 3708 μάζει
2381 3635 2409 3688 ὁ
2461 3634 2608 3698 θεῖος
2637 3631 2994 3705 Ἀπόστολος,
3028 3632 3203 3705 ἑαυτῷ
3235 3633 3521 3711 κτήσαιτο,
3554 3644 3834 3710 συγχωρεῖ

464 3720 703 3782 divinus
724 3721 1054 3800 Apostolus
1075 3719 1697 3800 nominat,possvderit
1712 3718 1863 3785 69.ei
1887 3720 1978 3782 lex
2010 3739 2111 3781 na-

2199 3723 2224 3779 ὁ
2282 3722 2445 3798 νόμος
2504 3727 2603 3789 τῆς
2653 3721 2857 3801 φύσεως
2915 3724 3012 3790 τὴν
3068 3720 3274 3778 δικαίαν
3304 3726 3505 3802 χρῆσιν
3536 3741 3552 3758 ο
3586 3724 3631 3777 εἰ
3663 3721 3717 3778 δέ
3749 3744 3825 3787 τις

465 3811 857 3891 tureejustum
903 3828 1075 3870 usum
1126 3809 1427 3871 concedit.
1461 3810 1523 3871 Si
1557 3810 1690 3891 quis
1722 3818 1918 3873 autem
1944 3821 2111 3874 extra

2199 3811 2296 3879 ἔξω
2351 3822 2444 3871 τοῦ
2502 3810 2633 3868 ἰδίου
2671 3812 2919 3890 τραπείη,
2981 3812 3035 3868 ἐν
3094 3811 3359 3890 ἀλλοτρίῳ
3418 3812 3631 3877 πάντως
3664 3814 3827 3890 γενή-

464 3902 774 3983 proprium
800 3918 1124 3963 conversus
1141 3899 1343 3970 fuerit.
1378 3900 1495 3963 erit
1516 3900 1761 3963 omnino
1789 3901 1847 3961 in
1872 3901 2108 3964 alieno:

2199 3924 2343 3958 σεται
2381 3921 2394 3936 ’
2429 3899 2710 3977 ἀλλότριον
2740 3900 2793 3956 δὲ
2825 3902 3034 3975 ἑκάστῳ
3064 3908 3166 3957 πᾶν
3197 3903 3257 3958 τὸ
3290 3902 3366 3977 μὴ
3398 3899 3559 3981 ἴδιον,
3597 3900 3695 3957 κᾶν
3753 3903 3828 3976 μὴ

467 4006 552 4051 est
578 4006 770 4053 autem
792 3996 1108 4065 unicuique
1130 3993 1382 4050 alienum
1408 3996 1688 4066 quidquid
1715 4010 1827 4050 non
1866 4003 1954 4052 est
1977 4010 2110 4065 pro-

2199 3990 2623 4070 ὃμολογούμενον
2658 3991 2765 4071 ἔχῃ
2814 3993 2907 4046 τὸν
2956 3992 3263 4068 κυριεύοντα
3297 4007 3311 4021 ⁹
3346 3992 3534 4049 οὖκοῦν
3562 3994 3624 4048 οὗ
3655 3990 3827 4070 πόῤῥω

466 4080 687 4161 prium,
708 4079 939 4142 etiamsi
967 4080 1023 4140 id
1047 4097 1163 4139 non
1189 4080 1542 4140 conﬁteatur
1563 4098 1662 4160 qun
1685 4088 1775 4140 est
1805 4079 2107 4142 dominus.

2199 4089 2285 4138 τοῦ
2314 4083 2452 4138 κατὰ
2482 4082 2578 4150 τὴν
2625 4083 2874 4161 μοιχείαν
2933 4080 3408 4157 πλημμελήματος
3468 4082 3555 4138 καὶ
3610 4084 3646 4150 ἡ
3692 4105 3824 4161 πορο

463 4156 597 4234 Non
620 4156 796 4248 longe
818 4187 958 4247 ergo
980 4187 1013 4229 a
1040 4181 1284 4253 peccato
1306 4156 2016 4242 adulterii—fornicatiomb
2036 4169 2111 4231 iis

2199 4173 2327 4253 νεία,
2414 4185 2532 4235 τοῖς
2617 4174 2706 4228 τὸν
2784 4168 3155 4251 ἀκριϐέστερον
3213 4170 3512 4242 ἐξετάζουσι
3572 4171 3829 4250 λογισμὸν

463 4261 568 4338 qui
590 4278 718 4321 rem
745 4261 920 4337 paulo
937 4250 1276 4319 accuratius
1307 4261 1671 4334 examinant,
1698 4269 1976 4340 suscepta
1998 4270 2108 4337 est,

2199 4250 2436 4341 ἐδείχθη,
2484 4260 2748 4339 λεγούσης
2802 4250 2890 4317 καὶ
2948 4263 3049 4329 τῆς
3104 4262 3247 4325 θείας
3295 4260 3532 4341 Γραφῆς,
3606 4261 3689 4318 ὅτι
3748 4264 3831 4332 Μὴ

466 4369 604 4412 cum
650 4351 810 4410 dicat
853 4349 1030 4411 etiam
1073 4347 1421 4428 Scriptura:
1470 4349 1561 4413 Ne
1607 4351 1835 4411 multus
1861 4351 1948 4413 sis
1978 4369 2111 4413 cum

2199 4350 2359 4415 πολὺς
2393 4351 2501 4408 ἴσθι
2533 4354 2666 4431 πρὸς
2699 4350 2983 4429 ἀλλοτρίαν
3018 4365 3033 4379 ·
3094 4348 3238 4417 πλὴν
3279 4347 3400 4405 ἀλλ’
3460 4348 3674 4406 ἐπειδὰν
3718 4366 3830 4416 τοῖς

464 4439 666 4501 aliena
679 4439 873 4516 70;sed
889 4458 1023 4500 cum
1040 4438 2111 4521 imbecillioribusindulgenteragen-

2199 4440 2585 4522 ἀσθενεστέροις
2632 4440 2845 4520 ἐγένετό
2874 4462 2956 4505 τις
3018 4441 3160 4517 παρὰ
3215 4446 3323 4496 τῶν
3385 4440 3635 4518 [Ιατέρων
3691 4463 3830 4518 συμ-

466 4527 607 4590 dum
641 4537 1010 4591 censuerunt
1041 4528 1268 4603 Patres,
1305 4529 1650 4591 distinctum
1683 4539 1773 4591 est
1804 4540 2111 4611 peccatum

2199 4534 2478 4614 περιφορὰ,
2525 4531 2765 4611 διεκρίθη
2814 4533 2872 4588 τὸ
2928 4530 3316 4608 πλημμέλημα
3371 4535 3441 4606 τῇ
3469 4536 3658 4608 γενικῇ
3688 4530 3827 4589 διαι-

462 4618 574 4681 hac
593 4619 856 4698 generali
883 4617 1200 4693 divisione,
1218 4619 1373 4698 quod
1399 4619 1715 4681 fornicatio
1740 4620 1980 4701 quidem
2012 4622 2107 4683 di-

2199 4623 2337 4702 ρέσει
2395 4624 2561 4703 ταύτῃ
2597 4638 2611 4653 ⁸
2656 4625 2729 4687 ὡς
2784 4622 3030 4703 πορνείαν
3073 4622 3173 4696 μὲν
3231 4620 3502 4699 λέγεσθαι,
3534 4623 3634 4687 τὴν
3665 4624 3830 4702 χωρὶς

461 4716 630 4772 catur
650 4709 995 4790 cupiditatis
1014 4727 1122 4771 seu
1142 4708 1408 4770 libidinis
1438 4709 1861 4792 expletio,quaa
1887 4711 1953 4771 tit
1976 4711 2109 4773 sine

2199 4712 2400 4776 ἀδικίας
2456 4714 2637 4793 ἐτέρου
2688 4713 2979 4793 γινομένην
3031 4713 3131 4768 τινὶ
3159 4716 3258 4777 τῆς
3289 4710 3567 4786 ἐπιθυμίας
3627 4712 3831 4785 ἐκπλή-

465 4800 583 4864 alia
610 4801 863 4882 alicujus
887 4800 1130 4880 injuria;
1176 4799 1543 4862 adulterium
1593 4818 1757 4876 vero,
1789 4800 2025 4862 insidiae
2054 4812 2111 4862 et

2199 4825 2355 4883 ρωσιν
2384 4819 2399 4834 ⁸
2463 4809 2716 4883 μοιχείαν
2764 4800 2844 4877 δὲ,
2904 4802 3003 4869 τὴν
3062 4798 3355 4870 ἐπιϐουλήν
3396 4821 3454 4857 τε
3495 4801 3585 4856 καὶ
3632 4799 3833 4860 ἀδικίαν

464 4891 688 4972 injuria
709 4910 841 4969 quae
857 4891 1030 4953 alteri
1054 4891 1319 4953 affertur.
1345 4888 1410 4952 In
1432 4910 1501 4953 eo
1523 4902 1721 4954 autem
1749 4900 1809 4952 et
1831 4910 1966 4953 cum
1985 4891 2114 4954 ani-

465 4982 723 5044 malibus
744 4982 967 5043 coitum
993 4991 1048 5043 ct
1068 4981 1419 5061 paedicatum
1434 4998 1567 5043 esse
1586 4981 1950 5057 existimant;
1970 5001 2113 5063 quo-

464 5073 625 5133 niam
654 5072 781 5133 haec
804 5082 943 5132 sunt
962 5082 1187 5133 natura;
1208 5072 1278 5132 ad
1291 5069 1667 5133 ulterium.In
1692 5069 1751 5131 id
1768 5070 1928 5131 enim
1953 5072 2109 5151 quod

464 5168 555 5221 est
576 5160 934 5233 alienum,ct
957 5161 1112 5238 quod
1134 5171 1223 5224 est
1248 5172 1463 5243 praeter
1486 5161 1856 5235 naturam,tit
1878 5161 2114 5242 injusti-

466 5250 725 5312 tia.Cum
753 5250 879 5311 haec
900 5267 1041 5327 ergo
1065 5250 1280 5311 divisio
1304 5253 1365 5313 in
1394 5253 1501 5313 hac
1527 5253 1699 5312 etiam
1726 5256 1953 5331 peccati
1980 5270 2112 5332 spe-

464 5340 557 5401 cie
580 5340 1043 5413 ﬁat,nniversa|e
1068 5349 1158 5402 est
1180 5340 1539 5418 remedium,
1579 5351 1694 5403 uta
1720 5340 2013 5404 concitata
2049 5343 2109 5405 in

465 5427 812 5511 bujusmodi
830 5428 1148 5509 voluptatis
1172 5429 1479 5513 rabie,per
1494 5433 1910 5515 pmnitentiam
1930 5433 2110 5497 homo

2192 4901 2288 4951 τοῦ
2330 4892 2610 4972 ἀλλοτρίου
2645 4909 2659 4923 ·
2706 4895 2762 4948 ἒν
2820 4892 2989 4971 ταύτῃ
3050 4889 3103 4947 δὲ
3136 4892 3234 4958 τὴν
3261 4891 3588 4970 ζωοφθορίαν
3617 4895 3705 4949 καὶ
3734 4895 3830 4963 τὴν

2194 4983 2570 5062 παιδεραστίαν
2622 4983 2767 5041 εἶναι
2817 4981 3117 5061 λογίζονται
3151 4996 3164 5010 ⁸
3212 4977 3467 5037 διότικαὶ
3522 4990 3687 5040 ταῦτα
3731 4987 3831 5065 φύ-

2193 5074 2329 5136 σεώς
2370 5073 2480 5130 ἐστι
2513 5074 2737 5153 μοιχεία
2771 5089 2786 5105 ’
2835 5073 2910 5136 εἷς
2943 5070 3043 5149 γαρ
3079 5072 3137 5126 τὸ
3173 5069 3457 5149 ἀλλότριόν
3488 5092 3542 5127 τε
3575 5074 3665 5129 καὶ
3694 5077 3833 5154 παρὰ

2193 5166 2349 5245 φύσιν
2386 5164 2587 5243 γίνεται
2618 5166 2653 5231 ἡ
2685 5161 2870 5219 ἀδικία
2902 5177 2917 5192 ⁸
2954 5162 3152 5228 ταύτης
3181 5160 3356 5219 τοίνυν
3386 5165 3487 5228 τῆς
3525 5159 3833 5241 διαιρέσεως

2193 5256 2281 5312 καὶ
2337 5254 2393 5310 ἐν
2451 5256 2620 5330 τούτῳ
2676 5261 2753 5327 τῷ
2802 5251 2936 5308 εἴδει
2983 5257 3082 5318 τῆς
3128 5250 3387 5329 ἁμαρτίας
3433 5255 3829 5332 γεγενημένης,

2192 5344 2453 5412 καθολικη
2486 5344 2581 5421 μέν
2627 5344 2738 5401 ἐστι
2794 5343 3045 5419 θεραπεία
3092 5343 3154 5399 τὸ
3184 5341 3277 5409 τῆς
3310 5341 3577 5416 ἐμπαθοῦς
3606 5343 3830 5424 λύσσης,

2195 5440 2293 5505 τῆς
2352 5435 2478 5515 περὶ
2536 5435 2630 5503 τοὶς
2687 5435 2934 5500 τοιαύτας
2988 5430 3209 5515 ἡδονὰς,
3241 5434 3467 5514 καθαρὸν
3497 5432 3559 5488 ἐκ
3590 5457 3835 5515 μεταμε-

542 5609 609 5665 63
650 5608 801 5685 Gen.
833 5628 955 5676 xxx.
991 5611 1089 5677 17.
1172 5609 1287 5676 691
1319 5610 1593 5679 Thessal.
1626 5630 1704 5694 iv,
1738 5615 1801 5681 4.
1886 5615 1949 5670 70
1978 5611 2111 5682 Eccl

2199 5662 2215 5685 .
2247 5631 2332 5694 ιι,
2372 5613 2469 5681 12.
