4134 6200
548 275 659 344 811

1742 273 2012 338 PHOTII
2056 217 2579 338 ΡΑΤΒΙᾹΗΕΗΕ
2619 275 2737 339 CP.

3805 270 3924 343 812

545 441 614 486 se
631 423 706 486 ad
725 423 842 486 hoc
863 425 1393 500 comparaveratut
1406 419 1522 482 hoc
1539 418 1770 482 facinus
1783 429 2180 502 perpetraret.

2277 424 2530 482 ἀκουσίου
2563 440 2577 456 ⁸
2613 424 2668 482 ἰν
2694 425 2784 490 οἷς
2816 427 3058 492 ἑκούσιος
3089 426 3188 504 μέν
3221 425 3334 486 ὶστι
3361 429 3548 507 φόνος,
3581 434 3798 506 πρῶτον
3830 433 3926 506 μὲν

544 513 780 578 Deinde
817 512 962 574 illud
1008 529 1254 592 quoque
1292 510 1356 572 in
1396 511 1760 573 voluntariis
1790 511 2194 575 existimatum

545 612 660 678 est,
687 601 930 683 quando
949 602 1087 679 quis
1108 601 1170 662 in
1187 618 1516 679 congressu
1540 600 1870 663 verberans
1894 610 1952 664 et
1973 600 2196 665 verbe-

539 700 923 765 ratus,manu
945 690 1175 770 plagam
1198 691 1576 754 mortiferam
1597 691 2014 764 intuleriLQui
2034 694 2196 754 enim

540 781 634 844 ira
651 780 845 844 semel
865 780 1054 844 victus
1077 789 1260 857 est,et
1277 780 1836 861 animiappetitioni
1859 781 2199 855 cedit,nihil

541 889 750 934 eorum
775 889 912 952 qua;
932 869 1153 931 malum
1171 869 1907 952 possentamputare,eiin
1933 880 2195 932 mentem

535 963 728 1024 venit.
761 961 962 1034 Quare
995 959 1204 1022 etillic
1226 979 1466 1041 quoque
1513 959 1614 1041 qui
1640 978 1708 1022 ex
1737 961 2196 1022 concertatione

541 1051 853 1134 profectus
893 1059 1010 1125 est,
1044 1050 1228 1113 caedis
1268 1059 1548 1122 eventus,
1584 1052 1642 1111 in
1668 1049 1890 1112 factum
1917 1049 2194 1112 volunta-

540 1143 852 1219 rium,non
877 1140 937 1203 in
963 1159 1167 1202 casum
1194 1138 1964 1203 conferturJnvoluntariaa
1993 1149 2191 1202 autem

537 1231 769 1295 habent
792 1230 1109 1295 manifesta
1130 1231 1374 1302 indicia,
1412 1230 1654 1311 quando
1677 1231 1813 1311 quis
1842 1232 1972 1291 551
2013 1229 2193 1291 alicui

538 1322 715 1385 alteri
735 1325 824 1385 rei
849 1321 1116 1383 studium
1141 1320 1628 1402 applicans,casu
1651 1320 2065 1399 gravissimum
2083 1320 2194 1381 ali-

539 1411 698 1494 quod
723 1412 946 1473 malum
974 1409 1319 1492 patraverit.
1345 1408 1414 1471 In
1435 1410 1530 1470 his
1555 1428 1697 1488 ergo
1719 1410 1918 1471 credes
1946 1408 2191 1490 quidem

2279 515 2308 570 ὁ
2351 513 2413 570 ἐκ
2453 517 2802 594 παρασκευῆς
2846 515 3256 591 τετολμημένος
3317 527 3411 578 τοῦ
3466 521 3540 584 εἷς
3597 521 3724 576 αὐτὸ
3770 528 3928 577 τοῦτο

2281 603 2715 680 εὖτρεπισμένου,
2749 605 2897 670 ὅπως
2926 605 2989 662 ἂν
3018 607 3081 662 τὸ
3107 607 3237 684 ἄγος
3269 606 3564 687 ἐργάσηται
3586 625 3601 640 ⁸
3641 608 3831 666 ἔπειτα
3876 609 3926 666 δὲ

2280 692 2531 758 κάκεῖνος
2583 694 2640 748 ἐν
2668 699 2787 759 τοῖς
2817 695 3082 760 ἑκουσίοις
3114 695 3394 772 ἐνομίσθη,
3427 697 3559 754 ὅταν
3602 720 3681 763 τις
3705 698 3762 754 ἐν
3792 722 3927 776 συμ-

2286 781 2464 860 πλοκῇ
2492 785 2581 839 καὶ
2611 785 2772 864 μάχῃ
2816 786 3033 842 τύπτων
3092 808 3150 843 τε
3203 789 3293 843 καὶ
3321 786 3684 862 τυπτόμενος,
3732 788 3927 866 ἐνέξκη

2279 871 2418 928 κατά
2445 886 2586 936 τινος
2611 875 2819 951 καιρίου
2848 880 2950 941 τὴν
2980 872 3066 931 διὰ
3093 875 3190 944 τῆς
3225 877 3411 955 χειρὸς
3443 876 3668 956 πληγήν
3703 897 3716 910 ⁸
3755 880 3782 934 ὃ
3827 880 3925 956 γὰρ

2277 959 2417 1026 ἅπαξ
2446 968 2523 1036 τῷ
2546 965 2697 1036 θυμῷ
2723 965 3130 1041 κρατηθεὶς,καὶ
3161 970 3228 1042 τῇ
3261 965 3401 1042 ξιρμῇ
3429 971 3530 1034 τῆς
3563 967 3731 1044 ὀργῆς
3769 990 3928 1046 χαρι-

2273 1051 2524 1126 ζόμενος,
2558 1049 2706 1108 οὐδὲν
2748 1051 2812 1108 ἂν
2871 1055 3014 1127 παρὰ
3057 1055 3150 1111 τὸν
3199 1057 3388 1134 καιρὸν
3431 1063 3525 1112 τοῦ
3569 1058 3768 1121 πάθους
3817 1063 3924 1113 τῶν

2274 1140 2542 1216 ἀνακόψαι
2586 1142 2647 1197 τὸ
2681 1143 2846 1199 καγὸν
2890 1139 3221 1219 δυναμένων,
3271 1145 3357 1201 ἐπὶ
3388 1148 3508 1202 νοῦν
3538 1143 3696 1202 λάϐοι
3730 1163 3745 1178 ⁸
3780 1147 3923 1203 ὥστε

2275 1231 2452 1285 καὶτὸ
2493 1230 2556 1286 ἐκ
2582 1235 2683 1298 τῆς
2714 1231 3036 1306 συμπλοκῆς
3069 1233 3418 1310 ἀποτέλεσμα
3465 1243 3559 1292 τοῦ
3608 1236 3796 1313 φόνου,
3845 1237 3922 1301 εἷς

2275 1317 2433 1398 ἔργον
2475 1320 2840 1398 προαιρέσεως
2872 1325 2960 1386 καί
2989 1325 3087 1381 οὒκ
3117 1326 3191 1387 εἰς
3243 1324 3549 1404 ἀποτυχίαν
3605 1325 3868 1406 ἀνάγεται
3904 1343 3918 1356 ⁸

2275 1409 2324 1463 οἱ
2379 1407 2433 1463 δὲ
2487 1408 2731 1466 ἀκούσιοι
2777 1413 2975 1490 φανερὰ
3019 1411 3207 1492 ἔχουσι
3251 1414 3316 1470 τὰ
3363 1415 3732 1494 γνωρίσματα,
3793 1414 3922 1473 ὅταν

539 1502 601 1564 in
625 1502 842 1584 triplex
862 1512 1102 1579 tempus
1124 1499 1473 1563 extenditur
1495 1499 1571 1560 iis
1594 1499 1696 1581 qui
1724 1517 1830 1578 per
1852 1499 2180 1562 conversio

2278 1519 2358 1562 τις
2417 1501 2550 1576 πρὸς
2594 1499 2774 1579 ἕτερον
2825 1523 2875 1556 τι
2907 1503 3003 1570 τῆν
3035 1501 3272 1571 σπουδῆν
3318 1503 3492 1585 ἔχων,
3525 1503 3578 1570 ἒξ
3619 1505 3924 1586 ἀποτυχίας

538 1611 678 1655 nem
696 1592 1036 1654 voluntario
1052 1590 1311 1653 facinori
1331 1589 1668 1651 remedium
1681 1590 2180 1652 aﬂ‘erunt.Terno

2278 1609 2328 1644 τι
2359 1594 2466 1644 τῶν
2517 1589 2830 1658 ἀνηκέστων
2872 1589 3043 1670 δράσῃ
3076 1608 3091 1622 ⁸
3145 1592 3241 1650 hri
3271 1595 3473 1650 τούτων
3507 1595 3700 1669 τοίνυν,
3748 1597 3778 1652 ὁ
3822 1597 3926 1672 μὲν

539 1700 672 1744 vem
693 1685 873 1745 etiam
888 1693 1030 1744 sunt
1052 1679 1602 1754 anni,novennario
1624 1698 1921 1741 annorum
1947 1697 2180 1742 numeri

2281 1679 2441 1756 φόνος
2485 1679 2560 1741 είς
2619 1679 2973 1758 τριπλασίονα
3004 1682 3207 1760 χρόνον
3249 1683 3625 1759 παρατείνεται
3678 1698 3802 1748 τοῖς
3863 1683 3936 1742 δι’

536 1772 600 1834 in
623 1791 990 1854 unoquoque
1009 1770 1196 1850 gradu
1225 1771 1548 1852 praefinito,
1576 1778 1640 1830 ut
1667 1770 1728 1830 in
1755 1769 2021 1850 perfecta
2051 1769 2180 1849 qui-

2281 1769 2609 1847 ἐπιστροφῆς
2664 1770 3115 1848 θεραπευομᾶνοις
3173 1773 3235 1827 τὸ
3289 1773 3532 1828 ἑκούσιον
3581 1772 3710 1851 ἄγος
3747 1790 3764 1806 ⁸
3809 1779 3926 1853 τρὶς

535 1865 674 1924 dem
699 1861 1123 1942 segregatione
1141 1880 1355 1923 novem
1376 1878 1672 1924 annorum
1696 1868 1970 1940 tempore
1993 1877 2180 1922 verset

2272 1857 2424 1914 ἐννέα
2467 1861 2568 1937 γάρ
2627 1860 2756 1915 εἰσιν
2819 1859 3079 1935 ὶνιαυτοὶ,
3139 1859 3260 1918 καθ’
3319 1860 3548 1919 ἕκαστον
3574 1863 3780 1939 βαθμὸν
3823 1871 3927 1932 τῆς

533 1962 632 2016 tur
649 1953 724 2015 ab
752 1953 1025 2016 Ecclesia
1047 1951 1394 2033 prohibitus
1421 1971 1438 2028 ;
1485 1951 1638 2013 alios
1661 1959 1859 2012 autem
1884 1958 1969 2012 tot
1999 1968 2180 2012 annos

2270 1945 2482 2012 ἒννάδος
2527 1951 2636 2004 τῶν
2678 1949 2812 2005 ἐτῶν
2845 1950 3147 2028 ὁρισθείσης
3179 1966 3193 1980 ⁸
3229 1949 3369 2007 ὥστε
3414 1950 3468 2007 ὲν
3511 1953 3608 2027 μὲν
3651 1961 3730 2028 τῷ
3774 1977 3922 2012 παν-

530 2043 594 2105 in
615 2043 929 2105 auditione
955 2043 1470 2123 permaneat,sola
1491 2041 1804 2102 doctorum
1830 2051 1890 2102 et
1912 2038 2188 2121 Script-

529 2151 733 2196 rarum
757 2133 1072 2195 auditione
1102 2140 1160 2193 et
1183 2131 1646 2194 conversatione
1669 2149 1808 2193 cum
1835 2131 2056 2210 populo
2087 2129 2184 2190 di-

529 2242 683 2304 gnus
706 2223 1044 2297 habitus,in
1069 2221 1247 2284 tertio
1270 2229 1469 2282 autem
1495 2220 1866 2282 novennario
1885 2239 2019 2282 cum
2046 2220 2186 2280 sub-

526 2313 733 2375 stratis
751 2315 809 2377 in
836 2313 1235 2376 conversione
1255 2330 1458 2387 orans,
1495 2321 1552 2372 ut
1583 2311 1886 2391 perveniat
1904 2311 1977 2372 ad
2010 2328 2183 2371 com-

531 2407 881 2465 munionem
905 2402 1276 2464 sacramenti
1298 2401 1557 2478 scilicet;
1574 2407 1632 2461 et
1654 2407 1710 2462 in
1732 2400 1945 2462 eodem
1969 2397 2183 2461 eadem

533 2494 650 2555 erit
669 2492 1008 2554 observatio
1030 2490 1104 2552 ab
1126 2509 1196 2552 eo
1213 2490 1314 2570 qui
1339 2488 1670 2552 Ecclesiam
1692 2489 2097 2563 administrat,
2125 2495 2185 2550 et

531 2601 640 2664 pro
661 2588 896 2644 ratione
916 2580 1334 2642 conversionis
1377 2579 1464 2640 illi
1489 2597 1729 2660 quoque
1753 2596 1944 2657 pinnae
1965 2587 2181 2640 exten-

527 2673 618 2734 sio
642 2669 1051 2746 rescindetur,
1077 2679 1141 2732 ut
1165 2688 1273 2750 pro
1299 2688 1512 2731 novem
1534 2670 1709 2730 annis
1728 2669 1786 2730 in
1813 2686 2182 2749 unoquoque

525 2761 836 2842 gradu,vel
857 2760 1116 2840 octo,vel
1139 2758 1498 2839 septem,vel
1522 2758 1790 2840 quinque
1812 2758 2004 2820 solum
2036 2757 2181 2819 anni

527 2853 696 2929 fiant,
733 2851 785 2912 si
809 2849 1182 2933 poenitentiae
1211 2847 1562 2928 magnitudo
1586 2857 1825 2928 tempus
1864 2848 2082 2920 vincat,
2122 2855 2183 2908 et

526 2952 774 3023 superet
795 2939 1196 3004 correctionis
1218 2937 1418 2999 studio
1442 2955 1548 2998 eos
1576 2937 1678 3018 qui
1710 2937 1769 2998 in
1807 2936 1986 3012 longo
2019 2944 2179 2998 tem-

525 3050 673 3112 pore
698 3031 1028 3112 praestituto
1078 3035 1392 3107 susceptas
1432 3044 1466 3088 a
1513 3045 1579 3088 se
1621 3026 1887 3088 maculas
1916 3026 2184 3104 segniter

526 3121 761 3185 eluunt.
795 3118 1273 3184 lnvoluntarium
1325 3125 1526 3178 autem
1574 3117 1754 3178 venia
1802 3115 2048 3196 quidem
2083 3113 2181 3175 dis

2267 2037 2420 2095 τελεῖ
2461 2037 2765 2118 ἀφορισμῷ,
2809 2037 3031 2108 ἐνναετῆ
3081 2041 3278 2120 χρόνον
3328 2038 3661 2120 διαγενέσθαι
3721 2045 3918 2123 ἀπειρ-

2267 2131 2498 2208 γόμενον
2529 2133 2627 2195 τῆς
2659 2127 2986 2195 Ἐκκλησίας
3020 2145 3034 2160 ⁸
3072 2129 3212 2186 ἄλλα
3243 2127 3299 2186 δὲ
3331 2138 3565 2188 τοσαῦτα
3598 2131 3693 2200 ἔτη
3749 2133 3806 2190 ἐν
3850 2141 3920 2211 τῇ

2265 2219 2518 2297 ἀκροάσει
2573 2232 2933 2297 παραμεῖναι,
3018 2219 3193 2294 μόνης
3251 2225 3358 2276 τῶν
3426 2217 3764 2279 διδασκάλων
3823 2227 3921 2280 καὶ

2267 2307 2363 2376 τῆς
2403 2312 2511 2364 τῶν
2541 2313 2767 2387 Γραφῶν
2795 2307 3128 2388 ἀκροάσεως,
3163 2310 3252 2366 καὶ
3301 2310 3438 2383 μετά
3489 2310 3586 2379 τῆς
3644 2319 3738 2369 τοῦ
3782 2311 3917 2369 λαοῦ

2266 2400 2571 2462 συστάσεως
2617 2397 2926 2472 ἀξιούμενον
2960 2414 2974 2429 ⁸
3040 2398 3096 2454 ἐν
3150 2397 3205 2455 δὲ
3255 2402 3324 2476 τῇ
3374 2400 3527 2479 τρίτῃ
3559 2400 3731 2457 ἐννάδι
3776 2405 3917 2476 μετὰ

2264 2489 2374 2546 τῶν
2456 2487 2871 2545 ὑποπιπτόντων
2955 2488 3010 2545 ἐν
3091 2489 3389 2568 ἱπιστροιρῆ
3439 2493 3913 2574 προσευχόμενον,

2264 2579 2433 2640 οὕτως
2484 2577 2666 2635 ἓλθεῒν
2722 2577 2808 2634 ἐπὶ
2869 2578 2969 2645 τὴν
3020 2579 3304 2654 μετουσίαν
3364 2586 3461 2636 τοό
3516 2581 3855 2659 ἀγιάσματος
3893 2600 3909 2614 ⁸

2262 2666 2472 2736 δηλαδὴ
2531 2669 2621 2724 καὶ
2673 2667 2760 2724 ἐπὶ
2823 2667 2916 2725 τοῦ
2970 2670 3214 2726 τοιούτου
3260 2670 3295 2736 ἡ
3339 2670 3474 2737 αὐτὴ
3529 2672 3912 2750 παρατήρησις

2261 2757 2409 2815 ἔσται
2459 2757 2604 2835 παρὰ
2645 2764 2738 2814 τοῦ
2785 2758 3196 2831 οἷκονομοῦντος
3244 2757 3342 2826 τῆν
3388 2755 3717 2828 Ἐκκλησίαν
3754 2779 3772 2798 ο
3818 2762 3916 2818 καὶ

2261 2848 2394 2927 πρὸς
2450 2845 2610 2924 λόγον
2677 2850 2777 2916 τῆς
2838 2847 3194 2926 ἐπιστροφῆς,
3261 2850 3693 2922 συντμηθήσεται
3763 2851 3912 2923 αὗτῷ

2266 2938 2352 2994 καὶ
2393 2938 2428 3006 ἡ
2485 2935 2579 2992 τοῖ’)
2647 2935 2917 3012 ἐπιτιμίου
2976 2938 3325 3016 παράτασις·
3387 2939 3526 2995 ὥστε
3582 2939 3697 2994 ἀντὶ
3754 2941 3910 2997 ὶννόα

2261 3029 2398 3085 ὶτῶν
2464 3023 2547 3106 ἐφ’
2607 3026 2818 3102 ἑκάστῳ
2873 3027 3089 3103 βαθμῷ,
3147 3028 3291 3085 ὀκτὼ
3348 3027 3383 3096 ἢ
3442 3029 3604 3102 ἑπτὰ,
3648 3027 3685 3096 ἢ
3727 3027 3809 3104 ἓξ,
3873 3030 3910 3099 ἢ

2265 3116 2423 3176 πέντε
2492 3116 2632 3190 μόνα
2687 3116 2962 3192 γενέσθαι,
3028 3115 3186 3196 εἴπερ
3246 3119 3307 3174 τὸ
3351 3118 3580 3194 μεγέθος
3624 3117 3720 3186 τῆς
3782 3119 3910 3177 ἔπι-

523 3211 850 3292 gnum,sed
878 3229 998 3272 non
1019 3205 1671 3284 laudabilejudicatum
1699 3217 1808 3266 est.
1829 3205 1952 3267 Hoc
1980 3214 2178 3266 autem

2263 3210 2496 3286 στροφῆς
2553 3204 2723 3280 νικῷη
2801 3207 2895 3262 τὸν
2969 3206 3191 3287 χρόνον,
3253 3207 3342 3263 καὶ
3403 3205 3794 3284 δπερϐάλλοιτο
3838 3210 3911 3287 τῇ

525 3301 746 3375 dixi,ut
765 3303 842 3362 sit
863 3297 1334 3380 apertum,quod
1351 3297 1529 3357 etiam
1553 3296 1600 3356 si
1624 3295 1759 3375 quis
1778 3294 1838 3355 in
1852 3294 2180 3356 voluntarie

523 3391 704 3453 fuerit
728 3393 784 3453 in
809 3391 1045 3452 scelere
1069 3386 1402 3449 homicidii:
1429 3404 1565 3447 eum
1593 3385 2013 3464 tanquamjam
2037 3402 2178 3463 pro-

521 3479 1065 3560 fanum,piaculum
1091 3477 1466 3551 redditum,a
1483 3474 1842 3537 sacerdotali
1866 3475 2053 3553 gratia
2073 3474 2124 3553 ej
2137 3473 2178 3534 i-

521 3571 806 3633 ciendum
834 3567 1244 3651 pronuntiavit
1268 3585 1485 3628 canon.
1523 3563 1821 3638 Quantum
1851 3571 2047 3624 autem
2082 3571 2176 3626 est

522 3661 890 3743 expiationis
933 3668 1173 3736 tempus
1194 3655 1270 3718 ob
1309 3655 1649 3736 simplicem
1677 3652 2169 3743 fornicationem,

523 3741 756 3815 tantum
781 3751 960 3812 etiam
986 3757 1154 3810 recte
1175 3747 1402 3808 habere
1443 3745 1851 3808 existimatum
1887 3751 1975 3803 est
2004 3741 2066 3804 in
2098 3741 2174 3803 iis

521 3842 623 3924 qui
643 3840 867 3904 caedem
890 3837 1354 3901 involuntariam
1371 3835 1686 3916 fecissent;
1709 3831 1970 3908 scilicet,
2006 3833 2064 3924 in
2100 3832 2174 3894 iis

521 3921 787 4013 quoque,
822 3927 1171 4011 ptrnitentis
1192 3925 1502 3988 voluntate
1525 3927 1894 3998 examinata;
1919 3931 1982 3982 ut
2011 3921 2064 3982 si
2095 3922 2176 3982 sit

521 4020 640 4082 ﬁde
666 4019 910 4102 quidem
946 4017 1127 4095 digna
1159 4016 1500 4089 conversio,
1523 4033 1641 4075 non
1677 4020 1950 4102 servetur
1979 4029 2174 4072 anno-

519 4128 653 4172 rum
687 4126 1019 4189 numerus;
1044 4106 1150 4168 sed
1179 4103 1468 4183 temporis
1503 4101 1848 4184 prolixitate
1879 4109 2172 4175 resecata,

517 4198 593 4260 ad
623 4199 762 4259 552
795 4197 1068 4259 Ecclesia
1097 4195 1546 4259 restitutionem
1581 4202 1640 4255 et
1668 4191 1811 4253 boni
1845 4191 2176 4273 participa-

517 4288 744 4349 tionem
777 4286 1144 4367 compendio
1176 4285 1530 4348 reducatur.

2260 3295 2468 3372 σπουδῇ
2511 3299 2611 3363 τῆς
2659 3293 2989 3373 διορθώσεως
3045 3297 3170 3362 τοὺς
3227 3295 3281 3352 ἐν
3345 3295 3414 3373 τῇ
3467 3299 3649 3372 μακρᾷ
3703 3301 3907 3377 προθε-

2261 3389 2391 3463 σμίᾳ
2447 3385 2804 3464 ῥᾳθυμότερον
2861 3385 3080 3450 ἑαυτοὺς
3123 3385 3232 3443 ἀπὸ
3272 3389 3375 3454 τῆς
3436 3385 3658 3454 κηλίδος
3715 3390 3909 3445 καθαί-

2257 3495 2469 3557 ροντας³
2503 3476 2566 3531 τὸ
2597 3473 2653 3531 δὲ
2681 3475 2956 3549 ἀκούσιον,
2989 3497 3051 3533 συ
3066 3476 3327 3555 (γνωστόν
3359 3477 3484 3556 μὲν,
3519 3478 3579 3534 οὗ
3606 3475 3717 3552 μὴν
3741 3477 3908 3534 ἐπαι-

2256 3567 2406 3624 νετὸν
2437 3565 2617 3643 ἐκρίθη
2647 3587 2657 3596 ·
2694 3571 2852 3622 τοῦτο
2882 3563 2937 3621 δὲ
2968 3566 3151 3646 εἷπον,
3187 3565 3326 3623 ὥστε
3351 3563 3515 3632 δῆλον
3546 3566 3790 3643 γενέσθαι
3819 3568 3907 3625 ὅτι

2255 3657 2355 3712 κᾶν
2385 3655 2648 3720 ἀκουσίως
2678 3677 2758 3718 τις
2810 3655 3033 3734 γένηται
3064 3659 3120 3712 ἒν
3150 3663 3228 3733 τῷ
3257 3661 3350 3712 τοῦ
3391 3657 3555 3736 φόνου
3603 3655 3903 3733 μιάσματι,

2257 3748 2329 3811 ὣς
2374 3743 2479 3814 ἤδη
2549 3742 2784 3822 βέϐηλον
2855 3744 3014 3802 αὐτὸν
3057 3745 3165 3802 ἀπὸ
3223 3757 3316 3802 τοὺ
3359 3744 3523 3822 ἄγους
3581 3745 3902 3825 γενόμενον,

2255 3832 2569 3901 ἀπόϐλητον
2611 3837 2884 3913 ἱερατικῆς
2934 3835 3160 3915 χάριτος
3214 3838 3242 3892 ὁ
3291 3836 3468 3892 κανὼν
3527 3835 3844 3916 ἀπεφήνατο
3883 3855 3898 3870 ⁸

2254 3924 2378 3990 ὅσος
2407 3923 2462 3981 δὲ
2493 3927 2637 3981 ἔστιν
2683 3925 2770 3981 ἐπὶ
2821 3929 2889 4001 τῇ
2941 3924 3078 4002 ψιλῇ
3129 3925 3348 4005 πορνείᾳ
3389 3927 3484 3982 τοῦ
3525 3926 3812 4004 καθαρσίου
3871 3931 3903 3985 ὃ

2257 4017 2455 4096 χρόνος
2499 4021 2754 4079 τοσοῦτος
2823 4015 2916 4072 καὶ
2957 4013 3046 4071 ἐπὶ
3087 4021 3191 4071 τῶν
3236 4015 3502 4078 ἀκουσίως
3560 4021 3900 4094 πεφονευκόο

2258 4127 2363 4161 των
2407 4103 2733 4180 ἐδοκιμάσθη
2779 4103 2956 4170 καλῶς
3013 4103 3165 4184 ἔχειν
3203 4123 3216 4137 ⁸
3276 4101 3487 4171 δηλαδή
3521 4106 3616 4160 καὶ
3647 4104 3701 4159 ἐν
3731 4106 3910 4181 τούτῳ

2255 4200 2355 4262 τῆς
2403 4194 2770 4273 προαιρέσεως
2829 4201 2926 4251 τοΰ
2979 4200 3367 4271 μετανοούντος
3446 4191 3912 4270 δοκιμαζομὲνης,

2253 4283 2393 4341 ὥστε
2436 4283 2742 4350 ἀξιόπιστος
2798 4283 3009 4363 γένοιτο
3070 4287 3103 4354 ἡ
3162 4284 3488 4364 ἐπιστροφὴ,
3553 4284 3633 4359 μὴ
3687 4285 3914 4350 πάντως

519 4377 1009 4458 παραφυλαλθῆναι
1061 4379 1152 4434 τὸν
1185 4378 1404 4455 ἀριθμὸν
1454 4377 1558 4432 τῶν
1589 4373 1744 4445 ἐτῶν,
1780 4368 1918 4429 ἀλλὰ
1948 4369 2032 4428 διὰ
2067 4374 2354 4451 συντομίας
2407 4374 2644 4455 ἀγαγεῖν
2675 4375 2834 4434 αὒτὸν
2864 4376 2937 4440 είς
2969 4376 3069 4444 τὴν
3099 4376 3199 4442 τῆς
3231 4371 3568 4440 Ἐκκλησίας
3619 4374 3915 4430 ἀποκατά-

520 4489 730 4543 στασιν,
766 4469 852 4524 καὶ
884 4469 954 4533 εἷς
986 4467 1082 4536 τὴν
1118 4476 1210 4525 τοῦ
1237 4465 1439 4543 ἀγαθοῦ
1471 4465 1782 4538 μετουσίαν.

713 4514 730 4545 1

596 4544 1091 4638 7.Sepulcrorum
1117 4564 1314 4618 autem
1335 4553 1741 4635 effossio,ipsa
1762 4568 2005 4632 quoque
2023 4549 2178 4612 divi-

2343 4552 2414 4626 ζ’.
2479 4544 2542 4612 Ἠ
2601 4551 2655 4610 δὲ
2708 4552 3058 4634 τυμϐωρυχία
3115 4554 3204 4612 καὶ
3264 4551 3396 4622 αὕτη
3441 4552 3691 4632 διῄρηται
3741 4555 3814 4620 εἰς
3845 4557 3914 4612 τὺ

517 4647 757 4710 diturin
777 4647 838 4709 id
862 4646 1019 4729 quod
1039 4646 1273 4708 veniam
1296 4653 1645 4721 meretur,et
1663 4643 1721 4706 id
1739 4643 1894 4725 quod
1922 4659 2040 4701 non
2057 4661 2176 4704 me-

515 4747 707 4802 retur.
741 4735 804 4802 Si
825 4740 989 4800 enim
1015 4737 1152 4819 quis
1174 4745 1554 4798 mortuorum
1583 4753 1839 4816 parcens
1865 4734 2172 4800 facultati-

517 4828 631 4891 bus
654 4837 712 4891 et
741 4835 965 4890 tectum
992 4845 1212 4906 corpus
1236 4829 1525 4888 intactum
1554 4824 1932 4908 relinquens,
1970 4837 2031 4890 ut
2060 4843 2172 4886 nec

515 4917 626 4979 soli
653 4918 1011 4980 ostendatur
1053 4916 1361 4998 turpitudo
1403 4915 1704 4996 corporis;
1731 4915 2034 4980 ladidibus
2055 4915 2170 4978 ali-

517 5015 662 5087 quot
683 5025 753 5069 ex
777 5007 854 5068 iis
877 5009 978 5088 qui
1001 5016 1140 5070 ante
1155 5006 1502 5086 sepulcrum
1522 5005 1780 5087 projecti
1802 5007 2042 5083 sunt,ad
2068 5006 2168 5068 ali-

515 5097 674 5178 quod
698 5117 849 5177 opus
871 5098 1349 5162 construendum
1375 5115 1519 5158 usus
1543 5104 1658 5172 est;
1686 5115 1762 5158 ne
1785 5099 1895 5159 hoc
1926 5098 2166 5180 quidem

515 5195 603 5249 est
627 5187 952 5266 laudabile;
972 5189 1078 5251 sed
1099 5189 1602 5266 utessetdignum
1619 5186 2174 5254 venia,effecitcon-

513 5277 796 5353 suetudo,
830 5277 1075 5359 quando
1105 5287 1168 5340 ut
1201 5277 1436 5359 aliquid
1473 5277 1696 5340 melius
1734 5290 1786 5338 et
1814 5277 2169 5359 reipublicae

511 5367 724 5429 utilius
754 5368 1006 5430 materia
1035 5368 1308 5431 traducta
1339 5369 1441 5431 sit.
1475 5366 1593 5431 Sed
1628 5369 1828 5430 carnis
1850 5370 1908 5430 in
1941 5378 2167 5430 terram

511 5456 774 5519 redactae
797 5457 1108 5537 pulverem
1135 5458 1593 5538 perscrutari,et
1614 5475 1749 5518 ossa
1775 5474 2042 5535 movere;
2063 5476 2172 5538 spe

505 5547 770 5628 aliquem
785 5566 855 5610 ex
869 5546 1130 5609 defossis
1145 5547 1940 5615 lucrifaciendiornatum.in
1956 5545 2170 5610 eodem

505 5637 733 5732 judicio
756 5637 1231 5703 condemnatum
1263 5646 1513 5722 est,quo
1543 5636 1798 5721 simplex
1829 5637 2170 5720 fornigatio,

2255 4645 2598 4724 συγγνωστόν
2654 4666 2712 4700 τε
2772 4646 2860 4701 καὶ
2899 4644 3275 4722 ἀσύγγνωστον
3309 4659 3323 4674 ⁸
3403 4645 3446 4700 εί
3505 4645 3606 4720 μὲν
3662 4645 3765 4723 γάρ
3819 4667 3910 4709 τις

2252 4735 2351 4803 τῆς
2397 4734 2547 4798 ὁσίας
2591 4733 2930 4815 φειδόμενος,
2966 4737 3054 4791 καὶ
3099 4733 3293 4792 ἄσυλον
3352 4734 3504 4815 ἀφεὶς
3547 4735 3610 4792 τὸ
3659 4755 3910 4810 κεκρυμ-

2253 4825 2414 4901 μένον
2461 4831 2643 4902 σῶμα,
2694 4827 2766 4891 ὡς
2811 4826 2888 4900 μῆ
2933 4823 3329 4905 ἀναδαιχθῆναι
3381 4823 3522 4898 ἣλιῳ
3573 4824 3669 4893 τῆν
3713 4822 3912 4904 ἀσχη-

2254 4915 2493 4991 μοσύνην
2551 4923 2653 4988 τῆς
2711 4916 2943 4996 φύσεως,
2987 4914 3154 4978 λίθοις
3185 4915 3292 4972 τισὶ
3322 4915 3430 4972 τῶν
3460 4915 3537 4990 τῷ
3566 4915 3718 4994 τάφῳ
3761 4934 3910 4992 προ-

2253 5003 2601 5082 ϐεϐλημένων
2661 5007 3056 5086 συγ-χρήσαιτο,
3135 5005 3211 5068 εἰς
3289 5003 3445 5084 ἔργου
3519 5005 3666 5069 τινὸς
3735 5024 3908 5060 κατα-

2253 5096 2474 5170 σκευὴν,
2509 5095 2790 5153 ἑπαινετὸι
2839 5096 2938 5171 μὲν
2989 5093 3110 5152 οὐδὲ
3164 5103 3318 5154 τοῦτο
3372 5093 3513 5176 ἐστι,
3556 5094 3701 5162 πλὴν
3759 5093 3908 5162 ἀλλὰ

2254 5187 2594 5267 συγγνωστὸν
2627 5186 2883 5254 ἐποίησεν
2935 5188 2970 5255 ἡ
3003 5184 3274 5261 συνήθεια,
3323 5185 3452 5242 ὅταν
3503 5187 3577 5248 εἰς
3625 5184 3905 5263 προτιμό-

2249 5279 2401 5356 τερόν
2445 5300 2497 5335 τι
2540 5279 2630 5335 καὶ
2673 5275 3163 5358 κοινωφελέστερον
3213 5279 3247 5346 ἡ
3292 5278 3393 5344 τῆς
3436 5276 3570 5344 ὕλης
3615 5273 3908 5352 μετάθεσις

2251 5369 2466 5448 γίνηται
2501 5386 2515 5404 ⁸
2551 5368 2610 5424 τὸ
2639 5365 2694 5424 δὲ
2724 5365 3081 5448 διερευνᾶσθαι
3115 5368 3214 5434 τῆν
3245 5367 3395 5423 κόνιν
3443 5366 3549 5423 ἀπὸ
3599 5388 3698 5434 της
3755 5385 3906 5446 γεω-

2253 5460 2431 5526 θείσης
2490 5459 2707 5531 σαρκὸς,
2769 5459 2856 5513 καὶ
2915 5457 3192 5515 ἀνακινεῖν
3249 5458 3314 5512 τάί
3365 5457 3520 5530 όστᾷ,
3575 5453 3746 5514 ἑλπίδι
3805 5463 3909 5515 τοῦ

2253 5549 2459 5625 κόσμοι
2511 5548 2630 5604 τινὰ
2670 5547 2778 5604 τῶν
2822 5546 3361 5628 συγκατορυχθέντὼν
3408 5543 3683 5625 κερδᾶναι,
3738 5553 3908 5605 τοῦτο

2256 5645 2333 5718 τῷ
2390 5636 2533 5717 αὒτῷ
2594 5637 2810 5718 κρίματι
2866 5635 3248 5720 κατεδικάσθη,
3303 5638 3350 5714 ᾧ
3381 5637 3466 5695 καὶ
3495 5637 3531 5707 ἡ
3557 5633 3694 5714 ψιλὴ
3752 5656 3908 5722 πορ-
