  <div class='ocr_page' id='page_1' title='image "/cluster/home/n/w/nwhite01/storage/ocr_20150623/104/hvd.32044073502163/428.png"; bbox 0 0 4134 6200; ppageno 0'>
   <div class='ocr_carea' id='block_1_1' title="bbox 278 313 394 380">
    <p class='ocr_par' dir='ltr' id='par_1_1' title="bbox 278 313 394 380">
     <span class='ocr_line' id='line_1_1' title="bbox 278 313 394 380; baseline -0.017 0"><span class='ocrx_word' id='word_1_1' title='bbox 278 313 394 380; x_wconf 83' lang='grc'><strong>817</strong></span> 
     </span>
    </p>
   </div>
   <div class='ocr_carea' id='block_1_2' title="bbox 599 458 1594 539">
    <p class='ocr_par' dir='ltr' id='par_1_2' title="bbox 599 458 1594 539">
     <span class='ocr_line' id='line_1_2' title="bbox 599 458 1594 539; baseline -0.004 -18"><span class='ocrx_word' id='word_1_2' title='bbox 599 462 827 522; x_wconf 79' lang='grc' dir='ltr'>Συνόδου</span> <span class='ocrx_word' id='word_1_3' title='bbox 860 465 1081 528; x_wconf 83' lang='grc' dir='ltr'>Νικαίας</span> <span class='ocrx_word' id='word_1_4' title='bbox 1110 463 1170 519; x_wconf 83' lang='grc' dir='ltr'>τὸ</span> <span class='ocrx_word' id='word_1_5' title='bbox 1201 462 1278 539; x_wconf 85' lang='grc' dir='ltr'>β’,</span> <span class='ocrx_word' id='word_1_6' title='bbox 1308 463 1485 519; x_wconf 83' lang='grc' dir='ltr'>κανὼν</span> <span class='ocrx_word' id='word_1_7' title='bbox 1519 458 1594 518; x_wconf 86' lang='grc' dir='ltr'><strong>ια’</strong></span> 
     </span>
    </p>
   </div>
   <div class='ocr_carea' id='block_1_3' title="bbox 351 549 1915 629">
    <p class='ocr_par' dir='ltr' id='par_1_3' title="bbox 351 549 1915 629">
     <span class='ocr_line' id='line_1_3' title="bbox 351 549 1915 629; baseline -0.006 -15"><span class='ocrx_word' id='word_1_8' title='bbox 351 555 477 615; x_wconf 70' lang='lat' dir='ltr'><strong>&quot;Ott</strong></span> <span class='ocrx_word' id='word_1_9' title='bbox 530 553 614 612; x_wconf 75' lang='grc' dir='ltr'><strong>δεῖ</strong></span> <span class='ocrx_word' id='word_1_10' title='bbox 671 553 981 629; x_wconf 81' lang='grc' dir='ltr'>οἰκονόμους</span> <span class='ocrx_word' id='word_1_11' title='bbox 1042 553 1186 610; x_wconf 75' lang='grc' dir='ltr'>εἶναι</span> <span class='ocrx_word' id='word_1_12' title='bbox 1243 551 1298 607; x_wconf 82' lang='grc' dir='ltr'>ἒν</span> <span class='ocrx_word' id='word_1_13' title='bbox 1375 565 1493 615; x_wconf 73' lang='grc' dir='ltr'>τοῖς</span> <span class='ocrx_word' id='word_1_14' title='bbox 1552 549 1915 613; x_wconf 77' lang='grc' dir='ltr'>ἑπισκοπείοις</span> 
     </span>
    </p>
   </div>
   <div class='ocr_carea' id='block_1_4' title="bbox 274 644 950 722">
    <p class='ocr_par' dir='ltr' id='par_1_4' title="bbox 274 644 950 722">
     <span class='ocr_line' id='line_1_4' title="bbox 274 644 950 722; baseline -0.003 -19"><span class='ocrx_word' id='word_1_15' title='bbox 274 645 368 703; x_wconf 71' lang='grc' dir='ltr'><strong>καί</strong></span> <span class='ocrx_word' id='word_1_16' title='bbox 394 659 515 708; x_wconf 78' lang='grc' dir='ltr'>τοῖς</span> <span class='ocrx_word' id='word_1_17' title='bbox 545 644 950 722; x_wconf 86' lang='grc' dir='ltr'>μοναστηρίοις.</span> 
     </span>
    </p>
   </div>
   <div class='ocr_carea' id='block_1_5' title="bbox 355 728 1915 815">
    <p class='ocr_par' dir='ltr' id='par_1_5' title="bbox 355 728 1915 815">
     <span class='ocr_line' id='line_1_5' title="bbox 355 728 1915 815; baseline -0.005 -21"><span class='ocrx_word' id='word_1_18' title='bbox 355 734 452 798; x_wconf 84' lang='grc' dir='ltr'>ια’.</span> <span class='ocrx_word' id='word_1_19' title='bbox 501 728 814 815; x_wconf 74' lang='grc' dir='ltr'>’Υπόχρειοι</span> <span class='ocrx_word' id='word_1_20' title='bbox 866 733 1014 796; x_wconf 79' lang='grc' dir='ltr'>ὄντες</span> <span class='ocrx_word' id='word_1_21' title='bbox 1053 732 1255 798; x_wconf 72' lang='grc' dir='ltr'>πάντας</span> <span class='ocrx_word' id='word_1_22' title='bbox 1305 733 1428 795; x_wconf 84' lang='grc' dir='ltr'>τοὺς</span> <span class='ocrx_word' id='word_1_23' title='bbox 1471 731 1642 792; x_wconf 79' lang='grc' dir='ltr'>θείους</span> <span class='ocrx_word' id='word_1_24' title='bbox 1686 729 1915 794; x_wconf 89' lang='grc' dir='ltr'>κανόνας</span> 
     </span>
    </p>
   </div>
   <div class='ocr_carea' id='block_1_6' title="bbox 270 819 1918 905">
    <p class='ocr_par' dir='ltr' id='par_1_6' title="bbox 270 819 1918 905">
     <span class='ocr_line' id='line_1_6' title="bbox 270 819 1918 905; baseline -0.004 -22"><span class='ocrx_word' id='word_1_25' title='bbox 270 826 576 905; x_wconf 68' lang='grc' dir='ltr'>φυλάττειν,</span> <span class='ocrx_word' id='word_1_26' title='bbox 610 827 697 881; x_wconf 83' lang='grc' dir='ltr'>καὶ</span> <span class='ocrx_word' id='word_1_27' title='bbox 747 826 840 879; x_wconf 84' lang='grc' dir='ltr'><strong>τὸν</strong></span> <span class='ocrx_word' id='word_1_28' title='bbox 883 822 1110 900; x_wconf 84' lang='grc' dir='ltr'>λέγοντα</span> <span class='ocrx_word' id='word_1_29' title='bbox 1161 823 1472 897; x_wconf 76' lang='grc' dir='ltr'>οἰκονόμους</span> <span class='ocrx_word' id='word_1_30' title='bbox 1503 825 1646 877; x_wconf 82' lang='grc' dir='ltr'>εἶναι</span> <span class='ocrx_word' id='word_1_31' title='bbox 1690 820 1745 876; x_wconf 78' lang='grc' dir='ltr'>ἐν</span> <span class='ocrx_word' id='word_1_32' title='bbox 1790 819 1918 877; x_wconf 74' lang='grc' dir='ltr'>ἐκά-</span> 
     </span>
    </p>
   </div>
   <div class='ocr_carea' id='block_1_7' title="bbox 269 908 1918 995">
    <p class='ocr_par' dir='ltr' id='par_1_7' title="bbox 269 908 1918 995">
     <span class='ocr_line' id='line_1_7' title="bbox 269 908 1918 995; baseline -0.007 -19"><span class='ocrx_word' id='word_1_33' title='bbox 269 925 374 995; x_wconf 78' lang='grc' dir='ltr'>στῇ</span> <span class='ocrx_word' id='word_1_34' title='bbox 418 915 738 987; x_wconf 74' lang='grc' dir='ltr'>Ἐκκλησία,</span> <span class='ocrx_word' id='word_1_35' title='bbox 768 914 926 969; x_wconf 84' lang='grc' dir='ltr'>παντὶ</span> <span class='ocrx_word' id='word_1_36' title='bbox 956 913 1138 989; x_wconf 86' lang='grc' dir='ltr'>τρόπῳ</span> <span class='ocrx_word' id='word_1_37' title='bbox 1197 911 1581 988; x_wconf 68' lang='grc' dir='ltr'>ἀπαράτρωτον</span> <span class='ocrx_word' id='word_1_38' title='bbox 1640 908 1918 986; x_wconf 74' lang='grc' dir='ltr'>διατηρεῖν</span> 
     </span>
    </p>
   </div>
   <div class='ocr_carea' id='block_1_8' title="bbox 267 998 1919 1088">
    <p class='ocr_par' dir='ltr' id='par_1_8' title="bbox 267 998 1919 1088">
     <span class='ocr_line' id='line_1_8' title="bbox 267 998 1919 1088; baseline -0.007 -24"><span class='ocrx_word' id='word_1_39' title='bbox 267 1007 553 1088; x_wconf 55' lang='grc' dir='ltr'>ὀρείλομεν</span> <span class='ocrx_word' id='word_1_40' title='bbox 585 1024 598 1040; x_wconf 89' lang='grc'><strong>·</strong></span> <span class='ocrx_word' id='word_1_41' title='bbox 648 1006 732 1060; x_wconf 74' lang='grc' dir='ltr'><strong>καὶ</strong></span> <span class='ocrx_word' id='word_1_42' title='bbox 777 1005 821 1058; x_wconf 83' lang='grc' dir='ltr'><strong>εἰ</strong></span> <span class='ocrx_word' id='word_1_43' title='bbox 867 1003 965 1076; x_wconf 76' lang='grc' dir='ltr'>μὲν</span> <span class='ocrx_word' id='word_1_44' title='bbox 994 1000 1226 1081; x_wconf 73' lang='grc' dir='ltr'>ἓκαστιρς</span> <span class='ocrx_word' id='word_1_45' title='bbox 1284 999 1693 1078; x_wconf 71' lang='grc' dir='ltr'>μητροπολίτης</span> <span class='ocrx_word' id='word_1_46' title='bbox 1738 998 1792 1088; x_wconf 63' lang='grc' dir='ltr'><strong>ἰν</strong></span> <span class='ocrx_word' id='word_1_47' title='bbox 1850 1003 1919 1074; x_wconf 79' lang='grc' dir='ltr'><strong>τῇ</strong></span> 
     </span>
    </p>
   </div>
   <div class='ocr_carea' id='block_1_9' title="bbox 269 1087 1910 1171">
    <p class='ocr_par' dir='ltr' id='par_1_9' title="bbox 269 1087 1910 1171">
     <span class='ocr_line' id='line_1_9' title="bbox 269 1087 1910 1171; baseline -0.009 -15"><span class='ocrx_word' id='word_1_48' title='bbox 269 1087 571 1168; x_wconf 72' lang='grc' dir='ltr'>Ἐκκλησία</span> <span class='ocrx_word' id='word_1_49' title='bbox 602 1093 762 1150; x_wconf 74' lang='grc' dir='ltr'>αὒτοῦ</span> <span class='ocrx_word' id='word_1_50' title='bbox 796 1096 1017 1163; x_wconf 80' lang='grc' dir='ltr'>καθιστᾷ</span> <span class='ocrx_word' id='word_1_51' title='bbox 1049 1090 1354 1171; x_wconf 78' lang='grc' dir='ltr'>οἰκονόμον,</span> <span class='ocrx_word' id='word_1_52' title='bbox 1389 1089 1568 1153; x_wconf 80' lang='grc' dir='ltr'>καλῶς</span> <span class='ocrx_word' id='word_1_53' title='bbox 1628 1088 1690 1144; x_wconf 76' lang='grc' dir='ltr'><strong>ἂν</strong></span> <span class='ocrx_word' id='word_1_54' title='bbox 1735 1087 1858 1166; x_wconf 78' lang='grc' dir='ltr'>ἔχοι</span> <span class='ocrx_word' id='word_1_55' title='bbox 1895 1106 1910 1120; x_wconf 77' lang='grc'><strong>⁸</strong></span> 
     </span>
    </p>
   </div>
   <div class='ocr_carea' id='block_1_10' title="bbox 267 1178 1914 1262">
    <p class='ocr_par' dir='ltr' id='par_1_10' title="bbox 267 1178 1914 1262">
     <span class='ocr_line' id='line_1_10' title="bbox 267 1178 1914 1262; baseline -0.007 -19"><span class='ocrx_word' id='word_1_56' title='bbox 267 1189 314 1244; x_wconf 85' lang='grc' dir='ltr'><strong>εἰ</strong></span> <span class='ocrx_word' id='word_1_57' title='bbox 366 1187 420 1242; x_wconf 75' lang='grc' dir='ltr'>δὲ</span> <span class='ocrx_word' id='word_1_58' title='bbox 476 1187 552 1262; x_wconf 84' lang='grc' dir='ltr'><strong>μή</strong></span> <span class='ocrx_word' id='word_1_59' title='bbox 612 1205 696 1262; x_wconf 87' lang='grc' dir='ltr'><strong>γε,</strong></span> <span class='ocrx_word' id='word_1_60' title='bbox 761 1182 812 1248; x_wconf 77' lang='grc' dir='ltr'><strong>ἐξ</strong></span> <span class='ocrx_word' id='word_1_61' title='bbox 866 1180 1137 1242; x_wconf 78' lang='grc' dir='ltr'>αὒθεντίας</span> <span class='ocrx_word' id='word_1_62' title='bbox 1180 1178 1314 1243; x_wconf 70' lang='grc' dir='ltr'>ἰδίας</span> <span class='ocrx_word' id='word_1_63' title='bbox 1357 1185 1436 1252; x_wconf 85' lang='grc' dir='ltr'>τῷ</span> <span class='ocrx_word' id='word_1_64' title='bbox 1483 1186 1914 1238; x_wconf 75' lang='grc' dir='ltr'>Κῶνσταντινουι</span> 
     </span>
    </p>
   </div>
   <div class='ocr_carea' id='block_1_11' title="bbox 263 1267 1910 1349">
    <p class='ocr_par' dir='ltr' id='par_1_11' title="bbox 263 1267 1910 1349">
     <span class='ocr_line' id='line_1_11' title="bbox 263 1267 1910 1349; baseline -0.006 -16"><span class='ocrx_word' id='word_1_65' title='bbox 263 1276 480 1338; x_wconf 68' lang='grc' dir='ltr'>πόλεως</span> <span class='ocrx_word' id='word_1_66' title='bbox 533 1271 814 1343; x_wconf 78' lang='grc' dir='ltr'>ἐπισκόπῳ</span> <span class='ocrx_word' id='word_1_67' title='bbox 869 1269 1014 1325; x_wconf 79' lang='grc' dir='ltr'>Ξὶδεια</span> <span class='ocrx_word' id='word_1_68' title='bbox 1067 1268 1177 1324; x_wconf 80' lang='grc' dir='ltr'>ἐστι</span> <span class='ocrx_word' id='word_1_69' title='bbox 1228 1272 1662 1349; x_wconf 71' lang='grc' dir='ltr'>,προχειρίζεσθαι</span> <span class='ocrx_word' id='word_1_70' title='bbox 1697 1267 1910 1324; x_wconf 86' lang='grc' dir='ltr'>οἰκονό-</span> 
     </span>
    </p>
   </div>
   <div class='ocr_carea' id='block_1_12' title="bbox 265 1357 1914 1439">
    <p class='ocr_par' dir='ltr' id='par_1_12' title="bbox 265 1357 1914 1439">
     <span class='ocr_line' id='line_1_12' title="bbox 265 1357 1914 1439; baseline -0.005 -20"><span class='ocrx_word' id='word_1_71' title='bbox 265 1387 372 1439; x_wconf 84' lang='grc' dir='ltr'><strong>μον</strong></span> <span class='ocrx_word' id='word_1_72' title='bbox 403 1367 457 1420; x_wconf 78' lang='grc' dir='ltr'>ἐν</span> <span class='ocrx_word' id='word_1_73' title='bbox 501 1369 568 1438; x_wconf 76' lang='grc' dir='ltr'><strong>τῇ</strong></span> <span class='ocrx_word' id='word_1_74' title='bbox 597 1361 755 1419; x_wconf 72' lang='grc' dir='ltr'><strong>αὗτοῦ</strong></span> <span class='ocrx_word' id='word_1_75' title='bbox 786 1357 1103 1429; x_wconf 65' lang='grc' dir='ltr'>Ἐκκλησία·</span> <span class='ocrx_word' id='word_1_76' title='bbox 1140 1359 1396 1421; x_wconf 80' lang='grc' dir='ltr'>ὡσαύτως</span> <span class='ocrx_word' id='word_1_77' title='bbox 1428 1361 1524 1413; x_wconf 65' lang='grc' dir='ltr'>καὶ</span> <span class='ocrx_word' id='word_1_78' title='bbox 1557 1369 1676 1419; x_wconf 77' lang='grc' dir='ltr'>τοῖς</span> <span class='ocrx_word' id='word_1_79' title='bbox 1709 1377 1914 1433; x_wconf 80' lang='grc' dir='ltr'>μητρο·</span> 
     </span>
    </p>
   </div>
   <div class='ocr_carea' id='block_1_13' title="bbox 263 1446 1913 1526">
    <p class='ocr_par' dir='ltr' id='par_1_13' title="bbox 263 1446 1913 1526">
     <span class='ocr_line' id='line_1_13' title="bbox 263 1446 1913 1526; baseline -0.006 -16"><span class='ocrx_word' id='word_1_80' title='bbox 263 1453 536 1526; x_wconf 83' lang='grc' dir='ltr'>πολίταις,</span> <span class='ocrx_word' id='word_1_81' title='bbox 585 1451 630 1505; x_wconf 79' lang='grc' dir='ltr'><strong>εἰ</strong></span> <span class='ocrx_word' id='word_1_82' title='bbox 673 1451 719 1505; x_wconf 79' lang='grc' dir='ltr'>οἱ</span> <span class='ocrx_word' id='word_1_83' title='bbox 762 1447 852 1504; x_wconf 71' lang='grc' dir='ltr'>ὑπ’</span> <span class='ocrx_word' id='word_1_84' title='bbox 900 1447 1085 1508; x_wconf 75' lang='grc' dir='ltr'>αὖτοὺς</span> <span class='ocrx_word' id='word_1_85' title='bbox 1146 1446 1428 1502; x_wconf 66' lang='grc' dir='ltr'>ἐπίσκοποι</span> <span class='ocrx_word' id='word_1_86' title='bbox 1474 1448 1534 1502; x_wconf 72' lang='grc' dir='ltr'>οὗ</span> <span class='ocrx_word' id='word_1_87' title='bbox 1589 1454 1913 1523; x_wconf 71' lang='grc' dir='ltr'>προαιροόν-</span> 
     </span>
    </p>
   </div>
   <div class='ocr_carea' id='block_1_14' title="bbox 262 1533 1916 1616">
    <p class='ocr_par' dir='ltr' id='par_1_14' title="bbox 262 1533 1916 1616">
     <span class='ocr_line' id='line_1_14' title="bbox 262 1533 1916 1616; baseline -0.007 -16"><span class='ocrx_word' id='word_1_88' title='bbox 262 1567 355 1602; x_wconf 79' lang='grc' dir='ltr'><strong>ται</strong></span> <span class='ocrx_word' id='word_1_89' title='bbox 389 1541 698 1615; x_wconf 83' lang='grc' dir='ltr'>οἰκονόμους</span> <span class='ocrx_word' id='word_1_90' title='bbox 729 1542 1134 1616; x_wconf 57' lang='grc' dir='ltr'>ἐγκαταστῆσαι</span> <span class='ocrx_word' id='word_1_91' title='bbox 1166 1537 1221 1592; x_wconf 76' lang='grc' dir='ltr'>ἐν</span> <span class='ocrx_word' id='word_1_92' title='bbox 1279 1550 1394 1599; x_wconf 78' lang='grc' dir='ltr'>ταῖς</span> <span class='ocrx_word' id='word_1_93' title='bbox 1429 1537 1631 1592; x_wconf 76' lang='grc' dir='ltr'>ἑαυτῶν</span> <span class='ocrx_word' id='word_1_94' title='bbox 1671 1533 1916 1602; x_wconf 76' lang='grc' dir='ltr'>Ἐκκλη-</span> 
     </span>
    </p>
   </div>
   <div class='ocr_carea' id='block_1_15' title="bbox 264 1625 1914 1705">
    <p class='ocr_par' dir='ltr' id='par_1_15' title="bbox 264 1625 1914 1705">
     <span class='ocr_line' id='line_1_15' title="bbox 264 1625 1914 1705; baseline -0.005 -16"><span class='ocrx_word' id='word_1_95' title='bbox 264 1634 408 1695; x_wconf 83' lang='grc' dir='ltr'>σίαις</span> <span class='ocrx_word' id='word_1_96' title='bbox 439 1647 454 1664; x_wconf 84' lang='lat'><strong><em>°</em></strong></span> <span class='ocrx_word' id='word_1_97' title='bbox 492 1632 551 1687; x_wconf 81' lang='grc' dir='ltr'>τὸ</span> <span class='ocrx_word' id='word_1_98' title='bbox 585 1630 714 1688; x_wconf 68' lang='grc' dir='ltr'>αὐτὸ</span> <span class='ocrx_word' id='word_1_99' title='bbox 758 1629 811 1683; x_wconf 71' lang='grc' dir='ltr'><strong>δέ</strong></span> <span class='ocrx_word' id='word_1_100' title='bbox 843 1627 1194 1705; x_wconf 79' lang='grc' dir='ltr'>φυλάττεσθαι</span> <span class='ocrx_word' id='word_1_101' title='bbox 1234 1627 1320 1681; x_wconf 77' lang='grc' dir='ltr'><strong>καὶ</strong></span> <span class='ocrx_word' id='word_1_102' title='bbox 1351 1625 1436 1681; x_wconf 78' lang='grc' dir='ltr'>ἐπὶ</span> <span class='ocrx_word' id='word_1_103' title='bbox 1481 1632 1587 1681; x_wconf 85' lang='grc' dir='ltr'><strong>τῶν</strong></span> <span class='ocrx_word' id='word_1_104' title='bbox 1631 1645 1914 1700; x_wconf 82' lang='grc' dir='ltr'>μοναστη-</span> 
     </span>
    </p>
   </div>
   <div class='ocr_carea' id='block_1_16' title="bbox 261 1723 416 1802">
    <p class='ocr_par' dir='ltr' id='par_1_16' title="bbox 261 1723 416 1802">
     <span class='ocr_line' id='line_1_16' title="bbox 261 1723 416 1802; baseline -0.013 -24"><span class='ocrx_word' id='word_1_105' title='bbox 261 1723 416 1802; x_wconf 86' lang='grc' dir='ltr'>ρίων,</span> 
     </span>
    </p>
   </div>
   <div class='ocr_carea' id='block_1_17' title="bbox 471 1797 1714 1887">
    <p class='ocr_par' dir='ltr' id='par_1_17' title="bbox 471 1797 1714 1887">
     <span class='ocr_line' id='line_1_17' title="bbox 471 1797 1714 1887; baseline -0.003 -21"><span class='ocrx_word' id='word_1_106' title='bbox 471 1806 726 1887; x_wconf 67' lang='grc' dir='ltr'>Θεοφίλου</span> <span class='ocrx_word' id='word_1_107' title='bbox 757 1806 816 1862; x_wconf 80' lang='grc' dir='ltr'>ἐκ</span> <span class='ocrx_word' id='word_1_108' title='bbox 845 1812 938 1861; x_wconf 79' lang='grc' dir='ltr'><strong>τοῦ</strong></span> <span class='ocrx_word' id='word_1_109' title='bbox 971 1797 1408 1879; x_wconf 71' lang='grc' dir='ltr'>’Υπομνηστικοῦ</span> <span class='ocrx_word' id='word_1_110' title='bbox 1439 1803 1614 1860; x_wconf 87' lang='grc' dir='ltr'>κανὼν</span> <span class='ocrx_word' id='word_1_111' title='bbox 1643 1803 1714 1862; x_wconf 88' lang='grc' dir='ltr'><strong>θ’.</strong></span> 
     </span>
    </p>
   </div>
   <div class='ocr_carea' id='block_1_18' title="bbox 347 1891 1914 1974">
    <p class='ocr_par' dir='ltr' id='par_1_18' title="bbox 347 1891 1914 1974">
     <span class='ocr_line' id='line_1_18' title="bbox 347 1891 1914 1974; baseline -0.004 -20"><span class='ocrx_word' id='word_1_112' title='bbox 347 1900 419 1964; x_wconf 85' lang='grc' dir='ltr'><strong>θ’,</strong></span> <span class='ocrx_word' id='word_1_113' title='bbox 468 1900 637 1954; x_wconf 80' lang='grc' dir='ltr'>’Ὠστε</span> <span class='ocrx_word' id='word_1_114' title='bbox 679 1895 870 1974; x_wconf 77' lang='grc' dir='ltr'>γνώμῃ</span> <span class='ocrx_word' id='word_1_115' title='bbox 933 1896 1130 1958; x_wconf 84' lang='grc' dir='ltr'>παντὸς</span> <span class='ocrx_word' id='word_1_116' title='bbox 1182 1893 1274 1950; x_wconf 78' lang='grc' dir='ltr'>τοῦ</span> <span class='ocrx_word' id='word_1_117' title='bbox 1303 1893 1584 1970; x_wconf 79' lang='grc' dir='ltr'>ἱερατείου,</span> <span class='ocrx_word' id='word_1_118' title='bbox 1633 1891 1914 1967; x_wconf 80' lang='grc' dir='ltr'>οἰκονόμον</span> 
     </span>
    </p>
   </div>
   <div class='ocr_carea' id='block_1_19' title="bbox 258 1981 1914 2068">
    <p class='ocr_par' dir='ltr' id='par_1_19' title="bbox 258 1981 1914 2068">
     <span class='ocr_line' id='line_1_19' title="bbox 258 1981 1914 2068; baseline -0.007 -20"><span class='ocrx_word' id='word_1_119' title='bbox 258 1989 659 2068; x_wconf 77' lang='grc' dir='ltr'>ἀποδειχθῆναι</span> <span class='ocrx_word' id='word_1_120' title='bbox 717 1985 922 2061; x_wconf 77' lang='grc' dir='ltr'>ἕτερον,</span> <span class='ocrx_word' id='word_1_121' title='bbox 978 1981 1060 2049; x_wconf 67' lang='grc' dir='ltr'><strong>ἐφ’</strong></span> <span class='ocrx_word' id='word_1_122' title='bbox 1113 1988 1156 2058; x_wconf 82' lang='grc' dir='ltr'>ᾧ</span> <span class='ocrx_word' id='word_1_123' title='bbox 1187 1985 1481 2039; x_wconf 75' lang='grc' dir='ltr'>συντίθεται</span> <span class='ocrx_word' id='word_1_124' title='bbox 1512 1983 1600 2038; x_wconf 83' lang='grc' dir='ltr'><strong>καὶ</strong></span> <span class='ocrx_word' id='word_1_125' title='bbox 1631 1983 1658 2038; x_wconf 82' lang='grc' dir='ltr'>ὁ</span> <span class='ocrx_word' id='word_1_126' title='bbox 1691 1981 1914 2037; x_wconf 79' lang='grc' dir='ltr'>ἐπίσκο-</span> 
     </span>
    </p>
   </div>
   <div class='ocr_carea' id='block_1_20' title="bbox 261 2068 1915 2154">
    <p class='ocr_par' dir='ltr' id='par_1_20' title="bbox 261 2068 1915 2154">
     <span class='ocr_line' id='line_1_20' title="bbox 261 2068 1915 2154; baseline -0.008 -16"><span class='ocrx_word' id='word_1_127' title='bbox 261 2103 368 2144; x_wconf 89' lang='grc' dir='ltr'><strong>πος</strong></span> <span class='ocrx_word' id='word_1_128' title='bbox 425 2076 735 2154; x_wconf 83' lang='grc' dir='ltr'>Ἀπόλλων,</span> <span class='ocrx_word' id='word_1_129' title='bbox 769 2077 902 2151; x_wconf 80' lang='grc' dir='ltr'>πρὸς</span> <span class='ocrx_word' id='word_1_130' title='bbox 933 2075 994 2131; x_wconf 79' lang='grc' dir='ltr'>τὸ</span> <span class='ocrx_word' id='word_1_131' title='bbox 1043 2075 1110 2130; x_wconf 82' lang='grc' dir='ltr'><strong>τὰ</strong></span> <span class='ocrx_word' id='word_1_132' title='bbox 1144 2078 1244 2140; x_wconf 78' lang='grc' dir='ltr'><strong>τῆς</strong></span> <span class='ocrx_word' id='word_1_133' title='bbox 1289 2071 1622 2138; x_wconf 86' lang='grc' dir='ltr'>Ἐκκλησίας</span> <span class='ocrx_word' id='word_1_134' title='bbox 1677 2072 1751 2134; x_wconf 82' lang='grc' dir='ltr'><strong>εἰς</strong></span> <span class='ocrx_word' id='word_1_135' title='bbox 1800 2068 1915 2130; x_wconf 80' lang='grc' dir='ltr'>δέον</span> 
     </span>
    </p>
   </div>
   <div class='ocr_carea' id='block_1_21' title="bbox 262 2169 662 2227">
    <p class='ocr_par' dir='ltr' id='par_1_21' title="bbox 262 2169 662 2227">
     <span class='ocr_line' id='line_1_21' title="bbox 262 2169 662 2227; baseline -0.008 0"><span class='ocrx_word' id='word_1_136' title='bbox 262 2169 662 2227; x_wconf 73' lang='grc' dir='ltr'>ἀναλίσκεσθαι.</span> 
     </span>
    </p>
   </div>
   <div class='ocr_carea' id='block_1_22' title="bbox 348 2247 1909 2334">
    <p class='ocr_par' dir='ltr' id='par_1_22' title="bbox 348 2247 1909 2334">
     <span class='ocr_line' id='line_1_22' title="bbox 348 2247 1909 2334; baseline -0.006 -20"><span class='ocrx_word' id='word_1_137' title='bbox 348 2257 411 2315; x_wconf 85' lang='grc' dir='ltr'><strong>Ἠ</strong></span> <span class='ocrx_word' id='word_1_138' title='bbox 461 2257 545 2334; x_wconf 84' lang='grc' dir='ltr'><strong>λβ’</strong></span> <span class='ocrx_word' id='word_1_139' title='bbox 592 2255 732 2316; x_wconf 79' lang='grc' dir='ltr'>διάτ,</span> <span class='ocrx_word' id='word_1_140' title='bbox 794 2261 885 2312; x_wconf 78' lang='grc' dir='ltr'><strong>τοῦ</strong></span> <span class='ocrx_word' id='word_1_141' title='bbox 928 2254 982 2332; x_wconf 85' lang='grc' dir='ltr'>γ’</span> <span class='ocrx_word' id='word_1_142' title='bbox 1027 2253 1135 2314; x_wconf 88' lang='grc' dir='ltr'>τίτ,</span> <span class='ocrx_word' id='word_1_143' title='bbox 1194 2251 1288 2307; x_wconf 71' lang='grc' dir='ltr'><strong>τοῦ</strong></span> <span class='ocrx_word' id='word_1_144' title='bbox 1348 2251 1400 2306; x_wconf 86' lang='grc' dir='ltr'>α’</span> <span class='ocrx_word' id='word_1_145' title='bbox 1444 2247 1591 2326; x_wconf 77' lang='grc' dir='ltr'>βιϐλ.</span> <span class='ocrx_word' id='word_1_146' title='bbox 1655 2255 1747 2306; x_wconf 79' lang='grc' dir='ltr'>τοῦ</span> <span class='ocrx_word' id='word_1_147' title='bbox 1777 2249 1909 2313; x_wconf 86' lang='grc' dir='ltr'>κώδ,</span> 
     </span>
    </p>
   </div>
   <div class='ocr_carea' id='block_1_23' title="bbox 255 2337 1910 2426">
    <p class='ocr_par' dir='ltr' id='par_1_23' title="bbox 255 2337 1910 2426">
     <span class='ocr_line' id='line_1_23' title="bbox 255 2337 1910 2426; baseline -0.007 -21"><span class='ocrx_word' id='word_1_148' title='bbox 255 2348 407 2426; x_wconf 77' lang='grc' dir='ltr'>λέγει</span> <span class='ocrx_word' id='word_1_149' title='bbox 451 2349 544 2404; x_wconf 83' lang='grc' dir='ltr'>τὸν</span> <span class='ocrx_word' id='word_1_150' title='bbox 577 2344 862 2420; x_wconf 62' lang='grc' dir='ltr'>οἰκονόμον</span> <span class='ocrx_word' id='word_1_151' title='bbox 907 2343 1108 2422; x_wconf 72' lang='grc' dir='ltr'>χρῆναι</span> <span class='ocrx_word' id='word_1_152' title='bbox 1153 2341 1298 2418; x_wconf 79' lang='grc' dir='ltr'>παρὰ</span> <span class='ocrx_word' id='word_1_153' title='bbox 1339 2347 1431 2396; x_wconf 85' lang='grc' dir='ltr'>τοῦ</span> <span class='ocrx_word' id='word_1_154' title='bbox 1479 2337 1776 2396; x_wconf 80' lang='grc' dir='ltr'>ἐπισκόπου</span> <span class='ocrx_word' id='word_1_155' title='bbox 1820 2341 1910 2416; x_wconf 88' lang='grc' dir='ltr'>γί-</span> 
     </span>
    </p>
   </div>
   <div class='ocr_carea' id='block_1_24' title="bbox 257 2428 1909 2509">
    <p class='ocr_par' dir='ltr' id='par_1_24' title="bbox 257 2428 1909 2509">
     <span class='ocr_line' id='line_1_24' title="bbox 257 2428 1909 2509; baseline -0.005 -14"><span class='ocrx_word' id='word_1_156' title='bbox 257 2443 440 2495; x_wconf 86' lang='grc' dir='ltr'>νεσθαι</span> <span class='ocrx_word' id='word_1_157' title='bbox 475 2455 490 2470; x_wconf 88' lang='grc'>⁶</span> <span class='ocrx_word' id='word_1_158' title='bbox 527 2439 614 2492; x_wconf 85' lang='grc' dir='ltr'><strong>καὶ</strong></span> <span class='ocrx_word' id='word_1_159' title='bbox 649 2439 680 2504; x_wconf 76' lang='grc' dir='ltr'>ἦ</span> <span class='ocrx_word' id='word_1_160' title='bbox 713 2433 809 2509; x_wconf 88' lang='grc' dir='ltr'><strong>μα’</strong></span> <span class='ocrx_word' id='word_1_161' title='bbox 841 2432 981 2494; x_wconf 74' lang='grc' dir='ltr'>διάτ.</span> <span class='ocrx_word' id='word_1_162' title='bbox 1015 2439 1108 2489; x_wconf 77' lang='grc' dir='ltr'>τοῦ</span> <span class='ocrx_word' id='word_1_163' title='bbox 1139 2435 1300 2488; x_wconf 71' lang='grc' dir='ltr'>αὑτοῦ</span> <span class='ocrx_word' id='word_1_164' title='bbox 1324 2430 1428 2492; x_wconf 89' lang='grc' dir='ltr'>τίτ,</span> <span class='ocrx_word' id='word_1_165' title='bbox 1475 2428 1556 2486; x_wconf 81' lang='grc' dir='ltr'><strong>ὅτι</strong></span> <span class='ocrx_word' id='word_1_166' title='bbox 1587 2429 1723 2485; x_wconf 84' lang='grc' dir='ltr'>κατᾶ</span> <span class='ocrx_word' id='word_1_167' title='bbox 1755 2429 1909 2486; x_wconf 83' lang='grc' dir='ltr'>δοκι-</span> 
     </span>
    </p>
   </div>
   <div class='ocr_carea' id='block_1_25' title="bbox 254 2517 1905 2604">
    <p class='ocr_par' dir='ltr' id='par_1_25' title="bbox 254 2517 1905 2604">
     <span class='ocr_line' id='line_1_25' title="bbox 254 2517 1905 2604; baseline -0.005 -21"><span class='ocrx_word' id='word_1_168' title='bbox 254 2529 460 2603; x_wconf 86' lang='grc' dir='ltr'>μασίαν</span> <span class='ocrx_word' id='word_1_169' title='bbox 494 2526 696 2604; x_wconf 79' lang='grc' dir='ltr'>γίνεται</span> <span class='ocrx_word' id='word_1_170' title='bbox 736 2542 749 2555; x_wconf 90' lang='lat'><strong>&#39;</strong></span> <span class='ocrx_word' id='word_1_171' title='bbox 781 2527 815 2592; x_wconf 80' lang='grc' dir='ltr'>ἡ</span> <span class='ocrx_word' id='word_1_172' title='bbox 853 2521 906 2578; x_wconf 76' lang='grc' dir='ltr'>δὲ</span> <span class='ocrx_word' id='word_1_173' title='bbox 938 2521 1018 2578; x_wconf 83' lang='grc' dir='ltr'><strong>κδ’</strong></span> <span class='ocrx_word' id='word_1_174' title='bbox 1053 2527 1144 2576; x_wconf 81' lang='grc' dir='ltr'>τοῦ</span> <span class='ocrx_word' id='word_1_175' title='bbox 1175 2517 1225 2596; x_wconf 86' lang='grc' dir='ltr'><strong>β’</strong></span> <span class='ocrx_word' id='word_1_176' title='bbox 1258 2521 1363 2582; x_wconf 84' lang='grc' dir='ltr'>τίτ,</span> <span class='ocrx_word' id='word_1_177' title='bbox 1390 2519 1472 2574; x_wconf 77' lang='grc' dir='ltr'><strong>ὅτι</strong></span> <span class='ocrx_word' id='word_1_178' title='bbox 1504 2517 1587 2575; x_wconf 75' lang='grc' dir='ltr'><strong>δεῖ</strong></span> <span class='ocrx_word' id='word_1_179' title='bbox 1615 2520 1737 2583; x_wconf 82' lang='grc' dir='ltr'>τοὺς</span> <span class='ocrx_word' id='word_1_180' title='bbox 1769 2521 1905 2575; x_wconf 83' lang='grc' dir='ltr'>οἰκο-</span> 
     </span>
    </p>
   </div>
   <div class='ocr_carea' id='block_1_26' title="bbox 253 2607 1906 2690">
    <p class='ocr_par' dir='ltr' id='par_1_26' title="bbox 253 2607 1906 2690">
     <span class='ocr_line' id='line_1_26' title="bbox 253 2607 1906 2690; baseline -0.005 -18"><span class='ocrx_word' id='word_1_181' title='bbox 253 2619 454 2690; x_wconf 80' lang='grc' dir='ltr'>νόμους</span> <span class='ocrx_word' id='word_1_182' title='bbox 497 2617 636 2672; x_wconf 76' lang='grc' dir='ltr'>κατὰ</span> <span class='ocrx_word' id='word_1_183' title='bbox 689 2617 835 2689; x_wconf 75' lang='grc' dir='ltr'>μῆνα</span> <span class='ocrx_word' id='word_1_184' title='bbox 881 2613 910 2680; x_wconf 65' lang='grc' dir='ltr'>ἢ</span> <span class='ocrx_word' id='word_1_185' title='bbox 955 2613 1016 2667; x_wconf 81' lang='grc' dir='ltr'>τὸ</span> <span class='ocrx_word' id='word_1_186' title='bbox 1061 2611 1326 2680; x_wconf 77' lang='grc' dir='ltr'>μήκιστον</span> <span class='ocrx_word' id='word_1_187' title='bbox 1384 2609 1515 2685; x_wconf 73' lang='grc' dir='ltr'>ὑπὲρ</span> <span class='ocrx_word' id='word_1_188' title='bbox 1568 2607 1678 2682; x_wconf 85' lang='grc' dir='ltr'>δύο,</span> <span class='ocrx_word' id='word_1_189' title='bbox 1739 2607 1906 2686; x_wconf 87' lang='grc' dir='ltr'>λογο-</span> 
     </span>
    </p>
   </div>
   <div class='ocr_carea' id='block_1_27' title="bbox 253 2697 1905 2782">
    <p class='ocr_par' dir='ltr' id='par_1_27' title="bbox 253 2697 1905 2782">
     <span class='ocr_line' id='line_1_27' title="bbox 253 2697 1905 2782; baseline -0.006 -18"><span class='ocrx_word' id='word_1_190' title='bbox 253 2720 440 2764; x_wconf 75' lang='grc' dir='ltr'>ποιεῖν</span> <span class='ocrx_word' id='word_1_191' title='bbox 482 2707 615 2782; x_wconf 73' lang='grc' dir='ltr'>πρὸς</span> <span class='ocrx_word' id='word_1_192' title='bbox 659 2705 781 2766; x_wconf 80' lang='grc' dir='ltr'>τοὺς</span> <span class='ocrx_word' id='word_1_193' title='bbox 840 2702 1147 2779; x_wconf 81' lang='grc' dir='ltr'>ἀρκαρίους,</span> <span class='ocrx_word' id='word_1_194' title='bbox 1210 2699 1324 2755; x_wconf 80' lang='grc' dir='ltr'>ἐπεὶ</span> <span class='ocrx_word' id='word_1_195' title='bbox 1382 2697 1762 2771; x_wconf 83' lang='grc' dir='ltr'>κινδυνεύουσι,</span> <span class='ocrx_word' id='word_1_196' title='bbox 1815 2701 1905 2754; x_wconf 87' lang='grc' dir='ltr'>καὶ</span> 
     </span>
    </p>
   </div>
   <div class='ocr_carea' id='block_1_28' title="bbox 249 2786 1903 2868">
    <p class='ocr_par' dir='ltr' id='par_1_28' title="bbox 249 2786 1903 2868">
     <span class='ocr_line' id='line_1_28' title="bbox 249 2786 1903 2868; baseline -0.007 -15"><span class='ocrx_word' id='word_1_197' title='bbox 249 2796 338 2853; x_wconf 81' lang='grc' dir='ltr'><strong>ὅτι</strong></span> <span class='ocrx_word' id='word_1_198' title='bbox 377 2796 604 2858; x_wconf 68' lang='grc' dir='ltr'>ἕκαστος</span> <span class='ocrx_word' id='word_1_199' title='bbox 663 2794 758 2868; x_wconf 75' lang='grc' dir='ltr'>μὲν</span> <span class='ocrx_word' id='word_1_200' title='bbox 816 2793 1100 2865; x_wconf 73' lang='grc' dir='ltr'>οἰκοδόμος</span> <span class='ocrx_word' id='word_1_201' title='bbox 1144 2797 1303 2861; x_wconf 79' lang='grc' dir='ltr'>ζητεῖ</span> <span class='ocrx_word' id='word_1_202' title='bbox 1363 2789 1428 2844; x_wconf 80' lang='grc' dir='ltr'><strong>τὰ</strong></span> <span class='ocrx_word' id='word_1_203' title='bbox 1471 2788 1567 2854; x_wconf 75' lang='grc' dir='ltr'><strong>τῆς</strong></span> <span class='ocrx_word' id='word_1_204' title='bbox 1597 2786 1685 2866; x_wconf 73' lang='grc' dir='ltr'><strong>ὑφ’</strong></span> <span class='ocrx_word' id='word_1_205' title='bbox 1716 2788 1903 2844; x_wconf 76' lang='grc' dir='ltr'>ἑαυτὸν</span> 
     </span>
    </p>
   </div>
   <div class='ocr_carea' id='block_1_29' title="bbox 249 2875 1931 2958">
    <p class='ocr_par' dir='ltr' id='par_1_29' title="bbox 249 2875 1931 2958">
     <span class='ocr_line' id='line_1_29' title="bbox 249 2875 1931 2958; baseline -0.005 -17"><span class='ocrx_word' id='word_1_206' title='bbox 249 2885 600 2958; x_wconf 70' lang='grc' dir='ltr'>διοικήσεως,</span> <span class='ocrx_word' id='word_1_207' title='bbox 663 2886 710 2939; x_wconf 80' lang='grc' dir='ltr'>οἱ</span> <span class='ocrx_word' id='word_1_208' title='bbox 768 2881 822 2937; x_wconf 73' lang='grc' dir='ltr'>δὲ</span> <span class='ocrx_word' id='word_1_209' title='bbox 880 2880 1062 2936; x_wconf 86' lang='grc' dir='ltr'>λοιποὶ</span> <span class='ocrx_word' id='word_1_210' title='bbox 1141 2879 1279 2934; x_wconf 83' lang='grc' dir='ltr'>κατᾶ</span> <span class='ocrx_word' id='word_1_211' title='bbox 1335 2875 1620 2951; x_wconf 75' lang='grc' dir='ltr'>πρόσταξιν</span> <span class='ocrx_word' id='word_1_212' title='bbox 1664 2877 1931 2957; x_wconf 51' lang='grc' dir='ltr'>ἄγραφον,</span> 
     </span>
    </p>
   </div>
   <div class='ocr_carea' id='block_1_30' title="bbox 246 2966 1902 3052">
    <p class='ocr_par' dir='ltr' id='par_1_30' title="bbox 246 2966 1902 3052">
     <span class='ocr_line' id='line_1_30' title="bbox 246 2966 1902 3052; baseline -0.012 -20"><span class='ocrx_word' id='word_1_213' title='bbox 246 2977 351 3032; x_wconf 78' lang='grc' dir='ltr'>τοῦ</span> <span class='ocrx_word' id='word_1_214' title='bbox 394 2975 736 3052; x_wconf 77' lang='grc' dir='ltr'>πατριάρχου</span> <span class='ocrx_word' id='word_1_215' title='bbox 784 2984 903 3032; x_wconf 81' lang='grc' dir='ltr'>τοϊς</span> <span class='ocrx_word' id='word_1_216' title='bbox 951 2968 1241 3047; x_wconf 81' lang='grc' dir='ltr'>λογισμοῖς</span> <span class='ocrx_word' id='word_1_217' title='bbox 1283 2967 1675 3045; x_wconf 70' lang='grc' dir='ltr'>ὑπογράφουσι,</span> <span class='ocrx_word' id='word_1_218' title='bbox 1711 2968 1770 3023; x_wconf 80' lang='grc' dir='ltr'>τὸ</span> <span class='ocrx_word' id='word_1_219' title='bbox 1801 2966 1902 3021; x_wconf 75' lang='grc' dir='ltr'><strong>ἀν-</strong></span> 
     </span>
    </p>
   </div>
   <div class='ocr_carea' id='block_1_31' title="bbox 247 3057 1902 3140">
    <p class='ocr_par' dir='ltr' id='par_1_31' title="bbox 247 3057 1902 3140">
     <span class='ocr_line' id='line_1_31' title="bbox 247 3057 1902 3140; baseline -0.005 -20"><span class='ocrx_word' id='word_1_220' title='bbox 247 3064 426 3140; x_wconf 84' lang='grc' dir='ltr'>ἑγνων</span> <span class='ocrx_word' id='word_1_221' title='bbox 470 3081 482 3093; x_wconf 87' lang='grc'><em>’</em></span> <span class='ocrx_word' id='word_1_222' title='bbox 549 3065 638 3118; x_wconf 82' lang='grc' dir='ltr'>καὶ</span> <span class='ocrx_word' id='word_1_223' title='bbox 697 3063 758 3117; x_wconf 83' lang='grc' dir='ltr'>τὸ</span> <span class='ocrx_word' id='word_1_224' title='bbox 803 3058 981 3137; x_wconf 71' lang='grc' dir='ltr'>χωρὶς</span> <span class='ocrx_word' id='word_1_225' title='bbox 1025 3060 1126 3123; x_wconf 78' lang='grc' dir='ltr'>τῆς</span> <span class='ocrx_word' id='word_1_226' title='bbox 1169 3057 1423 3121; x_wconf 75' lang='grc' dir='ltr'>τοιαύτης</span> <span class='ocrx_word' id='word_1_227' title='bbox 1471 3057 1902 3133; x_wconf 69' lang='grc' dir='ltr'>παρατηρήσεως</span> 
     </span>
    </p>
   </div>
   <div class='ocr_carea' id='block_1_32' title="bbox 1091 313 1949 382">
    <p class='ocr_par' dir='ltr' id='par_1_32' title="bbox 1091 313 1949 382">
     <span class='ocr_line' id='line_1_32' title="bbox 1091 313 1949 382; baseline -0.005 -2"><span class='ocrx_word' id='word_1_228' title='bbox 1091 317 1506 382; x_wconf 76' lang='lat' dir='ltr'><strong>SYNTAGMA</strong></span> <span class='ocrx_word' id='word_1_229' title='bbox 1550 313 1949 380; x_wconf 85' lang='lat' dir='ltr'><strong>CANONUM.</strong></span> 
     </span>
    </p>
   </div>
   <div class='ocr_carea' id='block_1_33' title="bbox 2006 309 3658 392">
    <p class='ocr_par' dir='ltr' id='par_1_33' title="bbox 2006 309 3658 392">
     <span class='ocr_line' id='line_1_33' title="bbox 2006 309 3658 392; baseline -0.001 -15"><span class='ocrx_word' id='word_1_230' title='bbox 2006 348 2075 358; x_wconf 90' lang='grc'><strong>-</strong></span> <span class='ocrx_word' id='word_1_231' title='bbox 2127 313 2279 377; x_wconf 86' lang='lat' dir='ltr'><strong>TIT.</strong></span> <span class='ocrx_word' id='word_1_232' title='bbox 2340 315 2417 392; x_wconf 77' lang='grc' dir='ltr'><strong>Χ,</strong></span> <span class='ocrx_word' id='word_1_233' title='bbox 2463 313 2628 377; x_wconf 86' lang='lat' dir='ltr'><strong>CAP.</strong></span> <span class='ocrx_word' id='word_1_234' title='bbox 2675 313 2726 392; x_wconf 81' lang='grc' dir='ltr'>Ι,</span> <span class='ocrx_word' id='word_1_235' title='bbox 2761 312 2841 375; x_wconf 86' lang='lat' dir='ltr'><strong>II.</strong></span> <span class='ocrx_word' id='word_1_236' title='bbox 3539 309 3658 376; x_wconf 84' lang='lat'><strong>818</strong></span> 
     </span>
    </p>
   </div>
   <div class='ocr_carea' id='block_1_34' title="bbox 2348 454 3313 520">
    <p class='ocr_par' dir='ltr' id='par_1_34' title="bbox 2348 454 3313 520">
     <span class='ocr_line' id='line_1_34' title="bbox 2348 454 3313 520; baseline -0.003 0"><span class='ocrx_word' id='word_1_237' title='bbox 2348 454 2619 520; x_wconf 80' lang='lat' dir='ltr'><strong>Concilit</strong></span> <span class='ocrx_word' id='word_1_238' title='bbox 2644 454 2886 519; x_wconf 73' lang='grc' dir='ltr'>Νἰσωηὶ</span> <span class='ocrx_word' id='word_1_239' title='bbox 2913 471 2953 518; x_wconf 88' lang='lat' dir='ltr'><strong>lI</strong></span> <span class='ocrx_word' id='word_1_240' title='bbox 2985 471 3187 518; x_wconf 78' lang='lat' dir='ltr'><strong>canon</strong></span> <span class='ocrx_word' id='word_1_241' title='bbox 3215 455 3313 518; x_wconf 79' lang='grc' dir='ltr'><strong>Η.</strong></span> 
     </span>
    </p>
   </div>
   <div class='ocr_carea' id='block_1_35' title="bbox 2085 546 3656 626">
    <p class='ocr_par' dir='ltr' id='par_1_35' title="bbox 2085 546 3656 626">
     <span class='ocr_line' id='line_1_35' title="bbox 2085 546 3656 626; baseline -0.001 -16"><span class='ocrx_word' id='word_1_242' title='bbox 2085 546 2332 626; x_wconf 84' lang='lat' dir='ltr'><strong>Oportet</strong></span> <span class='ocrx_word' id='word_1_243' title='bbox 2361 563 2700 609; x_wconf 79' lang='lat' dir='ltr'><strong>ceconomos</strong></span> <span class='ocrx_word' id='word_1_244' title='bbox 2731 564 2858 609; x_wconf 82' lang='lat' dir='ltr'><strong>esse</strong></span> <span class='ocrx_word' id='word_1_245' title='bbox 2885 546 2953 609; x_wconf 77' lang='lat' dir='ltr'><strong>in</strong></span> <span class='ocrx_word' id='word_1_246' title='bbox 2982 547 3309 624; x_wconf 83' lang='lat' dir='ltr'><strong>episeopiis</strong></span> <span class='ocrx_word' id='word_1_247' title='bbox 3339 550 3398 609; x_wconf 77' lang='lat' dir='ltr'><strong>et</strong></span> <span class='ocrx_word' id='word_1_248' title='bbox 3425 547 3496 609; x_wconf 84' lang='lat' dir='ltr'><strong>in</strong></span> <span class='ocrx_word' id='word_1_249' title='bbox 3526 563 3656 610; x_wconf 85' lang='lat' dir='ltr'><strong>mo-</strong></span> 
     </span>
    </p>
   </div>
   <div class='ocr_carea' id='block_1_36' title="bbox 1999 639 2323 700">
    <p class='ocr_par' dir='ltr' id='par_1_36' title="bbox 1999 639 2323 700">
     <span class='ocr_line' id='line_1_36' title="bbox 1999 639 2323 700; baseline 0 0"><span class='ocrx_word' id='word_1_250' title='bbox 1999 639 2323 700; x_wconf 82' lang='lat' dir='ltr'><strong>nasteriis.</strong></span> 
     </span>
    </p>
   </div>
   <div class='ocr_carea' id='block_1_37' title="bbox 2083 725 3657 790">
    <p class='ocr_par' dir='ltr' id='par_1_37' title="bbox 2083 725 3657 790">
     <span class='ocr_line' id='line_1_37' title="bbox 2083 725 3657 790; baseline 0.001 -1"><span class='ocrx_word' id='word_1_251' title='bbox 2083 729 2178 790; x_wconf 87' lang='lat' dir='ltr'><strong>l‘l.</strong></span> <span class='ocrx_word' id='word_1_252' title='bbox 2213 730 2360 789; x_wconf 91' lang='lat' dir='ltr'><strong>Cum</strong></span> <span class='ocrx_word' id='word_1_253' title='bbox 2397 744 2607 788; x_wconf 91' lang='lat' dir='ltr'><strong>omnes</strong></span> <span class='ocrx_word' id='word_1_254' title='bbox 2636 725 2700 777; x_wconf 64' lang='grc' dir='ltr'><strong>τί</strong></span> <span class='ocrx_word' id='word_1_255' title='bbox 2730 725 2970 788; x_wconf 87' lang='lat' dir='ltr'><strong>divinos</strong></span> <span class='ocrx_word' id='word_1_256' title='bbox 3000 743 3267 788; x_wconf 84' lang='lat' dir='ltr'><strong>canones</strong></span> <span class='ocrx_word' id='word_1_257' title='bbox 3299 742 3544 789; x_wconf 88' lang='lat' dir='ltr'><strong>servare</strong></span> <span class='ocrx_word' id='word_1_258' title='bbox 3571 735 3657 790; x_wconf 88' lang='lat' dir='ltr'><strong>te-</strong></span> 
     </span>
    </p>
   </div>
   <div class='ocr_carea' id='block_1_38' title="bbox 2003 815 3655 899">
    <p class='ocr_par' dir='ltr' id='par_1_38' title="bbox 2003 815 3655 899">
     <span class='ocr_line' id='line_1_38' title="bbox 2003 815 3655 899; baseline 0 -20"><span class='ocrx_word' id='word_1_259' title='bbox 2003 836 2282 891; x_wconf 88' lang='lat' dir='ltr'><strong>neamur,</strong></span> <span class='ocrx_word' id='word_1_260' title='bbox 2319 835 2458 879; x_wconf 91' lang='lat' dir='ltr'><strong>eum</strong></span> <span class='ocrx_word' id='word_1_261' title='bbox 2503 835 2764 899; x_wconf 84' lang='lat' dir='ltr'><strong>quoque,</strong></span> <span class='ocrx_word' id='word_1_262' title='bbox 2812 815 3114 895; x_wconf 89' lang='lat' dir='ltr'><strong>quijubet</strong></span> <span class='ocrx_word' id='word_1_263' title='bbox 3142 834 3488 877; x_wconf 72' lang='lat' dir='ltr'><strong>oeconomos</strong></span> <span class='ocrx_word' id='word_1_264' title='bbox 3517 833 3655 879; x_wconf 90' lang='lat' dir='ltr'><strong>esse</strong></span> 
     </span>
    </p>
   </div>
   <div class='ocr_carea' id='block_1_39' title="bbox 2002 905 3654 986">
    <p class='ocr_par' dir='ltr' id='par_1_39' title="bbox 2002 905 3654 986">
     <span class='ocr_line' id='line_1_39' title="bbox 2002 905 3654 986; baseline 0.001 -18"><span class='ocrx_word' id='word_1_265' title='bbox 2002 907 2063 968; x_wconf 91' lang='lat' dir='ltr'><strong>in</strong></span> <span class='ocrx_word' id='word_1_266' title='bbox 2121 907 2373 986; x_wconf 85' lang='lat' dir='ltr'><strong>singulis</strong></span> <span class='ocrx_word' id='word_1_267' title='bbox 2433 906 2756 979; x_wconf 87' lang='lat' dir='ltr'><strong>Ecclesiis,</strong></span> <span class='ocrx_word' id='word_1_268' title='bbox 2820 905 3075 968; x_wconf 62' lang='lat' dir='ltr'><strong>illaesum</strong></span> <span class='ocrx_word' id='word_1_269' title='bbox 3135 906 3380 966; x_wconf 89' lang='lat' dir='ltr'><strong>omnino</strong></span> <span class='ocrx_word' id='word_1_270' title='bbox 3415 923 3654 969; x_wconf 89' lang='lat' dir='ltr'><strong>servare</strong></span> 
     </span>
    </p>
   </div>
   <div class='ocr_carea' id='block_1_40' title="bbox 2001 994 3649 1077">
    <p class='ocr_par' dir='ltr' id='par_1_40' title="bbox 2001 994 3649 1077">
     <span class='ocr_line' id='line_1_40' title="bbox 2001 994 3649 1077; baseline 0.001 -21"><span class='ocrx_word' id='word_1_271' title='bbox 2001 997 2318 1059; x_wconf 87' lang='lat' dir='ltr'><strong>debemus.</strong></span> <span class='ocrx_word' id='word_1_272' title='bbox 2356 998 2427 1059; x_wconf 90' lang='lat' dir='ltr'><strong>Et</strong></span> <span class='ocrx_word' id='word_1_273' title='bbox 2449 996 2500 1058; x_wconf 91' lang='lat' dir='ltr'><strong>si</strong></span> <span class='ocrx_word' id='word_1_274' title='bbox 2531 996 2774 1077; x_wconf 86' lang='lat' dir='ltr'><strong>quidem</strong></span> <span class='ocrx_word' id='word_1_275' title='bbox 2805 994 3220 1076; x_wconf 84' lang='lat' dir='ltr'><strong>unusquisque</strong></span> <span class='ocrx_word' id='word_1_276' title='bbox 3249 995 3391 1058; x_wconf 69' lang='lat'><strong>536</strong></span> <span class='ocrx_word' id='word_1_277' title='bbox 3420 1003 3649 1058; x_wconf 88' lang='lat' dir='ltr'><strong>metro-</strong></span> 
     </span>
    </p>
   </div>
   <div class='ocr_carea' id='block_1_41' title="bbox 1999 1085 3647 1160">
    <p class='ocr_par' dir='ltr' id='par_1_41' title="bbox 1999 1085 3647 1160">
     <span class='ocr_line' id='line_1_41' title="bbox 1999 1085 3647 1160; baseline 0.001 -13"><span class='ocrx_word' id='word_1_278' title='bbox 1999 1086 2223 1148; x_wconf 89' lang='lat' dir='ltr'><strong>litanus</strong></span> <span class='ocrx_word' id='word_1_279' title='bbox 2273 1087 2333 1147; x_wconf 91' lang='lat' dir='ltr'><strong>in</strong></span> <span class='ocrx_word' id='word_1_280' title='bbox 2387 1104 2495 1148; x_wconf 81' lang='lat' dir='ltr'><strong>sua</strong></span> <span class='ocrx_word' id='word_1_281' title='bbox 2552 1085 2821 1150; x_wconf 84' lang='lat' dir='ltr'><strong>Ecclesia</strong></span> <span class='ocrx_word' id='word_1_282' title='bbox 2867 1103 3246 1147; x_wconf 73' lang='lat' dir='ltr'><strong>mconomum</strong></span> <span class='ocrx_word' id='word_1_283' title='bbox 3310 1086 3647 1160; x_wconf 87' lang='lat' dir='ltr'><strong>constituit,</strong></span> 
     </span>
    </p>
   </div>
   <div class='ocr_carea' id='block_1_42' title="bbox 1999 1173 3650 1255">
    <p class='ocr_par' dir='ltr' id='par_1_42' title="bbox 1999 1173 3650 1255">
     <span class='ocr_line' id='line_1_42' title="bbox 1999 1173 3650 1255; baseline 0.001 -19"><span class='ocrx_word' id='word_1_284' title='bbox 1999 1175 2155 1236; x_wconf 87' lang='lat' dir='ltr'><strong>bene</strong></span> <span class='ocrx_word' id='word_1_285' title='bbox 2215 1175 2396 1237; x_wconf 87' lang='lat' dir='ltr'><strong>habet</strong></span> <span class='ocrx_word' id='word_1_286' title='bbox 2453 1193 2466 1238; x_wconf 87' lang='lat'><strong><em>:</em></strong></span> <span class='ocrx_word' id='word_1_287' title='bbox 2532 1175 2626 1236; x_wconf 89' lang='lat' dir='ltr'><strong>sin</strong></span> <span class='ocrx_word' id='word_1_288' title='bbox 2697 1179 2920 1249; x_wconf 90' lang='lat' dir='ltr'><strong>minus,</strong></span> <span class='ocrx_word' id='word_1_289' title='bbox 2985 1173 3650 1255; x_wconf 81' lang='lat' dir='ltr'><strong>ConstantinOpolitano</strong></span> 
     </span>
    </p>
   </div>
   <div class='ocr_carea' id='block_1_43' title="bbox 1998 1263 3648 1344">
    <p class='ocr_par' dir='ltr' id='par_1_43' title="bbox 1998 1263 3648 1344">
     <span class='ocr_line' id='line_1_43' title="bbox 1998 1263 3648 1344; baseline 0.001 -19"><span class='ocrx_word' id='word_1_290' title='bbox 1998 1265 2284 1344; x_wconf 88' lang='lat' dir='ltr'><strong>episcopo</strong></span> <span class='ocrx_word' id='word_1_291' title='bbox 2320 1265 2569 1343; x_wconf 87' lang='lat' dir='ltr'><strong>speciali</strong></span> <span class='ocrx_word' id='word_1_292' title='bbox 2628 1263 2988 1326; x_wconf 89' lang='lat' dir='ltr'><strong>auctoritate</strong></span> <span class='ocrx_word' id='word_1_293' title='bbox 3035 1263 3240 1325; x_wconf 90' lang='lat' dir='ltr'><strong>licebit</strong></span> <span class='ocrx_word' id='word_1_294' title='bbox 3271 1282 3648 1326; x_wconf 74' lang='lat' dir='ltr'><strong>(economum</strong></span> 
     </span>
    </p>
   </div>
   <div class='ocr_carea' id='block_1_44' title="bbox 1994 1351 3648 1434">
    <p class='ocr_par' dir='ltr' id='par_1_44' title="bbox 1994 1351 3648 1434">
     <span class='ocr_line' id='line_1_44' title="bbox 1994 1351 3648 1434; baseline 0.001 -20"><span class='ocrx_word' id='word_1_295' title='bbox 1994 1353 2056 1414; x_wconf 92' lang='lat' dir='ltr'><strong>in</strong></span> <span class='ocrx_word' id='word_1_296' title='bbox 2083 1355 2214 1432; x_wconf 86' lang='lat' dir='ltr'><strong>ejus</strong></span> <span class='ocrx_word' id='word_1_297' title='bbox 2249 1355 2516 1415; x_wconf 79' lang='lat' dir='ltr'><strong>Ecclesia</strong></span> <span class='ocrx_word' id='word_1_298' title='bbox 2554 1354 2884 1434; x_wconf 81' lang='lat' dir='ltr'><strong>praeﬁcere.</strong></span> <span class='ocrx_word' id='word_1_299' title='bbox 2919 1351 3214 1416; x_wconf 77' lang='lat' dir='ltr'><strong>Similiter</strong></span> <span class='ocrx_word' id='word_1_300' title='bbox 3242 1362 3302 1415; x_wconf 91' lang='lat' dir='ltr'><strong>et</strong></span> <span class='ocrx_word' id='word_1_301' title='bbox 3335 1361 3648 1434; x_wconf 88' lang='lat' dir='ltr'><strong>metropo-</strong></span> 
     </span>
    </p>
   </div>
   <div class='ocr_carea' id='block_1_45' title="bbox 1999 1441 3648 1524">
    <p class='ocr_par' dir='ltr' id='par_1_45' title="bbox 1999 1441 3648 1524">
     <span class='ocr_line' id='line_1_45' title="bbox 1999 1441 3648 1524; baseline 0.001 -21"><span class='ocrx_word' id='word_1_302' title='bbox 1999 1442 2220 1516; x_wconf 82' lang='lat' dir='ltr'><strong>litanis,</strong></span> <span class='ocrx_word' id='word_1_303' title='bbox 2247 1442 2298 1503; x_wconf 90' lang='lat' dir='ltr'><strong>si</strong></span> <span class='ocrx_word' id='word_1_304' title='bbox 2329 1443 2432 1524; x_wconf 91' lang='lat' dir='ltr'><strong>qui</strong></span> <span class='ocrx_word' id='word_1_305' title='bbox 2464 1445 2552 1504; x_wconf 84' lang='lat' dir='ltr'><strong>eis</strong></span> <span class='ocrx_word' id='word_1_306' title='bbox 2579 1443 2841 1504; x_wconf 90' lang='lat' dir='ltr'><strong>subsunt</strong></span> <span class='ocrx_word' id='word_1_307' title='bbox 2867 1441 3164 1522; x_wconf 88' lang='lat' dir='ltr'><strong>episcopi,</strong></span> <span class='ocrx_word' id='word_1_308' title='bbox 3212 1442 3406 1504; x_wconf 85' lang='lat' dir='ltr'><strong>nolint</strong></span> <span class='ocrx_word' id='word_1_309' title='bbox 3431 1443 3490 1503; x_wconf 90' lang='lat' dir='ltr'><strong>in</strong></span> <span class='ocrx_word' id='word_1_310' title='bbox 3525 1445 3648 1524; x_wconf 87' lang='lat' dir='ltr'><strong>suis</strong></span> 
     </span>
    </p>
   </div>
   <div class='ocr_carea' id='block_1_46' title="bbox 1997 1532 3646 1614">
    <p class='ocr_par' dir='ltr' id='par_1_46' title="bbox 1997 1532 3646 1614">
     <span class='ocr_line' id='line_1_46' title="bbox 1997 1532 3646 1614; baseline 0.001 -20"><span class='ocrx_word' id='word_1_311' title='bbox 1997 1532 2286 1595; x_wconf 80' lang='lat' dir='ltr'><strong>Ecclesiis</strong></span> <span class='ocrx_word' id='word_1_312' title='bbox 2318 1550 2670 1594; x_wconf 76' lang='lat' dir='ltr'><strong>mconomos</strong></span> <span class='ocrx_word' id='word_1_313' title='bbox 2712 1533 3102 1594; x_wconf 86' lang='lat' dir='ltr'><strong>constituere.</strong></span> <span class='ocrx_word' id='word_1_314' title='bbox 3139 1534 3264 1595; x_wconf 87' lang='lat' dir='ltr'><strong>Hoc</strong></span> <span class='ocrx_word' id='word_1_315' title='bbox 3301 1532 3500 1614; x_wconf 89' lang='lat' dir='ltr'><strong>ipsum</strong></span> <span class='ocrx_word' id='word_1_316' title='bbox 3534 1551 3646 1595; x_wconf 88' lang='lat' dir='ltr'><strong>au-</strong></span> 
     </span>
    </p>
   </div>
   <div class='ocr_carea' id='block_1_47' title="bbox 1999 1619 3121 1683">
    <p class='ocr_par' dir='ltr' id='par_1_47' title="bbox 1999 1619 3121 1683">
     <span class='ocr_line' id='line_1_47' title="bbox 1999 1619 3121 1683; baseline 0 -1"><span class='ocrx_word' id='word_1_317' title='bbox 1999 1629 2118 1683; x_wconf 92' lang='lat' dir='ltr'><strong>tem</strong></span> <span class='ocrx_word' id='word_1_318' title='bbox 2151 1622 2377 1683; x_wconf 88' lang='lat' dir='ltr'><strong>servari</strong></span> <span class='ocrx_word' id='word_1_319' title='bbox 2411 1621 2586 1683; x_wconf 89' lang='lat' dir='ltr'><strong>etiam</strong></span> <span class='ocrx_word' id='word_1_320' title='bbox 2621 1623 2681 1682; x_wconf 88' lang='lat' dir='ltr'><strong>in</strong></span> <span class='ocrx_word' id='word_1_321' title='bbox 2713 1619 3121 1683; x_wconf 85' lang='lat' dir='ltr'><strong>monasteriis.</strong></span> 
     </span>
    </p>
   </div>
   <div class='ocr_carea' id='block_1_48' title="bbox 2202 1799 3456 1882">
    <p class='ocr_par' dir='ltr' id='par_1_48' title="bbox 2202 1799 3456 1882">
     <span class='ocr_line' id='line_1_48' title="bbox 2202 1799 3456 1882; baseline -0.001 -20"><span class='ocrx_word' id='word_1_322' title='bbox 2202 1799 2521 1882; x_wconf 76' lang='lat' dir='ltr'><strong>Tthphili</strong></span> <span class='ocrx_word' id='word_1_323' title='bbox 2548 1817 2626 1862; x_wconf 75' lang='lat' dir='ltr'><strong>ex</strong></span> <span class='ocrx_word' id='word_1_324' title='bbox 2659 1801 3139 1862; x_wconf 81' lang='lat' dir='ltr'><strong>Commonitorio</strong></span> <span class='ocrx_word' id='word_1_325' title='bbox 3168 1816 3369 1862; x_wconf 82' lang='lat' dir='ltr'><strong>canon</strong></span> <span class='ocrx_word' id='word_1_326' title='bbox 3394 1799 3456 1862; x_wconf 88' lang='lat'><strong>9.</strong></span> 
     </span>
    </p>
   </div>
   <div class='ocr_carea' id='block_1_49' title="bbox 2081 1889 3649 1954">
    <p class='ocr_par' dir='ltr' id='par_1_49' title="bbox 2081 1889 3649 1954">
     <span class='ocr_line' id='line_1_49' title="bbox 2081 1889 3649 1954; baseline 0.001 -2"><span class='ocrx_word' id='word_1_327' title='bbox 2081 1889 2141 1954; x_wconf 86' lang='lat'><strong>9.</strong></span> <span class='ocrx_word' id='word_1_328' title='bbox 2173 1889 2249 1952; x_wconf 93' lang='lat' dir='ltr'><strong>Ut</strong></span> <span class='ocrx_word' id='word_1_329' title='bbox 2279 1891 2460 1952; x_wconf 87' lang='lat' dir='ltr'><strong>totius</strong></span> <span class='ocrx_word' id='word_1_330' title='bbox 2483 1889 2876 1952; x_wconf 89' lang='lat' dir='ltr'><strong>sacerdotalis</strong></span> <span class='ocrx_word' id='word_1_331' title='bbox 2900 1889 3130 1952; x_wconf 88' lang='lat' dir='ltr'><strong>ordinis</strong></span> <span class='ocrx_word' id='word_1_332' title='bbox 3163 1891 3468 1953; x_wconf 85' lang='lat' dir='ltr'><strong>sententia</strong></span> <span class='ocrx_word' id='word_1_333' title='bbox 3497 1891 3649 1954; x_wconf 88' lang='lat' dir='ltr'><strong>alius</strong></span> 
     </span>
    </p>
   </div>
   <div class='ocr_carea' id='block_1_50' title="bbox 1997 1978 3649 2062">
    <p class='ocr_par' dir='ltr' id='par_1_50' title="bbox 1997 1978 3649 2062">
     <span class='ocr_line' id='line_1_50' title="bbox 1997 1978 3649 2062; baseline 0.001 -21"><span class='ocrx_word' id='word_1_334' title='bbox 1997 1983 2381 2042; x_wconf 88' lang='lat' dir='ltr'><strong>renuntietur</strong></span> <span class='ocrx_word' id='word_1_335' title='bbox 2431 1998 2802 2055; x_wconf 71' lang='lat' dir='ltr'><strong>meonomus,</strong></span> <span class='ocrx_word' id='word_1_336' title='bbox 2839 1980 2900 2040; x_wconf 89' lang='lat' dir='ltr'><strong>in</strong></span> <span class='ocrx_word' id='word_1_337' title='bbox 2959 1999 3075 2060; x_wconf 94' lang='lat' dir='ltr'><strong>quo</strong></span> <span class='ocrx_word' id='word_1_338' title='bbox 3126 1978 3350 2059; x_wconf 89' lang='lat' dir='ltr'><strong>Apollo</strong></span> <span class='ocrx_word' id='word_1_339' title='bbox 3407 1999 3649 2062; x_wconf 87' lang='lat' dir='ltr'><strong>quoque</strong></span> 
     </span>
    </p>
   </div>
   <div class='ocr_carea' id='block_1_51' title="bbox 1998 2068 3645 2152">
    <p class='ocr_par' dir='ltr' id='par_1_51' title="bbox 1998 2068 3645 2152">
     <span class='ocr_line' id='line_1_51' title="bbox 1998 2068 3645 2152; baseline 0 -20"><span class='ocrx_word' id='word_1_340' title='bbox 1998 2075 2318 2150; x_wconf 88' lang='lat' dir='ltr'><strong>episcopus</strong></span> <span class='ocrx_word' id='word_1_341' title='bbox 2348 2069 2678 2144; x_wconf 85' lang='lat' dir='ltr'><strong>consensil,</strong></span> <span class='ocrx_word' id='word_1_342' title='bbox 2713 2078 2776 2130; x_wconf 92' lang='lat' dir='ltr'><strong>ut</strong></span> <span class='ocrx_word' id='word_1_343' title='bbox 2817 2069 2974 2130; x_wconf 89' lang='lat' dir='ltr'><strong>bona</strong></span> <span class='ocrx_word' id='word_1_344' title='bbox 3002 2068 3290 2132; x_wconf 66' lang='lat' dir='ltr'><strong>Ecclesiae</strong></span> <span class='ocrx_word' id='word_1_345' title='bbox 3319 2070 3381 2130; x_wconf 91' lang='lat' dir='ltr'><strong>in</strong></span> <span class='ocrx_word' id='word_1_346' title='bbox 3413 2088 3485 2132; x_wconf 86' lang='lat' dir='ltr'><strong>ea</strong></span> <span class='ocrx_word' id='word_1_347' title='bbox 3513 2088 3645 2152; x_wconf 57' lang='lat' dir='ltr'><strong>quas</strong></span> 
     </span>
    </p>
   </div>
   <div class='ocr_carea' id='block_1_52' title="bbox 1997 2159 2720 2240">
    <p class='ocr_par' dir='ltr' id='par_1_52' title="bbox 1997 2159 2720 2240">
     <span class='ocr_line' id='line_1_52' title="bbox 1997 2159 2720 2240; baseline 0.001 -19"><span class='ocrx_word' id='word_1_348' title='bbox 1997 2167 2238 2240; x_wconf 90' lang='lat' dir='ltr'><strong>oportet</strong></span> <span class='ocrx_word' id='word_1_349' title='bbox 2267 2159 2720 2238; x_wconf 88' lang='lat' dir='ltr'><strong>impendantur.</strong></span> 
     </span>
    </p>
   </div>
   <div class='ocr_carea' id='block_1_53' title="bbox 2082 2247 3642 2323">
    <p class='ocr_par' dir='ltr' id='par_1_53' title="bbox 2082 2247 3642 2323">
     <span class='ocr_line' id='line_1_53' title="bbox 2082 2247 3642 2323; baseline 0.001 -15"><span class='ocrx_word' id='word_1_350' title='bbox 2082 2247 2648 2323; x_wconf 73' lang='lat' dir='ltr'><strong>Iextus.Const.32,</strong></span> <span class='ocrx_word' id='word_1_351' title='bbox 2691 2249 2776 2309; x_wconf 90' lang='lat' dir='ltr'><strong>tit.</strong></span> <span class='ocrx_word' id='word_1_352' title='bbox 2804 2249 2863 2322; x_wconf 90' lang='lat'><strong>3,</strong></span> <span class='ocrx_word' id='word_1_353' title='bbox 2887 2247 2992 2309; x_wconf 91' lang='lat' dir='ltr'><strong>lib.</strong></span> <span class='ocrx_word' id='word_1_354' title='bbox 3017 2265 3062 2322; x_wconf 87' lang='grc' dir='ltr'><strong>ι,</strong></span> <span class='ocrx_word' id='word_1_355' title='bbox 3094 2247 3230 2309; x_wconf 90' lang='lat' dir='ltr'><strong>cod.</strong></span> <span class='ocrx_word' id='word_1_356' title='bbox 3259 2265 3642 2310; x_wconf 71' lang='lat' dir='ltr'><strong>meonomum</strong></span> 
     </span>
    </p>
   </div>
   <div class='ocr_carea' id='block_1_54' title="bbox 1993 2336 3642 2419">
    <p class='ocr_par' dir='ltr' id='par_1_54' title="bbox 1993 2336 3642 2419">
     <span class='ocr_line' id='line_1_54' title="bbox 1993 2336 3642 2419; baseline 0.001 -20"><span class='ocrx_word' id='word_1_357' title='bbox 1993 2336 2066 2400; x_wconf 83' lang='lat' dir='ltr'><strong>ab</strong></span> <span class='ocrx_word' id='word_1_358' title='bbox 2098 2338 2383 2418; x_wconf 89' lang='lat' dir='ltr'><strong>episcopo</strong></span> <span class='ocrx_word' id='word_1_359' title='bbox 2417 2336 2548 2398; x_wconf 82' lang='lat' dir='ltr'><strong>ﬁeri</strong></span> <span class='ocrx_word' id='word_1_360' title='bbox 2570 2345 2856 2416; x_wconf 89' lang='lat' dir='ltr'><strong>oportere</strong></span> <span class='ocrx_word' id='word_1_361' title='bbox 2880 2336 3050 2400; x_wconf 91' lang='lat' dir='ltr'><strong>dicit.</strong></span> <span class='ocrx_word' id='word_1_362' title='bbox 3075 2336 3149 2398; x_wconf 84' lang='lat' dir='ltr'><strong>Et</strong></span> <span class='ocrx_word' id='word_1_363' title='bbox 3173 2339 3443 2400; x_wconf 81' lang='lat' dir='ltr'><strong>const.4l</strong></span> <span class='ocrx_word' id='word_1_364' title='bbox 3472 2341 3642 2419; x_wconf 89' lang='lat' dir='ltr'><strong>ejus-</strong></span> 
     </span>
    </p>
   </div>
   <div class='ocr_carea' id='block_1_55' title="bbox 1993 2427 3637 2506">
    <p class='ocr_par' dir='ltr' id='par_1_55' title="bbox 1993 2427 3637 2506">
     <span class='ocr_line' id='line_1_55' title="bbox 1993 2427 3637 2506; baseline 0.001 -17"><span class='ocrx_word' id='word_1_365' title='bbox 1993 2427 2130 2489; x_wconf 89' lang='lat' dir='ltr'><strong>dem</strong></span> <span class='ocrx_word' id='word_1_366' title='bbox 2189 2432 2278 2489; x_wconf 90' lang='lat' dir='ltr'><strong>tit.</strong></span> <span class='ocrx_word' id='word_1_367' title='bbox 2344 2445 2452 2505; x_wconf 91' lang='lat' dir='ltr'><strong>per</strong></span> <span class='ocrx_word' id='word_1_368' title='bbox 2511 2427 2986 2506; x_wconf 82' lang='lat' dir='ltr'><strong>explorationem</strong></span> <span class='ocrx_word' id='word_1_369' title='bbox 3042 2427 3201 2490; x_wconf 84' lang='lat' dir='ltr'><strong>ﬁeri.</strong></span> <span class='ocrx_word' id='word_1_370' title='bbox 3263 2429 3472 2490; x_wconf 88' lang='lat' dir='ltr'><strong>Const.</strong></span> <span class='ocrx_word' id='word_1_371' title='bbox 3534 2431 3637 2505; x_wconf 74' lang='grc'><strong>24,</strong></span> 
     </span>
    </p>
   </div>
   <div class='ocr_carea' id='block_1_56' title="bbox 1990 2516 3642 2596">
    <p class='ocr_par' dir='ltr' id='par_1_56' title="bbox 1990 2516 3642 2596">
     <span class='ocr_line' id='line_1_56' title="bbox 1990 2516 3642 2596; baseline 0.001 -17"><span class='ocrx_word' id='word_1_372' title='bbox 1990 2517 2082 2580; x_wconf 91' lang='lat' dir='ltr'><strong>tit.</strong></span> <span class='ocrx_word' id='word_1_373' title='bbox 2108 2516 2358 2596; x_wconf 79' lang='lat' dir='ltr'><strong>2,_quod</strong></span> <span class='ocrx_word' id='word_1_374' title='bbox 2393 2523 2665 2595; x_wconf 88' lang='lat' dir='ltr'><strong>oporteat</strong></span> <span class='ocrx_word' id='word_1_375' title='bbox 2694 2534 3052 2578; x_wconf 72' lang='lat' dir='ltr'><strong>oeconomus</strong></span> <span class='ocrx_word' id='word_1_376' title='bbox 3084 2517 3460 2595; x_wconf 89' lang='lat' dir='ltr'><strong>singulis,vel</strong></span> <span class='ocrx_word' id='word_1_377' title='bbox 3485 2537 3642 2581; x_wconf 92' lang='lat' dir='ltr'><strong>sum-</strong></span> 
     </span>
    </p>
   </div>
   <div class='ocr_carea' id='block_1_57' title="bbox 1991 2605 3640 2685">
    <p class='ocr_par' dir='ltr' id='par_1_57' title="bbox 1991 2605 3640 2685">
     <span class='ocr_line' id='line_1_57' title="bbox 1991 2605 3640 2685; baseline 0.002 -18"><span class='ocrx_word' id='word_1_378' title='bbox 1991 2625 2151 2667; x_wconf 92' lang='lat' dir='ltr'><strong>mum</strong></span> <span class='ocrx_word' id='word_1_379' title='bbox 2211 2606 2458 2667; x_wconf 84' lang='lat' dir='ltr'><strong>alternis</strong></span> <span class='ocrx_word' id='word_1_380' title='bbox 2510 2605 2821 2666; x_wconf 82' lang='lat' dir='ltr'><strong>mensibus</strong></span> <span class='ocrx_word' id='word_1_381' title='bbox 2871 2606 3028 2685; x_wconf 88' lang='lat' dir='ltr'><strong>apud</strong></span> <span class='ocrx_word' id='word_1_382' title='bbox 3075 2606 3344 2667; x_wconf 89' lang='lat' dir='ltr'><strong>arcarios</strong></span> <span class='ocrx_word' id='word_1_383' title='bbox 3371 2613 3640 2670; x_wconf 84' lang='lat' dir='ltr'><strong>rationes</strong></span> 
     </span>
    </p>
   </div>
   <div class='ocr_carea' id='block_1_58' title="bbox 1985 2694 3640 2776">
    <p class='ocr_par' dir='ltr' id='par_1_58' title="bbox 1985 2694 3640 2776">
     <span class='ocr_line' id='line_1_58' title="bbox 1985 2694 3640 2776; baseline 0.002 -19"><span class='ocrx_word' id='word_1_384' title='bbox 1985 2694 2540 2773; x_wconf 81' lang='lat' dir='ltr'><strong>conﬁcere,alioqui</strong></span> <span class='ocrx_word' id='word_1_385' title='bbox 2561 2694 3186 2775; x_wconf 86' lang='lat' dir='ltr'><strong>periclitari.Et,quod</strong></span> <span class='ocrx_word' id='word_1_386' title='bbox 3211 2696 3469 2776; x_wconf 90' lang='lat' dir='ltr'><strong>quisque</strong></span> <span class='ocrx_word' id='word_1_387' title='bbox 3484 2716 3640 2760; x_wconf 75' lang='lat' dir='ltr'><strong>(B00-</strong></span> 
     </span>
    </p>
   </div>
   <div class='ocr_carea' id='block_1_59' title="bbox 1988 2784 3639 2865">
    <p class='ocr_par' dir='ltr' id='par_1_59' title="bbox 1988 2784 3639 2865">
     <span class='ocr_line' id='line_1_59' title="bbox 1988 2784 3639 2865; baseline 0.002 -19"><span class='ocrx_word' id='word_1_388' title='bbox 1988 2803 2202 2846; x_wconf 90' lang='lat' dir='ltr'><strong>nomus</strong></span> <span class='ocrx_word' id='word_1_389' title='bbox 2229 2791 2456 2865; x_wconf 72' lang='lat' dir='ltr'><strong>quaerat</strong></span> <span class='ocrx_word' id='word_1_390' title='bbox 2473 2803 2605 2864; x_wconf 65' lang='lat' dir='ltr'><strong>quae</strong></span> <span class='ocrx_word' id='word_1_391' title='bbox 2622 2803 2743 2846; x_wconf 74' lang='lat' dir='ltr'><strong>suae</strong></span> <span class='ocrx_word' id='word_1_392' title='bbox 2760 2784 3299 2846; x_wconf 88' lang='lat' dir='ltr'><strong>administrationis</strong></span> <span class='ocrx_word' id='word_1_393' title='bbox 3316 2793 3476 2848; x_wconf 88' lang='lat' dir='ltr'><strong>sunt:</strong></span> <span class='ocrx_word' id='word_1_394' title='bbox 3498 2788 3639 2849; x_wconf 90' lang='lat' dir='ltr'><strong>reli-</strong></span> 
     </span>
    </p>
   </div>
   <div class='ocr_carea' id='block_1_60' title="bbox 1987 2872 3636 2954">
    <p class='ocr_par' dir='ltr' id='par_1_60' title="bbox 1987 2872 3636 2954">
     <span class='ocr_line' id='line_1_60' title="bbox 1987 2872 3636 2954; baseline 0.001 -20"><span class='ocrx_word' id='word_1_395' title='bbox 1987 2874 2086 2954; x_wconf 90' lang='lat' dir='ltr'><strong>qui</strong></span> <span class='ocrx_word' id='word_1_396' title='bbox 2108 2892 2249 2935; x_wconf 89' lang='lat' dir='ltr'><strong>vero</strong></span> <span class='ocrx_word' id='word_1_397' title='bbox 2263 2872 2946 2952; x_wconf 79' lang='lat' dir='ltr'><strong>secundumjussiunem</strong></span> <span class='ocrx_word' id='word_1_398' title='bbox 2970 2874 3331 2953; x_wconf 64' lang='lat' dir='ltr'><strong>patriarchae</strong></span> <span class='ocrx_word' id='word_1_399' title='bbox 3347 2894 3466 2936; x_wconf 90' lang='lat' dir='ltr'><strong>non</strong></span> <span class='ocrx_word' id='word_1_400' title='bbox 3489 2876 3636 2938; x_wconf 87' lang='lat' dir='ltr'><strong>scri-</strong></span> 
     </span>
    </p>
   </div>
   <div class='ocr_carea' id='block_1_61' title="bbox 1985 2962 3634 3044">
    <p class='ocr_par' dir='ltr' id='par_1_61' title="bbox 1985 2962 3634 3044">
     <span class='ocr_line' id='line_1_61' title="bbox 1985 2962 3634 3044; baseline 0.002 -21"><span class='ocrx_word' id='word_1_401' title='bbox 1985 2977 2147 3044; x_wconf 84' lang='lat' dir='ltr'><strong>ptam</strong></span> <span class='ocrx_word' id='word_1_402' title='bbox 2169 2962 2527 3038; x_wconf 87' lang='lat' dir='ltr'><strong>rationibus,</strong></span> <span class='ocrx_word' id='word_1_403' title='bbox 2554 2962 2964 3038; x_wconf 82' lang='lat' dir='ltr'><strong>subscribam,</strong></span> <span class='ocrx_word' id='word_1_404' title='bbox 2993 2963 3111 3042; x_wconf 86' lang='lat' dir='ltr'><strong>legi</strong></span> <span class='ocrx_word' id='word_1_405' title='bbox 3138 2981 3152 3025; x_wconf 92' lang='lat'><strong>:</strong></span> <span class='ocrx_word' id='word_1_406' title='bbox 3181 2964 3461 3044; x_wconf 90' lang='lat' dir='ltr'><strong>quodque</strong></span> <span class='ocrx_word' id='word_1_407' title='bbox 3486 2965 3634 3028; x_wconf 83' lang='lat' dir='ltr'><strong>citra</strong></span> 
     </span>
    </p>
   </div>
   <div class='ocr_carea' id='block_1_62' title="bbox 1985 3052 3637 3124">
    <p class='ocr_par' dir='ltr' id='par_1_62' title="bbox 1985 3052 3637 3124">
     <span class='ocr_line' id='line_1_62' title="bbox 1985 3052 3637 3124; baseline 0.002 -10"><span class='ocrx_word' id='word_1_408' title='bbox 1985 3054 2138 3115; x_wconf 89' lang='lat' dir='ltr'><strong>hanc</strong></span> <span class='ocrx_word' id='word_1_409' title='bbox 2169 3052 2647 3114; x_wconf 87' lang='lat' dir='ltr'><strong>observationem</strong></span> <span class='ocrx_word' id='word_1_410' title='bbox 2682 3052 2742 3112; x_wconf 89' lang='lat' dir='ltr'><strong>in</strong></span> <span class='ocrx_word' id='word_1_411' title='bbox 2776 3052 3068 3114; x_wconf 90' lang='lat' dir='ltr'><strong>rationem</strong></span> <span class='ocrx_word' id='word_1_412' title='bbox 3097 3053 3435 3124; x_wconf 79' lang='lat' dir='ltr'><strong>deducitur,</strong></span> <span class='ocrx_word' id='word_1_413' title='bbox 3472 3053 3530 3115; x_wconf 86' lang='lat' dir='ltr'><strong>id</strong></span> <span class='ocrx_word' id='word_1_414' title='bbox 3559 3054 3637 3119; x_wconf 81' lang='lat' dir='ltr'><strong>de</strong></span> 
     </span>
    </p>
   </div>
   <div class='ocr_carea' id='block_1_63' title="bbox 248 3141 1905 3230">
    <p class='ocr_par' dir='ltr' id='par_1_63' title="bbox 248 3141 1901 3230">
     <span class='ocr_line' id='line_1_63' title="bbox 248 3141 1901 3230; baseline -0.005 -22"><span class='ocrx_word' id='word_1_415' title='bbox 248 3152 632 3230; x_wconf 83' lang='grc' dir='ltr'>λογιζόμενον,</span> <span class='ocrx_word' id='word_1_416' title='bbox 666 3150 878 3207; x_wconf 69' lang='grc' dir='ltr'>οἵκοθεν</span> <span class='ocrx_word' id='word_1_417' title='bbox 919 3150 966 3203; x_wconf 78' lang='grc' dir='ltr'><strong>οἰ</strong></span> <span class='ocrx_word' id='word_1_418' title='bbox 1017 3145 1290 3219; x_wconf 82' lang='grc' dir='ltr'>οἰκονόμοι</span> <span class='ocrx_word' id='word_1_419' title='bbox 1335 3141 1538 3200; x_wconf 86' lang='grc' dir='ltr'>διδόασι</span> <span class='ocrx_word' id='word_1_420' title='bbox 1573 3161 1589 3177; x_wconf 76' lang='grc'><strong>⁸</strong></span> <span class='ocrx_word' id='word_1_421' title='bbox 1623 3147 1709 3200; x_wconf 78' lang='grc' dir='ltr'>καὶ</span> <span class='ocrx_word' id='word_1_422' title='bbox 1738 3145 1772 3211; x_wconf 77' lang='grc' dir='ltr'>ἡ</span> <span class='ocrx_word' id='word_1_423' title='bbox 1806 3141 1901 3217; x_wconf 89' lang='grc' dir='ltr'><strong>μα’</strong></span> 
     </span>
    </p>
   </div>
   <div class='ocr_carea' id='block_1_64' title="bbox 1997 3141 3634 3230">
    <p class='ocr_par' dir='ltr' id='par_1_64' title="bbox 1997 3141 3634 3222">
     <span class='ocr_line' id='line_1_64' title="bbox 1997 3141 3634 3222; baseline 0.001 -18"><span class='ocrx_word' id='word_1_424' title='bbox 1997 3161 2092 3204; x_wconf 78' lang='lat' dir='ltr'><strong>suo</strong></span> <span class='ocrx_word' id='word_1_425' title='bbox 2124 3141 2423 3204; x_wconf 81' lang='lat' dir='ltr'><strong>ceconomi</strong></span> <span class='ocrx_word' id='word_1_426' title='bbox 2460 3141 2625 3202; x_wconf 90' lang='lat' dir='ltr'><strong>dent.</strong></span> <span class='ocrx_word' id='word_1_427' title='bbox 2675 3141 2748 3203; x_wconf 86' lang='lat' dir='ltr'><strong>Et</strong></span> <span class='ocrx_word' id='word_1_428' title='bbox 2801 3141 2907 3216; x_wconf 80' lang='grc'><strong>41,</strong></span> <span class='ocrx_word' id='word_1_429' title='bbox 2956 3142 3056 3204; x_wconf 90' lang='lat' dir='ltr'><strong>tit.</strong></span> <span class='ocrx_word' id='word_1_430' title='bbox 3089 3142 3150 3219; x_wconf 88' lang='lat'><strong>3,</strong></span> <span class='ocrx_word' id='word_1_431' title='bbox 3185 3143 3342 3222; x_wconf 93' lang='lat' dir='ltr'><strong>quod</strong></span> <span class='ocrx_word' id='word_1_432' title='bbox 3377 3144 3634 3220; x_wconf 85' lang='lat' dir='ltr'><strong>singulis</strong></span> 
     </span>
    </p>
   </div>
   <div class='ocr_carea' id='block_1_65' title="bbox 245 3235 1899 3319">
    <p class='ocr_par' dir='ltr' id='par_1_65' title="bbox 245 3235 1899 3319">
     <span class='ocr_line' id='line_1_65' title="bbox 245 3235 1899 3319; baseline -0.007 -20"><span class='ocrx_word' id='word_1_433' title='bbox 245 3250 350 3299; x_wconf 79' lang='grc' dir='ltr'><strong>τοῦ</strong></span> <span class='ocrx_word' id='word_1_434' title='bbox 381 3242 433 3319; x_wconf 82' lang='grc' dir='ltr'>γ’</span> <span class='ocrx_word' id='word_1_435' title='bbox 462 3243 563 3299; x_wconf 82' lang='grc' dir='ltr'>τίτ.</span> <span class='ocrx_word' id='word_1_436' title='bbox 601 3240 682 3295; x_wconf 79' lang='grc' dir='ltr'>ὅτι</span> <span class='ocrx_word' id='word_1_437' title='bbox 715 3239 832 3295; x_wconf 75' lang='grc' dir='ltr'>κατ’</span> <span class='ocrx_word' id='word_1_438' title='bbox 865 3237 1106 3293; x_wconf 73' lang='grc' dir='ltr'>ἐνιαυτὸν</span> <span class='ocrx_word' id='word_1_439' title='bbox 1137 3237 1164 3290; x_wconf 81' lang='grc' dir='ltr'>ὁ</span> <span class='ocrx_word' id='word_1_440' title='bbox 1217 3235 1496 3307; x_wconf 82' lang='grc' dir='ltr'>οἰκονόμος</span> <span class='ocrx_word' id='word_1_441' title='bbox 1556 3235 1899 3309; x_wconf 82' lang='grc' dir='ltr'>παρατίθεται</span> 
     </span>
    </p>
   </div>
   <div class='ocr_carea' id='block_1_66' title="bbox 245 3323 1898 3408">
    <p class='ocr_par' dir='ltr' id='par_1_66' title="bbox 245 3323 1898 3408">
     <span class='ocr_line' id='line_1_66' title="bbox 245 3323 1898 3408; baseline -0.006 -21"><span class='ocrx_word' id='word_1_442' title='bbox 245 3331 418 3408; x_wconf 87' lang='grc' dir='ltr'>λόγον</span> <span class='ocrx_word' id='word_1_443' title='bbox 461 3335 560 3396; x_wconf 77' lang='grc' dir='ltr'>τῆς</span> <span class='ocrx_word' id='word_1_444' title='bbox 607 3329 766 3384; x_wconf 75' lang='grc' dir='ltr'><strong>αὒτοῦ</strong></span> <span class='ocrx_word' id='word_1_445' title='bbox 821 3325 1138 3394; x_wconf 81' lang='grc' dir='ltr'>διοικήσεως</span> <span class='ocrx_word' id='word_1_446' title='bbox 1167 3331 1245 3396; x_wconf 85' lang='grc' dir='ltr'>τῷ</span> <span class='ocrx_word' id='word_1_447' title='bbox 1291 3323 1594 3399; x_wconf 80' lang='grc' dir='ltr'>ἐπίσκόπῳ,</span> <span class='ocrx_word' id='word_1_448' title='bbox 1627 3323 1723 3378; x_wconf 69' lang='grc' dir='ltr'>καὶ</span> <span class='ocrx_word' id='word_1_449' title='bbox 1757 3323 1898 3378; x_wconf 82' lang='grc' dir='ltr'>ἀπο-</span> 
     </span>
    </p>
   </div>
   <div class='ocr_carea' id='block_1_67' title="bbox 243 3409 1898 3495">
    <p class='ocr_par' dir='ltr' id='par_1_67' title="bbox 243 3409 1898 3495">
     <span class='ocr_line' id='line_1_67' title="bbox 243 3409 1898 3495; baseline -0.007 -19"><span class='ocrx_word' id='word_1_450' title='bbox 243 3419 464 3476; x_wconf 76' lang='grc' dir='ltr'>δίδωσιν</span> <span class='ocrx_word' id='word_1_451' title='bbox 497 3418 550 3475; x_wconf 82' lang='grc' dir='ltr'><strong>εἴ</strong></span> <span class='ocrx_word' id='word_1_452' title='bbox 581 3441 632 3474; x_wconf 88' lang='grc' dir='ltr'><strong>τι</strong></span> <span class='ocrx_word' id='word_1_453' title='bbox 665 3423 807 3495; x_wconf 73' lang='grc' dir='ltr'><strong>φανῇ</strong></span> <span class='ocrx_word' id='word_1_454' title='bbox 834 3415 1048 3492; x_wconf 76' lang='grc' dir='ltr'>βλάψας</span> <span class='ocrx_word' id='word_1_455' title='bbox 1080 3413 1115 3482; x_wconf 74' lang='grc' dir='ltr'>ἢ</span> <span class='ocrx_word' id='word_1_456' title='bbox 1167 3411 1428 3488; x_wconf 77' lang='grc' dir='ltr'>κερδήσας</span> <span class='ocrx_word' id='word_1_457' title='bbox 1465 3431 1478 3444; x_wconf 72' lang='grc' dir='ltr'><strong><em>ο</em></strong></span> <span class='ocrx_word' id='word_1_458' title='bbox 1535 3413 1578 3467; x_wconf 81' lang='grc' dir='ltr'><strong>εἰ</strong></span> <span class='ocrx_word' id='word_1_459' title='bbox 1609 3409 1661 3466; x_wconf 76' lang='grc' dir='ltr'>δὲ</span> <span class='ocrx_word' id='word_1_460' title='bbox 1707 3410 1898 3467; x_wconf 81' lang='grc' dir='ltr'>τελευ-</span> 
     </span>
    </p>
   </div>
   <div class='ocr_carea' id='block_1_68' title="bbox 244 3500 1895 3586">
    <p class='ocr_par' dir='ltr' id='par_1_68' title="bbox 244 3500 1895 3586">
     <span class='ocr_line' id='line_1_68' title="bbox 244 3500 1895 3586; baseline -0.005 -22"><span class='ocrx_word' id='word_1_461' title='bbox 244 3511 409 3577; x_wconf 77' lang='grc' dir='ltr'>τήσει</span> <span class='ocrx_word' id='word_1_462' title='bbox 441 3509 540 3586; x_wconf 86' lang='grc' dir='ltr'><strong>πρὸ</strong></span> <span class='ocrx_word' id='word_1_463' title='bbox 583 3506 689 3562; x_wconf 84' lang='grc' dir='ltr'>τῶν</span> <span class='ocrx_word' id='word_1_464' title='bbox 722 3505 1024 3582; x_wconf 83' lang='grc' dir='ltr'>λογισμῶν,</span> <span class='ocrx_word' id='word_1_465' title='bbox 1058 3502 1367 3559; x_wconf 70' lang='grc' dir='ltr'>ὕπόκεινται</span> <span class='ocrx_word' id='word_1_466' title='bbox 1414 3501 1620 3566; x_wconf 74' lang='grc' dir='ltr'>τούτοις</span> <span class='ocrx_word' id='word_1_467' title='bbox 1664 3503 1711 3556; x_wconf 80' lang='grc' dir='ltr'>οἱ</span> <span class='ocrx_word' id='word_1_468' title='bbox 1753 3500 1895 3568; x_wconf 87' lang='grc' dir='ltr'>κλη-</span> 
     </span>
    </p>
   </div>
   <div class='ocr_carea' id='block_1_69' title="bbox 243 3591 1893 3677">
    <p class='ocr_par' dir='ltr' id='par_1_69' title="bbox 243 3591 1893 3677">
     <span class='ocr_line' id='line_1_69' title="bbox 243 3591 1893 3677; baseline -0.005 -23"><span class='ocrx_word' id='word_1_469' title='bbox 243 3599 469 3677; x_wconf 85' lang='grc' dir='ltr'>ρονόμοι</span> <span class='ocrx_word' id='word_1_470' title='bbox 515 3599 718 3653; x_wconf 75' lang='grc' dir='ltr'><strong>αὗτοῦ’</strong></span> <span class='ocrx_word' id='word_1_471' title='bbox 783 3593 1092 3650; x_wconf 76' lang='grc' dir='ltr'>ὑπόκεινται</span> <span class='ocrx_word' id='word_1_472' title='bbox 1151 3594 1250 3670; x_wconf 70' lang='grc' dir='ltr'><strong>γὰρ</strong></span> <span class='ocrx_word' id='word_1_473' title='bbox 1323 3594 1409 3648; x_wconf 84' lang='grc' dir='ltr'><strong>καὶ</strong></span> <span class='ocrx_word' id='word_1_474' title='bbox 1469 3591 1575 3648; x_wconf 81' lang='grc' dir='ltr'><strong>ἀπὸ</strong></span> <span class='ocrx_word' id='word_1_475' title='bbox 1618 3591 1893 3669; x_wconf 74' lang='grc' dir='ltr'>ῥᾳθυμίας,</span> 
     </span>
    </p>
   </div>
   <div class='ocr_carea' id='block_1_70' title="bbox 241 3679 1908 3762">
    <p class='ocr_par' dir='ltr' id='par_1_70' title="bbox 241 3679 1908 3762">
     <span class='ocr_line' id='line_1_70' title="bbox 241 3679 1908 3762; baseline -0.004 -19"><span class='ocrx_word' id='word_1_476' title='bbox 241 3689 338 3742; x_wconf 79' lang='grc' dir='ltr'><strong>καὶ</strong></span> <span class='ocrx_word' id='word_1_477' title='bbox 389 3687 479 3743; x_wconf 64' lang='grc' dir='ltr'><strong>ἐὰν</strong></span> <span class='ocrx_word' id='word_1_478' title='bbox 541 3685 765 3762; x_wconf 80' lang='grc' dir='ltr'>ἀπόροις</span> <span class='ocrx_word' id='word_1_479' title='bbox 823 3681 1047 3738; x_wconf 68' lang='grc' dir='ltr'>ἒκδώσει</span> <span class='ocrx_word' id='word_1_480' title='bbox 1087 3700 1101 3715; x_wconf 81' lang='grc'><strong>⁸</strong></span> <span class='ocrx_word' id='word_1_481' title='bbox 1146 3683 1180 3749; x_wconf 84' lang='grc' dir='ltr'>ἡ</span> <span class='ocrx_word' id='word_1_482' title='bbox 1234 3679 1284 3736; x_wconf 70' lang='grc' dir='ltr'>δὲ</span> <span class='ocrx_word' id='word_1_483' title='bbox 1315 3679 1366 3756; x_wconf 86' lang='grc' dir='ltr'><strong>β’</strong></span> <span class='ocrx_word' id='word_1_484' title='bbox 1399 3679 1546 3744; x_wconf 83' lang='grc' dir='ltr'>διάτ,</span> <span class='ocrx_word' id='word_1_485' title='bbox 1581 3688 1676 3736; x_wconf 80' lang='grc' dir='ltr'>τοῦ</span> <span class='ocrx_word' id='word_1_486' title='bbox 1707 3679 1758 3752; x_wconf 82' lang='grc' dir='ltr'><strong>β’</strong></span> <span class='ocrx_word' id='word_1_487' title='bbox 1789 3681 1908 3748; x_wconf 70' lang='grc' dir='ltr'>τίτ,</span> 
     </span>
    </p>
   </div>
   <div class='ocr_carea' id='block_1_71' title="bbox 239 3771 1896 3851">
    <p class='ocr_par' dir='ltr' id='par_1_71' title="bbox 239 3771 1896 3851">
     <span class='ocr_line' id='line_1_71' title="bbox 239 3771 1896 3851; baseline -0.004 -18"><span class='ocrx_word' id='word_1_488' title='bbox 239 3783 357 3833; x_wconf 85' lang='grc' dir='ltr'>τῶν</span> <span class='ocrx_word' id='word_1_489' title='bbox 390 3781 627 3849; x_wconf 74' lang='grc' dir='ltr'>Νεαρῶν,</span> <span class='ocrx_word' id='word_1_490' title='bbox 673 3773 994 3851; x_wconf 78' lang='grc' dir='ltr'>ἀπαγορεύει</span> <span class='ocrx_word' id='word_1_491' title='bbox 1039 3785 1158 3833; x_wconf 80' lang='grc' dir='ltr'>τοῖς</span> <span class='ocrx_word' id='word_1_492' title='bbox 1211 3771 1540 3844; x_wconf 85' lang='grc' dir='ltr'>οἰκονόμοις,</span> <span class='ocrx_word' id='word_1_493' title='bbox 1593 3773 1682 3827; x_wconf 85' lang='grc' dir='ltr'>καὶ</span> <span class='ocrx_word' id='word_1_494' title='bbox 1726 3772 1896 3849; x_wconf 78' lang='grc' dir='ltr'>ὀρφα-</span> 
     </span>
    </p>
   </div>
   <div class='ocr_carea' id='block_1_72' title="bbox 239 3858 1894 3943">
    <p class='ocr_par' dir='ltr' id='par_1_72' title="bbox 239 3858 1894 3943">
     <span class='ocr_line' id='line_1_72' title="bbox 239 3858 1894 3943; baseline -0.004 -23"><span class='ocrx_word' id='word_1_495' title='bbox 239 3865 556 3943; x_wconf 83' lang='grc' dir='ltr'>νοτρόποις,</span> <span class='ocrx_word' id='word_1_496' title='bbox 587 3865 678 3920; x_wconf 75' lang='grc' dir='ltr'>καὶ</span> <span class='ocrx_word' id='word_1_497' title='bbox 708 3860 1014 3928; x_wconf 73' lang='grc' dir='ltr'>διοικηταῖς</span> <span class='ocrx_word' id='word_1_498' title='bbox 1057 3866 1162 3916; x_wconf 85' lang='grc' dir='ltr'><strong>τῶν</strong></span> <span class='ocrx_word' id='word_1_499' title='bbox 1193 3858 1398 3915; x_wconf 82' lang='grc' dir='ltr'>λοιπῶν</span> <span class='ocrx_word' id='word_1_500' title='bbox 1451 3859 1658 3938; x_wconf 76' lang='grc' dir='ltr'>εὗαγῶν</span> <span class='ocrx_word' id='word_1_501' title='bbox 1701 3860 1894 3940; x_wconf 79' lang='grc' dir='ltr'>οἴκων,</span> 
     </span>
    </p>
   </div>
   <div class='ocr_carea' id='block_1_73' title="bbox 238 3950 1894 4030">
    <p class='ocr_par' dir='ltr' id='par_1_73' title="bbox 238 3950 1894 4030">
     <span class='ocr_line' id='line_1_73' title="bbox 238 3950 1894 4030; baseline -0.004 -19"><span class='ocrx_word' id='word_1_502' title='bbox 238 3956 327 4011; x_wconf 80' lang='grc' dir='ltr'>ἔτι</span> <span class='ocrx_word' id='word_1_503' title='bbox 358 3954 467 4029; x_wconf 77' lang='grc' dir='ltr'><strong>μὴν</strong></span> <span class='ocrx_word' id='word_1_504' title='bbox 500 3955 585 4010; x_wconf 83' lang='grc' dir='ltr'><strong>καὶ</strong></span> <span class='ocrx_word' id='word_1_505' title='bbox 614 3966 733 4015; x_wconf 72' lang='grc' dir='ltr'>τοῖς</span> <span class='ocrx_word' id='word_1_506' title='bbox 765 3951 981 4008; x_wconf 75' lang='grc' dir='ltr'>πάντων</span> <span class='ocrx_word' id='word_1_507' title='bbox 1011 3950 1451 4030; x_wconf 79' lang='grc' dir='ltr'>χαρτουλαρίοις,</span> <span class='ocrx_word' id='word_1_508' title='bbox 1500 3951 1587 4005; x_wconf 83' lang='grc' dir='ltr'><strong>καὶ</strong></span> <span class='ocrx_word' id='word_1_509' title='bbox 1631 3962 1748 4014; x_wconf 75' lang='grc' dir='ltr'>τοῖς</span> <span class='ocrx_word' id='word_1_510' title='bbox 1776 3951 1894 4006; x_wconf 82' lang='grc' dir='ltr'>τού-</span> 
     </span>
    </p>
   </div>
   <div class='ocr_carea' id='block_1_74' title="bbox 234 4038 1891 4120">
    <p class='ocr_par' dir='ltr' id='par_1_74' title="bbox 234 4038 1891 4120">
     <span class='ocr_line' id='line_1_74' title="bbox 234 4038 1891 4120; baseline -0.003 -20"><span class='ocrx_word' id='word_1_511' title='bbox 234 4067 352 4100; x_wconf 81' lang='grc' dir='ltr'><strong>των</strong></span> <span class='ocrx_word' id='word_1_512' title='bbox 395 4049 608 4120; x_wconf 72' lang='grc' dir='ltr'>γονεῦσι</span> <span class='ocrx_word' id='word_1_513' title='bbox 665 4043 755 4098; x_wconf 84' lang='grc' dir='ltr'>καὶ</span> <span class='ocrx_word' id='word_1_514' title='bbox 809 4041 987 4112; x_wconf 77' lang='grc' dir='ltr'>παισὶ,</span> <span class='ocrx_word' id='word_1_515' title='bbox 1050 4040 1136 4094; x_wconf 83' lang='grc' dir='ltr'><strong>καὶ</strong></span> <span class='ocrx_word' id='word_1_516' title='bbox 1190 4050 1311 4102; x_wconf 73' lang='grc' dir='ltr'>τοῖς</span> <span class='ocrx_word' id='word_1_517' title='bbox 1361 4040 1500 4094; x_wconf 82' lang='grc' dir='ltr'>κατὰ</span> <span class='ocrx_word' id='word_1_518' title='bbox 1531 4039 1686 4118; x_wconf 85' lang='grc' dir='ltr'>γένος</span> <span class='ocrx_word' id='word_1_519' title='bbox 1717 4038 1751 4106; x_wconf 72' lang='grc' dir='ltr'>ἢ</span> <span class='ocrx_word' id='word_1_520' title='bbox 1785 4039 1891 4115; x_wconf 75' lang='grc' dir='ltr'>γά-</span> 
     </span>
    </p>
   </div>
   <div class='ocr_carea' id='block_1_75' title="bbox 235 4128 1892 4210">
    <p class='ocr_par' dir='ltr' id='par_1_75' title="bbox 235 4128 1892 4210">
     <span class='ocr_line' id='line_1_75' title="bbox 235 4128 1892 4210; baseline -0.001 -25"><span class='ocrx_word' id='word_1_521' title='bbox 235 4157 346 4210; x_wconf 80' lang='grc' dir='ltr'><strong>μον</strong></span> <span class='ocrx_word' id='word_1_522' title='bbox 392 4132 578 4196; x_wconf 68' lang='grc' dir='ltr'>αὐτοῖς</span> <span class='ocrx_word' id='word_1_523' title='bbox 611 4129 1057 4206; x_wconf 83' lang='grc' dir='ltr'>συναπτομένοις,</span> <span class='ocrx_word' id='word_1_524' title='bbox 1111 4128 1484 4207; x_wconf 72' lang='grc' dir='ltr'>ἐμφυτεόσεις,</span> <span class='ocrx_word' id='word_1_525' title='bbox 1544 4130 1633 4184; x_wconf 78' lang='grc' dir='ltr'><strong>καὶ</strong></span> <span class='ocrx_word' id='word_1_526' title='bbox 1679 4130 1892 4203; x_wconf 82' lang='grc' dir='ltr'>μισθώ-</span> 
     </span>
    </p>
   </div>
   <div class='ocr_carea' id='block_1_76' title="bbox 234 4215 1890 4296">
    <p class='ocr_par' dir='ltr' id='par_1_76' title="bbox 234 4215 1890 4296">
     <span class='ocr_line' id='line_1_76' title="bbox 234 4215 1890 4296; baseline -0.005 -17"><span class='ocrx_word' id='word_1_527' title='bbox 234 4244 380 4296; x_wconf 84' lang='grc' dir='ltr'>σεις,</span> <span class='ocrx_word' id='word_1_528' title='bbox 415 4223 503 4278; x_wconf 79' lang='grc' dir='ltr'><strong>καὶ</strong></span> <span class='ocrx_word' id='word_1_529' title='bbox 549 4221 823 4290; x_wconf 72' lang='grc' dir='ltr'>ὑποθήκας</span> <span class='ocrx_word' id='word_1_530' title='bbox 882 4218 1214 4294; x_wconf 84' lang='grc' dir='ltr'>πραγμάτων</span> <span class='ocrx_word' id='word_1_531' title='bbox 1249 4217 1352 4274; x_wconf 81' lang='grc' dir='ltr'><strong>τῶν</strong></span> <span class='ocrx_word' id='word_1_532' title='bbox 1387 4219 1591 4296; x_wconf 76' lang='grc' dir='ltr'>εὖαγῶν</span> <span class='ocrx_word' id='word_1_533' title='bbox 1625 4215 1818 4290; x_wconf 66' lang='grc' dir='ltr'>οἴκων,</span> <span class='ocrx_word' id='word_1_534' title='bbox 1857 4216 1890 4285; x_wconf 73' lang='grc' dir='ltr'>ἢ</span> 
     </span>
    </p>
   </div>
   <div class='ocr_carea' id='block_1_77' title="bbox 233 4304 1890 4385">
    <p class='ocr_par' dir='ltr' id='par_1_77' title="bbox 233 4304 1890 4385">
     <span class='ocr_line' id='line_1_77' title="bbox 233 4304 1890 4385; baseline -0.004 -18"><span class='ocrx_word' id='word_1_535' title='bbox 233 4310 314 4367; x_wconf 83' lang='grc' dir='ltr'>δι’</span> <span class='ocrx_word' id='word_1_536' title='bbox 373 4311 600 4382; x_wconf 75' lang='grc' dir='ltr'>ἑαυτῶν,</span> <span class='ocrx_word' id='word_1_537' title='bbox 660 4310 696 4377; x_wconf 76' lang='grc' dir='ltr'>ἢ</span> <span class='ocrx_word' id='word_1_538' title='bbox 765 4307 851 4364; x_wconf 78' lang='grc' dir='ltr'><strong>διὰ</strong></span> <span class='ocrx_word' id='word_1_539' title='bbox 919 4309 1256 4383; x_wconf 79' lang='grc' dir='ltr'>παρενθὲτων</span> <span class='ocrx_word' id='word_1_540' title='bbox 1313 4307 1612 4385; x_wconf 84' lang='grc' dir='ltr'>προσώπων</span> <span class='ocrx_word' id='word_1_541' title='bbox 1671 4304 1890 4381; x_wconf 78' lang='grc' dir='ltr'>λαμϐά-</span> 
     </span>
    </p>
   </div>
   <div class='ocr_carea' id='block_1_78' title="bbox 227 4396 1892 4474">
    <p class='ocr_par' dir='ltr' id='par_1_78' title="bbox 227 4396 1892 4474">
     <span class='ocr_line' id='line_1_78' title="bbox 227 4396 1892 4474; baseline -0.004 -17"><span class='ocrx_word' id='word_1_542' title='bbox 227 4422 348 4458; x_wconf 76' lang='grc' dir='ltr'>νειν</span> <span class='ocrx_word' id='word_1_543' title='bbox 383 4418 398 4436; x_wconf 79' lang='grc'><strong><em>⁸</em></strong></span> <span class='ocrx_word' id='word_1_544' title='bbox 447 4399 566 4455; x_wconf 75' lang='grc' dir='ltr'>ἐπεὶ</span> <span class='ocrx_word' id='word_1_545' title='bbox 600 4401 780 4455; x_wconf 78' lang='grc' dir='ltr'>καὶτὸ</span> <span class='ocrx_word' id='word_1_546' title='bbox 835 4396 1190 4474; x_wconf 76' lang='grc' dir='ltr'>συνάλλαγμα</span> <span class='ocrx_word' id='word_1_547' title='bbox 1248 4396 1554 4474; x_wconf 80' lang='grc' dir='ltr'>ἀκυροῦται,</span> <span class='ocrx_word' id='word_1_548' title='bbox 1599 4396 1687 4452; x_wconf 82' lang='grc' dir='ltr'>καὶ</span> <span class='ocrx_word' id='word_1_549' title='bbox 1753 4401 1892 4451; x_wconf 84' lang='grc' dir='ltr'>πᾶσα</span> 
     </span>
    </p>
   </div>
   <div class='ocr_carea' id='block_1_79' title="bbox 1983 3231 3628 3313">
    <p class='ocr_par' dir='ltr' id='par_1_79' title="bbox 1983 3231 3628 3313">
     <span class='ocr_line' id='line_1_79' title="bbox 1983 3231 3628 3313; baseline 0.002 -21"><span class='ocrx_word' id='word_1_550' title='bbox 1983 3231 2323 3313; x_wconf 85' lang='lat' dir='ltr'><strong>quibusque</strong></span> <span class='ocrx_word' id='word_1_551' title='bbox 2355 3231 2527 3292; x_wconf 90' lang='lat' dir='ltr'><strong>annis</strong></span> <span class='ocrx_word' id='word_1_552' title='bbox 2558 3247 2914 3292; x_wconf 88' lang='lat' dir='ltr'><strong>oeconomus</strong></span> <span class='ocrx_word' id='word_1_553' title='bbox 2938 3231 3205 3293; x_wconf 82' lang='lat' dir='ltr'><strong>rationes</strong></span> <span class='ocrx_word' id='word_1_554' title='bbox 3233 3233 3445 3294; x_wconf 85' lang='lat' dir='ltr'><strong>reddat</strong></span> <span class='ocrx_word' id='word_1_555' title='bbox 3467 3243 3628 3296; x_wconf 89' lang='lat' dir='ltr'><strong>trac-</strong></span> 
     </span>
    </p>
   </div>
   <div class='ocr_carea' id='block_1_80' title="bbox 1983 3321 3630 3402">
    <p class='ocr_par' dir='ltr' id='par_1_80' title="bbox 1983 3321 3630 3402">
     <span class='ocr_line' id='line_1_80' title="bbox 1983 3321 3630 3402; baseline 0.002 -19"><span class='ocrx_word' id='word_1_556' title='bbox 1983 3331 2076 3383; x_wconf 88' lang='lat' dir='ltr'><strong>tus</strong></span> <span class='ocrx_word' id='word_1_557' title='bbox 2109 3321 2200 3382; x_wconf 93' lang='lat' dir='ltr'><strong>sui</strong></span> <span class='ocrx_word' id='word_1_558' title='bbox 2251 3321 2561 3400; x_wconf 89' lang='lat' dir='ltr'><strong>episcopo,</strong></span> <span class='ocrx_word' id='word_1_559' title='bbox 2599 3329 2657 3380; x_wconf 92' lang='lat' dir='ltr'><strong>et</strong></span> <span class='ocrx_word' id='word_1_560' title='bbox 2688 3325 2990 3400; x_wconf 84' lang='lat' dir='ltr'><strong>restituat,</strong></span> <span class='ocrx_word' id='word_1_561' title='bbox 3025 3321 3076 3382; x_wconf 90' lang='lat' dir='ltr'><strong>si</strong></span> <span class='ocrx_word' id='word_1_562' title='bbox 3133 3322 3292 3402; x_wconf 91' lang='lat' dir='ltr'><strong>quod</strong></span> <span class='ocrx_word' id='word_1_563' title='bbox 3343 3323 3630 3386; x_wconf 89' lang='lat' dir='ltr'><strong>damnum</strong></span> 
     </span>
    </p>
   </div>
   <div class='ocr_carea' id='block_1_81' title="bbox 1983 3411 3630 3491">
    <p class='ocr_par' dir='ltr' id='par_1_81' title="bbox 1983 3411 3630 3491">
     <span class='ocr_line' id='line_1_81' title="bbox 1983 3411 3630 3491; baseline 0.002 -18"><span class='ocrx_word' id='word_1_564' title='bbox 1983 3411 2364 3491; x_wconf 88' lang='lat' dir='ltr'><strong>dedisse,aut</strong></span> <span class='ocrx_word' id='word_1_565' title='bbox 2387 3411 2618 3472; x_wconf 92' lang='lat' dir='ltr'><strong>lucrum</strong></span> <span class='ocrx_word' id='word_1_566' title='bbox 2653 3411 2870 3472; x_wconf 83' lang='lat' dir='ltr'><strong>fecisse</strong></span> <span class='ocrx_word' id='word_1_567' title='bbox 2901 3411 3194 3473; x_wconf 90' lang='lat' dir='ltr'><strong>videatur.</strong></span> <span class='ocrx_word' id='word_1_568' title='bbox 3232 3411 3293 3474; x_wconf 91' lang='lat' dir='ltr'><strong>Si</strong></span> <span class='ocrx_word' id='word_1_569' title='bbox 3325 3430 3462 3475; x_wconf 92' lang='lat' dir='ltr'><strong>vero</strong></span> <span class='ocrx_word' id='word_1_570' title='bbox 3493 3423 3630 3477; x_wconf 87' lang='lat' dir='ltr'><strong>ante</strong></span> 
     </span>
    </p>
   </div>
   <div class='ocr_carea' id='block_1_82' title="bbox 1981 3500 3634 3584">
    <p class='ocr_par' dir='ltr' id='par_1_82' title="bbox 1981 3500 3634 3584">
     <span class='ocr_line' id='line_1_82' title="bbox 1981 3500 3634 3584; baseline 0.001 -22"><span class='ocrx_word' id='word_1_571' title='bbox 1981 3501 2301 3584; x_wconf 76' lang='lat' dir='ltr'><strong>[redditas]</strong></span> <span class='ocrx_word' id='word_1_572' title='bbox 2325 3500 2586 3562; x_wconf 87' lang='lat' dir='ltr'><strong>rationes</strong></span> <span class='ocrx_word' id='word_1_573' title='bbox 2618 3501 3065 3576; x_wconf 89' lang='lat' dir='ltr'><strong>moriatur,illis</strong></span> <span class='ocrx_word' id='word_1_574' title='bbox 3095 3501 3366 3564; x_wconf 60' lang='lat' dir='ltr'><strong>heredes</strong></span> <span class='ocrx_word' id='word_1_575' title='bbox 3390 3503 3520 3581; x_wconf 91' lang='lat' dir='ltr'><strong>ejus</strong></span> <span class='ocrx_word' id='word_1_576' title='bbox 3545 3512 3634 3565; x_wconf 86' lang='lat' dir='ltr'><strong>te-</strong></span> 
     </span>
    </p>
   </div>
   <div class='ocr_carea' id='block_1_83' title="bbox 1981 3588 3627 3671">
    <p class='ocr_par' dir='ltr' id='par_1_83' title="bbox 1981 3588 3627 3671">
     <span class='ocr_line' id='line_1_83' title="bbox 1981 3588 3627 3671; baseline -0.001 -19"><span class='ocrx_word' id='word_1_577' title='bbox 1981 3591 2134 3653; x_wconf 90' lang='lat' dir='ltr'><strong>neri.</strong></span> <span class='ocrx_word' id='word_1_578' title='bbox 2167 3589 2384 3650; x_wconf 87' lang='lat' dir='ltr'><strong>Teneri</strong></span> <span class='ocrx_word' id='word_1_579' title='bbox 2417 3588 2576 3649; x_wconf 90' lang='lat' dir='ltr'><strong>enim</strong></span> <span class='ocrx_word' id='word_1_580' title='bbox 2611 3588 2687 3648; x_wconf 90' lang='lat' dir='ltr'><strong>ob</strong></span> <span class='ocrx_word' id='word_1_581' title='bbox 2721 3589 3173 3667; x_wconf 76' lang='lat' dir='ltr'><strong>negligentiam,</strong></span> <span class='ocrx_word' id='word_1_582' title='bbox 3209 3598 3309 3650; x_wconf 90' lang='lat' dir='ltr'><strong>aut</strong></span> <span class='ocrx_word' id='word_1_583' title='bbox 3340 3590 3391 3650; x_wconf 91' lang='lat' dir='ltr'><strong>si</strong></span> <span class='ocrx_word' id='word_1_584' title='bbox 3424 3590 3627 3671; x_wconf 91' lang='lat' dir='ltr'><strong>[quid]</strong></span> 
     </span>
    </p>
   </div>
   <div class='ocr_carea' id='block_1_84' title="bbox 1980 3677 3624 3759">
    <p class='ocr_par' dir='ltr' id='par_1_84' title="bbox 1980 3677 3624 3759">
     <span class='ocr_line' id='line_1_84' title="bbox 1980 3677 3624 3759; baseline 0.001 -19"><span class='ocrx_word' id='word_1_585' title='bbox 1980 3679 2162 3759; x_wconf 87' lang='lat' dir='ltr'><strong>ilsqui</strong></span> <span class='ocrx_word' id='word_1_586' title='bbox 2181 3677 2469 3739; x_wconf 89' lang='lat' dir='ltr'><strong>solvendo</strong></span> <span class='ocrx_word' id='word_1_587' title='bbox 2485 3696 2601 3737; x_wconf 91' lang='lat' dir='ltr'><strong>non</strong></span> <span class='ocrx_word' id='word_1_588' title='bbox 2627 3687 2767 3738; x_wconf 90' lang='lat' dir='ltr'><strong>sunt</strong></span> <span class='ocrx_word' id='word_1_589' title='bbox 2785 3677 3328 3740; x_wconf 87' lang='lat' dir='ltr'><strong>elocaverit.Porro</strong></span> <span class='ocrx_word' id='word_1_590' title='bbox 3344 3679 3384 3740; x_wconf 73' lang='grc'>2</span> <span class='ocrx_word' id='word_1_591' title='bbox 3404 3688 3624 3753; x_wconf 91' lang='lat' dir='ltr'><strong>const.,</strong></span> 
     </span>
    </p>
   </div>
   <div class='ocr_carea' id='block_1_85' title="bbox 1981 3765 3625 3848">
    <p class='ocr_par' dir='ltr' id='par_1_85' title="bbox 1981 3765 3625 3848">
     <span class='ocr_line' id='line_1_85' title="bbox 1981 3765 3625 3848; baseline 0 -19"><span class='ocrx_word' id='word_1_592' title='bbox 1981 3769 2070 3832; x_wconf 88' lang='lat' dir='ltr'><strong>tit.</strong></span> <span class='ocrx_word' id='word_1_593' title='bbox 2105 3787 2121 3830; x_wconf 88' lang='grc' dir='ltr'><strong>ι</strong></span> <span class='ocrx_word' id='word_1_594' title='bbox 2150 3767 2554 3841; x_wconf 86' lang='lat' dir='ltr'><strong>Novellarum,</strong></span> <span class='ocrx_word' id='word_1_595' title='bbox 2594 3765 2902 3828; x_wconf 90' lang='lat' dir='ltr'><strong>interdicit</strong></span> <span class='ocrx_word' id='word_1_596' title='bbox 2935 3767 3288 3841; x_wconf 71' lang='lat' dir='ltr'><strong>oeconomis,</strong></span> <span class='ocrx_word' id='word_1_597' title='bbox 3317 3768 3625 3848; x_wconf 87' lang='lat' dir='ltr'><strong>etorpha-</strong></span> 
     </span>
    </p>
   </div>
   <div class='ocr_carea' id='block_1_86' title="bbox 1979 3854 3624 3938">
    <p class='ocr_par' dir='ltr' id='par_1_86' title="bbox 1979 3854 3624 3938">
     <span class='ocr_line' id='line_1_86' title="bbox 1979 3854 3624 3938; baseline 0 -20"><span class='ocrx_word' id='word_1_598' title='bbox 1979 3857 2316 3938; x_wconf 88' lang='lat' dir='ltr'><strong>notrophis,</strong></span> <span class='ocrx_word' id='word_1_599' title='bbox 2353 3865 2412 3917; x_wconf 90' lang='lat' dir='ltr'><strong>et</strong></span> <span class='ocrx_word' id='word_1_600' title='bbox 2461 3857 2829 3938; x_wconf 90' lang='lat' dir='ltr'><strong>reliquarum</strong></span> <span class='ocrx_word' id='word_1_601' title='bbox 2863 3855 3300 3917; x_wconf 86' lang='lat' dir='ltr'><strong>venerabilium</strong></span> <span class='ocrx_word' id='word_1_602' title='bbox 3332 3854 3624 3918; x_wconf 90' lang='lat' dir='ltr'><strong>domuum</strong></span> 
     </span>
    </p>
   </div>
   <div class='ocr_carea' id='block_1_87' title="bbox 1978 3947 3626 4027">
    <p class='ocr_par' dir='ltr' id='par_1_87' title="bbox 1978 3947 3626 4027">
     <span class='ocr_line' id='line_1_87' title="bbox 1978 3947 3626 4027; baseline 0.001 -19"><span class='ocrx_word' id='word_1_603' title='bbox 1978 3947 2530 4027; x_wconf 81' lang='lat' dir='ltr'><strong>diSpensatoribus,</strong></span> <span class='ocrx_word' id='word_1_604' title='bbox 2590 3955 2767 4027; x_wconf 76' lang='lat' dir='ltr'><strong>atque</strong></span> <span class='ocrx_word' id='word_1_605' title='bbox 2821 3947 3070 4026; x_wconf 85' lang='lat' dir='ltr'><strong>insuper</strong></span> <span class='ocrx_word' id='word_1_606' title='bbox 3127 3963 3626 4027; x_wconf 88' lang='lat' dir='ltr'><strong>quarumcunque</strong></span> 
     </span>
    </p>
   </div>
   <div class='ocr_carea' id='block_1_88' title="bbox 1977 4034 3624 4118">
    <p class='ocr_par' dir='ltr' id='par_1_88' title="bbox 1977 4034 3624 4118">
     <span class='ocr_line' id='line_1_88' title="bbox 1977 4034 3624 4118; baseline -0.001 -20"><span class='ocrx_word' id='word_1_607' title='bbox 1977 4036 2726 4118; x_wconf 85' lang='lat' dir='ltr'><strong>[domuum]chartu|ariis,</strong></span> <span class='ocrx_word' id='word_1_608' title='bbox 2751 4043 2809 4097; x_wconf 89' lang='lat' dir='ltr'><strong>et</strong></span> <span class='ocrx_word' id='word_1_609' title='bbox 2832 4036 3045 4097; x_wconf 90' lang='lat' dir='ltr'><strong>horum</strong></span> <span class='ocrx_word' id='word_1_610' title='bbox 3073 4034 3420 4115; x_wconf 86' lang='lat' dir='ltr'><strong>parentibus</strong></span> <span class='ocrx_word' id='word_1_611' title='bbox 3443 4036 3624 4097; x_wconf 89' lang='lat' dir='ltr'><strong>simul</strong></span> 
     </span>
    </p>
   </div>
   <div class='ocr_carea' id='block_1_89' title="bbox 1976 4124 3623 4205">
    <p class='ocr_par' dir='ltr' id='par_1_89' title="bbox 1976 4124 3623 4205">
     <span class='ocr_line' id='line_1_89' title="bbox 1976 4124 3623 4205; baseline -0.001 -17"><span class='ocrx_word' id='word_1_612' title='bbox 1976 4135 2034 4188; x_wconf 90' lang='lat' dir='ltr'><strong>et</strong></span> <span class='ocrx_word' id='word_1_613' title='bbox 2068 4125 2302 4200; x_wconf 90' lang='lat' dir='ltr'><strong>liberis,</strong></span> <span class='ocrx_word' id='word_1_614' title='bbox 2338 4136 2395 4186; x_wconf 89' lang='lat' dir='ltr'><strong>et</strong></span> <span class='ocrx_word' id='word_1_615' title='bbox 2439 4125 2576 4187; x_wconf 89' lang='lat' dir='ltr'><strong>aliis</strong></span> <span class='ocrx_word' id='word_1_616' title='bbox 2616 4127 2753 4187; x_wconf 64' lang='grc'><strong>557</strong></span> <span class='ocrx_word' id='word_1_617' title='bbox 2780 4144 3001 4205; x_wconf 84' lang='lat' dir='ltr'><strong>genere</strong></span> <span class='ocrx_word' id='word_1_618' title='bbox 3032 4124 3182 4204; x_wconf 89' lang='lat' dir='ltr'><strong>ipsis</strong></span> <span class='ocrx_word' id='word_1_619' title='bbox 3207 4132 3305 4185; x_wconf 90' lang='lat' dir='ltr'><strong>aut</strong></span> <span class='ocrx_word' id='word_1_620' title='bbox 3332 4124 3623 4186; x_wconf 75' lang='lat' dir='ltr'><strong>affinitate</strong></span> 
     </span>
    </p>
   </div>
   <div class='ocr_carea' id='block_1_90' title="bbox 1975 4213 3624 4294">
    <p class='ocr_par' dir='ltr' id='par_1_90' title="bbox 1975 4213 3624 4294">
     <span class='ocr_line' id='line_1_90' title="bbox 1975 4213 3624 4294; baseline -0.002 -16"><span class='ocrx_word' id='word_1_621' title='bbox 1975 4215 2421 4294; x_wconf 88' lang='lat' dir='ltr'><strong>conjunctis,ne</strong></span> <span class='ocrx_word' id='word_1_622' title='bbox 2446 4216 3003 4294; x_wconf 82' lang='lat' dir='ltr'><strong>emphyteuses,aut</strong></span> <span class='ocrx_word' id='word_1_623' title='bbox 3024 4213 3490 4294; x_wconf 82' lang='lat' dir='ltr'><strong>locationes,aut</strong></span> <span class='ocrx_word' id='word_1_624' title='bbox 3519 4214 3624 4294; x_wconf 78' lang='lat' dir='ltr'><strong>by-</strong></span> 
     </span>
    </p>
   </div>
   <div class='ocr_carea' id='block_1_91' title="bbox 1975 4302 3624 4386">
    <p class='ocr_par' dir='ltr' id='par_1_91' title="bbox 1975 4302 3624 4386">
     <span class='ocr_line' id='line_1_91' title="bbox 1975 4302 3624 4386; baseline 0 -20"><span class='ocrx_word' id='word_1_625' title='bbox 1975 4306 2258 4386; x_wconf 87' lang='lat' dir='ltr'><strong>pothecas</strong></span> <span class='ocrx_word' id='word_1_626' title='bbox 2271 4322 2473 4366; x_wconf 85' lang='lat' dir='ltr'><strong>rerum</strong></span> <span class='ocrx_word' id='word_1_627' title='bbox 2492 4303 2937 4366; x_wconf 89' lang='lat' dir='ltr'><strong>venerabilibus</strong></span> <span class='ocrx_word' id='word_1_628' title='bbox 2960 4302 3240 4364; x_wconf 87' lang='lat' dir='ltr'><strong>domibus</strong></span> <span class='ocrx_word' id='word_1_629' title='bbox 3257 4304 3624 4382; x_wconf 81' lang='lat' dir='ltr'><strong>[competen-</strong></span> 
     </span>
    </p>
   </div>
   <div class='ocr_carea' id='block_1_92' title="bbox 1976 4392 3622 4474">
    <p class='ocr_par' dir='ltr' id='par_1_92' title="bbox 1976 4392 3622 4474">
     <span class='ocr_line' id='line_1_92' title="bbox 1976 4392 3622 4474; baseline -0.001 -18"><span class='ocrx_word' id='word_1_630' title='bbox 1976 4394 2155 4474; x_wconf 91' lang='lat' dir='ltr'><strong>tium]</strong></span> <span class='ocrx_word' id='word_1_631' title='bbox 2188 4394 2280 4455; x_wconf 82' lang='lat' dir='ltr'><strong>vel</strong></span> <span class='ocrx_word' id='word_1_632' title='bbox 2315 4411 2421 4474; x_wconf 85' lang='lat' dir='ltr'><strong>per</strong></span> <span class='ocrx_word' id='word_1_633' title='bbox 2475 4412 2540 4456; x_wconf 90' lang='lat' dir='ltr'><strong>se</strong></span> <span class='ocrx_word' id='word_1_634' title='bbox 2590 4394 2681 4455; x_wconf 89' lang='lat' dir='ltr'><strong>vel</strong></span> <span class='ocrx_word' id='word_1_635' title='bbox 2737 4412 2846 4474; x_wconf 89' lang='lat' dir='ltr'><strong>per</strong></span> <span class='ocrx_word' id='word_1_636' title='bbox 2894 4392 3278 4472; x_wconf 89' lang='lat' dir='ltr'><strong>interpositas</strong></span> <span class='ocrx_word' id='word_1_637' title='bbox 3332 4410 3622 4472; x_wconf 85' lang='lat' dir='ltr'><strong>personas</strong></span> 
     </span>
    </p>
   </div>
   <div class='ocr_carea' id='block_1_93' title="bbox 223 4479 1905 4578">
    <p class='ocr_par' dir='ltr' id='par_1_93' title="bbox 223 4479 1888 4567">
     <span class='ocr_line' id='line_1_93' title="bbox 223 4479 1888 4567; baseline -0.007 -21"><span class='ocrx_word' id='word_1_638' title='bbox 223 4493 268 4557; x_wconf 76' lang='grc' dir='ltr'>ἡ</span> <span class='ocrx_word' id='word_1_639' title='bbox 323 4489 600 4567; x_wconf 83' lang='grc' dir='ltr'>περιουσία</span> <span class='ocrx_word' id='word_1_640' title='bbox 644 4488 753 4543; x_wconf 78' lang='grc' dir='ltr'>τῶν</span> <span class='ocrx_word' id='word_1_641' title='bbox 823 4487 1122 4559; x_wconf 79' lang='grc' dir='ltr'>οἰκονόμων</span> <span class='ocrx_word' id='word_1_642' title='bbox 1193 4485 1281 4540; x_wconf 86' lang='grc' dir='ltr'><strong>καὶ</strong></span> <span class='ocrx_word' id='word_1_643' title='bbox 1328 4483 1736 4562; x_wconf 86' lang='grc' dir='ltr'>χαρτουλαρίων</span> <span class='ocrx_word' id='word_1_644' title='bbox 1794 4479 1888 4540; x_wconf 77' lang='grc' dir='ltr'><strong>καί</strong></span> 
     </span>
    </p>
   </div>
   <div class='ocr_carea' id='block_1_94' title="bbox 1997 4479 3619 4578">
    <p class='ocr_par' dir='ltr' id='par_1_94' title="bbox 1997 4483 3619 4578">
     <span class='ocr_line' id='line_1_94' title="bbox 1997 4483 3619 4578; baseline 0.002 -37"><span class='ocrx_word' id='word_1_645' title='bbox 1997 4483 2329 4562; x_wconf 75' lang='lat' dir='ltr'><strong>:uscipiant.</strong></span> <span class='ocrx_word' id='word_1_646' title='bbox 2365 4483 2646 4564; x_wconf 86' lang='lat' dir='ltr'><strong>Alioquin</strong></span> <span class='ocrx_word' id='word_1_647' title='bbox 2694 4483 3026 4564; x_wconf 88' lang='lat' dir='ltr'><strong>[inquiens]</strong></span> <span class='ocrx_word' id='word_1_648' title='bbox 3071 4489 3129 4543; x_wconf 90' lang='lat' dir='ltr'><strong>et</strong></span> <span class='ocrx_word' id='word_1_649' title='bbox 3161 4490 3500 4578; x_wconf 82' lang='lat' dir='ltr'><strong>contractus</strong></span> <span class='ocrx_word' id='word_1_650' title='bbox 3533 4483 3619 4544; x_wconf 89' lang='lat' dir='ltr'><strong>ir-</strong></span> 
     </span>
    </p>
   </div>
   <div class='ocr_carea' id='block_1_95' title="bbox 227 4571 1905 4651">
    <p class='ocr_par' dir='ltr' id='par_1_95' title="bbox 227 4573 1883 4651">
     <span class='ocr_line' id='line_1_95' title="bbox 227 4573 1883 4651; baseline -0.005 -17"><span class='ocrx_word' id='word_1_651' title='bbox 227 4579 526 4646; x_wconf 83' lang='grc' dir='ltr'>διοικητῶν</span> <span class='ocrx_word' id='word_1_652' title='bbox 557 4578 646 4642; x_wconf 71' lang='grc' dir='ltr'>οἷς</span> <span class='ocrx_word' id='word_1_653' title='bbox 677 4576 815 4632; x_wconf 84' lang='grc' dir='ltr'>κατᾶ</span> <span class='ocrx_word' id='word_1_654' title='bbox 845 4576 937 4632; x_wconf 74' lang='grc' dir='ltr'><strong>τὸν</strong></span> <span class='ocrx_word' id='word_1_655' title='bbox 991 4573 1275 4651; x_wconf 80' lang='grc' dir='ltr'>εἰρημένον</span> <span class='ocrx_word' id='word_1_656' title='bbox 1324 4577 1523 4650; x_wconf 83' lang='grc' dir='ltr'>τρόπον</span> <span class='ocrx_word' id='word_1_657' title='bbox 1580 4573 1883 4629; x_wconf 84' lang='grc' dir='ltr'>συνάπτον-</span> 
     </span>
    </p>
   </div>
   <div class='ocr_carea' id='block_1_96' title="bbox 1997 4571 3677 4651">
    <p class='ocr_par' dir='ltr' id='par_1_96' title="bbox 2000 4571 3677 4647">
     <span class='ocr_line' id='line_1_96' title="bbox 2000 4571 3677 4647; baseline -0.002 -14"><span class='ocrx_word' id='word_1_658' title='bbox 2000 4575 2119 4635; x_wconf 86' lang='lat' dir='ltr'><strong>itus</strong></span> <span class='ocrx_word' id='word_1_659' title='bbox 2151 4574 2288 4647; x_wconf 90' lang='lat' dir='ltr'><strong>erit,</strong></span> <span class='ocrx_word' id='word_1_660' title='bbox 2319 4581 2376 4633; x_wconf 90' lang='lat' dir='ltr'><strong>et</strong></span> <span class='ocrx_word' id='word_1_661' title='bbox 2405 4591 2885 4641; x_wconf 69' lang='lat' dir='ltr'><strong>osconomorum,</strong></span> <span class='ocrx_word' id='word_1_662' title='bbox 2909 4579 2968 4634; x_wconf 93' lang='lat' dir='ltr'><strong>et</strong></span> <span class='ocrx_word' id='word_1_663' title='bbox 2998 4571 3524 4646; x_wconf 88' lang='lat' dir='ltr'><strong>chartulariorum,</strong></span> <span class='ocrx_word' id='word_1_664' title='bbox 3562 4579 3622 4633; x_wconf 88' lang='lat' dir='ltr'><strong>et</strong></span> <span class='ocrx_word' id='word_1_665' title='bbox 3669 4620 3677 4630; x_wconf 95' lang='lat'><strong>.</strong></span> 
     </span>
    </p>
   </div>
   <div class='ocr_carea' id='block_1_97' title="bbox 228 4659 1905 4743">
    <p class='ocr_par' dir='ltr' id='par_1_97' title="bbox 228 4659 1883 4743">
     <span class='ocr_line' id='line_1_97' title="bbox 228 4659 1883 4743; baseline -0.004 -19"><span class='ocrx_word' id='word_1_666' title='bbox 228 4691 347 4742; x_wconf 82' lang='grc' dir='ltr'>ται,</span> <span class='ocrx_word' id='word_1_667' title='bbox 384 4671 458 4730; x_wconf 81' lang='grc' dir='ltr'><strong>εἰς</strong></span> <span class='ocrx_word' id='word_1_668' title='bbox 487 4669 582 4723; x_wconf 77' lang='grc' dir='ltr'><strong>τὸν</strong></span> <span class='ocrx_word' id='word_1_669' title='bbox 625 4668 794 4743; x_wconf 72' lang='grc' dir='ltr'>εὔαγῆ</span> <span class='ocrx_word' id='word_1_670' title='bbox 849 4665 1032 4736; x_wconf 54' lang='grc' dir='ltr'>οἶκον,</span> <span class='ocrx_word' id='word_1_671' title='bbox 1086 4662 1139 4729; x_wconf 76' lang='grc' dir='ltr'><strong>ἐξ</strong></span> <span class='ocrx_word' id='word_1_672' title='bbox 1177 4665 1237 4720; x_wconf 76' lang='grc' dir='ltr'><strong>οὗ</strong></span> <span class='ocrx_word' id='word_1_673' title='bbox 1285 4664 1345 4718; x_wconf 81' lang='grc' dir='ltr'>τὸ</span> <span class='ocrx_word' id='word_1_674' title='bbox 1389 4668 1610 4740; x_wconf 84' lang='grc' dir='ltr'>πρᾶγμα</span> <span class='ocrx_word' id='word_1_675' title='bbox 1665 4659 1883 4730; x_wconf 71' lang='grc' dir='ltr'>λαμϐα-</span> 
     </span>
    </p>
   </div>
   <div class='ocr_carea' id='block_1_98' title="bbox 1997 4659 3615 4743">
    <p class='ocr_par' dir='ltr' id='par_1_98' title="bbox 1997 4661 3615 4742">
     <span class='ocr_line' id='line_1_98' title="bbox 1997 4661 3615 4742; baseline -0.002 -18"><span class='ocrx_word' id='word_1_676' title='bbox 1997 4663 2468 4742; x_wconf 50' lang='grc' dir='ltr'>ιὶερεηειιιοτυιη,</span> <span class='ocrx_word' id='word_1_677' title='bbox 2505 4661 2725 4742; x_wconf 85' lang='lat' dir='ltr'><strong>quibus</strong></span> <span class='ocrx_word' id='word_1_678' title='bbox 2761 4662 2903 4742; x_wconf 91' lang='lat' dir='ltr'><strong>[illi]</strong></span> <span class='ocrx_word' id='word_1_679' title='bbox 2942 4661 3226 4741; x_wconf 62' lang='lat' dir='ltr'><strong>praedicto</strong></span> <span class='ocrx_word' id='word_1_680' title='bbox 3255 4661 3434 4720; x_wconf 92' lang='lat' dir='ltr'><strong>modo</strong></span> <span class='ocrx_word' id='word_1_681' title='bbox 3465 4679 3615 4720; x_wconf 90' lang='lat' dir='ltr'><strong>con-</strong></span> 
     </span>
    </p>
   </div>
   <div class='ocr_carea' id='block_1_99' title="bbox 1957 4749 3615 4832">
    <p class='ocr_par' dir='ltr' id='par_1_99' title="bbox 1957 4749 3615 4832">
     <span class='ocr_line' id='line_1_99' title="bbox 1957 4749 3615 4832; baseline -0.003 -20"><span class='ocrx_word' id='word_1_682' title='bbox 1957 4753 2154 4832; x_wconf 89' lang='lat' dir='ltr'><strong>juncti</strong></span> <span class='ocrx_word' id='word_1_683' title='bbox 2185 4759 2344 4825; x_wconf 90' lang='lat' dir='ltr'><strong>sunt,</strong></span> <span class='ocrx_word' id='word_1_684' title='bbox 2401 4751 2743 4812; x_wconf 90' lang='lat' dir='ltr'><strong>universum</strong></span> <span class='ocrx_word' id='word_1_685' title='bbox 2795 4749 3224 4830; x_wconf 89' lang='lat' dir='ltr'><strong>patrimonium</strong></span> <span class='ocrx_word' id='word_1_686' title='bbox 3282 4755 3416 4828; x_wconf 91' lang='lat' dir='ltr'><strong>post</strong></span> <span class='ocrx_word' id='word_1_687' title='bbox 3445 4749 3615 4827; x_wconf 89' lang='lat' dir='ltr'><strong>ipso-</strong></span> 
     </span>
    </p>
   </div>
   <div class='ocr_carea' id='block_1_100' title="bbox 1965 4836 3612 4912">
    <p class='ocr_par' dir='ltr' id='par_1_100' title="bbox 1965 4836 3612 4912">
     <span class='ocr_line' id='line_1_100' title="bbox 1965 4836 3612 4912; baseline -0.004 -10"><span class='ocrx_word' id='word_1_688' title='bbox 1965 4858 2098 4902; x_wconf 90' lang='lat' dir='ltr'><strong>rum</strong></span> <span class='ocrx_word' id='word_1_689' title='bbox 2134 4849 2384 4902; x_wconf 89' lang='lat' dir='ltr'><strong>mortem</strong></span> <span class='ocrx_word' id='word_1_690' title='bbox 2435 4840 2512 4901; x_wconf 89' lang='lat' dir='ltr'><strong>ad</strong></span> <span class='ocrx_word' id='word_1_691' title='bbox 2547 4839 2952 4902; x_wconf 86' lang='lat' dir='ltr'><strong>venerabilem</strong></span> <span class='ocrx_word' id='word_1_692' title='bbox 2987 4838 3256 4912; x_wconf 90' lang='lat' dir='ltr'><strong>domum,</strong></span> <span class='ocrx_word' id='word_1_693' title='bbox 3293 4836 3455 4898; x_wconf 88' lang='lat' dir='ltr'><strong>unde</strong></span> <span class='ocrx_word' id='word_1_694' title='bbox 3484 4854 3612 4896; x_wconf 90' lang='lat' dir='ltr'><strong>rem</strong></span> 
     </span>
    </p>
   </div>
   <div class='ocr_carea' id='block_1_101' title="bbox 1967 4931 2748 5011">
    <p class='ocr_par' dir='ltr' id='par_1_101' title="bbox 1967 4931 2748 5011">
     <span class='ocr_line' id='line_1_101' title="bbox 1967 4931 2748 5011; baseline -0.006 -19"><span class='ocrx_word' id='word_1_695' title='bbox 1967 4938 2386 5011; x_wconf 89' lang='lat' dir='ltr'><strong>susceperunt,</strong></span> <span class='ocrx_word' id='word_1_696' title='bbox 2417 4931 2748 5011; x_wconf 86' lang='lat' dir='ltr'><strong>perveniet.</strong></span> 
     </span>
    </p>
   </div>
   <div class='ocr_carea' id='block_1_102' title="bbox 2046 5013 3612 5102">
    <p class='ocr_par' dir='ltr' id='par_1_102' title="bbox 2046 5013 3612 5102">
     <span class='ocr_line' id='line_1_102' title="bbox 2046 5013 3612 5102; baseline -0.004 -19"><span class='ocrx_word' id='word_1_697' title='bbox 2046 5019 2210 5083; x_wconf 82' lang='lat' dir='ltr'><strong>CAP.</strong></span> <span class='ocrx_word' id='word_1_698' title='bbox 2244 5021 2318 5083; x_wconf 89' lang='lat' dir='ltr'><strong>ll.</strong></span> <span class='ocrx_word' id='word_1_699' title='bbox 2357 5020 2438 5082; x_wconf 84' lang='lat' dir='ltr'><strong>De</strong></span> <span class='ocrx_word' id='word_1_700' title='bbox 2464 5021 2836 5102; x_wconf 77' lang='lat' dir='ltr'><strong>patrimonii</strong></span> <span class='ocrx_word' id='word_1_701' title='bbox 2879 5015 3278 5080; x_wconf 76' lang='lat' dir='ltr'><strong>ecclesiastici</strong></span> <span class='ocrx_word' id='word_1_702' title='bbox 3306 5013 3612 5078; x_wconf 80' lang='lat' dir='ltr'><strong>adminis-</strong></span> 
     </span>
    </p>
   </div>
   <div class='ocr_carea' id='block_1_103' title="bbox 1965 5111 2254 5173">
    <p class='ocr_par' dir='ltr' id='par_1_103' title="bbox 1965 5111 2254 5173">
     <span class='ocr_line' id='line_1_103' title="bbox 1965 5111 2254 5173; baseline -0.007 0"><span class='ocrx_word' id='word_1_703' title='bbox 1965 5111 2254 5173; x_wconf 80' lang='lat' dir='ltr'><strong>tratione.</strong></span> 
     </span>
    </p>
   </div>
   <div class='ocr_carea' id='block_1_104' title="bbox 226 4751 1602 4836">
    <p class='ocr_par' dir='ltr' id='par_1_104' title="bbox 226 4751 1602 4836">
     <span class='ocr_line' id='line_1_104' title="bbox 226 4751 1602 4836; baseline -0.007 -22"><span class='ocrx_word' id='word_1_704' title='bbox 226 4779 408 4835; x_wconf 89' lang='grc' dir='ltr'>νουσι,</span> <span class='ocrx_word' id='word_1_705' title='bbox 445 4756 788 4836; x_wconf 76' lang='grc' dir='ltr'>περιέρχεται</span> <span class='ocrx_word' id='word_1_706' title='bbox 819 4755 955 4825; x_wconf 78' lang='grc' dir='ltr'>μετὰ</span> <span class='ocrx_word' id='word_1_707' title='bbox 986 4752 1087 4819; x_wconf 68' lang='grc' dir='ltr'>τᾶν</span> <span class='ocrx_word' id='word_1_708' title='bbox 1120 4753 1293 4811; x_wconf 70' lang='grc' dir='ltr'>αὐτῶν</span> <span class='ocrx_word' id='word_1_709' title='bbox 1321 4751 1602 4822; x_wconf 72' lang='grc' dir='ltr'>τελευτήν,</span> 
     </span>
    </p>
   </div>
   <div class='ocr_carea' id='block_1_105' title="bbox 317 5011 1879 5098">
    <p class='ocr_par' dir='ltr' id='par_1_105' title="bbox 317 5011 1879 5098">
     <span class='ocr_line' id='line_1_105' title="bbox 317 5011 1879 5098; baseline -0.005 -16"><span class='ocrx_word' id='word_1_710' title='bbox 317 5031 570 5084; x_wconf 79' lang='grc' dir='ltr'>ΚΕΦΛΛ.</span> <span class='ocrx_word' id='word_1_711' title='bbox 635 5011 716 5084; x_wconf 80' lang='grc' dir='ltr'><strong>Β’,</strong></span> <span class='ocrx_word' id='word_1_712' title='bbox 763 5054 838 5065; x_wconf 92' lang='grc'><strong><em>-</em></strong></span> <span class='ocrx_word' id='word_1_713' title='bbox 897 5021 1022 5098; x_wconf 83' lang='grc' dir='ltr'>Περὶ</span> <span class='ocrx_word' id='word_1_714' title='bbox 1081 5017 1404 5086; x_wconf 74' lang='grc' dir='ltr'>διοικήσεως</span> <span class='ocrx_word' id='word_1_715' title='bbox 1461 5019 1565 5075; x_wconf 80' lang='grc' dir='ltr'><strong>τῶν</strong></span> <span class='ocrx_word' id='word_1_716' title='bbox 1619 5017 1879 5086; x_wconf 80' lang='grc' dir='ltr'>ἐκκλησι-</span> 
     </span>
    </p>
   </div>
   <div class='ocr_carea' id='block_1_106' title="bbox 227 5113 858 5192">
    <p class='ocr_par' dir='ltr' id='par_1_106' title="bbox 227 5113 858 5192">
     <span class='ocr_line' id='line_1_106' title="bbox 227 5113 858 5192; baseline -0.013 -19"><span class='ocrx_word' id='word_1_717' title='bbox 227 5119 466 5174; x_wconf 81' lang='grc' dir='ltr'>αστικὼν</span> <span class='ocrx_word' id='word_1_718' title='bbox 498 5113 858 5192; x_wconf 81' lang='grc' dir='ltr'>πραγμάτων,</span> 
     </span>
    </p>
   </div>
   <div class='ocr_carea' id='block_1_107' title="bbox 562 5194 1905 5281">
    <p class='ocr_par' dir='ltr' id='par_1_107' title="bbox 562 5200 1545 5281">
     <span class='ocr_line' id='line_1_107' title="bbox 562 5200 1545 5281; baseline -0.003 -21"><span class='ocrx_word' id='word_1_719' title='bbox 562 5201 914 5260; x_wconf 82' lang='grc' dir='ltr'>Ἀποστόλων</span> <span class='ocrx_word' id='word_1_720' title='bbox 945 5204 1122 5258; x_wconf 87' lang='grc' dir='ltr'>κανὼν</span> <span class='ocrx_word' id='word_1_721' title='bbox 1156 5201 1274 5281; x_wconf 77' lang='grc' dir='ltr'>λη’,</span> <span class='ocrx_word' id='word_1_722' title='bbox 1308 5200 1392 5275; x_wconf 87' lang='grc' dir='ltr'>μ’,</span> <span class='ocrx_word' id='word_1_723' title='bbox 1427 5200 1545 5277; x_wconf 85' lang='grc' dir='ltr'>μα’.</span> 
     </span>
    </p>
   </div>
   <div class='ocr_carea' id='block_1_108' title="bbox 1997 5194 3322 5281">
    <p class='ocr_par' dir='ltr' id='par_1_108' title="bbox 2233 5194 3322 5278">
     <span class='ocr_line' id='line_1_108' title="bbox 2233 5194 3322 5278; baseline -0.004 -17"><span class='ocrx_word' id='word_1_724' title='bbox 2233 5199 2658 5278; x_wconf 79' lang='lat' dir='ltr'><strong>Apostolorum</strong></span> <span class='ocrx_word' id='word_1_725' title='bbox 2683 5213 2946 5259; x_wconf 77' lang='lat' dir='ltr'><strong>canones</strong></span> <span class='ocrx_word' id='word_1_726' title='bbox 2976 5194 3076 5271; x_wconf 90' lang='lat'><strong>38,</strong></span> <span class='ocrx_word' id='word_1_727' title='bbox 3109 5195 3322 5268; x_wconf 77' lang='lat'><strong>40,41.</strong></span> 
     </span>
    </p>
   </div>
   <div class='ocr_carea' id='block_1_109' title="bbox 314 5285 1905 5371">
    <p class='ocr_par' dir='ltr' id='par_1_109' title="bbox 314 5291 1879 5370">
     <span class='ocr_line' id='line_1_109' title="bbox 314 5291 1879 5370; baseline 0.002 -25"><span class='ocrx_word' id='word_1_728' title='bbox 314 5293 428 5361; x_wconf 73' lang='grc' dir='ltr'>λη’,</span> <span class='ocrx_word' id='word_1_729' title='bbox 495 5294 715 5350; x_wconf 78' lang='grc' dir='ltr'>Πάντων</span> <span class='ocrx_word' id='word_1_730' title='bbox 776 5298 883 5348; x_wconf 83' lang='grc' dir='ltr'>τῶν</span> <span class='ocrx_word' id='word_1_731' title='bbox 941 5291 1419 5359; x_wconf 77' lang='grc' dir='ltr'>ἐκκλησιαστικῶν</span> <span class='ocrx_word' id='word_1_732' title='bbox 1475 5292 1807 5370; x_wconf 74' lang='grc' dir='ltr'>πραγμάτων</span> <span class='ocrx_word' id='word_1_733' title='bbox 1851 5294 1879 5348; x_wconf 85' lang='grc' dir='ltr'><strong>ὁ</strong></span> 
     </span>
    </p>
   </div>
   <div class='ocr_carea' id='block_1_110' title="bbox 1997 5285 3615 5371">
    <p class='ocr_par' dir='ltr' id='par_1_110' title="bbox 2044 5285 3615 5371">
     <span class='ocr_line' id='line_1_110' title="bbox 2044 5285 3615 5371; baseline -0.003 -19"><span class='ocrx_word' id='word_1_734' title='bbox 2044 5289 2387 5371; x_wconf 88' lang='lat' dir='ltr'><strong>38.[37]Om</strong></span> <span class='ocrx_word' id='word_1_735' title='bbox 2400 5290 2561 5350; x_wconf 90' lang='lat' dir='ltr'><strong>nium</strong></span> <span class='ocrx_word' id='word_1_736' title='bbox 2581 5307 2781 5350; x_wconf 90' lang='lat' dir='ltr'><strong>rerum</strong></span> <span class='ocrx_word' id='word_1_737' title='bbox 2806 5285 3358 5350; x_wconf 89' lang='lat' dir='ltr'><strong>ecclesiasticarum</strong></span> <span class='ocrx_word' id='word_1_738' title='bbox 3383 5285 3615 5366; x_wconf 91' lang='lat' dir='ltr'><strong>episco-</strong></span> 
     </span>
    </p>
   </div>
   <div class='ocr_carea' id='block_1_111' title="bbox 227 5374 1905 5461">
    <p class='ocr_par' dir='ltr' id='par_1_111' title="bbox 227 5379 1882 5461">
     <span class='ocr_line' id='line_1_111' title="bbox 227 5379 1882 5461; baseline -0.002 -20"><span class='ocrx_word' id='word_1_739' title='bbox 227 5385 522 5444; x_wconf 73' lang='grc' dir='ltr'>ἐπίσκοπος</span> <span class='ocrx_word' id='word_1_740' title='bbox 582 5381 762 5461; x_wconf 80' lang='grc' dir='ltr'>ἐχέτω</span> <span class='ocrx_word' id='word_1_741' title='bbox 805 5386 906 5449; x_wconf 76' lang='grc' dir='ltr'>τὴν</span> <span class='ocrx_word' id='word_1_742' title='bbox 956 5381 1227 5461; x_wconf 77' lang='grc' dir='ltr'>φροντίδα,</span> <span class='ocrx_word' id='word_1_743' title='bbox 1275 5383 1364 5437; x_wconf 85' lang='grc' dir='ltr'><strong>καὶ</strong></span> <span class='ocrx_word' id='word_1_744' title='bbox 1425 5379 1692 5438; x_wconf 88' lang='grc' dir='ltr'>διοικείτω</span> <span class='ocrx_word' id='word_1_745' title='bbox 1751 5382 1882 5437; x_wconf 73' lang='grc' dir='ltr'>αὐτὰ</span> 
     </span>
    </p>
   </div>
   <div class='ocr_carea' id='block_1_112' title="bbox 1997 5374 3611 5461">
    <p class='ocr_par' dir='ltr' id='par_1_112' title="bbox 1997 5374 3611 5458">
     <span class='ocr_line' id='line_1_112' title="bbox 1997 5374 3611 5458; baseline -0.001 -21"><span class='ocrx_word' id='word_1_746' title='bbox 1997 5399 2076 5441; x_wconf 69' lang='grc' dir='ltr'><strong>ΜΞ</strong></span> <span class='ocrx_word' id='word_1_747' title='bbox 2100 5397 2303 5440; x_wconf 85' lang='lat' dir='ltr'><strong>curam</strong></span> <span class='ocrx_word' id='word_1_748' title='bbox 2323 5387 2514 5458; x_wconf 83' lang='lat' dir='ltr'><strong>gerat,</strong></span> <span class='ocrx_word' id='word_1_749' title='bbox 2554 5385 2610 5438; x_wconf 90' lang='lat' dir='ltr'><strong>et</strong></span> <span class='ocrx_word' id='word_1_750' title='bbox 2634 5396 2734 5440; x_wconf 91' lang='lat' dir='ltr'><strong>eas</strong></span> <span class='ocrx_word' id='word_1_751' title='bbox 2762 5375 3147 5437; x_wconf 85' lang='lat' dir='ltr'><strong>administret</strong></span> <span class='ocrx_word' id='word_1_752' title='bbox 3170 5387 3450 5456; x_wconf 87' lang='lat' dir='ltr'><strong>tanquam</strong></span> <span class='ocrx_word' id='word_1_753' title='bbox 3486 5374 3611 5436; x_wconf 91' lang='lat' dir='ltr'><strong>Deo</strong></span> 
     </span>
    </p>
   </div>
   <div class='ocr_carea' id='block_1_113' title="bbox 226 5463 1905 5554">
    <p class='ocr_par' dir='ltr' id='par_1_113' title="bbox 226 5469 1876 5554">
     <span class='ocr_line' id='line_1_113' title="bbox 226 5469 1876 5554; baseline -0.004 -22"><span class='ocrx_word' id='word_1_754' title='bbox 226 5479 304 5540; x_wconf 79' lang='grc' dir='ltr'><strong>ὡς</strong></span> <span class='ocrx_word' id='word_1_755' title='bbox 337 5476 434 5532; x_wconf 76' lang='grc' dir='ltr'>τοῦ</span> <span class='ocrx_word' id='word_1_756' title='bbox 477 5475 611 5531; x_wconf 69' lang='grc' dir='ltr'>Θεοῦ</span> <span class='ocrx_word' id='word_1_757' title='bbox 655 5471 952 5553; x_wconf 70' lang='grc' dir='ltr'>ἐφορῶντος</span> <span class='ocrx_word' id='word_1_758' title='bbox 987 5488 1003 5503; x_wconf 82' lang='grc'><strong><em>⁸</em></strong></span> <span class='ocrx_word' id='word_1_759' title='bbox 1058 5473 1134 5548; x_wconf 78' lang='grc' dir='ltr'><strong>μὴ</strong></span> <span class='ocrx_word' id='word_1_760' title='bbox 1178 5471 1379 5538; x_wconf 74' lang='grc' dir='ltr'>ἰξεϊναι</span> <span class='ocrx_word' id='word_1_761' title='bbox 1427 5469 1478 5528; x_wconf 71' lang='grc' dir='ltr'>δὲ</span> <span class='ocrx_word' id='word_1_762' title='bbox 1541 5475 1682 5546; x_wconf 76' lang='grc' dir='ltr'>αὒτῷ</span> <span class='ocrx_word' id='word_1_763' title='bbox 1743 5490 1876 5554; x_wconf 74' lang='grc' dir='ltr'>σφε-</span> 
     </span>
    </p>
   </div>
   <div class='ocr_carea' id='block_1_114' title="bbox 1997 5463 3610 5554">
    <p class='ocr_par' dir='ltr' id='par_1_114' title="bbox 1997 5463 3610 5548">
     <span class='ocr_line' id='line_1_114' title="bbox 1997 5463 3610 5548; baseline -0.002 -17"><span class='ocrx_word' id='word_1_764' title='bbox 1997 5477 2260 5532; x_wconf 89' lang='lat' dir='ltr'><strong>ntuente.</strong></span> <span class='ocrx_word' id='word_1_765' title='bbox 2297 5467 2380 5530; x_wconf 83' lang='lat' dir='ltr'><strong>Ne</strong></span> <span class='ocrx_word' id='word_1_766' title='bbox 2404 5467 2578 5529; x_wconf 85' lang='lat' dir='ltr'><strong>liceat</strong></span> <span class='ocrx_word' id='word_1_767' title='bbox 2604 5474 2797 5530; x_wconf 84' lang='lat' dir='ltr'><strong>autem</strong></span> <span class='ocrx_word' id='word_1_768' title='bbox 2825 5483 2893 5527; x_wconf 85' lang='lat' dir='ltr'><strong>ex</strong></span> <span class='ocrx_word' id='word_1_769' title='bbox 2919 5465 3006 5528; x_wconf 89' lang='lat' dir='ltr'><strong>eis</strong></span> <span class='ocrx_word' id='word_1_770' title='bbox 3029 5465 3255 5548; x_wconf 88' lang='lat' dir='ltr'><strong>aliquid</strong></span> <span class='ocrx_word' id='word_1_771' title='bbox 3273 5464 3388 5528; x_wconf 92' lang='lat' dir='ltr'><strong>sibi</strong></span> <span class='ocrx_word' id='word_1_772' title='bbox 3411 5463 3610 5527; x_wconf 84' lang='lat' dir='ltr'><strong>vindi-</strong></span> 
     </span>
    </p>
   </div>
   <div class='ocr_carea' id='block_1_115' title="bbox 309 5658 1236 5738">
    <p class='ocr_par' dir='ltr' id='par_1_115' title="bbox 309 5658 1236 5738">
     <span class='ocr_line' id='line_1_115' title="bbox 309 5658 1236 5738; baseline 0.01 -22"><span class='ocrx_word' id='word_1_773' title='bbox 309 5659 374 5716; x_wconf 68' lang='lat'><strong>72</strong></span> <span class='ocrx_word' id='word_1_774' title='bbox 404 5659 588 5723; x_wconf 89' lang='lat' dir='ltr'><strong>Conc.</strong></span> <span class='ocrx_word' id='word_1_775' title='bbox 624 5658 939 5738; x_wconf 87' lang='lat' dir='ltr'><strong>Cbalced.,</strong></span> <span class='ocrx_word' id='word_1_776' title='bbox 969 5677 1078 5722; x_wconf 86' lang='lat' dir='ltr'><strong>can</strong></span> <span class='ocrx_word' id='word_1_777' title='bbox 1135 5659 1236 5725; x_wconf 71' lang='lat'><strong>26.</strong></span> 
     </span>
    </p>
   </div>
  </div>
