4134 6200
494 351 612 420 819

1691 355 1958 421 ΡΗΟΤΙΙ
2002 351 2522 420 PATRIARCHE
2565 351 2682 416 ΟΡ.

3762 350 3888 419 820

495 517 658 576 care,
690 500 780 568 vel
814 500 1072 583 prapriis
1103 501 1395 579 cognatis,
1426 517 1562 576 qua
1591 499 1699 561 Dei
1729 498 2165 578 sunt,largiri.i

2252 498 2507 578 ερίζεσθαί
2565 518 2615 552 τι
2689 492 2741 559 ἐξ
2811 497 3011 568 αὖτῶν,
3056 493 3091 562 ἣ
3137 495 3450 574 συγγενέσιν
3496 499 3534 567 ἢ
3605 497 3764 565 ἰδίοις
3817 496 3889 553 τὰ

497 594 602 657 Sin
637 601 830 654 autem
867 599 1007 653 sunt
1039 607 1358 670 pauperes,
1404 597 1469 649 ut
1518 588 1885 668 pauperibus
1915 607 2143 668 suppe-

2255 596 2316 644 οῦ
2359 587 2492 645 Θεοῦ
2533 586 2845 666 χαρίζεσθαι
2880 600 2895 615 ⁸

497 685 648 745 ditet
678 703 692 744 :
726 682 833 743 sed
861 699 980 742 non
1014 699 1221 742 eorum
1250 687 1548 760 pratextu
1581 678 1805 740 vendat
1836 696 1966 758 qua
2005 686 2144 740 sunt

2252 679 2424 756 ιγείτω
2470 678 2544 738 ὡς
2596 675 2822 741 πένησιν
2857 689 2874 706 ⁸

499 773 854 943 Εεὲδθῗίόαθ..]
888 860 1214 923 Manifesta
1234 860 1352 920 sint
1373 859 1639 940 episcopi
1660 875 1757 919 res
1783 855 2144 937 propria,si-

497 952 741 1033 quidem
773 969 873 1012 res
901 950 1081 1012 habet
1114 949 1412 1030 proprias,
1445 958 1507 1010 et
1538 947 1868 1008 manifesta
1889 964 1988 1007 res
2020 944 2143 1006 Do-

2944 585 2987 640 εί
3045 582 3100 640 δὲ
3158 585 3390 652 πένητες
3449 588 3594 663 εἶεν,
3633 591 3888 668 ἐπιχορ-

2923 672 3063 729 άλλᾶ
3107 674 3186 749 μὴ
3245 677 3508 755 προνράσει
3542 679 3782 752 τούτων,
3818 678 3888 733 τὰ

2222 771 2321 832 τῆς
2353 763 2679 831 Ἐκκλησίας
2711 759 3120 836 ἁπεμπολείτω.

2306 854 2398 929 μ’.
2440 854 2624 911 Ἔστω
2667 852 2866 932 φανερὰ
2910 851 2974 908 τὰ
3045 851 3160 908 ἴδια
3216 861 3312 912 τοῦ
3367 855 3674 914 ἐπισκόπου
3731 857 3890 932 τυράο

2227 965 2432 1022 γματα,
2466 942 2519 998 εἴ
2548 963 2610 1018 γε
2642 943 2731 998 καὶ
2762 938 2874 995 ἴδια
2907 940 3026 1020 ’ἔχει
3063 954 3079 971 ⁹
3131 943 3218 997 καὶ
3267 945 3469 1022 φανερὰ
3510 946 3578 1001 τὰ
3613 945 3890 1023 Κυριακὰ,

501 1028 741 1104 minica
775 1061 789 1101 :
825 1053 890 1101 ut
941 1041 1020 1102 sit
1068 1028 1128 1100 in
1180 1028 1472 1119 potestate
1505 1037 1818 1098 morientis
1852 1035 2142 1116 episcopi,

2257 1032 2302 1088 ν’
2334 1032 2570 1098 ἐξουσίαν
2605 1032 2714 1110 ἔχῃ
2765 1032 2870 1087 τῶν
2901 1028 3044 1086 ἰδίων
3078 1030 3343 1090 τελευτῶν
3374 1035 3402 1089 ὁ
3430 1034 3698 1090 ἐπίσκοπε
3713 1056 3763 1113 ς,
3797 1033 3895 1098 οἷς

499 1131 749 1212 propria
776 1130 998 1208 quibus
1020 1130 1143 1191 vult
1169 1139 1228 1190 et
1252 1129 1375 1188 vult
1406 1127 1770 1206 relinquere,
1805 1135 1863 1187 et
1893 1144 2009 1185 non
2042 1142 2144 1186 re—

500 1223 870 1302 linquere,et
904 1240 1024 1280 non
1053 1237 1256 1280 rerum
1293 1217 1836 1278 ecclesiasticarum
1869 1223 2152 1293 pratextu

501 1331 601 1374 res
617 1311 888 1392 episcopi
911 1307 1429 1388 intercipiunt,qui
1455 1324 1881 1386 nonnunquam
1906 1321 2151 1365 uxorem

505 1401 684 1464 habet
707 1398 1126 1473 etliberos,vel
1145 1395 1560 1476 cognatos,vel
1583 1393 1970 1457 famulos.Est
1992 1392 2150 1454 enim

499 1491 728 1572 justum
760 1490 824 1541 73
852 1489 1009 1570 apud
1037 1490 1225 1551 Deum
1253 1495 1310 1547 et
1334 1487 1638 1559 homines,
1665 1493 1728 1545 ut
1751 1502 1861 1544 nec
1884 1480 2154 1572 Ecclesia

504 1571 790 1641 damnum
823 1577 1068 1658 aliquod
1105 1576 1364 1656 accipiat
1391 1582 1636 1654 propter
1659 1590 1860 1635 rerum
1884 1571 2152 1651 episcopi

430 1689 434 1696 ·
506 1668 982 1746 ignorationem:
1013 1685 1124 1728 nec
1150 1666 1475 1746 episc0pus
1496 1663 1594 1725 vel
1615 1664 1746 1742 ejus
1769 1661 2002 1742 cognati
2035 1660 2150 1721 Ec-

509 1756 709 1818 clesia
733 1763 1020 1835 praetextu
1045 1751 1623 1834 proscribantur,vel
1642 1753 1700 1811 in
1726 1751 1960 1829 negotia
1982 1749 2152 1809 lites-

2229 1121 2478 1199 βούλεται
2521 1121 2609 1176 καὶ
2652 1123 2724 1182 ὡς
2771 1119 3016 1195 βούλεται
3073 1119 3408 1196 καταλεϊψαι
3443 1138 3457 1152 '
3490 1124 3582 1178 xxi
3616 1124 3697 1197 μὴ
3750 1145 3891 1196 προ-

2232 1213 2391 1292 φάσει
2463 1217 2567 1266 τῶν
2617 1209 3084 1273 ἐκκλησιαστικῶν
3144 1211 3505 1287 πραγμάτων,
3575 1211 3893 1268 διαπίπτειν

2234 1303 2300 1357 τὰ
2353 1310 2446 1358 τοῦ
2499 1301 2818 1372 ἐπισκόπου,
2866 1289 2978 1355 ’ἐσθ’
3007 1299 3095 1356 ὅτε
3134 1314 3370 1376 γυναῖκα
3401 1303 3500 1359 καῖ
3531 1301 3736 1364 παῖδας
3787 1323 3896 1358 κε-

2232 1391 2525 1465 κτημένο),
2578 1389 2614 1457 ἢ
2675 1402 2955 1466 συγγενεῖς
2999 1388 3036 1455 ἣ
3064 1390 3273 1451 οἰκέταις
3301 1407 3314 1421 ·
3349 1389 3556 1449 δίκαιον
3590 1394 3694 1470 γὰρ
3724 1398 3896 1450 τοῦτο

2233 1480 2376 1557 παρὰ
2406 1486 2523 1553 θεῷ
2578 1481 2667 1536 καὶ
2708 1478 3030 1553 ἀνθρώποις,
3088 1480 3150 1536 τὸ
3195 1480 3335 1553 μήτε
3391 1482 3491 1548 τὴν
3551 1481 3898 1548 Ἐκκλησίαν

2234 1571 2432 1644 ζημίαν
2494 1571 2608 1625 τινὰ
2662 1569 2975 1646 ὑπομένειν,
3035 1569 3222 1646 ἀγνοίᾳ
3265 1573 3373 1626 τῶν
3429 1578 3526 1627 τοῦ
3584 1571 3897 1628 ἐπισκόπου

2233 1660 2586 1737 πραγμάτων,
2651 1659 2790 1731 μήτε
2844 1660 2935 1713 τὸν
2982 1657 3274 1714 ἐπίσκοπον
3307 1659 3341 1727 ἢ
3378 1661 3504 1721 τοὺς
3536 1663 3700 1717 αὒτοῦ
3748 1683 3895 1738 συγ-

2235 1761 2436 1827 γενεῖς,
2470 1749 2732 1828 προφάσει
2763 1753 2862 1814 τῆς
2913 1746 3265 1822 Ἐκκλησίας,
3319 1747 3646 1823 δημεύεσθαι
3682 1767 3696 1780 ⁸
3730 1751 3768 1818 ἣ
3801 1753 3899 1807 καὶ

511 1863 628 1924 que
651 1845 944 1919 incidant,
972 1845 1073 1924 qui
1092 1844 1163 1904 ad
1186 1860 1322 1905 eum
1347 1847 1624 1914 attinent,
1653 1850 1710 1901 et
1732 1841 1866 1918 ejus
1897 1853 2150 1898 moraem

2252 1840 2312 1902 είς
2340 1838 2630 1915 πράγματα
2661 1836 2946 1911 ἐμπίπτειν
2990 1838 3112 1894 τοὺς
3174 1838 3318 1910 αύτῷ
3373 1836 3752 1919 διαφέροντας,
3801 1841 3900 1897 καὶ

510 1933 845 1996 maledictis
874 1931 1274 2012 infaustisque
1299 1929 1500 1992 verbis
1533 1937 1994 2010 prosequantur.

589 2024 730 2084 538
759 2024 827 2084 41
869 2023 1033 2104 [40].
1067 2021 1365 2085 Jubomus
1416 2021 1762 2099 episcopum
1795 2037 1998 2080 rerum
2033 2018 2153 2080 Ec-

513 2113 717 2174 clesia
774 2121 1127 2192 potestatem
1188 2110 1416 2172 habere
1443 2109 1527 2172 7‘.
1563 2110 1623 2171 Si
1683 2108 1841 2169 enim
1875 2107 2157 2188 pretiosa

512 2201 829 2264 hominum
861 2203 1077 2263 anima
1106 2208 1243 2262 sunt
1275 2200 1329 2262 ei
1380 2197 1722 2271 credenda,
1758 2199 1942 2258 multo
1969 2195 2156 2274 magis

514 2293 569 2354 ei
601 2301 741 2353 sunt
785 2289 1230 2352 committenda
1279 2287 1575 2368 pecunia,
1612 2297 1669 2348 et
1701 2287 1762 2347 in
1796 2287 1928 2366 ejus
1959 2291 2035 2346 sit
2064 2285 2156 2345 fa-

514 2381 735 2442 cultate
768 2381 970 2441 omnia
1003 2377 1451 2449 administrare,
1487 2386 1546 2438 et
1572 2377 1646 2436 iis
1700 2376 1801 2455 qui
1846 2383 2022 2454 egent
2052 2390 2159 2453 per

514 2471 900 2550 presbyteros
931 2479 990 2531 et
1046 2468 1335 2530 diaconos
1393 2465 1852 2528 subministrare
1885 2483 2018 2526 cum
2052 2462 2159 2525 Dei

514 2559 758 2634 timore,
794 2567 852 2619 et
896 2557 1058 2618 omni
1089 2557 1410 2633 religione,
1445 2564 1503 2616 et
1547 2557 1754 2627 etiam,
1793 2555 1841 2615 si
1873 2555 1952 2614 sit
1980 2571 2152 2634 opus,

513 2649 574 2709 in
609 2647 1017 2708 necessarium
1045 2663 1221 2707 suum
1276 2663 1448 2705 usum
1481 2662 1777 2724 accrpere,
1812 2653 1870 2703 et
1909 2643 2155 2703 fratrum

515 2735 616 2816 qui
649 2734 911 2813 hospitio
943 2733 1354 2813 excipiuntur,
1387 2733 1470 2792 ita
1516 2741 1580 2793 ut
1626 2733 1752 2812 ipse
1783 2731 1945 2792 nullo
1979 2729 2157 2791 modo

516 2835 708 2901 egeat.
745 2825 862 2884 Lex
889 2824 1051 2886 enim
1083 2822 1190 2884 Dei
1214 2823 1330 2883 hoc
1363 2820 1567 2900 habet,
1601 2832 1664 2882 ut
1693 2820 1795 2902 qui
1833 2820 2006 2881 altari
2055 2838 2158 2881 as-

517 2912 739 2988 sident,
773 2929 846 2974 ex
893 2912 1068 2974 altari
1116 2912 1353 2972 alantur
1382 2912 1446 2962 75
1478 2929 1491 2974 :
1527 2909 2015 2990 quandoquidem
2052 2927 2163 2970 nec

521 3003 696 3064 miles
750 3021 1016 3080 unquam
1067 3019 1176 3063 suo
1219 3001 1434 3062 viatico
1467 3002 1752 3062 adversus
1784 3001 1988 3062 hostes
2019 3017 2162 3078 pro-

519 3091 812 3170 greditur.

732 3267 1002 3330 Concil'ii
1030 3270 1399 3333 Ant-iocheni
1425 3287 1682 3332 canones
1710 3268 1812 3344 24,
1849 3269 1950 3329 25.

600 3361 704 3423 2’1.
737 3358 924 3422 Recte
959 3359 1158 3435 habet,
1188 3370 1248 3421 ut
1276 3378 1345 3421 ea
1375 3379 1506 3441 qua
1531 3360 1842 3439 Ecclesia,
1876 3358 2166 3422 Ecclesia

520 3457 841 3512 serventur
861 3468 996 3511 cum
1047 3451 1211 3511 omni
1243 3451 1385 3512 boni
1419 3451 1813 3531 conscientia,
1864 3457 1923 3513 et
1956 3449 2072 3512 fide
2101 3449 2165 3511 in

523 3540 792 3602 omnium
830 3539 1147 3620 prasidem
1183 3540 1531 3621 etjudicem
1562 3541 1753 3603 Deum
1787 3563 1800 3602 :
1831 3559 1962 3622 qua
1986 3540 2164 3600 etiam

520 3628 930 3692 administrari
984 3631 1269 3693 convenit
1316 3649 1451 3693 cum
1497 3631 1756 3711 judicio,
1787 3642 1848 3692 et
1878 3638 2171 3713 potestate

523 3719 824 3800 episcopi,
857 3725 954 3781 cui
1006 3728 1101 3782 est
1156 3720 1324 3782 omni
1370 3721 1626 3801 populus
1654 3721 1941 3796 creditus,
1974 3728 2032 3780 et
2060 3737 2170 3780 eo-

521 3828 654 3872 rum
688 3809 904 3871 anima
936 3828 1069 3890 qua
1122 3811 1184 3872 in
1242 3811 1574 3873 Ecclesiam
1621 3811 2006 3872 conveniunt.
2041 3807 2172 3871 Sint

521 3909 721 3961 autem
785 3899 1111 3961 manifesta
1169 3919 1300 3981 qua
1349 3900 1422 3961 ad
1476 3898 1804 3962 Ecclesiam
1867 3899 2175 3978 pertinent

527 4008 661 4051 cum
697 3989 1041 4067 cognitione
1092 3991 1580 4070 presbyterorum
1635 4001 1696 4050 et
1753 3988 2170 4061 diaconorum,

526 4083 627 4159 qui
651 4093 787 4140 sunt
817 4080 976 4140 circa
1007 4098 1169 4151 eum,
1203 4089 1265 4140 ut
1287 4084 1478 4140 sciant
1500 4087 1559 4139 et
1591 4097 1709 4139 non
1744 4077 2022 4156 ignorent
2045 4094 2175 4156 qua

526 4177 664 4229 sunt
696 4169 932 4248 propria
960 4167 1270 4242 Ecclesia,
1308 4176 1370 4228 ut
1403 4166 1553 4227 nihil
1585 4166 1745 4245 ipsos
1779 4168 1955 4227 lateat
1988 4185 2004 4228 :
2042 4165 2175 4226 utsi

529 4257 841 4334 conlingat
870 4257 1223 4336 episcopum
1253 4276 1286 4318 e
1318 4258 1431 4316 vita
1465 4259 1743 4334 migrare,
1778 4255 1852 4316 iis
1883 4255 2172 4316 manifes-

528 4347 602 4406 tis
635 4346 1063 4406 exsistentibus
1094 4365 1224 4426 qua
1268 4347 1340 4406 ad
1373 4345 1702 4407 Ecclesiam
1733 4345 2059 4427 pertinent,
2096 4363 2170 4406 ne

530 4454 600 4496 ea
633 4434 995 4496 intercidant
1019 4445 1078 4497 et
1103 4445 1351 4516 pereant
1385 4454 1397 4495 :
1436 4455 1547 4496 nec
1576 4454 1707 4515 qua
1756 4445 1898 4496 sunt
1929 4435 2171 4514 propria

528 4524 820 4604 episcopi,
882 4535 1172 4604 pratequ
1227 4543 1430 4588 rerum
1483 4526 2027 4586 ecclesia<ticarum
2064 4543 2169 4586 ve-

528 4584 771 4676 xlentur'.
806 4584 909 4676 Esi
927 4584 1460 4696 amissaa
1489 4584 1644 4695 sua
1667 4584 1864 4677 Deum
1891 4584 1962 4675 εί
1984 4584 2173 4674 liomi-
2195 4584 2238 4635 ο

529 4723 638 4766 nes
668 4713 1006 4784 acceptum,
1036 4715 1098 4766 ut
1147 4706 1470 4786 episcopus
1503 4705 1743 4784 prouria
1773 4703 1991 4784 quibus
2036 4704 2176 4764 velit

525 4795 855 4870 relinquat.
888 4795 1029 4866 Qua
1063 4805 1202 4856 sunt
1228 4805 1423 4856 autem
1447 4794 1757 4866 Ecclesia,
1794 4793 1907 4875 ipsi
1937 4812 2178 4854 serven-

528 4891 649 4959 tur,
686 4893 743 4946 et
772 4886 912 4945 559
943 4903 1053 4946 nec
1099 4884 1373 4948 Ecclesia
1405 4885 1687 4945 damnum
1721 4884 1959 4962 aliquod
1988 4883 2172 4943 susti-

530 4983 690 5047 neat,
729 4993 836 5034 nec
870 4974 1192 5054 episcopus
1246 4974 1538 5036 Ecclesia
1593 4980 1876 5052 praetextu
1913 4971 2178 5050 proscri-

530 5062 724 5136 batur,
763 5064 850 5123 vel
883 5063 984 5142 qui
1016 5064 1090 5124 ad
1143 5083 1281 5126 eum
1325 5067 1602 5136 attinent,
1659 5063 1719 5122 in
1755 5061 1990 5139 negotia
2020 5060 2178 5120 inci-

531 5152 674 5212 dant
699 5171 830 5212 cum
866 5171 961 5228 eo,
999 5155 1159 5234 quod
1193 5164 1250 5214 et
1282 5154 1476 5234 ipsum
1537 5161 1671 5236 post
1715 5160 1970 5213 mortem
2007 5149 2179 5210 malis

533 5240 812 5301 omnibus
844 5251 1308 5322 prosequantur.

569 5418 890 5500 25.Episco
902 5437 1010 5500 pus
1028 5419 1244 5482 habeat
1261 5438 1467 5484 rerum
1490 5420 1777 5483 Ecclesia
1799 5426 2174 5501 potestatem,

536 5517 604 5571 ut
622 5526 724 5572 eas
747 5511 808 5570 in
827 5528 1040 5572 omnes
1076 5518 1319 5591 egentes
1340 5511 1647 5592 dispenset
1665 5529 1800 5573 cum
1825 5508 2010 5571 multa
2031 5527 2176 5570 cau-

2235 1929 2328 1984 τὸν
2359 1929 2520 1984 αὒτου
2547 1928 2772 1986 θάνατον
2804 1927 3076 2006 δυσφημίᾳ
3107 1925 3546 2004 περιϐάλλεσθαι.

2317 2016 2439 2092 μα’,
2491 2017 2904 2096 Προστάσσομεν
2939 2017 3030 2072 τὸν
3076 2015 3371 2073 ἐπίσκοπον
3434 2018 3590 2099 ’ἐχειν
3647 2020 3900 2086 ἐξουσίαν

2237 2115 2344 2164 τῶν
2395 2107 2493 2174 τῆς
2550 2105 2881 2172 Ἐκκλησίας
2937 2108 3270 2183 πραγμάτων
3303 2127 3318 2141 ·
3368 2110 3413 2164 εἷ
3442 2111 3545 2188 γὰρ
3576 2111 3672 2172 τὰς
3704 2111 3898 2184 τιμίας

2238 2203 2345 2254 τῶν
2399 2196 2692 2274 ἀνθρώπων
2749 2197 2932 2274 ψυχὰς
2992 2198 3137 2268 αὐτῷ
3199 2198 3536 2272 πιστευτέον,
3593 2198 3784 2275 πολλῷ
3831 2203 3898 2256 ἂν

2238 2283 2346 2343 δέοι
2373 2287 2492 2362 περὶ
2520 2288 2625 2341 τῶν
2656 2286 2960 2364 χρημάτων
3011 2283 3351 2342 ἐντέλλεσθαι
3389 2304 3402 2317 ·
3450 2287 3592 2345 ὥστε
3621 2291 3762 2346 κατὰ
3793 2291 3901 2357 τὴν

2239 2380 2398 2434 αὐτοῦ
2425 2375 2662 2441 ἐξουσίαν
2693 2375 2868 2430 πάντα
2925 2373 3246 2431 διοικεῖσθαι
3296 2390 3419 2441 τοῖς
3465 2376 3744 2454 δεομένοις
3808 2379 3900 2436 διὰ

2240 2468 2346 2523 τῶν
2392 2464 2760 2543 πρεσϐυτέρων
2807 2466 2895 2522 καὶ
2954 2461 3239 2536 διακόνων,
3293 2466 3384 2524 καί
3433 2467 3901 2548 ἐπιχορηγεῖσθχι

2241 2558 2377 2631 μετὰ
2435 2553 2599 2634 φόϐοι.
2658 2562 2792 2611 Θεοῦ
2849 2557 2938 2610 καὶ
2997 2557 3177 2622 πάσης
3235 2555 3514 2623 εὖλαϐείας
3549 2576 3564 2590 ⁸
3613 2559 3900 2635 μεταλαμο

2237 2644 2413 2702 ϐάνειν
2446 2645 2501 2700 δὲ
2533 2645 2621 2700 καὶ
2653 2645 2809 2702 αὐτὸν
2840 2645 2947 2700 τῶν
2977 2643 3227 2720 δεόντων,
3277 2643 3396 2724 εἴγε
3446 2646 3619 2705 δέοιτο
3679 2651 3751 2713 είς
3798 2651 3896 2713 τὰς

2239 2733 2530 2812 ἀναγκαίας
2590 2735 2754 2791 αὖτοῦ
2838 2734 3047 2812 χρείας,
3129 2738 3216 2790 καὶ
3294 2741 3403 2791 τῶν
3466 2736 3892 2812 ἐπιξενουμένων

2242 2822 2511 2904 ἀδελφῶν,
2555 2825 2628 2886 ὡς
2687 2824 2823 2878 κατὰ
2882 2821 3087 2898 μηδένα
3142 2824 3339 2901 τρόπον
3385 2827 3578 2892 αὐτοὺς
3636 2829 3893 2906 ὑστερεῖ-

2244 2917 2364 2970 σθαι
2398 2932 2412 2947 θ
2459 2915 2486 2968 ὃ
2519 2914 2619 2991 γὰρ
2650 2913 2814 2987 νόμος
2860 2915 2952 2968 τοι]
2996 2920 3128 2968 Θεοῦ
3171 2913 3472 2986 διετάξατο,
3515 2917 3636 2981 τοὺς
3687 2923 3762 2991 τῷ
3793 2921 3893 2974 θυ-

2247 3001 2545 3077 σιαστηρίῳ
2581 3000 3054 3078 προσεδρεύοντας,
3085 3001 3148 3058 ἐκ
3203 3004 3298 3059 τοῦ
3353 3007 3728 3084 θυσιαστηρίου
3768 3006 3898 3084 τρέ-

2249 3094 2437 3170 φεσθαι
2469 3107 2483 3121 ⁸
2545 3090 2762 3165 ἐπείπερ
2811 3090 2929 3149 οὗδέ
2973 3092 3308 3169 στρατιώτης
3357 3094 3490 3150 ποτὲ
3533 3093 3681 3158 ἰδίοις
3735 3097 3894 3171 ὀψω-

2180 3222 2222 3273 c
2250 3183 2404 3260 νίοις,
2437 3179 2577 3237 ὅπλα
2601 3181 2739 3237 κατὰ
2769 3179 3040 3252 πολεμίων
3079 3181 3410 3262 ἐπιφέρεται.

2528 3268 2757 3326 Συνόδου
2788 3270 3126 3350 Ἀντιοχείας
3157 3273 3334 3328 κανὼν
3366 3271 3470 3346 κδ’,
3501 3275 3607 3334 κε’.

2326 3359 2438 3420 κδ’.
2473 3361 2548 3418 Τὰ
2579 3361 2676 3428 τῆς
2708 3359 3064 3433 Ἐκκλησίας,
3102 3363 3169 3437 τῇ
3201 3360 3504 3435 Ἐκγλησίᾳ
3534 3363 3714 3428 καλῶς
3745 3365 3900 3446 ἔχειν

2247 3450 2602 3529 φυλάττεσθαι
2660 3447 2766 3518 δεῖ,
2817 3451 2955 3524 μετὰ
2999 3451 3182 3515 πάσης
3228 3450 3542 3526 ἐπιμελείας
3609 3456 3695 3511 καὶ
3752 3456 3897 3532 ἀγα-

2247 3545 2345 3608 θῆς
2397 3537 2752 3608 συνειδήσεως
2793 3541 2881 3595 καὶ
2938 3541 3172 3603 πίστεως
3232 3545 3332 3607 τῆς
3390 3544 3466 3603 εἷς
3535 3545 3627 3599 τὶιν
3683 3545 3900 3602 πάντων

2251 3629 2444 3709 ἔφορον
2473 3630 2562 3685 καὶ
2591 3629 2780 3707 κριτὴν
2815 3629 2946 3685 Θεόν
2983 3646 2997 3664 ·
3050 3629 3082 3684 ἃ
3129 3632 3216 3687 καὶ
3274 3629 3599 3690 διοικεῖσθαι
3638 3637 3902 3713 προσήκει

2253 3721 2391 3795 μετὰ
2443 3718 2668 3796 κρίσεως
2738 3719 2828 3774 καὶ
2873 3717 3111 3784 ἐξουσίας
3154 3727 3246 3776 τοῦ
3289 3721 3613 3793 ἐπισκόπου,
3664 3731 3753 3780 τοῦ
3797 3747 3901 3781 πε-

2254 3807 2609 3884 πιστευμένου
2651 3808 2824 3864 πάντα
2865 3809 2958 3864 τὸν
2996 3807 3127 3863 λαὸν
3175 3811 3263 3866 καὶ
3292 3811 3387 3872 τὰς
3419 3813 3606 3890 ψυχὰς
3640 3815 3741 3870 τῶν
3768 3837 3900 3871 συν-

2255 3897 2536 3976 αγομένων
2570 3913 2583 3930 ·
2639 3898 2841 3977 φανερὰ
2882 3895 2937 3953 δὲ
2975 3898 3121 3954 εἶναι
3165 3899 3231 3955 τὰ
3289 3897 3611 3980 διαφέροντα
3653 3909 3720 3978 τῇ
3764 3902 3899 3962 Ἐκ-

2255 3987 2475 4065 Αλησίᾳ,
2512 3988 2647 4060 μετὰ
2693 3985 2940 4062 γνώσεως
2997 3992 3104 4042 τῶν
3161 3990 3280 4065 περὶ
3318 3991 3476 4046 αὐτὸν
3528 3990 3903 4069 πρεσϐυτέρων

2254 4079 2342 4134 xxi
2372 4075 2631 4133 διακόνων
2669 4093 2682 4107 ’
2718 4075 2856 4132 ὥστε
2888 4079 3106 4141 τούτους
3142 4075 3356 4150 εἰδέναι,
3403 4082 3492 4136 καὶ
3547 4082 3627 4154 μὴ
3686 4083 3903 4158 ἀγνοεῖν

2257 4169 2372 4223 τίνα
2427 4165 2558 4222 ποτέ
2608 4166 2719 4222 ἐστι
2769 4167 2835 4222 τὰ
2887 4164 2999 4222 ἴδια
3029 4165 3124 4233 τῆς
3161 4166 3488 4234 Ἐκκλησίας

2254 4255 2441 4314 αὖτοὺς
2476 4254 2750 4311 λανθάνειν
2787 4276 2801 4289 ο

3498 4217 3514 4247 ,
3548 4170 3690 4226 ὥστε
3731 4171 3904 4246 μηδὲν

2845 4254 2924 4309 ἵν’
2972 4258 3016 4310 εἰ
3047 4254 3282 4330 συμϐαίη
3313 4259 3406 4313 τὸν
3437 4258 3731 4316 ἐπῖσκοπον
3760 4282 3901 4334 μετ-

2255 4345 2536 4401 αλλάττειν
2580 4347 2672 4399 τὸν
2729 4345 2864 4420 βίον,
2917 4351 3157 4422 φανερῦν
3211 4343 3378 4402 ὄντων
3437 4354 3544 4404 τῶν
3619 4347 3904 4428 διαφερόν-

2252 4447 2359 4491 των
2405 4441 2472 4506 τῇ
2530 4432 2828 4505 Ἐκκλησία
2887 4436 3243 4510 πραγμάτων,
3323 4437 3463 4509 μήτε
3528 4439 3663 4494 αὖτὰ
3719 4437 3905 4496 διαπί-

2255 4547 2414 4581 πτειν
2467 4523 2556 4580 καὶ
2598 4523 2954 4595 ἀπόλλυσθαι,
3015 4525 3158 4599 μήτε
3196 4526 3264 4582 τά
3321 4525 3436 4582 ἴδια
3485 4535 3575 4585 τοῦ
3606 4529 3906 4588 ἐπισκόπου

2256 4612 2627 4693 ἐνοχλεῖσθαι,
2687 4614 2950 4692 προφάσει
2980 4619 3086 4668 τῶν
3133 4614 3598 4686 ἐκκλησιαστικῶν
3643 4620 3906 4696 πραγμά-

2253 4721 2407 4760 των’
2484 4701 2685 4758 δίκαιον
2755 4704 2855 4779 γὰρ
2911 4704 2999 4758 καὶ
3058 4701 3280 4780 ἀρεστὸν
3339 4706 3483 4783 παρὰ
3527 4729 3583 4763 τε
3644 4716 3758 4781 Θεῴ
3816 4710 3906 4764 καὶ

2257 4791 2578 4867 ἀνθρώποις,
2633 4792 2698 4846 τά
2754 4789 2867 4846 ἴδια
2916 4798 3009 4846 τοῦ
3071 4792 3394 4871 ἐπισκόπου,
3466 4796 3557 4857 οἷς
3620 4796 3683 4852 ἂν
3746 4799 3904 4859 αὒτὸς

2255 4881 2515 4958 βούληται
2567 4877 3089 4960 καταλιμπάνεσθαι,
3136 4882 3203 4937 τὰ
3247 4883 3433 4955 μέντοι
3504 4890 3603 4950 τῆς
3662 4885 3902 4954 Ἐκκλη-

2262 4971 2377 5032 σίας
2435 4968 2568 5044 αὒτῇ
2617 4966 2972 5048 φυλάττεσθαι
3004 4985 3019 5000 ⁹
3097 4970 3184 5026 xxi
3247 4973 3386 5045 μήτε
3431 4973 3528 5040 τὴν
3576 4973 3904 5040 Ἐκκλησίαν

2260 5059 2547 5117 ὑπομένειν
2577 5059 2696 5114 τινὰ
2752 5058 2971 5131 ζημίαν,
3007 5059 3144 5130 μήτε
3199 5061 3290 5115 τὸν
3320 5059 3614 5117 ἐπίσκοπον
3647 5063 3906 5141 προφάσει

2261 5149 2357 5216 τῆς
2417 5145 2743 5213 Ἐκκλησίας
2820 5147 3171 5224 δημεύεσθαι,
3229 5149 3264 5216 ἢ
3322 5151 3412 5206 καὶ
3470 5151 3542 5211 εἰς
3613 5152 3906 5228 πράγματα

2261 5237 2546 5314 ἐμπίπτειν
2586 5237 2709 5300 τοὺς
2743 5235 2887 5310 αὐτῷ
2915 5235 3285 5315 διαφέροντας,
3321 5241 3460 5314 μετὰ
3502 5243 3597 5298 τοῦ
3628 5242 3718 5298 καὶ
3749 5242 3905 5298 αὐτὸν

2261 5329 2398 5405 μετὰ
2425 5327 2649 5384 θάνατον
2680 5323 2950 5406 δυσφημίᾳ
2979 5324 3419 5404 περιϐάλλεσθαι,

2343 5416 2446 5476 κε’.
2475 5416 2809 5475 Ἐπίσκοπον
2839 5414 2989 5496 ἔχειν
3020 5421 3125 5472 τῶν
3156 5417 3252 5485 τῆς
3287 5414 3614 5487 Ἐκκλησίας
3646 5422 3900 5499 πραγμά-

2262 5529 2367 5564 των
2411 5506 2674 5582 ἐξουσίαν,
2733 5505 2872 5562 ὥστε
2931 5503 3160 5562 διοικεῖν
3218 5507 3291 5571 εἷς
3323 5508 3526 5574 πάντας
3557 5511 3678 5574 τοὺς
3710 5507 3904 5585 δεομέ-

617 5707 678 5758 73
695 5707 976 5772 Antioch.
1007 5727 1141 5772 can.
1167 5709 1273 5776 24.
1301 5709 1363 5760 74
1385 5707 1627 5780 Quasit.
1658 5706 1759 5782 12,
1786 5725 1834 5768 c.
1869 5706 2292 5788 Pracipimus;
2312 5702 2585 5768 Antioch.
2624 5721 2756 5770 can.
2789 5703 2889 5770 25.
2914 5705 2978 5758 75
2999 5706 3175 5770 Deut.
3200 5721 3373 5783 xvm,
3403 5709 3426 5767 t
3453 5726 3469 5786 ;
3495 5703 3520 5768 Ι
3544 5704 3678 5769 Cor.
3697 5723 3776 5782 ix,
3806 5706 3902 5772 t3.
