4134 6200
261 329 367 398 821
1097 335 1521 404 SYNTAGMA
1562 337 1820 404 CANON
1827 338 1888 402 U1

2006 369 2086 384 —
2128 336 2286 402 TIT.
2331 337 2408 412 Χ,
2455 336 2620 401 CAP.
2669 335 2782 401 III.
3520 333 3639 402 822

252 478 545 567 νουςῗμετά
589 479 771 546 πάσης
819 477 1119 558 εὐλαϐείας,
1169 484 1256 540 καὶ
1298 481 1464 561 φόϐου
1508 490 1643 541 Θεοῦ
1681 501 1694 518 ⁸
1730 505 1888 559 μετα-

1989 484 2149 545 tione
2173 491 2229 545 et
2251 482 2360 546 Dei
2384 482 2599 545 timore
2626 499 2641 542 :
2667 481 2803 560 ipse
2825 488 3024 542 autem
3051 482 3289 559 eorum,
3321 502 3457 562 qua
3490 503 3641 567 opus

254 565 551 643 λαμϐάνειν
593 567 648 624 δὲ
691 570 779 626 καὶ
823 571 983 626 αὐτὸν
1024 577 1132 628 τῶν
1181 570 1431 647 δεόντων,
1478 573 1533 630 εἴ
1590 596 1651 653 γε
1703 573 1888 650 δέοιτοΙ

1986 574 2186 643 est,sit
2207 573 2511 653 particeps
2525 572 2596 633 ad
2615 590 2756 633 usus
2775 571 3247 653 necessarlos,et
3268 575 3516 636 fratrum
3531 565 3639 656 qui

252 659 326 723 εἰς
357 661 453 722 τὰς
485 659 780 738 ἀναγκαίας
826 658 986 718 αὒτοῦ
1039 662 1228 741 χρείας
1285 664 1372 720 καὶ
1415 668 1520 720 τῶν
1579 663 1707 743 παρ’
1758 668 1888 736 αὐτᾷ

1985 663 2140 744 apud
2170 681 2305 725 eum
2329 662 2594 742 liOSpitio
2617 660 3108 740 excipiuntur.ut
3130 662 3244 744 ips:
3269 665 3434 727 nullo
3459 665 3636 728 modo

249 747 674 826 ἐπιξενουμένων
759 747 1003 830 ἀδελφῶν
1035 767 1050 783 ·
1114 753 1188 816 ὣς
1245 753 1381 808 κατά
1439 751 1646 827 μηδένα
1703 761 1900 832 τρόπον

248 840 441 902 αὖτοὺς
507 841 869 918 ὑστερεῖσθαι,
943 840 1082 897 κατᾶ
1164 843 1258 898 τὸν
1345 845 1494 898 θεῖον
1565 841 1900 900 Ἀπόστολον

246 929 503 1009 λέγοντα,
535 929 806 1009 ’Ἔχοντες
838 927 1126 1009 διατροφὰς
1181 933 1269 988 καὶ
1325 933 1710 1013 σκεπάσματα,
1771 933 1901 990 τού-

248 1041 366 1082 τοις
396 1018 834 1096 ἀρκεσθησόμεθα
868 1033 884 1049 ⁶
949 1021 992 1076 εἰ
1036 1017 1091 1075 δὲ
1133 1021 1212 1096 μὴ
1257 1021 1464 1086 τούτοις
1498 1019 1747 1100 ὂρκοῖτο,
1795 1043 1900 1098 με-

246 1106 511 1166 ταϐάλλοι
556 1106 612 1164 δὲ
655 1109 720 1165 τὰ
777 1109 1068 1189 πράγματα
1123 1113 1196 1175 εἷς
1229 1111 1430 1176 οἰκείας
1461 1112 1652 1171 ἑαυτοῦ
1687 1133 1898 1192 χρειας,

248 1197 347 1255 καί
398 1199 512 1259 τοὺς
548 1199 743 1276 πόρους
776 1203 875 1266 τῆς
906 1197 1262 1279 ἐκκλησίας,
1311 1203 1347 1268 ἢ
1390 1202 1512 1262 τοὺς
1557 1202 1664 1259 τῶν
1723 1201 1901 1279 ἀγρῶν

245 1287 514 1367 καρποὺς,
559 1289 639 1362 μὴ
689 1289 825 1360 μετὰ
867 1290 1093 1367 γνώμης
1137 1293 1243 1345 τῶν
1274 1289 1642 1370 πρεσϐυτέρων
1686 1291 1721 1360 ἢ
1778 1289 1900 1348 δια-

246 1379 424 1434 κόνων
465 1378 720 1457 χειρίζοι,
751 1375 872 1434 ἀλλ’
920 1378 1135 1442 οἶκείοις
1183 1383 1368 1460 αὖτοῡ,
1414 1381 1502 1438 καὶ
1561 1380 1898 1459 συγγενέσιν,

249 1469 286 1535 ἢ
335 1465 617 1547 ἀδελφοῖς,
663 1467 699 1535 ἢ
729 1468 870 1530 υἱοῖς
916 1467 1256 1548 παράσχοιτο
1286 1470 1387 1536 τὴν
1430 1468 1691 1538 ἐξουσίαν,
1736 1473 1809 1531 εἰς
1840 1471 1902 1527 τὸ

246 1556 337 1614 διὰ
394 1566 502 1613 τῶν
542 1558 798 1615 τοιούτων
830 1555 1138 1624 λεληθότως
1169 1557 1501 1636 βλάπτεσθαι
1551 1561 1676 1625 τοὺς
1705 1558 1902 1638 λόγους

244 1649 350 1717 τῆς
397 1646 745 1723 Ἐκκλησίας,
789 1654 979 1704 τοῦτον
1022 1649 1236 1713 εὐθύνας
1268 1649 1531 1728 παρέχειν
1579 1656 1646 1722 τῇ
1701 1647 1904 1723 συνόδῳ

242 1740 348 1805 τῆς
379 1737 648 1818 ἐπαρχίας
683 1753 697 1768 ⁸
733 1739 778 1794 εί
809 1735 864 1793 δὲ
895 1737 984 1794 καὶ
1017 1736 1198 1802 ἄλλως
1229 1735 1572 1796 διαϐάλλοιτο
1601 1741 1629 1796 ὁ
1673 1738 1898 1796 ἐπίσκο-

1984 755 2295 834 priventur
2314 752 2647 816 secundum
2672 749 2937 813 di'vinum
2954 753 3445 836 Apostolum,qui
3469 755 3632 818 dicit:

1985 845 2286 906 Habentes
2327 853 2540 906 autem
2574 843 2875 905 alimenta
2897 847 2954 904 et
2977 842 3197 922 quibus
3220 851 3520 924 tegamur,
3554 846 3638 908 iis

1981 937 2250 997 contenti
2271 932 2712 997 ei'imus76.Sin
2725 940 2926 994 autem
2944 933 3018 992 iis
3041 952 3157 994 non
3184 934 3262 995 sit
3285 944 3630 1013 contentus,

1983 1031 2044 1083 et
2066 1041 2166 1085 res
2189 1023 2248 1084 in
2275 1022 2556 1104 proprios
2597 1040 2743 1084 usus
2765 1029 3106 1097 convertat,
3139 1032 3198 1084 et
3221 1023 3511 1088 Ecclesia
3532 1044 3635 1088 re—

1984 1112 2272 1184 ditus,vel
2295 1130 2579 1191 agrorum
2607 1111 2834 1172 fructus
2851 1129 2969 1172 non
2985 1129 3120 1172 cum
3144 1112 3631 1196 presbyterorum

1982 1202 2076 1264 vel
2101 1202 2492 1262 diaconorum
2517 1200 2821 1263 sententia
2843 1200 3362 1278 administret,sed
3388 1203 3515 1266 suis
3538 1223 3636 1267 co-

1985 1291 2201 1372 gnatis,
2235 1292 2327 1353 vel
2360 1290 2667 1366 fratribus,
2704 1291 2797 1352 vel
2831 1290 2970 1353 filiis
3002 1290 3270 1371 praebeat
3292 1292 3634 1370 facultates,

1985 1390 2048 1444 ut
2075 1399 2182 1462 per
2203 1381 2473 1443 rationes
2495 1380 2786 1442 Ecclesia
2807 1380 3071 1442 latenter
3102 1381 3415 1457 ladantur,
3452 1383 3503 1445 is
3533 1383 3638 1447 «let

1985 1471 2208 1553 synodo
2234 1471 2560 1552 provincia
2576 1471 2897 1532 rationem.
2925 1471 3031 1533 Sin
3057 1480 3255 1533 autem
3284 1472 3463 1534 etiam
3487 1473 3636 1536 alias

1985 1561 2376 1624 insimuletur
2399 1561 2742 1641 episcopos,
2768 1562 2853 1620 vel
2880 1561 2980 1640 qui
3021 1570 3163 1624 sunt
3187 1581 3323 1623 cum
3353 1581 3423 1624 eo
3457 1582 3634 1644 pres-

1983 1649 2197 1731 byteri,
2229 1649 2388 1730 quod
2433 1669 2565 1729 qua
2602 1649 2910 1731 pertinent
2937 1649 3009 1710 ad
3036 1649 3399 1725 Ecclesiam,
3432 1653 3529 1714 vel
3561 1672 3636 1717 ex

1981 1740 2264 1819 agris,vel
2290 1759 2360 1801 ex
2383 1758 2743 1821 quacunque
2763 1739 2880 1801 alia
2901 1757 3081 1802 causa
3105 1739 3634 1822 ecclesiastica,ad

243 1849 374 1908 πος,
406 1828 441 1895 ἦ
472 1829 520 1884 οἱ
551 1829 645 1884 σὺν
674 1827 818 1902 αὖτῷ
848 1825 1218 1907 πρεσϐύτεροι,
1263 1829 1338 1893 ὡς
1385 1829 1448 1885 τὰ
1501 1835 1569 1906 τῇ
1602 1827 1888 1904 Ἐκκλησίς

1984 1830 2216 1910 seipsos
2235 1829 2596 1904 referant,ut
2610 1829 3160 1911 pauperesquidam
3185 1830 3631 1911 opprimantur,

242 1917 587 1997 διαφέροντα,
635 1917 755 1986 ἤτοι
802 1916 855 1982 ἐξ
885 1917 1090 1997 ἀγρῶν,
1149 1919 1184 1987 ἢ
1239 1918 1293 1984 ιε
1355 1918 1534 1998 ἐτέρας
1577 1919 1897 1998 προφάσεως

239 2007 736 2084 ἒκκλησιαστικῆς,
781 2009 852 2073 εἷς
912 2007 1132 2073 ἑαυτοὺς
1190 2007 1611 2090 ἀποφερόμενοι,
1643 2009 1718 2072 ὡς
1776 2008 1896 2065 θλί-

238 2095 432 2156 ϐεσθαι
461 2098 559 2174 μὲν
587 2097 709 2162 τοὺς
740 2096 1003 2173 πένητας,
1069 2094 1326 2165 διαϐολὴν
1371 2095 1427 2154 δὲ
1470 2099 1560 2155 καὶ
1591 2096 1893 2179 δυσφημίαν

1979 1927 2039 1981 et
2062 1919 2262 1981 invdia
2287 1938 2356 1980 ac
2382 1917 2642 1980 infamia
2664 1919 2852 1980 verbo
2875 1919 3176 1995 inuratur,
3214 1928 3268 1981 et
3301 1919 3379 1982 iis
3409 1921 3510 2002 qui
3545 1921 3635 1984 sic

1976 2008 2439 2072 administrant:
2467 2009 2504 2070 ii
2530 2027 2776 2090 quoque
2818 2010 3263 2071 correctionem
3293 2027 3631 2090 assequen-

1979 2106 2078 2160 tur
2105 2107 2310 2161 sancta
2343 2098 2570 2180 synodo
2603 2097 2661 2159 id
2694 2098 2853 2179 quod
2889 2097 3066 2160 decet
3088 2101 3496 2162 examinante.

235 2185 653 2268 προστρίϐεσθαι
685 2195 761 2263 τῷ
802 2209 859 2244 τε
891 2185 1040 2265 λόγῳ
1068 2188 1160 2244 καὶ
1201 2201 1324 2253 τοῖς
1357 2186 1496 2246 οὕτω
1526 2187 1812 2264 διοικοῦσι,
1853 2191 1942 2248 καὶ
1988 2190 2208 2254 τούτους
2252 2188 2582 2268 διορθώσεως
2616 2190 2930 2269 τυγχάνειν·
2977 2191 3039 2246 τὸ
3069 2190 3271 2268 πρέπον
3302 2186 3631 2266 δοκιμαζού-

238 2300 349 2347 σης
379 2282 480 2346 τῆς
507 2277 659 2357 ἁγίας
691 2274 934 2341 συνόδου,

315 2366 574 2447 Κυρίλλου
603 2366 663 2425 ἐκ
692 2372 793 2434 τῆς
824 2369 955 2444 πρὸς
990 2365 1197 2442 Δόμνον
1229 2366 1543 2448 ἂπιστολῆς,
1575 2389 1697 2450 κεφ.
1730 2367 1808 2446 β’.

326 2457 402 2535 β’.
435 2459 511 2518 Τὰ
570 2455 624 2514 δὲ
654 2455 848 2520 ἀδίκως
893 2455 1165 2538 ληφθέντα
1203 2455 1332 2538 παρ’
1388 2459 1550 2516 αὐτοῦ
1605 2457 1890 2540 χρήματα,

239 2571 304 2612 κ.
338 2570 395 2611 τ.
436 2547 491 2612 λ,

489 2638 749 2720 Θεοφίλου
781 2639 840 2696 ἐκ
869 2645 962 2698 τοῦ
987 2639 1391 2714 δπομνηστικοΰ
1419 2660 1545 2718 κεφ.
1593 2637 1655 2703 ι’,

330 2732 390 2794 ι’.
427 2737 489 2792 Αἱ
519 2735 690 2814 χῆραι
719 2735 808 2790 καὶ
839 2735 885 2790 οἱ
916 2732 1147 2801 πένητες
1176 2733 1265 2790 καὶ
1299 2736 1344 2790 οἱ
1393 2730 1890 2809 παρεπιδημοῦντες

240 2823 387 2890 ξένοι
429 2824 612 2890 πάσης
663 2822 1016 2886 ἀναπαύσεως
1072 2821 1495 2880 ἀπολαυέτωσαν
1531 2838 1546 2853 ⁸
1581 2825 1670 2880 καὶ
1699 2823 1778 2898 μή
1809 2844 1892 2886 τις

239 2915 313 2971 τὰ
360 2919 458 2982 τῆς
518 2911 845 2981 Ἐκκλησίας
895 2910 1254 2970 ἷδιοποιείσθω
1285 2929 1300 2945 ⁸
1374 2912 1734 2993 ἀφιλάργυρον
1791 2912 1893 2992 γὰρ

239 3007 390 3061 εἶναι
421 3002 506 3060 δεῖ
533 3003 624 3060 τὸν
655 3002 962 3083 λειτουργὸν
993 3009 1086 3059 τοῦ
1119 3010 1276 3062 Θεοῦ.

2118 2369 2235 2448 συθ
2254 2368 2359 2432 illi
2386 2385 2464 2432 ea:
2491 2367 2754 2450 epistola
2782 2365 2863 2430 ad
2893 2366 3217 2441 Damnum,
3253 2383 3389 2448 cap.
3424 2367 3486 2430 2.

2055 2465 2115 2524 2.
2149 2459 2472 2524 Pecuniam
2506 2467 2706 2525 autem
2759 2479 2892 2543 qua
2923 2479 3033 2542 per
3061 2459 3444 2540 injustitiam,
3480 2468 3624 2538 etc.,

1975 2559 2045 2614 ut
2073 2569 2221 2634 pag.
2252 2553 2391 2616 579.

2139 2645 2282 2706 5Λο
2317 2643 2644 2725 Theophili
2670 2644 3161 2718 commonitorio,
3193 2661 3334 2726 cap.
3365 2643 3464 2706 10.

2055 2739 2154 2799 10.
2189 2737 2400 2802 Vidua
2431 2747 2489 2800 et
2541 2753 2842 2819 pauperes
2894 2745 2954 2800 et
2986 2738 3444 2818 peregrinantes
3477 2738 3624 2800 bos-

1975 2827 2132 2909 pites
2162 2828 2331 2892 omni
2360 2829 2564 2910 quiete
2593 2828 2891 2903 fruantur,
2928 2833 2988 2890 et
3016 2845 3194 2889 nemo
3226 2844 3296 2889 ea
3326 2845 3460 2908 qua
3487 2836 3628 2891 sunt

1974 2917 2282 3000 Ecclesia,
2317 2927 2383 2980 ut
2413 2937 2520 2980 sua
2551 2926 2822 2999 usurpet.

330 3091 508 3149 Πολλὰ
551 3098 650 3168 μὲν
693 3092 912 3170 εἴρηται
967 3093 1057 3149 καὶ
1105 3092 1224 3170 περὶ
1265 3096 1365 3158 τῆς
1418 3090 1738 3162 διοικήσεως
1782 3097 1888 3149 τῶν

2061 3097 2494 3163 TexlusMulta
2517 3097 2594 3160 de
2617 3115 2823 3160 rerum
2856 3095 3402 3160 ecclesiasticarum
3433 3096 3625 3160 admi-

236 3181 712 3250 ἆκκλησιαστικῶν
759 3179 1116 3260 πραγμάτων,
1163 3180 1219 3238 ἂν
1279 3183 1357 3255 τῷ
1409 3181 1463 3257 β’
1523 3181 1630 3243 τίτ.
1687 3188 1782 3239 τοῦ
1835 3179 1888 3240 α’

1984 3187 2328 3251 nistratione
2359 3187 2518 3250 dicta
2547 3194 2686 3249 sunt
2712 3186 2772 3247 in
2803 3185 2896 3250 tit.
2929 3188 2993 3260 2,
3017 3186 3122 3249 lib.
3159 3205 3200 3262 ι,
3237 3186 3624 3249 cod.etmul-

234 3271 394 3352 βιϐλ.
437 3279 530 3329 τοῦ
585 3271 719 3336 κώδ,
767 3275 862 3328 καὶ
913 3271 969 3327 έν
1024 3268 1299 3350 διαφόροις
1330 3273 1438 3326 τῶν
1464 3276 1680 3350 Νεαρῶν
1710 3269 1884 3346 διάτ.,

233 3363 338 3420 καί
373 3362 636 3440 ἀνάγνωθι
665 3365 758 3419 τὸν
787 3359 838 3439 β’
869 3363 972 3424 τίτ.
1009 3365 1116 3418 τῶν
1147 3362 1322 3418 αὐτῶν
1357 3366 1597 3439 Νεαρῶν,
1632 3362 1720 3418 καὶ
1773 3361 1886 3436 μά-

236 3451 402 3510 λιστα
445 3453 544 3520 τὴν
589 3442 642 3529 β’
679 3453 839 3512 αὐτοῦ
885 3452 974 3508 καὶ
1008 3450 1059 3529 γ’
1092 3449 1233 3510 δίατ.
1293 3451 1655 3530 περιεχούσας
1711 3451 1886 3508 πάντα

237 3543 310 3599 τὰ
339 3543 456 3620 περὶ
486 3541 956 3611 ἐκκλησιαστικῶν
985 3539 1305 3612 διοικήσεων
1334 3541 1431 3598 καῖ
1459 3541 1786 3620 προνομίων,

240 3636 502 3694 ΚΕΦΑΛ.
561 3621 644 3692 Γ’.
689 3663 765 3678 -
803 3632 929 3710 Περὶ
983 3631 1318 3709 πραγμάτων
1361 3640 1449 3688 καὶ
1474 3629 1751 3711 προσόδων
1781 3636 1888 3688 τῶν

671 3721 1050 3779 ἀνεπισκόπων
1080 3720 1448 3789 Ἐκγλησιῶν.

597 3813 826 3872 Συνόδου
881 3813 1149 3895 Ἀγκύρας
1219 3817 1394 3873 κανὼν
1453 3805 1544 3878 ιε’.

323 3909 416 3972 ιε’.
452 3909 577 3980 Περὶ
607 3915 714 3964 τῶν
745 3906 1102 3988 διαφερόντων
1145 3915 1223 3983 τῷ
1268 3911 1540 3987 Κυριακῷ,
1603 3905 1703 3964 ὅσα
1759 3906 1886 3964 im-

238 3999 450 4058 σκόπου
505 3999 586 4075 μὴ
641 3997 793 4062 ὄντος
842 3996 1188 4078 πρεσϐύτεροι
1231 3997 1544 4079 ἐπώλησαν,
1585 3995 1886 4054 ἀνακαλεῖ-

240 4093 363 4146 σθαι
405 4091 468 4146 τὸ
528 4087 788 4163 Κυριακόν
820 4103 834 4118 °
900 4088 954 4145 ἔτ
1005 4085 1061 4144 δὲ
1115 4095 1184 4162 τῇ
1233 4087 1402 4168 κρίσει
1447 4095 1541 4146 τοῦ
1590 4085 1887 4148 ἐπισκόπου

1969 3278 2048 3340 tis
2074 3277 2459 3340 Novellarum
2493 3275 3050 3340 constitutionibus.
3086 3277 3276 3357 Legas
3305 3295 3445 3338 vero
3478 3276 3624 3341 tit.2

1966 3365 2376 3444 Novellarum,
2415 3377 2477 3429 et
2502 3373 2835 3448 prasertim
2861 3371 2898 3428 2
2929 3375 2986 3428 et
3014 3370 3052 3428 3
3084 3368 3216 3447 ejus
3260 3373 3452 3428 const.
3491 3385 3624 3448 qua

1968 3455 2494 3536 comprehendunt
2523 3473 2902 3538 quacunque
2931 3456 3002 3518 ad
3035 3455 3480 3518 ecclesiasticas
3509 3455 3618 3518 ad-

1972 3547 2446 3609 ministrationes
2477 3555 2537 3609 et
2567 3546 2880 3627 privilegia
2909 3545 3236 3626 pertinent.

1971 3636 2144 3701 CAP.
2179 3636 2282 3701 ΠΙ.
2312 3671 2390 3682 -
2419 3637 2506 3699 De
2536 3637 2710 3699 rebus
2741 3643 2796 3697 et
2837 3635 3172 3698 redditibus
3204 3633 3620 3698 Ecclesiarum

2597 3731 2982 3789 vacantium.

2302 3819 2568 3884 Concilii
2595 3819 2921 3899 Ancyrani
2952 3833 3150 3880 canon
3185 3817 3279 3879 15.

2051 3916 2149 3978 15.
2183 3915 2270 3979 Ex
2303 3914 2377 3977 iis
2407 3933 2538 3995 qua
2568 3911 2870 3994 pertinent
2899 3911 2972 3972 ad
3001 3910 3414 3984 Dominicum,
3449 3928 3615 3990 qua-

1967 4005 2378 4086 cunque,dum
2413 4022 2532 4066 non
2559 4010 2719 4066 esset
2750 3998 3446 4082 episcopus,presbyteri
3480 4017 3617 4062 ven-

1968 4094 2275 4169 diderunt,
2310 4111 2594 4156 revocare
2641 4092 3022 4154 Dominicum
3060 4109 3074 4150 :
3121 4090 3386 4170 episcopi
3417 4097 3615 4151 autem

231 4179 412 4254 εἶναι,
447 4178 561 4235 εἴτε
593 4179 857 4256 προσήκει
887 4175 1186 4235 ἀπολαϐεῖν
1219 4179 1319 4246 τὴν
1348 4178 1515 4254 τιμὴν
1543 4178 1665 4242 τοὺς
1694 4183 1874 4242 κακῶς

1986 4185 2186 4247 udicio
2216 4183 2502 4264 relinqui,
2535 4201 2610 4245 an
2669 4189 2948 4263 oporteat
3010 4179 3274 4261 pretium
3310 4179 3612 4259 recipere,

229 4268 642 4348 ὠνησαμένους,
675 4267 790 4324 εἴτε
821 4269 910 4326 καὶ
941 4269 1044 4346 μὴ,
1077 4265 1161 4323 διὰ
1191 4269 1252 4324 τὸ
1286 4266 1552 4330 πολλάκις
1585 4267 1684 4335 τὴν
1714 4267 1879 4347 πρόσ-

1984 4292 2034 4336 ll)
2068 4293 2226 4338 non:
2263 4282 2467 4354 utpote
2496 4271 2653 4354 quod
2682 4289 2891 4334 eorum
2921 4289 3054 4352 qua
3084 4277 3224 4332 sunt
3251 4268 3617 4346 vendita,eis

226 4357 354 4416 οδον
411 4358 515 4415 τῶν
572 4358 932 4438 πεπραμένων
993 4354 1387 4416 ἀποδεδωκέναι
1436 4361 1624 4423 αὐτοῖς
1669 4358 1876 4423 τούτοις

226 4447 452 4505 πλείονα
479 4447 577 4518 τὴν
605 4449 797 4525 τιμήν.

576 4541 807 4600 Συνόδου
838 4539 1182 4609 Χαλκηδόνος
1211 4542 1389 4598 κανὼν
1421 4539 1526 4604 κε’.

307 4637 412 4695 κε’.
448 4635 778 4714 Ἐπειδήπερ
830 4635 979 4700 τινὲς
1035 4642 1140 4693 τῶν
1200 4634 1620 4714 μητροπολιτῶν
1667 4638 1742 4700 ὡς
1771 4657 1876 4694 πε-

177 4747 182 4754 ‘
227 4729 604 4808 ριηχήθημεν,
637 4749 693 4789 κ.
727 4748 778 4788 1.
814 4725 871 4790 λ,

461 4817 690 4878 Συνόδου
717 4818 1091 4896 οἱκουμενικῆς
1121 4817 1287 4886 ἕκτης
1317 4819 1494 4875 κανὼν
1524 4817 1631 4880 λε’.

308 4911 414 4970 λε’.
447 4913 538 4980 Μὴ
580 4911 776 4978 ἐξέστω
803 4913 908 4970 τινὶ
933 4912 1041 4968 τῶν
1071 4910 1288 4968 πάντων
1320 4911 1758 4993 μητροπολιτῶν,
1791 4934 1876 4970 τε·

225 5000 525 5068 λευοῶντος
571 5002 892 5076 ἐπισκόπου,
950 5000 1231 5064 τελούντος
1292 5002 1395 5058 ὑπὸ
1442 5002 1532 5060 τὸν
1563 5003 1683 5060 κατ’
1717 5005 1876 5062 αὐτὸν

224 5091 438 5166 θρόνον,
472 5094 538 5152 τὰ
567 5095 726 5153 αὗτοῦ
754 5093 1073 5172 πράγματα,
1125 5090 1288 5160 ἢτῆς
1345 5090 1464 5149 κατ’
1523 5092 1681 5150 αὐτὸν
1737 5093 1874 5152 Ἐκ-

223 5185 460 5253 κλησίας
491 5184 834 5263 ἀφαιρεῖσθαι
882 5183 918 5249 ἦ
963 5183 1357 5262 σφετερίζεσθαι
1391 5197 1406 5214 ⁸
1462 5180 1583 5238 ἀλλ’
1612 5183 1716 5240 ὑπὸ
1765 5205 1870 5241 παο

223 5274 540 5356 ραφυλακὴν
587 5274 826 5330 ἴστωσαν
883 5279 976 5330 τοῦ
1017 5271 1222 5348 κλήρου
1263 5273 1365 5339 τῆς
1423 5270 1750 5338 Ἐκκλησίας
1805 5273 1872 5342 ἧς

221 5370 250 5423 ὃ
289 5364 614 5436 τελευτήσας
670 5363 934 5442 ἐτύγχανε
993 5360 1275 5439 πρόεδρος,
1311 5362 1476 5441 μέχρι
1533 5363 1634 5428 τῆς
1692 5362 1873 5442 ἑτέρου

220 5457 525 5512 ἐπισκόπου
568 5457 920 5532 προαγωγῆς,
981 5451 1134 5516 ἐκτὸς
1179 5454 1223 5508 εἱ
1283 5453 1360 5527 μὴ
1404 5450 1652 5531 κληρικοὶ
1695 5451 1750 5508 ἐν
1802 5459 1872 5530 τῇ

222 5547 358 5620 αὒτῇ
416 5542 713 5615 Ἐκκλησία
757 5541 862 5622 οὔχ
910 5541 1306 5622 ὑπελείφθησαν
1339 5556 1354 5571 ⁸
1415 5549 1711 5609 τηνικαῦτα
1770 5543 1870 5622 γὰρ

1959 4363 2112 4446 ipsis
2139 4365 2340 4444 majus
2369 4365 2631 4445 pretium
2660 4362 3025 4426 reddiderit.

2204 4544 2467 4608 Concilii
2501 4543 3007 4609 Chalcedonensis
3034 4560 3234 4607 canon
3266 4541 3368 4604 925.

2041 4636 2142 4700 25.
2175 4638 2470 4711 Quoniam
2519 4637 2798 4702 nonnulli
2848 4635 3324 4717 metropolitani,
3358 4641 3506 4708 etc.,
3540 4641 3613 4696 ut

1959 4745 2100 4809 pag.
2133 4728 2275 4792 498.

2229 4820 2503 4885 Conrilii
2529 4822 2886 4886 acumeuici
2917 4836 2972 4882 v1
3005 4835 3209 4882 canon
3238 4817 3340 4880 35.

2037 4912 2304 4978 35.Nulli
2327 4915 2597 4978 omnium
2617 4912 3218 4994 metropolitanorum
3247 4910 3611 4982 liceat,mor-

1958 5011 2060 5066 tuo
2087 5003 2510 5087 episc0p0,qui
2528 5005 2664 5086 ejus
2688 5005 2906 5066 throno
2932 5000 3273 5074 subest,res
3293 4998 3610 5079 ipsius,vel

1955 5092 2250 5157 Ecclesia
2275 5096 2406 5176 ejus
2427 5096 2696 5168 auferre,
2725 5093 2818 5156 vel
2842 5091 2962 5154 sibi
2984 5088 3292 5153 vindicare
3319 5107 3333 5153 :
3358 5089 3464 5152 sed
3488 5088 3612 5151 sint

1954 5182 2068 5246 sub
2090 5183 2359 5247 custodia
2374 5184 2522 5247 cleri
2542 5184 2672 5245 ’541
2694 5179 3110 5256 Ecclesia,cui
3124 5179 3444 5243 defunctus
3463 5197 3609 5260 pra-

1953 5273 2288 5353 fuit,usque
2308 5274 2378 5336 ad
2403 5273 2653 5334 alterius
2675 5270 2947 5353 episcopi
2973 5269 3434 5351 promotionem;
3462 5286 3611 5348 pra-

1955 5372 2229 5442 terquam
2253 5365 2302 5425 si
2326 5364 2386 5425 in
2417 5362 2634 5426 eadem
2666 5361 2942 5424 Ecclesia
2971 5378 3089 5422 non
3111 5359 3309 5422 relicti
3336 5359 3455 5420 sint
3479 5358 3608 5421 cle-

1953 5453 2266 5518 rici.Tunc
2287 5455 2448 5515 enim
2501 5451 3008 5533 metropolitanus
3057 5469 3126 5512 ea
3158 5467 3276 5512 non
3311 5448 3610 5511 diminuta

1952 5543 2242 5619 servabit,
2277 5543 2620 5607 ordinando
2645 5546 2932 5624 episcopo
2959 5540 3165 5602 omnia
3195 5538 3482 5604 reddens.

221 5638 248 5692 ὁ
283 5633 694 5712 μητροπολίτης
725 5633 892 5690 ταῦτα
923 5631 1291 5713 παραφτλάξει
1325 5632 1589 5713 ἀμείωτα,
1635 5637 1712 5706 τῷ
1737 5635 2314 5713 χειροτονηθησομένῳ
2343 5634 2625 5714 ἕπισκόπῳ
2657 5635 2828 5692 πάντα
2858 5631 3111 5702 ἀποδούς,

301 5758 366 5812 76
393 5756 418 5821 Ι
447 5757 606 5822 Tim.
642 5773 722 5832 vr,
754 5757 815 5824 8.
