4134 6200
527 309 648 376 823

1721 315 1994 382 ΡΗΟΤΙΙ
2036 315 2555 386 ΡΑΤΒΙΑΒΟΗᾹΞ
2597 317 2709 384 CP.

3788 315 3916 382 824

609 459 778 528 CAP.
811 461 912 530 IV.
945 496 1024 514 -
1051 461 1136 526 De
1163 460 1541 526 alienatione
1568 477 1776 524 rerum
1807 460 2175 525 ecclesiasti-

2342 467 2594 524 ΚΕΦΑΛ.
2646 460 2730 521 Δ’.
2780 495 2860 507 -
2905 462 3030 541 Περὶ
3093 460 3432 532 ἐκποιήσεως
3503 459 3914 530 ἐκκλησιαστι-

530 566 764 616 carum.

846 645 1280 727 Apostolorum
1305 663 1570 709 canones
1603 644 1706 726 38,
1741 645 1842 710 73.

609 736 686 801 38
716 737 876 820 [37].
901 739 1188 802 Omnium
1209 757 1414 802 rerum
1439 738 2167 822 ecclesiasticarum,etc.,

527 834 591 890 ut
618 845 763 910 pag.
797 828 937 894 8t8.

610 917 684 980 73
713 917 876 999 [τη.
908 915 1026 982 Vas
1056 937 1306 983 aureum
1365 919 1456 983 vel
1518 922 1897 1000 argenteum,
1931 927 2075 996 etc.,
2104 925 2175 983 ut

521 1023 668 1088 pag.
703 1007 850 1072 575.

859 1101 1127 1167 Concilii
1157 1104 1477 1186 Απομναηί
1497 1121 1701 1166 canon
1731 1103 1831 1165 15.

606 1194 706 1260 15.
735 1193 822 1257 Ex
856 1196 928 1259 iis
957 1199 1092 1278 quae
1122 1196 1429 1279 pertinent
1463 1195 1535 1258 ad
1579 1195 1991 1275 Dominicum,
2025 1203 2169 1272 etc.,

525 1290 595 1348 ut
609 1301 756 1368 pag.
789 1285 931 1349 892.

866 1375 1129 1441 Concilii
1155 1376 1397 1440 Nicaem'
1423 1395 1462 1440 ιι
1489 1394 1685 1439 canon
1723 1376 1824 1438 12.

607 1469 898 1534 Ecclesia
918 1473 1282 1552 prapositus
1329 1490 1454 1535 non
1505 1471 1673 1533 debet
1698 1471 1928 1550 pradia
1959 1470 2169 1533 Eccle-

524 1564 636 1622 siae
664 1559 961 1624 alienare.

607 1650 708 1710 12.
742 1648 803 1712 Si
834 1649 970 1730 quis
1000 1649 1322 1731 episcopus
1351 1650 1444 1712 vel
1479 1649 1822 1712 monasterii
1857 1648 2171 1730 praefectus

525 1737 807 1802 inventus
862 1737 1046 1801 fuerit
1099 1758 1171 1801 ex
1223 1742 1604 1820 episcopatus
1676 1740 1767 1802 vel
1830 1738 2174 1800 monasterii

2255 556 2364 610 κῶν
2373 599 2389 616 ,

2646 645 3000 704 Ἀποστόλων
3031 649 3210 705 κανὼν
3238 646 3326 716 λη’
3344 698 3357 722 ,
3393 646 3506 726 ογ’.

2335 739 2453 808 λη’.
2527 740 2747 797 Πάντων
2823 745 2933 796 τῶν
3004 741 3474 809 ἐκκλησιαστικῶν
3539 739 3908 820 πραγμάτων,

2254 850 2312 890 κ.
2346 852 2398 893 τ.
2431 829 2485 890 λ.

2336 919 2445 999 ογ’.
2487 926 2688 983 Σκεῦος
2718 921 2950 1000 χρυσοῦν
2979 921 3014 987 ἢ
3047 921 3306 999 ἀργυροῦν
3329 919 3608 999 ἀγιασθὲν,
3655 941 3713 982 κ,
3745 941 3804 981 τ,
3849 918 3909 982 λ.

2644 1103 2876 1162 Συνὸδου
2907 1104 3178 1183 Ἀγκύρας
3209 1106 3388 1162 κανὼν
3423 1104 3511 1163 ιε’.

2341 1197 2436 1258 ιε’.
2471 1199 2601 1276 Περῖ
2646 1206 2755 1256 τῶν
2798 1198 3158 1279 διαφερόντων
3203 1206 3283 1274 τῷ
3316 1206 3595 1279 Κυριακῷ,
3641 1222 3698 1262 κ.
3743 1221 3799 1259 τ.
3848 1198 3910 1261 λ.

2567 1379 2798 1438 Συνόδου
2831 1382 3053 1447 Νικαίας
3081 1376 3250 1459 τὸνβ’⁹
3285 1384 3464 1440 κανὼν
3497 1380 3595 1458 ιβ’.

2331 1475 2456 1532 "Ott
2501 1475 2561 1533 οὗ
2619 1473 2707 1530 δεῖ
2750 1474 3091 1533 ἐκποιετσθαι
3153 1477 3455 1554 ἡγούμενον
3506 1475 3566 1532 ἐκ
3612 1480 3718 1531 τῶν
3762 1497 3910 1552 προ-

2253 1565 2480 1621 αστείων
2511 1570 2610 1631 τῆς
2642 1562 2997 1630 Ἐκκλησίας.

2333 1655 2432 1731 ιβ’.
2481 1653 2547 1710 Εἴ
2592 1674 2672 1714 τις
2719 1655 3014 1718 επίσκοπος
3059 1655 3296 1733 εὑρεθείη
3349 1653 3384 1722 ἣ
3445 1655 3776 1735 ἡγούμενος,
3846 1654 3911 1712 ἔκ

2252 1749 2360 1799 τῶν
2389 1743 2743 1821 αὒτουργείων
2775 1749 2868 1799 τοῦ
2902 1743 3252 1800 ἐπισκοπείου
3291 1745 3327 1811 ἣ
3368 1752 3465 1800 τοῦ
3509 1745 3908 1820 μοναστηρίου,

526 1829 709 1905 agris,
741 1827 804 1889 in
829 1829 1120 1910 principis
1144 1828 1403 1910 alicujus
1428 1847 1640 1890 manus
1661 1827 2051 1902 alienare,vel
2076 1828 2169 1888 al-

2283 1834 2640 1906 κποιούμενος
2686 1833 2760 1891 εἷς
2807 1834 3144 1913 ἄχροντυὴν
3188 1847 3379 1912 χεῖρα,
3426 1833 3460 1901 ἢ
3521 1833 3686 1911 ἑτέρῳ
3730 1855 3915 1911 προσ-

528 1918 644 1986 teri
665 1935 935 1999 personae
957 1919 1455 1988 tradere,uullius
1487 1917 1563 1980 sit
1593 1918 1881 1980 momenti
1905 1916 2169 1990 traditio,

525 2019 594 2075 ut
609 2015 952 2071 sanctorum
977 2010 1390 2089 apostolorum
1415 2009 1536 2070 vult
1559 2027 1753 2070 canon
1775 2009 1875 2088 qui
1901 2008 2048 2069 dicit
2065 2007 2128 2058 77
2154 2028 2167 2064 ε

525 2097 808 2163 Omnium
832 2114 1038 2159 rerum
1061 2097 1604 2159 ecclesiasticarum
1623 2097 1945 2177 episcopus
1968 2114 2171 2158 curam

525 2196 716 2270 gerat,
755 2202 816 2249 et
847 2205 918 2249 ea
967 2186 1350 2249 administrat
1399 2195 1678 2267 tanquam
1722 2187 1844 2249 Deo
1874 2187 2171 2248 intuente.

526 2277 614 2341 Ne
645 2277 823 2340 liceat
851 2283 1051 2339 autem
1087 2277 1416 2357 quidquam
1447 2295 1516 2338 ex
1550 2277 1637 2338 eis
1686 2276 1802 2338 sibi
1837 2275 2171 2349 vindicare,

526 2367 620 2429 vel
653 2365 915 2446 propriis
975 2366 1246 2445 cognatis
1309 2385 1440 2446 quae
1499 2365 1611 2427 Dei
1642 2375 1782 2427 sunt
1810 2365 2078 2442 elargiri.
2113 2364 2176 2428 Si

529 2467 727 2519 autem
750 2456 870 2516 sint
890 2462 1288 2536 pauperes,ut
1309 2455 1673 2535 pauperibus
1695 2454 2174 2535 suppeditet,sed

529 2563 652 2605 non
679 2561 889 2606 eorum
915 2551 1202 2622 praetextu
1239 2561 1340 2605 res
1379 2542 1663 2606 Ecclesiae
1683 2543 2032 2604 venumdet.
2067 2542 2174 2606 Sin

526 2640 726 2696 autem
779 2631 1209 2694 detrimentum
1250 2633 1467 2694 afferre
1513 2640 1818 2706 causetur,
1855 2651 1965 2694 nec
1994 2633 2173 2712 quid-

529 2739 707 2804 quam
739 2737 810 2782 ex
842 2739 985 2798 agro
1010 2721 1404 2782 emolumenti
1438 2722 1778 2802 percipi,ne
1810 2722 1896 2782 sic
1928 2722 2173 2802 quidem

531 2809 928 2894 principibus,
956 2810 1060 2892 qui
1082 2810 1302 2872 suntin
1336 2829 1407 2872 eo
1441 2809 1826 2886 loco,alienet
1855 2810 2170 2891 praedium,

527 2901 636 2964 sed
685 2900 935 2963 clericis
999 2899 1090 2960 vel
1123 2900 1424 2979 agricolis.
1461 2898 1566 2962 Sin
1598 2908 1795 2960 autem
1826 2900 2026 2980 aliqua
2054 2899 2172 2960 im-

529 2990 720 3075 proba
749 2989 1080 3053 calliditate
1111 2997 1383 3065 utentur,
1419 2999 1478 3050 et
1509 2989 1650 3049 ’542
1679 2988 1752 3050 ab
1789 2989 2053 3066 agricola
2085 2988 2176 3050 vel

527 3081 753 3144 clerico
782 3097 991 3160 agrum
1027 3078 1312 3159 princeps
1358 3079 1599 3151 cmerit,
1646 3080 1733 3140 sic
1762 3097 2006 3160 quoque
2038 3078 2176 3140 uul-

2253 1922 2387 1993 ώπῳ
2422 1919 2679 1990 ἐκδιδοὺς,
2728 1920 2921 1990 ἄκυρον
2985 1923 3132 1978 εἶναι
3204 1923 3305 1989 τὴν
3351 1920 3586 1994 ἔκδοσιν,
3629 1924 3769 1979 κατὰ
3814 1926 3914 1979 τὸν

2254 2011 2455 2069 κανόνα
2496 2012 2605 2068 τῶν
2650 2012 2818 2088 ἁγίων
2862 2011 3177 2068 ἀποστόλων
3221 2014 3317 2068 τὸν
3369 2012 3622 2087 λέγοντα,
3688 2014 3916 2070 Πάντων

2255 2108 2362 2158 τῶν
2417 2099 2884 2168 ἑκκλησιαστικῶν
2927 2102 3266 2178 πραγμάτων
3312 2103 3339 2156 ὁ
3383 2101 3676 2167 ἐπίσκοπος
3729 2102 3920 2181 ἐχέτω

2256 2193 2356 2257 τὴν
2408 2187 2680 2270 φροντίδα,
2727 2191 2816 2246 καὶ
2878 2187 3147 2246 διοικείτω
3188 2190 3322 2246 αὔτα
3365 2193 3440 2253 ὡς
3489 2198 3623 2246 Θεοῦ
3665 2191 3920 2271 ἐφορῶν-

2255 2302 2344 2344 τος
2384 2299 2398 2313 '
2446 2281 2525 2354 μὴ
2585 2279 2783 2344 ἐξεῖναι
2847 2278 2989 2352 αὐτῷ
3050 2280 3452 2359 σφετερίζεσθαι
3501 2302 3552 2336 τι
3597 2277 3649 2345 ἐξ
3715 2285 3914 2354 natm,

2256 2371 2293 2439 ἢ
2349 2369 2664 2448 συγγενέσιν
2706 2370 2856 2434 ἰδίοις
2919 2371 2981 2425 τὰ
3024 2377 3118 2426 τοῦ
3163 2377 3297 2426 Θεοῦ
3365 2371 3680 2450 χαρίζεσθαι
3708 2391 3722 2405 ⁸
3767 2375 3815 2428 εί
3858 2371 3917 2428 δὲ

2257 2460 2486 2526 πένητες
2534 2459 2673 2529 εἷεν,
2722 2458 3131 2538 ἐπιχορηγείτω
3184 2463 3258 2522 ὡς
3319 2460 3568 2534 πένησιν,
3630 2459 3770 2515 ἀλλὰ
3830 2463 3910 2537 μὴ

2257 2550 2518 2627 προφάσει
2561 2551 2764 2604 τούτων
2805 2551 2872 2606 τὰ
2915 2555 3013 2616 τῆς
3046 2547 3378 2615 Ἐκκλησίας
3417 2549 3828 2617 ἆπεμπολείτω’
3863 2553 3911 2608 εἰ

2256 2638 2312 2695 δὲ
2368 2640 2769 2719 προφασίζοιτο,
2805 2643 3006 2713 ζημίαν
3050 2639 3305 2713 ἐμποιεῖν
3343 2655 3357 2668 ⁸
3413 2641 3504 2694 καὶ
3547 2639 3720 2714 μηδὲν
3778 2643 3910 2718 πρὸς

2257 2728 2448 2796 ὄνησιν
2490 2728 2782 2806 τυγχάνειν
2827 2729 2918 2784 τὸν
2983 2728 3170 2806 ἀγρὸν,
3218 2729 3296 2804 μὴ
3340 2726 3384 2783 δ’
3427 2727 3568 2784 οὕτω
3606 2742 3728 2792 τοῖς
3773 2731 3912 2787 κατᾶ

2257 2818 2424 2874 τόπον
2468 2818 2731 2897 ἄρχουσιν
2776 2815 3041 2873 ἐκδιδόναι
3079 2820 3171 2873 τὸν
3216 2820 3409 2894 τόπον,
3441 2816 3581 2873 ἀλλὰ
3618 2817 3908 2894 κληρικοῖς

2255 2907 2292 2975 ἢ
2335 2912 2604 2986 γεωργοῖς
2637 2924 2651 2938 ⁶
2713 2909 2757 2963 εί
2788 2906 2841 2963 δὲ
2880 2908 3178 2986 πανουργίᾳ
3209 2913 3423 2984 πονηρᾷ
3452 2910 3776 2986 χρήσοιντο,
3811 2909 3911 2964 καέ

2259 2997 2320 3054 ἐκ
2349 3004 2440 3055 τοῦ
2471 3003 2711 3074 γεωργοῦ
2755 2996 2790 3064 ἢ
2821 3005 2914 3053 τοῦ
2943 2996 3202 3073 κληρικοῦ
3259 2998 3534 3066 ὠνήσεται
3587 2997 3773 3076 ἅρχων
3817 3000 3912 3054 τὸν

2262 3087 2446 3164 ἀγρὸν,
2475 3089 2564 3142 καὶ
2596 3085 2764 3151 οὕτως
2796 3083 2990 3163 ἄκυρον
3021 3090 3164 3142 εἶναι
3209 3087 3308 3153 τὴν
3340 3086 3566 3163 πράσιν,
3614 3087 3710 3143 καῖ
3767 3087 3908 3144 ἁπο-

530 3170 649 3232 lius
678 3171 754 3231 sit
784 3169 1074 3232 momenti
1100 3168 1392 3242 venditio,
1424 3175 1484 3229 et
1515 3169 1889 3249 episcopatui
1923 3169 2014 3230 vel
2043 3187 2175 3230 mo-

2280 3177 2604 3232 ιαθίστασθαι
2654 3175 2708 3230 ἐν
2757 3179 2835 3249 τῷ
2867 3175 3199 3232 ἑπισκοπείω
3225 3175 3262 3241 ἦ
3293 3175 3348 3230 ἐν
3379 3183 3455 3247 τῷ
3511 3178 3860 3251 μοναστηρίῳ
3892 3193 3906 3208 ·

533 3258 800 3321 nasterio
829 3258 1210 3321 restituatur.
1245 3261 1432 3322 Porro
1467 3258 1793 3337 episcopus
1817 3260 1912 3321 vel
1945 3277 2180 3320 monas-

533 3348 676 3410 terii
731 3348 1051 3429 praefectus
1100 3348 1204 3428 qui
1247 3347 1358 3409 hoc
1389 3347 1624 3422 fecerit,
1661 3347 2012 3410 exturbetur
2040 3348 2176 3428 qui-

533 3441 671 3501 dem
727 3441 1050 3518 episcopus
1107 3435 1181 3498 ab
1231 3437 1609 3517 episcopatu,
1647 3437 1995 3498 monasterii
2039 3455 2179 3499 vero

534 3526 854 3608 praefectus
912 3545 946 3588 a
1004 3525 1391 3603 monasterio,
1449 3534 1511 3587 ut
1545 3525 1649 3603 qui
1698 3528 1853 3589 male
1885 3525 2180 3607 dissipent

537 3635 671 3699 quae
701 3635 822 3679 non
849 3633 1313 3696 congregavere.

699 3709 920 3790 Cyrilli
950 3727 1028 3772 eo:
1057 3709 1316 3790 epistola
1349 3708 1428 3771 ad
1458 3709 1756 3771 Domuum
1785 3726 1918 3788 cap.
1953 3709 2014 3770 2.

614 3805 675 3867 ἓ.
707 3802 1035 3866 Pecuniam
1063 3810 1260 3866 autem
1313 3821 1448 3884 quae
1476 3822 1584 3883 per
1613 3803 1994 3882 injustitiam,
2028 3811 2172 3877 etc.,

535 3902 605 3957 ut
626 3911 770 3976 pag.
809 3895 950 3957 579.

616 3984 772 4064 Lege
802 4002 935 4066 quae
963 3989 1249 4046 annotata
1278 3990 1415 4045 sunt
1446 3983 1507 4045 in
1537 4001 1670 4063 cap.
1704 3981 1739 4046 2
1773 3981 2083 4064 praesentis
2114 3982 2184 4044 ti-

618 4164 790 4226 CAP.
823 4164 897 4227 V.
929 4197 1008 4209 —
1040 4165 1125 4225 De
1172 4180 1234 4226 re
1291 4163 1370 4225 ab
1427 4161 1729 4242 episcopis
1783 4169 1894 4223 aut
1942 4161 2181 4225 clericis

527 4258 668 4333 post
689 4252 1138 4314 ordinationem
1167 4253 1496 4332 acquisita.

776 4343 1044 4406 Concilii
1077 4344 1588 4423 Carthaginensis
1619 4359 1811 4404 canon
1840 4342 1940 4406 3*2.

618 4436 689 4500 Si
717 4438 854 4515 quis
891 4435 1256 4499 clericorum
1298 4455 1542 4517 pauper
1570 4442 1884 4516 promotus
1912 4437 1980 4498 iu
2005 4437 2178 4498 ordi-

2259 3265 2348 3321 καὶ
2402 3263 2691 3328 ἐπίσκοπος
2751 3263 2806 3320 δὲ
2862 3265 2898 3330 ἦ
2939 3265 3242 3342 ἡγούμενος
3299 3274 3458 3323 τοῦτο
3505 3271 3674 3321 ποιῶν
3709 3264 3906 3322 ἐκδιω-

2260 3356 2476 3434 χθήτω,
2509 3356 2535 3410 ὁ
2566 3356 2666 3428 μὲν
2701 3353 2994 3415 ἐπίσκοπος
3044 3360 3138 3409 τοῦ
3187 3355 3566 3432 ἒπισκοπείου,
3602 3357 3629 3408 ὁ
3660 3353 3713 3408 δὲ
3744 3355 3912 3431 ηγού-

2263 3444 2423 3520 μένος
2457 3446 2838 3522 μοναστηρίου,
2885 3445 2958 3508 ὡς
3002 3441 3469 3521 διασκορπίζοντες
3521 3449 3704 3507 κακῶς
3765 3444 3797 3499 ἃ
3853 3443 3910 3503 οὗ

2262 3534 2592 3612 συνήγαγον.

2342 3713 2601 3793 Κυρίλλου
2634 3713 2694 3770 ἐκ
2723 3714 2819 3782 τῆς
2848 3715 2981 3792 πρὸς
3015 3713 3226 3789 Δόμνον
3257 3712 3551 3782 ἐπιστολῆς
3581 3735 3704 3794 κεφ,
3745 3713 3825 3791 β’.

2338 3808 2412 3884 β’.
2450 3809 2521 3867 Τὰ
2551 3806 2608 3864 δὲ
2638 3807 2830 3872 ἀδίκως
2863 3807 3155 3887 ληφθέντα,
3190 3829 3247 3870 κ,
3281 3829 3333 3870 τ,
3362 3806 3419 3871 λ,

2342 3984 2638 4064 Ἀνάγνωθι
2671 3988 2737 4044 τὰ
2769 3985 3265 4066 παραγεγραμμένοι
3295 3985 3350 4041 ἐν
3408 3987 3485 4060 τῷ
3536 3985 3590 4062 β’
3649 4007 3768 4064 κεφ,
3813 3993 3899 4044 τοῦ

2264 4074 2525 4150 παρόντος
2552 4076 2657 4149 τίτ,

2345 4169 2600 4228 ΚΕΦΑΛ.
2649 4163 2737 4224 E'.
2788 4197 2867 4209 —
2924 4166 3048 4243 Περὶ
3089 4167 3196 4220 τῶν
3241 4164 3380 4237 μετὰ
3421 4163 3521 4230 τὴν
3568 4163 3900 4242 χειροτονίαν

2261 4252 2551 4326 κτωμένων
2581 4253 2897 4315 ἐπισκόποις
2929 4254 2964 4322 ἢ
2995 4252 3305 4332 κληρικοτς.

2590 4345 2819 4406 Συνόδου
2852 4346 3225 4424 Καρθαγέννης
3254 4349 3431 4404 κανὼν
3465 4345 3577 4422 λβ⁹.

2345 4437 2471 4496 Ἐάν
2513 4462 2596 4505 τις
2663 4446 2770 4496 τῶν
2833 4439 3103 4518 κληρικῶν
3165 4442 3429 4519 πενιχρὸς
3489 4441 3768 4516 προκόψας
3824 4438 3903 4500 εἴς

537 4543 636 4597 ne,
668 4531 873 4605 postea
919 4525 1208 4588 habuerit
1255 4525 1522 4606 aliquid,
1576 4523 1864 4587 Ecclesia
1892 4528 2176 4605 potestati

2280 4550 2381 4585 τινα
2426 4528 2572 4595 τάξιν
2616 4531 2877 4600 κτήσεταί
2932 4553 3008 4606 τι,
3071 4531 3373 4587 ὑποκείσθω
3418 4535 3487 4604 τῇ
3539 4528 3746 4601 ἐξουσίᾳ
3801 4535 3904 4584 τῶν

537 4614 870 4694 subiaceat.

619 4703 720 4768 32.
756 4705 904 4766 Item
941 4702 1066 4781 (l8)
1101 4702 1344 4783 placuit,
1382 4711 1445 4764 ut
1495 4701 1788 4783 episcopi,
1824 4702 2180 4784 presbyteri,

539 4792 802 4868 diaconi,
832 4789 922 4852 vel
955 4791 1303 4872 quicunque
1332 4790 1680 4871 clerici,qui
1711 4791 1860 4852 nihil
1893 4792 2184 4852 habentes

541 4882 917 4955 ordinantur,
945 4889 1005 4941 et
1035 4889 1307 4959 tempore
1334 4880 1714 4961 episcopatus
1745 4881 1835 4940 vel
1868 4881 2184 4943 clericatus

537 4977 653 5046 sui,
713 4989 891 5049 agros
954 4969 1045 5031 vel
1100 4988 1481 5050 quaecunque
1541 4969 1766 5048 praedia
1801 4970 2045 5031 nomine
2077 4988 2184 5032 suo

540 5067 912 5139 comparant.
961 5066 1244 5139 tanquam
1298 5078 1499 5121 rerum
1534 5057 1981 5120 Dominicarum
2016 5060 2186 5120 inva-

539 5147 729 5210 sionis
760 5146 1018 5209 crimine
1042 5156 1360 5210 teneantur
1393 5165 1407 5211 :
1436 5147 1551 5209 nisi
1573 5147 1860 5208 admoniti
1887 5148 1944 5208 in
1973 5147 2185 5209 Eccle-

540 5235 689 5297 siam
714 5235 924 5298 eadem
949 5236 1076 5314 ipsa
1093 5235 1543 5300 contulerint.Si
1560 5245 1756 5298 autem
1777 5236 1922 5317 ipsis
1947 5237 2186 5318 proprie

539 5323 768 5407 aliquid
818 5323 1177 5390 liberalitate
1205 5327 1484 5407 alicujus,
1543 5329 1632 5391 vel
1665 5329 2050 5390 successione
2079 5346 2185 5389 co-

626 5504 687 5557 77
718 5503 949 5569 Canou.
984 5501 1084 5567 39.

2265 4617 2598 4682 ἐπισκόπων,

2345 4704 2461 4782 λβ¹.
2499 4697 2728 4781 Ὁμοίως
2776 4706 2993 4785 ἤρεσεν,
3039 4708 3132 4762 ’ίνα
3177 4707 3488 4778 ἐπίσκοποι,
3539 4705 3901 4784 πρεσϐύτεροι,

2266 4793 2529 4875 διάκονοι,
2578 4796 2611 4864 ἢ
2654 4798 2745 4854 καί
2795 4796 3076 4867 οἱοδήποτε
3137 4795 3405 4873 κληρικοὶ,
3455 4799 3500 4852 οἱ
3545 4794 3714 4869 μηδὲν
3746 4795 3907 4874 ἔχον·

2265 4905 2379 4953 τις,
2440 4884 2531 4940 ἐὰν
2573 4890 2943 4961 προκόψαντες
3002 4887 3079 4959 τῷ
3133 4891 3301 4960 καιρῴ
3359 4889 3458 4951 τῆς
3520 4885 3905 4958 ἰπισκοπῆς,ἧ

2267 4977 2368 5039 τῆς
2427 4971 2751 5050 κληρώσεως
2821 4977 2992 5031 αὖτῶν
3049 4974 3242 5052 ἀγροὺς
3300 4973 3334 5040 ἢ
3392 4970 3682 5041 οἱαδήποτε
3737 4975 3906 5052 χωρία

2269 5060 2356 5118 ἐπ’
2386 5062 2610 5136 ὀνόματι
2639 5061 2753 5136 ἰδίῳ
2796 5063 3158 5140 Ξιγοράσωσιν,
3203 5061 3298 5116 ’ίνα
3342 5061 3417 5126 ὡς
3474 5063 3612 5117 κατὰ
3646 5077 3905 5118 Δεσποτι-

2270 5156 2378 5208 κῶν
2431 5153 2762 5228 πραγμάτων
2823 5151 3006 5230 ἔφοδον
3065 5150 3432 5217 πεποιηκότες
3491 5151 3804 5230 ἐνέχωνται,
3866 5152 3906 5206 εί

2270 5240 2348 5315 μὴ
2403 5239 2503 5319 ἄρα
2546 5239 2734 5298 λοιπὸν
2786 5241 3248 5315 ὑπομνησθέντες,
3292 5240 3360 5317 τῇ
3405 5238 3704 5313 Ἐκκλησία
3751 5248 3906 5298 ταῦτα

2269 5331 2668 5405 εἰσκομίσουσιν
2701 5347 2716 5363 ⁸
2763 5331 2853 5388 ἐὰν
2884 5330 2939 5388 δὲ
2995 5333 3069 5396 εἷς
3133 5328 3323 5394 αὐτοὺς
3377 5330 3597 5410 κυρίως,
3642 5329 3907 5410 φιλοτιμίᾳ

630 5645 748 5731 (18)
778 5645 1154 5732 Hipponensi
1185 5648 1444 5714 concilio
1477 5649 1567 5715 tit.
1600 5650 1637 5716 8
1672 5648 1954 5716 tribuitur
1985 5669 2017 5714 a
2047 5649 2356 5716 Ferrando
2386 5668 2520 5736 cap.
2557 5651 2656 5717 35.
