4134 6200
287 359 406 439 833
1094 364 1516 441 SYNTAGMA
1562 360 1965 439 CANUNUM.
2024 407 2103 419 —
2152 359 2309 433 TIT.
2358 358 2435 452 X,
2480 330 2646 433 CAP.
2696 358 2867 434 Vni.
3486 346 3489 349 “
3545 338 3661 436 834

284 506 486 574 παῖδας
510 525 523 539 '
561 509 597 578 iri
630 510 707 586 μὴ
737 508 906 567 ὄντων
941 509 1141 588 αὖτῶν,
1177 519 1458 586 συγγενεῖς
1492 505 1799 579 ὀρθοδόξους
1830 528 1845 543 ⁸
1884 514 1919 568 sl

2011 508 2195 572 bendi
2248 508 2593 571 facultatem
2626 482 2994 572 habeto.Sed
3047 508 3098 569 si
3131 526 3198 569 ex
3235 502 3448 570 liberis
3478 508 3663 590 aliqui

284 598 340 655 δέ
371 621 515 665 τινες
556 605 663 655 τῶν
687 597 888 656 παίδων
924 600 1051 655 εἰσὶν
1082 596 1372 677 ὀρθόδοξοι,
1402 598 1541 659 τινὲς
1576 595 1630 653 δὲ
1662 598 1744 676 οῦ,
1778 602 1812 670 ἠ
1844 600 1919 658 οῦ·

2013 600 2135 662 sint
2158 599 2698 681 orthodoxi,aliqui
2721 618 2862 661 vero
2885 618 3004 661 non
3041 597 3420 660 :.substantia
3451 599 3523 660 ad
3555 617 3660 662 or—

283 689 372 745 σία
427 691 503 752 εἷς
547 692 670 753 τοὺς
714 688 1018 765 ὀρθοδόξους
1077 687 1322 767 ἔρχεται,
1368 686 1466 742 κᾶν
1512 689 1538 742 6
1590 689 1768 766 πατὴρ
1827 689 1919 745 ἅλ-

2014 689 2308 752 thodoxos
2332 689 2630 767 pervenit:
2659 689 2899 751 tametsi
2924 696 3090 768 pater
3107 688 3500 771 alios[etiam]
3529 689 3657 751 hae-

284 778 410 842 λους
466 778 669 857 ἔγραψε
726 776 1098 854 κληρονόμους
1136 793 1150 808 ⁸
1200 778 1245 832 εἰ
1285 775 1340 831 δὲ
1383 777 1522 850 μετᾶ
1564 784 1731 834 ταῦτα
1769 780 1816 834 οἱ
1851 780 1929 836 αί-

283 870 484 946 ρετιιιοὶ
571 866 789 945 ἀδελφοὶ
886 863 1148 944 όρθὸδοξοι
1229 865 1511 943 γένωνται,

282 961 462 1036 αίροῦν
491 959 679 1018 αῦτοϊς
712 956 901 1033 μέρος,
934 957 995 1012 οῦ
1025 956 1134 1029 μὴν
1165 956 1254 1010 καὶ
1298 956 1344 1010 οἱ
1376 951 1739 1029 προλαϐόντες
1788 979 1925 1031 καρ-

282 1049 396 1127 ποὶ,
458 1046 576 1102 οὔτε
621 1045 813 1122 λόγους
872 1044 1158 1100 ἀπαιτοῦσι
1216 1043 1314 1111 τῆς
1368 1040 1739 1111 διοικήσεως*
1793 1047 1924 1109 τέως

277 1134 334 1191 δὲ
389 1136 454 1192 τὰ
498 1134 823 1212 πράγματα
856 1135 903 1190 οἱ
931 1129 1199 1203 ὀρθὸδοξοι
1231 1131 1474 1188 ἐκποιεϊν
1518 1132 1579 1188 οὗ
1622 1131 1868 1190 δύνανται
1907 1150 1920 1164 ⁸

276 1228 323 1282 εί
366 1225 465 1298 μέν
522 1246 606 1281 τοι
680 1221 846 1301 μέχρι
903 1221 1161 1288 τελευτῆς
1218 1221 1542 1295 ἐπιμείνωσι
1591 1228 1659 1294 τῇ
1720 1223 1925 1300 πλάνῃ,

275 1314 462 1391 πλήρη
505 1314 605 1382 τὴν
646 1310 959 1369 δεσποτείαν
1023 1314 1254 1367 κτῶνται
1315 1312 1361 1368 οἱ
1417 1310 1682 1385 ὀρθσὶδοξοι
1747 1315 1834 1369 καὶ
1879 1314 1933 1383 οἱ,

274 1403 603 1482 κληρονόμοι
641 1448 657 1465 .
704 1404 749 1458 εἰ
792 1400 849 1457 δὲ
907 1390 1096 1463 πάντες
1146 1404 1192 1457 οἱ
1244 1398 1436 1465 παῖδες
1482 1403 1737 1480 αἱρετικοί
1768 1404 1925 1476 εἰσιν,

275 1491 544 1571 ὀρθόδοξοι
587 1504 875 1569 συγγενεῖς
935 1490 1367 1566 κληρονομοῦσιν
1407 1512 1419 1523 ·
1481 1492 1524 1546 εἰ
1555 1487 1632 1568 ,δὲ
1684 1492 1761 1566 μὴ
1801 1492 1921 1571 εἰσὶ,

269 1584 419 1655 τότε,
482 1583 525 1637 εἰ
576 1581 677 1654 μὲν
729 1581 983 1657 κληρικοί
1026 1582 1162 1636 εἰσιν
1209 1582 1257 1635 οἱ
1300 1592 1510 1659 γονεῖς,
1544 1582 1578 1647 ἡ
1624 1578 1926 1647 Ἐκκλησία

269 1677 375 1738 τῆς
431 1671 642 1735 πόλεως
699 1670 753 1726 ἐν
810 1671 848 1746 ᾗ
904 1673 1003 1738 τὴν
1065 1668 1290 1735 οἴκησιν
1336 1673 1522 1749 εἶχον,
1568 1667 1926 1744 λαμϐάνειτὰ

271 1760 615 1838 πράγματα’
677 1762 722 1817 εἶ
780 1758 835 1815 δὲ
894 1761 941 1815 οἱ
1025 1757 1476 1825 ἐκκλησιαστικοὶ
1529 1758 1599 1815 δι’
1683 1759 1926 1816 ἐνιαυτοῦ

1599 860 1798 924 δίδοται
1867 870 1927 924 τὸ

2010 779 2188 841 redes
2210 778 2548 858 scripserit.
2588 777 2645 840 Si
2666 797 2808 840 vero
2832 778 3211 859 postmodum
3236 779 3504 841 hazretici
3536 780 3658 843 fra-

2013 878 2135 931 tres
2168 868 2483 929 urthodoxi
2508 868 2857 935 ﬁant.datur
2875 868 3022 948 ipsis
3046 877 3395 948 competens
3414 869 3610 949 portio
3641 889 3654 932 :

2011 977 2130 1020 non
2153 966 2352 1019 autem
2376 958 2518 1018 550
2540 959 2717 1020 etiam
2747 957 3039 1039 praateriti
3076 957 3310 1020 fructus
3333 977 3530 1039 neque
3550 959 3660 1020 ad-

2013 1047 2476 1108 ministrationis
2501 1054 2764 1109 rationes
2781 1047 3046 1126 exigunt.
3072 1047 3316 1110 Interim
3338 1056 3540 1110 tamen
3560 1067 3660 1111 res

2013 1136 2478 1215 [haereditarias]
2501 1135 2818 1197 orthodoxi
2842 1136 3113 1197 alienare
3136 1154 3254 1196 non
3279 1143 3548 1214 possunt.
3580 1137 3661 1198 At

2011 1225 2059 1286 si
2085 1225 2155 1287 ad
2188 1236 2443 1286 mortem
2490 1243 2679 1306 usque
2702 1226 2758 1286 in
2785 1243 2994 1287 errore
3018 1225 3486 1306 permanserint,
3522 1226 3656 1307 ple-

2012 1333 2152 1376 num
2204 1314 2542 1375 dominium
2594 1314 2917 1377 orthodoxi
2958 1314 3331 1395 [eorumque]
3385 1316 3658 1379 haeredes

2010 1404 2548 1484 acquirunt.Plane
2579 1404 2630 1466 si
2655 1423 2866 1465 omnes
2897 1404 3076 1465 liberi
3107 1404 3375 1466 haeretici
3406 1404 3656 1482 sint,c0-

2007 1494 2176 1572 gnati
2211 1493 2532 1555 orthodoxi
2576 1494 2852 1557 haeredes
2903 1494 3073 1555 ﬁunt.
3110 1492 3217 1566 Qui
3252 1494 3299 1555 si
3331 1495 3481 1556 nulli
3510 1497 3651 1571 sint,

2009 1590 2132 1644 tum
2158 1583 2209 1643 si
2242 1583 2448 1645 clerici
2477 1592 2756 1664 parentes
2789 1582 3032 1656 fuerint,
3069 1582 3340 1645 Ecclesia
3371 1584 3650 1663 civitatis,

2009 1672 2068 1731 in
2100 1690 2217 1751 qua
2247 1671 2618 1733 domicilium
2652 1671 3339 1746 habuerunt,facultates
3370 1675 3651 1755 percipit.

2008 1760 2125 1823 Sed
2181 1760 2233 1822 si
2292 1760 2690 1823 ecclesiastici
2742 1761 2895 1822 intra
2925 1779 3149 1822 annum
3185 1761 3318 1823 illas
3347 1762 3655 1827 vindicare

274 1850 614 1925 ἀμελήσουσι
690 1847 1026 1915 διεκδικῆσαι
1112 1849 1179 1904 τὰ
1269 1848 1587 1926 πράγματα,
1648 1851 1675 1904 6
1735 1851 1919 1925 φίσκος

2008 1849 2414 1929 neglexerint,
2450 1852 2609 1932 capit
2656 1868 2757 1912 eas
2800 1851 3007 1912 ﬁscus.
3044 1852 3117 1913 At
3149 1850 3198 1911 si
3234 1851 3371 1911 laici
3403 1851 3650 1930 fuerint,

273 1940 411 1997 αὔτα
452 1938 724 2012 λαμϐάνει
762 1956 777 1971 ⁸
827 1939 871 1994 εί
915 1937 971 1994 δὲ
1012 1937 1200 1995 λα’ίιιοί
1248 1939 1403 2017 εἰσιν,
1456 1939 1483 1993 ὃ
1540 1938 1730 2017 φίσκος
1792 1936 1924 1995 αὐτὰ

277 2026 563 2108 λαμϐάνει,
598 2029 714 2084 εἴτε
745 2027 977 2084 διὲῐεντο
1007 2024 1123 2084 εἴτε
1156 2027 1255 2101 μή·
1308 2027 1375 2083 τὰ
1404 2027 1541 2084 αὐτὰ
1569 2040 1782 2106 κρατεῖ,
1834 2027 1924 2084 ἐὰν

285 2122 315 2177 6
375 2118 509 2182 παῖς
544 2116 817 2198 όρθόδοξος
876 2116 975 2193 ὢν,
1023 2114 1284 2183 αἴσθηται
1333 2118 1456 2179 τοὺς
1505 2129 1689 2193 γονεῖς
1719 2118 1924 2194 αἱρετι-

282 2211 436 2289 κοῦς,
469 2208 597 2265 ὅταν
625 2208 785 2271 αὐτὸς
819 2209 845 2263 6
875 2219 1009 2269 παῖς
1068 2204 1366 2272 διατίθηται
1426 2206 1460 2273 ἢ
1493 2206 1919 2282 κληρονομῆται.

368 2293 428 2355 Ἠ
475 2298 528 2354 α’
579 2297 700 2374 περὶ
759 2301 866 2353 τῶν
924 2295 1300 2372 Σαμαρειτῖὁν,
1363 2293 1580 2372 δευτέρα
1646 2297 1776 2352 οὖσα
1831 2303 1925 2353 τοῦ

278 2391 380 2449 τίτ.
418 2394 511 2445 τοῦ
539 2387 588 2465 γ’
625 2388 735 2444 τῶν
768 2392 1009 2465 Νεαρῶν,
1049 2385 1397 2463 συνεχώρησε
1429 2386 1553 2448 τοὺς
1585 2386 1925 2461 Σαμαρείτας

278 2474 576 2551 λαμϐάνειν
635 2475 835 2552 δωρεὰς
883 2477 977 2531 καί
1020 2477 1083 2530 ἑκ
1138 2472 1434 2547 διαθηκῶν,
1482 2476 1568 2530 καὶ
1600 2472 1800 2531 διδόναι
1842 2495 1930 2550 καὶ

275 2566 662 2645 παραπέμπειν
722 2563 1086 2641 Σαμαρείταις
1143 2565 1314 2619 αὐτῶν
1365 2564 1518 2619 παισὶ
1566 2565 1653 2619 καὶ
1716 2571 1930 2642 γονεῦσ,⁵

2006 1939 2136 2000 sive
2166 1940 2362 2001 testati
2412 1940 2535 2002 sint
2585 1941 2711 2002 sive
2744 1958 2888 2014 non,
2922 1939 3237 2001 facultates
3265 1941 3444 2002 ﬁscus
3471 1944 3651 2024 capit.

2004 2025 2228 2088 Eadem
2288 2027 2587 2101 obtinent,
2650 2028 2700 2089 si
2756 2028 2915 2089 ﬁlius
2965 2027 3336 2090 orthodoxus
3367 2042 3654 2108 parentes

2004 2115 2325 2178 haereticos
2358 2115 2540 2197 [esse]
2576 2118 2817 2189 sentiat,
2873 2116 3113 2197 quando
3165 2116 3486 2198 [videlicet]
3523 2122 3652 2204 ipse

2008 2212 2430 2266 testamentum
2464 2205 2624 2279 facit,
2658 2206 2784 2266 svie
2813 2205 3178 2268 succeditur.

2089 2296 2291 2358 Const.
2319 2294 2393 2355 de
2424 2293 2818 2357 Samaritanis
2856 2302 3050 2375 1,qu.'e
3071 2293 3108 2355 2
3131 2305 3223 2357 est
3246 2296 3336 2356 tit.
3363 2297 3400 2360 3
3425 2297 3651 2362 Novel-

2009 2382 2510 2464 larum,permisit
2531 2383 2920 2447 Samaritanis
2948 2395 3072 2447 tum
3105 2402 3176 2446 ex
3207 2385 3531 2451 donatione
3556 2400 3651 2451 at-

2012 2493 2132 2553 que
2156 2481 2517 2537 testamento
2540 2483 2914 2555 capere,tum
2947 2474 3197 2550 donare,
3230 2484 3290 2536 et
3316 2476 3391 2539 ad
3427 2477 3652 2542 liberos

2015 2582 2179 2637 suos,
2212 2574 2515 2642 parentes,
2541 2572 2824 2642 cognatos
2846 2561 3259 2626 Samaritanos
3279 2568 3651 2631 transmitte-

274 2658 366 2714 καὶ
396 2654 704 2733 συγγενέσιν
740 2670 756 2686 ⁸
787 2655 823 2722 ἡ
868 2653 968 2727 μέν
1012 2674 1098 2710 τοι
1150 2652 1425 2712 τελευταία
1480 2653 1600 2730 περῖ
1661 2659 1919 2730 Σαμαρει.

2013 2657 2191 2717 re.At
2211 2654 2287 2716 de
2318 2653 2705 2716 Samaritanis
2734 2654 2985 2731 ult.qum
3019 2661 3108 2715 est
3138 2652 3650 2727 3,tit.3Novella-

271 2753 409 2820 τῶν,
441 2742 497 2823 γ’
528 2745 659 2801 οῦσα
702 2750 796 2801 τοῦ
834 2740 887 2822 γ’
922 2743 1029 2804 τίτ.
1061 2748 1167 2797 τῶν
1221 2748 1437 2819 Νεαρῶν
1493 2764 1680 2822 φησιν,
1714 2742 1821 2821 ὅτι,
1869 2743 1919 2800 Ol

2012 2761 2171 2817 rum,
2208 2743 2394 2807 dicit:
2449 2743 2815 2807 Samaritani
2838 2763 2906 2805 ex
2934 2751 3291 2820 testamento
3315 2755 3414 2808 aut
3445 2746 3519 2809 ab
3550 2749 3646 2810 in-
3686 2757 3693 2765 '

274 2842 619 2911 Σαμαρεῖται
703 2835 764 2890 οὐ
840 2839 1270 2910 κΛηρονομοῦσιν
1326 2832 1389 2887 ἐκ
1444 2830 1710 2901 διαθήκης
1778 2832 1813 2900 ἢ
1874 2831 1919 2898 ἐξ

2015 2842 2227 2896 testato
2259 2834 2531 2895 hreredes
2562 2852 2680 2895 non
2708 2834 2877 2905 ﬁunt,
2916 2851 3112 2913 neque
3145 2832 3338 2911 legata
3370 2834 3653 2899 donatio-

270 2923 576 2993 ἆδιαθέτου,
652 2924 773 2980 οὔτε
844 2921 1058 2998 ληγάτα
1130 2922 1166 2991 ἢ
1237 2920 1438 2998 δωρεὰς
1509 2920 1917 2995 λαμϐάνουσιν

2008 2941 2191 2986 ηοειε
2224 2923 2472 3004 capiunt
2510 2945 2523 2982 :
2558 2923 2665 2984 sed
2701 2940 2811 2984 nec
2838 2920 3273 2997 Samaritanos,
3302 2933 3403 2984 aut
3432 2926 3534 3007 qui
3555 2946 3653 2990 or-

271 3014 397 3071 ἀλλ’
427 3011 549 3069 οὔτε
582 3010 870 3092 διαδόχους
900 3011 1105 3077 ἕξουσιν
1148 3009 1199 3076 ἐξ
1230 3009 1525 3088 ἆδιαδὸχου
1555 3012 1919 3090 Σαμαρείτας,

2008 3012 2305 3075 thodoxos
2334 3030 2399 3075 se
2424 3012 2739 3085 simulant,
2775 3030 2895 3073 non
2926 3012 3005 3073 ita
3033 3022 3229 3074 autem
3261 3014 3549 3089 sentiunt,
3572 3016 3647 3080 ab

269 3103 311 3173 ἢ
370 3102 880 3183 σχηματιζομὲνους
924 3101 1023 3177 μὲν
1065 3106 1186 3166 τοὺς
1229 3099 1561 3178 ὁρθοδόξους,
1621 3101 1727 3180 οὔχ
1784 3100 1919 3158 οὕτω

2008 3102 2288 3166 intestato
2315 3121 2698 3165 successores
2726 3102 3064 3165 habebunt.
3096 3101 3302 3183 Neque
3321 3102 3506 3185 [vero]
3533 3114 3649 3168 tes-

271 3191 332 3250 δὲ
389 3199 707 3273 φρονοῦντας
741 3211 756 3227 ·
819 3189 939 3249 οὔτε
1001 3189 1055 3247 δὲ
1115 3188 1434 3247 διατίθεσθαι
1493 3190 1529 3258 ἢ
1600 3188 1908 3269 δωρεῖσθαι,

2009 3202 2337 3295 tamentum
2400 3191 2629 3295 faciunt
2683 3202 2787 3255 aut
2837 3192 3059 3295 legant,
3113 3192 3495 3295 autdonant,
3530 3195 3643 3258 nisi

271 3284 321 3341 εἰ
352 3284 430 3358 μὴ
486 3295 606 3347 τοῖς
649 3279 944 3359 ὀρθοδόξοις
985 3282 1074 3338 καὶ
1117 3281 1298 3337 πίστει
1362 3282 1447 3337 καὶ
1492 3279 1667 3359 ἔργοις
1701 3296 1718 3313 ⁵
1784 3282 1911 3338 τού-

2008 3282 2348 3345 orthodoxis
2380 3290 2438 3344 et
2463 3282 2579 3345 ﬁde
2612 3290 2668 3343 et
2700 3281 2986 3362 operibus
3022 3300 3035 3345 :
3072 3281 3290 3361 quibus
3334 3302 3455 3345 non
3487 3284 3638 3347 sub-

265 3395 378 3431 των
439 3371 495 3428 δὲ
527 3372 606 3446 μὴ
651 3370 845 3451 ὀίτων,
888 3372 939 3427 αἱ
1000 3371 1173 3428 οὖσίαι
1235 3371 1372 3446 μετὰ
1408 3370 1635 3428 θάνατον
1692 3372 1769 3435 είς
1823 3373 1916 3429 τὸν

2008 3371 2380 3448 sistertibus,
2411 3371 2569 3436 bona
2602 3382 2735 3453 post
2768 3378 3024 3435 mortem
3058 3372 3130 3436 ad
3178 3374 3387 3436 ﬁscum
3422 3393 3645 3455 perve-

265 3463 459 3533 φίσκον
521 3461 779 3541 ἔρχονται
812 3479 826 3493 ·
884 3462 934 3519 οἱ
990 3459 1047 3517 δὲ
1100 3460 1202 3538 γῆν
1246 3459 1700 3539 διαγεωργοῦντες
1732 3468 1919 3535 Σαμα-

263 3565 472 3632 ρεῖται,
531 3549 780 3609 δύνανται
815 3551 1040 3630 γράφειν
1096 3549 1469 3628 κληρονόμους
1528 3549 1775 3616 ἀνιόντας
1830 3552 1920 3610 καὶ

262 3642 553 3705 κατιόντας
613 3642 810 3715 αὐτῶν,
847 3641 938 3698 καὶ
986 3639 1306 3718 ληγατεόειν
1354 3645 1543 3705 αῦτοϊς
1577 3642 1814 3704 καὶτοῖς
1857 3641 1920 3699 ἐκ

262 3731 524 3811 πλαγίου,
569 3732 669 3790 κᾶν
698 3734 802 3788 ὧσι
833 3737 1175 3811 Σαμαρεῖται
1211 3752 1224 3765 ·
1257 3732 1463 3788 τούτων
1494 3730 1549 3787 δὲ
1600 3734 1678 3806 μή
1722 3730 1913 3804 ὄντων,

261 3825 292 3881 6
338 3829 437 3881 τοῦ
467 3822 672 3903 χωρίου
701 3820 996 3896 δεσπότης,
1030 3820 1085 3877 ἰν
1113 3828 1160 3895 ᾧ
1214 3821 1470 3901 ἐγεώργει
1503 3824 1532 3878 6
1562 3820 1914 3896 τελευτήσας,

258 3913 367 3982 τὴν
428 3911 610 3970 οὖσίαν
662 3909 954 3990 λαμϐάνει,
997 3913 1091 3969 τὸν
1133 3911 1302 3970 τόπον
1346 3911 1402 3968 ἐν
1447 3912 1619 3986 τούτῳ
1673 3920 1768 3971 τοῦ
1825 3912 1917 3993 φί-

264 4024 401 4063 σκου
432 4001 675 4083 ἰπέχων,

349 4083 413 4149 Ἠ
446 4089 499 4148 δὲ
541 4091 596 4172 γ’
627 4088 769 4155 διάτ,
800 4094 895 4149 τοῦ
921 4089 972 4169 β’
1014 4091 1120 4151 τίτ.
1155 4098 1262 4149 τῶν
1292 4093 1514 4171 Νεαρῶν
1546 4091 1692 4170 λέγει
1729 4108 1742 4124 '
1783 4099 1910 4160 Μη-

256 4180 370 4249 δεὶς
431 4180 703 4261 αἱρετικὸς
761 4182 841 4258 μὴ
897 4182 1038 4239 κατὰ
1096 4183 1353 4258 μίσθωσιν
1417 4182 1453 4250 ἢ
1481 4181 1823 4263 ἐμφύτευῃν’
1876 4183 1912 4253 ἢ

256 4271 556 4352 ἆγορασίαν
585 4271 620 4340 ἢ
656 4270 823 4351 ἑτέρῳ
878 4271 1064 4351 τρόπῳ
1122 4272 1353 4339 ἀκίνητα
1412 4272 1705 4351 πράγματα
1762 4272 1911 4349 λαμε-

258 4360 472 4419 ϐανὲτω
528 4360 636 4418 ὰπὸ
693 4358 1050 4434 Ἐκκλησίας,
1107 4362 1144 4427 ἢ
1200 4359 1367 4418 ἄλλου
1395 4358 1693 4435 σεϐασμίου
1721 4362 1910 4420 τόπου⁶

259 4451 382 4509 imi
413 4453 442 4507 6
473 4450 571 4526 μὲν
599 4451 868 4530 αἱρετικὸς
925 4451 993 4507 τὰ
1036 4450 1166 4529 παρ’
1225 4450 1385 4508 αυτοῦ
1440 4448 1655 4507 δοθέντα
1706 4451 1791 4508 ἐπὶ
1848 4457 1918 4529 τῇ

2001 3462 2500 3527 niunt.C:eterum
2535 3463 2640 3543 qui
2671 3461 3038 3525 Samaritani
3072 3473 3264 3526 terras
3286 3465 3515 3540 colunt,
3540 3481 3645 3546 pa-

2001 3562 2207 3616 rentes
2238 3562 2420 3634 atque
2467 3552 2698 3614 liberos
2747 3571 2891 3614 suos
2922 3553 3200 3615 haeredes
3225 3554 3518 3629 scribere,
3553 3563 3647 3617 at-

2003 3662 2120 3725 que
2150 3642 2299 3724 ipsis
2325 3649 2385 3705 et
2414 3661 2480 3704 ex
2515 3650 2856 3704 transverso
2884 3640 3230 3724 [cognatis],
3270 3643 3507 3706 tametsi
3534 3641 3645 3706 Sa-

2002 3733 2282 3795 maritaui
2312 3732 2668 3812 sint,legare
2701 3730 3150 3813 possunt.Quod
3181 3732 3232 3794 si
3264 3732 3478 3795 horum
3509 3732 3646 3795 nul-

2001 3821 2095 3884 lus
2126 3823 2228 3898 sit,
2257 3822 2465 3903 praedii
2496 3822 2559 3883 in
2618 3839 2736 3903 quo
2788 3821 2922 3881 ’551
2990 3821 3310 3884 defunctus
3357 3821 3647 3902 agricola-

2002 3912 2199 3988 batur,
2236 3912 2517 3975 dominus
2549 3911 2947 3976 substantiam
2991 3912 3152 3994 capit
3184 3929 3197 3972 :
3235 3910 3480 3996 [quippe
3510 3915 3642 3996 qui]

1994 4004 2186 4067 vicem
2221 4002 2351 4065 ﬁsci
2381 4003 2444 4065 in
2476 4004 2588 4064 hoc
2618 4002 2911 4068 obtineat.

2079 4093 2551 4167 Constit.3,tit.9
2567 4091 2947 4155 Novellarum
2969 4091 3136 4154 dicit:
3163 4093 3376 4157 Nullus
3395 4095 3645 4158 haereti-

1996 4203 2104 4249 cus
2128 4203 2236 4266 per
2258 4183 2726 4246 conductionem
2754 4192 2854 4245 aut
2876 4183 3449 4266 emphyteusim,aut
3477 4202 3571 4247 em
3584 4204 3646 4265 p-

1997 4277 2355 4350 tionem,aut
2374 4272 2491 4335 alio
2519 4273 2698 4335 modo
2721 4275 2795 4335 ab
2817 4272 3090 4336 Ecclesia
3106 4272 3298 4336 aliove
3315 4273 3646 4336 venerabili

1996 4364 2129 4426 loco
2159 4361 2625 4425 resimmobiles
2646 4362 2870 4443 capito.
2895 4362 3137 4444 Alioqui
3170 4364 3486 4426 hmreticus
3516 4381 3647 4444 quas

1997 4451 2110 4513 hac
2133 4451 2207 4512 de
2229 4469 2407 4512 causa
2438 4450 2627 4525 dedit,
2662 4452 2919 4513 amittito
2957 4470 2972 4512 :
2998 4469 3099 4513 res
3116 4461 3315 4515 autem
3340 4451 3414 4514 ad
3446 4453 3643 4515 locum

262 4540 490 4616 τοιαύτῃ
525 4542 665 4613 αἰτίᾳ
693 4539 1004 4611 ἀπολλύτω,
1064 4541 1126 4596 τὸ
1156 4537 1210 4596 δὲ
1241 4546 1468 4619 πρᾶγμα
1499 4539 1916 4622 ἐπανατρεχέτω

2008 4558 2070 4603 ex
2095 4557 2209 4620 quo
2233 4538 2368 4601 data
2404 4548 2494 4602 est
2516 4540 2818 4602 recurrito
2846 4562 2860 4604 :
2906 4540 3289 4622 dispensator
3313 4552 3514 4604 autem
3544 4542 3646 4624 qui

265 4632 345 4695 εἶς
375 4633 469 4687 τὸν
514 4632 679 4688 τόπον
723 4630 776 4695 ἑξ
807 4632 868 4687 οῦ
895 4629 1053 4698 ἐδόθη
1086 4648 1102 4667 ο
1152 4632 1180 4686 6
1226 4627 1281 4686 δὲ
1324 4628 1573 4696 δεδωκὼς
1637 4628 1916 4700 διοικητὴς

266 4720 513 4801 εἴργεται
545 4727 638 4777 τοῦ
665 4720 859 4777 λοιποῦ
890 4718 1067 4786 πάσης
1107 4723 1211 4788 τῆς
1251 4717 1596 4795 διοικήσεως,
1654 4722 1743 4778 καὶ
1804 4745 1914 4796 μο-

267 4811 545 4890 ναστηρίῳ
600 4807 952 4886 ἆμϐάλλεται,
1015 4807 1111 4866 καὶ
1169 4809 1255 4865 ἑπὶ
1325 4808 1564 4868 ἐνιαυτὸν
1608 4816 1705 4877 τῆς
1762 4812 1917 4888 ἁγίας

266 4900 556 4962 κοινωνίας
613 4901 905 4981 χωρίζεται
945 4918 958 4932 ·
1012 4901 1047 4968 ἡ
1109 4899 1243 4967 αὗτῆ
1308 4897 1362 4956 δὲ
1405 4897 1544 4962 διάτ.
1594 4902 1777 4982 φησὶν,
1810 4900 1916 4982 ὅτι,

268 4989 402 5051 Ἐάν
445 5011 526 5053 τις
571 4997 679 5046 τῶν
712 4992 1016 5068 αἳρετικῶν,
1081 4992 1169 5052 οἷς
1214 4992 1653 5068 συναριθμοῦνται
1711 5001 1917 5049 Νεστο-

269 5080 446 5159 ριανοὶ
487 5082 579 5137 καὶ
645 5078 1062 5161 Εὗτυχιανισταὶ
1116 5080 1206 5136 καὶ
1271 5079 1591 5160 Ἀκέφαλοι,
1649 5080 1916 5155 τολμῆσοι

266 5169 613 5249 καταγώγιον
646 5175 746 5238 τῆς
796 5169 929 5233 ἰδίας
960 5169 1250 5248 θρησκείας
1298 5176 1550 5244 ποιῆσαι,
1597 5171 1633 5239 ἢ
1666 5168 1916 5228 Ἰουδαῖοι

268 5261 394 5317 νέαν
456 5261 799 5339 συναγωγὴν,
892 5258 1167 5335 ἒκδικείτῳ
1224 5260 1358 5319 αὐτὰ
1411 5262 1445 5328 ἡ
1507 5258 1825 5329 Ἐκκλησία⁶
1870 5262 1917 5317 εἰ

269 5348 325 5407 δὲ
356 5349 725 5429 ἐνεφῦτευσεν,
772 5349 809 5417 ἢ
853 5348 1175 5430 ἐμίσθωσεν,
1229 5349 1263 5418 ἢ
1315 5351 1560 5407 ὁπωσοῦν
1592 5352 1664 5415 εἰς
1704 5348 1915 5418 διοίκη-

271 5460 354 5497 σιν
384 5438 581 5497 δέδωκε
612 5440 837 5515 τοιούτῳ
871 5439 1168 5519 προσώπῳ,
1203 5440 1249 5496 εἰ
1280 5439 1378 5515 μὲν
1410 5437 1559 5506 εἰδὼς
1588 5442 1616 5497 6
1645 5438 1915 5507 δεσπότης

274 5530 537 5606 αἱρετικὸς
609 5527 803 5605 ἔπραξε
860 5535 1039 5603 τοῦτο,
1100 5528 1277 5594 πάσας
1333 5529 1427 5594 τὰς
1471 5529 1765 5602 προσόδους
1824 5538 1918 5587 τοῦ

274 5621 477 5699 χρόνου
516 5627 612 5677 τοῦ
662 5618 1109 5696 συναλλάγματος
1151 5620 1187 5687 ἡ
1220 5617 1518 5687 Ἐκκλησία
1548 5625 1648 5687 τῆς
1678 5619 1914 5700 πόλεως,

273 5707 362 5791 ὕφ’
405 5707 476 5781 ἢν
515 5711 551 5782 ἡ
595 5708 789 5781 κτῆσις
838 5705 1125 5787 διάκειται,
1158 5705 1366 5767 ὖκδικεϊ
1395 5724 1410 5741 ⁸
1445 5709 1726 5790 ἀγνοοῦντι
1756 5708 1813 5768 δὲ
1843 5718 1921 5789 τῷ

2002 4629 2170 4692 dedit
2192 4628 2268 4691 de
2290 4638 2509 4692 cmtero
2533 4647 2568 4691 a
2589 4629 3042 4710 dispensatione
3061 4640 3319 4712 arcetor,
3345 4638 3404 4694 et
3424 4632 3486 4693 in
3509 4649 3645 4693 mo-

2001 4719 2338 4783 nasterium
2364 4718 2782 4800 conjicitor,et
2814 4736 2925 4796 per
2946 4738 3170 4781 annum
3195 4738 3227 4781 a
3247 4728 3453 4782 sancta
3474 4738 3645 4782 com-

2002 4810 2288 4871 munione
2305 4811 2920 4889 segregator.Rursus
2943 4811 3153 4871 eadem
3179 4808 3549 4872 constit.ait:
3585 4808 3646 4872 Si

2000 4899 2136 4980 quis
2154 4899 2604 4973 haereticorum,
2642 4897 2861 4980 quibus
2878 4907 3402 4960 conuumerantur
3421 4896 3644 4967 Nesto-

1996 4988 2742 5069 riani,Eutychianist:e,et
2764 4986 3085 5069 Acephali,
3113 4989 3466 5068 speluncam
3490 4988 3646 5050 ausit

1999 5079 2313 5160 religionis
2333 5097 2457 5140 suae
2477 5078 2876 5151 exaediﬁcare,
2905 5084 3008 5139 aut
3027 5077 3219 5139 Judaei
3243 5096 3453 5139 novam
3468 5080 3646 5157 Syna-

1996 5188 2207 5250 gogam
2236 5180 2575 5232 exstruere:
2604 5169 2731 5231 haec
2755 5168 3024 5231 Ecclesia
3040 5168 3444 5231 vindicato.Si
3468 5163 3644 5250 [quis]

1995 5277 2136 5321 vero
2152 5256 2852 5338 [quippiam]hujusmodi
2868 5259 3212 5339 personzein
3228 5256 3647 5339 emphyteusin

2001 5348 2370 5421 dederit,aut
2392 5348 3373 5430 locaverit,autquomodocunque
3387 5347 3648 5411 admini-

2003 5437 2311 5501 strandum
2330 5437 2724 5499 concesserit:
2744 5446 2805 5498 et
2825 5436 3074 5518 quidem
3099 5438 3450 5500 haereticum
3478 5437 3647 5501 illum

2005 5529 2195 5610 [esse]
2228 5527 2430 5588 sciens
2460 5528 2518 5587 id
2555 5527 2773 5590 fecerit
2808 5547 2821 5590 :
2858 5545 3072 5588 omnes
3103 5527 3332 5589 reditus
3383 5528 3649 5610 quandiu

2002 5625 2345 5682 contractus
2359 5618 2839 5691 dural,Ecclesia
2861 5618 3260 5695 civitatis,sub
3275 5638 3393 5700 qua
3412 5630 3651 5701 posses-4

2003 5713 2094 5776 sio
2127 5709 2243 5774 sita
2285 5717 2401 5791 est,
2461 5708 2775 5774 vindicat:
2829 5707 2922 5774 sin
2953 5708 3263 5792 ignorans,
3297 5709 3528 5775 nullum
3558 5707 3649 5774 illi
