4134 6200
497 249 615 329 335
727 199 730 202 ’

1681 237 1949 322 PHOTII
2001 203 2521 322 PATRIARCHE
2573 243 2687 323 ορ.

3744 237 3874 320 836

497 397 788 459 damnum
849 393 1113 457 obvenit.
1161 390 1497 454 Haereticus
1546 396 1745 452 autem
1788 390 1847 451 in
1880 396 2136 470 utroque

2236 391 2476 468 ἰεσπότῃ,
2510 390 2728 466 οὐδεμία
2780 390 3122 469 προσγίνεται
3178 389 3343 460 ζημία
3377 403 3394 420 ⁶
3439 390 3468 445 ὁ
3512 386 3568 444 δὲ
3602 390 3872 467 αἱρετικὸς

495 501 640 550 casu
671 495 730 549 et
759 483 1144 564 possessione
1175 480 1460 560 abigitur,
1512 489 1572 543 et
1608 479 1772 558 [ejus
1801 477 1985 559 bona]
2020 498 2135 559 pu-

2236 481 2300 560 ;φ’
2333 481 2584 558 ἐκατέρου
2627 480 2884 561 θέματος,
2926 481 3017 536 καὶ
3061 479 3161 547 τῆς
3205 479 3451 547 κτήσεως
3509 478 3872 535 ἀπελαύνεται

499 575 820 639 blicantur.

2222 573 2309 626 καὶ
2335 567 2651 646 δημεύεται.

1860 922 2262 1008 ΤΙΤΛΟΣ
2338 891 2499 1006 IA’.

1534 1138 1688 1190 ΠΕΡΙ
1744 1140 2238 1194 ΜΟΜΑΣΤΗΡΙΩΝ

2297 1144 2405 1193 ΚΑΙ
2463 1141 2818 1197 ΜΟΝΑΧΩΝ.

1843 1485 2322 1573 TITULUS
2391 1487 2539 1572 XI.

1593 1705 1690 1769 DE
1720 1707 2230 1774 MONASTEBIIS
2259 1706 2358 1772 ET
2385 1703 2763 1771 MONACHIS

577 1880 716 1942 359
747 1881 988 1947 CAPUT
1016 1883 1064 1946 Ι.
1095 1919 1175 1931 -
1209 1885 1291 1948 De
1319 1887 1836 1950 monasteriorum
1867 1888 2139 1967 mdiﬁca-
2165 1907 2202 1958 ιι

498 1976 680 2043 tione,
714 1978 773 2033 et
813 1990 888 2034 ne
931 1972 1056 2036 hac
1100 1976 1335 2055 privati
1350 1978 1526 2056 juris
1554 1983 1696 2053 sint,
1734 1984 1790 2037 et
1820 1977 1894 2039 de
1923 1996 2141 2040 mona-

499 2060 745 2124 chorum
775 2062 980 2126 rebus.

655 2150 924 2216 Concih‘i
955 2153 1472 2219 Chalcedonensis
1502 2175 1767 2220 canones
1791 2157 1850 2238 4,
1875 2157 1977 2221 24.

565 2242 624 2306 4.
660 2241 775 2314 Qui
809 2261 948 2306 vere
979 2252 1038 2305 et
1061 2244 1303 2307 sincere
1334 2254 1406 2309 ut
1434 2265 1578 2328 pag.
1611 2248 1756 2310 734.

563 2332 666 2394 24.
703 2330 817 2404 Qui
877 2333 1068 2396 semel
1113 2334 1419 2398 voluntate
1479 2337 1752 2416 episcOpi
1783 2345 2143 2399 consecrata

485 2429 628 2483 sunt
660 2425 1052 2499 monasteria,
1090 2433 1148 2485 et
1178 2442 1276 2485 res
1304 2443 1437 2505 quae
1466 2425 1538 2486 ad
1573 2445 1640 2486 ea
1674 2428 1986 2506 pertinent
2015 2444 2143 2488 ser-

489 2511 838 2591 vari.eaque
869 2531 991 2573 non
1015 2513 1272 2592 amplius
1308 2515 1440 2575 ﬁeri
1473 2516 1791 2577 saecularia
1821 2515 2142 2579 habitacu-

486 2598 566 2660 la.
604 2601 723 2661 Eos
779 2609 1005 2676 autem,
1068 2602 1174 2682 qui
1223 2604 1337 2666 hoc
1371 2604 1500 2666 ﬁeri
1536 2604 1909 2685 permittunt.
1949 2624 2140 2669 cano-

487 2707 629 2750 num
665 2689 864 2770 pmnis
897 2690 1146 2770 subjici.

780 2958 1044 3022 Concih'i
1071 2962 1424 3024 wcttmenici
1451 2978 1510 3025 vr
1532 2978 1724 3024 canon
1754 2963 1853 3026 49.

566 3049 672 3113 49.
705 3047 878 3110 Hunc
908 3068 1146 3113 sacrum
1212 3051 1394 3113 etiam
1447 3071 1745 3115 canonem
1776 3059 2142 3116 renovantes

487 3139 898 3214 decernimus,
934 3149 998 3202 ut
1063 3159 1196 3222 quae
1253 3140 1585 3223 episc0pali
1617 3141 1924 3204 voluntate
1954 3143 2142 3205 semel

2309 1892 2559 1946 ΚΕΦΑΛ.
2608 1885 2700 1944 A'.
2747 1919 2822 1931 —
2870 1885 2996 1962 Περὶ
3027 1886 3302 1954 ποιήσεως
3335 1889 3733 1964 μοναστηρίων⁶
3771 1891 3875 1943 καὶ

2224 1983 2318 2034 τοῦ
2375 1982 2454 2050 μὴ
2506 1979 2738 2054 γίνεσθαι
2810 1975 2942 2032 αὐτὰ
3011 1972 3260 2032 ἱδιωτικά
3296 1991 3314 2010 ⁸
3387 1975 3487 2030 καί
3557 1978 3674 2055 περὶ
3727 1998 3875 2051 πρα-

2224 2066 2446 2144 γμάτων
2477 2071 2583 2121 τῶν
2613 2065 2978 2140 μοναζόντων.

2490 2153 2720 2212 Συνόδου
2763 2152 3109 2220 Χαλκηδόνος
3153 2154 3330 2211 κανὼν
3373 2152 3446 2234 δ’,
3493 2153 3599 2218 κδ’.

2305 2243 2376 2305 δ’.
2423 2247 2484 2303 Οἱ
2514 2243 2729 2308 ἀληθῶς
2761 2245 2851 2300 καὶ
2881 2242 3206 2321 εἰλικρινῶς,
3239 2265 3294 2305 κ.
3327 2265 3381 2304 τ.
3414 2247 3472 2305 λ.

2304 2333 2412 2397 κδ’.
2503 2335 2577 2392 Τὰ
2657 2333 2794 2399 ἅπαξ
2881 2333 3272 2411 καθιερωθέντα
3334 2335 3679 2410 μοναστήριᾶ
3735 2333 3880 2389 κατὰ

2224 2425 2451 2506 γνώμην
2520 2423 2848 2502 ἐπισκόπου,
2898 2421 3076 2497 μένειν
3121 2423 3195 2487 εἷς
3255 2424 3317 2480 τὸ
3381 2421 3629 2489 διηκενὲς
3697 2445 3878 2497 μονα-

2224 2517 2418 2590 στήρια
2454 2531 2473 2552 ⁸
2527 2514 2617 2570 καὶ
2657 2513 2724 2568 τὰ
2764 2512 3036 2582 ἀνήκοντα
3081 2513 3270 2575 αὸτοϊς
3321 2513 3616 2590 πράγματα
3665 2510 3879 2592 φυλάτ-

2222 2607 2404 2662 τεσθαι
2450 2608 2528 2676 τῷ
2583 2602 2956 2678 μοναστηρίῳ,
3025 2602 3114 2658 καὶ
3178 2602 3374 2675 μηκέτι
3417 2599 3669 2658 δύνασθαι
3713 2600 3875 2679 γενέ-

2221 2697 2342 2750 σθαι
2394 2700 2560 2751 ταῦτα
2617 2692 2857 2766 κοσμικὰ
2913 2691 3232 2769 καταγώγια
3271 2706 3286 2721 ’
3359 2691 3485 2756 τοὺς
3529 2690 3586 2746 δὲ
3642 2713 3876 2769 συγχω-

2222 2783 2445 2863 ροῦντας
2516 2787 2675 2838 τοῦτο
2731 2781 2994 2859 γίνεσθαι,
3069 2782 3386 2838 θποκετσθαι
3463 2794 3583 2846 τοῖς
3641 2781 3701 2836 ἔκ
3767 2785 3879 2836 τῶν

2225 2873 2463 2930 κανόνων
2489 2869 2806 2946 ἐπιτιμίοις.

2450 2959 2680 3020 Συνόδου
2709 2961 3088 3034 οἱκουμενικῆς
3117 2959 3277 3028 ἕκτης
3308 2961 3489 3017 κανὼν
3521 2959 3634 3036 μθ’,

2307 3049 2392 3126 μθ⁹
2442 3049 2852 3124 Ἀνανεούμενοι
2880 3050 2971 3105 καὶ
2996 3051 3186 3105 τοῦτον
3217 3051 3310 3106 τὸν
3339 3052 3482 3125 ἱερὸν
3513 3052 3712 3108 κανόνα
3756 3051 3877 3129 ὁρί-

2225 3149 2412 3217 ζομεν,
2499 3140 2639 3196 ὥστε
2720 3140 2784 3197 τὰ
2866 3137 3007 3204 ἅπαξ
3088 3139 3483 3216 καθιερωθέντα
3539 3141 3879 3216 μοναστήρια

488 3236 848 3290 consecrata
883 3228 1108 3291 fuerint
1136 3231 1535 3307 monasteria,
1570 3249 1815 3311 semper
1845 3240 2141 3294 monaste-

2236 3232 2364 3289 κατὰ
2424 3230 2650 3309 γνώμην
2721 3228 3041 3302 ἐπισκόπου,
3119 3228 3300 3304 μένειν
3360 3231 3434 3294 εἰς
3491 3232 3556 3286 τὸ
3631 3229 3879 3297 διηνεκὲς

489 3320 581 3380 ria
617 3327 925 3399 maneant,
959 3330 1021 3380 et
1051 3338 1150 3381 res
1176 3339 1310 3402 qua;
1363 3321 1439 3384 ad
1472 3321 1602 3402 ipsa
1635 3321 1970 3403 pertinent,
2007 3341 2142 3384 mo-

491 3408 756 3469 nasteria
786 3416 1124 3480 serventur.
1189 3418 1252 3473 et
1298 3429 1368 3472 ea
1417 3429 1538 3473 non
1573 3411 1811 3492 possint
1845 3429 1982 3474 esse
2013 3431 2144 3473 aln-

489 3499 650 3577 plius
678 3498 993 3560 saecularia
1025 3499 1392 3575 habitacula,
1429 3519 1544 3563 nec
1574 3502 1647 3563 ab
1680 3500 1802 3562 ullo
1837 3518 1908 3562 ex
1939 3503 2144 3563 omni-

489 3587 602 3648 bus
633 3587 1032 3650 saacularibus
1087 3589 1241 3651 tradi
1297 3589 1671 3653 hominibus.
1727 3590 1847 3654 Sed
1881 3591 2059 3652 etiam
2092 3593 2142 3654 si

487 3677 602 3738 hoc
635 3677 948 3756 hucusque
979 3678 1201 3741 factum
1257 3687 1370 3756 est,
1419 3680 1531 3742 hoc
1583 3699 1970 3762 nequaquam
2005 3699 2140 3743 ser-

399 3839 404 3842 _
487 3766 747 3828 vandum
802 3767 1242 3843 decernimus;
1303 3787 1408 3830 eos
1457 3778 1684 3847 autem,
1719 3771 1820 3852 qui
1853 3769 2146 3851 deinceps

487 3856 604 3919 hoc
655 3858 861 3921 facere
907 3859 1362 3940 aggrediuntur,
1415 3877 1713 3922 canonum
1775 3863 1968 3942 ptenis
1996 3860 2144 3923 sub-

485 3963 615 4025 μοι.

485 4034 630 4098 565
670 4037 936 4120 concilii
960 4039 1156 4118 primi
1186 4043 1245 4100 et
1274 4038 1553 4120 secundi
1605 4039 2144 4120 Constantinopoli

567 4120 634 4179 in
655 4118 787 4260 aede
814 4120 1189 4260 ἱςὲηειονιιηι
1238 4117 1680 4196 Apostolorum
1719 4118 1921 4182 habiti
1949 4117 2138 4183 cano-

569 4216 677 4260 nes
776 4216 809 4260 e
913 4246 927 4260 .

569 4216 677 4260 nes
711 4216 739 4260 1
776 4216 835 4260 ει
865 4216 927 4261 ΰ.

566 4289 628 4350 1.
663 4289 786 4350 Res
815 4287 967 4350 adeo
998 4287 1344 4350 veneranda
1375 4297 1438 4354 et
1461 4287 1865 4366 honorabilis,
1901 4295 2049 4366 etc.,
2073 4295 2142 4353 ut

487 4376 806 4457 pag.118.

570 4467 628 4527 6.
664 4461 939 4527 Monacbi
973 4465 1123 4527 nihil
1160 4465 1387 4530 debent
1419 4466 2002 4550 habereproprium:
2030 4470 2137 4532 sed

489 4555 691 4618 omnia
704 4573 912 4617 eorum
937 4557 1307 4620 monasterio
1319 4557 1906 4622 ascribi.Dicitenim
1923 4558 2137 4623 beatus

489 4647 675 4709 Lucas
698 4645 774 4707 de
799 4646 874 4707 iis
902 4644 1004 4726 qui
1024 4647 1283 4708 credunt
1301 4647 1362 4710 in
1385 4646 1780 4724 Christum,et
1808 4649 2137 4713 monacho-

486 4755 620 4799 rum
651 4735 1104 4798 institutionem
1137 4735 1514 4814 describunt,
1549 4739 1709 4819 quod
1745 4756 1925 4801 nemo
1956 4739 2140 4820 quid-

485 4842 662 4907 quam
688 4842 898 4886 eorum
923 4842 1056 4905 quae
1075 4823 1349 4901 aderant,
1369 4825 1683 4906 proprium
1708 4844 1844 4888 esse
1875 4826 2134 4901 dicebat,

484 4915 592 4977 sed
624 4923 797 4976 erant
845 4913 968 4976 illis
1001 4915 1203 4986 omnia
1233 4915 1607 4976 communia.
1642 4913 1713 4976 Et
1761 4915 1898 4977 ideo
1932 4915 2005 4978 iis
2035 4919 2138 4997 qui

487 5004 769 5067 monachi
801 5022 936 5065 esse
967 5003 1198 5080 volunt,
1226 5010 1395 5084 prius
1425 5003 1603 5066 datur
1632 5004 1890 5066 facultas
1913 5003 1990 5067 de
2013 5007 2136 5067 suis

479 5094 667 5156 rebus
710 5093 998 5169 testandi,
1053 5112 1123 5157 ac
1155 5093 1549 5169 disponendi,
1583 5102 1642 5156 et
1669 5093 2136 5178 quibuscunque

483 5183 671 5246 velint
701 5183 1003 5265 personis,
1060 5183 1196 5263 lege
1225 5184 1466 5247 scilicet
1495 5203 1614 5246 non
1651 5182 1994 5265 prohibitis,
2029 5204 2139 5249 sua

484 5273 959 5336 transmittendi.
988 5273 1310 5355 Postquam
1335 5275 1497 5337 enim
1527 5274 1804 5337 monachi
1830 5273 1971 5338 facti
2003 5274 2139 5338 fue-

482 5366 627 5444 rint,
663 5361 938 5424 omniom
975 5363 1274 5426 bonorum
1330 5363 1666 5426 dominium
1703 5365 2138 5427 monasterium

485 5453 824 5533 habebit,et
844 5452 1066 5514 nullam
1089 5453 1163 5515 de
1179 5452 1364 5515 rebus
1381 5454 1642 5535 propriis
1666 5471 1871 5516 curam
1896 5473 2135 5534 gerere,

484 5543 577 5606 vel
604 5542 933 5624 disponere
980 5544 1070 5604 eis
1120 5541 1488 5625 permissum
1521 5553 1632 5606 est.
1677 5544 1736 5608 Si
1769 5543 1906 5626 quis
1935 5554 2137 5609 autem

483 5633 904 5720 deprehensus
931 5631 1137 5710 fuerit,
1194 5633 1647 5717 possessionem
1679 5633 1968 5717 aliquam,
2001 5645 2138 5720 quae

2227 3321 2564 3398 μοναστηρια
2620 3320 2713 3375 καί
2779 3319 2846 3374 τὰ
2887 3317 3162 3388 ἀνήκοντα
3205 3320 3394 3383 αὐτοῖς
3438 3320 3730 3398 πράγματα
3775 3343 3877 3400 φυ-

2227 3409 2512 3467 λάττεσθαι
2595 3414 2673 3482 τῷ
2759 3409 3129 3486 μοναστηρίῳ,
3192 3408 3290 3465 καί
3353 3408 3552 3484 μηκέτι
3627 3407 3880 3465 δύνασθαι

2229 3501 2361 3556 αὐτὰ
2401 3498 2641 3573 κοσμικᾶ
2696 3497 3032 3575 καταγώγια,
3095 3499 3236 3572 μήτε
3307 3496 3362 3553 δὲ
3406 3499 3510 3554 ὑπό
3566 3520 3713 3563 τινος
3773 3505 3882 3554 τῶν

2228 3589 2478 3648 ἁπάντων
2515 3600 2810 3661 κοσμικοτς
2856 3585 3077 3666 ἀνδράσι
3120 3586 3288 3643 ταῦτα
3331 3585 3627 3644 ἐκδίδοσθαι
3666 3603 3682 3620 ⁸
3757 3586 3879 3643 ἀλλ’

2225 3679 2389 3734 εἶκαὶ
2434 3678 2600 3756 μέχρι
2645 3684 2734 3734 νῦν
2765 3675 2956 3755 γέγονε
3019 3675 3200 3750 τοῦτο,
3249 3674 3519 3752 μηδαμῶς
3561 3679 3885 3756 κρατεῖσθαι

2226 3769 2472 3846 ὁρίζομεν
2505 3782 2519 3797 ⁸
2595 3767 2720 3830 τοὺς
2793 3765 2847 3822 δὲ
2937 3765 3042 3822 ἀπὸ
3122 3774 3216 3825 τοῦ
3287 3765 3554 3844 παρόντος
3626 3766 3883 3844 πράττειν

2227 3864 2384 3914 τοῦτο
2441 3857 2883 3936 ἐπιχειροῦντας,
2943 3856 3266 3912 ὑποκεῖσθαι
3309 3870 3432 3918 τοῖς
3476 3854 3539 3912 εκ
3595 3861 3702 3912 τῶν
3773 3877 3881 3912 κα·-

2229 3947 2396 4004 νόνων
2425 3945 2752 4020 ἐπιτιμίοις.

2227 4033 2458 4092 Συνόδου
2529 4033 2580 4090 α’
2652 4033 2750 4090 καΐ
2829 4031 2882 4109 β’
2957 4033 3416 4112 συγκροτηθείσης
3474 4032 3530 4089 ἰν
3585 4043 3876 4091 Κώνσταν-

2304 4114 2611 4173 τινουπόλει
2686 4115 2742 4172 ἐν
2807 4105 2884 4188 τῷ
2955 4105 3214 4188 ναῷτῶν
3263 4105 3459 4193 Ἀγίων
3519 4113 3872 4173 Ἀποστόλων

2302 4198 2480 4255 κανὼν
2510 4193 2562 4252 α’
2594 4196 2684 4252 καὶ
2713 4193 2816 4270 ς’.

2302 4286 2379 4350 α’,
2427 4291 2656 4365 Πρᾶγμα
2689 4285 2886 4360 σεμνὸν
2915 4282 3055 4342 οὕτω
3081 4285 3171 4342 καὶ
3201 4285 3404 4360 τίμιον,
3437 4306 3494 4345 κ.
3521 4306 3572 4344 τ.
3614 4284 3668 4347 λ.

2301 4463 2407 4542 ς’.
2449 4467 2509 4524 Oi
2541 4465 2775 4545 μοναχοὶ
2807 4462 2956 4524 οὐδὲν
2987 4462 3129 4522 ἴδιον
3161 4462 3461 4544 ὀφείλουσιν
3490 4463 3665 4545 ἔχειν,
3699 4465 3876 4528 πάντα

2159 4552 2275 4614 Das
2321 4557 2386 4613 τὰ
2430 4554 2607 4612 αὐτῶν
2652 4552 3123 4633 προσκλῆροῦσθαι
3174 4557 3252 4626 τῷ
3299 4559 3652 4633 μοναστηρίῳ
3683 4569 3698 4586 ⁶
3747 4557 3876 4635 φησὶ

2223 4647 2324 4726 γὰρ
2367 4648 2396 4702 ὁ
2441 4645 2706 4721 μακάριος
2751 4649 2960 4709 Λουκᾶς
3005 4642 3132 4722 περῖ
3177 4648 3284 4698 τῶν
3347 4644 3422 4707 είς
3481 4645 3710 4720 Χριστὸν
3775 4667 3876 4700 πι-

2222 4737 2541 4807 στευόντων,
2603 4735 2698 4790 καί
2742 4734 2841 4801 τὴν
2884 4739 2993 4790 τῶν
3037 4735 3320 4806 μοναστὼν
3365 4730 3643 4789 πολιτείαν
3685 4731 3874 4790 διατυ-

2222 4827 2488 4898 πούντων,
2522 4826 2596 4888 ὡς
2653 4820 2822 4885 οὐδείς
2882 4845 2933 4879 τι
2967 4829 3076 4880 τῶν
3107 4821 3466 4902 ὓπαρχόντων
3511 4821 3694 4900 ἔλεγεν
3734 4819 3875 4877 ἴδιον

2222 4916 2368 4972 εἶναι
2399 4913 2520 4970 ἄλλ’
2551 4915 2622 4980 ἦν
2666 4916 2852 4972 αὐτοῖς
2899 4910 3116 4969 ἅπαντα
3147 4912 3305 4968 κοινά
3334 4933 3348 4948 ο
3379 4910 3460 4967 διὸ
3483 4925 3604 4975 τοῖς
3637 4909 3875 4968 ἐθέλουσι

2222 5006 2471 5081 μονάζειν
2515 5002 2667 5060 ἄδεια
2723 5000 2923 5060 δίδοται
2970 5001 3097 5083 περί
3147 5004 3254 5057 τῶν
3285 5000 3647 5081 ὑπαρχόντων
3686 5005 3872 5065 αὺτοῖς

2221 5095 2538 5153 διατίθεσθαι
2594 5093 2875 5172 πρότερον,
2940 5091 3026 5148 καὶ
3085 5092 3176 5155 οἷς
3237 5092 3299 5146 ἃν
3341 5090 3624 5167 βούλοιντο
3695 5111 3872 5169 προσ-

2219 5184 2389 5248 ώποις
2421 5184 2500 5261 μὴ
2532 5182 2929 5258 κεκωλυμένοις
2984 5179 3237 5249 δηλονότι
3288 5181 3433 5260 παρᾶ
3461 5188 3555 5236 τοῦ
3586 5181 3753 5256 νόμου
3808 5181 3874 5236 τὰ

2223 5277 2398 5333 αὐτῶν
2451 5275 2951 5354 παραπέμπεσθαι·
3008 5271 3146 5347 μετᾶ
3191 5272 3292 5348 γάρ
3353 5291 3437 5327 τοι
3497 5273 3556 5326 τὸ
3611 5269 3866 5347 μονᾶσαι,

2222 5372 2328 5423 τῶν
2371 5364 2686 5445 προσόντων
2730 5367 2920 5423 αὐτοῖς
2966 5361 3219 5418 ἁπάντων
3249 5363 3311 5417 τὸ
3355 5363 3725 5439 μοναστήριον
3753 5359 3871 5440 ἔχει

2221 5457 2319 5524 τὴν
2378 5457 2698 5531 κυριότητα,
2757 5452 2846 5509 καὶ
2881 5450 3033 5509 οὐδὲν
3086 5451 3203 5529 περί
3260 5456 3368 5507 τῶν
3413 5451 3624 5507 οἰκείων
3655 5449 3871 5530 φροντί-

2219 5554 2329 5619 ζειν
2381 5544 2418 5613 ἢ
2462 5543 2838 5602 διατάσσεσθαι
2894 5541 3109 5607 τούτοις
3169 5539 3679 5622 παρακεχώρηται·
3729 5540 3772 5595 εἰ
3816 5536 3870 5595 δέ

2218 5657 2300 5703 τις
2348 5635 2615 5718 φωραθείη
2674 5631 2864 5702 κτῆσίν
2921 5653 3066 5715 τινα,
3110 5629 3145 5701 ἧ
3201 5652 3284 5699 τις
3346 5634 3443 5693 οὒκ
3502 5628 3868 5712 ἀπεκληρώθη
