3944 6222
143 286 240 366 837
953 271 1379 370 SYN‘TAGMA
1426 278 1825 367 CANONUM.
1889 333 1968 345 —
2016 274 2174 359 'rli'.
2225 293 2334 374 x1,
2376 291 2542 358 CAP.
2591 277 2642 357 1‘.
3372 285 3490 356 838

143 442 207 508 τῷ
233 435 574 510 μοναστηρίῳ
602 435 1056 516 ἷδιοποιούμενος,
1090 437 1180 493 καὶ
1237 433 1590 516 φιλοκτησίας
1649 457 1700 489 π‹

1931 431 2218 494 inasteria
2238 435 2500 511 ascripta
2530 428 2858 504 fuerit,sibi
2894 428 3168 507 privatim
3192 427 3488 516 attribuef

143 531 208 583 θει
247 524 623 600 δουλούμενος,
655 510 985 601 ταύτηννμέν
1043 510 1189 605 παρὰ
1231 510 1324 583 τοῦ
1380 525 1680 603 ἡγουμένου

1994 528 2054 581 et
2109 510 2616 600 acquirendarum
2669 517 3118 597 possessionum
3177 510 3493 598 cupiditati

143 623 218 673 τοῦ
271 614 570 672 ὶπισκόπου
612 615 1110 692 ἀναλαμϐἐνεσθαι,
1165 617 1256 673 καὶ
1303 614 1522 673 πολλῶν
1555 637 1700 684 παρος

1934 609 2098 690 'vire,
2134 627 2207 672 ea
2237 608 2483 690 quidem
2511 608 2584 670 ab
2619 607 2904 688 episcopo
2938 627 3044 669 seu
3069 625 3178 688 pra
3195 608 3355 669 fecto
3387 626 3491 670 rea-

144 706 217 776 σίᾳ
244 707 660 782 πιπράσκεσθαι,
707 707 796 762 καὶ
827 720 1083 786 πτωχοῖς
1125 706 1348 784 ἀπόροις
1390 703 1701 778 διανέμεσθαι

1933 700 2128 773 ἡδίω,
2163 707 2222 761 et
2253 699 2313 760 in
2349 699 2676 760 multorum
2709 697 3029 778 praesentia
3055 698 3312 773 vendita,
3337 715 3490 777 pan.

141 798 219 851 τὸν
244 793 295 850 δε
338 816 399 873 γε
443 794 544 862 τὴν
573 798 828 863 τοιαύτην
857 801 1072 871 κτῆσιν,
1107 797 1243 853 κατᾶ
1286 797 1379 853 τὸν
1411 793 1576 851 πάλαι
1609 792 1698 850 Ἀν

1933 788 2094 850 ribus
2123 797 2182 850 et
2217 788 2514 850 mendicis
2534 787 2948 850 distribuatur.
2979 787 3130 849 Eum
3160 794 3356 849 autem
3391 788 3490 867 qui

140 885 236 940 νίαν
273 883 540 957 ὒποσυλᾷν
569 885 969 961 μσλέτήσαντα,
1025 893 1103 962 τῷ
1159 887 1484 964 προσήκοντι
1513 887 1697 959 ὶπιτιμ

1935 897 1976 938 n
2038 878 2508 959 possessionem,
2567 887 2632 939 ut
2680 877 2823 939 olim
2854 877 3139 952 Ananias,
3174 876 3492 958 subripere

143 976 171 1042 ἡ
210 973 323 1053 ἁγία
365 973 582 1040 σύνοδος
639 975 798 1053 ὥρισε
855 977 1312 1055 σωφρονίζεσθαι·
1359 973 1520 1041 δῆλον
1563 971 1643 1048 δὲ,
1691 997 1700 1028 ι

2005 970 2174 1029 itatus
2234 975 2348 1043 est,
2406 967 2791 1029 convenienti
2851 984 3026 1055 poena
3077 967 3489 1046 castigandum
3556 1007 3562 1013 -

141 1063 170 1118 ἃ
200 1085 304 1119 τινα
334 1065 450 1132 περὶ
482 1067 824 1139 μοναζόντων
867 1064 1067 1145 ἀνδρῶν
1095 1067 1131 1133 ἡ
1181 1065 1305 1143 ἆγία
1362 1061 1571 1126 σύνοδος
1633 1062 1698 1120 ἒκι

1955 1075 1981 1118 e
2027 1067 2235 1121 sancta
2289 1057 2554 1138 synodus
2611 1057 2840 1121 statuit.
2875 1054 3113 1120 Clarum
3145 1065 3238 1118 est
3265 1065 3512 1145 autem,

142 1153 320 1229 νόνισε,
355 1153 418 1210 τὰ
450 1156 583 1214 αὐτὰ
611 1157 698 1213 καὶ
731 1159 849 1236 περί
904 1155 1245 1232 μοναζουσῶν
1301 1155 1566 1231 γυναικῶν
1624 1175 1699 1232 κρε

1934 1147 2007 1208 od
2041 1166 2175 1228 quae
2206 1149 2282 1210 de
2334 1147 2478 1208 viris
2513 1147 2826 1209 monachis
2857 1159 3065 1208 sancta
3096 1146 3358 1236 synodus
3388 1165 3491 1236 ca-

143 1245 326 1300 τεῐσθαι
355 1241 686 1306 ἐδικαίωσεν,
805 1234 812 1236 ⁷

1933 1237 2065 1300 nice
2095 1238 2432 1312 constituit,
2468 1237 2630 1299 eain
2666 1236 2983 1299 monachis
3016 1254 3259 1317 quoque
3311 1234 3490 1297 femi-

1846 1327 1942 1389 nis
1970 1328 2198 1402 valere,
2233 1337 2294 1390 et
2325 1327 2629 1390 observari
2655 1346 2889 1408 mquum
2923 1327 3184 1389 censuit.

434 1421 664 1484 Συνύὸου
693 1428 914 1487 Νικαίας
943 1425 1006 1481 τὸ
1035 1423 1112 1502 β’,
1147 1425 1325 1480 κανὼν
1355 1423 1453 1503 ιγ’.

2175 1419 2448 1482 Concilii
2478 1417 2723 1481 Νίσαιιὶ
2753 1433 2795 1480 ιι
2821 1435 3019 1480 canon
3054 1419 3152 1479 t3.

212 1513 328 1573 ’Ὅτι
407 1513 652 1592 μεγάλης
736 1514 1099 1592 κατακρίσεως
1169 1513 1305 1581 ἄξιοί
1386 1515 1517 1571 εἰσιν
1592 1515 1638 1570 oi
1697 1515 1766 1572 τὰ

1938 1507 2109 1584 Quod
2139 1527 2366 1591 magna
2394 1509 2794 1571 damnatione
2825 1508 3004 1588 digni
3058 1515 3209 1571 sunt
3237 1511 3343 1588 qui
3370 1525 3495 1574 mo-

146 1603 455 1682 μοναστῆρια
484 1611 804 1668 κοινοῦντες.

1845 1601 2121 1661 nasteria
2150 1601 2508 1662 communia
2542 1597 2780 1678 faciunt
2808 1599 3169 1662 diversoria.

211 1693 280 1772 γ’.
317 1691 547 1762 Ἐπειδὴ
592 1693 676 1750 διὰ
717 1696 818 1762 τὴν
862 1693 1158 1774 γενομένην
1187 1696 1324 1752 κατὰ
1364 1695 1460 1756 τὰς
1504 1695 1764 1770 ἁμαρτίας

1940 1686 2335 1760 I3.Quoniam
2365 1705 2473 1769 per
2503 1705 2634 1748 eam
2667 1705 2801 1768 quae
2831 1685 2939 1748 fuit
2972 1696 3222 1768 propter
3254 1692 3497 1769 peccata

143 1785 279 1857 ἡμῶν
319 1785 594 1864 συμφορὰν
654 1783 706 1840 ἓν
766 1797 891 1848 ταῖς
940 1781 1283 1850 Ἐκαλησίαις
1347 1785 1700 1863 καθηρπάγησ

1940 1785 2060 1839 stra
2088 1778 2149 1839 in
2181 1777 2474 1842 Ecclesiis
2495 1777 2897 1840 calamitatem
2919 1788 3321 1840 sacrosanctae
3339 1796 3497 1859 quie-

144 1893 264 1936 τινες
292 1877 508 1952 εὒαγεῖς
539 1877 684 1931 οἴκοι
711 1875 815 1930 ι’)πὸ
845 1896 1004 1930 τινων
1059 1873 1284 1950 ἀνδρῶν,
1343 1873 1666 1933 ἐπισκοπεῖᾶ

1936 1886 1987 1928 m
2018 1867 2180 1930 aedes
2212 1866 2352 1928 354
2383 1887 2416 1929 a
2445 1867 2804 1949 quibusdam
2857 1867 3000 1928 viris
3045 1877 3303 1946 arreptae
3329 1879 3493 1944 sunt,

141 1965 217 2019 καὶ
266 1962 620 2040 μονασττίρια,
666 1965 754 2021 καὶ
813 1963 1057 2042 ἐγένοντο
1128 1966 1280 2022 κοινὰ
1336 1967 1672 2044 καταγωγια,

1941 1956 2348 2037 episcopatus,
2377 1967 2437 2019 et
2467 1957 2858 2030 monasteria,
2894 1967 2952 2018 et
2985 1957 3136 2018 facta
3167 1968 3303 2018 sunt
3327 1977 3495 2020 com-

144 2051 228 2124 μὶν
264 2055 308 2110 οἱ
337 2052 746 2130 διακρατοῦντες
792 2061 955 2111 ταῦτα
1014 2055 1386 2132 προαιροῦνται
1432 2051 1701 2110 ἀποδιδόνο

1937 2048 2057 2111 mia
2088 2049 2422 2112 diversoria
2457 2071 2472 2108 :
2523 2050 2575 2110 si
2607 2049 2710 2130 qui
2745 2067 2814 2110 ea
2843 2049 3088 2129 quidem
3123 2057 3352 2129 tenent,
3386 2068 3494 2112 vo-

143 2138 222 2195 ’ίνα
247 2143 376 2198 κατὰ
420 2144 482 2199 τὸ
516 2143 752 2224 ἀρχαῖον
809 2143 1344 2218 ἆποκατασταθῶσιν,
1377 2142 1434 2200 εὗ
1489 2143 1552 2200 ἂν
1594 2143 1700 2224 ἔχοι

1937 2148 1984 2202 it
2021 2139 2305 2214 reddere,
2341 2148 2403 2201 ut
2431 2141 2492 2200 in
2550 2141 2871 2217 pristinum
2906 2146 3122 2199 statum
3157 2139 3494 2200 restituan-

143 2227 249 2285 εἰδὲ
275 2233 348 2303 μή
379 2253 471 2310 γε,
506 2234 550 2289 εἰ
580 2235 678 2307 μὲν
709 2240 802 2291 τοῦ
856 2231 1159 2312 καταλογου
1213 2235 1306 2290 τοῦ
1348 2236 1612 2311 ἱερατικοῦ
1641 2237 1700 2292 εἷς

1943 2249 1972 2302 ι,
2008 2229 2166 2291 bene
2198 2239 2260 2290 et
2292 2229 2548 2307 pulchre
2580 2227 2800 2300 habet;
2827 2227 2947 2290 .sin
3005 2228 3224 2302 minus,
3276 2230 3327 2290 si
3358 2238 3500 2292 sunt

141 2319 329 2380 τούτους
361 2326 737 2399 καθαιρεῖσθαι
770 2323 1173 2401 προστάσσομεν
1207 2337 1221 2353 ⁶
1261 2325 1305 2379 εἰ
1335 2321 1389 2378 δὲ
1443 2325 1676 2404 μοναχοὶ

1940 2319 2093 2380 idam
2126 2319 2519 2381 sacerdotalis
2567 2321 2840 2396 catalogi,
2897 2335 3001 2379 eos
3047 2319 3272 2398 deponi
3311 2318 3497 2398 jube-

143 2404 333 2490 λα’ίκοὶ,
365 2411 732 2493 ἀφορίζεσθαι,
787 2415 859 2477 ὡς
909 2412 1064 2478 ὄντας
1123 2414 1467 2488 κατακρίτους
1523 2416 1629 2470 ἀπὸ
1677 2437 1700 2470 τ

1944 2427 1985 2469 IS
2018 2425 2033 2472 :
2070 2408 2162 2469 sin
2197 2419 2393 2470 autem
2431 2407 2709 2469 monachi
2743 2408 2833 2468 vel
2881 2407 3044 2476 laici.
3079 2409 3408 2488 segregari,
3435 2419 3501 2471 ut

144 2499 348 2576 Πατρὸς,
393 2503 610 2558 καὶτοῦ
641 2502 786 2582 Υἱοῦ,
813 2504 901 2558 καὶ
960 2510 1052 2558 του
1095 2502 1245 2580 ἁγίου
1300 2504 1632 2583 Πεύιξατος,
1676 2528 1701 2562 κ

1943 2499 2102 2559 isint
2133 2499 2522 2560 condemnati
2555 2517 2588 2558 a
2647 2500 2844 2570 Patre,
2881 2509 2937 2559 et
2967 2497 3142 2569 Filio,
3182 2507 3241 2561 et
3269 2497 3500 2578 Spiritu

143 2588 476 2668 τετάχθωσαν
505 2589 638 2648 ὅπου
693 2591 722 2648 ὃ
766 2591 982 2659 σκώληξ
1030 2595 1090 2649 οὔ
1143 2591 1362 2666 τελευτᾷ
1410 2594 1498 2650 καὶ
1556 2597 1616 2652 τὸ
1669 2618 1700 2652 τι

1944 2603 2089 2662 ιοιο,
2125 2596 2182 2648 et
2211 2601 2511 2666 ponantur
2531 2586 2636 2647 ubi
2667 2587 2892 2647 vermis
2924 2605 3044 2646 non
3077 2587 3358 2660 moritur,
3390 2605 3501 2654 nec

142 2679 193 2735 οὗ
241 2675 544 2761 σϐέννυται,
574 2680 656 2738 ὅτι
702 2689 770 2758 τῇ
823 2689 918 2738 τοῦ
973 2683 1160 2758 Κυρίου
1202 2689 1354 2762 φωνῇ
1413 2683 1699 2742 ἐναντιοῠνι

1938 2679 2016 2738 iis
2048 2677 2623 2758 exstinguitur,quia
2643 2677 2768 2737 voci
2804 2675 3045 2739 Domini
3073 2676 3495 2755 adversantur,

143 2770 203 2841 τῇ
251 2765 484 2847 λεγούσῃ
519 2787 535 2804 ⁸
599 2773 686 2838 Μὴ
744 2785 953 2829 ποιεῖτε
1025 2772 1116 2828 τὸν
1171 2773 1332 2829 οἶκον
1413 2783 1504 2833 τοῦ
1567 2780 1700 2854 Πατρ

1945 2786 1994 2830 τε
2029 2767 2178 2828 dicit
2211 2789 2224 2826 :
2253 2766 2342 2830 Ne
2367 2768 2553 2845 facite
2581 2768 2828 2829 domum
2861 2767 3072 2830 Patris
3109 2769 3230 2829 mei
3258 2768 3501 2831 domum

143 2877 231 2939 μου
258 2861 406 2916 οἷκον
443 2859 727 2939 ἐμπορίου.

1853 2859 2297 2937 negotiationis
2325 2858 2411 2919 81.

215 2937 274 3003 Ἠ
306 2948 377 3026 ιγ’
421 2947 567 3010 διᾶτ.
594 2937 701 3008 -τοῦ
742 2951 794 3007 α’
839 2952 944 3016 τίτ,
975 2958 1082 3008 τῶν
1114 2958 1328 3032 Νεαρῶν
1359 2952 1530 3035 λέγει,
1582 2955 1662 3014 ὅτι
1713 2947 1771 3014 ’0

1945 2948 2188 3011 Textus.
2226 2947 2432 3010 Const.
2473 2949 2570 3022 l3,
2605 2947 2697 3010 tit.
2741 2954 2765 3008 1
2803 2945 3186 3010 Novellarum
3222 2949 3302 3010 ait
3338 2966 3352 3009 :
3387 2949 3502 3022 Qui

144 3034 454 3126 βουλόμενος
487 3038 837 3116 οἰκοδομῆσαι
896 3043 1278 3120 μοναστήριον,
1310 3034 1566 3122 πρότερον
1601 3068 1700 3126 προ

1942 3039 2286 3100 masterium
2333 3037 2638 3100 aediﬁcare
2672 3038 2820 3111 vult,
2855 3038 3024 3119 prius
3056 3057 3190 3100 cum
3227 3039 3499 3101 locorum

146 3121 451 3206 διαλεγέσθω
509 3137 590 3204 τῷ
634 3128 912 3202 ἐπισκὸπῳ
954 3131 1060 3187 τῶν
1107 3131 1311 3212 τόπων,
1373 3131 1520 3198 ὅπως
1567 3121 1703 3192 ἂνξ)

1949 3131 2145 3207 iscOpo
2177 3129 2364 3208 agito,
2391 3147 2509 3210 quo
2542 3128 2644 3190 ille
2673 3129 2926 3191 veniens
2973 3137 3174 3190 votum
3210 3129 3410 3204 faciat,
3445 3137 3506 3190 et

149 3217 434 3294 γενόμενος,
475 3221 654 3300 εὐχὴν
703 3219 990 3286 ποιήσοιτο
1040 3222 1128 3277 καὶ
1185 3223 1406 3300 σταυρὸν
1450 3223 1631 3301 πήξοι,
1689 3251 1706 3284 δι

1943 3237 2099 3280 ιεοιη
2128 3218 2264 3297 ligat
2291 3238 2306 3279 :
2331 3228 2510 3298 atque
2542 3228 2666 3280 tum
2703 3217 2990 3301 [demum]
3014 3218 3254 3281 aaditicii
3286 3219 3500 3282 funda-

149 3323 254 3360 τοτε
312 3320 403 3368 τοῦ
443 3310 740 3384 κτίσματος
772 3312 806 3378 ἡ
839 3309 990 3390 ἀρχὴ
1020 3309 1247 3389 γινέσθω
1282 3327 1297 3343 ⁸
1352 3311 1440 3368 καὶ
1471 3315 1504 3382 ἡ
1540 3312 1588 3392 γ’
1637 3313 1706 3373 διά

1944 3308 2383 3387 mtumjacitor.
2411 3309 2483 3370 Et
2510 3309 2882 3382 const.3,lit.
2918 3311 2956 3368 2
2989 3307 3366 3370 Novellarum
3397 3310 3501 3370 ait:

148 3400 229 3449 τοῦ
283 3395 335 3473 β’
365 3402 469 3464 τίτ,
510 3406 621 3456 τῶν
672 3407 886 3478 Neaper
931 3422 1120 3480 φησιν,
1174 3399 1280 3474 ὄτι,
1317 3392 1374 3459 Ὀ
1405 3401 1573 3459 θέλων
1600 3407 1705 3462 κτίς

1946 3400 1973 3458 ηἰ
2000 3397 2435 3459 monasterium
2463 3408 2777 3460 exstruere
2800 3399 2922 3459 vult
2945 3417 3065 3460 non
3105 3399 3282 3461 aliter
3309 3398 3503 3460 aediﬁ-

148 3488 510 3571 μοναστήριον,
549 3491 628 3565 μὴ
671 3488 850 3554 ἄλλως
898 3490 1149 3569 ἀρχέσθω
1191 3496 1284 3547 τοῦ
1317 3489 1705 3570 οἰκοδομήματι

1947 3494 2153 3549 Lionem
2184 3487 2457 3568 incipito,
2487 3487 2604 3551 nisi
2634 3487 2904 3550 locorum
2939 3489 3260 3568 episcopus
3293 3506 3504 3568 preces

151 3575 286 3652 εἰμὴ
310 3580 338 3634 ὁ
383 3585 492 3636 τῶν
526 3579 708 3636 τόπων
739 3578 1028 3642 ἐπίσκοπος
1091 3581 1260 3659 εὐχὴν
1310 3583 1398 3637 ἓκε
1413 3594 1493 3638 ῖσε
1534 3584 1708 3652 ποιήσι

1956 3597 1987 3639 c
2019 3577 2448 3659 profuderit,et
2474 3576 2801 3654 pretiosam
2826 3595 3068 3639 crucem
3095 3578 3506 3639 ﬁxerit.Certe

148 3667 225 3721 καὶ
275 3669 367 3724 τὸν
421 3669 607 3746 τίμιον
651 3669 806 3737 πήξει
839 3671 1063 3749 σταυρόν
1097 3689 1110 3702 °
1146 3673 1174 3727 ὁ
1203 3669 1258 3726 δὲ
1307 3669 1600 3748 ἀρξάμενος
1662 3687 1705 3730 vi

1949 3669 1962 3728 i
1989 3667 2175 3730 semel
2193 3667 2633 3741 exstruere,vel
2653 3677 2823 3728 vetus
2845 3685 3136 3728 renovare
3157 3666 3506 3746 cmpit,con-

152 3755 328 3826 κτίζειν
388 3756 690 3825 ἥπαλαιὸν
735 3758 1009 3832 ἂνανεοῦν,
1043 3759 1395 3836 ἀναγκάζεται
1440 3759 1709 3842 πληρῶσαι

1952 3776 2166 3819 nmare
2185 3755 2638 3836 cogitur.Legas
2662 3755 2846 3837 [vero]
2869 3757 3047 3818 etiam
3072 3764 3509 3837 quzeannotata

147 3842 392 3924 ἀνάγνωθι
451 3851 548 3907 καὶ
607 3849 673 3904 τὰ
715 3849 1084 3927 προγραφέντα
1135 3848 1190 3906 ἐν
1228 3855 1306 3922 τῷ
1355 3849 1406 3906 α’
1437 3873 1560 3930 κεφ.
1594 3855 1688 3910 τοῦ

1950 3846 2090 3909 ntin
2113 3865 2248 3927 cap.
2301 3855 2354 3919 1,
2393 3846 2485 3908 tit.
2532 3846 2592 3920 2,
2638 3855 2698 3908 et
2724 3863 2856 3926 cap.
2884 3847 2982 3921 14,
3013 3845 3101 3907 tit.
3131 3845 3507 3924 3praesentia

149 3933 239 3994 τίτ.
269 3958 386 4017 κεφ.
442 3962 503 3997 τε
537 3937 1099 4016 τεσσαρεσκαιδεκάτῳ
1141 3946 1233 3996 τοῦ
1277 3939 1332 4018 γ’
1372 3942 1478 4004 τίτ.
1513 3950 1604 4000 τοὸ
1637 3966 1706 4000 πα

1952 3936 2091 4000 eris.
2115 3936 2366 4000 Constit.
2390 3939 2415 3995 1
2436 3985 2450 4010 ,
2468 3935 2558 3999 tit.
2585 3935 2622 3996 2
2645 3934 3022 3998 Novellarum
3046 3935 3149 3997 ait:
3175 3936 3364 3996 Nemo
3384 3953 3509 3996 mo-

150 4021 284 4087 ἀντος
327 4029 709 4106 συντάγματος
745 4046 762 4063 ο
807 4030 842 4096 ἡ
885 4025 940 4084 δὲ
985 4025 1037 4084 α’
1080 4027 1216 4088 διοίτ.
1281 4035 1374 4086 τοῦ
1421 4029 1472 4108 β’
1527 4036 1632 4096 τίτ,
1677 4054 1705 4090 τ

1954 4028 2224 4106 sterium,
2252 4026 2312 4086 in
2337 4045 2454 4106 quo
2479 4026 2666 4088 altare
2697 4033 3098 4100 erectum,aut
3125 4043 3362 4087 sacrum
3395 4023 3511 4085 mi-

154 4119 349 4197 ξηρῶν
381 4114 557 4196 λέγει’
596 4115 792 4184 Μηδεὶς
831 4119 1192 4194 μοναστήριον
1225 4118 1497 4195 πωλείτω,
1539 4119 1576 4186 ἧ
1619 4119 1711 4197 ἂμε

1954 4118 2184 4180 aterium
2211 4115 2569 4191 exhibitum,
2599 4125 2698 4178 aut
2743 4115 3117 4178 monachalis
3156 4114 3511 4177 exercitatio

152 4195 295 4266 ϐέτω.
355 4204 392 4272 ἥ
462 4195 781 4286 δωρείσθω,
863 4205 980 4264 ἔνθα
1065 4209 1444 4288 θυσιαστήριον
1499 4195 1709 4289 καθιδρύ

1956 4207 2082 4269 erit:
2111 4205 2257 4288 [vel]
2300 4205 2569 4282 vendito,
2605 4207 2697 4269 vel
2753 4207 3226 4288 permutato,vel
3269 4205 3513 4268 donato.

153 4294 230 4380 καὶ
281 4297 394 4372 ἱερὰ
452 4297 651 4377 γέγονε
708 4296 1011 4376 λειτουργία
1069 4299 1158 4354 καὶ
1217 4300 1494 4380 μοναχικὴ
1530 4299 1704 4369 ἅσκησ

2007 4299 2106 4379 qui
2129 4299 2288 4378 quod
2311 4297 2534 4359 factum
2561 4297 2764 4373 fuerit,
2790 4300 3024 4360 irritum
3051 4297 3186 4359 erit:
3211 4303 3268 4357 et
3287 4296 3386 4376 qui
3410 4311 3519 4356 ce-
3558 4335 3562 4342 -

154 4377 255 4438 ἐπεί
304 4406 385 4442 τοι
431 4407 495 4465 γε
539 4389 603 4444 τὸ
635 4389 926 4466 γενόμενον
983 4387 1178 4467 ἄκυρον
1221 4377 1398 4463 ἔσταί,
1431 4392 1518 4445 καὶ
1548 4395 1654 4447 τῶν
1697 4413 1711 4445 1

1961 4377 2273 4468 rit,pretiis
2297 4388 2568 4450 excidet:
2599 4388 2702 4468 qui
2724 4395 2922 4449 autem
2948 4385 3312 4460 vendiderit,
3339 4392 3399 4445 et
3426 4383 3518 4445 rei

152 4474 404 4547 μνημάτων
448 4479 478 4533 ὃ
523 4475 709 4535 λαϐὼν
750 4477 1092 4557 ἐκπεσεῖται,
1127 4479 1214 4535 καὶ
1244 4480 1271 4536 ὁ
1314 4478 1630 4557 πιπράσκων
1683 4488 1709 4552 ζ

1963 4478 2130 4560 pretii
2156 4479 2484 4540 amissione
2507 4477 2904 4540 multabitur:
2933 4485 3112 4557 atque
3136 4476 3239 4538 illa
3268 4474 3520 4536 sanctis-

153 4566 468 4636 μιωθήσεται
501 4575 576 4646 τῇ
638 4589 694 4626 τε
755 4575 846 4625 τοῦ
903 4568 1221 4647 πράγματος
1262 4568 1526 4626 ἐκπτώσει
1573 4572 1659 4626 καὶ

1964 4586 2038 4628 ιω
2085 4567 2217 4647 ejus
2261 4567 2377 4630 loci
2425 4567 2742 4644 Ecclesiae,
2785 4565 3358 4645 venerabilibusque
3391 4565 3521 4643 ejus

152 4659 234 4708 τοῦ
285 4658 604 4734 τιμήματος
661 4657 924 4734 ἀπωλείᾳ,
995 4663 1064 4734 τῇ
1117 4659 1255 4715 κατὰ
1297 4659 1464 4716 τόπον
1508 4660 1709 4739 ἆγιωτά

1960 4657 1988 4718 ιί
2032 4657 2416 4720 monasteriis
2460 4657 2891 4721 attribuentur.
2939 4655 3080 4716 555
3110 4652 3517 4725 Quamobrem

154 4737 460 4822 Ἐιικλησίᾳ,
510 4749 604 4805 καὶ
661 4762 778 4815 τοῖς
833 4749 972 4806 κατὰ
1028 4747 1195 4805 τόπον
1251 4749 1466 4827 εὸαγέσι
1501 4737 1705 4826 μοναστ

1964 4748 2315 4810 cclesiarum
2375 4756 2558 4830 atque
2615 4746 3116 4808 monasteriorum
3150 4742 3521 4830 dispensato-

155 4832 293 4908 ρίοις,
318 4839 524 4894 τούτων
559 4839 1014 4918 προσνεμομένων
1048 4853 1063 4870 ⁸
1124 4837 1264 4895 ὥστε
1314 4839 1502 4904 αὖτοὺς
1535 4860 1712 4918 προνοι

1966 4839 1990 4917 ιι
2017 4837 2444 4912 dispiciant,ut
2464 4837 2623 4919 quod
2649 4837 2804 4899 male
2825 4835 3150 4898 alienatum
3184 4829 3378 4906 est,ad
3400 4847 3523 4890 mo-

155 4930 237 4979 τοῦ
310 4929 364 4982 τὸ
423 4937 610 4992 κακῶς
689 4929 998 5004 ἐκποιηθὲν,
1079 4932 1226 4993 αὖθις
1281 4929 1648 5009 ἐπαναγαγεῖν

1968 4927 2564 5005 ειίεῖομιοιιίίειιίοιιὶε]
2582 4926 2834 4987 formam
2860 4919 3525 5001 reducant.Neque[ve-

158 5021 442 5096 μοναχικὸν
495 5027 699 5100 σχῆμα
734 5037 751 5056 ⁶
808 5021 946 5098 μήτε
998 5022 1244 5088 ὑποθήκη
1301 5019 1388 5076 ἐπὶ
1444 5021 1650 5084 τούτοις
1698 5021 1715 5074 l

1966 5018 2340 5098 |hypotheca
2364 5021 2422 5080 in
2447 5017 2540 5080 his
2562 5014 2897 5089 valeto,sed
2922 5013 3090 5075 irrita
3113 5021 3264 5084 esto,
3298 5019 3358 5072 et
3389 5028 3523 5072 mo-

160 5101 350 5193 ῥῶσθω,
409 5109 555 5166 ἀλλὰ
616 5110 944 5193 ἁκυρούσθω,
1007 5112 1094 5167 καὶ
1175 5112 1235 5165 τὸ
1294 5110 1655 5188 μοναστήριον

1962 5108 2207 5170 sterium
2235 5117 2446 5172 sancto
2473 5106 2810 5169 ministerio
2829 5103 3150 5167 addicitur.
3182 5100 3254 5164 Et
3276 5101 3519 5193 constit.

161 5192 260 5270 ἱερᾷ
288 5196 595 5280 λειτουργίᾳ
631 5192 1046 5280 προσκυρούσθω
1081 5219 1095 5235 ⁶
1127 5202 1211 5258 καῖ
1248 5202 1281 5268 ἡ
1313 5198 1366 5278 β’
1401 5198 1544 5260 διοίτ.
1594 5206 1687 5256 τοῦ

1977 5197 2072 5260 tit.
2097 5198 2136 5259 2
2184 5196 2565 5261 Novellarum
2599 5195 2682 5258 ait
2718 5216 2732 5256 :
2763 5193 3195 5258 Monasterium
3229 5193 3289 5254 in
3313 5192 3429 5254 hoc
3452 5208 3528 5252 ne

162 5283 250 5345 τίτ.
291 5290 394 5344 τῶν
452 5295 679 5367 Νεαρῶν
734 5315 922 5372 φησιν,
981 5289 1060 5348 ὅτι
1111 5291 1389 5358 ἐκποίησις
1420 5289 1719 5368 μοναστηρί

1970 5295 2196 5363 enator,
2259 5298 2322 5350 ut
2375 5295 2607 5350 sacrata
2665 5287 2855 5348 forma
2907 5285 2966 5346 in
3023 5283 3318 5364 privatam
3377 5301 3527 5372 conf

164 5375 231 5445 μὴ
280 5377 502 5453 γινέσθω
547 5381 648 5436 επὶ
692 5371 768 5455 τῷ
819 5385 880 5438 τὸ
909 5371 1192 5460 γίερατικὸν
1235 5385 1432 5461 σχῆμα
1475 5381 1548 5444 εἰς
1593 5377 1721 5435 ldum

1973 5379 2281 5442 'sationem
2338 5379 2831 5440 transformetur.
2887 5375 3122 5456 Alioqui
3167 5373 3439 5456 episcOpi
3470 5371 3530 5434 id

166 5466 254 5532 κῆν
281 5466 557 5550 διαγωγὴν
591 5474 1186 5554 μετασχηματίζεσθαι,
1235 5473 1350 5530 ἐπεὶ
1393 5469 1573 5527 ἄδειαν
1630 5467 1723 5551 ἔχει

1971 5469 2316 5532 inasterium
2341 5468 2709 5549 vindicandi,
2737 5477 2798 5531 et
2826 5467 2898 5531 ad
2934 5467 3247 5552 pristinam
3277 5464 3528 5528 formam

236 5627 286 5678 3‘
312 5627 489 5697 Joan.
522 5649 590 5711 ιι,
627 5631 726 5718 16,
