4134 6200
473 275 590 352 839
1652 271 1923 344 PHOTJI
1977 279 2095 344 PA'.

2189 281 2494 346 ῙΑΡιΟΗιΕ
2535 285 2645 347 CP.
3739 287 3865 358 840

469 421 802 488 reducendi
832 418 1170 482 facultatem
1201 415 1449 478 habent.
1484 415 1617 479 Lib.
1653 433 1694 497 ι,
1731 416 1818 477 tit.
1847 416 2095 490 3,const.

2197 437 2280 472 σιν
2337 421 2383 474 οἱ
2442 418 2720 476 ἐπίσκοπὸι
2768 420 2827 476 τὸ
2871 427 3111 480 τοιοῦτον
3166 423 3533 502 μοναστήριον
3589 425 3861 502 ἐκδικεῖν,

475 513 575 590 38,
609 514 692 576 ait
729 533 743 576 :
776 512 886 584 Qui
913 509 1273 570 monasteria
1302 525 1410 568 sua
1456 507 1826 586 relinquunt,
1862 525 1976 567 non
2011 525 2095 567 re-

2201 509 2293 561 καί
2327 509 2399 568 εἰς
2435 511 2495 563 τὸ
2527 510 2786 585 πρότερον
2819 510 3110 588 ἐπανάγειν
3156 520 3356 591 σχῆμα
3392 534 3406 548 ⁸
3448 514 3598 591 βιϐλ,
3636 517 3711 595 α’,
3750 518 3862 578 τίτ,

472 606 700 684 cipiunt
753 619 900 683 quas
956 598 1030 659 ad
1091 597 1191 658 illa
1227 597 1378 676 [res]
1419 597 1674 657 mobiles
1706 596 2095 657 adduxerunt

2201 594 2276 674 α’,
2324 595 2463 657 διᾶτ.
2497 596 2587 663 λη’
2621 600 2806 676 φησὶν,
2843 599 2951 676 ὅτι,
2985 603 3042 656 Οἱ
3074 601 3139 655 τὰ
3172 601 3284 657 ἴδια
3316 607 3662 682 μοναστηρια
3693 628 3868 662 κατα-

471 681 888 774 cujuscunque
916 688 1266 769 quantitatis
1319 687 1539 748 fuerint
1574 704 1587 748 :
1623 686 1860 746 tametsi
1893 687 1966 746 de
1994 686 2095 747 illi:

2199 681 2576 758 λιμπάνοντες,
2613 688 2672 742 οὔ
2719 685 3082 761 λαμϐάνουσιν
3129 688 3267 768 ἅπερ
3320 693 3509 754 αὺτοῖς
3568 681 3864 771 προσήγα-

471 788 634 850 nulla
676 792 948 847 actorum
984 790 1371 842 monumenta
1420 779 1690 842 confecta
1738 779 1878 841 sint.
1906 777 1970 841 In
2005 779 2095 840 im

2195 796 2314 850 γον,
2380 776 2570 840 νικητὰ
2620 773 2959 844 ἱοσησδήποτε
3019 779 3328 846 ποσότητος
3399 780 3553 856 ὄντα,
3615 782 3715 838 κᾶν
3778 787 3864 858 μὴ

471 875 798 940 mobilibus
833 882 1031 934 autem
1052 871 1152 950 jus
1183 871 1405 931 servari
1435 878 1688 950 oportet,
1716 873 1995 950 quoniam
2024 869 2112 930 illi

470 968 571 1048 qui
597 965 784 1041 dedit,
817 963 1054 1024 illarum
1090 960 1411 1022 vindicatio
1447 980 1565 1022 non
1599 960 1825 1023 interit.

549 1137 618 1198 Et
649 1140 844 1197 const.
873 1131 974 1212 l3,
1005 1130 1096 1192 tit.
1139 1137 1157 1190 1
1201 1128 1582 1191 Novellarum
1630 1128 1778 1190 dicit
1811 1146 1824 1190 :
1862 1127 1922 1190 Si
1979 1127 2113 1208 quis

465 1226 798 1289 monachus
819 1222 1111 1284 recedere
1129 1219 1697 1300 velit,quascunque
1726 1235 1848 1293 res,
1874 1217 2110 1298 quando

468 1308 945 1395 [monasterium]
971 1311 1278 1389 ingressus
1301 1308 1649 1381 est,babuit,
1688 1309 1744 1368 in
1767 1307 2111 1370 monasterii

466 1405 796 1467 dominium
815 1401 1051 1463 cadent.
1079 1398 1184 1462 Et:
1212 1401 1359 1465 Cum
1389 1398 1816 1459 monasterium
1838 1398 2107 1472 ingredi-

467 1504 893 1574 tur,quemque
911 1491 986 1552 de
1008 1489 1191 1552 rebus
1211 1488 1334 1549 suis
1358 1497 1624 1550 statuere
1642 1495 1880 1568 oportet
1911 1486 2109 1565 Ingre-

465 1585 728 1648 dientem
750 1582 907 1644 enim
937 1579 1100 1662 [illas]
1117 1582 1505 1641 comitantur:
1534 1577 1844 1640 tametsiid
1871 1597 1986 1638 non
2012 1598 2108 1639 ex—

463 1692 671 1756 presse
694 1671 931 1733 dixerit.
960 1668 1183 1731 Verum
1209 1669 1255 1728 si
1281 1687 1415 1729 cum
1445 1668 1668 1728 liberos
1710 1665 1949 1756 habeat,
1985 1667 2105 1727 illis

2196 862 2404 918 σύνεστι
2450 864 2636 941 πρᾶξις
2681 866 3089 940 ὑπομνημάτων
3160 868 3244 924 ἐπ’
3310 872 3498 934 αὗτοῖς
3535 891 3550 906 ⁸
3617 876 3741 949 περὶ
3804 871 3862 928 δὲ

2194 952 2302 1008 τῶν
2346 952 2615 1020 ἀκινήτων
2675 952 2760 1010 δεῖ
2801 957 2867 1010 τά
2920 958 3125 1032 νόμιμα
3186 957 3575 1036 φυλάττεσθαι,
3607 961 3727 1018 ἐπεὶ
3759 966 3864 1020 οὒκ

2193 1039 2489 1118 ἀναιρεῖται
2519 1049 2595 1116 τῷ
2625 1042 2996 1120 δωρησαμένῳ
3026 1049 3060 1114 ἡ
3091 1047 3367 1116 ἐκνίκησις
3400 1051 3598 1110 αὐτῶν.

2303 1141 2314 1152 ν
2365 1133 2375 1148 ε
2562 1132 2575 1152 ο
2624 1131 2647 1151 λ
2692 1132 2704 1151 Ι
2875 1135 2899 1146 ’³
2973 1135 2986 1157 ι
3059 1139 3070 1156 1
3205 1143 3229 1152 ~
3462 1147 3482 1156 -
3597 1141 3606 1157 ο
3781 1142 3790 1156 1

2283 1142 2378 1188 kat
2427 1135 2456 1200 ἡ
2503 1156 2556 1210 ιγ
2619 1149 2759 1196 οιατ.
2809 1157 2901 1191 του
2933 1159 2965 1191 α
3018 1160 3131 1200 τιτ.
3163 1161 3269 1192 των
3303 1149 3522 1216 Νεαρων
3550 1139 3722 1219 λεγει,
3763 1143 3854 1197 ὃτι

2197 1220 2264 1276 Εἰ
2295 1243 2373 1282 τις
2431 1222 2667 1295 μονάσας
2728 1224 3084 1303 ἀναχωρῆσαι
3146 1227 3409 1307 βουληθῇ,
3456 1229 3520 1284 τὰ
3553 1232 3859 1307 πράγματα

2193 1307 2291 1366 ὅσα
2337 1325 2605 1391 παρεῖχεν
2637 1313 2795 1380 ἡνίκα
2828 1315 3024 1394 εἰσῄει,
3059 1317 3153 1383 τῆς
3185 1317 3500 1380 δεσποτείας
3554 1318 3709 1376 ἔσται
3760 1329 3861 1376 τοῦ

2189 1403 2552 1478 μοναστηρίου
2575 1418 2588 1432 ⁸
2625 1405 2713 1458 καὶ
2746 1403 2827 1458 ὅτι
2865 1412 2963 1460 Δεῖ
2993 1407 3084 1460 τὸν
3113 1406 3336 1462 θέλοντα
3370 1409 3632 1482 μονάσαι,
3665 1408 3856 1464 διατυ-

2189 1497 2321 1544 ποῦν
2353 1493 2470 1564 περὶ
2505 1494 2610 1546 τῶν
2640 1489 2785 1547 ἰδίων
2820 1499 3151 1572 πραγμάτων
3183 1513 3197 1530 ⁸
3234 1495 3527 1553 εἰσελθόντι
3559 1499 3661 1574 γὰρ
3703 1500 3854 1572 αὗτῷ

2189 1580 2656 1655 συνακολουθοῦσι,
2690 1583 2786 1636 κᾶν
2816 1583 2896 1656 μὴ
2942 1593 3097 1642 τοῦτο
3127 1586 3306 1662 ῥητῶς
3338 1586 3475 1662 εἴπῃ
3506 1606 3518 1618 ·
3556 1589 3601 1642 εἰ
3633 1587 3732 1662 μέν
3765 1610 3853 1644 τοι

2187 1667 2386 1734 παῖδας
2435 1670 2606 1748 ἔχων,
2643 1670 2805 1751 ἔτυχε
2854 1695 2972 1728 τινα
3018 1677 3308 1750 πράγματα
3346 1673 3764 1756 δωρησάμενος,
3813 1678 3851 1744 ἢ

460 1755 560 1826 res
583 1763 839 1839 aliquas,
874 1777 1005 1840 quae
1052 1758 1378 1836 legitimam
1405 1757 1741 1836 portionem
1763 1755 2095 1818 substantia

2189 1756 2546 1836 δωρησαμένη
2597 1765 2808 1835 αὐτοῖς,
2857 1763 2892 1830 ἢ
2944 1764 3074 1841 ὑπὲρ
3126 1767 3376 1842 προικὸς,
3509 1769 3614 1845 πρὸ
3663 1755 3850 1846 γάμου

461 1854 592 1932 ejus
614 1846 1122 1921 conﬁciant,dotts
1146 1847 1558 1908 donationisve
1576 1855 1712 1906 ante
1736 1846 1972 1925 nuptias
2005 1864 2108 1906 no-

463 1945 628 2004 mine
652 1938 961 2002 donaverit
995 1955 1010 2000 ;
1035 1937 1096 1998 in
1135 1936 1384 2016 reliquis
1412 1935 1493 1996 illi
1521 1935 1739 1996 nullam
1764 1935 2107 1996 communi-

461 2034 758 2093 cationem
781 2026 1180 2090 habento.Sin
1211 2024 1358 2086 nihil
1384 2025 1664 2104 ipsis,aut
1689 2023 1886 2085 minus
1911 2023 2106 2100 legiti-

460 2140 556 2182 ma
579 2121 913 2181 donaverit:
943 2117 1121 2178 etiam
1152 2125 1464 2196 postquam
1484 2115 1612 2195 ipse
1638 2115 1966 2176 monachus
1990 2114 2105 2174 fac-

459 2221 552 2276 tus
572 2209 772 2282 fuerit,
808 2207 1065 2269 debetur
1098 2205 1215 2267 illis
1243 2205 1534 2281 legitima.
1570 2204 1752 2266 Plane
1776 2205 1826 2264 si
1859 2203 2106 2266 maritus

455 2310 717 2363 autuxor
737 2299 1108 2360 lucratur.Et
1137 2315 1151 2358 :
1177 2296 1239 2359 Si
1264 2295 1592 2356 monachus
1610 2295 1670 2355 in
1699 2293 2106 2374 militiam,aut

455 2391 528 2455 ad
554 2390 729 2451 aliam
750 2389 883 2449 vita:
905 2388 1154 2448 formam
1179 2385 1414 2447 habeat:
1435 2385 1767 2448 substantia
1790 2385 1922 2464 ejus
1943 2385 2102 2464 apud

460 2479 887 2542 monasterium
913 2487 1207 2551 remanet,
1245 2476 1374 2557 ipse
1405 2494 1543 2536 vero
1574 2475 1958 2556 provincialis
1992 2495 2097 2536 co-

457 2569 708 2632 hortalis
740 2570 839 2630 sit.
875 2566 1016 2628 556
1037 2566 1152 2629 Sed
1187 2572 1245 2626 et
1280 2565 1327 2624 si
1361 2564 1495 2644 quis
1525 2563 1584 2624 in
1617 2563 1775 2626 aliud
1812 2572 2104 2626 monaste-

457 2666 612 2721 rium
642 2666 904 2719 transeat
938 2677 951 2720 :
1008 2655 1324 2718 facultates
1351 2655 1538 2734 ipsius
1569 2654 1639 2714 ad
1676 2653 1936 2732 primum
1965 2673 2099 2716 mo-

456 2751 786 2816 nasterium
823 2748 1450 2830 pertinent.Czeterum
1489 2745 1776 2820 prmsules
1805 2746 2000 2825 ipsum
2026 2763 2100 2808 ne

454 2840 851 2919 suscipiunto:
876 2849 1056 2919 atque
1090 2838 1204 2898 hoc
1239 2835 1488 2916 [ipsum]
1521 2843 1642 2896 tum
1671 2836 1944 2917 episcopi
1976 2845 2098 2899 tum

452 2930 941 2994 archimandritaz
971 2927 1357 3009 prohibento.

538 3020 691 3084 Dicit
715 3038 856 3082 vero
891 3017 1068 3080 etiam
1103 3023 1294 3078 const.
1323 3017 1421 3091 52,
1452 3016 1543 3076 tit.
1577 3019 1637 3095 3,
1665 3014 1770 3076 lib.
1795 3031 1836 3075 ι.
1874 3011 1933 3076 Si
1964 3014 2102 3091 quis

2190 1846 2412 1928 δωρεᾶς,
2465 1854 2550 1905 καί
2595 1864 2744 1907 ποιεῖ
2787 1859 2956 1908 ταῦτα
3015 1857 3076 1908 τὸ
3125 1855 3361 1929 νόμιμον
3393 1855 3553 1933 μέρος
3589 1862 3690 1924 τῆς
3740 1859 3847 1913 αὖ-

2189 1946 2280 1994 τοῦ
2311 1943 2638 2013 περιουσίας,
2677 1945 2754 2014 μθ,
2786 1941 3070 2020 ἐχέτωσαν
3103 1943 3151 1998 οἱ
3183 1942 3376 2003 παῖδες
3413 1947 3551 2023 πρὸς
3583 1947 3649 2002 τὰ
3679 1945 3853 2004 λοιπὰ

2189 2029 2475 2101 μετουσίαν
2510 2045 2523 2059 ⁸

2190 2118 2354 2192 μίμου
2409 2116 2741 2198 ἐδωρήσατο,
2775 2120 2865 2176 καὶ
2926 2122 3060 2194 μετὰ
3118 2124 3179 2178 τὸ
3212 2123 3445 2197 μονςίσαι
3495 2125 3653 2181 αὒτὸν
3683 2127 3846 2204 ὀφεί-

2188 2203 2340 2261 λεται
2385 2219 2503 2272 τοῖς
2548 2209 2697 2264 παισὶ
2725 2210 2786 2264 τὸ
2833 2210 3063 2283 νόμιμον
3104 2225 3117 2239 ⁶
3155 2213 3197 2267 εἰ
3243 2209 3296 2266 δὲ
3329 2211 3464 2292 ἀνὴρ
3496 2213 3530 2283 ἢ
3562 2215 3696 2291 γυνὴ
3728 2203 3843 2289 μο-

2189 2295 2361 2368 νάσει,
2423 2297 2515 2352 τὸν
2572 2297 2676 2353 ἀπὸ
2721 2296 2977 2366 τελευτῆς
3036 2300 3200 2360 κάσον
3236 2302 3262 2355 ὁ
3295 2300 3480 2378 ἕτερος
3511 2302 3778 2379 κερδαίνει
3816 2324 3836 2340 ·

2187 2385 2283 2440 καὶ
2349 2383 2429 2441 ὅτι
2482 2384 2606 2442 Ἐὰν
2664 2389 2910 2466 μοναχὸς
2957 2391 3027 2448 εἰς
3075 2393 3356 2466 στρατείαν
3390 2391 3545 2468 ἔλθῃ,
3583 2393 3618 2460 ἢ
3653 2394 3840 2471 ἓτερον

2181 2475 2298 2549 βίου
2343 2481 2562 2554 σχῆμα,
2701 2477 2799 2551 μὲν
2859 2480 3004 2536 ο-Βσία
3054 2479 3203 2553 μένει
3264 2482 3409 2557 παρὰ
3439 2488 3516 2556 τῷ
3549 2506 3837 2558 μοναστη-

2182 2565 2277 2642 ρίῳ
2308 2568 2463 2630 αὒτὸς
2495 2563 2546 2620 δὲ
2591 2564 2864 2634 ταξεώτης
2911 2569 3234 2648 ἑπιχώριοις
3265 2581 3470 2647 γίνεται
3510 2592 3523 2606 ⁸
3560 2575 3604 2628 εἰ
3635 2571 3686 2628 δὲ
3733 2574 3834 2631 καὶ

2181 2675 2262 2712 τις
2319 2656 2393 2713 εἰς
2439 2659 2798 2734 μοναστήριον
2857 2657 2964 2714 ἀπὸ
3031 2661 3396 2738 μοναστηρίου
3459 2661 3732 2742 μετέλθοι,
3795 2668 3834 2729 ὴ

2184 2743 2333 2800 οὖσία
2385 2744 2546 2802 αὖτοῦ
2600 2753 2677 2818 τῷ
2735 2747 2934 2826 πρώτῳ
3018 2750 3366 2827 μοναστηρίω
3421 2749 3704 2830 διαφέρει·
3783 2757 3833 2810 οἱ

2184 2831 2366 2906 μέντοι
2410 2835 2699 2910 ἡγούμενοι
2760 2837 2839 2910 μὴ
2899 2835 3246 2917 δεχέσθωσαν
3292 2839 3454 2896 αὐτόν
3487 2857 3501 2871 ⁹
3538 2840 3833 2898 κωλυέτω-

2185 2943 2282 2978 σαν
2311 2920 2366 2977 δὲ
2423 2930 2578 2980 τοῦτο
2620 2934 2708 2981 καί
2755 2927 2802 2982 οἱ
2860 2925 3147 2984 ἐπίσκοποι
3180 2929 3270 2984 καὶ
3302 2930 3348 2985 οἱ
3377 2930 3828 3011 ἀρχιμανδρτται.

2267 3010 2425 3088 Λέγει
2455 3009 2508 3068 δὲ
2541 3015 2626 3069 καὶ
2671 3011 2810 3077 διατ,
2845 3015 2924 3092 νβ’
2958 3024 3052 3073 τοῦ
3079 3018 3133 3094 γ’
3164 3019 3267 3080 τίτ.
3304 3026 3398 3076 τοῦ
3450 3009 3502 3076 α’
3554 3018 3699 3097 βιϐλ,
3746 3021 3832 3078 ὅτι

2614 2032 2627 2064 2
2678 2028 2728 2064 ἓ)-
2789 2029 2960 2064 ..-ἓὶη
3016 2033 3196 2064 -.‘.---r-
3273 2033 3298 2064 ἓ
3368 2032 3575 2064 ’11..-__,
3626 2044 3716 2064 --ξ

2614 2032 2627 2052 ν
2683 2029 2724 2046 κς
2907 2032 2924 2064 1
3053 2033 3066 2050 ν
3276 2033 3298 2055 ,ς
3368 2032 3390 2052 ν
3696 2044 3716 2053 υ

2587 2052 2631 2085 ει
2678 2045 2731 2085 οε
2789 2029 2960 2105 μηδιν
3013 2046 3221 2106 αυτοῖς,
3273 2058 3305 2101 η
3369 2032 3595 2092 ελαττον
3626 2059 3719 2093 του
3751 2061 3851 2094 νο-

455 3129 527 3173 ex
550 3128 690 3173 casu
742 3109 792 3170 si
841 3108 1022 3171 liberi
1074 3123 1192 3168 non
1253 3103 1564 3179 exsislent,
1601 3104 1980 3166 restitutione
2013 3104 2095 3165 vel

2185 3098 2312 3158 Ἐὰν
2369 3124 2449 3162 τις
2507 3103 2716 3180 βαρηθῇ
2794 3106 3224 3162 ὑποκαταστᾶσει
3297 3107 3330 3176 ἢ
3391 3109 3833 3168 ἀποκαταστάσει

453 3199 879 3261 substitutione
896 3205 1168 3277 gravatus
1185 3195 1459 3262 fuerit,et
1479 3195 1638 3276 quod
1667 3194 1840 3256 vitam
1867 3213 2100 3257 monas-

447 3289 625 3350 ticam
662 3288 962 3368 przeferat,
1001 3286 1448 3348 matrimonium
1509 3285 1866 3347 contrahere
1897 3285 2044 3346 nolit
2079 3303 2093 3348 :

447 3396 548 3440 res
584 3377 955 3458 [assignatas]
989 3376 1232 3452 retinet,
1264 3385 1443 3456 atque
1475 3374 1614 3437 dum
1645 3374 1808 3449 vivit,
1845 3373 2097 3436 insumit

449 3467 716 3546 illas,aut
735 3465 1037 3549 quomodo
1069 3467 1190 3527 vult
1210 3464 1502 3546 relinquit
1525 3463 1847 3526 dummodo
1867 3465 1928 3526 in
1967 3465 2098 3542 pias

445 3577 684 3621 causas.
713 3556 832 3621 Sed
863 3564 922 3619 et
969 3555 1020 3618 si
1071 3555 1183 3617 sub
1215 3555 1559 3618 conditione
1589 3553 2094 3634 procreandorum

444 3648 778 3710 liberorum
805 3648 918 3726 ipsi
954 3645 1181 3708 relictae
1203 3645 1538 3722 sint,babet
1571 3644 1704 3706 illas
1737 3644 1946 3708 liberis
1977 3663 2097 3705 non

444 3740 777 3820 procreatis
808 3735 976 3798 Idem
999 3737 1180 3798 etiam
1203 3735 1278 3798 de
1302 3735 1705 3816 virginitatem
1725 3733 2096 3796 sectantibus

349 3876 352 3878 .
449 3825 852 3906 [mulieribus]
879 3827 1088 3888 eadem
1112 3824 1658 3897 const.dicit.Quod
1691 3824 1741 3885 si
1765 3842 1919 3886 unus
1943 3843 2095 3886 con-

438 3920 652 3998 jugum
673 3916 848 3980 vitam
876 3918 1263 3978 monasticam
1285 3914 1758 3996 suscipiat,alter
1777 3915 2094 3996 repudium

447 4009 650 4083 mittit,
685 4007 972 4087 locusque
996 4005 1125 4090 [est]
1151 4025 1220 4068 ex
1247 4014 1440 4067 morte
1465 4007 1741 4086 pactis,et
1761 4004 1921 4084 quod
1959 4004 2096 4066 inde

443 4098 678 4160 lucrum
704 4096 998 4179 provenit,
1027 4103 1304 4157 servatur
1341 4113 1410 4158 ex
1461 4093 1673 4156 eodem
1712 4093 2091 4156 matrimonio

443 4187 598 4249 forte
617 4186 1046 4249 exsistentibus
1069 4185 1414 4258 liberis,aut
1437 4183 1495 4246 id
1523 4183 1789 4245 lucratur
1809 4183 1918 4263 [ea]
1947 4201 2089 4261 per-

442 4295 590 4338 sona
613 4296 741 4357 quas
757 4278 830 4338 ad
857 4275 1192 4338 secundum
1209 4275 1657 4336 matrimonium
1682 4291 1802 4334 non
1827 4273 2085 4337 devenit.

442 4367 736 4430 Caeterum
795 4366 844 4426 si
905 4382 1164 4443 sponsus
1205 4363 1503 4445 quispiam
1562 4364 1624 4425 in
1657 4364 2087 4425 monasterium

2183 3189 2236 3255 ἐξ
2288 3189 2536 3265 ἀπαίδου,
2591 3194 2674 3247 καὶ
2737 3194 2816 3263 μὴ
2873 3193 3118 3272 βουληθῇ
3159 3202 3409 3272 γαμῆσαι
3458 3197 3526 3256 δι’
3571 3197 3825 3274 ἄσκησιν,

2184 3277 2331 3353 μένει
2367 3278 2512 3359 ἔχων
2567 3281 2632 3336 τὰ
2691 3279 2985 3360 πράγματα
3018 3303 3032 3317 ·
3065 3284 3162 3340 καί
3196 3285 3394 3362 περιὼν
3425 3287 3559 3343 αὒτᾶ
3590 3286 3826 3364 δαπανᾷ,

2181 3368 2216 3437 ἢ
2274 3368 2671 3445 καταλιμπάνει
2702 3373 2774 3434 ὡς
2807 3371 2948 3428 θέλει
2983 3372 3213 3437 εὐσεϐῶς
3248 3375 3433 3450 μέντοι
3463 3392 3477 3409 ⁸
3537 3377 3582 3432 εἰ
3640 3375 3694 3432 δὲ
3733 3381 3831 3434 καί

2179 3459 2282 3515 ὑπὸ
2328 3458 2535 3538 α’ίρεσιν
2567 3459 2913 3526 παιδοποιίας
2946 3467 3092 3538 αὒτῴ
3139 3463 3500 3546 καταλειφθῇ,
3548 3465 3668 3546 ἔχει
3697 3467 3831 3524 aut?!

2182 3552 2269 3606 καὶ
2299 3550 2378 3624 μὴ
2411 3547 2741 3608 παιδοποιῶν
2775 3570 2790 3587 ο
2822 3553 2882 3609 τὸ
2914 3553 3043 3609 αὐτὸ
3078 3556 3166 3612 καὶ
3198 3554 3294 3611 ἑπΐ
3323 3558 3772 3634 παρθενευούσανς
3807 3577 3822 3589 ’

2180 3641 2215 3707 ἡ
2246 3640 2379 3708 αὐτὴ
2408 3637 2547 3698 διάτ.
2581 3643 2767 3718 φησὶν,
2813 3641 2920 3716 ὅτι,
2965 3639 3095 3700 Ἐάν
3139 3667 3221 3709 τις
3267 3645 3374 3700 τῶν
3432 3647 3823 3704 συνοικούντων

2181 3730 2417 3806 μονάσῃ,
2479 3732 2681 3802 πέμπει
2738 3729 3014 3810 ῥεπούδιον
3073 3733 3100 3790 ὃ
3152 3734 3342 3815 ἄλλος,
3389 3737 3478 3792 καὶ
3510 3735 3670 3816 χώρα
3701 3749 3817 3799 τοῖς

2179 3818 2287 3875 ἀπὸ
2345 3819 2600 3888 τελευτῆς
2653 3822 2961 3900 συμφώνως
2996 3841 3012 3859 ⁶
3065 3826 3152 3880 καὶ
3208 3827 3270 3882 τὸ
3343 3825 3585 3882 ὶντεῦθεν
3645 3825 3828 3903 κέρδος

2177 3907 2498 3988 φυλάττεται
2553 3923 2675 3974 τοῖς
2721 3913 2793 3975 ὡς
2847 3914 2987 3979 εἰκὸς
3020 3916 3167 3970 οὖσιν
3202 3913 3261 3970 ἐκ
3302 3917 3395 3971 τοῦ
3438 3915 3599 3973 αὒτοῦ
3643 3917 3819 3994 γάμου

2177 4001 2358 4056 παισίν
2390 4019 2404 4033 ⁶
2459 3999 2494 4068 ἢ
2551 4001 2609 4056 τὸ
2667 3998 2925 4077 κερδᾶναν
2981 4002 3274 4078 πρόσωπον
3304 4006 3383 4078 μὴ
3414 4004 3566 4062 ἐλθὸν
3599 4007 3672 4068 εἰς
3705 4004 3818 4062 δεύ-

2176 4109 2328 4165 τερον
2385 4090 2558 4168 γάμον
2593 4105 2606 4120 ·
2665 4092 2752 4146 καὶ
2810 4099 2902 4148 τοῦ
2955 4091 3144 4170 ἀνδρὸς
3202 4095 3529 4168 μονάζοντος
3588 4096 3622 4163 ἡ
3683 4096 3813 4173 γυνὴ

2177 4177 2341 4255 ἑτέρῳ
2373 4181 2432 4236 οὗ
2455 4192 2717 4258 γαμεῖται
2749 4183 2836 4238 επὶ
2868 4179 2960 4238 ἕνα
2991 4182 3231 4240 ἐνιαυτόν
3261 4204 3274 4223 ·
3304 4184 3348 4239 εἰ
3379 4204 3568 4259 μεντοι
3599 4205 3680 4242 τις
3709 4190 3813 4240 τῶν

2175 4269 2501 4343 μνηστήρων
2538 4270 2785 4344 μονάσει,
2835 4273 2882 4326 οἱ
2939 4269 3242 4349 ἆρῥαϐὦνες
3300 4271 3473 4330 ἁπλοῖ
3527 4271 3811 4330 ἀποδίδον-

2172 4379 2283 4430 ται,
2317 4359 2413 4415 καί
2455 4355 2604 4418 οὒδέν
2634 4367 2975 4436 ζημιοῦνται,
3010 4363 3084 4426 ὡς
3115 4362 3151 4430 ἧ
3201 4361 3279 4419 νδ⁹
3329 4360 3470 4424 διάτ.
3531 4369 3626 4419 τοῦ
3659 4363 3814 4420 αὐτοῦ

442 4453 753 4529 concedat,
791 4452 1099 4534 simplices
1130 4454 1328 4515 arrbae
1383 4451 1704 4527 adduntur,
1741 4451 2089 4533 nullumque
2112 4448 2277 4530 οτίτ.

440 4546 724 4608 damnum
757 4543 1032 4606 subitur:
1069 4551 1132 4605 ut
1164 4542 1434 4623 ejusdem
1469 4543 1557 4606 tit.
1594 4550 1786 4606 const.
1824 4541 1923 4607 54.

505 4635 836 4699 Texlus.Et
856 4653 988 4717 quae
1009 4633 1082 4697 de
1098 4633 1350 4716 repudio
1373 4642 1585 4696 tractat
1598 4634 1875 4696 Novella!
1898 4636 1962 4697 t7
1981 4637 2084 4698 ait:

440 4725 504 4789 Si
536 4734 754 4808 praeter
781 4743 993 4787 causas
1024 4724 1098 4786 ab
1127 4725 1258 4806 ipsa
1290 4725 1480 4786 dictas
1525 4725 1740 4787 mulier
1765 4725 2085 4805 repudium

439 4816 676 4879 miserit
711 4836 725 4880 :
749 4815 858 4878 dos
877 4815 1092 4878 marito
1110 4823 1212 4877 aut
1235 4815 1291 4876 in
1312 4814 1669 4892 dominium,
1705 4823 1804 4876 aut
1827 4815 1877 4875 si
1905 4814 2085 4876 liberi

436 4905 766 4987 subsint,in
785 4925 958 4968 usum
982 4905 1236 4968 fructum
1269 4905 1465 4968 datur.
1502 4906 1715 4966 Mulier
1737 4912 1934 4966 autem
1970 4922 2080 4982 per

429 4995 700 5077 judicem
723 4996 1006 5076 episcopo
1036 4995 1290 5058 civitatis
1321 4995 1380 5056 iu
1409 5013 1524 5076 qua
1557 4993 1779 5056 habitat
1802 4993 2078 5068 traditur,

437 5096 622 5161 etper
646 5087 840 5165 ipsum
863 5085 935 5146 ad
962 5104 1201 5148 omnem
1224 5085 1354 5164 ejus
1372 5088 1545 5145 vitam
1567 5083 1624 5145 in
1655 5086 2079 5144 monasterium

436 5173 980 5254 conjicitur.Atque
1002 5176 1048 5236 si
1083 5175 1324 5256 quidem
1349 5173 1577 5236 liberos
1602 5173 2081 5247 habeat,bessem

435 5264 783 5328 substantiae
806 5264 936 5343 ejus
959 5265 1086 5343 [illi]
1107 5266 1660 5344 capiunt,trientem
1692 5283 1828 5325 vero
1853 5282 2081 5327 monas-

437 5354 796 5418 terium.Sin
820 5372 956 5416 vero
980 5374 1098 5416 non
1123 5355 1484 5431 liberos,sed
1509 5361 1787 5435 parentes
1812 5355 2028 5416 habeat
2060 5376 2074 5419 :

434 5445 673 5508 bessem
735 5446 1125 5519 monasterio,
1185 5446 1460 5508 trientem
1493 5456 1689 5507 autem
1727 5445 2072 5525 parentibus

434 5535 573 5598 dato
607 5554 622 5594 :
649 5544 816 5596 extra
841 5553 1015 5613 quam
1042 5535 1091 5595 si
1117 5536 1218 5615 qui
1245 5535 1404 5596 illam
1427 5535 1488 5595 in
1517 5543 1805 5616 potestate
1827 5535 2072 5610 habent,

433 5625 654 5710 injusto
685 5624 938 5709 repudio
970 5641 1283 5690 assensum
1315 5623 1702 5708 pmbuerint.
1735 5623 1875 5688 557
1913 5623 2080 5690 Tunc

2255 4637 2352 4694 Καὶ
2395 4638 2428 4706 ᾗ
2473 4638 2591 4715 περί
2651 4636 2938 4717 ρεπουδίων
2997 4635 3435 4715 διαλαμϐάνουσα
3495 4637 3595 4718 ριζ⁹
3653 4641 3813 4720 νεαρά

2170 4749 2356 4805 φησιν,
2391 4724 2470 4782 ὅτι
2503 4729 2595 4785 εὰν
2627 4730 2772 4806 παρὰ
2802 4729 2897 4794 τὰς
2929 4729 3212 4809 εἰρημένας
3267 4734 3403 4806 αὖτῇ
3461 4731 3634 4794 αἰτίας
3681 4733 3811 4809 γυνὴ

2168 4817 2362 4893 πέμψῃ
2419 4815 2716 4894 ῥεπούδιον,
2769 4821 2805 4888 ἡ
2860 4820 2958 4894 μὲν
3002 4817 3162 4896 προίξ
3205 4826 3282 4893 τῷ
3329 4817 3482 4899 ἀνδρὶ
3517 4818 3742 4896 δίδοται,
3775 4822 3809 4888 ἢ

2167 4907 2303 4964 κατᾶ
2335 4905 2669 4982 δεσποτείαν,
2703 4911 2739 4975 ἢ
2771 4907 2971 4966 παίδων
3020 4910 3264 4967 ὑπόντων
3295 4910 3435 4966 κατὰ
3488 4911 3690 4989 χρῆσιν
3729 4928 3742 4945 ·
3776 4912 3809 4978 ἡ

2166 4995 2218 5052 δὲ
2253 4997 2386 5074 γυνὴ
2419 4994 2503 5052 διὰ
2533 5004 2624 5054 τοῦ
2675 4995 2992 5062 δικάσαντος
3042 4996 3388 5076 παραδίδοται
3419 5005 3497 5072 τῷ
3529 4999 3809 5072 έπισκόπῳ

2176 5091 2262 5153 τῆς
2297 5084 2505 5151 πόλεως
2566 5086 2622 5142 ἐν
2681 5086 2716 5163 ᾗ
2773 5089 2934 5161 οἰκεῖ,
2995 5092 3085 5146 καὶ
3143 5087 3212 5144 δι’
3274 5087 3433 5146 αἰ)τοῦ
3462 5090 3810 5166 μοναστηρίῳ

2167 5172 2494 5251 ἐμϐάλλεται
2549 5183 2726 5234 πᾶσαν
2755 5178 2856 5246 τὴν
2887 5179 3031 5249 ζωὴν
3062 5179 3226 5246 αὒτῆς
3267 5197 3278 5211 ·
3316 5179 3406 5237 καὶ
3436 5180 3480 5234 εἰ
3533 5178 3632 5250 μὲν
3691 5177 3810 5258 ἔχει

2164 5263 2388 5339 παῖδας,
2436 5271 2496 5322 τὸ
2527 5264 2760 5342 δίμοιρον
2806 5267 2967 5346 μέρος
3017 5270 3117 5335 τῆς
3174 5269 3356 5332 οὐσίας
3390 5267 3553 5334 αὒτῆς
3589 5267 3808 5343 λαμϐά-

2161 5376 2308 5411 νουσι
2344 5372 2357 5385 ⁸
2394 5356 2455 5411 τὸ
2487 5355 2539 5412 δὲ
2567 5361 2762 5434 τρίτον⁹
2797 5359 2858 5412 τὸ
2891 5359 3272 5435 μοναστήριον’
3308 5359 3352 5414 εἰ
3397 5355 3451 5412 δὲ
3484 5357 3683 5423 παῖδας
3715 5362 3810 5417 οὐκ

2153 5449 2290 5528 ’ἔχει
2347 5445 2488 5503 ἆλλᾶ
2543 5461 2752 5528 γονεῖς,
2810 5450 2870 5504 τὸ
2898 5446 3134 5526 δίμοιρον
3173 5447 3366 5506 δίδοται
3414 5456 3490 5523 τῷ
3522 5471 3806 5523 μοναστη-

3382 5540 3393 5558 ἱ
3482 5539 3556 5555 ‘0
3619 5538 3716 5561 ’,Ρ

2164 5628 2282 5687 σίαν
2317 5625 2484 5694 αὐτὴν
2525 5625 2745 5710 ἔχοντες
2793 5633 2871 5705 τῷ
2931 5626 3113 5708 ἀλόγῳ
3169 5624 3428 5709 ῥεπουδίῳ
3485 5627 3805 5709 συνῄνεσαν,
