4134 6200
494 213 623 328 εει
1684 250 1952 320 PHO‘l‘lI
1996 251 2515 319 PATRIARCH/E
2555 253 2671 318 op.
3735 261 3834 326 852

494 406 560 470 hi
590 405 836 492 quidem
864 405 937 471 ad
971 406 1110 488 alia,
1143 405 1234 469 illi
1258 423 1400 471 vero
1441 406 1620 470 etiam
1663 407 1735 470 ad
1767 404 2187 468 saeculariuml

2270 407 2278 461 ἱ
2323 405 2422 480 μὲν
2465 406 2536 468 εἱς
2595 403 2806 483 ἐτᾶρας,
2865 406 2909 461 οἱ
2955 401 3011 460 δὲ
3083 401 3178 462 καὶ
3226 405 3299 470 εἷς
3353 407 3623 480 κοσμικῶν
3663 406 3838 485 ἀνδρῶν

499 499 768 563 virorum
795 497 1136 560 habitacula
1153 517 1217 560 se
1251 496 2150 562 trausferebant.Verumenim-

2273 493 2560 552 ετέπιπτον
2625 494 2945 573 καταγώγια
2978 512 2993 527 ⁸
3041 493 3181 552 ἀλλὰ
3237 497 3335 574 γὰρ
3381 495 3512 571 ὅπερ
3563 497 3732 563 αὐτοῖς
3783 499 3838 556 δι’

505 607 668 667 vero,
707 589 847 651 566
877 587 1037 668 quod
1100 595 1238 650 tunc
1289 587 1361 664 ab
1417 587 1537 649 illis
1589 596 1836 670 propter
1871 587 2148 667 pietatem

2270 583 2502 644 Βσέϐειαν
2537 585 2659 641 τότε
2721 583 3114 662 πραττόμενον,
3176 587 3533 662 μακαριστοὺς
3563 586 3840 666 ἀπέφαινεν,

500 679 748 754 factum,
781 696 884 739 eos
913 675 1246 739 laudandos
1303 677 1691 758 beandosque
1731 676 2054 749 efﬁciebat,
2086 675 2150 736 in

2270 678 2306 739 ἱς
2351 675 2470 738 ἔθος
2501 673 2698 753 ἄλογον
2729 675 3058 750 μεταπεσὸν,
3101 675 3531 751 καταγελάστους
3561 679 3840 754 παρέστων

505 786 707 831 mores
737 784 773 829 a
795 767 1027 828 ratione
1057 766 1290 830 alienos
1323 785 1704 838 conversum,
1740 785 1845 829 eos
1868 767 2010 847 jure
2038 765 2149 827 de-

2270 773 2515 846 λανταχιιῦ
2569 766 2670 843 γὰρ
2728 772 2816 822 νῦν
2857 765 2954 833 τῆς
3001 763 3269 832 εὒσεϐείας
3315 765 3719 841 ὶξηπλωμένηε,
3773 770 3847 825 καὶ

505 855 798 923 ridendos
829 855 1034 919 efﬁcit.
1068 856 1213 918 Cum
1248 856 1408 918 enim
1435 858 1560 936 jam
1595 856 1820 936 ubique
1858 863 2151 918 terrarum

2275 853 2543 913 κανδάλων
2587 861 2686 923 τῆς
2731 853 3057 921 Ἐκκλησίας
3115 854 3568 935 ἀπηλλαγμένης,
3601 857 3676 912 ἔτι
3729 859 3845 921 τινὲς

509 955 837 1030 propagata
865 946 942 1010 sit
1002 945 1240 1025 religio,
1274 955 1335 1008 et
1385 943 1658 1008 Ecclesia
1708 965 1737 1007 a
1769 945 2068 1008 scandalis
2097 952 2155 1008 et

2270 951 2342 1001 ὦν
2385 947 2595 1002 οἰκείων
2639 945 3014 1024 μοναστηρίων
3063 945 3492 1026 ἆποφοιτῶντες,
3525 949 3614 1002 καὶ
3644 949 3848 1024 καθάπερ

511 1035 950 1102 offensionibus
972 1035 1495 1117 liberata,quidam
1516 1035 1712 1098 adhuc
1732 1055 1764 1097 e
1787 1036 1913 1098 suis
1945 1054 2155 1097 mona-

2274 1059 2287 1092 ι
2345 1036 2514 1113 ῥεόμα
2568 1034 2946 1114 δυσκάθεκτον,
3008 1033 3108 1090 ὧδε
3151 1035 3374 1092 κάκεῖσε
3439 1037 3852 1113 μεταγγιζόμενοί

511 1127 715 1190 steriis
746 1127 1127 1206 excedentes,
1161 1134 1218 1188 et
1259 1137 1540 1207 tanquam
1572 1127 1860 1189 fluentum
1891 1125 2158 1207 aliquod,

2270 1147 2300 1182 ·ε
2345 1127 2431 1183 καὶ
2464 1124 2837 1204 μεταρῤἑοντες
2873 1145 2889 1197 ;
2925 1124 3138 1192 πολλῆς
3169 1125 3268 1200 μὲν
3310 1125 3408 1194 τῆς
3442 1127 3697 1199 ἀκοσμίας
3730 1125 3852 1192 πλη-

511 1217 668 1300 qnod
703 1215 975 1280 cohiberi
1033 1235 1150 1278 non
1201 1225 1419 1297 potest,
1474 1235 1634 1278 nunc
1684 1217 1829 1279 illuc
1856 1234 1922 1278 se
1950 1215 2161 1280 confe-

2270 1223 2396 1273 οὖσι
2458 1215 2522 1272 τα
2579 1215 2938 1292 μοναστήρια,
2972 1214 3182 1282 πολλὴν
3204 1212 3260 1271 δὲ
3287 1215 3389 1282 τὴν
3422 1214 3636 1281 ἀταξίαν
3667 1217 3854 1280 ἑαυτοῖς

517 1315 745 1388 rentes,
782 1315 842 1367 ct
872 1306 1269 1386 conﬂuentes,
1299 1306 1662 1370 monasteria
1710 1305 1948 1387 quidem
1981 1305 2163 1367 multa

2270 1305 2759 1385 τονεισκωμάζουσι,
2803 1306 2891 1361 καὶ
2933 1309 3030 1372 τῆς
3075 1307 3351 1383 ὺπδταγῆς
3401 1307 3466 1362 τὸ
3514 1307 3704 1380 σεμνὸν
3755 1303 3856 1361 δια-ν

522 1395 902 1461 immodestia
920 1397 1182 1478 replent,
1218 1404 1278 1458 et
1313 1396 1557 1458 multam
1604 1395 1720 1458 sibi
1749 1395 2158 1460 confusionem

2270 1399 2418 1454 ’πῶσί
2474 1417 2531 1453 τε
2588 1395 2683 1451 καί
2761 1395 3244 1471 καταλσμαίνονται
3274 1411 3289 1426 '
3353 1394 3496 1452 ἀλλὰ
3558 1396 3748 1452 τούτων
3807 1397 3856 1450 τὸ

517 1487 1030 1571 petulantiamque
1050 1486 1334 1568 afferunt,
1365 1486 1843 1568 obedientiaeque
1873 1489 2160 1552 honesta-

2270 1486 2472 1544 ἕστατον
2529 1487 2627 1554 τῆς
2688 1485 2856 1563 ὁρμῆς
2901 1486 2988 1541 καὶ
3021 1485 3388 1542 ἇνυπότιγτον
3423 1487 3455 1553 ἡ
3507 1487 3628 1564 ἁγία
3670 1484 3856 1548 σύνοδος

516 1588 641 1641 tem
667 1577 1013 1640 convellunt
1037 1595 1104 1639 ac
1123 1577 1405 1657 perdunt.
1433 1576 1551 1639 Sed
1577 1595 1783 1638 eorum
1815 1577 2161 1642 instabilem

2270 1578 2642 1655 ινακότττουσα³
2696 1575 2888 1653 ὥρισεν
2932 1574 3025 1630 ἵνα
3070 1574 3124 1630 εἵ
3167 1597 3247 1638 τις
3299 1577 3550 1655 μοναχὸς
3598 1576 3690 1642 τῆς
3748 1573 3858 1637 ἰδίας

514 1676 712 1731 etnon
736 1666 1048 1729 ferendam
1072 1667 1502 1747 appetitionem
1526 1684 1808 1729 resecaus
1837 1677 2044 1731 sancta
2064 1687 2164 1750 sy-

2270 1665 2548 1746 τποδράσας
2595 1670 2790 1741 μονῆς,
2823 1664 2861 1730 ἥ
2905 1665 2977 1730 εἷς
3037 1663 3218 1743 ἕτερον
3268 1666 3554 1742 μεταπέσῃ
3612 1664 3861 1738 μοναστή-

519 1755 956 1838 nodus,statuit
977 1763 1066 1829 ut,
1091 1756 1140 1817 si
1165 1759 1299 1836 quis
1324 1757 1654 1818 monachus
1678 1775 1711 1818 a
1732 1757 1973 1838 proprio
1990 1758 2187 1828 aufu-g

2278 1778 2381 1829 ιον,
2425 1755 2462 1822 ἥ
2507 1756 2581 1820 τίς
2610 1756 2873 1828 κοσμικὸν
2931 1754 3244 1828 εἷσκωμᾶσῃ
3299 1754 3672 1832 καταγώγιον,
3727 1753 3860 1815 αὒτός

520 1847 692 1928 giens
725 1845 1117 1926 monasterio,
1150 1846 1241 1907 vel
1290 1863 1357 1907 se
1409 1851 1470 1907 in
1515 1846 1674 1907 aliud
1732 1847 2157 1910 monasterium

2270 1869 2301 1904 re
2357 1847 2447 1904 καὶ
2489 1848 2517 1903 ὃ
2569 1845 2756 1902 τοῦτον
2801 1841 3191 1920 ὑποδεξάμενος
3225 1844 3602 1923 ἀφωρισμένος
3634 1842 3748 1919 εἴη,
3777 1841 3864 1902 ἕως

518 1936 813 2009 conferat,
847 1936 934 1997 vel
966 1934 1029 1996 iu
1085 1935 1376 1998 saeculare
1425 1934 1836 1998 habitaculum
1868 1937 2170 2015 ingredia-

2270 1938 2307 1994 ἓν
2337 1939 2365 1993 ὁ
2395 1935 2685 2013 ἀποφυγὼν
2719 1933 3005 2013 ἐπανέλθῃ,
3049 1932 3101 1999 ἔξ
3127 1933 3194 2001 ἧς
3226 1942 3408 1997 κακῶς
3445 1933 3658 1998 ὶΞέπεσε
3689 1933 3858 2006 μονῆς’

523 2035 643 2104 tur,
697 2025 827 2107 ipse
873 2033 933 2088 et
991 2027 1091 2106 qui
1147 2045 1281 2088 eum
1339 2026 1610 2106 suscepit
1667 2036 2012 2108 segregatus
2061 2028 2164 2101 sit,

2270 2029 2294 2084 ,ἰ
2333 2026 2432 2101 μέν
2489 2046 2574 2082 τοι
2624 2046 2686 2102 γε
2739 2025 2766 2079 ὁ
2811 2023 3104 2086 ὶπίσκοπος
3153 2045 3302 2086 τινας
3339 2023 3447 2079 τῶν
3494 2028 3743 2102 μοιοαχῶν
3794 2022 3866 2078 ἐπὶ

523 2117 719 2179 donec
749 2115 848 2197 qui
877 2115 1126 2194 aufugit,
1159 2117 1218 2176 in
1275 2115 1337 2176 id
1393 2119 1821 2179 monasterium
1852 2136 1884 2179 a
1912 2136 2028 2198 quo
2057 2118 2168 2179 im-

2270 2114 2492 2188 bhEstq
2570 2115 2657 2170 καὶ
2729 2113 2841 2189 βίου
2913 2114 3205 2188 σεμνότητι
3263 2111 3741 2190 μαρτυρουμένους,
3807 2112 3866 2176 εἰς

520 2205 709 2287 probe
740 2206 1588 2280 recesserat,revertatur.Sed
1615 2212 1661 2267 si
1687 2207 2008 2288 episcopus
2037 2209 2168 2287 qui-

2270 2206 2427 2285 ἔτερον
2485 2203 2849 2281 μοναστήριον
2907 2202 2992 2258 ἐπὶ
3041 2203 3366 2261 καταστάσει
3399 2207 3498 2269 τῆς
3531 2203 3694 2276 μονῆς
3721 2200 3865 2269 θελή-

523 2295 658 2358 dem
686 2294 761 2356 de
787 2294 1211 2358 nonnullorum
1248 2297 1682 2357 monachorum
1709 2296 1927 2377 pietate
1947 2305 2007 2358 et
2034 2297 2169 2360 vitae

2270 2318 2334 2353 rei
2397 2293 2803 2371 μετακοιμίσαι,
2843 2291 2879 2357 ἥ
2908 2293 2998 2348 καὶ
3042 2292 3115 2354 είς
3167 2291 3434 2366 κοσμικὴν
3469 2291 3638 2348 οἰκίαν
3666 2290 3745 2346 ἐπὶ
3773 2311 3868 2346 σω-

524 2383 822 2466 probitate
880 2383 955 2444 ab
1015 2384 1250 2447 idoneis
1301 2385 1555 2448 testibus
1606 2386 1832 2448 certior
1859 2387 2072 2468 factus,
2106 2386 2169 2449 in

2270 2387 2406 2464 ςηρία
2447 2385 2554 2440 τῶν
2593 2382 2939 2439 ἐνοικούντων
2985 2379 3266 2457 δοκιμάσοι
3307 2382 3668 2460 ιιιατσιστῆσαι³
3707 2379 3734 2445 ἦ
3783 2377 3867 2434 ἁλο

524 2465 688 2538 nliud
751 2475 1178 2536 monasterium
1235 2474 1307 2536 ad
1360 2475 1491 2555 ejus
1539 2476 2028 2538 constitutionem
2059 2465 2168 2539 eos

2270 2475 2457 2556 ίαχόσε
2491 2471 2771 2542 εὖδοκήσοι
2817 2475 3136 2545 επιστ-ἧσαι,
3177 2476 3334 2527 τοῦτο
3394 2469 3517 2527 οὔτε
3549 2471 3666 2529 τοὺς
3697 2465 3866 2524 ὑποδεο

524 2562 853 2626 transferre
881 2563 1160 2642 voluerit,
1189 2564 1281 2624 vel
1324 2563 1383 2624 in
1415 2563 1659 2625 domum
1713 2565 2168 2646 smcularem,ad

2270 2564 2545 2647 ίομὲνους,
2585 2561 2702 2619 οὔτε
2732 2563 2855 2624 τοὺς
2887 2561 3191 2641 μοναχοὺς,
3221 2559 3506 2623 ὑποδίκους
3537 2561 3766 2627 ποιήσει.

529 2671 769 2728 eorum,
811 2655 906 2733 qui
958 2651 1316 2725 inhabitant,
1352 2651 1630 2729 salutem,
1661 2644 2084 2717 traducendos
2107 2674 2212 2718 eos
2258 2644 2590 2722 censuerit,
2645 2651 2734 2713 vel
2786 2650 2846 2711 in
2891 2649 3009 2711 alio
3042 2649 3254 2729 quovis
3299 2648 3435 2710 loco
3489 2644 3868 2730 praeﬁciendos

541 2742 775 2809 caeteris
803 2741 1066 2815 duxerit,
1101 2742 1214 2804 hoc
1246 2761 1443 2823 neque
1475 2741 1575 2816 iis,
1613 2743 1714 2825 qui
1747 2745 2110 2825 suscipiunt,
2143 2763 2257 2808 nec
2287 2743 2436 2826 ipsis
2467 2740 2776 2803 monachis
2807 2739 3000 2803 fraudi
3033 2739 3169 2801 erit.

603 2836 661 2897 5.
703 2833 848 2906 Qum
878 2841 1132 2902 temere,
1179 2841 1238 2894 et
1297 2832 1428 2894 sine
1463 2832 1698 2913 judicio
1727 2851 1795 2895 ac
1829 2834 2182 2916 probatione

2321 2825 2415 2894 τ’.
2449 2833 2556 2895 Τὰς
2596 2832 2844 2908 ἀκρίτους
2882 2831 2970 2886 καὶ
3014 2828 3405 2904 ἂδοκιμάστους
3457 2829 3748 2906 ἆποταγας,
3801 2825 3871 2881 ἐπὶ

532 2926 705 3003 ﬁunt,
740 2921 1237 2997 renuntiationes,
1271 2921 1430 2984 bono
1467 2923 1800 2985 monastico
1833 2924 2026 2985 ordini
2055 2943 2180 2988 ma-

2270 2924 2399 2982 πολὺ
2455 2923 2554 2989 τὴν
2612 2920 2924 3000 μοναχιαὴν
2968 2918 3204 2984 εὐταξίαν
3236 2917 3629 2993 λυμαινομένας
3659 2917 3870 2992 εὑρίσκο-

528 3024 713 3095 gnum
745 3012 962 3075 afferre
990 3011 1437 3074 incommodum
1471 3012 1832 3078 invenimus.
1866 3012 1932 3076 lu
1964 3032 2177 3076 mona-

2270 3035 2362 3090 μεν
2395 3028 2412 3044 ⁶
2471 3016 2754 3089 προπετῶς
2812 3009 2915 3088 γὰρ
2971 3010 3045 3072 εἷς
3106 3009 3195 3064 τὸν
3253 3007 3468 3086 μονήρη
3527 3009 3637 3084 βίον
3691 3004 3875 3067 ἑαυτοὺς

533 3079 742 3165 Ξιὶεειῐῐι
767 3103 927 3164 enim
959 3101 1140 3163 vitam
1173 3120 1239 3163 se
1272 3101 1446 3164 facile
1496 3102 1859 3184 injicientes,
1895 3114 1953 3167 et
1981 3104 2054 3166 ad
2086 3123 2178 3167 as-

2270 3101 2685 3181 ἑπιῤῥίπτοντες,
2713 3101 2800 3156 καὶ
2833 3101 2966 3177 πρὸς
2999 3099 3059 3154 τὰ
3108 3097 3282 3177 τραχὺ
3335 3105 3426 3154 καί
3482 3098 3724 3154 ὶπίπονοιο
3763 3115 3871 3151 χατ-

539 3210 740 3272 peram
775 3200 834 3252 et
861 3191 1216 3252 laboriosam
1259 3183 1754 3254 exercitationem
1807 3212 1872 3255 se
1914 3194 2181 3273 segniter

2270 3192 2640 3271 ολιγωροῦντες
2670 3195 2768 3256 τῆς
2800 3188 3103 3266 ἀσκήσεως,
3150 3186 3235 3243 ἐπὶ
3293 3189 3386 3243 τὸν
3447 3185 3760 3266 φιλόσαριιον
3807 3183 3876 3237 καὶ

539 3289 840 3360 gerentes,
902 3279 972 3341 ad
1051 3283 1352 3342 carnalem
1433 3289 1492 3342 et
1544 3281 1940 3362 voluptariam
2001 3285 2175 3344 vitam

2270 3281 2508 3352 ἧδονικὸν
2562 3280 2675 3355 βίον
2729 3277 2922 3340 ἀθλίως
2960 3277 3120 3333 πάλιν
3153 3278 3640 3356 ἀπαναστρέφουσιν
3675 3296 3686 3309 ·
3715 3274 3875 3350 ὥρισεν

534 3389 746 3432 rursus
778 3371 996 3432 misere
1020 3380 1424 3434 revertuntur.
1451 3369 1770 3453 Propterea
1801 3392 1941 3453 ergo
1973 3373 2180 3434 statuit

2270 3375 2352 3428 οὖν
2396 3369 2480 3427 διὰ
2523 3379 2679 3426 τοῦτο
2707 3370 2741 3434 ἡ
2790 3367 2912 3444 ἓιγία
2945 3365 3183 3443 σιλοδος⁷
3219 3363 3424 3438 μηδένα
3471 3373 3566 3422 τοῦ
3609 3368 3879 3441 μοναχικιιῦ

539 3469 746 3521 sancta
775 3459 1058 3540 synodus,
1124 3467 1186 3521 ut
1233 3478 1410 3521 nemo
1466 3466 1794 3523 monastico
1847 3463 2050 3525 habitu
2084 3464 2182 3524 di-

538 3567 691 3628 gnus
750 3556 1019 3629 putetur,
1077 3550 1242 3629 prius
1291 3568 1469 3629 quam
1527 3550 1772 3611 triennii
1821 3560 2056 3630 tempus
2103 3554 2176 3613 ad

527 3637 961 3719 eriperiendum
998 3638 1086 3698 eis
1150 3638 1456 3719 relictum,
1506 3657 1611 3699 eos
1641 3658 1776 3702 esse
1811 3642 2090 3722 probatos
2122 3651 2180 3704 et

527 3727 630 3789 tali
667 3744 804 3788 esse
836 3727 948 3786 vita
974 3727 1186 3804 dignos
1217 3728 1354 3786 307
1379 3728 1734 3811 ostenderit;
1769 3741 1826 3792 et
1860 3732 1979 3791 hinc
2016 3733 2177 3792 omni

530 3819 705 3878 modo
743 3818 1048 3877 observari
1087 3816 1396 3896 praecepit,
1434 3829 1828 3898 praeterquam
1883 3821 1931 3880 si
1987 3821 2180 3900 gravis

527 3906 746 3987 aliquis
802 3906 1049 3967 morbus
1111 3908 1386 3968 incidens
1475 3907 1847 3987 probationis
1907 3921 2179 3990 tempora

528 3996 802 4057 contrahi
860 3997 1144 4075 coegerit,
1211 3996 1302 4056 vel
1363 3996 1414 4056 si
1473 3997 1736 4057 nondum
1799 3999 1937 4078 quis
1992 4000 2065 4059 sit
2095 4001 2182 4059 vir

528 4085 873 4160 religiosus,
910 4093 968 4146 et
1004 4096 1198 4145 tamen
1233 4086 1410 4145 vitam
1463 4088 1852 4146 monasticam
1889 4088 1946 4148 in
1973 4088 2180 4149 habitu

530 4175 803 4235 smculari
840 4183 1100 4252 peragat.
1161 4173 1292 4234 Tali
1353 4173 1513 4236 enim
1565 4175 1696 4236 viro
1743 4176 1813 4235 ad
1849 4177 2180 4238 absolutam

532 4265 964 4344 experientiam
993 4273 1227 4342 tempus
1259 4273 1555 4324 semestre
1596 4265 1923 4328 suffecerit.
1959 4266 2018 4328 Si
2051 4268 2184 4347 quis

2270 4271 2310 4325 ιῖ
2343 4266 2397 4324 δέ
2425 4289 2504 4329 τις
2536 4269 2680 4344 παρὰ
2710 4273 2874 4324 ταῦτα
2927 4263 3293 4342 διαπράξεται,
3329 4266 3419 4320 tbv
3476 4264 3574 4336 μὲν
3615 4261 3877 4339 ἡγούμενον

534 4364 733 4413 autem
759 4360 976 4430 praeter
999 4352 1122 4412 haec
1149 4352 1386 4432 fecerit,
1415 4355 1726 4429 praefectus
1751 4356 1990 4433 quidem
2025 4346 2184 4436 pra;-

2270 4358 2360 4425 τῆς
2404 4359 2756 4434 ἡγουμενείας
2800 4356 3150 4422 ἐκπίπτοντα,
3215 4353 3462 4411 παιδείαν
3521 4359 3618 4416 τῆς
3674 4346 3878 4414 ἀταξίας.

532 4442 764 4502 fectura
819 4441 1128 4513 excideris,
1190 4459 1502 4519 perperam
1579 4445 1879 4506 observati
1957 4446 2186 4507 ordinis

2273 4449 2368 4515 τὴν
2399 4447 2453 4503 ἐν
2483 4449 2728 4523 ὑποταγῇ
2757 4445 3033 4523 διαγωγὴν
3065 4444 3394 4524 ἐφευρίσκειν
3432 4459 3446 4474 ⁸
3494 4446 3588 4500 τὸν
3635 4441 3686 4496 δὲ
3735 4436 3880 4514 μονά-

534 4529 997 4604 correctionem,
1031 4528 1089 4590 in
1151 4530 1496 4592 obedientia
1545 4542 1603 4594 et
1633 4533 2012 4614 sulijectione
2043 4555 2185 4597 con-

2270 4559 2458 4607 σαντα,
2494 4539 2552 4592 ἓν
2585 4537 2737 4613 ἑτέρᾳ
2784 4543 2924 4612 μονῇ
2963 4537 3060 4603 τὴν
3114 4535 3421 4614 μοναχικὴν
3484 4530 3747 4613 ἀκρίϐειαν
3799 4547 3878 4604 φο·

531 4620 938 4683 versationem
973 4619 1267 4682 inveniat.
1310 4621 1424 4694 Qui
1471 4632 1561 4683 est
1586 4636 1788 4686 autem
1821 4625 1879 4686 in
1914 4627 2028 4686 alio
2059 4645 2186 4687 mo-

2270 4626 2539 4702 λαττοόσῃ
2573 4625 2980 4702 παραδίδοσθαι.

532 4710 800 4773 nasterio
854 4711 1211 4787 monachus,
1246 4710 1345 4772 alii
1385 4713 1756 4776 monasterio
1807 4715 2096 4791 tradatur,
2130 4715 2288 4796 quod
2341 4713 2732 4777 monasticam
2785 4713 3166 4796 disciplinam
3207 4719 3486 4775 accurate
3532 4710 3880 4793 perfectaque

536 4801 838 4862 observet.

623 4888 1518 4971 Τθχῑιιε.(]οηει.29,ῑίι.3,1ἰὶ).ι
1544 4891 1788 4956 cod.ait:
1815 4891 1936 4954 Soli
1962 4894 2191 4974 apocri-

537 4980 703 5043 siarii
744 4982 1126 5042 monasteriis
1153 4983 1320 5044 exire
1345 4991 1402 5043 et
1449 4983 1717 5044 civitates
1763 4984 1996 5060 ingredi
2048 5003 2190 5062 pos-

540 5077 706 5132 sunt.
741 5069 853 5140 Qui
877 5070 928 5131 si
953 5070 1226 5134 docendo
1277 5081 1376 5133 aut
1408 5072 1786 5133 consulendo
1812 5092 2194 5134 commovere

539 5156 943 5237 simpliciores
958 5176 1102 5220 cons
1114 5160 1900 5242 piciantur,castiganturEt
1917 5173 2104 5222 const.
2120 5164 2196 5226 38

542 5246 818 5327 ejusdem
847 5247 935 5308 tit.
966 5265 980 5309 :
1008 5247 1121 5321 Qui
1148 5253 1510 5312 monasteria
1537 5269 1644 5311 sua
1668 5251 2040 5332 relinquunt,
2075 5271 2195 5314 non

541 5337 1022 5420 recipiuntquas
1068 5339 1142 5400 ad
1186 5339 1290 5401 illa
1332 5342 1472 5419 [res]
1508 5340 1760 5403 mobiles
1791 5341 2192 5425 adduxerunt,

545 5427 961 5508 cujuscunque
984 5428 1339 5510 quantitatis
1379 5430 1624 5507 fuerint,
1658 5450 1999 5513 quanquam
2035 5433 2198 5494 nulla

544 5516 622 5580 de
641 5516 763 5579 illis
798 5524 1069 5580 actorum
1093 5526 1485 5582 monumenta
1507 5520 1785 5582 confecta
1807 5522 1946 5586 sint.
1981 5520 2044 5583 In
2079 5522 2198 5602 [re-

543 5609 700 5690 rum]
724 5616 923 5673 autem
955 5607 1360 5674 immobilium
1386 5610 1809 5674 donationibus
1840 5612 1941 5696 jus
1971 5612 2197 5675 servari

2265 3461 2635 3526 ιιαταΞιοῦσθαι
2695 3461 3012 3538 σχήματος,
3046 3459 3164 3531 πρὶν
3198 3457 3259 3511 ἃν
3289 3459 3316 3512 ὁ
3363 3466 3462 3528 τῆς
3498 3457 3718 3533 τριετίας
3762 3453 3874 3531 χρό-

2262 3575 2349 3616 νος
2403 3555 2474 3615 εἰς
2523 3564 2718 3625 πεῖραν
2780 3549 2963 3609 αότοτς
3010 3548 3068 3604 ἀοι
3087 3549 3252 3615 εϐεἱς,
3315 3545 3566 3621 δοκίμους
3601 3546 3777 3604 αὖτοὺς
3799 3542 3873 3596 καί

2261 3643 2433 3707 ἆξιους
2476 3643 2575 3706 τῆς
2625 3639 2960 3705 τηλικαύτης
2993 3637 3179 3714 ﬂint?“
3214 3643 3543 3711 παραστήσῃ
3579 3654 3592 3666 ’
3645 3637 3723 3691 καὶ
3750 3639 3878 3688 τοῦτο

2261 3745 2482 3806 κρατεῖν
2535 3733 2690 3786 παντὶ
2721 3731 2904 3804 τρόπιν
2964 3725 3420 3804 παρεκελεύσατο,
3472 3727 3613 3794 πλὴν
3643 3727 3685 3781 εἰ
3739 3724 3878 3797 μήπω

2260 3822 2338 3884 τίς
2397 3822 2590 3897 βαρεῖα
2634 3828 3009 3896 προσπεσοῦσα
3067 3817 3222 3879 νόσος
3267 3818 3358 3872 τὸν
3389 3819 3592 3897 χρόνον
3623 3811 3876 3890 αναγκᾶσει

2261 3911 2589 3975 συσταλῆναι
2644 3915 2746 3975 τῆς
2777 3907 3096 3981 δοκιμασίας
3127 3925 3140 3939 ’
3185 3905 3221 3973 ἥ
3255 3907 3298 3961 εἱ
3341 3907 3514 3980 μήπω
3542 3908 3621 3970 τίς
3653 3904 3738 3969 εἴη
3769 3901 3875 3973 ἀνὴρ

2263 3999 2516 4079 εὒλαὸὴς,
2551 4001 2638 4054 καὶ
2682 4000 2773 4056 τὸν
2825 3999 3133 4077 μοναχικὸν
3160 3997 3274 4071 βίον
3317 3995 3371 4051 ἒν
3401 4003 3480 4069 τῷ
3509 3999 3747 4068 κοσμικῷ
3775 3987 3873 4044 δια-

2264 4091 2400 4146 νύων
2445 4078 2692 4168 σχήματι
2727 4103 2741 4117 ⁹
2777 4087 2863 4143 ἐπὶ
2890 4089 2990 4165 γὰρ
3017 4096 3107 4144 τοῦ
3139 4088 3380 4144 τοιούτου
3429 4085 3640 4162 ἀνδρὸς,
3675 4083 3742 4144 εἷς
3769 4078 3876 4134 ἀπό·

2265 4200 2451 4254 πειραν
2484 4178 2725 4244 παντελῆ
2755 4179 2844 4234 καὶ
2888 4179 2914 4232 ὁ
2973 4175 3326 4242 ἐξαμηνιαϊος
3360 4174 3629 4252 ἐξαρκέσει
3661 4171 3834 4251 χρόνος
3863 4181 3875 4194 ⁹

2353 4898 2418 4953 Ἡ
2449 4896 2532 4951 κθ⁹
2561 4893 2700 4957 διάτ,
2736 4902 2830 4952 τοῦ
2860 4893 2911 4972 γ’
2944 4897 3049 4955 τίτ.
3079 4901 3171 4950 τοῦ
3203 4893 3255 4949 α’
3285 4891 3431 4969 βιϐλ.
3471 4899 3565 4949 τοῦ
3626 4887 3743 4947 κώὸ.
3790 4905 3880 4962 φη-

2276 4986 2379 5063 σὶν,
2404 4987 2500 5063 ὡς,
2537 4985 2597 5042 Οἱ
2624 4983 3018 5063 ἁποκρισιάριοι
3051 4984 3204 5057 μόνοι
3238 4981 3483 5038 δύνανται
3515 4989 3619 5038 τῶν
3649 4994 3884 5054 μοναστη·

2277 5076 2401 5152 ρίων
2429 5073 2646 5146 ἒξιέναι,
2681 5075 2769 5130 καὶ
2801 5073 2853 5129 ἐν
2885 5088 3009 5138 ταῖς
3044 5073 3260 5129 πόλεσιν
3294 5072 3510 5127 εἰσιέναι
3547 5089 3562 5101 ·
3615 5072 3656 5124 εἰ
3701 5066 3750 5121 δὲ
3798 5083 3882 5140 φι-

2279 5167 2406 5218 νῶσι
2438 5161 2522 5219 διὰ
2571 5161 2850 5242 δογμάτων
2991 5161 3295 5237 συμϐουλῆς
3353 5163 3476 5223 τοὺς
3529 5155 3884 5242 ἁπλουστέρους

2277 5254 2658 5332 ταράσσοντες,
2718 5255 2957 5328 νομίμως
3008 5252 3419 5330 σωφρονίζοντκι
3457 5267 3471 5282 ⁸
3528 5252 3614 5306 καὶ
3643 5247 3770 5301 διατ.
3810 5236 3883 5301 λη’

2278 5349 2373 5399 τοῦ
2404 5343 2560 5399 αὐτοῦ
2589 5345 2693 5404 τίτ.
2727 5342 2830 5418 ὅτι,
2867 5346 2927 5401 Οἱ
2958 5345 3023 5398 τὰ
3060 5340 3171 5399 ἴδια
3203 5342 3534 5418 μοναστήρια
3566 5336 3885 5409 καταλιμπα-

2280 5453 2482 5505 νοντες,
2518 5431 2577 5489 οἳ)
2610 5429 2975 5508 λαμϐάνουσιν
3009 5431 3146 5510 ἅπερ
3195 5433 3382 5492 αὖτοτς
3433 5431 3766 5509 προσήγαγον
3813 5441 3886 5474 κι-

2280 5523 2439 5602 νητὰ,
2471 5521 2813 5593 ὁσησδήποτε
2846 5522 3149 5589 ποσότητος
3201 5521 3352 5601 ὄντα⁷
3411 5521 3511 5577 κᾶν
3563 5521 3636 5591 μὴ
3689 5511 3885 5570 συνέστη

2285 5611 2473 5693 πρᾶξις
2503 5613 2908 5692 ὒπομιημάτων
2941 5611 3025 5671 ἐπ’
3055 5615 3238 5679 αὺτοῖς
3272 5629 3286 5644 ⁸
3339 5610 3425 5669 ἐπὶ
3453 5607 3508 5668 δὲ
3542 5619 3657 5672 ταῖς
3685 5602 3885 5680 δωρεπτς

4007 920 4009 1016 l
