4134 6200
288 362 420 430 .857

1054 366 1475 434 SYNTAGMA
1530 367 1932 434 CANONUM.
1989 399 2064 413 -—
2116 369 2271 432 TIT.
2319 367 2429 449 XI,
2470 364 2636 432 CAP.
2680 359 2912 432 VI-IX.

3552 359 3670 430 858

303 536 388 570 σιν
419 534 432 550 ⁸
464 516 543 590 μὴ
585 515 764 599 ἐχέτω
795 537 970 597 μοναχ
986 517 1042 582 ός
1075 517 1373 598 παῤῥησίαν
1407 519 1536 597 πρὸς
1585 519 1942 596 μονάστριαν³

2041 535 2164 580 cum
2201 517 2516 587 monacha,
2551 515 2641 578 vel
2676 515 2968 578 monacha
2997 532 3134 578 cum
3169 515 3462 580 monacho
3494 535 3668 581 seor-

303 604 340 674 ἢ
397 607 692 686 μονάατρια
749 610 881 684 πρὸς
933 611 1180 689 μοναχὸν
1222 608 1324 681 ἰδίᾳ
1383 611 1780 687 προσομιλείτω
1815 623 1829 639 ⁶
1863 619 1942 684 μὴ

302 697 628 768 κοιταζέσθω
657 700 899 778 μοναχὸς
929 701 988 754 ἰν
1039 700 1325 777 γυναικείῳ
1388 699 1755 777 μοναστηρίορ⁹
1803 697 1943 775 μηδὲ

304 787 620 844 συνεσθιὲτω
649 789 940 866 μοναστρίᾳ
974 789 1110 844 κατά
1141 790 1310 865 μόνας
1348 809 1362 824 ·
1410 790 1499 845 καὶ
1548 789 1634 846 ὅτε
1667 789 1733 846 τὰ
1768 788 1942 867 ἀναγ-

304 888 439 932 καῖα
495 887 588 937 τοῦ
641 879 757 955 βίου
809 879 951 956 παρά
1004 885 1098 936 τοῦ
1168 878 1403 959 ἀνδρώου
1462 878 1654 958 μέρους
1694 881 1824 956 πρὸς
1851 879 1943 945 τάς

307 966 593 1031 κανονιγάς
647 965 1091 1048 ἀποκομίζονται,
1155 967 1343 1034 ἔξωθε-ι
1399 973 1501 1036 τῆς
1562 967 1735 1037 πύλης
1779 979 1944 1029 ταῦτα

305 1051 689 1128 λαμεανέτωὴ
743 1056 1020 1134 ἡγουμένη
1074 1059 1166 1113 τοῦ
1207 1061 1507 1134 γυναικείου
1561 1059 1940 1138 μοναστηρίου,

304 1145 441 1221 μετά
472 1144 635 1222 γραός
665 1166 809 1211 τινος
842 1146 1184 1224 μοναστρίας.
1243 1150 1302 1204 Εἰ
1346 1147 1402 1204 δὲ
1445 1145 1625 1225 συμϐῇ
1665 1150 1752 1205 καὶ
1807 1170 1943 1224 συγ-

303 1239 437 1313 γενῆ
467 1255 583 1290 τινα
613 1233 753 1291 θέλει
784 1235 1066 1294 θεάσασθαι
1102 1238 1130 1293 δ
1166 1237 1528 1317 μοναχὸς,ἒπὶ
1562 1239 1824 1318 παρουσίᾳ
1851 1237 1946 1304 τῆς

305 1324 616 1402 ἡγουμένης
643 1325 812 1400 ταύτῃ
843 1325 1238 1404 προσομιλείτω
1268 1325 1352 1382 διὰ
1415 1329 1624 1407 μικρῶν
1689 1328 1769 1384 (αὶ
1809 1329 1945 1407 βραο

307 1414 456 1494 χέων
485 1412 681 1494 λόγων,
714 1416 803 1471 καὶ
834 1416 1108 1492 συντόμως
1137 1416 1190 1483 ἐξ
1219 1419 1384 1484 αύτῆς
1406 1417 1861 1499 ἀπαναχωρείτω.

388 1502 511 1562 νΟτι
554 1500 641 1561 δεῖ
681 1526 783 1581 μετ
825 1507 1168 1586 εὖχαριστίας
1213 1508 1302 1564 καὶ
1345 1508 1524 1576 πάσης
1589 1507 1799 1589 φειδοῦς
1857 1508 1946 1566 καὶ

306 1591 581 1659 εὐλαϐείας
677 1597 956 1676 μοναχοὺς
1042 1598 1086 1653 εἷ
1178 1595 1356 1675 συμϐῇ
1451 1599 1589 1675 μετά
1679 1601 1945 1678 γυναικῶν

305 1683 518 1747 ἰσθίειν,

388 1773 499 1851 ιβ’.
543 1778 660 1847 Θεῷ
687 1774 786 1850 μὲν
815 1774 876 1832 τὸ
914 1781 1014 1833 πᾶν
1041 1776 1396 1851 ἀνατίθεσθαι,
1428 1801 1486 1836 κ.
1522 1801 1572 1842 τ.
1605 1777 1658 1838 λ.

389 1957 637 2013 ΚΕΦΑΛ.
673 1943 759 2013 8⁸.
789 1986 868 1998 —
900 1955 1025 2033 Περὶ
1049 1958 1247 2037 φθορᾶς
1276 1957 1434 2036 ἱερῶν
1463 1957 1761 2030 παρθένων.

599 2045 832 2104 Συνόδου
859 2050 1242 2124 οἰκούμενικῆς
1272 2050 1354 2126 ς’
1382 2051 1555 2108 κανὼν
1587 2049 1657 2113 δ’.

391 2139 462 2205 δ’.
499 2139 566 2200 Εἴ
594 2164 674 2209 τις
707 2142 1027 2224 ἐπίσκοπος,
1059 2144 1096 2214 ἢ
1128 2143 1511 2226 πρεσϐύτερος,
1543 2169 1597 2210 ιι.
1623 2168 1678 2212 τ,
1713 2145 1769 2208 λ.

710 2233 998 2296 Βασιλείου
1025 2238 1204 2294 κανὼν
1237 2235 1338 2312 ιη’,
1367 2240 1445 2314 κ’,
1479 2237 1550 2306 ξ’.

391 2330 494 2397 ιη’.
526 2331 651 2408 Περὶ
679 2336 785 2386 τῶν
816 2328 1159 2388 ἐκπεσουσῶν
1213 2333 1514 2409 παρθένων,
1558 2341 1665 2392 τῶν
1707 2337 1949 2408 καθομο-

306 2420 698 2498 λογησαμένων
730 2421 823 2476 τὸν
853 2419 909 2477 ἐν
955 2423 1246 2496 σεμνότητι
1290 2424 1404 2500 βίον
1448 2425 1525 2499 τῷ
1584 2425 1780 2498 Κυρίῳ,
1826 2424 1950 2480 εἶνα

303 2509 393 2566 διὰ
421 2512 484 2567 τὸ
511 2511 811 2567 ὑποπεσεῖν
845 2523 959 2576 τοῖς
1011 2513 1201 2568 πάθεσι
1245 2517 1347 2580 τῆς
1399 2515 1620 2592 σαρκὸς,
1654 2515 1949 2571 ἀθετουσῶν

302 2601 402 2664 τὰς
459 2601 660 2656 ἑαυτῶν
712 2602 1000 2674 συνθήκας,
1053 2605 1102 2658 οἱ
1154 2601 1256 2677 μὲν
1298 2605 1529 2682 Πατὲρες
1575 2604 1726 2680 ἣμῶν
1764 2603 1948 2666 ἁπλῶς

303 2690 396 2746 καὶ
457 2691 640 2764 πράως
712 2692 1230 2769 συμπεριφερόμενοι
1303 2707 1428 2757 ταῖς
1484 2694 1776 2760 ἀσθενείαις
1841 2700 1948 2750 τῶν

303 2779 848 2850 κατολισθαινόντων,
908 2779 1307 2855 ἐνομοθέτησαν
1361 2781 1550 2848 δεκτάς
1605 2784 1749 2840 εἶναι
1809 2782 1948 2857 μετά

302 2871 399 2927 τὸν
456 2869 720 2942 ἐνιαυτὸν,
761 2869 880 2926 καθ’
925 2871 1220 2944 ὁμοιότητα
1261 2871 1367 2928 τῶν
1421 2871 1661 2949 διγάμων
1690 2871 1944 2938 διαταξά-

301 2981 457 3036 μενοι
493 2975 507 2988 '
544 2958 672 3034 ἐμοὶ
707 2957 762 3015 δὲ
808 2957 984 3035 δοκεῖ,
1031 2959 1218 3030 ἐπειδὴ
1247 2969 1318 3039 τῇ
1363 2985 1455 3019 του
1487 2971 1712 3043 Χριστοῦ
1757 2963 1948 3043 χάριτι

305 3056 574 3128 προϊοῦσα
602 3053 637 3119 ἡ
692 3049 992 3118 Ἐκκλησία
1036 3053 1387 3131 κραταιοτὲρα
1418 3057 1645 3133 γίνεται,
1677 3056 1766 3112 καὶ
1795 3053 1946 3119 πλη-

303 3142 514 3197 θύνεται
547 3149 634 3200 νῦν
659 3140 721 3196 τὸ
754 3139 934 3218 τάγμα
982 3148 1088 3198 τῶν
1133 3141 1430 3219 παρθένων,
1467 3144 1757 3224 προσέχειν
1789 3144 1946 3220 ἀκρι-

2025 627 2157 670 sum
2191 607 2634 686 confabulerur,
2670 624 2782 667 nec
2827 603 3008 668 cubet
3039 607 3370 670 monachus
3400 608 3458 669 in
3494 608 3669 670 femi-

2025 715 2238 759 IIOI‘UII‘I
2287 699 2676 765 monasterio,
2713 715 2826 757 nec
2883 713 3018 757 cum
3073 697 3368 758 monacha
3398 715 3668 760 seorsum

2025 788 2324 852 comedat.
2364 786 2434 848 Et
2465 786 2710 864 quando
2742 804 2874 868 quae
2921 795 3058 848 sunt
3098 786 3233 848 vitae
3266 787 3605 849 necessaria
3637 806 3672 850 a

2026 888 2192 959 parte
2227 877 2484 938 virorum
2517 876 2588 937 ad
2639 879 2947 954 regulares
2996 875 3253 937 feminas
3284 877 3667 953 deferuntur,

2027 976 2190 1029 extra
2223 975 2450 1048 portam
2484 966 2612 1027 haec
2665 965 2923 1046 accipiat
2975 965 3326 1027 monasterii
3361 967 3671 1029 muliebris

2028 1056 2310 1135 praelecta
2369 1075 2506 1117 cum
2557 1055 2760 1136 aliqua
2813 1074 2931 1116 anu
2993 1056 3307 1117 monacha.
3354 1055 3416 1119 Si
3469 1066 3666 1118 autem

2027 1145 2288 1220 eveniat,
2333 1154 2399 1207 ut
2455 1143 2715 1225 aliquam
2768 1145 2909 1206 velit
2970 1156 3280 1224 cognatam
3343 1148 3671 1208 monachus

2027 1237 2326 1316 aspicere,
2387 1245 2684 1316 prasente
2742 1237 3023 1317 praetecta
3072 1255 3208 1298 cum
3258 1253 3329 1298 ea
3359 1235 3668 1318 colloqua-

2027 1335 2123 1389 tur
2152 1327 2363 1406 exiguo
2398 1335 2455 1388 et
2478 1325 2645 1389 brevi
2676 1343 2982 1403 sermone,
3017 1335 3075 1387 et
3107 1345 3245 1387 mox
3286 1325 3361 1389 ab
3393 1345 3464 1390 ea
3488 1344 3668 1390 rece-

2026 1417 2150 1481 dat.

2105 1507 2244 1568 572
2277 1506 2459 1583 Quod
2485 1524 2618 1570 cum
2651 1506 3001 1586 gratiarum
3025 1509 3266 1569 actione
3298 1514 3356 1569 et
3385 1523 3519 1569 eum
3549 1524 3672 1569 om-

2026 1599 2098 1660 ni
2126 1598 2495 1660 verecundia
2523 1613 2592 1658 ac
2621 1595 2921 1674 religione
2948 1599 3204 1658 debeant
3227 1597 3671 1659 monachicum

2025 1687 2412 1768 mulieribus,
2442 1689 2500 1748 si
2529 1687 2784 1754 accidat.
2820 1686 3226 1749 manducare.

2108 1777 2206 1841 2'2.
2244 1776 2368 1839 Deo
2400 1777 2643 1860 quidem
2691 1776 3038 1839 universum
3090 1775 3392 1852 dedicare,
3427 1783 3572 1850 etc.,
3604 1782 3672 1836 ut

1967 1899 2007 1952 Β
2025 1883 2172 1948 pag.
2196 1868 2340 1932 690.

2111 1957 2277 2020 CAP.
2315 1956 2417 2020 IX.
2445 1991 2522 2004 -—
2559 1959 2645 2018 De
2692 1975 3022 2020 sacrarum
3070 1957 3391 2036 virginum
3432 1962 3670 2036 stupro.

2322 2052 2586 2114 Consilii
2615 2052 2974 2114 acumenici
2995 2067 3055 2113 γι
3083 2069 3282 2113 canon
3311 2053 3372 2113 4.

2108 2141 2239 2208 4.8ἰ
2257 2146 2390 2226 quis
2411 2144 2853 2225 episcopus,vel
2875 2145 3332 2226 presbyter.etc.
3347 2193 3363 2219 ,
3378 2144 3671 2223 ulp.750.

2393 2238 2620 2300 Basilii
2647 2257 2910 2302 canones
2947 2241 3046 2321 18,
3077 2238 3179 2312 20,
3203 2239 3304 2302 60.

2113 2330 2306 2394 18.οο
2331 2332 2516 2412 lapsis
2539 2330 2898 2408 virginibus,
2929 2351 3062 2411 quas
3082 2333 3261 2393 vitam
3285 2339 3506 2393 castam
3531 2347 3676 2410 pro-

2030 2419 2202 2482 fessae
2219 2420 2717 2487 Domino.deinde
2732 2423 2932 2483 carnis
2953 2421 3306 2483 libidinibus
3319 2421 3678 2499 victaepacta

2030 2529 2137 2572 sua
2160 2512 2328 2572 irrita
2349 2511 2822 2584 faciunt,Patres
2845 2510 3085 2590 quidem
3115 2513 3326 2582 nostri,
3354 2529 3488 2571 cum
3521 2509 3677 2569 sim-

2033 2599 2271 2681 pliciter
2287 2618 2356 2663 ac
2381 2601 2596 2663 leniter
2612 2617 2748 2661 sese
2770 2599 2843 2660 ad
2861 2618 3070 2662 eorum
3089 2601 3188 2680 qui
3215 2600 3494 2662 labuntur
3513 2597 3680 2659 infir-

2033 2689 2298 2751 mitatem
2324 2700 2885 2765 accommodarent,
2919 2701 3292 2752 censuerunt
3338 2689 3498 2770 ipsas
3545 2694 3678 2768 post

2028 2797 2253 2840 annum
2277 2777 2514 2840 admitti
2540 2779 2822 2856 posse,de
2849 2779 2967 2841 illis
2994 2779 3066 2840 ad
3091 2778 3552 2840 similitudinem
3579 2774 3679 2837 di-

2028 2887 2339 2945 gamorum
2365 2867 3015 2947 dijudicantes.Verum
3054 2870 3198 2930 mihi
3231 2869 3476 2950 quidem
3501 2866 3671 2928 vide-

2031 2959 2442 3038 tur.quoniam
2467 2957 2573 3019 Dei
2593 2959 2750 3018 dono
2775 2957 3169 3039 progrediens
3193 2957 3460 3022 Ecclesia
3484 2955 3676 3016 fitfor-

2031 3050 2224 3117 tior,at
2242 3067 2400 3110 nunc
2415 3048 2848 3128 multiplicatur
2871 3049 3018 3109 ordo
3039 3047 3678 3126 virginum,diligenter

2031 3138 2537 3200 considerandam
2559 3156 2692 3199 es.~e
2714 3147 2913 3198 etre'n
2941 3138 3154 3218 ipsam,
3192 3146 3366 3211 prout
3389 3134 3672 3197 conside-

309 3226 420 3293 ϐὡς
446 3235 522 3304 τῷ
550 3226 671 3286 κατ’
703 3227 908 3287 ἔννοιαν
939 3231 1244 3309 φαινομένῳ
1272 3232 1570 3310 πράγματι,
1604 3231 1698 3289 sui
1738 3238 1806 3309 τῇ
1847 3237 1947 3298 τῆς

2041 3227 2188 3288 ranti
2217 3226 2533 3288 manifesta
2565 3235 2674 3301 est,
2709 3235 2770 3288 et
2801 3227 3128 3308 Scripturae
3158 3227 3516 3288 sententiam
3542 3240 3674 3305 qua:

314 3323 526 3398 Γραιρῆς
557 3317 784 3398 διανοίᾳ,
837 3319 903 3386 ἣν
958 3317 1177 3376 δυνατὸν
1226 3319 1457 3396 ἐξευρεῖν
1511 3321 1618 3378 ἀπὸ
1678 3328 1772 3377 τοῦ
1825 3321 1952 3377 ἀκο-

313 3404 499 3462 λούθου
531 3422 548 3440 ⁸
582 3410 784 3487 χηρεία
813 3407 911 3485 γὰρ
956 3409 1238 3486 παρθενίας
1289 3409 1526 3467 ἔλαττων
1561 3431 1575 3447 ·
1635 3409 1824 3468 οιόκοῦν
1864 3410 1954 3466 καὶ

313 3496 376 3554 τὰ
433 3498 538 3552 τῶν
599 3501 791 3575 χηρῶν
844 3497 1164 3575 ἁμάρτημα,
1211 3497 1398 3572 πολλῷ
1439 3498 1682 3579 δεύτερόν
1719 3500 1831 3557 ἐστι
1860 3507 1954 3556 τοῦ

314 3591 424 3643 τῶν
475 3587 745 3664 παρθένων
780 3601 795 3616 ·
859 3584 1067 3661 ἴδωμεν
1105 3587 1278 3644 τοίνυν
1304 3589 1355 3646 τί
1383 3588 1680 3668 γέγραπται
1710 3587 1955 3664 Τιμοθέῳ

314 3675 459 3749 παρά
512 3681 607 3731 τοῦ
666 3673 922 3733 Παύλου⁹
986 3676 1264 3757 Νεωτέρας
1321 3676 1375 3734 δὲ
1429 3680 1610 3758 χήρας
1666 3684 1948 3756 παραιτοῦ·

311 3764 440 3822 ὅταν
498 3765 600 3843 γάρ
680 3767 1187 3844 καταττρηνιάσωσι
1268 3771 1358 3824 τού
1441 3768 1695 3847 Χριστοῦ,
1753 3779 1955 3848 γαμεῖν

312 3856 578 3930 θέλουσιν,
655 3857 883 3937 ἔχουσαι
956 3871 1126 3937 κρῖμα
1203 3860 1282 3917 ὄτι
1341 3861 1438 3929 τὴν
1500 3861 1722 3941 πρώτην
1776 3863 1954 3919 πίστιν

312 3947 607 4017 ἠθέτησαν,
644 3947 700 4004 Ei
756 3948 922 4004 τοίνυν
981 3951 1016 4017 ἡ
1067 3950 1218 4029 χήρα
1268 3949 1482 4028 κρίματι
1512 3951 1790 4008 ὑπόκειται
1845 3953 1954 4030 βα-

313 4037 524 4119 ρυτάτῳ
579 4037 652 4100 ὡς
705 4037 806 4105 τὴν
863 4040 936 4105 εἷς
998 4041 1225 4117 Χριστὸν
1284 4039 1588 4108 ἀθετήσασα
1645 4041 1846 4117 πίστιν,
1904 4040 1956 4098 τί

313 4126 430 4209 χρὴ
472 4125 772 4205 λογίζεσθαι
805 4129 950 4204 ἡμᾶς
981 4127 1109 4208 περΐ
1166 4133 1265 4197 τῆς
1309 4130 1594 4210 παρθένου,
1627 4130 1745 4198 ἥτις
1774 4130 1953 4210 νύμφη

314 4215 426 4274 ἰπὶ
469 4218 564 4274 τοῦ
607 4222 857 4297 Χριστοῦ,
913 4218 1002 4274 καὶ
1052 4225 1243 4284 σκεῦος
1275 4221 1413 4299 ἱερὸν
1461 4220 1711 4277 ἀνατεθὲν
1738 4228 1816 4294 τῷ
1850 4231 1956 4276 Δε-

316 4307 546 4385 σπότης
609 4305 762 4382 Μέγα
819 4307 918 4382 μὲν
973 4307 1270 4386 ἁμάρτημα
1325 4310 1414 4365 καὶ
1457 4306 1647 4376 δούλην
1690 4308 1958 4388 λαθραίοις

315 4395 515 4474 γάμοις
573 4395 766 4464 ἑαυτὴν
821 4394 1180 4470 ἒπιδιδοῦσαν,
1235 4401 1432 4477 φθορᾶς
1487 4398 1797 4466 ἀναπλῆσαι
1866 4399 1957 4455 τὸν

317 4485 501 4558 οἷκον,
561 4485 649 4540 καὶ
705 4483 1029 4566 καθυϐρίζειν
1072 4485 1157 4544 διὰ
1198 4495 1292 4545 τοῦ
1334 4495 1571 4567 πονηροῦ
1599 4489 1715 4565 βίου
1743 4489 1836 4545 τὸν
1865 4508 1961 4544 κε-

314 4572 588 4648 κτημένον
621 4588 634 4604 ⁸
670 4573 858 4651 πολὶῷ
891 4575 945 4632 δὲ
975 4575 1148 4646 δήπου
1180 4575 1591 4658 χαλεπώτερον,
1620 4577 1717 4646 τὴν
1751 4578 1959 4656 νύμφην

316 4661 614 4743 μοιχαλίδα
658 4664 924 4742 γενέσθαι,
962 4669 1050 4722 καὶ
1092 4667 1193 4733 τὴν
1238 4668 1369 4745 πρὸς
1398 4668 1490 4723 τὸν
1521 4669 1743 4744 νυμφίον
1772 4667 1961 4724 ἕνωσιν

315 4754 683 4834 ἀτιμάσασαν,
724 4753 949 4824 ἡδοναῖς
1009 4755 1326 4819 ἀκολάστοις
1386 4757 1580 4823 ἑαυτὴν
1636 4755 1955 4814 ἐπιδοῦναι·

316 4841 507 4898 οὔκοῦν
564 4843 598 4910 ἡ
661 4842 761 4918 μὲν
791 4845 940 4923 χήρα
974 4845 1048 4909 ὡς
1078 4843 1243 4913 δούλη
1275 4843 1631 4926 διεφθαρμένη
1662 4844 1959 4903 καταδικά-

314 4938 489 5003 ζεται,
521 4932 554 4998 ἠ
587 4930 641 4988 δὲ
674 4934 932 5001 παρθένος
965 4939 1042 5007 τῷ
1070 4935 1286 5012 κρίματι
1341 4941 1439 5004 τῆς
1467 4934 1788 5016 μοιχαλίδος
1823 4935 1960 4993 31rd-

315 5039 492 5076 κειται
527 5041 543 5057 ο
606 5021 789 5096 ὥσπερ
847 5022 938 5079 οὖν
988 5023 1081 5080 τὸν
1141 5023 1393 5102 ἀλλοτρίᾳ
1453 5026 1660 5104 γυναικὶ
1719 5026 1962 5085 συνιόντα

317 5109 520 5188 μοιχὸν
566 5110 928 5188 ἀνομάζομεν,
975 5116 1037 5170 οὗ
1093 5115 1352 5191 πρότερον
1412 5113 1829 5192 παραδεξόμενοι
1889 5115 1963 5178 εἰς

317 5199 608 5256 κοινωνίαν
639 5201 759 5279 πρὶν
787 5201 822 5267 ἦ
854 5203 1150 5259 παύσασθαι
1195 5206 1294 5270 τῆς
1343 5203 1632 5282 ἁμαρτίας,
1661 5203 1801 5261 οὕτω
1858 5202 1962 5271 δη-

319 5284 501 5342 λονότι
547 5290 634 5344 καὶ
669 5289 764 5344 ἐπί
812 5296 904 5346 τοῦ
960 5291 1056 5358 τὴν
1103 5293 1360 5368 παρθένον
1389 5293 1613 5372 ἔχοντος
1646 5290 1959 5361 διατεθησό-

321 5376 458 5444 μεθα
493 5394 510 5412 ο
569 5376 749 5434 ἐκεῖνο
794 5378 846 5432 δὲ
881 5386 967 5437 νῦν
1009 5379 1549 5462 προδιωμολογῆσθαι
1597 5384 1730 5457 ἡμῖν
1790 5383 1963 5461 ἀναγι

319 5475 504 5542 καῖον,
553 5464 632 5522 ὅτι
687 5467 946 5542 παρθένος
1002 5471 1320 5546 ονομάζεται
1381 5473 1414 5539 ἡ
1478 5472 1730 5536 ἑκουσίως
1770 5473 1964 5541 ἑαυτὴν

322 5557 741 5634 προσαγαγοῦσα
771 5563 848 5630 τῷ
883 5559 1076 5637 Κυρίῳ,
1129 5561 1218 5618 καὶ
1266 5559 1643 5637 ἀποταξαμένη
1674 5569 1750 5637 τῷ
1777 5563 1960 5644 γάμῳ,

404 5727 468 5781 87
497 5725 522 5794 Ῑ
548 5730 704 5800 Tim.
737 5750 794 5813 ν,
827 5734 926 5817 Η,
965 5735 1058 5807 12,

2032 3336 2102 3378 ex
2125 3316 2553 3378 consecutione
2573 3316 2828 3378 inveniri
2854 3315 3355 3396 potest.Viduitas
3376 3316 3536 3377 enim
3563 3312 3678 3374 vir-

2029 3406 2268 3484 ginitati
2290 3406 2561 3470 inferior:
2587 3425 2727 3486 ergo
2750 3417 2814 3468 et
2843 3407 3159 3468 viduarum
3186 3406 3471 3468 delictum
3499 3403 3677 3480 longe

2035 3496 2233 3557 minus
2255 3514 2430 3576 quam
2457 3496 2774 3574 virginum.
2795 3493 3124 3557 Videamus
3145 3513 3288 3573 ergo
3312 3494 3452 3575 quid
3475 3493 3548 3554 ad
3569 3491 3676 3554 Ti-

2037 3587 2344 3648 motheum
2365 3604 2400 3646 a
2421 3586 2600 3647 Paulo
2624 3586 2910 3665 scriptum
2936 3587 3036 3646 sit:
3058 3583 3356 3647 Iuniores
3373 3589 3574 3644 autem
3589 3581 3680 3642 vi-

2036 3677 2192 3738 duas
2212 3677 2776 3753 devitaJ’ostquam
2800 3677 2960 3737 enim
2984 3675 3166 3736 lascz‘v
3177 3675 3375 3734 ierunt
3389 3674 3682 3732 adversus

2038 3765 2370 3837 Christum,
2396 3763 2625 3827 nubere
2653 3765 2892 3838 volunt,
2920 3763 3196 3826 habentes
3228 3759 3680 3824 condemnatio-

2036 3854 2629 3934 nem,quodprimam
2651 3855 2833 3933 ﬁdem
2857 3855 3114 3916 irritam
3137 3855 3422 3930 fecerunt
3444 3850 3528 3909 87.
3556 3851 3682 3913 Ita-

2038 3965 2155 4027 que
2175 3944 2225 4006 εἰ
2251 3943 2671 4023 viduajudicio
2694 3943 3019 4024 subjicitur
3055 3941 3432 4023 gravissimo,
3467 3949 3528 4002 ut
3552 3957 3685 4020 quas

2038 4035 2216 4098 ﬁdem
2245 4035 2304 4095 in
2320 4033 2616 4096 Christum
2640 4033 2868 4096 irritam
2891 4031 3271 4113 fecerit,quid
3290 4029 3462 4092 nobis
3478 4038 3686 4107 putan-

2039 4125 2178 4187 dum
2204 4126 2342 4185 575
2357 4125 2432 4185 de
2457 4125 2849 4203 virgine,quze
2872 4140 3092 4203 sponsa
3111 4119 3467 4193 estChristi,
3493 4128 3554 4180 et
3583 4135 3683 4179 sa-

2040 4233 2206 4278 crum
2230 4234 2330 4277 vas
2353 4214 2608 4277 Domino
2631 4212 3010 4275 dedicatum?
3036 4215 3310 4290 Magnum
3332 4209 3577 4289 quidem
3596 4214 3690 4271 est

2044 4315 2379 4388 peccatum,
2412 4306 2504 4368 vel
2549 4303 2827 4366 ancillam
2873 4302 3267 4364 clandestinis
3290 4296 3690 4361 matrimoniis

2042 4387 2174 4458 Sese
2199 4397 2464 4470 dantem,
2489 4403 2695 4475 stupro
2717 4393 2962 4456 domum
2989 4393 3268 4474 implere,
3299 4399 3359 4452 et
3385 4387 3691 4452 deteriore

2043 4488 2160 4546 vita
2184 4484 2461 4561 injuriam
2490 4482 2825 4562 possessori
2848 4483 3048 4545 facere
3074 4499 3089 4545 :
3131 4482 3308 4560 longe
3331 4488 3525 4541 autem
3549 4494 3690 4556 gra-

1983 4611 2024 4661 D
2043 4575 2176 4637 vius
2199 4584 2288 4635 est
2309 4593 2587 4654 sponsam
2613 4573 2745 4636 ﬁeri
2766 4573 3200 4661 adulteram,ac
3223 4588 3488 4661 suzecum
3510 4585 3692 4661 spon-

2044 4683 2110 4726 so
2131 4664 2543 4744 conjunctioni
2561 4663 2824 4725 dedecus
2847 4659 3496 4740 ferentem,impudicis
3517 4656 3688 4716 volu-

2047 4753 2310 4836 ptatibus
2332 4773 2398 4816 se
2416 4752 2939 4816 dedere.Proinde
2958 4751 3141 4812 vidua
3163 4749 3431 4829 quidem,
3459 4754 3536 4836 ut,
3551 4761 3690 4805 cor-

2042 4833 2222 4923 rupta
2245 4843 2491 4923 ancilla,
2515 4842 2960 4904 condemnatur
2989 4858 3006 4911 ;
3040 4839 3202 4915 virgo
3234 4855 3375 4899 vero
3403 4833 3694 4923 adulteras

2037 4922 2268 5014 judicio
2292 4931 2632 5013 subjicitur.
2668 4928 3182 5004 Quemadmodum
3209 4925 3387 5004 igitur
3417 4941 3553 4984 eum
3587 4922 3691 5003 qui

2047 5043 2182 5086 cum
2201 5023 2394 5084 aliena
2415 5032 2504 5083 est
2519 5019 3144 5100 muliere,adulterum
3162 5015 3689 5094 nominamus,non

2051 5116 2213 5193 prius
2233 5112 2618 5174 admittentes
2641 5111 2712 5172 ad
2737 5107 3252 5178 communionem,
3283 5123 3457 5185 quam
3485 5121 3518 5164 a
3541 5121 3690 5183 pec-

2049 5211 2178 5264 cato
2203 5201 2554 5274 cessaverit,
2590 5201 2670 5261 ita
2690 5198 2960 5277 profecto
2985 5209 3043 5257 et
3065 5196 3140 5256 de
3163 5213 3233 5257 eo
3259 5194 3360 5275 qui
3394 5193 3688 5271 virginem

2048 5291 2230 5355 habet
2251 5300 2605 5352 statuemus.
2642 5287 2794 5350 Illud
2819 5296 3017 5350 autem
3046 5303 3206 5346 nunc
3228 5283 3288 5345 in
3311 5291 3688 5345 antecessum

2047 5390 2312 5443 statuere
2338 5381 2509 5442 nobis
2531 5397 2782 5440 necesse
2800 5376 3214 5456 est,virginem
3241 5375 3602 5453 vocari,quaa
3625 5389 3689 5434 se

2047 5488 2154 5533 sua
2207 5479 2419 5552 sponte
2471 5469 2686 5532 obtulit
2737 5469 3014 5548 Domino,
3050 5485 3118 5528 ac
3161 5464 3435 5527 nuntium
3465 5461 3692 5543 nuptiis

2047 5561 2307 5640 remisit,
2386 5567 2445 5624 et
2526 5557 2937 5625 sanctimonia}
3019 5557 3360 5620 institutum
3417 5552 3691 5643 amplexa
