4134 6200
230 318 351 404 set

994 337 1418 406 SYNTAGMA
1480 338 1879 406 GANONUM.
1942 369 2020 384 -—
2078 337 2240 402 TIT.
2284 334 2393 414 XI,
2455 336 2622 402 CAP.
2688 328 2891 401 Χ-ΧῙ.

3482 326 3575 397 82

234 476 359 555 περὶ
402 480 511 533 τῶν
573 481 763 558 χηρῶν
820 496 881 532 τε
935 478 1029 533 καί
1087 474 1437 534 διακονισσῶν
1489 472 1879 554 παραδείγματι

1978 490 2223 553 Lampus,
2257 472 2530 552 analogia
2559 485 2617 536 et
2667 472 3057 555 proportione
3104 467 3327 545 habita,
3361 486 3466 534 eos
3498 472 3603 553 qui

234 564 834 643 κατακολοδθήσαντες,
891 566 967 629 εἰς
1025 568 1118 623 τὸν
1173 564 1455 644 εἰρημένον
1503 565 1702 645 χρόνον
1752 564 1881 620 ἁνα-

235 650 419 733 λόγως
476 657 600 722 τοὺς
656 655 748 712 τὸν
802 655 1013 732 μονήρη
1047 655 1161 731 βίον
1203 653 1486 730 ἑλομένους
1518 654 1882 731 περιεστήσα-

239 766 347 820 μεν
377 763 394 783 ’
427 746 484 803 ιν
512 747 615 825 γὰρ
647 752 722 821 τῷ
749 746 872 817 θείῳ
927 743 1247 819 Ἀποστόλφ
1305 744 1606 822 γέγραπται
1640 759 1654 775 ⁸
1717 742 1881 812 Ἐξή-

237 857 410 893 κοντα
491 835 627 893 ἑτῶν
703 836 803 904 τὴν
879 835 934 892 ἐν
989 840 1059 912 τῇ
1115 832 1415 905 Ἐκκλησία
1495 830 1884 908 καταλέγεσθαι

235 928 448 1007 χήραν.
481 929 541 984 Οἱ
570 925 626 982 δὲ
656 926 787 1005 ἱεροὶ
844 924 1068 988 κανόνες
1127 920 1185 999 μ’
1231 923 1364 980 ἑτῶν
1401 922 1500 990 τὴν
1543 920 1885 978 διακόνισσαν

239 1020 678 1097 χειροτονεῖσθαι
741 1012 1169 1093 παραδεδώκασι,
1226 1013 1328 1080 τὴν
1384 1011 1710 1078 Ἐκκλησίαν
1770 1010 1884 1090 χά-

238 1128 349 1184 ριτι
391 1106 503 1178 θείᾳ
532 1103 912 1184 κραταιοτέραν
942 1102 1259 1182 γινομένην,
1310 1102 1399 1159 καὶ
1447 1100 1539 1158 ἰπὶ
1592 1101 1660 1157 τὰ
1702 1101 1887 1179 πρόσω

239 1182 528 1273 βαίνουσαν
576 1182 901 1275 ἑωρακότες,
944 1194 1033 1250 καὶ
1076 1182 1138 1249 rb
1196 1199 1299 1250 τῶν
1357 1196 1562 1248 πιστῶν
1612 1191 1743 1268 πρὸς
1784 1190 1886 1256 τὴν

238 1291 355 1343 τῶν
381 1286 537 1343 θείων
577 1284 808 1343 ἔντολῶν
834 1285 1067 1363 τήρησιν
1098 1282 1299 1361 πάγιόν
1355 1302 1415 1338 τε
1454 1282 1542 1341 καὶ
1596 1277 1832 1359 ἀσφαλές
1867 1295 1882 1311 ⁸

241 1377 377 1453 ὅπερ
421 1377 510 1433 καὶ
551 1377 717 1451 ἡμεῖς
772 1372 960 1453 ἄριστα
1031 1370 1487 1447 κατανοῆσαντες,
1548 1369 1743 1448 ἀρτίως
1801 1367 1887 1426 δι-

239 1467 551 1546 ωρισάμεθα
582 1465 680 1533 τὴν
704 1462 951 1543 εὐλογίαν
980 1462 1075 1530 τῆς
1105 1462 1356 1542 χάριτος,
1388 1467 1466 1535 τῷ
1499 1458 1751 1536 μέλλοντι
1781 1480 1888 1516 των

238 1557 384 1614 κατὰ
441 1557 571 1613 Θεδν
606 1554 831 1633 ἀγώνων
888 1552 1235 1632 ἐνάρχεσθαι,
1296 1551 1478 1629 ὥσπερ
1531 1550 1654 1607 τινὰ
1713 1571 1888 1630 σφραο

239 1645 375 1725 γῖδα
428 1644 643 1725 ταχέως
698 1641 1180 1719 ὶνσημαινόμενοι,
1244 1640 1479 1697 ἒντεῦθεν
1537 1638 1696 1697 αὺτὸν
1754 1643 1887 1718 πρὸς

244 1737 308 1793 τὸ
346 1734 433 1792 ἐπὶ
476 1735 745 1809 μήκιστον
785 1733 866 1809 μὴ
923 1733 1107 1789 ὀκνεῖν
1153 1732 1241 1788 καὶ
1288 1728 1598 1787 ἀναδύεσθαι
1656 1726 1887 1805 προσϐι-

1971 567 2148 624 vitam
2183 563 2578 625 monasticam
2631 564 2969 644 elegerunt,
3005 561 3386 625 deduximus.
3416 563 3481 625 ln
3510 561 3606 624 di-

1965 652 2102 713 vino
2134 652 2294 714 enim
2327 653 2617 733 Apostolo
2649 655 2942 731 scriptum
2968 652 3133 714 est92
3161 652 3468 730 sexaginta
3495 669 3606 716 an-

1967 759 2178 803 norum
2212 742 2451 803 viduam
2485 741 2545 803 in
2579 740 2853 803 Ecclesia
2887 740 3220 820 eligendam
3258 758 3272 802 :
3309 741 3465 804 sacri
3494 760 3603 804 au-

1967 839 2085 894 tem
2112 850 2374 894 canones
2430 831 2823 913 quadraginta
2879 850 3171 894 annorum
3205 831 3608 894 diaconissam

1966 921 2073 983 ord
2105 921 2364 983 nandam
2400 939 2535 983 esse
2585 930 2945 996 statuerunt,
2979 941 3114 984 cum
3148 920 3252 984 Dei
3287 921 3607 984 ecclesiam

1965 1009 2072 1073 Dei
2104 1011 2288 1089 gratia
2343 1011 2745 1092 potentiorem
2778 1029 2846 1073 ac
2875 1010 3282 1073 robustiorem
3318 1012 3605 1081 evasisse,

1970 1108 2028 1162 et
2059 1101 2309 1163 ulterius
2370 1100 2702 1181 procedere
2753 1100 3064 1176 vidissent,
3112 1100 3502 1182 ﬁdeliumque
3532 1099 3607 1162 ad
3680 1120 3687 1127 ”

1968 1189 2307 1252 divinorum
2361 1190 2778 1253 mandatorum
2835 1191 3316 1254 observationem
3351 1191 3604 1252 ﬁrmita-

1968 1287 2087 1341 tem
2117 1297 2185 1342 ac
2216 1280 2618 1342 stabilitatem.
2661 1279 2831 1354 Quod
2861 1280 3104 1362 quidem
3146 1300 3280 1344 cum
3313 1299 3422 1342 nos
3451 1299 3604 1362 quo-

1970 1388 2085 1450 que
2116 1369 2341 1449 optime
2370 1369 2906 1451 intellexissemus,
2941 1371 3119 1433 modo
3149 1371 3464 1432 statuimus
3494 1369 3605 1433 be-

1970 1458 2374 1520 nedictionem
2419 1461 2627 1539 gratia;
2657 1459 2738 1531 ei,
2773 1459 2879 1538 qui
2917 1460 3241 1523 certamina
3272 1460 3606 1523 secundum

1970 1547 2160 1610 Deum
2192 1567 2586 1629 aggressurus
2618 1558 2730 1623 est,
2767 1550 2945 1612 veluti
2994 1551 3293 1631 quoddam
3323 1550 3610 1630 signacu-

1970 1638 2093 1700 lum
2126 1638 2415 1702 celeriter
2443 1639 2888 1722 imprimentes,
2922 1640 3064 1702 hinc
3092 1659 3228 1703 eum
3260 1640 3333 1702 ad
3367 1659 3486 1701 non
3504 1640 3608 1702 diu

1969 1729 2368 1791 cunctandum
2423 1738 2483 1792 et
2531 1728 3045 1809 tergiversandum
3101 1729 3481 1801 inducentes,
3512 1726 3611 1790 vel

243 1824 521 1899 ὗάζοντες,
554 1821 762 1900 μᾶλλον
794 1822 894 1899 μὲν
934 1820 1024 1879 οὖν
1074 1821 1163 1878 καὶ
1217 1822 1353 1898 πρὸς
1401 1819 1502 1887 τὴν
1543 1826 1637 1876 τοῦ
1688 1818 1884 1897 ἀγαθοῦ

1978 1818 2169 1897 potius
2200 1838 2328 1881 eam
2359 1820 2432 1882 ad
2465 1819 2609 1883 boni
2638 1819 2996 1884 electionem
3025 1826 3084 1881 et
3111 1817 3606 1884 constitutionem

244 1920 632 1995 παρορμῶντες
664 1912 897 1991 ἐκλογὴν
927 1912 1016 1969 καὶ
1046 1910 1401 1971 κατάστασιν,

325 2004 441 2081 με’.
492 2001 719 2071 Ἐπειδή
776 2002 1192 2079 μεμαθήκαμεν,
1266 1999 1321 2056 ἓν
1404 2020 1511 2056 τισι
1566 1998 1885 2078 γυναικείοις

246 2095 628 2172 μοναστηρίοις
656 2093 753 2156 τὰς
813 2090 1114 2165 μελλούσας
1149 2100 1243 2151 τοῦ
1296 2092 1440 2168 ἱεροῦ
1490 2088 1691 2147 ἐκείνου
1745 2110 1885 2146 κατ-

247 2183 518 2250 αξιοῦσθαι
571 2181 886 2263 σχήματος,
964 2181 1222 2259 πρότερον
1291 2192 1546 2255 σηρικαῖς
1603 2180 1692 2236 καὶ
1749 2200 1886 2236 παν-

244 2275 419 2338 τοίαις
477 2272 721 2347 στολαῖς,
797 2272 874 2330 ἔτι
946 2273 1057 2349 μὴν
1100 2273 1184 2328 καὶ
1246 2271 1495 2346 κοσμίοις
1550 2270 1740 2350 χρυσῷ
1798 2263 1887 2326 καὶ

245 2363 375 2437 λίθῳ
431 2361 870 2439 πεποικιλμένοις
928 2364 1030 2420 ὑπὸ
1087 2362 1192 2419 τῶν
1266 2363 1654 2439 προσαγόντων
1724 2359 1888 2422 αὐτὰς

247 2452 711 2532 περιστέλλεσθαι,
767 2453 856 2510 καὶ
906 2452 1046 2510 οὕτω
1100 2459 1178 2527 τῷ
1217 2451 1574 2528 θυσιαστηρίῳ
1627 2448 1887 2525 προσιού-

245 2565 371 2619 σας,
405 2541 799 2602 ἐκδιδύσκεσθαι
856 2544 957 2611 τὴν
1010 2543 1279 2611 τοσαύτην
1310 2547 1408 2610 τῆς
1438 2540 1569 2607 ὕλης
1602 2539 1885 2619 ἀμφίασιν,

245 2634 586 2715 παραχρῆμά
617 2655 676 2689 τε
719 2632 952 2710 γίνεσθαι
1009 2631 1094 2689 ἔπ’
1156 2634 1344 2697 αὒταῖς
1388 2631 1488 2698 τὴν
1518 2628 1611 2686 τοῦ
1654 2629 1884 2707 σχήμα-

240 2745 333 2785 τος
377 2721 645 2801 εὐλογίαν,
695 2721 783 2777 καὶ
831 2722 891 2777 τὸ
934 2719 1105 2797 μέλαν
1177 2721 1338 2786 αὐτὰς
1396 2716 1593 2793 ἔνδυμα
1646 2716 1881 2795 ἀμφιέν-

237 2815 448 2891 νυσθαι,
504 2812 746 2890 ὁρίζομεν
805 2810 944 2868 ὥστε
1004 2809 1203 2885 μηκέτι
1260 2808 1366 2867 ἀπὸ
1436 2819 1527 2867 τοῦ
1585 2814 1674 2865 νῦν
1723 2814 1878 2863 τοῦτο

235 2903 474 2981 γίνεσθαι
501 2917 514 2933 ’
553 2899 671 2961 οὗδὲ
700 2901 802 2981 γὰρ
832 2901 1019 2978 εὐαγὲς
1049 2900 1285 2980 ὑπάρχει
1330 2899 1429 2968 τὴν
1488 2896 1592 2967 ἤδη
1641 2895 1725 2955 διὰ
1783 2901 1881 2964 τῆς

236 2993 437 3057 οἰκείας
482 2992 847 3069 προαιρέσεως
907 2991 1246 3066 ἀποθεμένην
1299 2996 1475 3046 πᾶσαν
1505 2990 1603 3057 τὴν
1633 2991 1726 3045 τοῦ
1766 2988 1882 3065 βίου

237 3079 489 3162 φροντίδα
543 3103 600 3138 τε
653 3083 742 3138 καὶ
783 3082 1142 3159 τερπνότητα,
1197 3082 1286 3138 καὶ
1340 3078 1728 3152 ἀσπασαμένην
1785 3079 1883 3145 τὴν

1969 1907 2315 1971 incitantes.

2049 1995 2453 2072 45.Quoniam
2480 1997 2972 2061 intelleximus”
2991 1997 3052 2060 in
3075 1996 3384 2060 nonnullis
3396 1996 3611 2061 mulie-

1968 2104 2103 2148 rum
2130 2088 2513 2150 monasteriis
2545 2088 2860 2163 mulieres,
2894 2106 3024 2169 qua:
3054 2106 3225 2149 sacro
3254 2086 3357 2148 illo
3384 2087 3611 2149 amictu

1969 2176 2637 2258 suntinduendaaprius
2656 2176 2869 2240 sericis
2884 2186 2944 2239 et
2964 2176 3163 2239 omnis
3182 2176 3422 2255 generis
3434 2176 3611 2238 vesti-

1969 2264 2402 2346 bus;praeterea
2415 2277 2612 2329 autem
2635 2278 2693 2329 et
2720 2266 2956 2329 mundis
2980 2286 3126 2328 auro
3149 2265 3476 2344 etgemmis
3500 2284 3607 2326 va-

1969 2355 2141 2417 riatis
2157 2355 2231 2418 ab
2257 2357 2332 2418 iis
2354 2359 2457 2436 qui
2482 2357 2615 2420 illas
2635 2357 2867 2419 ducunt
2888 2355 3188 2436 exornari,
3218 2364 3279 2418 et
3305 2355 3390 2417 sic
3412 2354 3487 2417 ad
3516 2354 3610 2416 al-

1973 2453 2102 2508 tare
2132 2447 2517 2521 accedentes,
2552 2448 2685 2509 exui
2720 2457 2879 2509 tanto
2918 2464 3096 2528 opum
3128 2453 3440 2526 apparatu,
3472 2444 3615 2506 576

1973 2543 2030 2597 et
2056 2536 2254 2598 statim
2290 2536 2348 2597 in
2382 2536 2499 2597 illis
2523 2536 2651 2597 ﬁeri
2671 2536 2911 2598 habitus
2934 2533 3613 2607 benedictionem,illas-

1967 2643 2085 2706 que
2109 2625 2278 2704 nigro
2303 2626 2521 2687 amictu
2543 2624 3065 2706 indui,statuimus
3088 2642 3162 2685 ne
3185 2623 3299 2685 hoc
3320 2622 3612 2703 deinceps

1964 2716 2304 2798 ﬁat.Neque
2329 2718 2488 2779 enim
2513 2718 2597 2779 fas
2622 2727 2734 2793 est,
2751 2727 2813 2779 ut
2831 2718 3100 2798 quaajam
3129 2714 3376 2796 propria
3392 2713 3611 2777 volun-

1964 2814 2085 2868 tate
2105 2826 2344 2868 omnem
2361 2808 2490 2872 vita;
2507 2807 2943 2888 jucunditatem
2959 2804 3452 2886 deposuit,eteam
3479 2822 3611 2883 quas

1963 2908 2057 2961 est
2079 2899 2410 2961 secundum
2426 2899 2613 2961 Deum
2638 2899 2773 2961 vitae
2793 2899 3043 2977 agendae
3061 2898 3354 2959 rationem
3379 2897 3605 2977 ample-

1963 3007 2037 3052 xa
2091 3000 2203 3062 est,
2265 2989 2576 3068 ﬁrmisque
2632 3008 2703 3051 ac
2752 2987 3073 3051 stabilibus
3104 2986 3442 3049 rationibus
3475 3004 3606 3047 eam

1966 3079 2367 3159 conﬁrmavit,
2405 3088 2464 3141 et
2491 3082 2572 3141 ita
2599 3079 2672 3141 ad
2706 3079 3135 3140 monasterium
3187 3075 3464 3151 accessit,
3501 3093 3610 3156 per

239 3172 383 3230 κατᾶ
434 3172 561 3228 Θεὸν
606 3170 910 3247 πολιτείαν,
968 3193 1054 3227 και
1113 3167 1488 3248 βεϐαιώσασαν
1539 3169 1741 3234 ταύτην
1782 3166 1883 3225 λο-

1978 3187 2130 3242 eum,
2164 3170 2267 3248 qui
2322 3169 2526 3229 interit
2571 3187 2641 3230 ac
2666 3168 2816 3241 ﬂuit,
2853 3166 3166 3248 mundum,
3201 3184 3454 3247 quorum
3479 3166 3605 3245 jam

241 3272 467 3339 γισμοῖς
497 3259 766 3338 ἆκλινέσι,
799 3259 894 3317 καί
943 3258 1084 3318 οὕτω
1142 3265 1219 3333 τῷ
1277 3266 1618 3338 μοναστηρίῳ
1662 3254 1886 3334 προσελ-

240 3354 459 3425 θοῦσαν,
521 3350 663 3413 αὖθις
717 3352 788 3412 εἷς
847 3351 1148 3426 ἀνάμνησιν
1204 3349 1290 3407 διὰ
1323 3357 1415 3408 τοῦ
1442 3349 1683 3405 τοιούτου
1713 3350 1883 3426 ιινθαρ⁴

245 3447 341 3498 τοῦ
368 3462 423 3497 τε
468 3440 556 3496 καὶ
608 3440 818 3519 ῥέοντος
870 3442 1074 3515 κόσμου
1123 3439 1323 3511 ἐλθεῖν,
1357 3441 1431 3495 ὧν
1461 3435 1561 3506 ἤδη
1593 3436 1889 3507 ἐποιήσατο

243 3529 420 3597 λήθην
453 3548 468 3563 '
505 3529 566 3586 ἐκ
606 3530 795 3588 τούτου
847 3551 902 3586 τε
963 3527 1254 3608 ἀμφίϐολον
1300 3532 1634 3594 καταστῆναι
1664 3527 1760 3584 καί
1789 3525 1884 3593 τὴν

245 3620 439 3700 ψυχὴν
496 3620 917 3700 ἐκταραχθῆναι,
976 3618 1129 3688 δίκην
1183 3619 1436 3695 κυμάτων
1467 3617 1883 3693 ἐπικλυζόντων,

243 3712 336 3767 καὶ
365 3709 491 3786 τῇδε
540 3710 764 3768 κάκεῖσε
823 3710 1285 3789 περιστρεφόντων
1318 3724 1333 3739 ⁸
1385 3708 1459 3775 ὥς
1490 3707 1631 3784 μήτε
1661 3706 1883 3786 δάκρυόν

245 3800 394 3857 ἔστιν
423 3799 510 3856 ὅτε
542 3799 732 3856 λοιπὸν
762 3800 1015 3881 ἀφιεῖσαν
1047 3800 1147 3870 τῂν
1202 3800 1256 3858 έν
1302 3806 1370 3877 τῇ
1426 3797 1611 3878 καρδίᾳ
1653 3796 1739 3855 διὰ
1794 3804 1887 3854 τοῦ

242 3890 499 3951 σώματος
542 3888 825 3955 κατάνυξιν
854 3889 1208 3956 ἐπιδείξασθαι
1245 3907 1258 3921 ⁶
1294 3888 1416 3947 ἀλλ’
1463 3891 1506 3948 εἷ
1558 3890 1650 3946 καί
1708 3885 1888 3967 βραχύ

234 4001 313 4052 τι,
350 3980 424 4042 ὡς
456 3980 622 4059 εἰκὸς,
658 3977 983 4049 ἐκπηδήσειε
1032 3979 1278 4059 δάκρυον,
1326 3981 1405 4055 μὴ
1437 3977 1642 4055 μᾶλλον
1670 3981 1769 4046 τῆς
1801 3974 1887 4033 διὰ

1969 3257 2154 3319 oblita
2182 3266 2310 3320 erat
2366 3259 2717 3319 memoriam
2750 3265 2996 3319 revocet
3024 3278 3040 3327 ;
3089 3264 3151 3318 et
3180 3274 3251 3317 ex
3283 3274 3355 3318 eo
3384 3272 3609 3336 anceps

1967 3346 2343 3418 reddatur,et
2373 3346 2504 3426 ejus
2547 3347 2750 3409 anima
2786 3346 3169 3425 perturbetur
3198 3350 3389 3407 instar
3419 3363 3609 3406 exun-

1968 3436 2233 3497 dantium
2265 3437 2579 3510 ﬂuctuum,
2614 3437 2852 3516 hucque
2885 3445 2944 3499 et
2968 3435 3109 3498 illuc
3134 3434 3521 3516 versantium:
3548 3441 3611 3494 ut

1969 3544 2081 3587 nec
2111 3543 2540 3607 nonnunquam
2574 3514 2893 3607 lacrymam
2928 3514 3239 3596 emittens,
3270 3522 3473 3583 cordis
3504 3539 3613 3603 per

1968 3633 2187 3695 corpus
2210 3616 2734 3693 compunrtionem
2762 3614 3061 3689 ostendat;
3088 3612 3191 3674 sed
3213 3619 3270 3672 et
3308 3616 3356 3671 si
3392 3612 3611 3691 exigua

1968 3706 2266 3785 aliqua,ut
2287 3714 2375 3766 est
2392 3704 3152 3784 consentaneumJacryma
3166 3700 3612 3781 exsilierit,non

1972 3794 2160 3872 magis
2219 3809 2467 3875 propter
2518 3793 3008 3856 exercitaturium
3063 3800 3396 3867 certamen,
3430 3809 3610 3871 quam

1970 3895 2288 3965 propterea
2311 3885 2465 3965 quod
2496 3884 2782 3946 mundum
2818 3894 2880 3945 et
2911 3882 3213 3945 mundana
3242 3881 3606 3963 relinquant,

1970 3991 2041 4040 ea
2071 3992 2103 4034 ο
2127 3972 2471 4036 videntibus
2504 3973 2855 4055 proﬂuxisse
2888 3982 3156 4055 putetur.

236 4069 331 4127 τὸν
390 4068 692 4137 ἀσκητικὸν
723 4068 905 4146 ἀγῶνα
948 4066 1231 4136 διαθέσεως
1262 4070 1448 4151 χάριν,
1481 4068 1518 4137 ἦ
1571 4066 1657 4125 διὰ
1687 4068 1748 4124 τὸ
1804 4066 1894 4122 τὸν
1951 4065 2156 4142 κόσμον
2201 4067 2287 4123 καί
2344 4067 2411 4122 τὰ
2454 4065 2509 4122 ἐν
2550 4068 2628 4140 τῷ
2687 4066 2877 4141 κόσμῳ
2913 4062 3259 4137 καταλιπεῖν,
3292 4062 3436 4141 παρὰ
3492 4072 3613 4124 τοῖς

237 4162 404 4237 ὁρῶσι
435 4165 591 4216 τοῦτο
634 4157 891 4238 προελθὸν
922 4158 1264 4236 λογισθῆναι.

750 4248 1032 4307 Βασιλείου
1063 4251 1240 4307 κανὼν
1272 4249 1374 4319 ιη’,

326 4338 427 4409 ιη’.
464 4342 589 4419 Περὶ
619 4348 723 4400 τῶν
756 4344 1099 4402 ἑκπεσουσῶν
1127 4344 1425 4423 παρθένων,
1451 4365 1507 4406 κ.
1540 4365 1592 4406 τ.
1625 4341 1680 4400 λ.

332 4437 584 4491 ΚΕΦΑΛ.
648 4435 843 4499 Ιᾼ⁹--
903 4436 1029 4514 Περὶ
1084 4439 1342 4514 μοναχῶν
1388 4432 1684 4513 γινομένων
1740 4431 1885 4501 κλη-

243 4526 434 4600 ρικῶν,
467 4520 503 4590 ἢ
546 4519 753 4581 λα’ίκῶν
785 4522 1183 4599 ἀξιωματικῶν,
1219 4527 1255 4595 ἥ
1287 4522 1744 4601 στρατευομένων.

653 4705 882 4765 Συνὸδου
914 4707 1136 4773 Νικαίας
1166 4709 1343 4765 κανὼν
1378 4705 1474 4783 ιβ’.

328 4799 428 4879 ιβ’.
459 4803 520 4859 Οἱ
577 4798 632 4857 δὲ
689 4799 1117 4881 προσκληθέντες
1179 4802 1281 4877 μὲν
1337 4801 1438 4858 ὑπὸ
1486 4805 1586 4867 τῆς
1636 4798 1882 4879 χάριτος,

245 4915 299 4951 κ.
334 4914 388 4951 τ.
422 4890 478 4952 λ.

605 4982 837 5041 Συνόδου
867 4981 1210 5050 Χαλκηδόνος
1243 4985 1415 5040 κανὼν
1448 4981 1518 5053 ζ’.

324 5077 399 5148 ζ’.
432 5077 563 5141 Τοὺς
593 5075 732 5144 ἅπαξ
763 5077 818 5134 ἐν
850 5076 1034 5156 κλήρῳ
1063 5076 1443 5157 τεταγμένους,
1479 5097 1533 5137 κ.
1570 5098 1622 5138 τ.
1656 5074 1710 5138 λ,

242 5256 508 5338 Κυρίλλου
538 5257 599 5315 ἐκ
626 5257 722 5326 τῆς
752 5260 883 5335 πρὸς
932 5259 1051 5323 τοὺς
1103 5256 1301 5327 Λιϐύης
1353 5257 1449 5315 καὶ
1502 5255 1885 5321 Πενταπὸλεως

725 5347 1052 5413 ἐπισκόποδς
1084 5348 1398 5417 ἐπιστολῆς.

322 5442 538 5523 ’Έτεροι
598 5442 655 5500 δέ
710 5466 853 5509 τινες
909 5443 963 5511 ἒξ
1021 5444 1194 5502 αὖτῶν
1240 5450 1347 5502 τῶν
1381 5444 1779 5522 μοναστηρίων,
1812 5444 1887 5507 ὡς

240 5532 466 5591 ἄτακτοι
510 5532 937 5614 ἑκϐαλλομενοι,,
983 5535 1145 5592 πάλιν
1187 5534 1547 5616 ὑποτρέχουσι
1604 5533 1697 5599 τὰς
1756 5552 1885 5615 χει-

322 5677 438 5747 9'1
470 5677 629 5746 Tim.
658 5696 721 5757 ν,
752 5680 812 5741 9.
897 5678 963 5732 93
989 5678 1170 5748 Basil.
1204 5695 1342 5744 can.
1371 5680 1475 5744 60.

2494 4241 2714 4305 Basilii
2742 4260 2939 4306 canon
2977 4241 3074 4308 t8.

2052 4335 2147 4399 18.
2186 4335 2270 4398 De
2297 4334 2629 4415 virginibus
2662 4335 2866 4417 lapsis,
2903 4346 3050 4409 etc.,
3084 4340 3151 4397 ut
3180 4352 3325 4417 pag.
3359 4334 3500 4397 858.

2051 4425 2215 4489 CAP.
2247 4425 2345 4488 Χῐ.
2380 4461 2457 4472 -
2493 4426 2580 4487 De
2635 4425 2948 4489 monachis
3002 4425 3089 4488 ad
3115 4424 3460 4487 clericalem
3489 4428 3617 4486 sla-

1971 4524 2099 4579 tum
2130 4515 2611 4597 transeuntibus,
2645 4516 2740 4578 vel
2770 4516 2848 4578 ad
2902 4514 3094 4578 laicas
3124 4516 3482 4597 dignitates,
3516 4517 3619 4577 vel

1969 4607 2052 4670 ad
2082 4607 2393 4670 militiam.

2342 4699 2611 4763 Consilii
2641 4699 2879 4762 Nicwni
2905 4717 3105 4763 canon
3140 4704 3243 4761 1‘2.

2051 4795 2151 4857 12.
2185 4795 2292 4870 Qui
2324 4802 2522 4857 autem
2547 4812 2580 4856 a
2608 4791 2801 4874 gratia
2830 4790 3073 4870 quidem
3104 4791 3354 4872 evocati,
3391 4798 3487 4853 etc
3524 4797 3616 4865 ,ιιι

1965 4902 2116 4968 pag.
2151 4885 2285 4949 73l.

2222 4979 2489 5043 Consilii
2520 4977 3039 5058 Cttalcedonensis
3059 4992 3261 5039 canon
3290 4978 3353 5036 ’7.

2054 5074 2111 5139 ’1.
2142 5073 2256 5136 Eos
2291 5074 2391 5155 qui
2437 5072 2498 5135 in
2543 5074 2706 5135 clero
2760 5069 2951 5137 semul
2982 5068 3243 5132 ordinati
3269 5076 3429 5146 sunt,
3461 5075 3605 5147 etc.,

1969 5173 2034 5227 ut
2062 5182 2207 5245 pag.
2246 5164 2381 5225 751.

1968 5260 2105 5321 377
2143 5255 2368 5338 Cyrilli
2396 5274 2470 5318 ex
2500 5254 2751 5337 epistola
2780 5253 2862 5318 ad
2891 5258 3198 5336 episcopos
3229 5254 3334 5335 qui
3364 5258 3507 5317 sunt
3544 5254 3607 5316 in

2463 5345 2649 5424 Libya
2683 5352 2738 5409 et
2770 5343 3116 5426 Pentapoli.

2047 5439 2464 5521 Aliquiautem
2489 5438 2590 5500 alii
2622 5457 2693 5501 ex
2726 5438 2871 5517 ipsis
2904 5436 3377 5510 monasteriis,ut
3400 5441 3614 5500 immo-

1968 5530 2118 5595 desti
2176 5528 2629 5612 insolentesque
2687 5528 2886 5613 ejecti,
2930 5544 3138 5591 rursus
3197 5526 3610 5591 ordinationes

4103 4222 4105 4339 ψ
