4134 6200
263 255 266 257 ’
305 235 428 310 865

1141 235 1562 314 SYNTAGMA
1606 238 2002 315 CANONUM.
2067 285 2135 296 —
2191 238 2350 344 ἸῙΙΤ.
2397 235 2536 333 XII,
2583 249 2748 317 CAP.
2803 253 2854 316 1.

3227 460 3606 474 μή

1671 612 2074 699 ΤΙΤΛΟΣ
2146 593 2315 707 ΙΒ’.

1221 795 1371 847 ΠΕΡΙ
1420 799 1806 864 ΑιρΕΤιΚΩΝ,
1857 799 2200 873 ΙΟΥΔΑΙΩΝ,
2254 801 2362 851 ΚΑΙ
2409 797 2761 851 ΕΛΛΗΝΩΝ.

1935 958 2026 973 θ’*

1611 1087 2086 1174 TITULUS
2171 1088 2360 1174 XII.

1341 1235 1440 1300 DE
1485 1234 1902 1300 HERETICIS
1945 1236 2203 1314 ATQUE
2246 1236 2618 1304 ETHNICIS.

385 1366 637 1423 ΚΕΦΑΛ.
675 1360 758 1424 Α’.
790 1394 870 1408 --
899 1363 961 1421 Τί
1014 1363 1160 1422 ἑστιν
1220 1363 1426 1442 αἵρεσις
1485 1367 1573 1421 καὶ
1618 1364 1669 1422 τί
1699 1366 1936 1446 σχίσμα,

2101 1366 2372 1433 CAPUT.
2409 1402 2481 1414 —-
2516 1365 2688 1443 Quid
2746 1370 2828 1430 sit
2885 1367 3150 1440 haeresis,
3201 1367 3347 1447 quid
3377 1369 3662 1447 schisma,

293 1453 389 1509 καὶ
420 1450 470 1508 τί
499 1455 933 1532 παρασυναγωγή
946 1503 960 1517 ,

820 1542 1103 1601 Βασιλείιυ
1130 1546 1305 1602 κανὼν
1338 1545 1414 1604 α’.

377 1630 458 1692 α’.
493 1633 565 1689 Τὸ
596 1630 693 1705 μὲν
743 1631 833 1688 οὖν
883 1634 1002 1710 περὶ
1057 1634 1180 1697 τοὺς
1245 1635 1516 1712 Καθαροὺς
1564 1633 1808 1712 ζήτημα,
1854 1634 1942 1691 καὶ

2023 1457 2174 1538 quid
2203 1458 2568 1545 inegit-imus
2599 1456 2981 1521 conventus?

2573 1546 2789 1610 Basilii
2818 1565 3012 1610 canon
3051 1547 3104 1610 1.

2105 1638 2165 1699 1.
2203 1637 2377 1712 Quod
2412 1636 2598 1717 igitur
2639 1636 2712 1698 ad
2764 1637 3056 1699 Catharos
3091 1636 3373 1715 pertinet,
3409 1643 3468 1698 et
3498 1638 3666 1718 prius

290 1720 510 1798 εἴρηται
565 1723 847 1800 πρότερον,
879 1724 970 1779 καὶ
1022 1725 1204 1788 καλῶς
1253 1723 1742 1798 ἇπεμντδμόνευσας
1779 1739 1792 1753 ⁹
1858 1721 1940 1778 ὅτι

2023 1725 2248 1788 dictum
2282 1734 2395 1801 est,
2442 1735 2500 1788 et
2552 1734 2714 1788 recte
2770 1724 3139 1788 admonuisti
3190 1723 3664 1807 uniuscujusque

290 1807 379 1866 δεῖ
402 1816 480 1880 τῷ
509 1807 613 1866 ἔθει
646 1812 754 1866 τῶν
784 1811 903 1869 καθ’
940 1812 1178 1879 ἑκάστην
1231 1812 1418 1890 χώραν
1473 1812 1715 1884 ἕπεσθαι,
1751 1810 1835 1867 διὰ
1878 1813 1939 1868 τὸ

2019 1816 2285 1896 regionis
2309 1834 2536 1877 morem
2561 1814 2733 1896 sequi
2757 1827 3046 1895 oportere
3072 1834 3086 1878 :
3112 1814 3272 1892 quod
3300 1813 3362 1888 ii,
3397 1814 3500 1891 qui
3525 1824 3666 1878 tunc

289 1897 558 1977 διαφόρως
617 1897 906 1980 ἐνεχθῆναι
976 1904 1094 1974 περὶ
1147 1901 1239 1957 τοῦ
1291 1902 1664 1978 βαπτίσματος
1736 1902 1933 1982 αὐτῶν,

2019 1905 2096 1968 de
2113 1905 2233 1967 illis
2255 1905 2691 1980 statuerunt,in
2713 1906 2905 1967 varias
2927 1905 3003 1968 de
3020 1913 3282 1984 ipsorum
3302 1904 3665 1978 baptismate

287 1989 416 2051 τοὺς
480 1988 594 2045 τότε
637 2011 758 2063 περι
816 1991 1022 2048 τούτων
1071 1988 1424 2054 διαλαϐόντας
1463 2009 1474 2021 ⁸
1513 1992 1572 2047 τὸ
1603 1989 1658 2046 δὲ
1690 1991 1794 2046 τῶν
1829 1997 1936 2046 Πε-

2015 1996 2348 2058 sententias
2373 1993 2656 2056 abierint.
2682 1997 3134 2073 Pepuzenorum
3151 2003 3350 2055 autem
3369 1992 3666 2072 baptisma

285 2085 568 2148 πουζηνῶν
625 2077 808 2136 οὐδένα
865 2079 1027 2158 λόγον
1086 2079 1236 2160 ἔχειν
1280 2079 1430 2138 δοκεῖ
1469 2096 1480 2110 ⁸
1519 2081 1608 2136 καὶ
1659 2082 1934 2154 ἐθαύμασα

2018 2084 2242 2146 nullam
2275 2083 2419 2146 mihi
2455 2082 2679 2146 habere
2709 2083 3000 2145 rationem
3033 2081 3294 2156 videtur,
3328 2090 3386 2143 et
3418 2082 3664 2145 miratus

283 2173 402 2229 πῶς
435 2171 714 2226 κανονικὸν
743 2167 870 2226 ὄντα
925 2171 1018 2226 τὸν
1065 2170 1343 2228 Διονύσιον
1400 2167 1670 2246 παρῆλθεν
1706 2185 1718 2199 '
1755 2169 1935 2227 ἰχεϊνο

2016 2184 2149 2236 sum
2180 2171 2481 2254 quomodo
2508 2171 2619 2234 hoc
2641 2169 3332 2252 Dionysium,hominem
3364 2189 3662 2233 canonum

280 2257 386 2334 γὰρ
414 2255 626 2328 ἔκριναν
667 2260 716 2314 οἱ
752 2258 970 2318 παλαιοὶ
1029 2258 1281 2340 δέχεσθαι
1329 2259 1636 2336 βάπτισμα,
1672 2261 1730 2315 τὸ
1763 2259 1932 2334 μηδὲν

282 2351 388 2413 τῆς
444 2351 676 2411 πίστεως
734 2347 1098 2420 παρεκϐατνον
1133 2366 1146 2380 ³
1225 2348 1344 2406 ὅθεν
1402 2349 1468 2406 τὰ
1520 2348 1646 2428 μὲν,
1704 2347 1930 2427 αἱρέσεις

281 2436 573 2512 ὠνομασαν
606 2453 622 2468 ⁸
657 2439 726 2495 τὰ
754 2439 834 2519 δὲ,
891 2441 1169 2519 σγίσματα
1203 2457 1218 2472 ⁸
1279 2439 1345 2496 τὰ
1399 2437 1479 2519 δὲ,
1537 2460 1929 2518 παρασυναγω-

280 2527 386 2604 γάς
420 2543 436 2558 ⁸
493 2529 719 2607 αἱρέσεις
777 2529 900 2604 μὲν,
957 2529 1077 2592 τοὺς
1125 2528 1408 2592 παντελῶς
1467 2526 1925 2606 ἆπεῤῥηγμένους,

2016 2259 2803 2343 peritum,fugcrit.Antiqui
2833 2268 2994 2322 enim
3027 2259 3173 2321 illud
3208 2258 3508 2340 baptisma
3536 2279 3661 2323 sus-

2011 2351 2358 2432 cipiendum
2423 2360 2730 2432 putavere,
2790 2349 2948 2432 quod
2984 2350 3132 2411 nihil
3168 2367 3201 2410 a
3233 2348 3353 2411 ﬁde
3385 2350 3654 2432 recedit;

2011 2441 2173 2502 unde
2202 2441 2351 2502 alias
2381 2439 2625 2521 quidem
2661 2439 2954 2511 haereses,
2988 2438 3103 2500 alia
3131 2438 3478 2515 schismata,
3511 2440 3659 2503 alias

2011 2548 2481 2611 parasynagogas
2501 2528 2909 2612 appellarunt.
2935 2525 3208 2590 Hiereses
3239 2527 3482 2609 quidem
3516 2530 3659 2590 580

279 2617 371 2674 καὶ
400 2616 520 2674 κατ’
553 2617 720 2686 αὖτὴν
763 2621 864 2685 τὴν
915 2619 1092 2675 πίστιν
1135 2616 1683 2695 ἀπηλλοτριωμένους
1717 2634 1732 2649 ⁶
1794 2618 1926 2697 σχί-

2012 2620 2247 2700 eos,qui
2273 2619 2512 2696 penitus
2534 2618 2756 2680 resecti
2781 2626 3009 2683 sunt.et
3029 2616 3089 2678 in
3113 2616 3242 2697 ipsa
3275 2618 3395 2680 ﬁde
3424 2619 3653 2681 abalie-

274 2725 462 2780 σματα
489 2704 568 2781 δὲ,
601 2708 724 2770 τοὺς
773 2704 844 2764 δι’
892 2708 1062 2773 αἰτίας
1122 2709 1273 2772 τινὰς
1327 2705 1781 2774 ἑκκλησιαστικὰς
1839 2709 1929 2764 καὶ

274 2797 566 2870 ζητήματα
595 2798 811 2872 ἰάσιμα,
873 2798 1004 2873 πρὸς
1055 2795 1325 2866 ἀλλήλους
1357 2793 1730 2876 διενεχθέντας
1770 2816 1784 2831 °
1817 2818 1926 2853 πα·-

275 2886 666 2965 ρασυναγωγάς
724 2885 803 2959 δὲ,
859 2887 954 2951 τάς
1008 2885 1246 2953 συνάξεις
1289 2887 1355 2944 τά
1386 2887 1529 2963 παρά
1557 2891 1666 2941 τῶν
1722 2885 1929 2946 ἀνυπο-

277 2983 491 3034 uixth
533 2973 905 3055 πρεσϐυτέρων
949 2975 985 3044 ἢ
1037 2974 1370 3046 ἐπισκόπων,
1419 2975 1564 3055 παρὰ
1603 2982 1710 3032 τῶν
1754 2976 1921 3033 ἅπαι-

274 3065 476 3123 δεύτων
518 3064 665 3122 λαῶν
707 3066 1023 3145 γινομένας,
1071 3065 1191 3123 οἷον
1226 3082 1240 3096 ·
1304 3063 1360 3122 εἴ
1417 3087 1498 3129 τις
1549 3063 1603 3122 ἐν
1630 3070 1923 3140 πταίσματι

271 3155 609 3233 ἰξετασθεὶς,
657 3154 934 3236 ἓπεσχέθη
999 3155 1096 3223 τῆς
1139 3153 1496 3232 λειτουργίας,
1541 3156 1628 3211 καὶ
1683 3154 1763 3229 μὴ
1819 3156 1925 3211 ὑπ-

275 3246 445 3320 έκυψε
487 3257 607 3307 τοῖς
652 3245 895 3319 κανόσιν,
929 3243 1049 3301 ἀλλ’
1095 3245 1268 3318 ἑαυτῷ
1315 3242 1585 3311 ἐξεδίκησε
1628 3246 1726 3310 τὴν
1757 3263 1924 3318 προτη

273 3332 450 3414 δρίαν,
508 3336 596 3391 καὶ
655 3337 756 3402 τὴν
813 3333 1170 3413 λειτουργίαν,
1230 3335 1318 3390 καὶ
1375 3332 1713 3402 συναπῆλθον
1756 3337 1927 3409 τούτῳ

268 3423 444 3503 τινὲς,
504 3423 897 3487 καταλιπόντες
942 3423 1042 3491 τὴν
1071 3421 1366 3491 καθολικὴν
1395 3420 1750 3496 Ἐκκλησίαν,
1808 3445 1920 3481 πα-

272 3514 638 3594 ρασυιαγουγὴ
695 3515 758 3570 τὸ
812 3516 1021 3570 “ceto-Sto
1055 3529 1071 3545 '
1123 3514 1332 3592 σχίσμα
1386 3510 1466 3586 δὲ,
1524 3513 1586 3568 τὸ
1644 3513 1763 3591 περὶ
1821 3517 1920 3581 τῆς

271 3603 564 3679 μετανοίας
609 3599 874 3682 διαφόρως
932 3601 1082 3682 ἔχειν
1137 3604 1272 3680 πρὸς
1321 3603 1445 3664 τοὺς
1488 3601 1594 3658 ἀπὸ
1631 3603 1727 3669 τῆς
1785 3601 1919 3660 Ἐκ·-

269 3690 501 3759 κλησίας
535 3711 552 3729 ο
613 3691 821 3771 α’ίρεσις
882 3689 962 3771 δὲ,
1023 3691 1146 3748 οἷον
1203 3692 1237 3760 ἡ
1297 3695 1403 3745 τῶν
1473 3692 1788 3770 Μανιχαίων
1834 3692 1922 3748 καὶ

271 3781 640 3840 Οὗαλεντίνων
684 3781 775 3836 καὶ
833 3785 1278 3856 Μαρκιωνιστῶν,
1350 3781 1439 3835 καὶ
1491 3781 1666 3837 αὐτῶν
1722 3781 1922 3836 τούτων

267 3869 382 3928 τῶν
426 3869 782 3939 Πεπουζηνῶν
821 3887 834 3901 °
899 3869 1044 3934 εὐθὺς
1107 3868 1209 3945 γὰρ
1262 3869 1382 3944 περὶ
1453 3869 1619 3936 αὐτῆς
1685 3874 1786 3937 τῆς
1845 3871 1920 3934 εἰς

268 3960 408 4016 Θεὸν
435 3960 670 4021 πιστεώς
702 3957 844 4014 ἔστιν
885 3959 918 4026 ἡ
949 3955 1174 4038 διαφορά
1208 3972 1222 3986 ⁹
1263 3955 1405 4024 ἔδοξε
1464 3957 1639 4014 τοίνυν
1688 3972 1809 4023 τοῖς
1867 3957 1976 4055 ἐξα

267 4049 480 4128 ἀρχῆς,
511 4049 571 4104 τὸ
611 4047 710 4123 μὲν
752 4050 858 4104 τῶν
905 4033 1208 4124 «taminia»,
1267 4044 1546 4111 παντελῶς
1601 4045 1861 4115 ἂθετησαι
1897 4033 1978 4084 ὐ

267 4138 333 4194 τὸ
377 4134 430 4192 δὲ
474 4136 583 4193 τῶν
626 4135 1073 4216 ἆποσχισάντων,
1117 4138 1190 4200 ὡς
1239 4135 1318 4193 ἔτι
1355 4135 1416 4193 ἐκ
1458 4141 1558 4202 τῆς
1589 4135 1918 4205 Ἐκκλησίας

264 4227 461 4306 ὄντων,
505 4223 893 4305 παραδέξασθαι
927 4244 942 4260 ο
977 4225 1099 4289 τοὺς
1136 4225 1189 4281 δὲ
1237 4224 1291 4281 ἒν
1334 4237 1457 4288 ταῖς
1518 4247 1916 4304 παρασυναγω-

266 4328 397 4392 γαϊς
429 4316 684 4390 μετανοίᾳ
714 4313 980 4392 ἀξιολόγῳ
1024 4317 1111 4371 καὶ
1168 4314 1466 4394 ἰπιστροφῇ
1504 4313 1914 4394 βελτιωθέντας,

268 4404 626 4463 συνάπτεσθαι
684 4401 846 4461 πάλιν
892 4407 963 4482 τῇ
1016 4402 1317 4476 Ἐκκλησία
1350 4419 1366 4434 ⁸
1427 4403 1565 4461 ὥστε
1624 4403 1912 4486 πολλάκις,

267 4495 356 4550 καὶ
412 4495 540 4557 τοὺς
599 4494 653 4550 ἒν
713 4493 903 4571 βαθμῷ
962 4492 1392 4556 συναπελθόντας
1452 4506 1574 4555 τοῖς
1638 4495 1911 4555 ἀνυποτά-

263 4605 441 4658 κτοις,
473 4581 688 4640 ὶπειδὰν
720 4581 1194 4660 μεταμεληθῶσιν,
1230 4584 1304 4647 εἷς
1359 4582 1458 4650 τὴν
1502 4583 1674 4640 αὐτῶν
1732 4607 1911 4662 παρα-

263 4669 520 4752 δέχεσθαι
551 4672 722 4738 τάξιν.

346 4762 408 4820 Οἱ
450 4762 624 4819 τοίνυν
697 4763 1029 4834 Πεποδζηνοὶ
1091 4759 1372 4841 προδήλως
1433 4763 1562 4819 εἰσὶν
1607 4762 1862 4836 αἱρετικοί
1893 4779 1906 4794 ⁸

264 4855 338 4918 εἷς
369 4851 470 4930 γάρ
499 4853 561 4907 τὸ
617 4857 834 4929 Πνεῦμα
891 4853 954 4908 τὸ
1009 4851 1161 4929 ἅγιον
1219 4848 1623 4929 ἐϐλασφήμουν,
1657 4858 1915 4927 Μοντανῷ

265 4948 361 4999 καί
435 4941 734 5020 Πρισκίλλῃ
803 4941 903 5008 τὴν
973 4939 1065 4998 τοῦ
1135 4939 1491 5020 Παρακλήτου
1551 4941 1914 5021 προσηγορίαν

265 5031 531 5106 ἁθιμίτως
563 5032 651 5088 καὶ
702 5031 1077 5110 ἀναισχύντως
1131 5030 1558 5109 ἐπιφημίσαντες
1591 5045 1604 5060 ⁶
1652 5029 1766 5087 εἴτε
1825 5033 1914 5088 οὖν

263 5123 336 5188 ὡς
380 5119 690 5193 ἀνθρώπους
747 5125 1118 5185 θεοποιοῦντες
1162 5121 1495 5200 κατάκριτοι,
1559 5121 1673 5178 εἴτε
1732 5124 1804 5188 ὡς
1854 5124 1913 5180 τὸ

267 5218 484 5286 Πνεῦμα
562 5220 624 5268 τὸ
713 5209 866 5290 ἅγιον
933 5217 1001 5288 τῇ
1063 5213 1196 5290 πρὸς
1278 5211 1586 5288 ἀνθρώπους
1645 5215 1911 5290 συγκρίσει

261 5298 661 5379 καθυϐρίζοντις
699 5317 715 5335 ⁶
760 5301 856 5357 καί
891 5300 1030 5359 οὕτω
1081 5301 1150 5379 τῇ
1197 5302 1380 5374 αἰωνίᾳ
1433 5301 1694 5375 καταδίκῃ
1743 5304 1907 5360 Inrati-

2013 2709 2175 2785 uati;
2206 2709 2533 2770 schismata
2563 2725 2726 2780 vero,
2760 2725 2888 2775 eos,
2912 2706 3018 2785 qui
3045 2717 3288 2787 prapter
3321 2707 3651 2770 ecclesias-

2009 2798 2165 2860 ticas
2196 2798 2484 2878 quasdam
2520 2816 2734 2859 causas
2758 2806 2815 2858 et
2846 2796 3214 2877 quaestiones
3245 2796 3402 2857 inter
3435 2807 3654 2859 utram-

2011 2905 2127 2968 que
2158 2897 2387 2968 partem
2421 2906 2538 2948 non
2562 2885 2937 2949 insanabiles
2969 2885 3306 2968 dissident;
3343 2904 3656 2966 parasyna-

2005 2994 2190 3056 εοεαε
2219 2975 2848 3050 autem,conventibus
2874 2974 3010 3036 illos
3033 2974 3132 3056 qui
3155 2974 3229 3036 ab
3251 2975 3654 3054 immorigeris

2007 3065 2377 3147 presbyteris
2407 3075 2508 3127 aut
2551 3063 2855 3146 episcopis
2888 3072 2946 3125 et
2986 3082 3020 3124 a
3053 3063 3285 3144 populis
3315 3063 3652 3146 disciplinae

2007 3156 2354 3236 expertibus
2385 3156 2558 3229 ﬁunt,
2593 3155 2778 3230 velut,
2813 3153 2863 3215 si
2915 3154 3049 3235 quis
3081 3153 3141 3215 in
3173 3152 3395 3216 delicto
3428 3155 3649 3236 depre-

2006 3245 2257 3315 hensus,
2293 3263 2324 3305 a
2359 3245 2690 3307 ministerio
2717 3254 3015 3313 arceatur,
3067 3262 3180 3307 nec
3219 3262 3285 3307 se
3319 3244 3652 3309 canonibus

2005 3331 2338 3408 submittat,
2371 3332 2480 3395 sed
2539 3332 2656 3394 sibi
2720 3331 3124 3412 principatum
3158 3343 3216 3394 et
3249 3334 3649 3398 ministerium

2004 3421 2364 3495 vindicet,ac
2400 3421 2672 3482 nonnulli
2699 3439 2815 3483 una
2843 3440 2980 3483 cum
3008 3422 3325 3496 eo,t'elicta
3356 3423 3653 3487 catholica

2001 3509 2293 3586 Ecclesia,
2328 3511 2686 3583 discedant;
2750 3511 2862 3571 hoc
2915 3510 3137 3571 dicitur
3185 3528 3648 3590 parasynagoga.

2003 3598 2280 3664 Schisma
2309 3609 2511 3663 autem
2543 3609 2656 3672 est,
2717 3599 2794 3661 de
2854 3598 3210 3680 paenitentia
3237 3599 3310 3662 ab
3341 3599 3416 3661 iis
3445 3602 3545 3682 qui
3578 3620 3650 3666 ex

2002 3689 2274 3753 Ecclesia
2301 3701 2463 3767 sunt,
2514 3689 2861 3751 dissentire.
2923 3686 3199 3750 Haereses
3229 3696 3452 3765 autem,
3488 3690 3648 3754 velut

2001 3779 2470 3843 Manichaeorum
2484 3777 3226 3853 ,etValer.tinianorum,et
3243 3777 3650 3844 Marcionista-

1999 3876 2224 3950 rum,et
2251 3869 2466 3930 horum
2488 3867 2758 3951 ipsorum
2775 3866 3165 3948 Pepuzenoru
3178 3886 3227 3928 m
3241 3886 3257 3944 ;
3273 3869 3466 3929 statim
3482 3868 3647 3932 enim

2002 3958 2076 4020 de
2101 3961 2226 4040 ipsa
2249 3960 2306 4020 in
2332 3957 2520 4021 Deum
2547 3959 2663 4021 ﬁde
2686 3957 2987 4020 dissensio
3006 3965 3117 4020 est.
3153 3955 3360 4020 Visum
3383 3968 3472 4020 est
3503 3977 3645 4039 ergo

2001 4049 2266 4126 antiquis
2290 4047 2710 4111 haereticorum
2737 4046 2980 4128 quidem
2998 4045 3649 4127 haptismapenitusre-

2002 4137 2214 4219 jicere;
2246 4136 2770 4200 schismaticorum
2809 4154 2974 4209 vero,
3009 4146 3070 4197 ut
3100 4136 3292 4199 adhuc
3324 4155 3394 4200 ex
3427 4135 3638 4200 Eccle-

1998 4226 2090 4290 sia
2120 4226 2930 4302 exsistentium,admittere;
2965 4243 3069 4287 eos
3100 4224 3338 4287 tandem
3375 4229 3472 4307 qui
3504 4236 3646 4290 sunt

1999 4315 2060 4378 in
2095 4315 2577 4398 parasynagogis,
2604 4315 2769 4396 justa
2793 4313 3145 4396 poenitentia
3175 4323 3233 4376 et
3262 4314 3648 4378 animadver-

1997 4406 2166 4468 sione
2222 4405 2578 4467 emendatos
2633 4422 2844 4466 rursus
2902 4403 3197 4468 Ecclesiae
3231 4405 3646 4485 conjungere;

1999 4494 2149 4558 adeo
2185 4503 2425 4574 utsaepe
2456 4502 2516 4556 et
2549 4494 2587 4556 ii
2618 4494 2719 4575 qui
2747 4494 2808 4556 in
2834 4494 3024 4574 gradu
3057 4493 3333 4556 collocati
3365 4513 3484 4556 una
3506 4515 3643 4558 cum

1996 4582 2331 4646 rebellibus
2362 4583 2654 4659 abierant,
2691 4594 3011 4664 postquam
3055 4584 3467 4664 pmnitentiam
3498 4602 3643 4663 ege-

1997 4673 2143 4748 rint,
2180 4676 2238 4735 in
2271 4673 2552 4736 eumdem
2586 4671 2864 4735 ordinem
2896 4672 3326 4735 admittantur.‘

2075 4761 2374 4844 Pepuzeni
2395 4781 2534 4843 ergo
2557 4771 2701 4824 sunt
2723 4771 2932 4842 aperte
2950 4760 3240 4823 hmretici:
3269 4779 3404 4821 nam
3431 4759 3491 4823 in
3513 4759 3643 4842 Spi-

1995 4853 2173 4915 ritum
2199 4862 2468 4914 sanctum
2497 4852 3093 4932 blasphemaverunt,
3119 4851 3400 4911 Montano
3427 4859 3484 4911 et
3508 4849 3642 4913 Pri-

1995 4943 2180 5005 scillae
2201 4940 2970 5021 Paracletiappellationem
2990 4938 3644 5020 nefarieimpudenter-

2000 5052 2115 5114 que
2146 5032 2570 5094 attribuentes.
2605 5029 2815 5109 Igitur,
2849 5029 2975 5090 sive
3002 5029 3138 5111 quia
3171 5027 3512 5092 hominibus
3541 5028 3640 5090 di-

2001 5122 2300 5184 vinitatem
2326 5117 3140 5191 attribuunt,condemnandi
3164 5129 3328 5181 sunt:
3356 5119 3482 5181 sive
3501 5121 3643 5200 quia

1997 5209 2284 5293 Spiritum
2301 5229 2571 5272 sanctum
2590 5209 2860 5270 alliciunt
2886 5207 3281 5290 injuria,dum
3303 5227 3440 5271 eum
3466 5228 3640 5270 com-

1997 5310 2205 5381 parant
2224 5319 2357 5361 cum
2384 5298 2844 5373 hominibus,sic
2867 5299 3044 5360 etiam
3066 5308 3204 5360 sunt
3223 5307 3462 5362 aeternae
3488 5317 3640 5361 con-

259 5393 428 5464 θυνοι,
477 5389 562 5447 διὰ
607 5393 668 5448 το
726 5391 1119 5470 ἀσυγχώρητον
1166 5391 1311 5448 εἶναι
1370 5392 1471 5459 τὴν
1500 5394 1574 5456 εἷς
1601 5392 1662 5448 τὸ
1695 5369 1947 5468 Πνεῦμα1

2008 5369 2361 5451 iemnationi
2393 5387 2663 5463 obnoxii,
2721 5369 2880 5470 quod
2940 5389 3272 5451 condonari
3302 5408 3422 5452 non
3454 5389 3643 5470 possit

261 5483 324 5538 τὸ
354 5479 506 5560 ἅγιον
534 5479 883 5561 βλασφημίαν
913 5499 928 5513 ·
980 5483 1094 5539 τίνα
1139 5484 1229 5538 οὖν
1280 5480 1440 5561 λόγον
1486 5481 1606 5563 ἔχει
1663 5483 1725 5538 τὸ
1779 5481 1911 5538 τού-

261 5592 372 5634 των
439 5570 720 5653 βάπτισμα
798 5570 1129 5653 ἕγκριθῆναι,
1208 5578 1315 5632 τῶν
1390 5572 1761 5660 βαπτιζόντων
1837 5573 1911 5641 τίς

1994 5479 2366 5562 bla~phemia
2398 5479 2459 5541 in
2494 5477 2782 5560 Spiritum
2842 5487 3139 5543 sanctum.
3171 5479 3297 5552 Qua
3327 5479 3506 5560 igitur
3536 5495 3640 5540 ra-

1995 5571 2162 5638 tione
2215 5588 2426 5638 eorum
2484 5569 2782 5656 baptisma
2830 5571 2965 5636 58!
3002 5569 3376 5649 admittatur,
3407 5587 3544 5636 cum
3576 5567 3640 5639 in
