4134 6200
577 297 690 373 867
1431 356 1435 358 .
1757 286 2022 367 PHOTII
2063 291 2580 366 PATRIARCHE
2621 297 2738 364 ep.
3798 292 3896 366 868

573 443 812 506 Patrem
847 449 904 506 et
955 439 1171 504 Filium
1227 446 1284 503 et
1339 438 1704 502 Montanium
1748 445 1851 500 aut
1885 434 2204 500 Priscillam

2297 435 2530 516 Πατέρα,
2592 437 2680 492 καὶ
2752 435 2874 491 Υἱὸν
2933 435 3021 492 καὶ
3063 433 3217 513 ἅγιον
3265 438 3477 509 Πνεῦμα
3522 434 3782 490 Μοντανὸν
3829 437 3902 490 καὶ

575 535 881 615 baptizent
904 537 1064 593 ?non
1091 530 1250 592 enim
1279 528 1557 610 baptizati
1582 528 1836 609 suntqui
1864 529 1920 589 in
1955 547 2049 602 ea,
2085 545 2204 608 qua

2301 525 2671 605 Πρίσκιλλαν;
2735 529 2794 584 οὒ
2854 526 2954 602 γὰρ
3024 523 3421 590 ἐϐαπτίσθησαν
3495 527 3544 578 οἱ
3609 525 3678 586 εἷς
3734 526 3792 579 τὰ
3841 526 3903 597 μή

576 613 980 686 nobistradita
1012 639 1128 681 non
1156 618 1602 697 sunt,baptizati
1638 618 1830 680 fuere.
1861 617 2078 689 Quare,
2105 617 2204 678 etsi

2299 615 2700 692 παραδεδομένα
2743 616 2880 689 ἡμῖν
2923 615 3298 690 βαπτισθέντες
3331 628 3344 644 ⁹
3395 614 3541 670 ὥστε
3601 615 3644 668 εἰ
3697 613 3784 668 καί
3828 615 3901 669 τὸν

572 715 688 775 hoc
745 709 1091 791 Dionysium
1129 728 1405 788 magnum
1465 709 1663 778 lauit,
1709 707 2004 768 servanda
2040 704 2204 766 nobis

2298 705 2468 783 μέγαν
2512 712 2671 762 τοῦτο
2728 702 2968 776 παρῆλθε
3018 706 3317 778 Διονύσιον,
3364 701 3491 757 ἀλλ’
3536 703 3670 776 ἡμῖν
3727 705 3780 759 οὔ
3819 725 3903 780 φυ-

572 821 693 864 non
725 811 815 864 est
845 789 1096 862 imitatio
1129 798 1380 862 erroris.
1436 799 1561 859 Hoc
1594 798 1752 858 enim
1788 815 1964 877 quam
1999 795 2204 856 absur-

2296 795 2522 851 λακτὲον
2552 794 2651 861 τήν
2682 794 2911 869 μίμησιν
2954 801 3049 850 τοῦ
3093 792 3404 872 σφάλματος
3435 811 3448 824 ⁸
3487 793 3550 846 τὸ
3592 792 3689 870 γὰρ
3737 789 3904 848 ἄτοπον

571 893 714 956 dum
746 892 843 967 sit,
877 909 988 952 sua
1018 899 1233 971 sponte
1266 888 1652 969 perspicuum
1684 895 1798 959 est,
1831 905 1899 947 ac
1931 884 2204 946 omnibus

2298 886 2478 943 αὖτόθι
2539 880 2830 961 πρόδηλον,
2889 883 2977 940 καὶ
3057 889 3216 939 πᾶσιν
3296 881 3518 961 ἐναργὲς
3589 881 3677 944 οἷς
3732 903 3777 936 τι
3826 882 3903 936 καὶ

572 983 843 1056 evidens,
879 980 980 1063 qui
1012 979 1102 1041 vel
1133 978 1347 1040 leviter
1376 976 1724 1038 ratiocinari
1758 983 2029 1056 possunt.

2298 976 2488 1051 μικρὸν
2516 976 2611 1031 τοῦ
2640 973 2935 1050 λογίζεσθαι
2969 972 3234 1049 μέτεστιν.

652 1061 1053 1135 Catbarisunt
1080 1079 1138 1131 et
1170 1067 1283 1150 ipsi
1310 1088 1376 1128 ex
1414 1067 1486 1127 iis
1514 1065 1615 1147 qui
1641 1075 1780 1126 sunt
1810 1064 2204 1127 abscissi.Cze

2381 1065 2440 1121 Οἱ
2471 1061 2524 1118 δὲ
2575 1065 2803 1140 Καθαροὶ
2853 1064 2940 1118 καὶ
2991 1063 3134 1120 οὗτοὶ
3181 1065 3286 1118 τὼν
3317 1061 3746 1140 ἀπεσχισμὲνων
3784 1062 3866 1116 uisi
3892 1081 3902 1092 ’

569 1169 767 1224 terum
801 1157 1062 1239 antiquis
1090 1149 1279 1218 visum
1312 1153 1734 1235 est,Cypriano
1765 1154 1992 1225 dico,et
2014 1162 2204 1213 nostrc

2302 1151 2440 1220 πλὴν
2473 1151 2611 1218 ἔδοξε
2656 1166 2775 1215 τοῖς
2822 1153 3093 1232 ἀρχαίοις,
3130 1166 3246 1217 τοῖς
3283 1154 3402 1230 περὶ
3467 1152 3760 1228 Κυπριανὸν
3789 1149 3906 1228 λέγω

567 1249 944 1319 Firmiliano,
981 1249 1092 1308 hos
1122 1264 1333 1308 omnes
1366 1245 1467 1306 uni
1502 1244 1733 1306 calculo
1766 1242 2092 1322 subjicere.
2116 1241 2204 1302 Ca-

2300 1244 2386 1298 καὶ
2417 1241 2768 1320 Φιρμιλιανὸν
2825 1245 2918 1298 τὸν
2976 1244 3262 1318 ἡμέτερον,
3320 1243 3543 1304 τούτους
3601 1241 3792 1304 πάντας
3830 1245 3909 1314 μιᾷ

571 1341 866 1412 tharos,et
900 1336 1256 1411 Encratitas,
1286 1344 1344 1396 et
1376 1335 1936 1415 llydroparastatas;
1971 1341 2180 1412 propte

2300 1333 2466 1408 ψήφῳ
2539 1329 2882 1406 -ὅποὸἀλλειν,
2963 1335 3229 1410 Καθαροὺς
3287 1334 3374 1388 καὶ
3449 1333 3792 1407 Ἐγκρατίτας
3840 1333 3910 1383 καὶ

567 1448 673 1492 rea
726 1411 886 1506 quod
949 1427 1313 1508 principium
1365 1411 1611 1504 quidem
1666 1411 2065 1503 separationis
2112 1439 2204 1500 per

2301 1411 2801 1499 ἰ’δροπαραστάτας
2837 1440 2851 1456 ·
2901 1419 3034 1476 διότι
3083 1425 3112 1488 ἡ
3158 1422 3255 1495 μὲν
3301 1421 3450 1501 ἀρχὴ
3498 1427 3590 1476 τοῦ
3635 1419 3904 1498 χωρισμοῦ,

567 1520 833 1581 schisma
862 1516 1078 1578 factum
1111 1515 1304 1576 fuerat
1335 1532 1348 1576 :
1387 1513 1487 1594 qui
1519 1522 1716 1573 autem
1749 1513 1822 1572 ab
1854 1511 2117 1572 Ecclesia
2149 1529 2204 1571 se

2296 1509 2382 1565 διὰ
2426 1511 2728 1589 σχίσματος
2774 1510 2995 1587 γέγονεν
3031 1527 3044 1540 ⁸
3097 1513 3141 1565 οἱ
3176 1509 3230 1565 δέ
3262 1517 3360 1576 τῆς
3405 1509 3735 1575 Ἐκκλησίτς
3788 1509 3906 1564 ἀπο-

568 1614 1146 1690 separaverant,non
1180 1603 1482 1664 habebant
1509 1601 1766 1680 amplius
1795 1607 1851 1662 in
1878 1619 1942 1662 se
1963 1599 2204 1678 gratiam

2297 1599 2542 1674 στάντες,
2577 1602 2670 1656 οὐκ
2700 1599 2777 1654 ἔτι
2811 1598 2974 1678 ἔσχον
3003 1600 3101 1666 τὴν
3134 1600 3300 1678 χάριν
3331 1602 3423 1656 τοῦ
3454 1600 3611 1676 ἁγίου
3637 1600 3909 1671 Πνεύματος

567 1687 831 1776 Spiritus
852 1693 1081 1756 sancti:
1110 1693 1416 1754 defecerat
1442 1697 1600 1752 enim
1634 1691 2204 1762 communicatio,in-

2295 1688 2380 1768 ἔφ’
2437 1689 2654 1753 ἑαυτούς
2687 1702 2701 1718 ⁸
2751 1688 2971 1744 ἐπέλιπε
3020 1691 3118 1764 γὰρ
3149 1690 3183 1755 ἠ
3214 1688 3505 1763 μετάδοσις
3552 1694 3632 1759 τῷ
3672 1687 3909 1754 διακοπῆ-

569 1795 836 1865 terrupta
869 1782 1344 1844 continuatione.
1371 1781 1483 1854 Qui
1529 1781 1688 1842 enim
1726 1781 1900 1860 primi
1935 1798 2204 1840 recesse-

2297 1800 2381 1835 ναι
2429 1779 2524 1846 τὴν
2556 1776 2901 1833 ἄκολουθείαν
2935 1797 2950 1814 ·
3007 1780 3052 1834 οἱ
3097 1779 3196 1851 μὲν
3242 1780 3342 1855 γὰρ
3387 1784 3596 1856 πρῶτοι
3641 1778 3908 1856 ἀναχωρή-

567 1886 728 1956 rant,
760 1874 1200 1936 ordinationem
1258 1891 1291 1932 a
1348 1871 1629 1934 Patribus
1663 1870 1984 1942 habebant,
2020 1878 2078 1930 et
2108 1887 2204 1948 per

2295 1889 2507 1939 σαντες,
2570 1869 2714 1944 παρὰ
2764 1874 2873 1923 τῶν
2931 1868 3183 1944 Πατέρων
3226 1868 3397 1948 ἔσχον
3441 1871 3544 1925 τὰς
3577 1869 3908 1947 χειροτονίας,

567 1984 855 2028 manuum
888 1983 1093 2027 eorum
1148 1961 1594 2042 impositionem
1648 1961 1953 2022 habebant
1985 1961 2204 2020 donum

2296 1960 2382 2013 καὶ
2427 1956 2510 2012 δια
2554 1963 2651 2025 τῆς
2695 1959 2981 2022 ὶπιθὲσεως
3027 1965 3134 2015 τῶν
3165 1965 3367 2037 χειρῶν
3415 1962 3617 2030 αὐτῶν,
3670 1961 3819 2036 εἶχον
3861 1958 3909 2011 τὸ

567 2055 882 2134 spirituale
907 2077 922 2130 ;
950 2053 1050 2134 qui
1081 2062 1277 2114 autem
1298 2052 1513 2112 resecti
1541 2051 1845 2125 sunt,laici
1870 2050 2204 2122 etfecti,nec

2299 2048 2541 2126 χάρισμα
2599 2049 2658 2103 τὸ
2717 2050 3078 2121 πνευματικὸν
3111 2063 3127 2078 ·
3161 2050 3208 2103 οἰ
3239 2045 3291 2102 δὲ
3331 2047 3726 2125 ἀποῤῥαγέντες
3754 2045 3910 2101 λα’ίκοὶ

568 2144 930 2225 baptizandi,
967 2161 1077 2204 nec
1119 2141 1442 2203 ordinandi
1495 2141 1794 2202 habebant
1826 2149 2204 2220 potestatem,

2295 2137 2598 2212 γενόμενοι,
2635 2137 2750 2193 οὔτε
2808 2146 2901 2195 τοῦ
2938 2139 3210 2214 βαπτίζειν
3251 2137 3369 2194 οὒτε
3421 2145 3522 2194 τοῦ
3581 2151 3905 2217 χειροτονεῖν,

565 2243 627 2296 ut
659 2233 760 2315 qui
816 2252 936 2294 non
971 2239 1214 2312 possent
1272 2231 1531 2310 amplius
1563 2227 1820 2310 Spiritus
1853 2229 2045 2290 sancti
2071 2247 2204 2308 gra-

2294 2229 2456 2304 εῖχον
2500 2226 2595 2292 τὴν
2634 2225 2870 2291 ἐξουσίαν
2904 2244 2918 2258 ⁸
2957 2228 3130 2284 οὐκέτι
3160 2225 3444 2303 δυνάμενοι
3478 2229 3643 2307 χάριν
3688 2226 3906 2299 Πνεύμαο

560 2314 702 2386 tiam
736 2321 867 2384 aliis
899 2320 1196 2402 praebere,
1229 2338 1262 2380 a
1295 2338 1408 2401 qua
1439 2319 1554 2399 ipsi
1588 2321 1964 2381 exciderant.
2013 2320 2204 2392 Quare

2292 2336 2380 2376 τος
2427 2314 2580 2392 ἁγίου
2633 2317 2833 2394 ἑτέροις
2889 2321 3171 2397 παρέχειν,
3221 2318 3282 2386 ἧς
3329 2321 3480 2377 αὗτοὶ
3528 2317 3903 2375 ὶκπεπτώιιασι.

561 2432 686 2492 eos,
724 2412 825 2492 qui
884 2411 958 2473 ab
1009 2412 1278 2490 ipsorum
1334 2409 1601 2488 partibus
1633 2409 1891 2485 stabant,
1928 2419 2204 2486 tanquam

2291 2402 2369 2460 διὸ
2401 2405 2472 2469 ὠς
2533 2407 2674 2482 παρὰ
2701 2405 2908 2462 λαΐιιῶν
2965 2409 3396 2484 βαπτιζομένους
3427 2411 3556 2472 τοὺς
3607 2408 3731 2485 παρ’
3761 2407 3906 2461 αὐτῶν

562 2522 595 2562 a
627 2502 797 2563 laicis
824 2501 1176 2578 baptizatos,
1206 2499 1520 2577 jusserunt
1555 2517 1690 2559 vero
1733 2500 2020 2561 Ecclesiae
2053 2497 2204 2576 bap-

2292 2493 2575 2552 ἕκὲλευσαν
2613 2495 2939 2574 ἐρχομένους
2985 2497 3071 2554 ἐπὶ
3113 2499 3212 2565 τὴν
3251 2497 3608 2570 Ἐκκλησίαν,
3660 2498 3734 2570 τῷ
3784 2495 3905 2552 ἀλη-

563 2592 799 2650 tismate.
830 2589 903 2650 ad
961 2587 1290 2648 Ecclesiam
1347 2587 1660 2649 venientes
1711 2589 2051 2668 expurgari.
2087 2586 2204 2650 Sed

2288 2586 2416 2657 θινῴ
2443 2585 2770 2659 βαπτίσματι
2806 2593 2880 2658 τῷ
2917 2593 3016 2654 τῆς
3060 2587 3392 2655 Ἐκκλησίας
3437 2588 3862 2664 ἀνακαθαίρεσθαι
3890 2598 3902 2612 ⁸

564 2681 849 2756 quoniam
886 2677 1190 2737 nonnullis
1216 2677 1493 2739 Asiaticis
1521 2679 1766 2738 omnino
1789 2679 1975 2738 visum
2003 2687 2093 2739 est
2116 2696 2211 2738 eo-

561 2787 695 2830 rum
728 2768 1042 2848 baptisma,
1079 2765 1351 2847 pluribus
1382 2767 1738 2828 consulendi
1772 2786 1975 2848 causa,
2010 2767 2208 2829 susci-

564 2857 853 2939 piendum
888 2874 1043 2929 esse,
1096 2856 1485 2932 suscipiatur.
1536 2856 1974 2919 Encratitarum
2009 2867 2206 2918 autem

564 2949 796 3010 facinus
827 2955 1060 3023 Oportet
1091 2965 1202 3008 nos
1259 2945 1622 3022 intelligere.
1657 2947 1978 3021 Nimirum,
2015 2957 2078 3008 ut
2107 2966 2205 3008 re-

564 3038 754 3099 ditum
788 3036 905 3098 sibi
938 3037 999 3097 in
1036 3035 1365 3096 Ecclesiam
1415 3035 1910 3110 intercluderent,
1944 3037 2208 3116 aggressi

564 3133 703 3221 sunt
736 3125 1297 3221 deincepsprOprio
1331 3123 1709 3221 baptismate
1735 3144 2156 3221 praeoccupare
2190 3143 2267 3221 τε

565 3215 725 3275 unde
749 3223 808 3276 et
839 3231 1007 3276 suam
1042 3214 1309 3294 ipsorum
1360 3214 1854 3275 consuetudinem
1889 3215 2203 3277 violarunt.

564 3303 853 3364 Existimo
887 3302 1398 3384 itaque,quoniam
1429 3304 1568 3363 582
1595 3304 1742 3364 nihil
1763 3305 1837 3366 de
1869 3305 1984 3366 illis
2007 3315 2209 3384 aperte

563 3392 788 3454 dictum
820 3402 933 3466 est,
966 3411 1172 3454 eorum
1218 3391 1512 3472 baptisma
1543 3413 1576 3454 a
1609 3393 1781 3454 nobis
1811 3395 2206 3474 rejiciendum

569 3501 705 3542 esse
732 3503 746 3562 ;
778 3501 846 3543 ac
879 3483 928 3542 si
965 3482 1101 3562 quis
1134 3481 1209 3542 ab
1240 3483 1328 3543 eis
1359 3485 1685 3564 acceperit,
1718 3485 2101 3546 accedentem
2135 3484 2207 3547 ad

559 3571 892 3633 Ecclesiam
955 3571 1399 3651 baptizandum.
1465 3572 1657 3652 (Quod
1717 3573 1766 3634 si
1801 3574 1912 3636 hoc
1943 3575 2208 3653 generali

559 3663 909 3723 moonomim
936 3660 1368 3740 impedimento
1402 3662 1540 3734 erit,
1574 3681 1783 3724 rursus
1814 3664 2208 3726 consuetudi-

559 3769 635 3810 ne
664 3749 955 3812 utendum
994 3759 1106 3823 est,
1142 3759 1201 3811 et
1233 3751 1405 3832 sequi
1439 3761 1674 3832 oportet
1706 3751 2043 3833 Patres,qui
2075 3772 2207 3834 quae

557 3839 628 3900 ad
665 3858 774 3900 nos
834 3839 1155 3918 pertinent,
1221 3840 1746 3920 dispensaverunt.
1783 3841 2014 3904 Vereor
2042 3842 2204 3904 enim

559 3948 657 4003 ne,
694 3929 834 3988 dum
867 3947 970 3990 eos
1000 3928 1271 3989 volumus
1307 3929 1382 3990 ad
1424 3929 1841 4010 baptizandum
1879 3931 2079 3992 tardos
2110 3933 2203 3994 fa-

557 4037 718 4098 cere,
755 4017 1188 4098 impedimento
1215 4028 1461 4098 propter
1485 4021 1797 4080 sententia:
1824 4021 2199 4084 severitatem

556 4107 747 4168 simus
801 4107 876 4168 iis
932 4108 1036 4188 qui
1092 4108 1440 4185 salvantur).
1503 4107 1668 4181 Quod
1724 4110 1774 4170 si
1807 4110 1895 4170 illi
1929 4120 2196 4172 nostrum

558 4196 920 4278 baptismum
952 4207 1214 4272 servant,
1252 4199 1364 4259 hoc
1396 4216 1503 4258 nos
1539 4197 2013 4278 moveat.Neque
2044 4201 2202 4262 enim

557 4285 852 4346 debemus
902 4305 1010 4365 par
1059 4288 1186 4366 pari
1246 4286 1496 4355 referre,
1550 4289 1654 4348 sed
1689 4299 1982 4350 accuratae
2016 4307 2202 4350 cano-

554 4393 696 4436 num
760 4375 1168 4438 observationi
1227 4377 1477 4438 servire.
1531 4376 1706 4439 Omni
1738 4388 1936 4440 autem
1967 4380 2202 4441 ratione

555 4471 863 4536 statuatur,
921 4475 985 4525 ut
1014 4465 1056 4526 ii
1083 4467 1182 4546 qui
1215 4467 1288 4527 ab
1323 4467 1561 4528 illorum
1599 4467 1892 4544 baptismo
1925 4471 2194 4546 veniunt,

553 4561 854 4633 uagantur
886 4574 1088 4616 coram
1125 4555 1401 4618 ﬁdelibus
1431 4557 1727 4633 videlicet,
1766 4567 1822 4620 et
1852 4560 1928 4621 ita
1955 4560 2196 4621 demum

551 4643 624 4705 ad
665 4645 938 4724 mysteria
970 4647 1279 4710 accedant.
1346 4647 1482 4710 Scio
1513 4657 1736 4724 autem,
1771 4650 2007 4730 fratres,
2045 4649 2197 4711 Izoi-

551 4751 717 4807 num,
751 4744 812 4796 et
843 4733 1260 4818 Saturninum,
1296 4736 1397 4818 qui
1430 4748 1599 4798 erant
1655 4757 1724 4800 ex
1762 4739 2000 4801 illorum
2029 4741 2196 4801 ordi-

548 4841 650 4904 ne,
684 4825 744 4884 in
778 4823 1200 4906 episcoporum
1251 4827 1600 4889 cathedram
1637 4847 1669 4888 a
1702 4829 1875 4890 nobis
1909 4847 2042 4892 esse
2073 4849 2200 4893 sus-

548 4924 776 4994 ceptos.
831 4916 1031 4988 Quare
1085 4935 1188 4978 eos
1241 4918 1337 4997 qui
1391 4918 1627 4979 illorum
1662 4921 1856 4980 ordini
1894 4921 2196 4999 conjuncti

548 5012 706 5076 sunt,
750 5023 866 5064 non
904 5025 1219 5084 possumus
1251 5007 1505 5086 amplius
1536 5007 1608 5068 ab
1645 5008 1913 5070 Ecclesia
1943 5027 2194 5080 separa-

548 5109 616 5152 re
649 5111 661 5153 :
697 5093 798 5172 qui
832 5096 1067 5156 scilicet
1092 5095 1539 5158 communionis
1569 5115 1701 5158 cum
1734 5098 1880 5178 ipsis
1906 5098 2074 5178 quasi
2103 5118 2196 5161 ca-

549 5198 766 5242 nonem
797 5188 1144 5265 quemdam,
1173 5185 1488 5267 episcopos
1519 5187 1954 5269 suscipiendos,
1993 5189 2196 5252 edide-

547 5287 760 5332 rimus.

830 5361 993 5426 CAP.
1029 5361 1105 5424 [ῐ.
1133 5396 1206 5407 -
1240 5365 1399 5439 Quid
1428 5369 1510 5430 sit
1543 5367 1913 5432 haereticus?

713 5450 981 5513 Consilii
1010 5450 1688 5536 Constantinopolituni
1719 5477 1916 5522 canon
1945 5458 2005 5522 6.

447 5578 452 5582 -
625 5540 986 5614 6.Quoniam
1025 5543 1192 5605 multi
1223 5543 1700 5610 ecclesiasticum
1731 5549 2190 5628 ordinem,etc.,

547 5636 616 5697 ut
628 5647 775 5715 pag.
807 5631 947 5699 699.

2291 2671 2477 2740 ἐπειδὴ
2523 2671 2576 2728 δὲ
2636 2674 2774 2740 ὅλως
2845 2674 2992 2740 ἕδοξὲ
3038 2699 3144 2734 τισι
3200 2679 3309 2734 τῶν
3365 2680 3510 2735 κατὰ
3569 2679 3667 2743 τὴν
3725 2676 3900 2746 Ἀσίαν,

2292 2763 2597 2837 οἰγονομίας
2642 2763 2820 2838 ἕνεκα,
2879 2773 2986 2821 τῶν
3045 2766 3264 2825 πολλῶν
3323 2766 3589 2848 δεχθῆναι
3633 2766 3795 2822 αὐτῶν
3853 2766 3901 2818 τὸ

2291 2851 2602 2927 βάπτισμα,
2661 2854 2798 2910 ἔστω
2857 2854 3042 2913 δεκτόν
3077 2874 3092 2891 ⁸
3151 2860 3212 2914 τὸ
3273 2857 3328 2914 δὲ
3388 2865 3498 2916 τῶν
3567 2853 3900 2934 Ἐγκρατιτῶν

2291 2943 2646 3020 κακούργημα
2691 2945 2882 3013 νοῆσαι
2914 2948 3058 3020 ἡμᾶς
3117 2947 3225 3023 δεῖ,
3261 2949 3339 3005 ὅτι
3394 2948 3489 3005 ἵνα
3541 2943 3900 3025 ἆπροσὸἐκτους

2292 3033 2482 3094 αὐτοὺς
2517 3035 2786 3102 ποιήσωσι
2847 3036 2914 3111 τῇ
2961 3035 3282 3118 Ἐκκλησίᾴ,
3337 3037 3700 3118 ἐπεχείρησαν
3742 3033 3902 3090 λοιπον

2291 3118 2404 3194 ἰδίῳ
2484 3122 3020 3200 προκαταλαμϐάνειν
3091 3128 3447 3207 βαπτίσματι,
3517 3127 3634 3184 ὅθεν
3690 3126 3771 3181 καὶ
3821 3123 3901 3185 τὴν

2293 3212 2574 3279 συνήθειαν
2615 3213 2715 3280 τὴν
2759 3214 2961 3270 ἑαυτῶν
3010 3216 3389 3297 πσριχάραξαν
3426 3232 3442 3247 ’
3499 3218 3698 3292 νομίζω
3730 3214 3898 3278 τοίνυν.

2291 3298 2371 3355 ὅτι
2405 3299 2590 3369 ἐπειδὴ
2648 3301 2799 3359 οὐδὲν
2853 3303 2967 3360 lett
3021 3307 3137 3383 περὶ
3169 3306 3341 3364 αὒτῶν
3373 3313 3616 3386 φανερῶς
3647 3305 3898 3380 διηγορευ-

2290 3388 2473 3465 μένον,
2535 3395 2681 3462 ἡμᾶς
2733 3399 3006 3468 προσῆκεν
3063 3395 3276 3453 ἀθετεῖν
3315 3397 3490 3454 αὗτῶν
3537 3399 3597 3453 τὸ
3627 3395 3897 3471 βάπτισμα,

2291 3479 2388 3535 κᾶν
2419 3502 2499 3544 τις
2560 3483 2595 3556 ᾗ
2654 3482 2781 3563 παρ’
2829 3486 3002 3540 αὐτῶν
3047 3485 3306 3567 εἰληφὼς,
3356 3508 3650 3566 προσιοντα
3681 3490 3740 3559 τῇ
3787 3479 3897 3536 Ἐκ·

2293 3569 2488 3642 κλησίᾳ
2515 3573 2703 3628 τοῦτοθ
2747 3571 3145 3646 ἀναϐαπτίζειν.
3196 3576 3326 3634 Ἐὰν
3369 3576 3557 3651 μέντοι
3619 3573 3795 3648 μέλλοι
3843 3571 3898 3641 τῇ

2290 3661 2518 3717 καθόλου
2566 3663 2842 3736 οἰκονομίᾳ
2921 3672 3080 3722 τοῦτο
3158 3665 3416 3741 ἐμπόδιον
3473 3665 3706 3737 ἔσεσθαι,
3765 3656 3898 3716 πάλιν

2288 3756 2366 3822 τῷ
2429 3749 2534 3805 ἔθει
2580 3752 2873 3831 χρηστέον,
2932 3757 3018 3812 οιαὶ
3069 3768 3189 3818 τοῖς
3247 3757 3643 3832 οἰκοδομήμασι
3702 3753 3763 3808 τὰ
3802 3743 3897 3804 καθ’

2289 3840 2435 3906 ἡμᾶς
2495 3842 2763 3918 Πατράσιν
2843 3841 3232 3912 ἀκολουθητέον
3268 3859 3282 3874 ⁸
3344 3847 3628 3926 ὑφορῶμαι
3683 3843 3777 3921 γὰρ
3834 3834 3896 3908 μή

2287 3950 2441 4002 ποτε,
2475 3929 2550 3994 ὠς
2589 3929 2891 4007 βουλόμεθα
2935 3933 3195 4012 ὀκνηροὺς
3255 3935 3445 3999 αὐτοὺς
3478 3937 3600 4013 περὶ
3630 3934 3687 3988 τὸ
3727 3928 3896 4006 βαπτί-

2283 4026 2391 4089 ζειν
2449 4021 2700 4095 ποιῆσαι,
2761 4019 3136 4100 ἐμποδίσωμεν
3194 4036 3316 4088 τοῖς
3372 4025 3697 4100 σωζομένοις
3732 4019 3808 4075 διὰ
3843 4013 3892 4069 τὸ

2281 4109 2379 4176 sic
2424 4108 2735 4185 προτάσεως
2793 4115 3061 4190 αὒστηρόν
3097 4131 3112 4148 ο
3159 4115 3204 4168 εἰ
3259 4111 3314 4169 δὲ
3359 4114 3564 4171 ἐκεῖνοι
3598 4111 3891 4194 φυλάσσουσι

2285 4199 2346 4254 τὸ
2377 4197 2637 4275 ἡμέτερον
2690 4200 2992 4281 βάπτισμα,
3053 4209 3210 4260 τοῦτο
3261 4204 3406 4279 ἡμᾶς
3463 4193 3804 4263 δυσωπείτω’
3845 4193 3892 4248 οὗ

2284 4288 2384 4365 γὰρ
2414 4286 2733 4345 ἀντιδιδόναι
2785 4289 2949 4358 αὐτῆς
2997 4293 3272 4349 ὑπεύθυνοι
3320 4294 3483 4373 χάριν
3541 4293 3720 4370 ἐσμὲν,
3774 4283 3890 4342 ἀλλὰ

2285 4375 2546 4436 δουλεύειν
2596 4377 2835 4458 ἀκριϐείᾳ
2879 4384 3119 4440 κανόνων
3153 4397 3169 4414 ⁹
3222 4387 3379 4440 παντὶ
3416 4382 3474 4440 δὲ
3533 4383 3678 4461 λόγῳ
3728 4398 3888 4436 τυπω-

2281 4468 2430 4536 θήτω
2472 4467 2592 4531 τοὺς
2663 4469 2771 4525 ἀπὸ
2836 4480 2928 4529 τοῦ
2987 4473 3294 4549 βαπτισμοῦ
3336 4473 3553 4530 ἐκείνων
3611 4485 3888 4549 προσερχο-

2282 4557 2501 4632 μένους,
2547 4559 2790 4638 χρίεσθαι
2818 4562 2905 4618 Eni
2939 4564 3043 4619 τῶν
3073 4564 3278 4620 πιστῶν
3311 4561 3588 4641 δηλονότι,
3635 4561 3718 4618 καὶ
3745 4557 3888 4614 οὕτως

2281 4647 2556 4725 προσιέναι
2602 4661 2720 4714 τοῖς
2777 4653 3110 4730 μυστηρίοις.
3159 4653 3297 4710 Οἶδα
3342 4653 3398 4709 τὲ
3443 4653 3524 4711 ὅτι
3584 4654 3696 4714 τοὺς
3748 4643 3887 4702 ἁδελ-

2355 4738 2365 4750 ‘
2527 4738 2538 4751 ·
2693 4760 2705 4768 ,
2748 4742 2760 4760 ι
2818 4739 2833 4758 ο
2909 4741 2919 4762 ν
3107 4747 3119 4764 ι
3592 4744 3604 4764 ν
3661 4741 3674 4763 ν
3793 4737 3802 4756 '

2281 4759 2410 4814 φους
2461 4759 2584 4802 τους
2645 4761 2764 4818 περι
2838 4749 2991 4812 ιζοην
3034 4765 3123 4799 και
3185 4751 3538 4817 Σατορνῖνον,
3584 4765 3654 4799 απ
3703 4738 3885 4796 ἐκεινης

2282 4823 2441 4889 ὂντας
2472 4832 2572 4894 τῆς
2621 4827 2842 4902 τάξεως,
2886 4829 3312 4909 προσεδεξάμεθα
3357 4836 3431 4896 εἰς
3491 4835 3589 4900 τὴν
3631 4829 3765 4894 τάξιν
3814 4821 3886 4877 καὶ

2285 4914 2537 4994 καθέδραν
2594 4924 2700 4973 τῶν
2759 4919 3070 4978 ἐπισκόπων
3103 4938 3116 4952 ·
3181 4923 3320 4980 ὥστε
3376 4926 3501 4987 τοὺς
3559 4931 3637 4997 τῷ
3681 4919 3885 4993 τάγματι

2278 5008 2494 5063 ὲκείνων
2562 5011 2958 5084 συνημμένους,
3051 5012 3225 5069 οὐκέτι
3284 5015 3548 5088 δυνάμεθα
3635 5006 3886 5083 διακρίνειν

2279 5099 2386 5152 ἀπὸ
2427 5097 2522 5165 τῆς
2582 5097 2929 5176 Ἐκκλησίας,
2963 5101 3086 5158 οἷον
3117 5106 3313 5160 κανόνα
3349 5106 3466 5159 τινα
3498 5109 3596 5171 τῆς
3642 5101 3763 5177 πρὸς
3804 5092 3883 5147 αὖ·

2277 5189 2402 5251 τοὺς
2461 5190 2742 5255 κοινωνίας
2807 5191 3105 5268 ἐκθέμενοι,
3164 5191 3248 5251 διὰ
3306 5199 3403 5260 τῆς
3447 5195 3554 5250 τῶν
3610 5187 3883 5248 ἐπισκόπων

2277 5275 2620 5359 παραδοχῆς.

2563 5377 2815 5434 ΚΕΦΑΛ.
2853 5372 2933 5431 Β’.
2970 5407 3038 5419 --
3069 5375 3130 5432 Τί
3162 5375 3303 5430 ἐστιν
3336 5376 3626 5450 αἱρετικός.

2481 5459 2711 5519 Συνόδου
2743 5464 3360 5530 Κωνσταντινουπόλεως
3391 5468 3568 5522 κανὼν
3598 5463 3693 5539 ς’.

2359 5549 2461 5624 ς’.
2526 5549 2748 5619 Ἐπειδὴ
2811 5554 3001 5612 πολλοὶ
3059 5557 3156 5624 τὴν
3235 5556 3692 5628 ἐκκλησιαστικὴν
3743 5547 3878 5605 εὐτα-

2278 5639 2413 5720 ξίαν,
2446 5662 2500 5703 κ.
2533 5662 2582 5706 τ,
2617 5639 2672 5710 λ,
