4134 6200
314 330 433 410 869

1123 336 1545 410 SYNTAGMA
1588 327 1988 437 cANoNUM.‘
2039 375 2102 390 —
2174 342 2334 410 TlT.
2382 328 2522 424 ΧΙῘ,
2569 332 2733 408 cap.
2784 334 2865 406 II.

3562 320 3682 406 870

394 472 457 538 Ἠ
504 503 535 537 α
591 478 730 540 διάτ.
790 482 886 538 τοῦ
941 480 995 538 α’
1050 481 1153 542 τίτ.
1209 484 1302 541 τοῦ
1357 481 1407 539 α’
1461 480 1606 560 βιὸλ.
1669 488 1761 537 τοῦ
1810 477 1942 540 κώδ.

2115 475 2359 543 Tenus.
2396 482 2597 543 Const.
2638 480 2697 561 l,
2731 479 2821 542 tit.
2864 446 2917 541 l.
2945 475 3052 539 lib.
3084 474 3220 542 cod.
3244 448 3368 540 ait:
3399 476 3514 551 Qui
3543 498 3679 539 san-

308 571 495 652 φησὶν,
529 573 625 644 ὡς,
681 562 739 628 Ὀ
771 570 849 646 μή
897 570 1129 642 δοξάζων
1170 573 1269 636 τὴν
1312 573 1466 649 ἁγίαν
1511 571 1706 650 Τριάδα
1752 571 1806 626 ἐν
1852 568 1950 645 μιᾷ

305 660 521 728 θεότητι
581 658 925 736 ἶσοδύναμον,
986 661 1107 718 οὔτε
1166 662 1480 740 Χριστιανὸς
1534 663 1774 739 Λέγεται,
1828 657 1950 716 ἀλλ’

305 749 488 830 ἄφρων
527 750 639 806 ἐστὶ
671 751 757 807 καὶ
786 752 1047 829 αἱρετικὸς
1078 748 1275 824 ἄτιμος
1309 752 1393 806 καὶ
1439 765 1759 829 τιμωρεῖται
1793 771 1805 783 ’
1862 751 1951 806 καὶ

303 840 408 900 τίτ.
444 840 489 896 ε’
533 840 626 896 τοῦ
663 842 824 896 αὑτοῦ
854 837 1035 917 βιϐλ.,
1069 839 1174 920 ὅτι,
1207 841 1478 915 Αἶρετικός
1510 840 1624 896 ἐστι
1674 838 1771 896 καὶ
1826 852 1947 903 τοῖς

304 931 443 986 κατὰ
505 930 788 1007 αἱρετικῶν
840 931 1120 987 ὑπόκειται
1208 931 1416 1005 νόμοις,
1478 932 1504 986 ὁ
1564 931 1755 1007 μικρὸν
1822 940 1950 1008 γοῦν

301 1018 565 1077 ὶκκλίνων
622 1025 721 1087 τῆς
782 1017 1056 1096 ὃρθοδόξου
1101 1020 1332 1084 πίστεως
1369 1037 1382 1052 ·
1438 1021 1528 1075 καὶ
1577 1018 1715 1079 διάτ.
1754 1018 1824 1095 ιβ’
1856 1021 1950 1076 τοῦ

304 1113 467 1168 αὐτοῦ
517 1109 651 1181 τετ.,
714 1106 821 1188 ὅτι,
877 1110 1151 1187 Αἱρετιγός
1181 1112 1321 1167 ἔστιν
1351 1110 1377 1165 ὁ
1407 1109 1484 1182 μὴ
1517 1107 1593 1165 ὢν
1617 1107 1891 1184 ὀρθόδοξος
1929 1124 1944 1138 ⁸

302 1200 338 1267 ἦ
370 1196 424 1254 δὲ
459 1197 513 1254 α’
569 1195 709 1258 διάτ.
772 1204 867 1254 τοῦ
923 1196 975 1275 γ’
1019 1220 1129 1259 τιτ.
1185 1203 1293 1254 τῶν
1351 1204 1591 1276 Νεαρῶν,
1656 1198 1948 1275 αἱρετικοὺζ

302 1286 448 1364 λέγει
479 1287 682 1352 πάντας
708 1289 829 1350 τοὺς
863 1289 939 1361 μὴ
964 1286 1120 1354 ὄντας
1149 1288 1513 1349 κοινωνικούς.

383 1375 477 1434 Ἐν
522 1374 715 1433 πλάτει
761 1373 815 1432 δὲ
873 1378 939 1433 τὰ
995 1380 1116 1456 περὶ
1175 1382 1280 1433 τῶν
1338 1379 1614 1455 αἱρετικῶν
1659 1376 1947 1446 ἀνήνεκται

303 1466 359 1522 ἒν
389 1473 465 1523 τῶ
496 1464 544 1522 ε’
580 1466 687 1529 τίτ,
732 1473 825 1523 τοῦ
856 1464 1016 1546 κώδ,,
1051 1467 1106 1523 ἐν
1150 1470 1196 1541 ᾦ
1226 1465 1528 1523 κωλύονται
1562 1466 1714 1546 ἔχειν
1746 1466 1944 1541 προνό-

303 1576 428 1631 μιτ,
463 1555 499 1623 ἢ
534 1552 824 1628 διδάσκειν,
874 1556 908 1623 ἢ
956 1570 1138 1614 ποιεῖν
1185 1555 1505 1635 κληρικοὺς,
1560 1556 1595 1624 ἣ
1656 1555 1949 1612 λιτανεύειν

303 1643 540 1720 δημοσίᾳ
582 1644 619 1713 ἢ
664 1643 720 1701 ἐν
751 1644 890 1717 οἴκῳ
925 1662 939 1678 ⁸
991 1646 1104 1703 ἐπεὶ
1148 1653 1290 1709 τινὸς
1334 1646 1578 1708 τοιούτου
1629 1644 1944 1723 γενομένου,

301 1737 337 1804 ἡ
365 1734 511 1799 τάξις
544 1741 637 1792 τοῦ
690 1733 934 1815 ἒπάρχου
996 1734 1177 1813 λίτρας
1208 1733 1417 1791 δίδωσιν
1449 1733 1500 1811 ρ’
1530 1752 1547 1771 θ
1602 1738 1653 1791 αἱ
1708 1732 1764 1791 δὲ
1823 1735 1946 1791 ἐπι-

303 1824 495 1906 χώριοι
532 1824 579 1879 ν’
615 1843 629 1857 ·
687 1826 775 1880 καὶ
829 1824 909 1881 ὅτι
942 1826 1007 1882 τὰ
1056 1824 1384 1902 συνακτιὶρια
1428 1828 1626 1899 αὐτῶν,
1664 1826 1694 1891 ἡ
1727 1823 1947 1902 ὀρθτίδο-

301 1916 391 1981 ξος
448 1914 745 1982 Ἐκκλησία
777 1912 1040 1991 λαμϐάνει
1077 1933 1092 1949 ·
1129 1917 1215 1971 καὶ
1273 1915 1356 1970 ὅτι
1401 1916 1448 1970 οἱ
1501 1920 1800 1994 Μανιχαῖοι
1860 1914 1949 1971 καὶ

303 2005 350 2063 οἱ
386 2004 706 2060 Δονατισταὶ
760 2004 1010 2084 ἒσχάτως
1060 2013 1414 2080 τιμωροῦνται
1454 2004 1542 2059 καὶ
1599 2000 1946 2075 δημεύονται,

300 2094 393 2149 καὶ
422 2090 540 2148 οὔτε
590 2090 931 2166 διατίθενται,
970 2092 1005 2161 ἢ
1050 2095 1293 2149 ὁπωσοῦν
1338 2089 1788 2163 συναλλάσσουσι,
1849 2092 1945 2146 καὶ

300 2180 419 2239 οὔτε
449 2183 552 2238 ὑπὸ
583 2178 785 2237 παίδων
833 2182 909 2253 μὴ
967 2178 1135 2238 ὄντων
1193 2179 1483 2259 ὁρθοδόξων
1539 2178 1946 2259 κληρονομοῦν-

299 2293 412 2349 ται,
450 2271 539 2327 καὶ
592 2271 731 2344 μετᾶ
785 2272 1011 2327 θάνατον
1061 2277 1487 2348 κατηγοροῦνται
1532 2269 1625 2325 καί
1679 2270 1940 2346 ἀκυροῦν-

299 2382 388 2416 ται
419 2361 473 2417 αἱ
517 2357 768 2427 διαθῆκαι
814 2363 988 2418 αὐτῶν
1022 2377 1035 2392 °
1086 2361 1176 2414 καὶ
1225 2359 1304 2415 ὅτι
1362 2366 1467 2414 τῶν
1500 2358 1712 2414 πόλεων
1742 2354 1945 2413 ἐκϐάλ-

298 2448 504 2521 λονται,
558 2450 645 2505 καὶ
689 2448 771 2505 ὅτι
829 2464 951 2515 ταῖς
1009 2448 1359 2515 Ἐκκλησίαις
1416 2453 1843 2526 προσκυροῦνται
1898 2448 1944 2502 οἱ

300 2539 456 2595 οἶκοι
500 2538 554 2595 ἐν
613 2538 701 2601 οἶς
734 2539 988 2616 αἱρετικοὶ
1014 2539 1207 2616 γνώμῃ
1236 2540 1339 2594 τῶν
1372 2534 1644 2593 δεσποτῶν
1676 2535 1943 2613 συνάγον-

298 2650 391 2685 ται
425 2648 440 2664 ⁸
503 2628 590 2684 καὶ
646 2626 726 2684 ὅτι
779 2635 887 2685 τῶν
942 2626 1301 2705 βουλευτικῶν
1356 2627 1392 2694 ἢ
1448 2625 1788 2691 ταξεωτικῶν
1832 2622 1942 2679 λει-

298 2722 564 2796 τουργιῶν
624 2718 720 2774 οὒκ
775 2717 1101 2774 ἀπολύονται
1137 2733 1151 2747 ⁸
1202 2719 1291 2774 καὶ
1335 2716 1415 2773 ὅτι
1476 2718 1534 2773 οὗ
1593 2725 1804 2774 ποιοῦσι
1837 2735 1941 2788 μο-

300 2808 571 2884 ναστηρια
631 2805 751 2864 οὔτε
808 2807 1232 2885 στρατεύονται·
1270 2807 1367 2862 καὶ
1425 2811 1541 2868 πῶς
1588 2803 1941 2881 τιμωροῦνται

304 2898 353 2952 οἱ
411 2897 546 2956 κατᾶ
597 2900 702 2952 τῶν
748 2895 912 2974 ἁγίων
963 2893 1196 2954 συνόδων
1246 2895 1560 2975 γράφοντες,
1608 2893 1643 2962 ἢ
1695 2893 1944 2973 ἔχοντες,

300 2986 339 3055 ἢ
390 2983 850 3065 ἃναγινωσκοντες
905 2986 1043 3042 αὔτα
1074 3006 1086 3019 ⁸
1135 2986 1222 3041 καὶ
1253 2983 1332 3041 ὅτι
1364 2983 1422 3040 οὗ
1452 2984 1743 3040 θάπτονται
1786 2986 1946 3058 νομί-

302 3096 423 3152 μως
459 3095 473 3109 ·
520 3077 610 3132 καὶ
651 3074 733 3132 ὅτι
764 3079 824 3134 ού
867 3076 1100 3154 γίνονται
1132 3073 1507 3151 ἀξιωματικοί,
1559 3072 1590 3142 ἢ
1633 3074 1944 3153 συνήγοροι,

302 3166 341 3235 ἢ
368 3163 590 3243 ἔκδικοι,
617 3164 654 3233 ἢ
684 3163 912 3242 πατέρες
944 3163 1180 3243 πόλεων,
1212 3164 1449 3241 γίνονται
1480 3163 1568 3219 καὶ
1612 3160 1944 3240 κορτελῖνσι·

2033 575 2184 629 ctam
2212 567 2570 631 Trinitatem
2594 570 2654 629 in
2679 586 2797 629 una
2816 567 3040 629 deitate
3065 568 3191 646 pari
3211 576 3499 647 potestate
3527 586 3675 649 prte-

2035 656 2215 719 ditam
2250 678 2369 720 non
2403 656 3008 733 credit,Christianus
3041 674 3160 717 non
3193 655 3542 731 dicitur,sed
3578 674 3677 718 ve-

2033 748 2658 823 sanus,hzereticus,et
2681 747 2922 809 infamis
2945 756 3132 821 est,ac
3156 746 3503 827 punitur.Et
3526 747 3617 808 tit.
3640 748 3679 809 5

2036 838 2304 917 ejusdem
2328 837 2486 907 libri.
2514 846 2706 899 const.
2740 836 2802 901 2.
2831 838 2971 897 585
2994 835 3324 898 [hereticus
3342 845 3451 909 est,
3488 856 3555 899 ac
3587 838 3680 899 la-

2036 928 2109 988 tis
2138 929 2425 989 adversus
2460 927 2778 989 haereticos
2809 924 3040 1005 legibus
3072 927 3554 1008 succumbit,qui
3587 928 3675 988 vel

2034 1018 2341 1096 paululum
2372 1018 2445 1080 ab
2478 1018 2810 1080 orthodoxa
2830 1017 3095 1079 declinat
3119 1016 3340 1081 ﬁde.Et
3371 1030 3570 1079 const.
3602 1018 3678 1080 12

2030 1104 2299 1184 ejusdem
2335 1105 2453 1181 tit.,
2487 1105 2821 1168 Haereticus
2853 1113 2946 1166 est
2974 1104 3077 1185 qui
3111 1122 3228 1166 non
3260 1111 3351 1167 est
3382 1104 3677 1166 orthodo-

2032 1212 2164 1257 xus.
2197 1198 2400 1258 Const.
2434 1202 2493 1270 l,
2530 1195 2618 1258 tit.
2654 1195 2682 1255 1
2719 1192 3102 1256 Novellarum
3158 1194 3473 1256 haereticos
3505 1192 3674 1272 dicit,

2032 1282 2137 1360 qui
2171 1284 2613 1346 communicare
2646 1302 2765 1345 non
2798 1290 3064 1362 possunt.

2116 1371 2361 1435 Τεωῑιις.
2396 1372 2585 1435 Porro
2616 1391 2749 1453 quae
2775 1376 2853 1435 de
2880 1370 3186 1435 haereticis
3214 1369 3362 1451 [dici
3389 1370 3675 1454 debeant]

2031 1460 2093 1523 in
2126 1462 2224 1525 tit.
2255 1463 2316 1537 5,
2346 1460 2455 1527 lib.
2479 1479 2498 1523 ι
2522 1461 2654 1525 cod.
2686 1462 2915 1543 prolixe
2953 1460 3145 1523 relata
3167 1471 3327 1536 sunt,
3356 1461 3455 1523 ubi
3489 1462 3678 1542 privi-

2030 1550 2251 1628 legium
2286 1552 2531 1625 habere,
2555 1551 2803 1625 docere,
2828 1550 3083 1614 clericos
3108 1561 3405 1623 creare,et
3437 1550 3679 1631 publice

2033 1641 2120 1703 vel
2151 1640 2215 1702 in
2246 1640 2476 1703 aedibus
2507 1640 2979 1722 supplicationes
3023 1640 3222 1700 facere
3257 1639 3675 1719 prohibentur.

2029 1731 2271 1811 Alioqui
2293 1730 2560 1793 ofﬁcium
2586 1730 2847 1811 praefecti
2870 1728 3203 1811 [praetorio]
3228 1738 3469 1790 centum
3495 1729 3678 1792 libras

1972 1846 2009 1896 Β
2033 1819 2213 1899 [auri]
2245 1839 2258 1883 :
2286 1820 2680 1900 provinciales
2704 1838 2842 1883 vero
2867 1816 3210 1900 [officiales]
3243 1819 3680 1899 quinquaginta

2032 1910 2176 1971 dant
2204 1928 2217 1971 :
2245 1910 2294 1971 si
2323 1908 2612 1994 [ipsorum
2638 1910 2968 1991 permissu]
2994 1909 3110 1970 tale
3129 1907 3435 1988 quidpiam
3459 1907 3679 1969 factum

2031 1996 2424 2077 sit.[Habetur
2447 1999 2887 2080 ibidem].quod
2908 1997 3173 2078 ipsorum
3195 1997 3680 2076 congregationis

2030 2087 2161 2150 loca
2188 2088 2519 2150 orthodoxa
2550 2087 2822 2150 Ecclesia
2846 2087 3063 2168 capiat.
3097 2084 3267 2160 item,
3295 2088 3453 2166 quod
3484 2086 3676 2147 Mani-

2030 2177 2180 2238 cbaai
2231 2187 2292 2238 et
2339 2176 2664 2238 Donatistae
2723 2176 2929 2237 ultimo
2990 2174 3287 2255 supplicio
3317 2173 3674 2251 adiciantur,

1984 2301 1995 2310 -
2032 2266 2218 2347 [bona
2248 2268 2549 2350 ipsorum]
2579 2268 3414 2349 publicentur,testamentum
3437 2284 3556 2327 non
3587 2266 3674 2326 fa-

2029 2358 2213 2432 ciant,
2251 2359 2413 2420 nullo
2447 2361 2624 2420 modo
2647 2357 3259 2438 contrahant,liberos
3281 2356 3333 2417 si
3358 2357 3669 2418 orthodoxi

2030 2466 2147 2509 non
2168 2447 2287 2509 sint
2309 2448 2582 2510 haeredes
2607 2466 2728 2510 non
2756 2448 3037 2521 habeant,
3058 2456 3187 2525 post
3211 2455 3461 2507 mortem
3486 2464 3669 2507 accu-

2025 2547 2260 2615 sentur,
2295 2546 2355 2599 et
2409 2539 2673 2617 ipsorum
2729 2543 3084 2598 testamenta
3115 2533 3281 2595 irrita
3311 2533 3432 2594 sint
3460 2552 3474 2598 :
3508 2534 3669 2613 quod

2026 2624 2330 2707 [insuper]
2354 2625 2427 2688 ab
2453 2625 2703 2688 urbibus
2725 2624 3071 2705 ejiciantur:
3089 2621 3247 2704 quod
3270 2620 3430 2684 zedes
3449 2622 3509 2682 in
3533 2620 3669 2702 qui-

2028 2714 2137 2776 bus
2159 2716 2736 2779 hareticiconsensu
2751 2713 2978 2776 domini
3001 2710 3673 2791 congregantur,Eccle—

2026 2803 2129 2867 siis
2160 2803 2905 2886 applicentur.ltem.quod
2938 2822 2970 2865 a
3000 2800 3315 2864 curialium
3337 2809 3437 2862 aut
3457 2800 3672 2862 cohor-

2028 2893 2231 2955 talium
2268 2895 2483 2956 ofﬁciis
2543 2913 2663 2956 non
2723 2894 3086 2955 liberentur.
3152 2889 3324 2970 Item,
3360 2890 3517 2971 quod
3552 2909 3672 2952 non

2030 2990 2378 3045 construant
2406 2982 2996 3062 monasteria,neque
3022 2979 3305 3043 militent.
3338 2977 3673 3060 ltem.quo-

2031 3072 2209 3134 modo
2232 3080 2330 3154 qui
2352 3074 2639 3136 adversus
2661 3080 3045 3134 sacrosancta
3092 3067 3346 3132 concilia
3377 3068 3671 3146 scribunt,

2028 3169 2129 3224 aut
2160 3162 2325 3242 [talia
2358 3163 2605 3244 scripta]
2639 3162 2863 3224 habent
2891 3161 2981 3223 vel
3032 3160 3260 3239 legunt,
3320 3156 3670 3238 puniantur.

303 3255 393 3312 καὶ
424 3259 535 3317 πῶς
580 3254 975 3333 ἀναγκάζονται
1018 3255 1138 3317 τοὺς
1185 3252 1380 3318 παῖδας
1439 3249 1741 3330 ὁρθοδόξους
1787 3251 1943 3318 ὄντας

2031 3253 2366 3334 ltem,quod
2395 3252 2667 3331 legitime
2690 3249 3260 3331 sepeliantur.ltem,
3280 3247 3441 3329 quod
3471 3248 3672 3310 hono-

303 3345 536 3424 τρέφειν,
625 3347 716 3401 καὶ
788 3346 1011 3424 γράφειν
1091 3342 1485 3423 κληρονόμους,
1571 3342 1657 3398 καὶ
1745 3338 1943 3397 διδόναι

303 3436 490 3500 αύτοῖς
549 3447 775 3510 προῖκα,
823 3434 911 3490 καὶ
969 3434 1069 3511 πρὸ
1100 3433 1278 3513 γάμου
1308 3430 1509 3511 δωρεάς
1545 3447 1559 3462 ⁸
1611 3433 1697 3488 καὶ
1724 3426 1805 3487 ὅτι
1837 3436 1946 3487 τῶν

303 3524 506 3602 γονέων
588 3520 1098 3605 ἀμφισϐητούντων,
1184 3521 1624 3599 ἐπικρατέστερός
1702 3519 1845 3577 ἐστιν
1916 3521 1945 3577 ὁ

304 3612 475 3671 Θέλων
530 3618 599 3691 τῇ
652 3609 919 3691 ὀρθοδοξὲᾳ
976 3618 1099 3674 τοὺς
1159 3611 1357 3676 παῖδας
1413 3622 1804 3690 προσαγαγεῖν,
1857 3612 1945 3667 καὶ

306 3702 388 3760 ὅτι
448 3704 495 3759 οἱ
538 3700 801 3780 ὀρθόδοξοι
860 3699 1053 3766 παῖδες
1109 3700 1555 3777 πλημμελοῦντες
1607 3702 1682 3765 εἷς
1738 3701 1943 3777 αἶρετι-

304 3794 433 3856 κοὺς
493 3806 677 3870 γονεῖς
720 3794 1080 3870 τιμωροῦνται
1116 3807 1131 3822 ·
1201 3792 1287 3848 καὶ
1324 3790 1406 3847 ὅτι
1451 3790 1570 3848 οὔτε
1599 3790 1944 3867 βαπτίζουσιν

306 3886 353 3940 0i
411 3884 686 3959 αἱρετικοὶ,
747 3882 867 3939 οὒτε
910 3882 1273 3962 φροντίζουσιν
1304 3880 1340 3950 ἢ
1385 3882 1640 3939 διοικοῦσι
1674 3881 1849 3960 χωρία
1878 3877 1946 3935 δι’

307 3973 511 4032 ἑαυτῶν
540 3972 575 4041 ἢ
608 3973 964 4050 παρενθέτων,
1014 3972 1132 4029 οὔτε
1177 3969 1536 4047 παιδεύουσιν,
1583 3972 1698 4027 οὔτε
1743 3968 1949 4047 κληρο-

306 4072 586 4135 νομοῦσιν,
645 4060 764 4117 οὔτε
824 4062 1295 4139 πραγματεύονται
1355 4061 1503 4126 ἐντὸς
1585 4061 1741 4137 ἱερῶν
1794 4081 1947 4138 περι·

307 4148 486 4208 δόλων
518 4167 534 4184 ⁸
579 4151 667 4207 καὶ
714 4150 793 4207 ὅτι
853 4150 909 4206 ἐν
965 4148 1292 4229 δικαστηρίῳ
1347 4154 1409 4209 οὔ
1456 4156 1949 4227 καταμαρτυροῦσιν

309 4239 607 4319 ὀρθοδὸξου,
640 4241 684 4296 εἰ
717 4240 795 4315 μὴ
828 4240 902 4302 εἰς
932 4239 1312 4318 βουλευτήριον
1362 4238 1633 4319 ὀρθόδοξος
1681 4239 1893 4297 ἕλκοιτο
1929 4257 1946 4274 ο

274 4332 382 4394 ,ὥς
410 4327 549 4391 διάτ.
584 4327 635 4407 β’
692 4336 787 4386 τοῦ
835 4328 895 4396 η’
942 4329 1048 4391 τῖτ.
1080 4333 1186 4386 τῶν
1214 4336 1455 4408 Νεαρῶν,
1494 4328 1604 4386 ἔστι
1636 4326 1691 4384 δὶ
1723 4329 1950 4407 ἀριθμοῦ

307 4427 417 4477 τῶν
446 4419 586 4476 ὅλων
617 4417 711 4497 μβ’
747 4439 761 4455 ο
797 4418 851 4475 ἒν
880 4417 934 4475 δὲ
980 4420 1311 4484 τελευταίαις
1362 4420 1652 4496 βουλήσεσι
1681 4420 1769 4476 καὶ
1810 4441 1953 4494 συμ-

308 4506 543 4570 ϐουλίαις
604 4514 986 4587 μαρτυροῦσιν.
1023 4507 1322 4585 Ἀνάγνωθι
1377 4505 1442 4563 τά
1485 4507 1948 4587 παραγεγραμμέ-

2026 3358 2125 3403 res
2146 3359 2266 3403 non
2291 3352 2965 3423 consequantur,neque
2989 3339 3219 3420 patroni
3241 3355 3549 3400 causarum
3574 3346 3677 3400 aut
3760 3364 3769 3375 κ

2028 3430 2405 3505 defensores,
2437 3439 2536 3492 aut
2566 3430 2872 3494 civitatum
2900 3439 3122 3511 patres,
3157 3428 3261 3489 sed
3295 3427 3444 3489 viles
3475 3434 3533 3489 et
3561 3427 3673 3489 ab-

2017 3519 2167 3600 jecti
2196 3518 2518 3584 fiantJiem
2547 3518 2850 3600 quomodo
2871 3519 3094 3580 liberos
3125 3517 3489 3578 orthodoxos
3511 3516 3676 3578 alere

2028 3626 2098 3672 ac
2118 3608 2388 3670 hazredes
2399 3608 2967 3690 scribere,ipsisque
2990 3607 3193 3667 dotem
3212 3614 3269 3666 et
3289 3604 3672 3667 donationem

2031 3705 2279 3779 propter
2302 3697 2542 3778 nuptias
2559 3697 2703 3760 dare
2726 3694 3165 3776 compellantur
3194 3692 3532 3774 ltem,quod
3549 3692 3673 3775 [ex]

2031 3786 2386 3869 parentibus
2409 3787 2588 3865 [inter
2610 3787 2706 3868 se]
2731 3782 3239 3848 contendentibus
3259 3783 3310 3844 is
3333 3783 3670 3864 prmvaleat,

2031 3879 2130 3959 qui
2163 3877 2389 3941 liberos
2446 3878 2520 3940 ad
2557 3875 2952 3939 orthodoxam
2985 3875 3163 3936 fidem
3196 3873 3496 3935 adducere
3526 3874 3670 3936 vult.

2032 3966 2203 4043 ltem,
2237 3968 2395 4049 quod
2425 3966 2603 4029 liberi
2657 3964 2994 4039 orthodoxi,
3029 3963 3081 4026 si
3122 3962 3269 4041 quid
3301 3962 3360 4024 in
3395 3971 3675 4042 parentes

2033 4057 2355 4120 hmreticos
2377 4056 2753 4137 delinquant,
2780 4054 3277 4135 puniantur.ltem
3298 4051 3456 4132 quod
3478 4053 3672 4114 hatre-

2034 4146 2138 4210 tici
2164 4164 2285 4208 non
2306 4147 2627 4225 baptizent,
2657 4162 2854 4226 neque
2879 4162 2985 4224 per
3005 4162 3069 4205 se
3092 4142 3183 4205 vel
3207 4143 3364 4203 inter
3386 4141 3526 4202 584
3558 4160 3666 4221 po-

2032 4236 2177 4300 sitas
2209 4238 2534 4318 [personas]
2559 4237 2839 4315 regiones
2862 4241 3074 4297 curent
3103 4240 3200 4294 aut
3222 4231 3664 4311 administrent,

2032 4344 2227 4408 neque
2257 4327 2535 4399 doceant,
2562 4342 2758 4405 neque
2794 4321 3065 4385 haeredes
3096 4323 3258 4392 liant,
3295 4339 3491 4401 neque
3522 4320 3682 4381 intra

2036 4434 2205 4478 sacra
2226 4424 2396 4496 septa
2422 4414 2838 4493 negocientur.
2866 4410 3205 4492 Item,quod
3225 4410 3284 4472 in
3301 4410 3534 4490 judicio
3565 4411 3678 4473 ad-

2035 4524 2246 4567 versus
2278 4505 2671 4565 orthodoxum
2705 4501 3113 4564 testimonium
3149 4518 3268 4562 non
3299 4498 3524 4574 dicant,
3562 4498 3679 4561 nisi

308 4620 373 4656 να
399 4598 454 4655 ἐν
485 4604 559 4669 τῷ
589 4597 648 4665 η’
678 4620 801 4678 κεφ.
837 4610 928 4658 τοῦ
962 4597 997 4654 ι’
1033 4598 1136 4656 τίτ.
1172 4604 1265 4654 τοῦ
1322 4597 1589 4675 παρόντος
1634 4597 1947 4674 συντάγμα-

2036 4596 2085 4657 si
2109 4597 2168 4657 in
2192 4594 2424 4656 curiam
2461 4592 2828 4655 orthodoxus
2853 4590 3270 4672 protrahatur:
3299 4597 3364 4650 ut
3387 4598 3578 4652 const.

307 4709 400 4752 τος
431 4705 448 4724 ⁸

306 4776 455 4856 βιϐλ.
487 4784 578 4835 τοῦ
634 4775 774 4839 Κώδ.
807 4780 865 4833 ὲν
892 4778 939 4853 ᾦ
967 4780 1054 4834 καὶ
1085 4778 1179 4841 τὰς
1213 4777 1525 4854 συναγωγὰς
1587 4774 1760 4832 αὒτῶν
1806 4774 1950 4855 λέγει

311 4868 390 4943 μὴ
420 4869 818 4949 μιτατεύεσθαι,
879 4869 1018 4944 μήτε
1063 4868 1251 4930 αὐτοὺς
1309 4866 1365 4923 ἐν
1412 4878 1532 4930 τοῖς
1590 4862 1859 4923 Σάϐϐασιν
1914 4866 1950 4934 ἢ

307 4959 364 5016 ἰν
406 4973 530 5024 ταῖς
558 4960 771 5040 ἑορταῖς
804 4963 978 5019 αὐτῶν
1030 4957 1356 5034 σωματικῶς
1407 4956 1738 5035 λειτουργεῖν
1768 4974 1783 4988 '
1834 4955 1950 5014 οὔτε

307 5047 613 5126 ἑνάγονται,
671 5049 788 5106 οὔτε
848 5049 990 5126 παρὰ
1039 5053 1144 5105 τῶν
1178 5052 1510 5121 Χριστιανῶν
1540 5045 1949 5122 ἐπηρεάζονται,

311 5137 431 5195 οὔτε
489 5142 720 5215 γαμοῦσι
794 5138 1142 5216 Χριστιανὲις,
1214 5138 1301 5195 καὶ
1372 5134 1454 5192 ὅτι
1526 5136 1673 5194 αὐτοὶ
1722 5135 1780 5190 τὰ
1840 5133 1953 5193 ἴδια

312 5227 732 5307 ἀγορανομοῦσι,
794 5227 883 5284 καὶ
941 5225 1022 5284 ὅτι
1068 5227 1159 5284 ἰπὶ
1218 5231 1323 5282 τῶν
1377 5225 1567 5305 γάμων
1626 5226 1685 5281 οὗ
1746 5222 1952 5304 φυλάτ-

312 5336 457 5374 τουσι
491 5318 582 5373 τδν
626 5318 789 5393 νόμον
821 5320 1018 5391 αὐτῶν,
1050 5319 1139 5374 καὶ
1194 5314 1277 5374 ὅτι
1330 5315 1416 5373 ἰπὶ
1455 5315 1639 5392 μόνοις
1669 5336 1951 5395 χρηματι-

315 5406 429 5470 κοίς
457 5405 713 5470 δικαστὰς
754 5403 1038 5471 ἰουδαιοὺς
1085 5408 1344 5483 αἱρεῖσθαι
1391 5403 1635 5461 δύνανται
1667 5419 1681 5434 °
1736 5403 1830 5460 καὶ
1872 5404 1953 5462 ὅτι

312 5497 404 5552 τὸν
456 5496 849 5576 στεφανητικὸν
904 5497 1103 5554 κανόνα
1148 5497 1196 5554 οἱ
1239 5494 1459 5576 ἓξαρχοι
1503 5497 1677 5553 αὐτῶν
1733 5491 1954 5552 ἷδιοκιν-

314 5584 480 5651 δύνως
540 5587 817 5665 εἰσάγουσι
862 5599 988 5651 ταῖς
1049 5585 1374 5666 λσργιτιόςιι,
1406 5587 1495 5643 καὶ
1525 5582 1607 5642 ὅτι
1661 5581 1809 5642 οὐδὲν
1853 5585 1953 5643 αὒ-

311 5676 438 5748 τοὺς
470 5675 552 5738 δεῖ
581 5674 787 5759 τολμᾷν
817 5677 955 5736 κατὰ
982 5678 1333 5761 Χριστιανῶν,

508 4687 634 4762 περίἷ
691 4686 748 4744 δὲ
800 4685 1067 4746 Ἰουδαίων
1123 4684 1473 4764 διαλαμϐάνει
1505 4688 1530 4742 ὃ
1560 4683 1609 4742 ϐ’
1639 4687 1740 4750 τίτ,
1776 4685 1868 4744 τοῦ
1898 4683 1947 4742 α’

2037 4686 2123 4749 tit.
2149 4686 2185 4746 8
2206 4684 2756 4762 Novellarum,qua:
2772 4681 2832 4741 in
2854 4668 3306 4760 '[Novellarum]
3329 4695 3580 4758 corpore
3598 4676 3679 4738 ειν

2036 4784 2146 4851 est,
2181 4773 2441 4855 [tradit.]
2462 4774 2528 4832 In
2547 4769 2772 4832 ultimis
2797 4780 2997 4830 autem
3021 4766 3422 4831 voluntatibus
3446 4775 3504 4828 et
3525 4784 3676 4855 con-

2034 4854 2321 4926 tractibus
2353 4871 2537 4925 testes
2565 4860 2708 4923 sint.
2769 4859 2924 4938 Lege
2976 4877 3108 4938 qua:
3137 4857 3418 4919 adnotata
3447 4862 3584 4916 sunt
3612 4854 3677 4915 in

2034 4955 2237 5034 cap.8,
2265 4953 2357 5018 tit.
2383 4951 2455 5017 l0
2477 4950 2790 5033 praesentis
2816 4949 3338 5030 operis.Caeterum
3364 4942 3679 5008 deJudaais

2035 5044 2333 5121 tit.9,lib.t
2357 5041 2813 5117 cod.tractat,in
2841 5059 2959 5121 quo
2984 5036 3678 5117 dicitur,Synagogasip-

2036 5153 2238 5197 surum
2264 5133 2508 5215 hospitii
2538 5130 2979 5194 immunitatem
3005 5127 3250 5204 habere,
3286 5144 3481 5208 neque
3512 5124 3677 5206 ipsos

2041 5225 2100 5287 in
2123 5222 2399 5287 Sabbatis
2421 5232 2517 5285 aut
2536 5221 2703 5283 festis
2724 5222 2849 5283 suis
2872 5219 3263 5298 corporaliter
3282 5215 3540 5298 operari,
3575 5233 3679 5277 ne-

2037 5333 2156 5393 que
2180 5316 2237 5376 in
2254 5314 2356 5393 jus
2383 5313 2805 5391 vocari,neque
2827 5329 2860 5372 a
2879 5307 3233 5372 Christianis
3251 5303 3675 5383 vexari.[ltem,

2037 5403 2193 5484 quod
2213 5403 2402 5467 Judaei
2428 5402 2731 5481 mulieres]
2752 5398 3127 5463 Christianas
3149 5397 3208 5459 in
3229 5396 3676 5459 matrimonium

2039 5511 2158 5554 non
2181 5492 2681 5575 accipiant.ltem,
2709 5488 2867 5571 quod
2894 5486 3009 5570 ipsi
3035 5506 3236 5550 rerum
3261 5505 3501 5548 suarum
3539 5502 3676 5566 pre-

2039 5584 2118 5646 tia
2136 5579 2772 5661 statuant.ltem,quod
2793 5580 2855 5642 in
2881 5578 3244 5660 pecuniariis
3268 5577 3511 5658 [causis]
3533 5576 3684 5636 dun-

2042 5681 2198 5738 taxat
2223 5676 2492 5760 privatos
2516 5671 2754 5755 iudices
2777 5670 3002 5753 eligere
3021 5669 3280 5753 possint.
3314 5666 3487 5754 Item,
3518 5662 3680 5751 quod
