4134 6200
539 263 648 330 871

1721 243 1986 320 PHOTII
2042 255 2560 320 PATRIARCH/E
2603 244 2721 321 GP.

3777 247 3872 328 872

539 397 829 480 primates
855 394 1124 477 ipsorum
1160 408 1266 452 suo
1298 388 1564 480 periculo
1593 387 1725 450 auri
1751 387 2052 450 coronarii
2083 407 2378 452 canonem
2412 391 2830 473 largitionibus
2861 393 3145 460 inferant.
3191 396 3361 472 Item,
3395 393 3564 476 quod
3595 394 3877 462 adversum

539 479 912 552 Christianos
941 482 1088 546 nihil
1119 480 1255 542 illos
1281 479 1504 542 audere
1535 486 1827 560 oporteat.

621 589 788 656 CAP.
825 586 922 652 ιιι.
961 620 1033 633 --
1075 587 1162 648 De
1191 583 1375 647 libris
1407 583 1860 646 haereticorum.

976 689 1390 770 Apostolorum
1419 705 1618 752 canon
1650 686 1751 751 60.

615 800 698 864 60
721 795 1255 880 [59.]Siquisfalso
1275 793 1853 873 inscriptos,etc.,ut
1867 809 2011 873 pag.
2041 793 2182 858 590.

885 897 1149 962 Couoilii
1181 893 1424 959 Nicwni
1454 909 1499 956 ιι
1529 910 1728 954 canon
1758 892 1821 954 9.

617 1006 800 1084 Quod
849 1022 977 1070 non
1025 1009 1302 1084 oporteat
1357 999 1549 1063 libros
1603 999 2029 1062 hwreticorum
2081 1017 2184 1062 ce-

542 1099 694 1162 lare.

619 1200 721 1268 69.
747 1197 1009 1262 Puerilla
1044 1195 1244 1260 omnia
1277 1192 1918 1276 ludibria,furiosaque
1940 1212 2008 1255 ac
2033 1195 2186 1255 insa-

535 1311 612 1355 na
641 1291 800 1353 dicta
823 1300 886 1352 et
908 1287 1298 1368 scripta,quaa
1326 1283 1616 1345 adversus
1637 1291 1873 1343 sanctas
1893 1282 2184 1362 imagines

538 1382 699 1445 edita
723 1386 1131 1458 sunt,oportet
1160 1375 1289 1436 dari
1323 1374 1607 1454 episc0po
1641 1373 2184 1453 Constantinopoli-

534 1482 697 1544 tano,
732 1468 874 1531 585
906 1477 968 1528 ut
999 1486 1132 1528 cum
1165 1465 1418 1544 reliquis
1448 1463 1616 1524 libris
1667 1463 1970 1524 haereticis
1995 1482 2181 1543 repo-

536 1571 780 1623 nantur.
803 1558 865 1622 Si
898 1556 1032 1639 quis
1055 1566 1254 1618 autem
1289 1557 1413 1616 haec
1437 1554 1638 1616 celare
1669 1552 1944 1614 inventus
1977 1552 2178 1628 fuerit,

537 1651 587 1713 si
619 1650 696 1711 sit
727 1647 970 1730 quidem
1005 1643 1450 1727 episcopus,vel
1487 1642 1938 1724 presbyter,vel
1973 1641 2181 1703 diaco-

538 1759 678 1812 nus,
709 1740 1089 1818 deponatur:
1127 1734 1222 1797 sin
1248 1743 1448 1796 autem
1481 1733 1667 1795 laicus
1697 1731 1791 1793 vel
1826 1731 2181 1810 monachus,

535 1840 916 1909 segregetur.

624 1939 869 1999 Textus.
903 1931 1108 1996 Const.
1146 1930 1204 2001 3.
1241 1937 1330 1993 tit.
1365 1931 1425 2005 1,
1463 1931 1570 1993 lib.
1609 1949 1652 2011 ι,
1682 1929 1818 1992 cod.
1867 1930 1948 1992 ait
1981 1950 1993 1990 :
2030 1928 2179 1990 Por-
2204 1946 2241 1997 Β

535 2026 728 2110 phyrii
782 2024 1159 2102 aliorumque
1210 2018 2178 2110 haereticorumdailversusChri-

536 2108 763 2179 stianos
793 2114 930 2176 l-bri
962 2113 1421 2174 comburuntor.
1449 2109 1590 2188 lSic]
1622 2108 1876 2170 Nestorii
1912 2108 2180 2181 etiam,et

536 2207 881 2288 quicunque
907 2204 1150 2266 Nicaeae
1181 2201 1644 2282 Ephesinoque;
1679 2199 2045 2278 conciliis,et
2067 2199 2180 2278 Cy-

531 2297 671 2360 rillo
695 2291 1056 2374 [episcopos]
1077 2290 1774 2368 Alexandrino,quorum
1802 2289 1982 2350 ﬁdem
2008 2307 2182 2349 exce-

531 2387 678 2449 dere
710 2403 830 2445 non
894 2383 1056 2456 licet,
1116 2400 1235 2441 non
1268 2388 1623 2441 consonant.
1661 2377 1772 2450 Qui
1808 2396 1946 2439 vero
1981 2377 2180 2440 dictos

536 2477 725 2538 libros
757 2473 979 2534 habent
1013 2481 1072 2532 et
1099 2469 1549 2548 legunt,ultimo
1583 2466 1875 2546 supplicio
1906 2465 2180 2528 alliciun-

531 2573 650 2627 tur.
686 2561 816 2624 Titr
840 2565 898 2635 4,
933 2560 1172 2622 coustit.
1210 2561 1290 2622 10
1321 2576 1334 2618 :
1381 2557 1492 2630 Qui
1526 2555 1929 2619 mathematici
1977 2575 2178 2618 coram

533 2652 834 2734 episcopis
864 2650 1051 2711 libros
1082 2667 1226 2710 suos
1258 2666 1377 2709 non
1430 2655 1845 2718 concremant,
1882 2664 2075 2725 neque
2105 2645 2178 2707 ad

533 2741 928 2804 orthodoxam
964 2737 1140 2799 ﬁdem
1193 2737 1513 2810 accedunt,
1568 2736 1846 2796 omnibus
1877 2735 2181 2814 pelluntur

532 2829 899 2905 civitatibus;
932 2826 1160 2890 inventi
1191 2827 1605 2906 deportantur.
1640 2823 1752 2886 Tit.
1793 2826 1853 2892 5.
1888 2831 2129 2887 const.5
2160 2843 2175 2888 :

535 2920 677 2996 Quae
733 2917 1047 2982 Nestorius
1105 2917 1393 2978 adversus
1441 2914 1768 2976 concilium
1811 2912 2177 2992 Ephesinum

533 3011 776 3090 scripsit
807 3007 1033 3070 nemini
1065 3006 1312 3078 habere,
1347 3013 1452 3066 aut
1495 3004 1844 3066 describere
1877 3002 2038 3078 licet,
2073 3004 2177 3064 sed

534 3098 806 3164 comburi
845 3096 1132 3175 [debent]
1165 3097 1312 3157 Cum
1345 3104 1539 3155 autem
1569 3094 1644 3155 de
1676 3093 1794 3156 {ide
1819 3093 2174 3170 disputatur,

534 3208 655 3253 non
677 3198 767 3251 est
786 3187 1021 3248 illorum
1047 3185 1269 3246 mentio
1293 3183 1592 3246 facienda:
1620 3201 1813 3263 neque
1834 3182 2030 3263 [item]
2057 3181 2180 3242 ullo

536 3279 763 3361 privato
794 3283 931 3337 sunt
961 3275 1344 3354 suscipienda
1379 3274 1536 3364 loco,
1565 3271 1700 3364 “Qui
1745 3271 1937 3364 legem
1975 3281 2174 3364 tra_ns-
2195 3313 2236 3364 ε

536 3359 827 3447 ἐτεόῆυτ.
862 3365 1016 3445 [ejus
1037 3364 1384 3441 substantia]
1439 3361 1803 3441 publicatur,
1842 3361 2023 3423 Porro
2053 3359 2174 3423 Ne-

534 3456 782 3520 storiani
815 3474 933 3516 non
967 3452 1290 3516 Christiani
1333 3460 1640 3523 vocantur,
1675 3451 1782 3512 sed
1815 3449 2176 3532 Nestoriani,

531 3544 1038 3630 quemadmodum
1089 3541 1324 3615 Ariani,
1390 3540 1800 3622 Porphyriani.
1853 3540 2053 3604 Const.
2089 3542 2174 3603 8:

528 3637 690 3701 Nulli
710 3636 848 3697 licet
871 3642 1082 3696 contra
1104 3632 1660 3695 Chalcedonensem
1709 3631 2000 3712 synodum
2024 3631 2178 3691 scri-

531 3725 702 3794 bere,
727 3722 1212 3802 legere,dictare,
1235 3730 1336 3782 aut
1360 3720 1548 3782 libros
1568 3720 1793 3782 habere
1824 3738 1838 3782 :
1865 3719 2086 3799 alioqui
2117 3720 2179 3780 in

532 3822 887 3895 perpetuum
921 3811 1299 3893 deportatur.
1326 3810 1438 3884 Qui
1466 3810 1756 3891 [aliquem
1782 3809 2050 3890 illorum]
2083 3808 2178 3870 di-

529 3903 738 3967 scendi
770 3921 954 3965 causa
979 3901 1128 3974 adit,
1191 3902 1337 3963 ﬁsco
1377 3902 1587 3962 decem
1626 3899 1810 3960 libras
1843 3900 2021 3978 [auri]
2054 3900 2175 3963 dat.

529 3991 640 4066 Qui
663 4011 805 4053 vero
837 3993 1021 4054 vetita
1051 3991 1544 4069 docet,upremo
1568 3988 1833 4050 afficitur
1854 3988 2174 4067 supplicio.

528 4083 620 4146 Ad
649 4083 776 4144 haec
806 4100 1018 4143 omnes
1052 4079 1404 4159 Eutychetis
1433 4087 1614 4155 atque
1644 4077 2012 4156 Apollinaris
2043 4075 2182 4140 libri

528 4170 1192 4242 concremantor.Quod
1227 4175 1275 4229 si
1303 4165 1798 4250 [provinciarum]
1833 4166 2178 4229 moderato.

529 4279 654 4338 res,
691 4279 1023 4340 eorumque
1041 4258 1506 4337 apparitores,et
1525 4256 1868 4335 [civitatum]
1890 4256 2174 4318 defenso-

2203 583 2242 632 Α
2349 593 2599 647 ΚΕΦΑΛ.
2649 586 2727 651 Γ’.
2761 620 2840 634 -
2868 589 2992 668 Περὶ
3020 587 3239 668 βιϐλίων
3270 589 3573 668 αἱρετικῶν.

2776 694 2790 718 ¹
2802 695 3128 755 Αποστόλων
3160 697 3332 754 κανὼν
3363 694 3432 762 ξ’.

2349 795 2418 860 ξ’.
2453 795 2522 854 Εἴ
2551 820 2632 862 τις
2661 799 2726 855 τὰ
2755 797 3187 879 ψευδεπίγραφα,
3222 822 3276 862 κ.
3313 820 3365 864 τ,
3397 799 3452 859 λ.

2590 898 2819 958 Συνόδου
2849 901 3072 967 Νικαίας
3102 904 3163 958 τὸ
3201 901 3276 981 β’,
3305 903 3484 960 κανὼν
3515 902 3590 963 θ’.

2350 1004 2480 1079 Περὶ
2525 1009 2618 1060 τοῦ
2661 1004 2739 1076 μὴ
2809 1004 3060 1082 κρύπτειν
3117 1005 3238 1061 τινὰ
3292 1007 3392 1071 τῆς
3453 1027 3890 1086 χριστιανοκατη-

2269 1097 2491 1168 γορικῆς
2523 1092 2774 1166 αἱρέσεως
2806 1091 3032 1168 βιϐλίον,

2349 1197 2447 1262 Εθ’,
2485 1200 2662 1256 Πάντα
2710 1201 2774 1255 τά
2831 1201 3162 1279 μειρακιώδη
3206 1202 3505 1277 ἀθύρματα,
3541 1205 3632 1260 καὶ
3671 1203 3887 1278 μανιώδη

2267 1289 2623 1368 βακχεύματα
2708 1290 2773 1346 τὰ
2857 1289 3417 1370 ψευδοσυγγρᾶμματα
3477 1294 3546 1350 τὰ
3606 1293 3739 1350 κατὰ
3802 1302 3891 1350 τῶν

2266 1385 2477 1434 σεπτῶν
2521 1380 2739 1435 εἰκόνων
2796 1383 3083 1458 γενόμενα,
3129 1380 3247 1439 δέον
3289 1380 3514 1449 δοθῆναι
3576 1382 3631 1437 ἑν
3683 1388 3752 1457 τῷ
3783 1383 3887 1440 ἔπι-

2266 1470 2500 1543 σκοπείῳ
2561 1469 3199 1544 Κωνσταντινουπόλεως,
3262 1472 3357 1527 ἵνα
3413 1472 3716 1529 ἆποτεθῶσι
3773 1478 3886 1547 μετὰ

2264 1563 2370 1614 τῶν
2423 1556 2628 1614 λοιπῶν
2684 1562 2962 1637 αἱρετικῶν
3021 1557 3243 1636 βιϐλίων
3279 1578 3293 1590 ·
3352 1562 3396 1617 εἰ
3437 1560 3493 1616 δέ
3539 1584 3622 1625 τις
3681 1563 3885 1639 εὑρεθείη

2265 1657 2428 1706 ταῦτα
2471 1649 2740 1725 κρύπτων,
2817 1651 2862 1705 εἷ
2924 1649 3018 1724 μὲν
3072 1653 3384 1723 ἒπίσκοπος,
3437 1651 3474 1719 ἢ
3534 1650 3885 1730 πρεσϐύτερος,

2266 1738 2301 1805 ἢ
2331 1735 2572 1802 διάκονος
2605 1738 2722 1815 εἴη,
2758 1741 3106 1816 καθαιρείσθω
3140 1758 3152 1772 ⁶
3189 1743 3232 1796 εἰ
3262 1738 3316 1797 δὲ
3344 1740 3545 1805 λα’ίκδς
3576 1743 3612 1812 ἢ
3644 1744 3885 1822 μοναχὸς,

2266 1827 2615 1907 ἀφοριζέσθω.

2346 1925 2409 1992 Ἠ
2441 1935 2495 2010 γ’
2539 1934 2680 2000 διάτ,
2722 1943 2816 1994 τοῦ
2859 1937 2912 1993 α’
2957 1937 3060 2000 τίτ,
3096 1944 3188 1994 τοῦ
3220 1939 3270 1994 α’
3301 1937 3447 2016 βιϐλ.
3485 1947 3578 1998 τοῦ
3608 1939 3735 1999 κιῖύδ.
3792 1965 3883 2022 φη-

2261 2048 2343 2082 σιν
2379 2043 2394 2057 ⁵
2455 2027 2530 2084 Τὰ
2587 2027 2724 2084 κατὰ
2809 2030 3141 2104 Χριστιανῶν
3217 2030 3516 2108 Πορφυρίου
3598 2032 3685 2087 καὶ
3733 2030 3886 2088 ἄλλων

2262 2115 2651 2194 συγγράμματα
2733 2117 3090 2192 καιέσθωσαν,
3174 2119 3269 2176 καὶ
3329 2122 3396 2176 τὰ
3456 2120 3763 2196 Νεστορίου,
3815 2125 3888 2178 καὶ

2261 2205 2360 2262 ὅσα
2421 2229 2498 2280 μη
2544 2219 2823 2286 συμφωνεῖ
2867 2221 2991 2273 ’ταῖς
3036 2208 3092 2264 ἐν
3139 2209 3330 2280 Νικαίᾳ
3391 2212 3484 2266 καὶ
3548 2207 3750 2290 Ἐφέσῳ
3784 2233 3888 2267 συν-

2261 2293 2430 2368 όδοις,
2491 2295 2586 2351 καί
2649 2295 2888 2374 Κυριλλω
2944 2300 3021 2370 τῷ
3078 2295 3506 2378 Ἀλεξανδρείας,
3547 2301 3622 2353 ὧν
3673 2303 3763 2356 οὐκ
3815 2299 3888 2364 ἔξ-

2261 2406 2375 2442 εστι
2406 2384 2708 2464 παρεξιέναι
2755 2388 2849 2454 τὴν
2896 2389 3074 2442 πίστιν
3108 2402 3122 2416 ⁸
3174 2389 3220 2444 οἱ
3250 2387 3305 2443 δὲ
3336 2390 3401 2444 τὰ
3445 2387 3708 2468 λεχθέντα
3736 2387 3891 2465 βιϐλία

2261 2474 2482 2554 ἔχοντες
2541 2477 2628 2530 καὶ
2686 2474 3163 2554 ἂναγινώσκοντες,
3220 2478 3471 2557 ἐσχάτως
3531 2486 3886 2556 τιμωροῦνται.

2262 2564 2374 2621 Τίτ.
2411 2561 2458 2618 δ’
2494 2561 2634 2624 διάτ.
2671 2563 2707 2619 ι’
2746 2579 2759 2594 ⁸
2797 2567 2856 2622 Οἱ
2890 2569 3256 2640 μαθηματικοὶ
3287 2568 3366 2640 μὴ
3403 2569 3649 2637 καίοντες
3697 2567 3774 2624 ἐπὶ
3802 2574 3886 2623 τῶν

2264 2652 2573 2708 ἐπισκόπων
2630 2654 2728 2716 τὰς
2797 2651 3010 2729 βίϐλους
3088 2654 3286 2726 αὐτῶν,
3348 2657 3444 2712 καί
3508 2663 3577 2734 τῇ
3652 2656 3888 2732 ὀρθοδοξίᾳ

2262 2743 2572 2818 προσιόντες
2605 2743 2783 2809 πάσης
2840 2742 3175 2801 ἆπωθοῦνται
3236 2744 3448 2809 πόλεως
3481 2766 3498 2782 ο
3549 2749 3884 2827 εὑρισκόμενοι

2261 2829 2316 2887 δὲ
2360 2835 2414 2887 ἓν
2446 2830 2660 2910 πόλεσι,
2693 2830 3197 2910 δεπορτατεύονται,
3244 2835 3356 2899 Τίτ,
3404 2835 3449 2892 ε’
3497 2836 3637 2895 διάτ.
3695 2837 3753 2911 ς·
3781 2853 3794 2866 ⁸
3824 2837 3884 2893 Τὰ

2261 2921 2529 3001 γραφέντα
2588 2921 2856 2998 Νεστορίομ
2941 2925 3077 2980 κατὰ
3156 2925 3254 2992 τῆς
3312 2925 3367 2981 ἐν
3421 2925 3636 3006 Ἐφέσῳ
3696 2923 3881 2982 συνόδου

2264 3014 2360 3068 οὒκ
2388 3009 2586 3075 ἔξεστιν
2624 3008 2797 3090 ἒχειν,
2835 3011 3308 3090 ἢᾶναγινώσκειν,
3361 3015 3395 3083 ἢ
3451 3018 3877 3094 μεταγράτρισθαι,

2262 3099 2401 3158 ἀλλὰ
2444 3108 2682 3156 καίονται
2717 3117 2732 3134 '
2784 3101 2838 3157 ἐν
2883 3107 2960 3174 τῷ
3011 3110 3200 3174 ζητεῖν
3257 3107 3428 3160 αὐτῶν
3475 3110 3595 3183 περὶ
3652 3109 3875 3176 πίστεως,

2262 3188 2321 3245 οὒ
2363 3186 2447 3244 δεῖ
2490 3189 2664 3247 αὖτῶν
2713 3194 3017 3264 μεμνῆσθαι
3052 3207 3068 3223 '
3130 3191 3248 3250 οὔτε
3281 3191 3366 3250 δεῖ
3396 3195 3591 3255 αὐτοὺς
3623 3194 3675 3251 ἐν
3705 3193 3876 3256 οἷοιδῆ-

2263 3299 2392 3334 ποτε
2421 3276 2535 3351 ἰδίῳ
2595 3279 2740 3351 τόπῳ
2783 3277 3031 3360 δέχεσθαι
3068 3301 3080 3314 ’
3117 3285 3143 3338 ὃ
3184 3281 3238 3338 δὲ
3285 3282 3627 3363 παραϐαίνων
3686 3287 3770 3340 τὸν
3797 3284 3877 3339 vd-

2260 3391 2386 3444 μον,
2447 3366 2738 3441 δημεύεται
2771 3385 2790 3405 ⁶
2863 3373 2923 3428 οὐ
2999 3369 3246 3448 λέγονται
3307 3371 3361 3428 δὲ
3435 3377 3485 3430 οἱ
3558 3373 3877 3452 Νεστοριανοὶ

2261 3459 2588 3535 Χριστιανοὶ,
2633 3457 2771 3514 ἀλλὰ
2830 3461 3166 3534 Σομωνιανοί
3201 3480 3214 3494 ’
3263 3462 3444 3543 ὥσπερ
3517 3469 3565 3522 οἱ
3612 3465 3873 3540 Ἀρειανοὶ,

2261 3547 2637 3626 Πορφυριανοί,
2704 3547 2857 3610 Διάτ,
2903 3547 2985 3616 η’.
3034 3547 3222 3608 Οὐδενί
3283 3551 3450 3617 ἔξεστι
3498 3556 3637 3612 κατὰ
3691 3559 3781 3622 τῆς
3831 3553 3876 3608 ἐν

2261 3633 2564 3702 Χαλκηδόνι
2616 3635 2831 3694 συνόδου
2879 3640 3099 3718 γράφειν
3141 3639 3174 3708 ἢ
3206 3640 3598 3719 ἀναγινώσκειν
3626 3644 3660 3712 ἢ
3692 3646 3876 3720 ὑπαγο-

2263 3726 2430 3806 ρεύειν
2488 3725 2524 3794 ἢ
2586 3723 2736 3806 ἔχειν
2793 3729 3108 3805 γράμματα,
3173 3730 3287 3788 ἐπεὶ
3332 3730 3595 3799 διηνεκῶς
3641 3733 3876 3810 δεπορτα·

2262 3816 2468 3873 τεύεται
2503 3831 2522 3852 ⁶
2555 3817 2645 3872 καὶ
2693 3819 2721 3873 ὁ
2766 3817 3074 3894 προσελθὼν
3107 3820 3192 3876 ἐπὶ
3243 3828 3320 3895 τῷ
3357 3826 3580 3899 μαθεῖν,
3634 3824 3670 3880 ι’
3724 3821 3875 3898 λίτρας

2263 3903 2439 3961 δίδωσι
2487 3912 2561 3980 τῷ
2605 3907 2778 3986 φίσκῳ
2811 3925 2826 3940 ⁶
2878 3909 2968 3964 καὶ
3011 3911 3038 3966 ὁ
3083 3906 3343 3967 διδάσκων
3405 3913 3470 3969 τὰ
3530 3911 3872 3988 κεκωλυμένα,

2261 3994 2508 4076 ἐσχάτως
2585 4009 2952 4075 τιμωρεῖται·
3031 3995 3206 4056 πάντα
3267 3999 3322 4056 δὲ
3407 4002 3472 4058 τὰ
3551 4004 3875 4081 συγράμματα

2261 4087 2530 4164 Εὖτυχοῦς
2575 4087 2664 4142 καὶ
2709 4084 3108 4164 Ἀπολιναρίου,
3154 4090 3484 4148 καίεσθωσαν
3519 4112 3534 4127 ο
3587 4096 3628 4149 εἰ
3657 4092 3873 4148 δὲταῦτα

2259 4172 2546 4253 παρίδωσιν
2599 4177 2645 4232 οἱ
2689 4175 2973 4255 ἄρχοντες,
3009 4180 3044 4246 ἢ
3105 4181 3157 4234 αἱ
3201 4178 3374 4246 τάξεις
3428 4183 3625 4256 αὐτῶν,
3659 4184 3693 4250 ἢ
3722 4183 3766 4237 οἱ
3805 4179 3872 4236 ἔκ·

2257 4261 2418 4343 δικοι,
2483 4264 2613 4349 ἀπὸΔ
2659 4263 2784 4321 δέκα
2857 4266 3051 4340 λιτρῶν
3109 4269 3184 4330 τῶ
3249 4271 3422 4349 φίσκῳ
3475 4277 3869 4349 προστιμῶνται.

528 4367 629 4412 res
663 4368 784 4410 non
815 4347 1352 4421 observaveriut,in
1379 4347 1565 4408 denas
1597 4345 1780 4406 libras
1813 4345 1999 4426 [auri]
2036 4347 2178 4409 ﬁsco

2263 4353 2416 4416 Διάτ,
2453 4354 2576 4428 ις’·
2601 4345 2658 4413 t0
2691 4354 2838 4434 ἔχων
2867 4354 3060 4431 βιϐλία
3095 4345 3528 4440 Μανιχξαϊκὰμαῖ
3561 4363 3638 4437 μὴ
3660 4345 3867 4441 (ρανερῶν

531 4440 878 4528 multantur.
913 4437 1163 4528 Cpnstit.
1202 4437 1274 4498 )6
1305 4453 1325 4528 _:
1359 4435 1469 4510 Qui
1500 4435 1959 4528 Manichaeorum
1991 4435 2177 4498 libros

2260 4443 2390 4499 αὐτὰ
2447 4441 2532 4500 ἰπὶ
2588 4451 2665 4518 τῷ
2720 4449 3001 4528 καυθῆναι,
3062 4435 3607 4524 τιμωρεῖταιξΚαὶῆ
3664 4435 3707 4506 ε’
3747 4449 3866 4505 διατι

527 4527 938 4622 habet,neque
963 4526 1023 4622 in
1046 4525 1426 4622 propatul_um
1449 4526 1681 4622 profert
1701 4534 1767 4586 ut
1786 4544 2176 4622 concremen-

2260 4539 2347 4589 τοῦ
2403 4532 2455 4588 α’
2500 4535 2602 4596 τίτ,
2664 4541 2773 4591 τῶν
2833 4544 3049 4613 Νεαρῶν
3116 4537 3321 4596 κελεύει
3386 4541 3500 4604 τοὺς
3548 4541 3766 4622 ἔχοντας
3819 4538 3868 4592 τὰ

529 4629 651 4709 tur,
681 4616 943 4709 punitur.
981 4615 1052 4709 Et
1080 4623 1274 4709 const.
1311 4618 1370 4691 5,
1422 4616 1538 4709 tit._
1563 4619 1588 4709 ρ
1628 4615 2032 4709 Novellarum,
2068 4634 2171 4677 eos

2260 4620 2489 4698 Σεϐἧρου
2533 4625 2927 4702 συγγράμματα
2979 4627 3066 4683 καὶ
3119 4629 3198 4701 μὴ
3253 4628 3502 4696 καίοντας
3546 4615 3697 4709 “Sta,
3757 4648 3867 4707 χει·

527 4707 632 4788 qui
663 4706 872 4772 Severi
921 4706 1149 4787 scripta
1180 4705 1422 4779 habent,
1456 4705 1597 4767 586
1645 4725 1755 4768 nec
1784 4706 2167 4780 comburunt,

527 4797 806 4860 manibus
832 4795 1309 4877 mutilarijubet.
1335 4795 1492 4859 Dicit
1516 4814 1651 4858 vero
1671 4798 1850 4858 etiam
1876 4796 2047 4868 lib.x,
2077 4801 2168 4860 tit.

526 4887 588 4963 2,
621 4888 883 4968 digest.4
912 4887 1108 4950 :Iuter
1135 4885 1402 4949 liaaredes
1424 4906 1542 4948 non
1571 4885 1920 4948 dividuntur
1949 4885 2172 4968 reperti

530 4977 593 5039 in
629 4977 980 5040 haereditate
1040 4977 1256 5056 magici
1316 4976 1481 5051 libri,
1533 4977 1637 5037 sed
1676 4973 1922 5036 arbitrio
1946 4975 2173 5055 judicis

527 5075 1024 5146 corrumpuntur.
1055 5067 1312 5130 Constit.
1341 5068 1401 5141 5,
1439 5066 1528 5128 tit.
1566 5066 1602 5126 3
1631 5063 2005 5126 Novellarum
2041 5083 2172 5146 per-

527 5153 710 5217 mittit
738 5155 960 5217 .ludaeis
992 5163 1056 5216 ut
1085 5155 1144 5216 in
1177 5155 1502 5236 Synagogis
1522 5155 1650 5216 suis
1694 5154 1896 5218 Graece
1919 5155 2172 5236 aliisque

524 5243 747 5320 linguis
778 5263 883 5325 pro
938 5244 1202 5306 locorum
1248 5245 1520 5326 [ratione]
1553 5243 1889 5327 Scripturas
1920 5246 2119 5322 legant
2154 5267 2166 5304 :

525 5333 753 5415 [idque]
805 5333 1139 5396 secundum
1198 5335 1585 5416 Septuaginta
1623 5345 1681 5397 et
1713 5336 1942 5417 Aquilae
1971 5335 2169 5398 inter—

523 5423 946 5506 pretationem.
980 5421 1090 5496 Qui
1126 5442 1265 5487 vero
1297 5425 1450 5488 hanc
1481 5425 1806 5488 lectionem
1863 5425 2167 5510 prohibet,

522 5511 843 5600 publicatis
872 5511 1106 5598 [bonis]
1133 5515 1588 5580 exterminatur.

2252 4715 2622 4790 ροκοπεῖσθαι.
2686 4714 2844 4792 Λέγει
2901 4714 2956 4771 δὲ
3020 4717 3115 4772 καὶ
3148 4713 3298 4793 βιϐλ.
3335 4717 3371 4775 ι’
3403 4720 3507 4783 τίτ,
3541 4719 3617 4796 β’,
3651 4718 3776 4776 διάτ.
3808 4714 3865 4787 δ’,

2252 4801 2358 4864 ὅτι,
2406 4806 2480 4861 Ού
2509 4799 2837 4882 διαιροῦνται
2884 4805 3080 4882 μεταξὺ
3111 4812 3218 4862 τῶν
3249 4808 3602 4886 κληρονόμων
3642 4812 3703 4869 τὰ
3732 4809 3780 4865 ἐν
3816 4810 3870 4879 τῇ

2253 4889 2584 4970 κληρονομίᾳ
2641 4895 2918 4972 εὑρεθέντα
2992 4897 3196 4974 μαγικὰ
3267 4895 3471 4974 βιϐλία,
3537 4899 3672 4957 ἀλλὰ
3739 4897 3868 4954 δοκι·

2255 4982 2421 5056 μασίᾳ
2463 4989 2558 5039 τοῦ
2599 4980 2853 5042 δικαστοῦ
2904 4987 3226 5065 φθείρονται,
3261 4986 3324 5043 Ἦ
3360 4987 3413 5043 δὲ
3446 4986 3491 5045 ε’
3524 4989 3658 5053 δίάτ,
3718 4994 3792 5046 τοῦ
3827 4979 3868 5059 γ’

2253 5070 2367 5133 τίτ.
2415 5077 2521 5128 τῶν
2567 5081 2782 5154 Νεαρῶν
2842 5075 3114 5154 ἐπιτρέπει
3175 5091 3293 5138 ’τοῖς
3350 5078 3623 5141 Ἰουδαίοις
3667 5080 3716 5136 ἐν
3767 5088 3868 5135 ταῖς

2257 5168 2608 5242 Συναγωγαϊς
2675 5165 2844 5221 αὐτῶν
2917 5168 3004 5222 καὶ
3046 5165 3352 5234 Ἑλληνιστὶ
3401 5171 3495 5226 καῖ
3551 5184 3668 5235 ταῖς
3709 5166 3868 5226 ἄλλαις

2255 5247 2556 5314 διαλέκτοις
2601 5255 2730 5332 πρὸς
2795 5255 2916 5316 τοὺς
2976 5255 3172 5320 τόπους
3235 5258 3328 5321 τὰς
3379 5261 3585 5338 Γραφὰς
3629 5254 3864 5334 ἀναγινώ-

2254 5361 2426 5414 σκειν,
2473 5343 2610 5399 κατὰ
2655 5344 2751 5399 τὰν
2803 5349 2910 5400 τῶν
2943 5344 3005 5403 O'
3045 5348 3132 5402 καὶ
3176 5346 3274 5412 τὴν
3325 5343 3529 5406 Ἀκύλα
3558 5346 3822 5428 παράδοσιν
3849 5358 3860 5372 ⁸

2255 5429 2282 5486 ὃ
2313 5428 2495 5498 δὲτὴν
2537 5433 2792 5503 τοιαύτην
2821 5433 3044 5494 κωλύων
3097 5435 3418 5516 ἀνάγνωσιν,
3456 5435 3731 5520 δημεύεται
3783 5432 3862 5492 καί

2253 5518 2561 5598 ἐξορίζεται,
