4134 6200
208 290 322 367 873

291 455 544 512 ΚΕΦΑΛ,
580 438 665 512 Δ’.
697 451 823 527 Περὶ
850 447 1208 524 καθαιρέσεως
1236 446 1460 513 ξοάνων.

456 537 686 596 Συνόδου
718 535 1094 616 Καρθαγέννης
1123 537 1298 593 κανὼν
1332 535 1446 616 vn’,
1478 533 1596 594 πδ¹.

287 631 411 708 Περὶ
514 629 620 685 τῶδ
731 625 1255 705 ἰγκαταλειμμάτων
1367 632 1477 682 τῶν
1590 621 1850 697 εἰδώλων,

207 722 296 778 καὶ
349 725 491 776 ναῶν
540 724 648 776 τῶν
707 716 1035 798 ὀφειλόντων
1089 715 1489 794 ἐξαλειφθῆναι,
1562 717 1638 770 ὧν
1695 713 1856 793 χάριν

206 815 424 878 αἱτῆσαι
553 807 638 864 δεῖ
767 809 890 871 τοὺς
1021 805 1584 882 θρησκευτικωτάτους
1693 804 1856 881 βασι-

205 901 351 962 λετς.

290 924 403 1058 :n'.
463 987 634 1044 σΩστε
705 987 772 1043 τὰ
831 984 1313 1064 ἐγκαταλείμματα
1357 989 1464 1040 τῶν
1521 982 1752 1040 εἰδώλων
1792 982 1860 1039 τὰ

202 1081 343 1138 κατὰ
399 1085 577 1136 πᾶσαν
634 1077 736 1145 τὴν
791 1074 1080 1156 Ἀφρικὴν,
1117 1073 1369 1131 κελεύσαι
1411 1072 1690 1137 παντελῶς
1735 1072 1860 1130 ἀναν

206 1174 466 1236 κοπῆναι·
501 1167 590 1223 καὶ
648 1166 750 1243 γὰρ
805 1163 860 1221 ἐν
903 1163 1135 1228 πολλοῖς
1179 1163 1368 1228 τόποις
1403 1161 1856 1238 παραθαλασσίοις

206 1260 301 1316 καί
334 1256 606 1336 διαφόροις
651 1255 931 1327 κτήσεσιν,
967 1253 1195 1329 ἀκμάζει
1240 1251 1318 1308 ἔτι
1349 1256 1450 1319 τῆς
1481 1250 1692 1318 πλάνης
1724 1250 1857 1308 ταύ-

205 1371 305 1415 της
363 1349 398 1416 ἡ
452 1343 629 1402 ἀδικία
663 1361 678 1376 ⁶
743 1343 836 1398 ’ίνα
880 1341 1300 1421 παραγγελθὼσι
1344 1341 1443 1399 καί
1471 1341 1603 1398 αὐτὰ
1634 1339 1859 1396 ἆπαλει-

209 1438 425 1518 φθῆναι,
483 1435 572 1492 καὶ
625 1436 673 1489 οἱ
733 1433 846 1491 ναοὶ
903 1434 1076 1490 αὐτῶν
1116 1435 1164 1488 οἱ
1205 1431 1258 1489 ἐν
1302 1444 1422 1496 τοῖς
1467 1431 1656 1510 ἀγροῖς
1687 1430 1772 1486 καὶ
1802 1429 1857 1484 ὲν

209 1523 712 1602 ἀποκεκρυμμένοις
777 1521 994 1597 τόποις,
1083 1523 1254 1601 χωρίς
1345 1541 1482 1584 τινος
1571 1519 1858 1594 εὐκοσμίας

208 1616 568 1688 καθεστῶτες,
646 1611 808 1671 παντί
893 1611 1076 1688 τρόπῳ
1158 1609 1484 1668 κελευσθῶσι
1551 1628 1860 1687 καταστρα-

210 1711 400 1787 φῆναμ

211 1907 327 1947 ναι.

289 1974 405 2039 πδ’,
455 1965 687 2050 Ὀμοίως
759 1971 948 2052 ἤρεσεν
993 1971 1274 2039 αίτηθῆναι
1318 1971 1425 2028 ἀπὸ
1453 1972 1561 2026 τῶν
1591 1966 1860 2034 ἐνδοξοτά-

209 2088 318 2122 των
382 2063 671 2142 βασιλέων,
732 2062 828 2120 ἵνα
870 2063 936 2121 τὰ
994 2061 1224 2138 λείψανα
1277 2059 1374 2128 τῆς
1425 2057 1861 2135 εἰδωλολατρείας

209 2156 289 2232 μὴ
328 2156 495 2231 μόνον
548 2155 614 2210 τὰ
671 2155 726 2209 ἓν
782 2151 1014 2226 ξοάνοις,
1062 2150 1201 2207 ἀλλὰ
1261 2150 1350 2206 καὶ
1409 2149 1463 2205 ἐν
1520 2145 1860 2218 οἷοισδήποτε

207 2245 424 2319 τόποις,
471 2243 507 2312 ἢ
555 2241 801 2323 ἄλσεσιν,
847 2240 883 2310 ἢ
924 2239 1183 2319 δένδροις,
1229 2239 1388 2296 παντὶ
1430 2237 1615 2317 τρόπῳ
1653 2235 1861 2303 ἐξαλει-

209 2338 437 2415 φθῶσιν.

294 2417 358 2481 Ἠ
408 2412 461 2480 α’
489 2421 632 2486 διάτ,
667 2425 760 2478 τοῦ
795 2419 874 2476 ια’
900 2421 1007 2482 τίτ.
1062 2424 1155 2476 τοῦ
1198 2406 1254 2475 α’
1281 2413 1429 2494 βιϐλ.
1475 2424 1567 2475 τοῦ
1594 2413 1725 2474 κώδ.
1761 2434 1860 2471 κε-

208 2514 355 2571 λεύει
388 2514 455 2570 τὰ
482 2513 596 2592 ἱερὰ
625 2509 922 2572 κλείεσθαι.

291 2608 549 2664 ΚΕΦΑΛ.
585 2600 676 2663 E’.
707 2631 783 2648 --
816 2600 942 2677 Περὶ
999 2599 1310 2679 Νεστορίου,
1351 2595 1643 2670 Μουσαίου,
1688 2595 1856 2652 Εὔτυ-

207 2703 429 2776 χιανοῢ,
505 2689 776 2769 Μαξίμου,
847 2689 1163 2769 Πορφυρίου,
1222 2687 1333 2776 καί,
1380 2691 1486 2776 τῶν
1536 2682 1860 2776 ὑπ”-αὒτηῶν

205 2771 589 2844 καταστάντων
675 2781 983 2860 αἱρετικῶν,
1072 2778 1108 2847 ἢ
1193 2775 1485 2855 ὀρθοὸόξων
1558 2771 1858 2842 ἐκϐληθέν-

210 2897 344 2940 των.

455 2959 685 3019 Συνόδου
715 2956 1303 3020 Κωσταντινουπόλεως
1335 2954 1512 3013 κανὼν
1543 2953 1621 3015 δ’.

288 3043 363 3116 δ’,
404 3053 528 3130 Περὶ
586 3050 828 3127 Μαξίμου
883 3055 977 3104 τοῦ
1035 3053 1249 3104 κυνικοῦ
1293 3045 1380 3102 καὶ
1421 3045 1518 3113 τῆς
1550 3043 1668 3102 κατ’
1702 3040 1858 3099 αὒτὸν

205 3144 451 3217 ἀταξίας,
511 3146 612 3209 τῆς
692 3139 746 3196 ἐν
819 3135 1438 3198 Κωνσταντινουπόλεως
1508 3132 1806 3213 γενομένης
1839 3149 1853 3164 ·

914 291 1336 367 SYNTAGMA
1379 287 1783 367 CANONUM.
1843 327 1910 344 -
1981 295 2138 362 Tl'I‘.
2186 289 2326 378 XII,
2376 292 2541 364 CAP.
2591 286 2798 362 III-V.

1866 461 1903 500 Α
2009 442 2184 504 CAP.
2215 438 2316 504 IV.
2344 475 2422 488 -
2442 440 2525 502 De
2551 438 2934 505 destruendis
2959 438 3142 501 idolis
3162 455 3269 503 seu
3285 437 3584 504 delubris.

3466 291 3587 364 874

2078 531 2340 594 Concilii
2372 530 2882 614 Carthaginensis
2909 547 3171 595 canones
3202 531 3304 605 58,
3337 530 3441 594 84.

2022 622 2107 684 De
2158 621 2440 701 reliquiis
2490 621 2819 696 idolorum,
2854 627 2912 684 et
2960 618 3201 702 templis
3249 619 3582 702 abolendis,

1939 727 2201 863 quoriflm
2232 727 2420 863 causa
2474 715 2877 792 imperatores
2903 710 3178 790 piissimi
3205 717 3352 773 sunt
3376 712 3586 790 preci-

1942 802 2047 863 bus
2076 819 2112 862 a
2157 818 2269 863 eun
2317 802 2362 863 i.

2021 979 2118 1044 58.
2140 981 2370 1043 Instant
2395 979 2459 1031 94
2488 979 2668 1044 etiam
2701 978 2836 1042 aliae
2866 978 3257 1043 necessitates
3288 980 3587 1061 religiosis

1942 1069 2412 1149 imperatoribus
2442 1069 2840 1152 postulandae,
2874 1078 2939 1132 ut
2967 1068 3257 1150 reliquias
3286 1069 3587 1132 idolorum

1944 1176 2050 1240 per
2078 1177 2318 1222 omnem
2350 1160 2623 1224 Africam
2672 1158 2928 1238 Jubeant
2977 1160 3214 1241 penitus
3244 1161 3587 1240 amputari;

1941 1265 2076 1308 nam
2105 1246 2409 1329 plerisque
2439 1249 2501 1311 in
2551 1247 2701 1310 locis
2751 1248 3097 1324 maritimis,
3130 1255 3310 1328 atque
3345 1267 3588 1327 posses-

1941 1336 2216 1398 sionibus
2246 1337 2502 1401 diversis
2547 1336 2741 1400 adhuc
2801 1338 3028 1401 erroris
3077 1337 3250 1400 istius
3308 1338 3590 1420 iniquitas

1943 1427 2140 1506 viget:
2176 1435 2239 1489 ut
2265 1427 2689 1510 praecipiantur
2718 1435 2777 1489 et
2805 1427 2967 1510 ipsas
2998 1428 3216 1499 deleri,
3254 1435 3314 1489 et
3368 1429 3592 1508 templa

1943 1534 2154 1578 eorum
2198 1534 2330 1598 qum
2358 1517 2421 1579 in
2454 1518 2631 1597 agris,
2666 1515 2760 1579 vel
2791 1517 2856 1578 in
2917 1517 3071 1580 locis
3101 1516 3324 1580 abditis
3355 1517 3586 1579 consti-

1944 1615 2068 1669 tuta
2103 1607 2268 1669 nullo
2301 1614 2656 1671 ornamento
2678 1615 2842 1683 sunt,
2868 1607 3203 1688 jubeantur
3237 1606 3587 1671 omnimodo

1944 1696 2197 1761 destrui.

293 1749 429 1874 Hegi.
516 1800 611 1852 τοῦ
690 1793 757 1852 τὰ
813 1791 1044 1868 λείψανα
1103 1796 1209 1849 τῶν
1270 1788 1504 1849 εἰδώλων
1563 1788 1859 1868 ἰκριζωθῆ-

1964 1749 2440 1853 "ile—idolorum
2471 1788 2753 1871 reliquiis
2783 1749 3236 1872 exstirpandis.

2022 1965 2122 2028 84.
2184 1969 2334 2031 Item
2384 1967 2610 2048 placuit
2636 1967 2701 2020 93
2748 1968 2926 2031 etiam
2981 1969 3054 2031 ab
3117 1967 3587 2053 imperatoribus

1943 2055 2396 2135 gloriosissimis
2454 2060 2600 2138 peti,
2635 2065 2698 2120 ut
2756 2058 3029 2141 reliquiae
3079 2059 3438 2124 idololatriae
3469 2077 3589 2120 non

1943 2145 2137 2207 solum
2195 2147 2254 2208 in
2310 2146 2676 2220 simulacris.
2734 2147 2842 2210 sed
2896 2149 2959 2211 in
3007 2148 3590 2233 quibuscunquelu-

1943 2235 2053 2311 cis,
2090 2236 2184 2298 vel
2241 2235 2414 2315 lucis,
2448 2237 2539 2300 vel
2570 2236 2892 2300 arboribus
2925 2239 3091 2303 omni
3125 2240 3304 2304 modo
3337 2240 3588 2304 delean-

1943 2333 2062 2390 tur.
2685 2375 2693 2380 .

2021 2415 2160 2477 587
2191 2416 2548 2480 Constitutio
2586 2423 2641 2494 ι,
2677 2417 2770 2480 tit.
2821 2419 2884 2496 Ξ,
2947 2417 3053 2483 lib.
3088 2438 3106 2484 ι
3139 2419 3290 2485 Cod.
3315 2421 3494 2500 jubet
3522 2429 3588 2484 ut

1940 2506 2164 2587 templa
2192 2507 2568 2571 claudantur.

2024 2595 2191 2660 CAP.
2224 2599 2299 2659 V.
2331 2633 2405 2644 —
2436 2599 2524 2660 De
2562 2597 2884 2680 Nestorio,
2918 2600 3174 2675 Musaeo,
3208 2601 3589 2683 Eutychiano

1941 2685 2236 2764 Maximo,
2270 2687 2615 2771 Porphyrio
2647 2695 2706 2750 et
2754 2688 2826 2750 de
2879 2689 3190 2754 hareticis
3243 2710 3320 2756 ea:
3375 2695 3590 2757 horum

1937 2777 2102 2854 fonte
2123 2775 2418 2841 derivatis
2448 2783 2504 2841 et
2533 2778 2607 2842 de
2633 2777 2986 2843 orthodoxis
3014 2781 3319 2861 expulsis.

2107 2955 2370 3021 Concilii
2402 2956 3076 3040 Constantinopolitani
3101 2977 3324 3023 canon.
3359 2962 3422 3023 4.

2023 3045 2083 3106 4.
2119 3048 2466 3110 Statuerunt
2497 3047 2678 3109 etiam
2702 3047 2778 3109 de
2809 3048 3069 3112 Maximo
3104 3049 3344 3131 Cynico,
3381 3057 3438 3113 et
3463 3049 3594 3132 ejus

1945 3135 2273 3216 petulantia
2304 3143 2360 3197 et
2389 3135 2880 3220 insolentia,qua3
2906 3137 3018 3200 fuit
3049 3138 3591 3222 Constantinopoli,

199 3234 345 3292 ὥστε
409 3231 548 3308 μήτε
612 3227 854 3302 Μάξιμον
920 3227 1213 3284 ἐπίσκοπον
1270 3226 1305 3292 ἦ
1349 3223 1591 3303 γενέσθαι
1624 3219 1857 3313 ἢᾼεῖνᾶι,

1964 3231 2009 3286 it
2040 3224 2330 3287 Maximus
2362 3225 2684 3306 episcopus
2717 3219 2828 3289 nec
2873 3227 3054 3290 fuerit
3082 3229 3178 3292 vel
3211 3229 3316 3312 sit,
3351 3219 3464 3294 nec
3492 3231 3598 3313 qui

206 3322 346 3400 μηδὲ
392 3322 517 3386 τοὺς
571 3317 698 3398 παρ’
753 3317 914 3374 αὐτοῦ
960 3313 1449 3396 χειροτονηθέντας
1479 3313 1535 3369 ἐν
1564 3309 1863 3387 οἱῳδήποτε

205 3415 402 3492 βαθμῷ
452 3409 681 3489 κλήρου,
715 3407 932 3469 πάντων
976 3407 1066 3463 καὶ
1121 3411 1230 3462 τῶν
1284 3405 1406 3485 περὶ
1463 3402 1624 3461 αὐτὸν
1654 3401 1863 3459 καὶτὸν

202 3503 331 3584 παρ’
366 3503 526 3560 αὐτοῦ
556 3498 860 3578 γενομένων
893 3496 1295 3574 ἀκυρωθέντων.

415 3587 645 3650 Συνόδου
676 3587 904 3668 Ἐφέσου
932 3588 1110 3644 κανὼν
1144 3584 1222 3666 α’,
1253 3585 1332 3662 β’,
1365 3583 1442 3663 γ’,
1476 3582 1549 3660 δ’,
1582 3583 1650 3646 ε’.

287 3679 370 3744 α’.
419 3676 646 3746 Ἐπειδὴ
704 3675 758 3733 δὲ
819 3676 992 3757 ἐχρῆν
1024 3675 1133 3732 καῖ’
1157 3676 1281 3738 τοὺς
1313 3673 1731 3754 ἀπολειφθέντας
1763 3674 1863 3738 τῆς

205 3773 363 3851 ἁγίας
428 3766 672 3842 συνόδου,
737 3767 825 3823 κιιῖ⁵
883 3765 1170 3841 μείναντας
1232 3765 1368 3821 κατὰ
1399 3759 1862 3844 χώρανῆπόλιν,

208 3849 293 3918 διό
347 3881 473 3917 τινα
536 3858 709 3916 αἰτίαν
764 3853 1226 3923 ὲκκλτισιαστικῆν
1293 3853 1328 3921 ἣ
1386 3852 1729 3929 σωματικὴν,
1786 3849 1863 3927 μὴ

208 3951 484 4030 ἀγνοῆσαι
534 3947 601 4004 τὰ
663 3946 782 4026 περὶ
831 3946 1003 4003 αὐτῶν
1035 3942 1410 4020 τετυπωμένα,
1445 3943 1768 4022 γνωρίζομεδ
1798 3943 1867 4018 τῇ

209 4040 447 4119 ὑμετέρᾳ
477 4037 725 4117 ἁγιότητι
757 4056 814 4093 τε
846 4037 934 4092 καὶ
973 4034 1187 4113 ἀγάπῃ,
1224 4032 1412 4112 ὅτιπερ
1445 4032 1558 4090 εἴτε
1584 4034 1612 4090 ὁ
1656 4053 1863 4111 μητροι

209 4130 450 4197 πολίτης
512 4127 609 4196 τῆς
669 4125 936 4205 ἐπαρχίας
988 4124 1370 4194 ἆποστατήσας
1421 4128 1520 4190 τῆς
1579 4123 1735 4201 ἁγίας
1779 4122 1866 4180 καὶ

211 4223 593 4296 οἷκουμενικῆς
659 4215 901 4295 συνόδου,
961 4213 1254 4293 προσέθετο
1283 4219 1360 4288 τῷ
1394 4217 1492 4280 τῆς
1537 4212 1866 4279 ἇποστασίας

1946 3314 2019 3377 ab
2051 3333 2122 3378 eo
2169 3315 2430 3376 ordinati
2462 3316 2708 3378 fuerunt
2739 3318 2799 3379 in
2844 3317 2995 3399 ullo,
3029 3318 3377 3402 quicunque
3408 3322 3460 3383 is
3492 3321 3593 3398 sit,

1946 3405 2132 3483 gradu
2189 3404 2336 3467 clari
2393 3406 2697 3483 omnibus,
2733 3417 2792 3469 et
2846 3427 2979 3488 qua;
3027 3409 3186 3471 circa
3216 3409 3414 3491 ipsum
3453 3411 3594 3474 fue-

1947 3502 2110 3572 runt,
2144 3502 2203 3556 et
2231 3512 2363 3575 quas
2393 3494 2466 3556 ab
2497 3495 2603 3557 illo
2635 3495 2790 3559 facta
2813 3505 2980 3573 sunt,
3017 3498 3360 3565 infirmatis.

2098 3584 2361 3647 Concitii
2387 3584 2687 3666 Ephesini
2717 3602 2980 3650 canones
3011 3586 3070 3664 1,
3098 3585 3159 3663 9,
3190 3586 3252 3661 3,
3285 3589 3346 3662 4,
3383 3588 3446 3648 5.

2027 3675 2085 3738 1.
2121 3674 2412 3748 Quoniam
2463 3680 2664 3736 autem
2729 3675 2847 3754 (28)
2883 3675 3198 3756 oportebat
3228 3684 3286 3738 et
3312 3677 3598 3740 absentes

1946 3781 1982 3827 a
2011 3771 2218 3827 sancta
2249 3763 2500 3844 synodo,
2540 3772 2969 3846 morantesque
3000 3767 3062 3827 in
3094 3765 3347 3829 urbibus
3377 3775 3435 3830 et
3465 3784 3601 3848 pro-

1950 3854 2158 3917 vinciis
2190 3853 2264 3916 ob
2294 3853 2535 3936 aliquod
2571 3854 3097 3935 impedimentum,
3131 3855 3256 3918 sive
3288 3857 3602 3920 ecclesias-

1951 3946 2134 4008 ticum
2166 3945 2289 4007 sive
2321 3961 2707 4025 corporeum,
2742 3965 2862 4008 non
2895 3945 3196 4027 ignorare,
3232 3963 3363 4027 qua:
3393 3947 3469 4009 de
3500 3947 3600 4028 ip-

1948 4035 2032 4098 sis
2059 4043 2199 4097 sunt
2227 4033 2574 4116 constituta;
2606 4033 3026 4115 signiﬁcamus
3056 4035 3360 4098 sanctitati
3392 4045 3600 4099 vestras

1948 4144 2016 4188 ac
2048 4123 2358 4187 dilectioni
2392 4131 2476 4200 ut,
2516 4123 2567 4185 si
2599 4124 2898 4206 quispiam
2943 4125 3320 4207 metropolita
3355 4127 3602 4207 provin-

1952 4216 2081 4291 ciae,
2117 4213 2406 4276 derelicta
2435 4220 2640 4277 sancta
2684 4223 2745 4277 et
2793 4215 3171 4279 mcumenica
3217 4215 3468 4298 synodo,
3504 4225 3606 4279 aut

215 4309 498 4390 συνεδρίῳ,
534 4308 569 4377 ἢ
632 4307 768 4384 μετὰ
822 4313 980 4362 τοῦτο
1014 4304 1356 4384 προστεθείη,
1392 4301 1428 4372 ἢ
1457 4303 1524 4359 τὰ
1555 4301 1859 4360 Κελεστίνοι

1964 4304 2201 4368 accedet
2231 4305 2289 4366 in
2338 4311 2670 4384 posterum,
2705 4306 2833 4369 sive
2885 4324 3024 4368 cum
3076 4305 3357 4370 Caelestio
3389 4307 3600 4381 sensit,

209 4398 514 4481 ἐφρόνησεν
569 4397 604 4465 ἢ
658 4394 851 4475 φρονῇ,
910 4393 1064 4458 οὗτος
1117 4393 1254 4449 κατὰ
1311 4394 1418 4448 τῶν
1466 4395 1564 4460 τῆς
1609 4391 1859 4472 ἐπαρχίας

1964 4403 2052 4458 aut
2083 4394 2326 4475 sentiet,
2360 4395 2494 4474 ipse
2526 4395 2677 4457 nihil
2713 4396 2978 4479 amplius
3011 4398 3236 4477 poterit
3287 4415 3466 4476 agere
3494 4398 3605 4460 ad-

209 4479 529 4546 ὶπισκόπων
587 4484 1000 4563 διαπράττεσθαί
1043 4505 1094 4540 τι
1160 4481 1408 4558 οὖδαμῶς
1463 4479 1700 4557 δύναται,
1763 4481 1859 4538 πά-

1964 4503 2157 4546 versus
2208 4484 2534 4564 provinciae
2594 4486 2938 4568 episcopos,
2993 4495 3058 4549 ut
3109 4487 3210 4569 qui
3239 4488 3363 4568 jam
3400 4489 3543 4550 inde
3573 4505 3608 4549 a

212 4600 315 4648 σης
377 4576 840 4644 ὶκκλησιαστικῆς
897 4574 1177 4637 κοινωνίας
1233 4572 1470 4631 ἐντεῦθεν
1501 4571 1606 4640 ἤδη
1642 4573 1741 4629 ὕπὸ
1770 4576 1859 4640 τῆς

1964 4573 2178 4655 synodo
2213 4572 2392 4635 totius
2451 4575 2882 4639 ecclesiasticae
2911 4576 3360 4642 communionis
3388 4594 3609 4656 expers

213 4667 439 4727 συνόδου
498 4663 921 4745 ἐκϐεϐλημένος,
999 4665 1088 4722 καὶ
1141 4661 1499 4741 ἆνενὲργητος
1558 4661 1859 4742 ὒπάρχων⁴

1964 4665 2030 4726 sit
2055 4663 2266 4738 factus,
2303 4671 2362 4724 et
2388 4681 2634 4745 prorsus
2659 4664 2891 4727 inutilis
2925 4664 3026 4744 [ad
3058 4664 3398 4727 functiones
3428 4665 3610 4726 inha-

214 4759 358 4817 ἂλλὰ
401 4759 491 4816 καὶ
544 4760 731 4820 αὐτοῖς
787 4768 907 4821 τοῖς
936 4754 1036 4823 τῆς
1091 4753 1358 4834 ἐπαρχίας
1395 4751 1734 4827 ἐπισκόποις,
1782 4753 1859 4808 καῖ

1964 4752 2118 4834 bilis]
2146 4775 2162 4828 ;
2197 4752 2304 4815 sed
2337 4760 2396 4814 et
2424 4753 2573 4833 ipsis
2601 4755 2904 4835 episcOpis
2927 4753 3088 4815 illius
3123 4752 3451 4834 provinciae
3478 4755 3604 4815 cir-

214 4862 337 4915 τοῖς
398 4845 550 4928 πέριξ
608 4844 1060 4925 μητροπολίταις,
1120 4857 1240 4910 τοῖς
1293 4845 1360 4900 τὰ
1424 4847 1524 4912 τῆς
1577 4843 1859 4923 όρθοδοξίας

1964 4861 2214 4925 cumque
2273 4842 2484 4906 vicinis
2544 4842 2946 4925 metropolitis
3009 4850 3176 4906 recta
3208 4841 3611 4905 sentientibus

213 4945 520 5020 φρονοῦσιν,
555 4937 898 4995 ὑποκείσεται
959 4936 1032 4999 εἷς
1089 4935 1151 4992 τὸ
1200 4934 1381 5002 πάντη
1425 4935 1637 4992 καὶτοῦ
1666 4935 1859 5012 βαθμοῐ

1964 4932 2318 5014 subjacebit.
2351 4940 2416 4995 ut
2444 4935 2690 4996 omnino
2722 4933 2999 5014 dejectus
3031 4932 3112 4995 sit
3143 4950 3177 4995 a
3214 4932 3361 4997 sede
3393 4931 3607 5013 [etiam

213 5031 314 5099 τῆς
347 5028 658 5095 ἐπισκοπῆς
688 5025 1041 5096 ἐκϐληθῆναι,

1964 5043 1988 5088 a
2018 5024 2234 5105 gradu]
2267 5023 2676 5104 episcopatus.

295 5120 375 5198 β’.
413 5121 469 5178 Εἰ
500 5117 556 5176 δέ
585 5139 727 5183 τινες
759 5117 1099 5198 ἐπαρχιῶται
1132 5114 1446 5194 ἐπίσκοποι,
1477 5137 1533 5178 κ.
1561 5137 1614 5181 τ,
1648 5113 1702 5179 λ,

2033 5119 2092 5178 2.
2127 5113 2190 5177 Si
2219 5113 2320 5194 qui
2352 5119 2548 5176 autem
2583 5111 3004 5194 provinciales,
3039 5119 3184 5188 etc.,
3218 5119 3286 5176 ut
3311 5115 3609 5195 pag.750.

295 5209 377 5292 γ’.
413 5211 472 5267 Εἰ
513 5207 568 5265 δέ
610 5230 751 5274 τινες
802 5207 898 5265 καί
954 5213 1061 5265 τῶν
1109 5206 1163 5265 ἐν
1219 5207 1422 5284 ἑκάστῃ
1457 5205 1678 5276 πόλειῆ
1712 5207 1859 5288 χώρεε

2032 5203 2316 5267 5883.Ξὶ
2333 5203 2435 5286 qui
2459 5220 2601 5266 vero
2626 5203 2833 5266 clerici
2855 5202 2918 5265 in
2938 5203 3194 5284 singulis
3219 5202 3592 5284 urbibus,au

218 5299 520 5381 κληρικῶν,
579 5300 682 5357 ὑπὸ
741 5299 1022 5380 Νεστορίου
1081 5298 1169 5356 καὶ
1229 5301 1334 5355 τῶν
1380 5298 1471 5355 σὺν
1517 5297 1663 5372 αὒτῷ
1699 5297 1859 5355 ὄντων

1964 5294 2303 5376 regionibus
2333 5313 2367 5356 a
2397 5292 2676 5358 Nestorio
2709 5301 2769 5356 et
2824 5310 2958 5357 cum
2995 5311 3066 5358 eo
3098 5293 3614 5379 conspirantibus,

300 5442 369 5496 94
397 5441 581 5507 Cone.
616 5443 805 5511 Afric.
838 5457 896 5511 α.
929 5443 1028 5508 25.
1114 5443 1179 5494 95
1211 5440 1393 5510 Conc.
1427 5459 1488 5523 v,
1523 5461 1659 5525 cap.
1698 5443 1776 5505 15
1809 5459 1825 5518 ;
1857 5498 1859 5504 .

1966 5443 2042 5509 ic.
2078 5459 2214 5524 cap.
2248 5440 2350 5503 51.

311 5590 438 5676 (23)
467 5591 828 5661 Versionem
858 5589 1039 5655 aliam
1063 5585 1370 5654 Laurentii
1399 5586 1592 5654 Sifani
1612 5586 1900 5656 exhibent
1931 5585 2220 5665 Crabbus,
2254 5585 2490 5666 Surius,
2523 5583 2768 5672 aliique.

567 5739 836 5811 PATROL.
882 5735 1000 5805 Gs.
1044 5733 1202 5806 CIV.
3225 5730 3304 5803 28
