4134 6200
652 253 772 323 875

1844 250 2112 326 PHOTII
2157 252 2674 327 PATBIARCHE
2715 251 2829 329 GP.

3868 263 3970 342 876

646 402 987 494 sacerdotio
1019 401 1309 494 prohibiti
1333 408 1495 484 sunt,
1544 403 1705 484 quod
1755 410 1920 494 recte
1951 404 2248 494 sentirent

2331 411 2474 494 ιτῆς
2534 407 2826 486 ἱερωσύνης
2899 409 3244 480 ἐκωλύθησαν
3302 402 3388 463 διὰ
3443 409 3504 464 τὸ
3561 409 3723 488 ὀρθῶς
3764 420 3968 494 φρονεῖν,

639 493 872 574 justum
907 492 1250 582 putavimus
1297 492 1405 554 hos
1435 511 1673 582 quoque
1702 493 2010 574 proprium
2044 493 2248 573 gradui

2378 493 2768 573 ἐδικαιώσαμεν
2812 500 2901 555 καὶ
2949 500 3172 560 τούτους
3228 499 3321 554 τὸν
3389 495 3527 554 ἴδιον
3571 492 3846 560 ἀπολαϐεῖν
3883 507 3969 582 βα-

647 585 945 665 recipere.
982 581 1047 644 In
1080 601 1314 644 summa
1344 590 1541 645 autem
1574 581 1832 645 clericos
1853 584 2206 646 orthod0xae
2235 602 2248 645 ι

2375 585 2510 660 θμόν
2541 601 2556 617 ⁸
2605 592 2799 651 κοινῶς
2831 586 2884 643 δὲ
2916 594 2985 664 τῇ
3018 585 3278 667 ὀρθοδόξῳ
3307 585 3405 642 καί
3436 589 3774 663 οἱκουμενικῆ
3802 581 3970 669 συνόδῳ

644 673 1036 736 mcumenicae
1065 672 1290 754 synodo
1319 671 1774 734 consentientes
1818 672 2128 753 jubemus.
2175 672 2290 749 eis,

2375 685 2804 756 συμφρονοῦντας
2853 679 3146 760 κληρικοὺς
3191 677 3482 755 κελεύομεν
3524 694 3641 747 τοῖς
3693 683 3970 757 ἀποστατή-

641 765 744 846 qui
774 761 1576 843 defecerunt,autdefecturi
1608 769 1769 836 sunt,
1796 763 2096 844 episc0pis
2127 762 2248 824 null

2375 789 2528 825 σασιν
2557 769 2591 836 ἢ
2622 768 3007 848 ἀφισταμένοις
3048 769 3370 834 ἐπισκόποις
3414 767 3668 845 μηδόλως
3695 775 3968 832 ὑποκεῖσθαι

639 864 812 936 pacto
841 862 944 917 aut
976 853 1211 916 ratione
1240 852 1548 932 subjectos
1577 870 1713 914 esse
1744 851 1990 914 debere.

719 947 782 1012 4.
817 944 880 1010 Si
911 944 1015 1026 qui
1044 952 1242 1006 autem
1276 942 1634 1005 clericorum
1671 941 2032 1016 defecerint,
2069 949 2127 1002 et
2157 941 2288 1004 ausi

634 1036 862 1100 fuerint
893 1037 987 1098 vel
1019 1033 1318 1115 privatim,
1352 1032 1445 1096 vel
1480 1030 1884 1113 publice,quae
1905 1039 2044 1093 sunt
2073 1033 2287 1094 Nesto-

2370 859 2507 916 κατά
2534 858 2738 935 μηδένα
2768 860 2992 939 τρόπον.

2447 945 2520 1009 δ’.
2597 949 2653 1006 Ei
2705 947 2760 1005 δέ
2813 970 2957 1012 τινες
3019 947 3454 1021 ἀποστατησαιεν
3527 956 3634 1007 τῶν
3705 953 3961 1036 κληρικῶν,

2367 1038 2455 1094 καὶ
2525 1036 2882 1119 τολμήσαιεν,
2920 1039 2955 1107 ἢ
3015 1039 3131 1096 κατ’
3194 1039 3326 1096 ἰδίαν
3381 1041 3416 1109 ἢ
3459 1040 3710 1116 δημοσίᾳ,
3767 1047 3826 1102 τὰ
3875 1059 3960 1106 Na.

634 1127 712 1190 rii
743 1133 846 1189 aut
875 1124 1117 1189 Celestii
1149 1141 1386 1203 sapere,
1434 1123 1729 1184 sancitum
1761 1129 1856 1184 est
1885 1139 1919 1182 a
1948 1127 2152 1183 sancta
2181 1139 2244 1202 sy

2363 1136 2571 1203 στοριου
2627 1126 2663 1195 ἢ
2738 1127 2805 1184 τὰ
2883 1125 3198 1188 Κελεστίνου
3272 1130 3560 1210 φρονῆσαι,
3633 1133 3718 1187 καὶ
3779 1137 3959 1200 τούτους

635 1219 816 1295 nodo,
849 1216 993 1279 istos
1025 1231 1267 1295 quoque
1297 1210 1606 1294 depositos
1635 1229 1793 1273 esse.

713 1397 1152 1477 5.Quicunque
1185 1399 1384 1455 autem
1415 1387 1492 1452 ob
1527 1395 1719 1471 turpia
1747 1400 1917 1470 gesta
1946 1405 2084 1460 sunt
2113 1407 2148 1450 a
2177 1407 2276 1470 sy-

631 1487 791 1551 nodo
821 1483 1226 1558 condemnati,
1279 1481 1370 1544 vel
1413 1499 1446 1542 a
1477 1480 1736 1561 propriis
1767 1499 1976 1547 eorum
2031 1489 2273 1568 episco-

629 1578 973 1660 pis,quibus
1005 1583 1222 1657 praeter
1251 1589 1514 1635 canones
1544 1571 1886 1651 Nestorius,
1906 1576 2010 1656 qui
2042 1577 2272 1639 nullum

626 1685 830 1730 rerum
863 1666 1192 1731 discrimen
1223 1660 1508 1737 habebat,
1535 1670 1594 1722 et
1625 1662 1724 1741 qui
1757 1679 1890 1723 cum
1925 1664 2027 1727 illo
2062 1666 2270 1729 eadem

2362 1219 2506 1272 εἶναι
2573 1217 3004 1294 καθῃρημένους,
3065 1219 3168 1275 ὑπὸ
3224 1223 3324 1287 τῆς
3383 1219 3538 1298 ἁγίας
3601 1221 3806 1280 συνόδου
3842 1223 3956 1282 δεδι-

2360 1305 2608 1366 καίωται.

2439 1394 2506 1458 ε’.
2553 1395 2712 1454 ’Ὅσοι
2783 1393 2838 1451 δὲ
2899 1395 2986 1453 ἐπὶ
3043 1395 3269 1462 ἀτόποις
3333 1398 3555 1476 πράξεσι
3613 1403 3955 1478 κατεκρίθησαν

2357 1485 2458 1542 ὑπὸ
2519 1487 2616 1553 τῆς
2674 1485 2827 1563 ἁγίας
2874 1483 3112 1561 συνόδου,
3181 1486 3211 1555 ἢ
3255 1487 3357 1544 ὑπὸ
3391 1494 3498 1544 τῶν
3544 1490 3747 1546 οἰκείων
3774 1491 3955 1550 ἐπισκό-

2357 1597 2497 1654 πων,
2549 1577 2639 1632 καὶ
2694 1575 2900 1638 τούτοις
2958 1576 3323 1639 ἀκανονίστως
3379 1577 3519 1634 κατά
3563 1579 3661 1647 τὴν
3703 1579 3754 1636 ἐν
3793 1579 3954 1639 ἅπασιν

2355 1660 2666 1743 ἀδιαφορίαν
2721 1665 2880 1722 αὐτοῦ
2936 1667 2964 1721 ὁ
3009 1668 3318 1742 Νεστόριος,
3365 1666 3401 1734 ἢ
3445 1669 3494 1722 οἱ
3552 1668 3618 1723 τά
3676 1670 3822 1726 αύτοῦ
3845 1694 3953 1750 φρο-

625 1757 916 1834 sentiunt,
952 1754 1274 1818 restituere
1308 1750 1503 1813 conati
1529 1758 1668 1810 sunt
1691 1750 1940 1829 gradum
1980 1754 2068 1817 vel
2099 1775 2248 1818 com‘

2331 1759 2592 1828 ινοῦντες,
2665 1751 2957 1810 ἀποδοῦναι
3029 1754 3065 1821 ἢ
3137 1753 3503 1831 ἐπειράθησαν
3581 1755 3616 1824 ἢ
3693 1762 3953 1836 πειραθεῖεν

623 1847 999 1918 munionem,
1033 1851 1136 1906 aut
1167 1840 1548 1906 conabuntur
1579 1860 1595 1915 ;
1625 1839 1774 1901 istos
1801 1844 2148 1906 censuimus
2179 1846 2248 1907 ni!

2352 1841 2634 1900 κοινωνίαν
2676 1843 2712 1911 ἢ
2766 1843 2998 1922 βαθμὸν,
3058 1841 3437 1920 ἀνωφελήτους
3514 1845 3693 1921 μένειν
3733 1850 3814 1903 καὶ
3849 1850 3950 1905 τού-

621 1935 706 1999 hil
741 1936 1094 2018 profecisse,
1119 1942 1175 1996 et
1210 1948 1458 1994 manere
1490 1937 1549 1992 et
1577 1947 1712 1992 esse
1745 1929 2138 1996 nihilominus
2167 1933 2270 1997 de-

619 2035 865 2108 positas.
918 2113 1188 2178 Concilii
1219 2109 1614 2177 Sardicensis
1644 2127 1844 2172 canon
1874 2111 1972 2172 19.

700 2204 984 2270 19.0sius
1003 2203 1324 2285 episcopus
1343 2199 1512 2262 dixit:
1528 2198 1668 2260 Meae
1685 2197 2117 2264 mediocritatis
2140 2202 2268 2266 haec

615 2303 706 2359 est
735 2295 1036 2359 sententia
1063 2314 1077 2369 ;
1107 2295 1245 2374 quia
1277 2290 1462 2372 quieti
1497 2297 1556 2351 et
1584 2288 1884 2368 patientes
1920 2309 2053 2353 esse
2073 2289 2263 2354 debe-

614 2393 1175 2466 mus,etperennem
1194 2381 1256 2442 in
1282 2396 1496 2442 omnes
1519 2376 1741 2440 habere
1756 2379 2259 2462 misericordiam,

613 2494 716 2538 eos
742 2476 845 2556 qui
869 2474 1056 2537 semel
1083 2479 1142 2534 in
1180 2471 1410 2533 clerum
1436 2467 1908 2530 ecclesiasticum
1936 2471 2012 2532 ab
2034 2470 2256 2551 aliqui-

609 2565 722 2628 bus
742 2564 1028 2626 fratribus
1048 2561 1271 2624 nostris
1295 2564 1549 2640 promoti
1575 2565 1738 2632 sunt,
1765 2557 1814 2618 si
1841 2559 2030 2620 nolint
2056 2560 2259 2624 redire

608 2654 681 2717 ad
714 2673 816 2717 eas
838 2654 910 2716 ad
935 2671 1084 2734 quas
1109 2648 1398 2713 nominati
1420 2659 1558 2710 sunt
1607 2646 1928 2724 Ecclesias,
1965 2648 2258 2731 deinceps

611 2763 730 2806 non
757 2743 1013 2806 admitti:
1042 2739 1476 2822 Eutychianum
1501 2736 1641 2798 589
1663 2743 1857 2798 autem
1884 2755 1959 2799 ne
1985 2739 2254 2820 episcopi

605 2833 851 2916 quidem
901 2832 1018 2894 sibi
1071 2848 1291 2893 nomen
1354 2844 1701 2907 usurpare;
1747 2825 1854 2888 sed
1890 2845 2087 2904 neque
2120 2827 2248 2890 Mu-

603 2942 789 2986 saum
825 2930 889 2986 ut
911 2922 1265 3002 episcopum
1311 2917 1640 2980 existimari
1678 2933 1691 2979 :
1727 2916 1777 2977 si
1808 2925 2008 2978 autem
2040 2919 2248 2980 Iaicam

603 3013 1092 3076 communionem
1127 3007 1457 3091 petiverint
1489 3027 1502 3068 :
1541 3024 1660 3068 non
1694 3014 1976 3087 oportere
2009 3006 2094 3068 eis
2137 3008 2248 3070 de-

601 3099 832 3181 negari.
869 3102 1097 3166 Omnes
1127 3099 1409 3162 dixerunt
1444 3118 1456 3160 :
1492 3095 1716 3158 Placet.

683 3191 855 3255 CAP.
887 3189 989 3254 VI.
1023 3189 1113 3252 Nc
1159 3189 1272 3269 ﬁat
1298 3204 1479 3250 sacra
1511 3185 1736 3250 oblatio
1762 3193 2066 3268 praesente
2117 3187 2249 3250 hce-

604 3283 816 3346 retice.

1113 3367 1415 3432 Timothei
1443 3383 1646 3430 canon
1677 3365 1737 3429 9.

681 3458 1103 3540 Interrogatio.
1163 3459 1226 3522 9.
1280 3458 1372 3520 An
1405 3455 1584 3519 debet
1613 3455 1892 3529 clericus,
1927 3455 2245 3536 praesenti-

595 3550 732 3626 bus,
769 3557 912 3625 etc.,
945 3557 1009 3612 ut
1031 3567 1176 3630 pag.
1202 3550 1344 3612 611.

675 3639 841 3703 CAP.
879 3637 1004 3701 VII.
1041 3673 1119 3684 —
1153 3637 1243 3700 De
1272 3638 1512 3700 clericis
1543 3635 1870 3711 hcereticis,
1905 3637 2012 3715 qui
2034 3636 2111 3697 ad
2141 3652 2242 3698 or-

595 3731 874 3794 thodoxa!
905 3727 1196 3791 Ecclesiae
1225 3726 1526 3807 gremium
1560 3725 1882 3788 accedunt.

733 3815 998 3880 aoncilii
1030 3814 1538 3894 Carthaginensis
1565 3830 1822 3875 canones
1851 3814 1952 3889 57,
1986 3811 2088 3874 68.

675 3905 748 3970 Ut
772 3906 1023 3988 parvuli
1071 3905 1239 3986 apud
1275 3905 1630 3966 Donatistas
1665 3903 1994 3982 baptizati,
2035 3905 2097 3965 in
2127 3921 2233 3966 ια-

590 3995 816 4059 tholica
839 3995 1117 4059 Ecclesia
1149 3993 1365 4057 clerici
1397 3993 1781 4056 ordinentur.

667 4175 740 4238 57
755 4173 950 4239 .Unde
969 4172 1033 4224 96
1049 4171 1334 4253 quoniam
1357 4169 1660 4254 superiori
1685 4171 1808 4252 (29)
1836 4171 2092 4233 concilio
2110 4177 2233 4234 sta-

585 4272 778 4326 tutum
805 4282 939 4326 esse
961 4281 1196 4326 mecum
1218 4263 1598 4342 recognoscit
1623 4261 1989 4324 unanimitas
2015 4269 2232 4338 vestra,

584 4362 650 4416 ut
700 4353 762 4414 hi
793 4353 895 4434 qui
928 4352 1084 4433 apud
1117 4350 1452 4412 Donatistas
1484 4351 1713 4431 parvuli
1756 4348 2036 4431 baptizati
2070 4357 2230 4428 sunt,

584 4442 854 4507 nondum
872 4442 1030 4506 scire
1053 4443 1318 4503 valentes
1340 4441 1565 4503 erroris
1588 4459 1794 4502 eorum
1810 4439 2148 4503 interitum:
2175 4451 2234 4504 et

583 4541 972 4615 posteaquam
992 4532 1063 4596 ad
1087 4540 1318 4594 aetatem
1343 4531 1594 4593 rationis
1621 4549 1898 4612 capacem
1935 4549 2230 4612 pervene-

579 4623 960 4701 runt,agnita
981 4623 1231 4686 veritate
1256 4621 1572 4684 falsitatem
1587 4639 1794 4684 eorum
1809 4619 2228 4698 abhorrentes,

576 4713 652 4777 ad
675 4713 1008 4778 Ecclesiam
1037 4713 1144 4775 Dei
1169 4712 1526 4775 catholicam
1553 4729 1660 4794 per
1679 4711 2027 4774 universum
2058 4729 2231 4772 mun-

576 4803 718 4867 dum
750 4803 1282 4879 diﬂ’usam,ordine
1313 4804 1698 4884 antiquo,per
1730 4819 1943 4863 manus
1977 4800 2228 4882 imposi-

575 4895 802 4958 tionem
837 4894 1068 4975 recepti
1100 4893 1498 4970 sunt,debere
1527 4891 1745 4953 talibus
1775 4890 2225 4972 suscipiendum

573 5002 792 5046 munus
822 4985 1143 5046 clericatus
1199 5003 1317 5046 non
1370 4983 1670 5064 impedire
1717 4999 1941 5042 nomen
1975 4981 2222 5059 erroris,

572 5091 706 5135 cum
731 5073 1274 5137 veramEcclesiam
1299 5073 1544 5135 illorum
1573 5071 2016 5153 putaverint,ad
2042 5071 2220 5134 fidem

567 5162 1008 5244 accedendo,et
1031 5163 1113 5226 ibi
1138 5163 1377 5228 Christo
1400 5161 1795 5233 crediderint,
1819 5170 1878 5223 et
1903 5159 2220 5224 Trinitatis

566 5261 940 5317 sacramenta
958 5255 1367 5337 perceperint;
1388 5271 1518 5336 quae
1541 5253 1743 5317 omnia
1767 5269 1903 5316 vera
1925 5261 1984 5316 et
2005 5259 2218 5316 sancta

645 5435 711 5489 96
741 5435 925 5503 Conc.
961 5437 1148 5503 Afric.
1184 5457 1239 5504 c.
1275 5440 1379 5503 Ἡ.

640 5639 762 5728 (29)
792 5638 975 5707 Coac.
1012 5639 1295 5705 nimirum
1327 5640 1605 5724 Carthag.
1639 5656 1726 5722 tu,
1761 5659 1895 5711 can.
1918 5635 2026 5713 48.

2349 1953 2498 2006 τους,
2545 1935 2641 1988 καὶ
2691 1931 2836 1991 εἶναι
2881 1930 3029 1990 οὐδὲν
3073 1932 3236 2000 ἧττον
3283 1933 3690 2014 καθῃρημένους
3737 1934 3949 1994 ἐδικαιώ-

2349 2042 2542 2098 σαμιν,

2720 2109 2948 2170 Συνόδου
2990 2111 3258 2190 Σαρδικῆς
3303 2114 3480 2170 κανὼν
3526 2113 3618 2178 ιϐ’.

2429 2202 2476 2256 ιθ
2489 2189 2521 2264 ’,
2555 2199 2744 2266 τίΟσιος
2776 2189 3224 2265 ἐπίσκοποςίεῖπε
3260 2218 3274 2233 ⁶
3324 2203 3433 2271 Τῆς
3465 2203 3606 2278 ἐμῆς
3639 2207 3940 2285 μετριότητος

2344 2289 2380 2357 ἡ
2412 2288 2678 2370 ἀπόφασίς
2713 2289 2855 2348 ἐστιν
2887 2289 3022 2360 αὕτη
3049 2307 3063 2322 ⁸
3100 2289 3287 2360 ἐπειδή
3311 2291 3514 2374 ἥσυχοι
3544 2296 3632 2350 καὶ
3661 2297 3940 2371 ὑπομονητι-

2342 2379 2428 2435 κοὶ
2483 2378 2770 2457 ὀφείλομεν
2827 2381 2998 2455 εἶναι,
3062 2382 3150 2440 καὶ
3219 2379 3410 2458 διαρκῆ
3454 2386 3548 2439 τὸν
3604 2385 3728 2462 πρὸς
3771 2385 3936 2446 πάντας

2344 2467 2494 2548 ἔχειν
2549 2469 2765 2550 οἶκτον,
2826 2467 2966 2536 ἅπαξ
3025 2471 3245 2532 τούτους
3275 2471 3400 2536 τοὺς
3443 2473 3518 2536 εἰς
3550 2471 3742 2551 κλῆρον
3770 2471 3934 2540 ἐκκλη-

2341 2560 2617 2615 σιαστικὸν
2672 2559 3042 2639 ποραχθέντας
3097 2561 3200 2617 ὑπό
3256 2582 3417 2617 τινων
3496 2560 3734 2642 ἀδελφῶν
3785 2565 3928 2638 ἡμῶν,

2338 2646 2429 2704 ἐὰν
2487 2650 2567 2724 μὴ
2609 2648 2888 2726 βούλοιντο
2921 2649 3312 2731 ἐπενέρχεσθαι
3342 2652 3415 2717 εἷς
3444 2651 3509 2714 ἃς
3554 2650 3930 2727 κατωνομάσθη-

2337 2757 2435 2794 σαν
2489 2737 2842 2819 Ἐκκλησίας,
2891 2746 2984 2796 τοῦ
3027 2738 3218 2796 λοιποῦ
3249 2740 3328 2815 μὴ
3371 2738 3760 2820 ὑποδέχεσθαι·
3795 2742 3926 2798 Εὔτυ-

2334 2828 2525 2906 χιανδν
2571 2827 2653 2907 δὲ,
2699 2828 2838 2903 μήτε
2895 2827 3192 2885 ἐπισκόπου
3248 2829 3422 2902 ἐαυτῷ
3463 2827 3745 2886 διεκδικεῖν
3770 2828 3922 2903 ὄνομα·

2331 2914 2450 2972 ἀλλ’
2482 2915 2600 2976 οῦδὲ
2635 2923 2907 2975 Μουσαῖον
2960 2919 3030 2984 ὣς
3063 2917 3357 2976 ἐπίσκοπον
3389 2919 3739 2995 ὀνομάζεσθαι
3771 2935 3783 2949 ⁸
3813 2921 3849 2974 εἰ
3882 2916 3920 2973 δὲ

2331 3003 2532 3073 λαϊκην
2576 3008 2867 3064 κοινωνίαν
2924 3007 3232 3085 ἀπαιτοῖεν,
3269 3007 3346 3083 μὴ
3392 3011 3596 3089 χρῆναι
3645 3010 3810 3074 αὖτοὺς
3845 3008 3920 3085 ἆρ-

2331 3099 2562 3160 νεῖσθαι.
2601 3098 2801 3178 Πάντες
2832 3097 2992 3155 εἶπον
3029 3117 3044 3132 ⁶
3079 3096 3348 3178 Ἀρέσκει.

2414 3192 2668 3252 ΚΕΦΑΛ,
2713 3177 2818 3261 ς’.
2863 3222 2943 3234 —
2987 3189 3112 3267 Περὶ
3143 3177 3240 3249 τοῦ
3293 3189 3372 3267 μή
3415 3189 3652 3273 ὀφείλειν
3706 3189 3920 3270 ἀναφορὰν

2329 3274 2563 3354 γίνεσθαι
2593 3278 2860 3356 παρόντος
2890 3281 3176 3357 αἱρετικοῦ.

2859 3367 3118 3444 Τιμοθέου
3147 3369 3326 3426 κανὼν
3357 3369 3438 3432 θ’.

2408 3454 2707 3534 Ἐρώτησις
2790 3455 2863 3519 θ’.
2949 3458 3005 3514 El
3095 3457 3296 3537 ὀφείλει
3388 3458 3651 3538 κληρικὸς
3716 3456 3914 3539 εὔχεσθαι

2326 3545 2606 3623 παρόντων
2637 3545 2951 3624 Ἀρειαθῶν,
2989 3569 3046 3610 κ,
3077 3569 3131 3610 τ,
3165 3545 3220 3610 λ.

2407 3639 2660 3703 ΚΕΦΑΛ.
2713 3635 2793 3696 Ζ’.
2841 3636 2967 3715 Περὶ
3010 3635 3282 3715 κληρικῶν
3327 3638 3612 3718 αἱρετικῶν
3677 3644 3739 3716 τῇ
3791 3637 3911 3714 ὀρθο-

2321 3720 2456 3798 δόξῳ
2483 3725 2815 3804 προσιόντων
2847 3723 3168 3799 Ἐκκλησία.

2581 3812 2809 3874 Συνόδου
2842 3814 3215 3894 Καρθαγέννης
3245 3817 3424 3874 κανὼν
3454 3817 3568 3895 νζ’,
3596 3805 3700 3885 ξη’.

2397 3902 2570 3962 ’Ὥστε
2638 3904 2762 3968 τοὺς
2834 3905 3058 3985 μικροὺς
3161 3907 3305 3986 παρά
3397 3920 3522 3973 τοῖς
3607 3916 3903 3965 Δονατιεταῖς

2314 3993 2762 4072 βαπτιζομένους,
2832 3994 2888 4050 ἐν
2961 4002 3030 4073 τῇ
3100 3995 3361 4075 καθολικῇ
3417 3995 3705 4078 κληρικοὺς
3751 4014 3901 4075 χειρο-

2315 4087 2586 4142 τονεῖσθαι
2598 4132 2612 4146 ,

2397 4173 2500 4245 νίζ’·
2565 4175 2659 4231 Διὸ
2712 4171 2899 4242 ἐπειδὴ
2959 4173 3015 4231 ἒν
3067 4175 3135 4252 τῇ
3191 4173 3444 4256 ἀνωτέρῳ
3503 4174 3701 4249 συνόδῳ
3746 4175 3903 4252 ὁρισθὲν

2317 4262 2590 4340 μέμνηται
2639 4261 2750 4339 ἅμα
2807 4262 2928 4340 ἐμοὶ
2970 4265 3004 4332 ἡ
3047 4263 3279 4341 ὑμετέρα
3339 4266 3644 4347 ὀμοψυχία,
3675 4265 3794 4322 ὥστε
3816 4260 3904 4347 τοὺς

2315 4354 2461 4432 παρά
2517 4366 2635 4420 τοῖς
2690 4363 3055 4420 Δονατισταῖς
3099 4355 3323 4434 μικροὺς
3383 4345 3813 4432 βαπτιζομένους,
3839 4345 3904 4402 αἲ

2316 4441 2545 4518 μηδέπω
2599 4441 2920 4517 δυναμένους
2975 4443 3262 4522 γινώσκειν
3320 4447 3421 4512 τῆς
3513 4445 3716 4512 πλάνης
3773 4443 3903 4498 «iniri

2316 4534 2407 4588 τὸν
2455 4531 2696 4608 ὄλεθρον,
2743 4535 2882 4609 μετὰ
2927 4535 2988 4590 τὸ
3032 4535 3108 4598 εἰς
3153 4547 3341 4613 κεῖραν
3401 4533 3663 4614 λογισμοῦ
3706 4526 3901 4590 δεκτικὴν
3975 4573 3977 4576 .

2313 4623 2726 4703 παραγενέσθαι,
2810 4623 3238 4702 ἐπιγνωσθείσης
3325 4625 3426 4690 τῆς
3511 4623 3768 4694 ἀληθείας,
3827 4617 3896 4677 τὴν
3973 4649 3975 4666 ι

2312 4711 2622 4792 φαυλότητα
2680 4713 2898 4770 ἐκείνων
2942 4711 3420 4792 βδελυττομένους,
3485 4715 3616 4792 πρὸς
3672 4712 3758 4778 τὴν
3805 4707 3897 4760 καθ·

2311 4801 2500 4870 ολικὴν
2559 4809 2654 4859 τοῦ
2715 4809 2851 4862 Θεοῦ
2921 4801 3277 4877 Ἐκκλησίαν,
3337 4820 3439 4871 την
3495 4803 3594 4858 ὰνά
3635 4801 3788 4858 πάντα
3831 4794 3894 4849 τὸν
3969 4833 3971 4849 ι

2309 4892 2514 4967 κόσμον
2578 4889 3002 4973 διακεχυμένην,
3061 4891 3208 4957 τάξει
3265 4894 3470 4973 ἀρχαίᾳ
3511 4890 3594 4949 διὰ
3632 4892 3724 4957 τῆς
3753 4882 3889 4973 ἐπιθέ-
3967 4915 3969 4937 ;

2308 5001 2445 5046 σεως
2473 4983 2582 5038 τῶν
2627 4988 2827 5062 χειρῶν
2873 4979 3236 5062 ἀναδεχθῆναι
3286 4983 3411 5046 τοὺς
3445 4982 3725 5054 τοιούτους,
3753 4975 3823 5032 καὶ
3849 4971 3890 5025 ἐκ

2305 5081 2401 5130 τοῦ
2440 5071 2541 5140 τῆς
2598 5070 2810 5138 πλάνης
2867 5071 3134 5150 ὀνόματος
3182 5073 3261 5146 μὴ
3311 5071 3545 5152 ὀφείλειν
3576 5065 3884 5152 ἐμποδίζεσθιι

2302 5163 2374 5228 εἷς
2432 5159 2580 5226 τάξιν
2636 5161 2987 5241 κληρώσεως,
3039 5161 3242 5219 ὁπόταν
3272 5151 3373 5229 τὴν
3405 5161 3658 5229 ἀληθινὴν
3690 5151 3880 5214 Ἐκκλη-

2301 5251 2419 5310 σίαν
2458 5249 2592 5309 ἰδίαν
2637 5251 2839 5308 ἑαυτῶν
2895 5251 3209 5332 ἐλογίσαντο
3266 5253 3442 5310 πίστει
3489 5244 3878 5333 προσερχόμενοι,
