4134 6200
255 317 374 396 877
986 319 1408 397 SYNTAGMA
1451 316 1849 396 CANONUM.

1969 365 1976 379 .
2017 327 2170 394 TIT.
2220 331 2357 413 ΧΠ,
2404 329 2572 396 CAP.
2623 321 2726 414 v1,
2771 321 2908 397 vn.
3517 337 3634 407 878

247 486 424 542 καὶέν
482 486 616 561 αὒτῇ
679 489 754 560 τῷ
812 489 1026 562 Χριστῷ
1072 483 1474 558 πιστεύσαντες,
1529 481 1625 549 τῆς
1682 479 1879 558 Γριάόοε

1982 487 2162 560 atque
2193 479 2393 542 divina
2425 479 2565 541 590
2596 496 2728 541 esse
2769 477 3175 541 certissimum
3208 487 3319 557 est,
3355 487 3413 544 et
3442 482 3502 545 in
3536 484 3634 546 his

250 574 320 632 τά
377 575 686 655 ἀγιάσματα
743 573 1056 640 ὑπεδέξαντο
1090 593 1102 608 ⁶
1149 571 1303 630 ἅτινα
1340 573 1514 630 πάντα
1567 569 1758 647 εύσεϐᾖ
1803 571 1879 626 κα⁴

1977 587 2216 630 omnem
2244 570 2459 631 animae
2475 588 2641 650 spem
2659 570 3430 652 constitutam.Quauquam
3446 576 3634 638 etha-

248 663 380 742 ἂγια
429 668 515 722 καὶ
558 669 678 721 θεῖα
727 665 871 721 εἶναι
903 662 1064 732 δῆλόν
1097 661 1232 740 ἐστι,
1268 664 1355 719 καὶ
1399 662 1452 717 ἐν
1484 662 1688 722 τούτοις
1720 667 1879 716 πᾶσαι

1979 657 2309 720 reticorum
2361 670 2726 740 praesumpta
2766 659 3039 736 audacia,
3075 661 3339 724 veritatis
3386 666 3633 728 nomine

247 755 350 821 τὴν
394 760 494 822 τῆς
541 760 726 834 ψυχῆς
761 751 946 810 ἐλπίδα
987 743 1252 832 ὑπάρχειν
1289 770 1304 790 ⁸
1351 752 1448 808 κᾶν
1492 753 1534 807 εἷ
1566 752 1632 807 τὰ
1664 751 1879 826 μάλιστα

1985 747 2379 830 palliata,ha3c
2401 749 2638 810 tradere
2660 749 2904 825 audeat,
2931 769 3064 831 quae
3089 751 3366 832 quoniam
3391 755 3632 834 simpli-

243 844 339 900 οὖν
396 850 493 902 καί
549 848 583 913 ἡ
639 851 748 901 τῶν
811 847 1089 923 αἱρετικῶν
1148 840 1524 922 προληφθεϊσα
1580 840 1779 917 τόλμα,
1824 843 1879 914 τι]

1983 837 2076 898 cia
2101 846 2258 907 sunt,
2297 848 2356 899 ut
2382 847 2709 919 praemonet
2731 837 2940 902 beatus
2961 841 3288 921 Apostolus
3321 842 3579 906 dicendo
3612 863 3628 908 :

247 934 476 1010 ὀνόματι
509 939 611 1000 τῆς
653 932 906 1000 ἀληθείας
954 931 1331 1008 ἐναντιούμενα
1393 953 1506 986 τινα
1548 928 1897 1005 παραδιδόναι

1984 925 2149 988 Unus
2164 927 2477 1005 Deus,una
2499 929 2668 1007 ﬁdes,
2692 947 2884 992 unum
2910 929 3308 1011 baptisma”;
3339 941 3397 995 et
3425 933 3631 996 iterari

246 1024 661 1102 προπετεύεται,
719 1031 884 1082 ταῦτα
943 1020 1127 1088 ἐπειδὴ
1180 1019 1324 1078 ἀπλᾶ
1370 1021 1523 1096 εἰσιν,
1557 1021 1628 1083 ὠς
1664 1019 1879 1076 διδάσκει

1979 1035 2096 1077 non
2130 1017 2328 1098 liceat,
2357 1019 2518 1099 quod
2552 1018 2743 1080 semel
2775 1018 2904 1080 dari
2932 1027 3188 1099 oportet,
3224 1024 3628 1086 anathemati-

243 1115 272 1170 ὁ
337 1111 490 1191 ἅγιος
548 1111 882 1176 Ἀπόστολος
943 1111 1114 1189 λέγων
1151 1131 1163 1143 ·
1227 1110 1327 1173 Εἷς
1373 1112 1527 1189 Θεὸς,
1563 1111 1656 1185 μία
1689 1111 1888 1189 πίστις,

242 1203 299 1260 ἔν
328 1205 630 1283 βάπτισμα,
660 1204 748 1258 καὶ
805 1201 1026 1281 ὀφεῖλον
1079 1200 1358 1281 προσάπαξ
1403 1199 1658 1280 δίδοσθαι,
1693 1200 1887 1257 ἐπανα-

243 1293 516 1374 ληιρθῆναι
593 1295 688 1350 οὒκ
775 1292 1002 1372 ἔξεστιν,
1060 1290 1576 1366 ἀναθεματιζομένου
1632 1293 1723 1346 τοῦ
1789 1295 1889 1357 τῆς

243 1383 456 1451 πλάνης
504 1383 793 1458 ὀνόματος,
830 1380 912 1438 διὰ
941 1386 1040 1448 τῆς
1073 1381 1358 1442 ἐπιθέσεως
1391 1386 1490 1448 τῆς
1535 1381 1722 1459 χειρὸς
1753 1380 1888 1436 ἀνα-

245 1472 514 1554 δεχθῶσιν
540 1475 614 1539 εἰς
676 1474 776 1540 τὴν
809 1474 932 1548 μίαν
979 1470 1326 1545 Ἐκκλησίαν,
1361 1471 1486 1548 τὴν,
1520 1473 1593 1534 ὡς
1647 1470 1884 1550 εἴρηται,

245 1562 563 1643 περιστεράν
604 1565 692 1620 καὶ
753 1565 927 1638 μόνην
972 1561 1179 1639 μητέρα
1227 1565 1334 1616 τῶν
1395 1566 1723 1637 Χριστιανῶν
1760 1581 1774 1595 ·
1834 1561 1888 1616 ἐν

243 1656 281 1730 ᾗ
319 1655 490 1711 πάντα
521 1655 585 1709 τὰ
615 1655 926 1732 ἁγιασματα
955 1650 1308 1729 σωτηριωδῶς
1342 1649 1537 1705 αἰώνια
1585 1649 1671 1705 καὶ
1722 1657 1888 1720 ζωτι-

245 1745 316 1800 κά
365 1741 897 1822 παραλαμϐάνονται,
944 1741 1096 1797 ἅτινα
1139 1753 1261 1803 τοῖς
1320 1738 1658 1814 ἐπιμένουσιν
1714 1738 1769 1794 ἐν
1818 1747 1886 1816 τῇ

247 1833 472 1910 αἱρέσει,
509 1831 754 1912 μεγάλην
802 1836 898 1900 τῆς
955 1829 1244 1898 καταδίκης
1299 1831 1398 1896 τὴν
1429 1829 1682 1907 τιμωρίαν
1729 1830 1883 1908 πορί-

244 1930 423 1995 ζουσιν
454 1940 469 1955 '
523 1921 613 1979 ῐνα
645 1923 776 1998 ὅπερ
805 1923 872 1990 ἦν
916 1925 1099 1984 αὐτοῖς
1147 1920 1201 1975 ἐν
1246 1926 1314 1996 τῇ
1363 1919 1583 1992 ἀληθείᾳ
1624 1921 1754 1997 πρὸς
1787 1920 1883 1987 τὴν

243 2014 461 2071 αἰωνίαν
543 2013 689 2083 ζωὴν
763 2010 1153 2078 ἀκολουθητέον
1235 2009 1641 2088 φωτεινότερον,
1729 2009 1882 2066 τοῦτο

239 2103 464 2182 γένηται
524 2107 707 2168 αὐτοῖς
769 2102 824 2157 ἒν
901 2107 970 2177 τῇ
1044 2099 1222 2175 πλάνῃ
1305 2098 1720 2177 σκοτεινότερον,
1796 2100 1882 2156 καὶ

237 2192 406 2250 πλέον
437 2189 951 2266 καταδεδικασμένον
983 2206 996 2220 ⁸
1046 2188 1178 2268 ὅπερ
1228 2188 1370 2250 τινὲς
1416 2187 1630 2266 ἔφυγον,
1665 2190 1752 2244 καὶ
1782 2193 1881 2256 τῆς

237 2281 562 2349 Ἐκκλησίας
647 2283 747 2347 τῆς
841 2279 1133 2348 καθολικῆς
1211 2287 1414 2356 μητρὸς
1493 2278 1557 2332 τα
1627 2277 1882 2334 εὔθύτατα

236 2372 571 2451 ἐπιγνόντες,
601 2371 776 2428 πάντα
824 2370 1008 2427 ἐκεῖνα
1036 2369 1118 2426 τὰ·
1159 2367 1286 2446 ἅγια
1349 2367 1636 2446 μυστήρια,
1682 2366 1882 2447 φίλτρῳ

231 2466 336 2528 τῆς
381 2460 630 2526 ἀληθείας
697 2460 1014 2516 ἐπίστευσαν
1057 2459 1145 2514 καὶ
1200 2454 1520 2521 ὑπεδέξαντο
1555 2475 1571 2492 ⁸
1623 2470 1742 2518 τοῖς
1791 2459 1878 2513 οὖν

230 2551 522 2630 τοιούτοις,
599 2548 728 2606 ὅταν
803 2548 1001 2624 δοκιμὴ
1077 2554 1319 2627 χρηστοῦ
1397 2547 1511 2622 βίου
1569 2544 1876 2626 προσέλθοι,

231 2637 616 2719 ἀναμφιϐόλως
649 2639 746 2697 καί
774 2641 975 2718 κλῆρος
1030 2639 1162 2716 πρὸς
1221 2638 1506 2715 ὑπουργίαν
1565 2642 1671 2692 τῶν
1715 2636 1878 2715 ἀγίων

240 2732 751 2810 προσκυρωθήσεται
787 2745 802 2760 ⁸
858 2731 946 2786 καὶ
992 2727 1228 2804 μάλιστα
1272 2727 1326 2783 ἐν
1372 2733 1440 2803 τῇ
1483 2727 1716 2803 τοσαύτῃ
1772 2732 1878 2783 τῶν

233 2821 566 2899 πραγμάτων
619 2820 854 2900 ἀνάγκη,
887 2817 1052 2882 οὐδείς
1085 2817 1228 2873 ἐστιν
1287 2819 1314 2874 ὁ
1360 2817 1438 2891 μὴ
1499 2816 1649 2873 τοῦτο
1695 2837 1874 2894 παρα-

232 2915 457 2990 χωρῶν.
519 2910 578 2966 Εἰ
644 2907 700 2964 δέ
745 2930 884 2972 τινες
934 2930 1021 2964 του
1066 2911 1220 2964 αὒτοῦ
1276 2904 1540 2984 δόγματος
1600 2905 1872 2985 κληρικοὶ,

234 2999 375 3075 μετά
419 3007 510 3057 τοῦ
555 2997 790 3068 πλήθους
834 2999 922 3055 καὶ
961 3002 1068 3054 τῶν
1110 3002 1280 3073 τιμῶν
1326 2996 1499 3052 αὒτῶν
1549 2997 1680 3074 πρὶς
1731 2997 1875 3070 ἡμᾶς

1973 1114 2099 1167 zato
2135 1108 2379 1168 nomine
2406 1108 2632 1169 erroris
2656 1108 3032 1188 recipiantur
3063 1128 3172 1191 per
3195 1130 3404 1174 manus
3426 1113 3628 1196 impo-

1973 1197 2252 1258 sitionem
2282 1215 2336 1256 in
2361 1216 2539 1258 unam
2561 1198 3375 1278 Ecclesiam,columbam,ut
3401 1204 3626 1267 dictum

1974 1294 2085 1361 est,
2113 1293 2172 1347 et
2195 1305 2372 1347 uuam
2409 1296 2656 1349 matrem
2684 1289 2954 1350 omnium
2980 1290 3486 1372 Christianorum,
3525 1295 3628 1358 ubi

1973 1378 2174 1438 omnia
2195 1377 2297 1438 illa
2319 1387 2700 1441 sacramenta
2727 1377 3078 1456 salubriter,
3107 1390 3166 1442 et
3198 1391 3515 1461 mterna,et
3546 1387 3628 1448 vi-

1974 1464 2174 1529 taliter
2193 1467 2592 1546 accipiuntur:
2617 1487 2748 1548 quae
2773 1472 3304 1550 perseverantibus
3324 1475 3382 1535 in
3411 1476 3628 1539 haeresi

1975 1573 2245 1632 magnam
2279 1557 2680 1619 damnationis
2707 1577 2945 1638 poenam
2972 1561 3440 1639 conquirunt,ut
3465 1567 3624 1646 quod

1973 1653 2065 1707 est
2083 1645 2141 1706 in
2169 1647 2422 1708 veritate
2436 1647 2507 1708 ad
2529 1654 2815 1709 aeternam
2835 1649 3014 1710 vitam
3030 1645 3517 1728 consequendam
3535 1675 3626 1717 es-

1972 1743 2066 1796 set
2099 1735 2602 1813 luminosius,hoc
2627 1738 2686 1798 in
2711 1757 2918 1800 errore
2944 1739 3022 1801 sit
3045 1740 3428 1804 tenebrosius
3446 1752 3625 1825 atque

1911 1822 2337 1907 Bdamnosius.
2378 1826 2551 1900 Quod
2609 1826 2909 1907 fugientes
2960 1831 3263 1907 nonnulli,
3302 1840 3360 1894 et
3417 1822 3626 1897 matris

1969 1915 2254 1978 Ecclesiae
2274 1916 2457 1977 ubera
2471 1920 3052 1999 cognoscentes,qui
3076 1921 3179 1982 illa
3201 1923 3626 1988 omniasancta

1967 2006 2249 2086 mysteria
2270 2024 2475 2068 amore
2499 2007 2762 2070 veritatis
2785 2008 3389 2093 crediderunt,atque
3413 2034 3623 2093 perce-

1967 2106 2204 2176 perunt,
2244 2095 2462 2176 quibus
2523 2105 3043 2160 sacramentorum
3107 2099 3290 2161 rebus
3324 2121 3458 2164 cum
3493 2105 3624 2167 vita:

1966 2184 2139 2246 bonae
2157 2186 2423 2267 probitas
2457 2187 2812 2263 accesserit,
2859 2188 2994 2250 sine
3025 2188 3210 2250 dubio
3242 2191 3317 2253 ad
3353 2191 3621 2257 ofﬁcium

1963 2274 2283 2336 clericatus
2319 2275 2465 2337 tales
2527 2293 2661 2338 esse
2720 2277 3143 2360 applicandos,
3179 2290 3238 2342 et
3273 2284 3533 2345 maxime
3559 2284 3621 2347 in

1963 2373 2124 2426 tanta
2154 2383 2355 2427 rerum
2391 2365 2992 2442 necessitate,nullus
3015 2381 3107 2431 εει
3130 2370 3230 2450 qui
3257 2389 3376 2433 non
3401 2391 3621 2439 conce-

1963 2453 2446 2535 dat.Quanquam
2467 2456 2745 2517 nonnulli
2769 2456 3043 2535 ejusdem
3064 2466 3242 2521 sectae
3261 2460 3618 2526 clericicum

1963 2544 2240 2624 plebibus
2262 2552 2443 2625 atque
2461 2545 2792 2607 honoribus
2816 2547 2940 2608 suis
2963 2547 3036 2610 ad
3059 2567 3168 2610 nos
3185 2551 3445 2614 transire
3467 2553 3624 2616 desi-

1962 2636 2177 2697 derant
2204 2655 2216 2696 :
2247 2636 2349 2716 qui
2371 2653 2579 2698 amore
2601 2636 2854 2698 honoris
2876 2646 2975 2698 aut
3018 2641 3386 2719 persuadent
3416 2643 3489 2704 ad
3527 2647 3618 2707 vi-

1962 2732 2105 2799 tam,
2140 2733 2240 2786 aut
2268 2725 2534 2787 retinent
2559 2726 2631 2787 ad
2659 2726 2942 2791 salutem.
2976 2726 3095 2790 Sed
3119 2730 3233 2792 hoc
3260 2733 3472 2812 majori
3491 2734 3616 2797 fra-

1963 2824 2117 2876 trum
2151 2817 2643 2896 supradictorum
2677 2817 3155 2880 considerationi
3183 2819 3614 2888 dimittendum

1963 2923 2208 2976 censeo;
2229 2914 2292 2967 ut
2327 2906 2707 2987 prudentiori
2738 2925 2846 2970 suo
2878 2908 3136 2973 consilio
3169 2920 3387 2974 nostrae
3407 2933 3618 2996 suggeo

1962 2995 2142 3058 stioni
2169 3013 2511 3058 sermonem
2535 3016 2673 3058 cum
2699 2999 2828 3060 59!
2875 3000 3333 3080 perpenderint,
3365 3005 3506 3085 quid
3533 2995 3616 3068 fde

235 3091 519 3166 μετελθεῖν
581 3091 923 3163 ποθήσουσιν,
990 3087 1188 3151 οτίτινες
1236 3092 1309 3160 τῷ
1353 3085 1509 3162 ἔρωτι
1569 3090 1666 3152 τῆς
1715 3091 1876 3161 τιμῆς

1969 3085 2070 3146 hac
2100 3104 2167 3146 re
2201 3085 2286 3146 eis
2321 3086 2553 3167 placeat
2583 3107 2694 3150 nos
2721 3089 3058 3152 informare
3089 3090 3428 3171 dignentur.
3451 3095 3614 3158 Tan-

235 3176 651 3255 συμϐουλεύουσι
686 3180 819 3257 πρὸς
865 3180 1035 3258 ζωὴν,
1087 3179 1175 3232 καὶ
1212 3174 1505 3255 κατὲχοδσι
1569 3177 1701 3251 πρὸς
1763 3198 1876 3232 σω-

1969 3181 2088 3237 tum
2121 3175 2196 3236 de
2220 3175 2310 3236 his
2339 3178 2441 3277 qui
2467 3177 3035 3277 infantes-baptizati
3065 3188 3226 3277 sunt,
3259 3186 3611 3277 satagimus,

237 3269 448 3348 τηρίαν,
505 3267 641 3324 ἄλλα
697 3278 852 3326 τοῦτο
912 3265 1300 3323 καταλειπτέον
1343 3266 1506 3343 κρίνω
1551 3270 1620 3341 τῇ
1676 3265 1877 3340 μείζονι

1969 3271 2031 3325 ιιι
2062 3265 2359 3338 nostrae,si
2386 3265 2602 3343 placet,
2633 3266 2692 3327 in
2727 3265 2946 3328 iisdem
2981 3268 3332 3332 ordinandis
3365 3291 3616 3336 consen-

233 3357 584 3433 κατανοήσει,
635 3356 1025 3436 ψηφισομένων
1081 3362 1188 3412 τῶν
1253 3353 1662 3434 προλεχθέντων
1719 3353 1879 3411 ἀδελ-

1969 3354 2112 3414 tiant
2145 3353 2683 3418 Voluntati.0mnia
2713 3374 2856 3435 ergo
2883 3375 3015 3436 qua;
3037 3360 3318 3438 superius
3342 3381 3617 3444 compre-

235 3451 374 3530 φῶν,
435 3447 527 3504 ἵνα
583 3453 652 3524 τῇ
709 3447 1037 3521 συνετωτέρᾳ
1094 3446 1266 3502 αὐτῶν
1297 3446 1464 3522 βουλῇ
1491 3447 1587 3512 τῆς
1614 3445 1879 3523 τημετέρας

1969 3441 2293 3506 hendimus
2351 3445 2505 3524 apud
2566 3453 2808 3507 sanctos
2839 3445 3189 3528 episcopos,
3224 3450 3456 3528 agenda
3482 3441 3620 3514 esse

233 3539 503 3618 ἀναφορᾶς
562 3539 654 3594 τὸν
713 3535 874 3615 λόγον
928 3536 1212 3616 διαγνῶσιν
1247 3554 1258 3568 '
1292 3536 1380 3591 καὶ
1415 3537 1557 3609 ἡμᾶς
1589 3532 1879 3611 βεϐαιῶσαι

1969 3550 2202 3595 mecum
2238 3532 2612 3596 honorabilis
2643 3533 2989 3596 fraternitas
3025 3547 3219 3598 vestra
3258 3541 3614 3619 perpendat.

234 3627 663 3704 καταξιώσωσιν,
703 3628 778 3691 είς
826 3628 888 3684 τὸ
944 3625 1165 3707 ὀφεῖλον
1209 3626 1327 3704 περὶ
1379 3625 1566 3684 τούτου
1623 3626 1809 3686 τούτου
1868 3634 1960 3686 τοῦ
2021 3623 2333 3702 πράγματος
2391 3621 2515 3701 παρ’
2568 3627 2726 3701 ἡμῶν
2779 3629 3111 3693 τυπωθῆναι’
3160 3628 3321 3702 μόνον
3385 3628 3441 3684 δὲ
3491 3634 3617 3708 περὶ

231 3726 342 3777 τῶν
385 3721 441 3773 ἓν
497 3717 782 3785 νηπιότητι
841 3713 1260 3792 ϐαπτισθέντων,
1335 3715 1662 3795 ἀρκούμεθα,
1708 3714 1802 3773 ἵνα
1863 3719 1908 3774 εἰ
1979 3714 2189 3794 ἀρέσκει
2236 3714 2448 3793 αὐτοῖς,
2489 3719 2557 3790 τῇ
2612 3714 2848 3792 ἡμετέρᾳ
2905 3715 3248 3772 συναινέσωσι
3313 3720 3616 3799 προαιρέσει

233 3809 354 3888 περὶ
394 3817 488 3866 τοῦ
544 3810 971 3887 χειροτονεῖσθαι
1015 3807 1254 3872 τούτους·
1304 3805 1478 3862 πάντα
1525 3807 1697 3862 τοίνυν
1741 3807 1774 3863 ἃ
1830 3806 2082 3885 ἀνωτέρω
2125 3803 2496 3883 συνηγάγομεν
2561 3806 2704 3883 παρὰ
2747 3819 2866 3870 τοῖς
2937 3805 3256 3884 ἁγιωτάτοις
3300 3807 3617 3874 ἐπισκόποις

226 3896 466 3979 πρακτέα
511 3896 654 3953 εἶναι
701 3894 903 3954 δικαιοῖ
933 3897 1043 3973 ἅμα
1075 3896 1190 3972 ἐμοὶ
1226 3898 1255 3964 ἦ
1288 3895 1501 3972 ἔντιμος
1533 3897 1682 3972 ὑμῶν
1715 3895 2037 3978 ἀδελφότης.

312 3988 434 4062 Περὶ
491 3986 583 4045 τοῦ
665 3987 788 4051 τοὺς
862 3985 1150 4065 κληρικοὺς
1238 3993 1343 4043 τῶν
1408 3989 1744 4043 Δονατιστῶν
1821 3988 1877 4045 ἐν

231 4084 309 4153 τῷ
401 4074 588 4154 κλήρῳ
669 4081 769 4143 τῆς
842 4074 1134 4143 καθολικῆς
1215 4072 1538 4144 Ἐκκλησίας
1609 4074 1876 4157 ἀναδέχε-

231 4172 376 4230 σθαι.

315 4255 430 4325 ξη¹.
461 4255 554 4320 Ἐς
587 4255 804 4336 ὕστερον
835 4254 1046 4336 ἤρεσεν,
1104 4255 1198 4314 ἵνα
1246 4258 1538 4338 γράμματα
1597 4259 1879 4338 πεμφθῶσι

2047 3984 2117 4047 Ut
2151 3981 2364 4045 clerici
2395 3981 2853 4047 Donatistarum
2902 3987 2968 4046 in
3003 3984 3278 4049 Ecclesia
3309 3987 3617 4054 catholica

1962 4073 2383 4153 suscipiantur
2415 4075 2482 4136 in
2511 4072 2700 4137 clero.

2046 4252 2388 4318 68.Deinde
2414 4254 2634 4336 placuit
2655 4254 2815 4331 98,ut
2832 4255 3044 4318 litterae
3063 4255 3377 4320 mittantur
3393 4257 3465 4321 ad
3489 4259 3614 4323 fra-

231 4349 367 4426 πρὸς
411 4348 533 4410 τοὺς
606 4345 864 4427 ἀδελφοὺς
936 4348 1024 4403 καὶ
1096 4349 1517 4414 σδνεπισκόπους
1561 4348 1739 4424 ἡμῶν,
1788 4350 1876 4406 καὶ

1969 4349 2080 4406 tres
2112 4352 2169 4405 et
2202 4345 2604 4426 coepiscopos
2634 4354 2894 4425 nostros,
2933 4355 2991 4408 et
3015 4349 3274 4412 maxime
3297 4349 3366 4411 ad
3403 4351 3613 4414 sedem

231 4437 467 4515 μάλιστα
511 4438 641 4518 πρὸς
690 4438 786 4504 τὴν
830 4436 1198 4506 ἀποστολικὴν
1230 4437 1508 4519 καθέδραν,
1556 4439 1610 4494 ἐν
1655 4439 1690 4514 ᾗ
1733 4462 1871 4519 προ-

231 4527 465 4595 κάθηται
527 4529 553 4584 ὂ
614 4529 1000 4604 μνημονευθεὶς
1082 4530 1449 4606 προσκυνητὸς
1507 4527 1735 4609 ἀδελφὸς
1784 4531 1874 4586 καὶ

298 4615 351 4674 λλ
704 4619 717 4641 ι
786 4624 814 4634 .-
923 4617 943 4644 ,
1141 4618 1153 4638 ι
1489 4616 1534 4638 ιν
1731 4618 1743 4638 ι

225 4640 294 4674 συ
332 4619 640 4697 Λειτουργὺς
696 4641 852 4694 ημων
946 4627 1301 4698 Αναστασιος,
1364 4617 1549 4686 ἐπειδη
1621 4640 1875 4697 γινωσκει

226 4711 330 4776 τὴν
391 4707 682 4789 Ἀφρικὴν,
744 4707 989 4787 μεγάλην
1050 4707 1200 4789 ἔχειν
1257 4709 1543 4788 ἀνάγκην·
1598 4709 1734 4766 ὥστε
1791 4708 1876 4765 διὰ

226 4801 331 4865 την
360 4801 460 4865 τῆς
509 4796 836 4866 Ἐκκλησίας
897 4799 1112 4877 εἰρήνην
1172 4800 1260 4856 καὶ
1319 4799 1728 4879 χρησιμότητα,
1789 4801 1876 4857 καὶ

226 4888 404 4944 αὐτῶν
478 4892 584 4944 τῶν
655 4894 994 4953 Δονατιστῷν
1077 4887 1276 4953 οἵτινες
1347 4887 1548 4960 δήποτε
1601 4889 1872 4972 κληρικοῖ,

226 4975 608 5056 διορθουμένης
666 4983 766 5046 τῆς
822 4978 1020 5056 βουλῆς
1065 4980 1199 5060 πρὸς
1255 4979 1356 5048 τὴν
1413 4979 1704 5049 καθολικὴν
1749 4981 1871 5039 ἐνό-

226 5087 372 5135 τητα
430 5066 713 5143 μετελθεῖν
776 5068 1081 5146 θελήσαιεν,
1130 5069 1264 5128 κατὰ
1317 5070 1417 5138 τὴν
1479 5071 1594 5133 ἑνὸς
1650 5071 1876 5130 ἑκάστου

224 5155 516 5214 καθολικοῦ
586 5157 886 5217 ἐπισκόπου
966 5163 1296 5240 προαίρεσιν,
1371 5159 1464 5217 καί
1526 5159 1726 5238 βουλὴν
1782 5170 1876 5221 τοῦ

227 5246 286 5305 ἐν
315 5254 391 5322 τῷ
427 5251 569 5323 αύτῷ
618 5250 769 5324 τόπῳ
817 5247 1174 5329 κυϐερνῶντος
1230 5251 1330 5320 τὴν
1389 5250 1738 5328 Ἐκκλησίαν,
1785 5253 1875 5310 ἐὰν

228 5344 388 5396 τοῦτο
471 5337 870 5414 συμϐάλλεσθαι
951 5346 1020 5418 τῇ
1087 5347 1191 5398 τῶν
1271 5342 1604 5421 Χριστιανῶν
1691 5343 1872 5421 εἰρήνῃ

229 5428 447 5510 φανείη,
495 5428 548 5486 ἐν
593 5443 718 5494 ταῖς
766 5429 918 5496 ἰδίαις
980 5435 1166 5507 τιμαῖς
1221 5433 1406 5499 αὐτοὺς
1463 5431 1867 5514 ἀναδεχθῆναι·

229 5520 408 5584 καθὼς
439 5528 527 5577 καὶ
570 5521 625 5578 ἐν
669 5535 788 5586 τοῖς
818 5519 1146 5602 προλαϐοῦσι
1178 5523 1397 5603 χρόνοις
1429 5525 1547 5604 περὶ
1578 5527 1677 5591 τῆς
1709 5526 1872 5596 αὐτῆς

313 5697 380 5754 97
411 5694 641 5787 Ephes.
673 5715 753 5789 IV,
785 5705 848 5769 5.
930 5701 996 5759 98
1021 5699 1205 5770 Conc.
1238 5700 1431 5769 Atrio.
1469 5721 1524 5770 c.
1557 5702 1653 5773 35.

1958 4433 2374 4515 apostolicam,
2400 4434 2458 4495 in
2485 4454 2598 4516 qua
2623 4436 2901 4516 praesidet
2924 4447 3293 4502 memoratus
3309 4441 3618 4504 venerabi-

1959 4523 2032 4584 lis
2059 4523 2245 4584 frater
2279 4533 2336 4584 et
2363 4524 2593 4603 collega
2622 4537 2832 4588 noster
2853 4528 3360 4610 Anastasius,quo
3385 4531 3618 4594 noverit

1958 4611 2182 4674 habere
2199 4612 2459 4675 Africam
2487 4633 2760 4694 magnam
2784 4617 3618 4701 necessitatem,propterEc-

1960 4702 2160 4764 clesim
2197 4721 2403 4782 pacem
2439 4712 2498 4766 et
2529 4705 2850 4768 utilitatem
2891 4727 2904 4768 :
2941 4716 3002 4768 ut
3035 4717 3092 4768 et
3119 4708 3296 4788 [forte
3349 4712 3437 4787 ex]
3470 4709 3618 4790 ipsis

1962 4793 2308 4870 Donatistis,
2345 4794 2694 4876 quicunque
2720 4797 2929 4858 clerici
2955 4806 3232 4861 correcto
3264 4799 3516 4860 consilio
3541 4799 3615 4860 ad

1959 4883 2315 4946 catholicam
2338 4884 2628 4947 unitatem
2657 4885 2916 4949 transire
2933 4887 3257 4963 voluerint,
3279 4888 3616 4950 secundum

1957 4974 2432 5056 uniuscujusque
2447 4977 2713 5056 episcopi
2735 4976 3018 5039 catholici
3043 4976 3405 5039 voluntatem
3435 4985 3617 5058 atque

1957 5064 2417 5145 consilium,qui
2443 5066 2504 5126 in
2524 5065 2737 5128 eodem
2763 5065 2898 5128 loco
2923 5067 3219 5145 gubernat
3250 5067 3612 5132 Ecclesiam:

1958 5154 2007 5216 si
2040 5155 2159 5217 hoc
2192 5155 2326 5236 paci
2370 5155 2726 5218 Christianae
2762 5156 3055 5236 prodesse
3085 5156 3278 5218 visum
3315 5158 3517 5233 fuerit,
3552 5157 3615 5220 in

1958 5251 2082 5307 suis
2103 5245 2438 5307 honoribus
2470 5244 3070 5327 suscipiantur,sicut
3104 5247 3415 5328 prioribus
3445 5249 3613 5330 ejus-

1958 5336 2094 5396 dem
2121 5335 2435 5397 divisionis
2459 5335 2831 5416 temporibus
2845 5337 3062 5400 factum
3081 5357 3214 5401 esse
3233 5340 3616 5402 manifestum

1957 5424 2246 5498 est.Quod
2282 5425 2602 5488 multarum
2624 5435 2684 5487 et
2716 5445 2871 5508 pene
2891 5430 3163 5494 omnium
3197 5430 3616 5494 Africanarum

1957 5515 2394 5594 Ecclesiarum,
2427 5515 2489 5578 in
2548 5515 2771 5594 quibus
2825 5519 2961 5583 talis
3013 5537 3184 5587 error
3216 5529 3462 5586 exortus
3497 5527 3610 5601 est,
