3944 6222
535 327 653 400 879

1713 273 2542 399 pnorupA'rachus
2585 327 2700 400 cp.

3693 327 3772 404 880

523 469 798 550 exempla
821 473 1132 532 testantur:
1157 483 1278 530 non
1293 471 1354 529 ut
1377 465 1702 530 concilium
1726 466 1888 549 quod
1915 469 1970 530 in
1991 477 2127 530 tran:

2259 467 2585 534 διαστάσεως
2657 469 2898 548 γενέσθαι
2961 469 3184 552 φανερόν
3244 471 3384 530 ἐστιν
3415 490 3428 507 °
3492 472 3596 548 ὅπερ
3627 471 3773 530 mihi)?

519 561 766 624 marinis
793 557 1057 641 partibus
1079 557 1153 620 de
1174 558 1289 620 hac
1310 576 1376 620 re
1396 556 1453 619 fa
1470 565 1629 620 ctum
1657 557 2168 640 est,dissolvatur;

517 651 620 712 sed
647 649 872 710 utillud
902 659 1139 709 maneat
1162 649 1321 710 circa
1345 665 1448 710 eos
1469 647 1571 729 qui
1594 648 1680 710 sic
1703 648 1959 710 transire
1980 647 2052 709 ad
2075 667 2173 710 ca-

517 741 796 802 tholicam
815 737 1146 800 Ecclesiam
1174 737 1370 800 volunt
1395 747 1461 800 ut
1483 738 1645 799 nulla
1668 757 1773 818 per
1796 757 1902 800 eos
1925 738 2170 799 unitatis

513 829 778 892 concisio
795 827 1290 909 procuretur.Per
1302 847 1450 908 quos
1464 836 1658 890 autem
1685 827 1773 889 vel
1798 829 1962 888 omni
1991 830 2168 890 modo

514 919 748 1002 perﬁci,
779 920 868 981 vel
920 918 1184 998 adjuvari
1228 920 1367 980 592
1403 916 1738 979 manifestis
1770 917 2166 979 fraternarum

511 1009 846 1072 animarum
874 1009 1057 1070 lucris
1080 1007 1373 1070 catholica
1389 1008 1584 1070 unitas
1609 1007 1668 1068 in
1694 1007 1841 1069 locis
1865 1007 1924 1068 in
1947 1006 2168 1088 quibus

511 1100 890 1180 degunt,visa
913 1099 1243 1180 fuerit,non
1270 1098 1357 1160 eis
1381 1097 1725 1176 obsit,quod
1754 1105 1959 1158 contra
1981 1098 2164 1158 hono-

509 1208 608 1254 res
641 1208 874 1263 eorum,
905 1194 1175 1270 quamvis
1225 1188 1390 1250 salus
1423 1187 1573 1248 nulli
1608 1187 1934 1249 interclusa
1968 1187 2068 1264 sit,
2103 1188 2160 1247 in

508 1280 906 1350 transmarino
931 1277 1188 1340 concilio
1212 1286 1494 1340 statutum
1525 1286 1636 1352 est,
1663 1277 1722 1338 id
1756 1285 1865 1352 est,
1895 1283 1958 1339 ut
1990 1275 2157 1337 ordi-

511 1372 634 1433 nati
660 1372 720 1432 in
748 1379 918 1448 parte
943 1369 1158 1430 Donati
1187 1369 1236 1430 si
1255 1369 1328 1430 ad
1355 1367 1707 1430 catholicam
1729 1367 1980 1428 correcti
2006 1375 2161 1426 tran-

507 1462 630 1523 sire
653 1460 967 1534 voluerint,
993 1477 1111 1521 non
1145 1458 1548 1539 suscipiantur
1584 1456 1643 1518 in
1677 1455 2005 1518 honoribus
2036 1455 2158 1516 suis

505 1550 838 1614 secundum
865 1549 1332 1610 transmarinum
1355 1547 1680 1609 concilium
1719 1567 1732 1604 :
1761 1545 1867 1608 sed
1895 1544 2158 1626 exceptis

506 1640 624 1716 his,
659 1657 766 1719 per
790 1657 939 1719 quos
964 1637 1270 1699 catholicae
1300 1637 1516 1699 unitati
1549 1636 1909 1698 consulitur.

2253 561 2340 617 καὶ
2398 559 2597 640 σχεδὸν
2641 561 2853 640 πασῶν,
2901 567 3008 617 τῶν
3051 561 3106 617 iv
3149 569 3217 638 τῇ
3259 563 3476 642 Ἀφρικῇ
3513 561 3774 629 Ἐκκληπιῶν,

2253 647 2309 704 iv
2352 651 2449 710 αἷς
2493 651 2527 717 ἡ
2589 649 2809 716 τοιαύτη
2872 649 3051 718 πλοίνη
3107 652 3332 731 ἀνεφύη,
3380 655 3439 709 τὰ
3481 651 3778 730 παραδείγματι

2253 740 2607 819 μαρτύρονται
2644 757 2657 771 ·
2708 739 2811 819 οὔχ
2856 739 2951 797 ἵνα
2993 744 3026 809 ἡ
3059 741 3273 806 σύνοδος
3312 744 3346 810 ἡ
3391 743 3442 798 ἐν
3488 756 3584 807 τοῖς
3607 762 3780 819 περιμα-

2251 842 2428 890 τικοϊς
2473 829 2656 907 μέρεσι
2703 834 2820 906 περὶ
2864 831 3053 888 τούτου
3118 839 3213 889 τοῦ
3268 833 3556 912 πράγματος
3594 829 3780 908 γενομένη

2251 914 2494 998 διαλυθῇ,
2553 916 2674 974 ἀλλ’
2733 919 2827 976 ἵνα
2883 919 3063 977 έκεῖνο
3129 923 3287 996 μείνῃ
3342 925 3456 999 περί
3509 921 3609 980 τοὺς
3669 918 3782 980 οὕτως

2249 1007 2530 1082 μετελθεῖν
2587 1009 2719 1086 πρὸς
2761 1009 2862 1076 τὴν
2919 1009 3212 1078 καθολικὴν
3255 1010 3559 1079 Ἐκκλησίαν
3593 1006 3783 1085 βουλομέο

2247 1119 2370 1162 νους
2407 1117 2419 1131 ·
2481 1097 2619 1154 ὥστε
2652 1097 2920 1174 μηδεμίαν
2961 1099 3048 1157 ἐπὶ
3091 1103 3290 1159 τούτων
3335 1106 3431 1171 τῆς
3471 1100 3675 1167 ἑνότητος
3699 1120 3784 1153 συν-

2243 1186 2432 1262 τομίαν
2489 1189 2950 1267 περιεργάζεσθαι,
2997 1189 3063 1246 δι’
3108 1193 3182 1248 ὧν
3240 1189 3295 1246 δὲ
3354 1192 3501 1248 παντὶ
3543 1191 3685 1267 τρόπῳ
3720 1187 3784 1242 ἐκ·

2241 1274 2576 1358 τελεσθῆναι,
2637 1281 2672 1346 ἡ
2744 1278 3004 1346 καθολικὴ
3080 1282 3268 1348 ἑνότης
3313 1281 3514 1360 φανερῶ
3551 1277 3683 1355 κέρδει
3714 1276 3788 1332 τῶν

2242 1364 2542 1446 ἀδελφικῶν
2587 1372 2780 1446 ψυχῶν
2825 1369 3037 1448 φανείη,
3072 1370 3128 1426 iv
3158 1384 3275 1437 τοῖς
3304 1372 3484 1436 τόποις
3512 1370 3587 1432 οἷς
3614 1366 3787 1444 διάγουσι

2242 1455 2320 1531 μὴ
2363 1455 2656 1533 ἐμποδίσῃς
2699 1456 2909 1521 τούτοις
2979 1461 3040 1516 τὸ
3087 1461 3294 1537 ὁρισθὲν
3363 1461 3493 1518 κατὰ
3542 1464 3631 1515 τῶν
3667 1476 3789 1529 τιμων

2240 1546 2413 1602 αὐτῶν
2459 1546 2513 1602 iv
2557 1547 2625 1615 τῆ
2655 1550 2998 1625 περαματικῇ
3042 1548 3245 1622 συνόδῳ
3268 1567 3282 1582 ⁶
3319 1550 3510 1607 ὁπόταν
3537 1549 3590 1604 τὸ
3616 1549 3789 1610 σωθῆναι

2239 1632 2418 1692 οὐδενί
2466 1636 2740 1714 προσώπῳ
2809 1637 3226 1696 ἀποκέκλεισται
3262 1655 3276 1670 ‘
3333 1638 3591 1698 τουτέστιν
3645 1635 3718 1690 ’ἶνα
3759 1631 3791 1689 οἱ

505 1728 974 1809 χειροτονηθέντες
1005 1727 1060 1784 iv
1103 1734 1178 1802 τῷ
1223 1734 1328 1784 τῶν
1361 1728 1699 1784 Δονατισιῶν
1732 1728 1901 1804 μέρει,
1949 1725 2040 1780 ἐὰν
2095 1721 2228 1800 πρὸς
2257 1723 2357 1791 τὴν
2405 1725 2696 1793 καθολικὴν
2728 1725 2943 1783 σύνοδον
2987 1729 3066 1803 μὴ
3108 1727 3370 1808 δεχθῶσιν
3403 1729 3454 1786 iv
3493 1739 3602 1789 ταῖς
3638 1724 3794 1782 οἰκείαις

503 1832 692 1896 τιμαῖς
724 1817 860 1876 ἀλλὰ
891 1817 1098 1894 μαλλον
1133 1818 1276 1874 οὗτοι
1317 1816 1716 1896 προσδεχθῶσι,
1763 1814 1830 1872 δι’
1875 1819 1951 1871 ὧν
1995 1818 2063 1889 τῇ
2106 1810 2366 1892 καθολικῇ
2399 1815 2616 1883 ἑνότητι
2648 1815 2850 1894 γίνεται
2879 1818 3126 1895 πρόνοια.

1062 1910 1286 1973 Basilii
1314 1928 1512 1974 canon
1545 1911 1600 1972 1.

585 2010 644 2068 1.
678 2001 849 2075 Quod
902 2001 1086 2082 igitur
1137 2001 1211 2064 ad
1267 1999 1554 2064 Catharos
1586 1999 1870 2082 pertinet,
1907 2006 2052 2075 etc.,
2087 2005 2154 2060 ul

496 2091 815 2177 pag.866.

580 2182 882 2265 Pepuzeni
915 2199 1084 2262 ergo,
1119 2191 1265 2256 etc.,
1293 2188 1361 2242 ut
1387 2197 1537 2262 pag.
1574 2180 1714 2245 866.

581 2273 818 2336 Catbari
851 2279 1014 2351 sunt,
1041 2281 1186 2346 etc.,
1224 2277 1286 2333 ut
1311 2288 1461 2351 pag.
1498 2271 1642 2334 867.

725 2361 1040 2442 Theophili
1071 2379 1150 2424 ea:
1178 2361 1662 2434 commonitorio,
1696 2377 1828 2440 cap.
1866 2360 1922 2422 1.

579 2455 640 2517 1.
703 2453 786 2515 De
843 2452 916 2512 iis
971 2450 1073 2531 qui
1128 2449 1370 2513 Arianis
1439 2450 2033 2512 communicaverunt
2090 2457 2148 2512 et

497 2543 802 2606 Ecclesias
835 2542 955 2602 huc
985 2559 1179 2620 usque
1210 2539 1579 2620 detinent,ut
1600 2557 1666 2602 se
1689 2539 1870 2602 habet
1893 2557 2147 2601 consue-

499 2632 665 2707 tudo,
699 2633 800 2694 fiat
827 2651 843 2707 ;
874 2631 956 2691 ita
991 2638 1193 2690 tamen
1225 2639 1291 2690 ut
1321 2629 1423 2690 alii
1456 2635 1920 2703 constituantur,
1954 2629 2054 2709 qui
2085 2629 2144 2690 in

495 2721 850 2784 orthodoxia
882 2717 1302 2793 testiﬁcentur,
1339 2727 1397 2780 et
1443 2717 1531 2778 illi
1595 2727 2006 2797 permaneant.
2039 2718 2146 2780 His

495 2829 734 2893 quoque
767 2809 847 2870 ita
878 2807 1263 2890 dispensatis,
1300 2815 1363 2867 ut
1392 2806 1527 2869 aliis
1550 2805 1806 2868 urbibus
1828 2807 2142 2869 orthodoxi

493 2902 558 2965 in
588 2898 898 2963 Thebaide
961 2897 1231 2978 episcopi
1281 2897 1580 2978 fecerunt,
1619 2897 1718 2978 qui
1751 2897 1826 2958 ab
1859 2898 2142 2978 episcopo

490 2990 772 3072 Apolline
803 2988 1136 3061 constituti,
1173 2997 1234 3048 et
1266 2987 1368 3064 qui
1403 3005 1538 3049 cum
1571 2986 1810 3048 Arianis
1843 2987 2144 3049 Ecclesias

491 3079 860 3143 habentibus
884 3077 1428 3154 communicantes,
1455 3077 1804 3158 puniantur;
1831 3076 1880 3138 si
1899 3076 2142 3157 quidem

493 3171 760 3252 ipsorum
794 3169 1097 3230 voluntate
1129 3167 1243 3230 hoc
1275 3167 1588 3244 fecerunt;
1622 3167 1716 3229 sin
1761 3175 1960 3229 autem
1999 3185 2141 3247 pro-

493 3259 626 3341 prio
649 3260 936 3340 episcopo
969 3257 1350 3331 obedierunt,
1387 3265 1800 3337 permaneant,
1839 3256 1951 3317 etsi
1984 3256 2140 3337 quod

2766 1911 3044 1969 Βασιλείου
3074 1914 3249 1970 κανὼν
3281 1915 3358 1976 α’.

2323 1998 2398 2062 α’.
2433 2001 2506 2058 Τὸ
2536 1999 2635 2076 μὲν
2665 1999 2754 2056 οὖν
2783 2002 2902 2080 περὶ
2932 2003 3050 2066 τοὺς
3086 2005 3356 2082 Καθαροὺς
3386 2004 3606 2081 ζήτημα,
3635 2022 3682 2063 κ.
3701 1994 3794 2056 τ.λ.

2174 2073 2211 2124 Β
2315 2091 2375 2146 Ol
2405 2073 2578 2147 τοίνυν
2609 2073 2963 2166 Πεπουζηνοὶ,
2998 2115 3054 2154 κ.
3089 2115 3140 2154 τ.
3174 2091 3228 2152 λ.

2314 2181 2375 2236 Οἱ
2405 2176 2460 2235 δὲ
2495 2181 2748 2261 Καθαροί,
2778 2203 2833 2244 κ,
2864 2203 2915 2241 τ.
2952 2180 3006 2240 λ.

2461 2268 2718 2350 Θεοφίλου
2748 2269 2809 2328 ἐκ
2838 2278 2932 2329 τοῦ
2963 2273 3369 2348 ὒπομνηστικοῦ
3401 2292 3517 2350 κεφ.
3548 2267 3615 2330 α’.

2312 2450 2386 2513 α’,
2437 2451 2561 2528 Περὶ
2605 2455 2709 2508 τῶν
2754 2449 3200 2522 κοινωνησάντων
3242 2463 3361 2514 τοῖς
3411 2450 3700 2528 Ἀρειανοῖς,
3734 2441 3801 2496 καὶ

2230 2537 2396 2619 μέχρι
2443 2549 2532 2598 τοῦ
2575 2542 2663 2597 νῦν
2717 2540 2809 2606 τὰς
2869 2539 3198 2609 Ἐκκλησίας
3241 2542 3603 2622 κατεχόντων,
3643 2532 3798 2597 ὠςὶθει
3903 2585 3906 2622 Ι

2229 2630 2292 2685 τὸ
2323 2628 2436 2695 ἔθος
2469 2631 2693 2709 γινέσθω
2727 2647 2742 2662 ’
2805 2629 2942 2688 οὕτω
2985 2630 3193 2712 μέντοι,
3248 2631 3388 2688 ὥστε
3442 2628 3635 2708 ἑτέρους
3672 2642 3800 2680 κατα-

2230 2724 2418 2787 στῆναι
2472 2720 2930 2798 μαρτυρουμένους
2974 2723 3027 2777 ἓν
3087 2711 3353 2799 ὀρθοδοξίᾳ
3411 2719 3666 2778 κάκείνους
3713 2711 3801 2767 ἁλί-

2228 2813 2406 2880 ζεσθαι
2441 2827 2453 2840 ⁶
2503 2809 2669 2875 οὕτως
2735 2812 3202 2886 οἰκονομουμένων
3270 2813 3361 2868 καὶ
3418 2811 3629 2878 τούτων,
3667 2803 3801 2876 ὥσπερ

2229 2899 2316 2955 καὶ
2360 2900 2414 2956 iv
2448 2913 2570 2963 ταῖς
2601 2899 2790 2964 ἄλλαις
2835 2899 3024 2956 πόλεσι
3068 2903 3432 2971 πεποιήκασιν
3465 2901 3509 2957 οἱ
3541 2898 3589 2954 iv
3620 2887 3799 2960 Θηϐαίδι

2227 2987 2488 3064 ὀρθιίδοξοι
2522 2989 2824 3062 ἐπίσκοποι,
2875 2990 2920 3045 οἱ
2965 2991 3325 3056 καταστάντες
3387 2989 3529 3069 παρα
3570 2981 3800 3044 Ἀπόλλωο

2226 3100 2316 3142 νος
2346 3081 2440 3136 τοῦ
2474 3078 2791 3158 ἐπισκόπου,
2827 3083 2916 3136 καὶ
2949 3083 3378 3151 κοινωνήσαντες
3405 3093 3524 3143 τοῖς
3555 3078 3714 3157 ἔχουσι
3735 3070 3802 3128 τὰς

2228 3167 2551 3236 Ἐκκλησίας
2584 3167 2884 3247 Ἀρειανοτς
2933 3169 3371 3247 ἐπιτιμάσθωσαν
3433 3170 3485 3226 εἴ
3542 3189 3598 3247 γε
3660 3161 3803 3240 γνώμῃ

2226 3258 2398 3314 αὐτῶν
2453 3258 2783 3324 πεποιήκασι
2854 3265 3010 3317 τοῦτο
3046 3277 3060 3291 ⁸
3105 3262 3148 3316 εἰ
3205 3258 3258 3315 δὲ
3322 3261 3555 3330 ὑπήκοοι
3609 3250 3806 3333 γεγόνασι

485 3336 714 3430 iustum
775 3336 880 3411 est
922 3366 1040 3410 non
1101 3336 1400 3409 noverint.
1448 3347 1522 3408 Et
1573 3347 1622 3407 si
1654 3365 1863 3408 omnes
1895 3336 2127 3427 quidem

2247 3354 2300 3421 τῷ
2344 3348 2522 3421 οἰκείῳ
2551 3347 2852 3422 ἐπισκόπῳ,
2885 3349 3271 3424 ἀλιζέσθωσαν,
3327 3350 3402 3416 ὠς
3446 3350 3522 3418 μὴ
3551 3336 3805 3421 ἐπεγνωκό-

493 3438 835 3521 populi'eos
867 3456 1002 3501 cum
1059 3437 1194 3500 aliis
1241 3436 1543 3517 rejiciant,
1597 3436 1696 3498 alii
1729 3437 2127 3514 ordinentur;

2247 3459 2308 3502 ἐς
2339 3440 2400 3494 τὸ
2444 3436 2660 3516 εὔλογον
2696 3456 2711 3472 ο
2759 3441 2846 3494 καὶ
2893 3440 2937 3495 εἰ
2985 3439 3084 3515 μὲν
3127 3439 3324 3501 πάντες
3379 3442 3428 3496 οἱ
3475 3436 3588 3494 λαοὶ
3635 3430 3808 3491 τούτους

490 3531 584 3592 sin
617 3537 815 3592 autem
848 3546 952 3590 eos
981 3533 1244 3590 retinent
1275 3545 1412 3589 cum
1446 3526 1565 3588 illis
1607 3525 1829 3608 quibus
1858 3544 2133 3588 commu-

491 3625 792 3694 nicarunt,
857 3619 898 3680 ii
955 3635 1194 3700 quoque
1254 3635 1382 3680 eam
1416 3617 1915 3680 consuetudinem
1950 3635 2134 3696 expe-

488 3710 741 3784 riantur,
779 3726 893 3790 qua
923 3709 1015 3769 usi
1073 3715 1214 3771 sunt
1267 3725 1478 3770 omnes
1525 3706 1845 3769 orthodoxi
1877 3705 1938 3767 in
1969 3708 2130 3769 The-

490 3799 668 3864 baide
699 3797 994 3879 episc0pi.

558 3987 726 4042 393
760 3982 915 4041 CAP.
948 3982 1095 4040 Vlll.
1128 4012 1197 4022 —-
1229 3981 1306 4036 De
1334 3979 1600 4053 episcOpis
1631 3985 1730 4035 aut
1774 3979 1985 4036 clerici:
2033 3981 2132 4052 qui

485 4069 896 4125 communicant
927 4067 1014 4125 vel
1053 4071 1207 4122 orant
1238 4081 1358 4121 cum
1388 4065 1681 4134 hwreticis,
1725 4065 1812 4122 vel
1847 4065 1922 4120 eis
1970 4066 2133 4120 mini-

482 4155 709 4211 sterium
739 4168 964 4211 sacrum
983 4151 1355 4224 permittunt,
1381 4149 1464 4207 uel
1483 4149 1792 4206 earumdem
1819 4148 2137 4222 baptismum

484 4243 585 4296 aut
621 4238 956 4309 sacriﬁcium
983 4235 1284 4307 recipiunt.

747 4321 1183 4404 Apostolorum
1216 4337 1470 4383 canones
1501 4320 1601 4400 10,
1633 4320 1736 4395 45,
1774 4319 1873 4383 46.

565 4417 666 4480 10.
701 4415 764 4480 Si
794 4417 929 4497 quis
958 4434 1092 4478 cum
1123 4415 1666 4490 excommunicato,
1701 4413 1796 4477 vel
1829 4415 1890 4476 in
1922 4413 2125 4492 domo,

483 4524 600 4568 una
638 4515 919 4589 precatus
949 4505 1152 4580 fuerit,
1188 4504 1239 4566 is
1265 4513 1643 4584 segregetur.

559 4599 638 4660 45
673 4598 822 4679 [441.
884 4595 1241 4678 Episcopus,
1297 4595 1387 4657 vel
1423 4594 1757 4676 presbyter,
1792 4594 1883 4656 vel
1917 4593 2125 4657 diaco-

479 4707 616 4767 nus,
652 4688 914 4771 quicum
969 4685 1268 4749 haareticis
1324 4685 1418 4750 vel
1479 4685 1671 4749 solum
1705 4694 2128 4766 comprecatus

2218 3527 2602 3587 ἆποποιοῦνται
2665 3529 2801 3590 μετὰ
2873 3529 2979 3585 τῶν
3044 3527 3247 3604 ἄλλων,
3302 3529 3479 3608 ἕτεροι
3535 3516 3808 3606 χειροτονεί’

2219 3620 2427 3674 σθωσσν
2463 3634 2478 3648 ⁸
2540 3618 2584 3673 εἱ
2648 3615 2704 3673 δὲ
2762 3617 3158 3676 ἀντιποιοῦνται
3217 3617 3395 3674 αύτῶν
3469 3613 3582 3695 μετ’
3639 3608 3807 3670 ἐκείνων

2216 3707 2307 3770 οἷς
2366 3709 2790 3778 οι-εκοινωνήκασι
2864 3709 3087 3782 ταύτης,
3162 3708 3306 3766 οὗτοι
3383 3705 3808 3783 ἆποπειρᾶσθωσαν

2214 3796 2313 3864 τῆς
2363 3797 2670 3872 συνηθείας,
2728 3798 2765 3873 ᾗ
2823 3795 3132 3878 ἐχρήσαντο
3191 3801 3239 3855 ot
3291 3797 3350 3855 iv
3399 3793 3624 3867 Θηϐαίδι
3653 3790 3808 3849 πάντη

2215 3885 2478 3964 ὁρθόδοξοι
2514 3886 2820 3946 έπίσκοποι.

2295 3983 2545 4036 ΚΕΦΑΛ.
2606 3976 2702 4041 Η¹.
2749 4010 2829 4026 --
2900 3979 3025 4057 Περὶ
3081 3978 3422 4062 ἐπισκόπων,
3493 3979 3526 4048 ἢ
3585 3966 3806 4062 κληρικῖιῖ

2213 4067 2715 4143 συγκοινονούντων,
2789 4067 2826 4135 ἢ
2912 4070 3321 4149 συνευχομένων
3399 4073 3708 4148 αἱρετικοῖς,
3783 4054 3811 4119 ἢ

2217 4155 2610 4235 ἐπιτρεπόντων
2669 4157 2854 4221 αύτοϊς
2913 4157 3171 4240 ἐνεργεῖν,
3233 4163 3268 4229 ἢ
3321 4158 3636 4241 δεχομένων
3676 4149 3813 4207 αὗτὼν

2214 4247 2490 4324 βάπτισμα
2520 4249 2555 4316 ἢ
2586 4247 2788 4311 θυσίαν,

2536 4335 2881 4396 Ἀποστόλων
2911 4339 3086 4397 κανὼν
3120 4338 3179 4415 ι’,
3216 4337 3330 4415 με’,
3367 4337 3518 4415 pg".

2294 4425 2356 4487 ι’.
2393 4427 2460 4486 Εἴ
2517 4451 2597 4494 τις
2653 4428 3002 4503 ἀκοινωνήτῳ
3057 4429 3154 4487 κᾶν
3205 4431 3260 4486 iv
3321 4430 3469 4504 οἴκῳ
3527 4423 3825 4498 συνεύξηται,

2211 4519 2362 4586 οὗτος
2401 4519 2750 4598 ἀφοριζέοθω.

2366 4607 2382 4629 ν
2440 4607 2452 4628 ι
2479 4619 2495 4634 ε.
2751 4633 2773 4652 ρ
2859 4610 2872 4634 ι
3061 4609 3118 4650 ρ]
3340 4612 3368 4636 »ι
3411 4609 3432 4626 α
3480 4611 3494 4634 ι
3637 4631 3659 4648 ,,
3762 4626 3776 4638 ν
3807 4631 3831 4644 ,

2293 4632 2359 4684 με
2392 4659 2405 4674 .
2461 4611 2797 4692 Επίσκοποη
2841 4614 2876 4680 ὴ
2921 4632 3301 4691 πρεσουτερος,
3335 4637 3370 4680 η
3405 4624 3679 4683 οιακονοι,
3712 4606 3802 4680 οἶγε

2211 4714 2389 4765 τικοτς
2421 4698 2823 4777 συνευξάμενος,
2860 4724 2916 4764 κ.
2949 4724 3002 4765 τ,
3034 4701 3093 4762 λ.

477 4787 591 4854 est,
626 4788 767 4850 etc.,
801 4784 869 4841 ut
895 4795 1042 4858 pag.
1075 4777 1216 4839 610.
2145 4805 2191 4857 ο

553 4871 634 4935 46
665 4871 826 4952 [45].
863 4868 1253 4950 Episcopum,
1289 4866 1379 4930 vel
1414 4867 1824 4950 presbyterum
1858 4866 1962 4947 qui
1997 4866 2123 4929 hae-

472 4961 803 5024 reticorum
835 4959 1230 5042 baptismum,
1266 4967 1412 5035 etc.,
1445 4968 1512 5021 ut
1535 4975 1680 5039 pag.
1714 4955 1854 5020 610.

806 5054 1077 5119 Concilii
1107 5055 1474 5120 Antiochem'
1502 5071 1700 5118 canon
1725 5053 1786 5115 2.

551 5149 610 5211 2.
643 5145 865 5208 Omnes
894 5148 998 5228 qui
1058 5148 1485 5229 ingrediuntur
1527 5147 1586 5210 in
1616 5143 1948 5210 Ecclesium
1982 5143 2116 5224 Dei,

470 5242 614 5310 etc.,
647 5243 716 5298 ut
739 5254 892 5317 pug.
926 5238 1070 5302 606.

802 5327 1063 5391 Consilii
1096 5330 1420 5394 Laodiceni
1450 5347 1648 5394 canon
1678 5326 1775 5390 33.

547 5415 648 5478 33.
680 5414 852 5489 Quod
884 5436 1004 5479 non
1061 5427 1296 5500 oportet
1352 5439 1468 5484 una
1519 5439 1654 5485 cum
1688 5418 1990 5484 haereticis
2023 5421 2112 5484 vel

461 5506 862 5570 schismaticis
891 5526 1093 5573 orare.

538 5600 695 5679 Lege
725 5613 858 5679 quae
886 5597 1170 5663 adnotata
1199 5610 1340 5666 sunt
1370 5601 1429 5664 in
1465 5620 1599 5684 cap.
1641 5605 1739 5679 l5,
1769 5602 1860 5667 tit.
1884 5601 1922 5665 3
1950 5621 2108 5686 prm-

454 5687 645 5758 seutis
670 5687 898 5774 operis.

2289 4879 2434 4958 μς’.
2496 4880 2822 4938 Ἐπίσκοπον
2866 4882 2901 4950 ἢ
2957 4879 3313 4960 πρεσϐύτερον
3373 4884 3666 4962 αἱρετικῶν
3701 4871 3832 4936 δεξα-

2205 4971 2398 5048 μένους
2428 4971 2728 5048 βάπτισμα,
2762 4995 2816 5033 κ.
2860 4994 2915 5036 τ.
2961 4973 3015 5033 λ.

2557 5059 2784 5120 Συνόδου
2825 5062 3167 5142 Ἀντιοχείας
3213 5062 3389 5118 κανὼν
3439 5052 3503 5138 β’

2280 5149 2354 5227 β’.
2408 5149 2617 5216 Πάντας
2665 5151 2788 5216 τούς
2834 5151 3096 5218 εἰσιόντας
3141 5154 3210 5218 εἰς
3262 5154 3359 5220 τήν
3393 5148 3731 5220 Ἐκκλησίαν
3757 5149 3836 5200 τοῦ

2201 5247 2354 5322 Θεοῦ,
2389 5263 2446 5300 κ.
2480 5264 2534 5306 τ,
2569 5241 2624 5305 λ,

2539 5329 2766 5389 Συνόδου
2809 5329 3121 5398 Λαοδικείας
3163 5332 3340 5390 κανὼν
3386 5330 3518 5410 λγ¹,

2277 5420 2390 5500 λγ’,
2459 5429 2554 5479 Οτι
2585 5422 2644 5480 οὐ
2688 5421 2773 5481 δεῖ
2821 5424 3114 5504 αἰρετικοϊς
3161 5423 3197 5493 ἢ
3228 5436 3644 5504 σχισματικοϊς
3674 5415 3838 5477 συνεύ-

2195 5515 2411 5593 χεσθαι,

2276 5605 2566 5684 Ἀνάγνωθι
2612 5605 2678 5662 τὰ
2733 5605 3226 5685 παραγεγραμμένοι
3269 5607 3324 5663 iv
3353 5611 3439 5682 τῷ
3472 5603 3570 5680 ιε’,
3610 5625 3731 5683 κερ,
3762 5603 3838 5655 τώ

2190 5694 2244 5775 γ’
2277 5695 2380 5758 ιίτ.
2415 5701 2509 5754 τοῦ
2537 5697 2801 5778 παρόντος
2826 5695 3220 5778 συντάγματος,
