3944 6222
167 265 273 337 881
850 272 1272 340 SYNTAGMA
1327 270 1730 340 CANONUM.
1783 300 1867 373 -—:
1911 272 2067 339 TIT.
2115 274 2256 359 XII,
2310 277 2481 342 CAP.
2524 277 2697 359 VIII,
2743 278 2850 345 IX.

3422 278 3546 349 882

241 413 500 469 ΚΕΦΔΛ.
576 407 661 471 ϐ’.
732 442 811 456 —
874 412 998 488 Περὶ
1076 411 1390 469 ἓπισκόπων
1444 411 1481 479 ἢ
1537 408 1775 481 κληρικῶ

1974 408 2136 474 CAP.
2170 409 2272 474 IX.
2308 446 2385 458 —
2416 410 2506 474 De
2534 414 2827 495 episcopis
2858 420 2971 477 aut
2999 412 3245 478 clericis
3294 419 3405 496 qui
3433 434 3542 478 eu-

162 497 548 576 λαμϐανόντων
621 499 864 578 εὐλογίας
922 500 974 567 ἐξ
1060 502 1339 581 αίρετικῶν
1409 500 1447 570 ἢ
1505 498 1775 558 Ἰουδαίων

1950 501 2076 579 glas
2123 500 2198 563 ab
2248 502 2544 564 haereticis
2596 502 2692 566 vel
2752 503 2982 570 Judazis
3039 505 3389 585 accipiunt,
3434 514 3542 569 aut

160 589 192 657 ἢ
270 587 589 668 εοόχόμένων
674 590 728 645 ἐν
798 588 1112 659 ἐκκλησίαις
1170 591 1204 660 ἢ
1288 591 1671 669 μοναστηρίοις
1725 591 1775 646 αἱ

1950 598 2075 655 'ant
2104 593 2167 653 in
2197 591 2471 656 ecclesiis
2497 591 2592 655 vel
2648 595 3046 657 monasteriis
3097 593 3540 660 haereticorum

157 683 405 757 ρετικῶν,
466 677 502 747 ἢ
583 678 827 759 ἐθνικῶν,
918 680 954 748 ἢ
1027 678 1478 756 σαϐϐατιζὸντων,
1561 680 1596 748 ἢ
1670 700 1775 735 συν-

1950 687 1987 743 tl
2017 682 2418 756 ethnicorum,
2455 681 2547 745 vel
2575 682 2913 747 Sabbatum
2944 682 3189 764 alioque
3211 685 3369 764 festa
3400 703 3539 749 cum

156 770 518 846 εορταζόνεων
611 780 729 830 τοῖς
833 765 1132 844 Ἰουδαίοις,
1248 770 1282 839 ἢ
1393 769 1775 848 προσφερόντιυ¹

1950 767 2110 832 tdwis
2140 769 2473 846 celebrant,
2506 777 2618 834 aut
2650 771 2987 836 oblationes
3011 772 3537 855 faciuntsynago-

153 869 497 936 συναγωγαῖς
555 856 591 926 ἢ
665 859 836 935 ἱεροῖς
918 857 1104 934 ἐθνῶν,
1194 861 1281 917 καὶ
1364 859 1482 938 περὶ
1541 858 1775 938 Ἀγγελι-

1950 862 1982 920 s
2017 858 2106 922 vel
2132 859 2305 940 fanis
2336 861 2720 926 ethnicorum
2753 879 2773 925 :
2805 863 2954 926 item
2983 863 3059 924 de
3089 863 3423 945 Angelitis.

153 968 285 1007 των.

576 1036 926 1095 Ἀποστόλων
956 1039 1136 1095 κανὼν
1164 1035 1264 1119 ξε’,
1298 1036 1368 1097 ο’.

2214 1037 2640 1119 Apostolorum
2671 1028 2936 1104 canones
2962 1041 3064 1117 65,
3104 1041 3199 1105 70.

227 1124 334 1192 Εε⁹⁸
383 1126 451 1185 Εἴ
475 1149 556 1193 τις
586 1126 845 1206 κληρικὸς
896 1126 933 1195 ἢ
989 1126 1206 1205 λαϊκὸς,
1264 1126 1489 1185 εἱσέλθοι
1551 1127 1626 1192 είς
1671 1148 1775 1184 συν⁴

1963 1125 2044 1188 65
2077 1125 2232 1208 [63].
2268 1127 2331 1191 Si
2381 1130 2520 1209 quis
2573 1129 2829 1193 clericus
2861 1130 2953 1193 vel
2984 1129 3176 1197 laicus
3205 1130 3267 1193 in
3297 1129 3539 1194 ,11ιάωο-

152 1216 378 1293 αγωγὴν
433 1215 696 1274 Ἰουδαίων
748 1216 785 1284 ἢ
834 1217 1115 1293 αἱρετικῶν
1166 1216 1572 1297 προσεύξασθαι,
1607 1220 1775 1274 καθαι·

1950 1234 2016 1276 nu
2050 1215 2190 1278 394
2219 1216 2309 1278 vel
2342 1217 2766 1281 haareticorum
2816 1210 3179 1301 synagogam
3225 1219 3537 1300 ingressus

151 1306 347 1383 ρείσθω
372 1306 465 1362 καὶ
492 1304 849 1385 ἀφοριζέσθω.

1950 1316 1959 1365 t
1988 1305 2059 1365 ad
2093 1306 2411 1383 orandum,
2446 1310 2790 1390 deponatur
2821 1318 3274 1390 etstegregetur.

226 1393 306 1454 ο’.
359 1392 429 1452 Εἴ
461 1417 537 1459 τις
585 1394 901 1469 ἐπίσκοπος,
946 1394 983 1464 ἢ
1041 1392 1421 1478 πρεσϐύτερος,
1455 1395 1491 1465 ἢ
1525 1393 1771 1459 διάκονος

1962 1399 2040 1462 70
2081 1400 2230 1479 [69].
2256 1400 2320 1464 Si
2363 1401 2499 1482 quis
2530 1402 2874 1485 episcopus,
2923 1403 3013 1466 vel
3066 1403 3406 1484 presbyter,
3444 1403 3535 1467 vel

150 1484 183 1552 ἢ
211 1482 364 1549 ὅλως
395 1490 489 1542 τοῦ
516 1483 823 1563 καταλόγου
862 1490 968 1541 τῶν
1001 1482 1303 1567 κληρικῶν,
1363 1484 1613 1554 νηστεύοι
1660 1485 1775 1563 μετέ

1950 1506 2191 1566 aconus,
2227 1488 2317 1551 vel
2379 1482 2625 1553 omnino
2683 1510 2753 1553 ex
2812 1482 3174 1555 clericorum
3226 1482 3529 1574 catalogo,

149 1571 448 1649 Ἰουδαίων,
479 1597 535 1632 κ.
569 1596 622 1638 τ,
655 1573 712 1641 λ,

1950 1577 2110 1657 iuuat
2141 1597 2278 1641 cum
2311 1579 2534 1643 ludaeis
2564 1587 2715 1660 etc.,
2748 1587 2815 1643 ut
2843 1598 2987 1663 pag.
3019 1579 3166 1645 738.

147 1689 386 1748 Συνόδου
430 1689 744 1756 Λαοδικείας
801 1692 979 1829 κῖνςυν
998 1690 1113 1830 λὲς,
1178 1690 1285 1772 κθ’,
1344 1691 1454 1769 λβ’,
1523 1691 1629 1769 λε’,
1688 1691 1773 1765 λζ’

869 1797 906 1841 η
936 1822 951 1841 ,
1090 1815 1105 1833 .

1950 1694 2141 1757 νισίὶἰί
2185 1695 2517 1760 Laodicenl
2564 1714 2825 1841 cggoggs
2881 1699 2944 1775 9,
2998 1697 3099 1775 29,
3147 1696 3247 1780 32,
3285 1696 3385 1776 35,
3420 1698 3530 1775 37,

220 1862 299 1924 θ’.
335 1861 471 1939 Περὶ
530 1869 623 1920 τοῦ
665 1871 746 1939 μὴ
803 1874 1118 1942 συγχωρεῖν
1149 1862 1225 1925 είς
1256 1863 1323 1921 τὰ
1351 1863 1709 1941 κοιμητήρια,
1754 1866 1775 1919 ὗ

1950 1864 2015 1959 _9_.
2049 1866 2183 1929 Non
2234 1865 2886 1959 concedendum‘esse,
2940 1868 3102 1932 utin
3154 1867 3530 1943 cmmeteria,

143 1956 213 2016 εἷς
271 1953 346 2009 τὰ
400 1951 670 2030 λεγόμενα
728 1966 1028 2031 μαρτυρεῖα
1076 1952 1292 2010 πάντων
1344 1952 1450 2011 τῶν
1482 1954 1775 2034 αἱρετικῶνἸ

1950 1953 1964 2015 l
1996 1954 2055 2015 in
2088 1973 2157 2017 ea
2192 1974 2323 2035 quas
2354 1955 2636 2019 dicuntur
2679 1951 2965 2037 martyris
3012 1956 3367 2039 quorumvis
3398 1957 3531 2020 ha:-

142 2041 364 2099 ἀπιέναι
406 2042 528 2105 τοὺς
585 2047 685 2109 τῆς
739 2042 1097 2118 Ἐκκλησίας,
1157 2042 1328 2121 εεόχῆς
1403 2040 1440 2110 ἢ
1510 2043 1775 2121 θεραπείας

1950 2044 2229 2119 licorum,
2265 2045 2486 2108 abeant
2514 2046 2555 2107 ii
2587 2046 2690 2127 qui
2723 2055 2863 2108 sunt
2893 2047 3206 2122 Ecclesiae,
3234 2046 3530 2110 orationis

142 2132 301 2189 ἕνεκα
331 2146 349 2161 ⁵
385 2129 523 2189 ἀλλὰ
566 2133 690 2197 τοὺς
732 2134 1029 2201 τοιούτους,
1091 2130 1182 2187 ἐὰν
1229 2133 1331 2188 ὦσι
1376 2131 1587 2207 πιστοί,
1634 2134 1775 2190 ἀκοι-

1952 2134 1969 2195 l
1995 2136 2395 2197 venerationis
2424 2136 2637 2216 gratia.
2696 2137 2816 2198 Sed
2870 2136 3022 2198 tales
3053 2137 3102 2199 si
3134 2137 3257 2198 sint
3288 2135 3524 2211 ﬁdeles,

142 2223 420 2292 νωνήτους
451 2221 685 2299 γίνεσθαι
717 2221 883 2302 μέχρι
914 2221 1058 2288 τινός
1093 2237 1107 2251 ⁶
1164 2228 1561 2295 μετανοοῦντας
1614 2220 1669 2279 δὲ
1700 2244 1770 2280 κα

1950 2242 2013 2286 se
2056 2224 2489 2305 aliquantisper
2534 2224 3141 2287 excommunicatos:
3194 2224 3288 2286 sin
3320 2232 3522 2288 autem

140 2309 669 2389 ἑξομολογουμένους
695 2310 980 2391 ἔσφάλθαι,
1015 2309 1445 2391 παραδέχεσθαι.

1950 2313 2233 2375 enitentia
2262 2314 2582 2396 ducantur,
2615 2323 2673 2377 et
2703 2333 2767 2378 se
2825 2313 3155 2396 deliquisse
3185 2314 3523 2377 conﬁtean-

221 2488 336 2549 κθ⁹.
369 2489 494 2548 ’Ὁτι
525 2490 586 2547 οὗ
614 2488 700 2546 δεῖ
728 2488 1077 2565 Χριστιανοὺς
1112 2488 1449 2565 Ἰουδαίζειν,
1474 2512 1529 2550 κ.
1560 2510 1614 2549 τ.
1649 2488 1706 2555 λ.

221 2577 343 2656 λβ’.
373 2579 498 2637 ’Ὅτι
529 2579 588 2636 οὗ
621 2577 709 2636 δεῖ
736 2581 1016 2657 αίρετικῶν
1046 2578 1287 2657 εὐλογίας
1329 2578 1642 2656 λαμϐάνειν,
1690 2578 1789 2637 α’ί-

142 2670 284 2734 τινές
318 2671 456 2726 εἰσιν
479 2668 690 2746 ἀλογίαι
722 2667 928 2745 μᾶλλον
956 2668 993 2739 ἢ
1024 2667 1284 2748 εὐλογίαι.

220 2850 332 2910 λε’.
380 2850 505 2908 Ὀτι
549 2850 609 2907 οὔ
666 2847 751 2907 δεῖ
790 2851 1160 2929 Χριστιανοὺς,
1220 2849 1631 2929 ἐγκαταλείπειν
1687 2850 1787 2918 τὴν

142 2939 477 3000 Ἐκκλησίαν
557 2945 651 2996 τοῦ
722 2946 878 3014 Θεοῦ,
940 2941 1027 2997 καὶ
1084 2939 1322 3013 ἀπιέναι,
1382 2941 1473 2997 καὶ
1526 2939 1787 3020 ἀγγέλους

1883 2411 2002 2476 tur,
2027 2404 2281 2485 suscipi.

1953 2493 2054 2556 99.
2089 2492 2255 2567 Quod
2290 2513 2405 2556 non
2436 2501 2675 2575 oportet
2703 2493 3425 2575 Christianosjudaizare.

1952 2584 2054 2647 32.
2087 2582 2255 2656 Quod
2287 2602 2407 2646 non
2436 2592 2679 2665 oportet
2708 2584 3134 2647 haereticorum
3158 2583 3525 2646 benedictio-

1871 2690 1981 2735 nes
2038 2674 2317 2755 accipere
2369 2692 2510 2752 quae
2563 2680 2708 2736 sunt
2755 2679 2954 2755 potius
3031 2673 3519 2750 maledictiones,

1871 2781 2047 2844 quam
2076 2762 2555 2828 benedictiones.

1950 2854 2050 2917 35.
2084 2852 2253 2927 Quod
2286 2873 2401 2917 nou
2436 2859 2673 2936 oportet
2725 2852 3121 2931 Christianos,
3168 2852 3383 2915 relicta
3411 2851 3524 2917 Dei

1868 2941 2157 3016 Ecclesia,
2191 2943 2381 3018 abire,
2409 2952 2468 3004 et
2497 2942 2744 3023 angelos
2774 2944 3107 3018 nominare,
3134 2941 3226 3003 vel
3258 2959 3520 3021 congre-

140 3028 453 3106 ὀνομάζειν,
515 3030 605 3085 καὶ
660 3027 898 3094 συνάξεις
940 3042 1122 3089 ποιεῖν
1150 3044 1164 3060 ⁸
1213 3026 1347 3108 ἅπερ
1395 3029 1775 3109 ἀπηγόρευται.

1950 3032 2133 3094 tiones
2164 3031 2388 3106 facere;
2423 3033 2584 3110 quod
2607 3041 2696 3094 est
2722 3030 3189 3112 prohibitum.Si
3218 3028 3352 3112 quis
3374 3048 3517 3112 ergo

141 3120 208 3178 Εἴ
241 3142 329 3185 τις
386 3118 475 3175 οὖν
526 3120 710 3197 εὗρεθῇ
750 3119 920 3195 ταύτῃ
979 3124 1048 3195 τῇ
1098 3118 1438 3195 κεκρυμμένη
1491 3118 1775 3178 εἰδωλολα-

1950 3129 2147 3183 tentus
2197 3121 2379 3184 fuerit
2430 3122 2572 3184 huic
2614 3121 2865 3183 occultae
2894 3120 3253 3184 idololatrias
3281 3138 3517 3202 vacare,

139 3212 285 3288 τρείᾳ
311 3207 627 3287 σχολάζων,
657 3206 796 3265 ἔστω
852 3208 1091 3283 ἀνάθεμα
1126 3224 1141 3239 ’
1206 3206 1289 3263 ὅτι
1346 3207 1665 3286 ἐγκατέλιπε
1696 3210 1788 3266 τὸν

1870 3211 1947 3271 sit
1997 3212 2337 3287 anathema,
2375 3210 2514 3293 quia
2566 3211 2816 3292 reliquit
2862 3210 3185 3273 Dominum
3245 3219 3518 3273 nostrum

141 3300 335 3375 Κύριον
364 3300 519 3373 ἡμῶν
550 3295 759 3365 Ἰησοῦν
807 3299 1031 3375 Χριστὸν
1081 3299 1174 3354 τὸν
1225 3298 1346 3353 Υἱον
1386 3307 1479 3358 τοῦ
1508 3305 1664 3373 Θεοῦ,
1701 3300 1775 3355 κα”

1950 3318 2073 3361 sum
2107 3298 2433 3377 Christum,
2463 3307 2522 3362 et
2550 3300 2804 3362 accessit
2832 3299 2906 3362 ad
2931 3299 3364 3365 idololatriam.

140 3387 555 3462 είδωλολατρείᾳ
585 3385 907 3465 προσῆλθεν,

220 3478 326 3550 λζ’.
363 3478 486 3535 ’Ὁτι
536 3479 597 3535 οὗ
644 3475 729 3534 δεῖ
776 3478 921 3556 παρὰ
968 3483 1079 3534 τῶν
1119 3478 1422 3555 αἱρετικῶν,
1456 3476 1493 3545 ἢ
1524 3475 1786 3539 ἰουδαίων

137 3568 205 3625 τὰ
234 3568 565 3644 πεμπόμενα
612 3567 929 3646 ἑορταστικά
978 3563 1295 3644 λαμϐάνειν,
1332 3564 1468 3642 μηδὲ
1497 3568 1787 3647 συνεορτά-

140 3665 250 3729 ζειν
283 3660 500 3720 αὐτοῖς.

220 3747 341 3815 λη’,
372 3746 499 3804 ’Ὅτι
544 3750 605 3807 οὒ
647 3744 732 3804 δεῖ
777 3746 916 3825 παρά
960 3751 1067 3803 τῶν
1112 3743 1380 3803 Ἰοδδαίων
1410 3746 1583 3823 ἄζυμα
1639 3743 1786 3823 λαμ-

138 3833 320 3892 Gaium
351 3835 386 3904 ἢ
414 3848 695 3894 κοινωνεῖν
725 3848 848 3900 ταῖς
881 3833 1152 3899 ἀσεϐείαις
1185 3837 1382 3898 αὐτῶν.

221 3926 333 3988 λθ’.
393 3925 517 3984 ’Ὅτι
604 3929 664 3984 οὖ
720 3922 806 3981 δεῖ
858 3938 978 3989 τοῖς
1049 3924 1216 3982 ἔθνεσι
1275 3924 1640 4004 συνεορτάζειν
1701 3926 1786 3983 καὶ

141 4029 428 4074 κοινωνεῖν
458 4020 528 4091 τῇ
556 4016 803 4082 ἀθεότητι
836 4018 1030 4075 αὐτῶν.

379 4103 606 4160 Συνόδου
637 4106 1014 4177 οἶκουμενικῆς
1045 4102 1207 4170 ἕκτης
1233 4104 1410 4161 κανὼν
1444 4100 1542 4163 ια’.

221 4195 322 4256 ια’,
383 4190 582 4259 Μηδεὶς
641 4199 748 4249 τῶν
792 4192 847 4249 ἒν
889 4195 1141 4273 ἱερατικῷ
1184 4192 1634 4270 καταλεγομένων
1686 4192 1787 4249 τά-

138 4304 308 4359 γματι
358 4283 393 4351 ἢ
449 4282 666 4357 λα’ίκος,
728 4283 793 4339 τὰ
853 4282 998 4362 παρά
1083 4289 1191 4340 τῶν
1273 4281 1536 4341 Ἰουδαίων
1614 4283 1790 4358 ἄζυμα

135 4370 384 4449 ἐσθιέτω,
415 4395 472 4435 κ,
499 4394 556 4436 τ,
587 4372 643 4435 λ.

1951 3477 2051 3543 37.
2085 3478 2254 3551 Quod
2289 3497 2407 3540 non
2439 3484 2675 3557 Oportet
2710 3496 2840 3559 qua;
2868 3495 2902 3539 a
2931 3477 3157 3542 Iudaeis
3191 3476 3283 3540 vel
3319 3476 3519 3540 hatre-

1871 3567 2003 3628 ticis
2037 3567 2352 3629 mittuntur
2399 3566 2612 3629 festiva
2665 3565 2968 3648 accipere,
3001 3584 3198 3648 neque
3231 3584 3350 3629 una
3378 3584 3517 3630 cum

1868 3657 1956 3718 eis
1986 3657 2201 3719 festum
2235 3675 2444 3736 agere.

1950 3745 2047 3809 38.
2071 3745 2238 3818 Quod
2269 3764 2389 3808 non
2412 3751 2649 3826 Oportet
2679 3764 2713 3809 a
2734 3743 2953 3810 Iudaeis
2979 3761 3181 3826 azyma
3211 3742 3514 3824 accipere,

1870 3837 1963 3899 vel
1993 3854 2203 3898 eorum
2236 3833 2645 3917 impietatibus
2675 3834 3149 3899 communicare.

1948 3927 2027 3988 39
2083 3925 2251 3998 Quod
2304 3944 2424 3987 non
2474 3932 2712 4004 oportet
2769 3943 2904 3986 cum
2961 3922 3243 4005 gentibus
3298 3922 3515 3985 festum

1868 4032 2067 4096 agere,
2101 4023 2160 4076 et
2190 4032 2396 4076 eorum
2430 4012 2724 4094 impietati
2756 4014 3232 4076 communicare.

2136 4101 2393 4166 Concilii
2423 4105 2782 4167 cecumenici
2812 4120 2872 4165 v1
2907 4120 3110 4167 canon
3135 4104 3160 4166 l
3182 4109 3233 4166 ι.

1950 4195 2050 4258 11.
2108 4195 2298 4256 Nemo
2358 4211 2566 4254 eorum
2626 4196 2728 4273 qui
2787 4193 2849 4255 in
2912 4189 3521 4255 saeerdotaliordine

1870 4290 2303 4345 enumerantur
2323 4281 2412 4344 vel
2448 4280 2635 4344 laicus
2664 4281 3010 4345 Iudaeorum
3044 4281 3341 4357 comedat,
3369 4289 3517 4358 etc.,

1870 4381 1939 4434 ut
1965 4390 2108 4453 pag.
2147 4373 2283 4436 738.

220 4454 293 4517 ’11
336 4453 392 4519 α’
430 4460 571 4524 διατ.
619 4470 715 4521 τοῦ
763 4460 815 4519 θ’
871 4462 979 4538 τίτ,
1037 4469 1131 4520 τοῦ
1193 4460 1245 4518 α’
1304 4458 1449 4539 βιϐλ.
1515 4468 1609 4520 τοῦ
1653 4461 1775 4524 κώδ.

1962 4462 2212 4525 Textus.
2243 4461 2384 4525 595
2413 4461 2620 4527 Const.
2657 4463 2718 4536 1,
2756 4460 2848 4522 tit.
2901 4464 2965 4538 9,
3010 4459 3116 4522 lib.
3151 4474 3172 4522 ι
3203 4459 3350 4524 Cod.
3386 4457 3469 4521 ait
3503 4479 3517 4518 :

134 4550 327 4631 φησὶν,
358 4551 437 4609 ὅτι
471 4553 533 4609 τὸ
566 4550 632 4628 τῇ
664 4550 819 4627 ὁμάδι
856 4558 959 4609 τῶν
1012 4550 1278 4610 Ἰουδαίων
1326 4553 1775 4634 γηγατευόμεθον1

1950 4550 2045 4611 ιοό
2083 4551 2458 4613 universitati
2489 4550 2841 4613 Judaeorum
2876 4549 3253 4629 legatur,non
3271 4546 3521 4625 petitur.

136 4643 240 4697 οὒκ
274 4639 605 4699 ἀπαιτεῖταιο
638 4639 784 4719 λέγει
814 4638 869 4698 δὲ
899 4639 1042 4719 βιϐλ.
1074 4639 1182 4717 λδ’,
1213 4641 1317 4705 τίτ.
1352 4640 1423 4722 ε’,
1452 4639 1591 4703 διάτ.
1626 4642 1791 4720 κ’,ὅτι

137 4732 204 4785 τὸ
263 4729 692 4809 ληγατευόμενον
756 4734 959 4807 θεμιτῷ
1014 4734 1300 4807 σωματείῳ
1355 4731 1391 4800 ἢ
1455 4733 1778 4811 συστήματι,

142 4818 364 4898 ἕῤῥωται
399 4838 414 4855 ·
462 4822 523 4878 τὸ
581 4819 819 4878 ἔναντίον
872 4819 927 4877 δὲ
983 4820 1075 4878 ἐπῖ
1108 4820 1380 4894 ἀθεμίτου,
1416 4819 1558 4890 πλὴν
1601 4824 1646 4879 εἰ
1705 4829 1784 4899 μὴ

143 4923 269 4972 τοῖς
307 4911 363 4966 Eo
406 4916 479 4985 τῷ
523 4912 668 4985 αὖτῷ
708 4909 1037 4970 καθέκαστον
1096 4914 1402 4989 ληγατευθῇ
1439 4925 1452 4939 ⁸
1512 4913 1637 4969 τότε
1682 4912 1784 4992 γὰρ

145 4997 390 5077 ἴρῤωται,
438 4998 622 5057 Πολλᾶ
652 4998 706 5057 δὲ
735 5006 956 5057 τοιαῦτα
1010 4999 1215 5076 θέματα
1272 4999 1393 5081 ἔχει
1453 5005 1481 5057 ὁ
1531 4999 1633 5078 μη’
1676 5002 1779 5059 τίτ’

146 5087 338 5163 τοῦς¹
365 5088 508 5167 βιϐλ.
546 5099 643 5149 τοῦ
669 5088 801 5153 κώδ.
837 5092 872 5160 ἡ
903 5088 957 5147 δὲ
988 5087 1035 5147 θ’
1067 5088 1208 5149 διάτ.
1241 5090 1335 5147 τοῦ
1366 5089 1441 5147 ια’
1471 5091 1579 5154 τίτ.
1609 5094 1705 5151 τοῦ
1733 5097 1786 5151 α’

146 5175 297 5254 βιϐλ.
328 5182 510 5261 φησὶν,
531 5179 614 5236 ὅτι
645 5179 736 5236 ἐάν
765 5203 817 5237 τι
848 5177 1065 5259 δωρηθῇ
1130 5180 1165 5249 ἢ
1228 5179 1558 5261 καταλειφθῇ
1600 5184 1788 5245 τόποις

150 5269 190 5336 ἢ
236 5270 533 5347 προσώποις
575 5272 665 5328 ἒπὶ
696 5271 945 5329 συστάσει
975 5271 1072 5340 τῆς
1105 5277 1212 5328 τῶν
1245 5261 1522 5342 Ἐλλήνων
1554 5271 1789 5343 πλάνης,

147 5360 189 5426 ἡ
236 5358 382 5424 πόλις
426 5363 553 5420 αὒτὸ
596 5359 858 5436 λαμϐάνει
897 5361 951 5418 ἒν
1002 5362 1037 5440 ᾗ
1082 5363 1147 5420 τὰ
1196 5362 1459 5442 πρόσωπα
1503 5364 1646 5420 οἰκεῖ
1680 5381 1699 5400 ο
1760 5362 1795 5431 ἢ

148 5445 244 5526 59'
286 5448 346 5516 ἣν
411 5449 457 5507 0i
514 5452 671 5507 τόποι
743 5449 1037 5508 διάκεινται
1095 5453 1183 5509 καὶ
1244 5449 1607 5527 δαπανῶνται,
1675 5450 1795 5509 καθ’

156 5537 447 5612 ὁμοιότητα
479 5541 585 5599 τῶν
620 5539 909 5599 πολιτικῶν
939 5539 1238 5621 προσόδων,

1874 4639 2031 4702 Dicit
2062 4657 2199 4702 vero
2233 4641 2407 4702 etiam
2443 4641 2551 4702 lib.
2584 4656 2784 4716 χχχιι,
2822 4638 2914 4702 tit.
2945 4638 3006 4713 5,
3040 4636 3326 4715 digest.8:
3352 4635 3523 4708 Quod

1874 4727 2043 4791 licito
2075 4729 2313 4811 corpori
2344 4737 2443 4791 aut
2473 4729 2730 4806 collegio
2763 4728 3018 4805 legatur,
3054 4725 3233 4789 valet.
3268 4725 3523 4787 Contra-

1867 4819 2023 4880 rium
2056 4810 2250 4882 autem
2285 4819 2465 4882 estin
2503 4818 2716 4880 illicito
2751 4834 2765 4879 :
2804 4824 3203 4898 praeterquam
3236 4813 3287 4874 si
3320 4812 3381 4874 in
3417 4810 3555 4873 illo’

1867 4908 2118 4986 singulis
2147 4910 2401 4989 legetur,
2437 4917 2577 4970 tunc
2633 4906 2795 4969 enim
2853 4904 3035 4967 valet.
3070 4902 3283 4965 Multas
3316 4909 3519 4963 autem

1865 4998 2207 5062 istiusmodi
2241 4997 2445 5080 [juris]
2475 4997 2805 5075 positiones
2860 4993 2952 5056 tit.
2985 4994 3091 5076 48,
3123 4989 3229 5055 lib.
3263 5009 3343 5080 vt,
3372 4991 3522 5080 Cod.

1873 5089 2074 5152 habet.
2110 5078 2314 5152 Const.
2353 5078 2532 5168 porro
2562 5088 2624 5162 9,
2660 5086 2753 5147 tit.
2784 5087 2848 5161 9.,
2882 5082 2991 5146 lib.
3040 5100 3081 5163 ι,
3119 5080 3244 5143 ait:
3282 5078 3345 5144 Sl
3380 5078 3527 5163 quid

1875 5177 2481 5260 [quibuspiam]jocis
2513 5184 2614 5238 aut
2639 5174 2912 5257 personis
2933 5172 3005 5235 ad
3032 5172 3524 5235 constituendum

1878 5286 2239 5349 paganorum
2276 5284 2540 5329 errorem
2573 5266 2860 5329 donatum
2894 5269 2994 5326 aut
3021 5261 3298 5325 relictum
3322 5261 3523 5325 fuerit:

1878 5358 2081 5419 civitas
2102 5357 2164 5417 in
2196 5375 2315 5433 qua
2339 5373 2611 5436 personae
2646 5355 2937 5431 habitant,
2972 5353 3065 5415 vel
3098 5351 3211 5416 sub
3234 5371 3378 5434 \qua
3399 5354 3530 5415 loca

1880 5448 1991 5508 sita
2022 5458 2183 5515 sunt,
2218 5446 2364 5506 illud
2399 5446 2676 5527 percipit,
2712 5454 2772 5506 et
2803 5443 2875 5506 ad
2924 5443 3386 5507 similitudinem
3432 5441 3529 5504 ci-

1881 5537 2083 5599 vilium
2118 5542 2513 5620 proventuum
2542 5536 2886 5600 insumitur.
