4090 6204
498 311 618 383 883

1690 311 1957 377 PHOTII
2010 280 2533 374 PATRIARCHJE
2574 306 2686 370 op.

3762 295 3867 364 884

596 447 759 515 CAP.
790 449 877 514 X.
910 482 978 498 -—
1013 444 1107 511 De
1136 448 1414 529 episcopo
1442 447 1550 528 qui
1573 447 1730 511 scire
1758 464 1823 510 se
1849 446 2003 511 dicit
2023 446 2134 510 haz-

2320 446 2567 505 ΚΕΦΑΛ,
2602 440 2645 501 l'
2658 490 2673 505 .
2704 473 2783 486 -—
2815 438 2938 520 Περὶ
2976 435 3268 498 ἰπισκόπου
3298 412 3369 495 εὖ
3395 431 3604 507 είδήσει
3636 431 3869 515 λέγοντος

502 543 759 606 reticum
789 538 1283 604 communicasse.

718 630 991 692 aoncilii
1021 625 1534 705 Carthaginensis
1562 643 1762 690 canon
1791 626 1929 690 124.

500 716 511 722 ’
575 720 662 782 De
718 719 1015 800 episcopis
1072 721 1182 798 qui
1239 716 1599 779 Donatistas
1674 716 2147 779 communicasse

492 809 735 872 mentiti
761 808 1026 887 fuerint.

576 896 788 962 124.ὃί
816 904 1014 960 autem
1050 895 1366 979 probatum
1399 895 1750 973 fuerit,eum
1776 896 1851 960 de
1871 916 2147 961 commu-

493 986 681 1063 nione
706 986 948 1050 illorum
982 987 1168 1049 fuisse
1205 986 1546 1063 mentitum,
1582 995 1733 1060 etc.,
1759 993 1825 1049 ut
1855 987 2143 1069 pag.682.

575 1076 744 1144 CAP.
784 1076 892 1143 XI.
925 1112 994 1122 —
1020 1075 1165 1140 Non
1190 1093 1323 1140 esse
1350 1075 1698 1139 abeundum
1718 1077 1796 1140 ad
1822 1076 2145 1141 haeretico-

491 1186 632 1233 rum
660 1167 1215 1251 pseudomartyres.

466 1288 473 1291 τ
831 1255 1094 1321 Concilii
1122 1255 1457 1320 Laodiceni
1485 1272 1684 1319 canon
1718 1255 1816 1319 34.

574 1347 676 1411 34.
736 1345 908 1421 Quod
968 1364 1087 1408 non
1148 1353 1386 1427 oportet
1443 1364 1684 1407 omnem
1740 1345 2143 1409 Christianum

493 1436 715 1503 Christi
776 1443 1072 1519 martyres
1130 1435 1502 1517 relinquere,
1559 1435 1700 1497 596
1752 1443 1811 1497 et
1859 1436 1930 1497 ad
1966 1436 2145 1500 falsos

494 1533 810 1608 martyres,
843 1525 959 1587 hoc
991 1531 1101 1605 est,
1157 1525 1479 1587 haereticos
1530 1522 1724 1601 abire,
1773 1524 1865 1585 vel
1898 1542 2001 1589 eos
2039 1526 2143 1605 qui

493 1617 663 1698 prius
690 1612 960 1677 haeretici
992 1614 1187 1678 fuere.
1222 1613 1292 1676 Hi
1327 1612 1491 1676 enim
1543 1621 1681 1674 sunt
1711 1631 1746 1675 a
1776 1615 1901 1677 Deo
1932 1616 2137 1680 aheni.

495 1705 629 1770 Sint
658 1722 802 1784 ergo
830 1703 1149 1766 anathema
1174 1703 1277 1786 qui
1308 1703 1383 1765 ad
1415 1720 1519 1765 eos
1549 1701 1803 1767 abeunt.

577 1880 741 1947 CAP.
774 1880 904 1944 XII.
939 1916 1016 1928 —
1072 1881 1160 1945 Ne
1212 1881 1486 1947 haeretici
1542 1882 1864 1946 ecclesiam
1920 1883 2135 1960 ingre-

495 1972 779 2037 diantur.

836 2148 1106 2215 Concilii
1134 2146 1476 2215 Laodiceni
1506 2170 1706 2216 canon
1739 2152 1800 2217 6.

573 2242 633 2305 6.
667 2239 803 2305 Non
835 2241 1186 2321 permittere
1218 2242 1545 2320 haereticis,
1580 2250 1647 2304 ut
1669 2242 1731 2304 in
1761 2240 2003 2303 domum
2028 2240 2141 2302 Do-

495 2332 643 2394 mini
672 2329 1119 2411 ingrediantur,
1147 2329 1197 2392 si
1227 2331 1288 2392 in
1321 2332 1538 2394 haeresi
1569 2337 1982 2412 permaneant.

573 2420 742 2485 CAP.
775 2418 930 2484 XIII.
964 2455 1043 2467 —
1093 2420 1177 2484 De
1228 2422 1662 2485 hazreticorum
1723 2421 1962 2502 nuptiis
2005 2436 2138 2480 cum

410 2518 419 2527 ’
499 2510 876 2575 ονιήοάοαήε.

714 2600 988 2664 Concilii
1018 2598 1360 2663 Laodiceni
1388 2619 1654 2665 canones
1685 2599 1783 2672 10,
1819 2600 1918 2662 31.

576 2688 677 2754 10.
713 2690 846 2750 Non
906 2696 1186 2768 oportere
1236 2707 1341 2752 eos
1389 2692 1490 2772 qui
1521 2697 1659 2752 sunt
1690 2688 2009 2763 Ecclesia),
2039 2686 2136 2748 in-

497 2776 959 2842 discriminatim
1021 2797 1165 2841 suos
1219 2779 1375 2842 ﬁlios
1422 2779 1725 2843 haereticis
1758 2777 2140 2840 matrimonio

492 2868 888 2948 conjungere.

570 2956 672 3019 31.
709 2956 879 3030 Quod
913 2976 1032 3019 non
1065 2964 1301 3037 oportet
1330 2976 1465 3021 cum
1498 2959 1663 3022 omni
1694 2956 1984 3021 haeretica
2013 2974 2141 3017 ma-

492 3044 845 3108 trimonium
882 3048 1272 3120 contrahere,
1308 3047 1399 3109 vel
1442 3047 1586 3110 dare
1620 3047 1775 3110 ﬁlios
1805 3056 1902 3110 aut
1935 3047 2087 3109 ﬁlias
2123 3068 2136 3105 :

491 3133 602 3197 sed
636 3135 826 3214 magis
857 3136 1137 3216 accipere
1170 3137 1220 3199 si
1247 3153 1313 3198 se
1347 3135 1716 3200 Christianos
1740 3137 1973 3199 futuros
2001 3152 2139 3216 pro-

492 3222 797 3287 ﬁteantur.

734 3403 997 3467 Concilii
1019 3403 1531 3469 Chalcedonensis
1563 3425 1761 3471 canon
1795 3410 1894 3470 14.

572 3505 675 3567 14.
709 3504 1002 3580 Quoniam
1056 3508 1116 3569 in
1170 3510 1479 3572 nonnullis
1524 3512 1846 3591 provinciis
1876 3532 2130 3577 conces-

493 3612 628 3658 sum
659 3603 750 3658 est
773 3596 1124 3679 lectoribus,
1158 3606 1303 3674 etc.,
1337 3608 1403 3662 ut
1422 3617 1572 3681 pag.
1605 3602 1744 3665 779.

730 3686 1001 3750 Concitii
1028 3686 1535 3770 Carthaginensis
1562 3708 1761 3754 canon
1791 3692 1890 3757 21.

575 3777 653 3837 Ut
679 3775 801 3856 ﬁlii
853 3777 1213 3842 clericorum
1271 3786 1340 3842 in
1398 3783 1794 3845 matrimonio
1840 3801 1964 3847 non
1984 3785 2134 3865 jun-

487 3872 725 3946 guntur
753 3865 1078 3929 hcereticis.

572 3954 673 4018 21.
708 3953 929 4017 Iterum
977 3956 1201 4037 placuit
1250 3967 1316 4019 ut
1364 3957 1468 4019 ﬁlii
1501 3957 1857 4021 clericorum
1890 3961 2133 4040 gentili-

484 4042 619 4123 bus,
654 4045 745 4108 vel
771 4046 1097 4123 haereticis,
1132 4047 1516 4110 matrimonio
1552 4067 1671 4111 non
1700 4050 2049 4129 iungantur.

668 4223 809 4285 597
841 4223 1108 4287 Consilii
1138 4227 1493 4290 acumenici
1522 4244 1576 4290 v1
1608 4245 1807 4291 canon
1840 4228 1940 4292 72.

564 4323 664 4385 72.
691 4323 822 4386 Non
851 4324 1041 4388 licere
1071 4326 1264 4388 virum
1293 4328 1693 4391 orthodoxum
1719 4349 1854 4392 cum
1881 4332 2134 4397 muliere

483 4413 769 4476 hteretica
800 4414 1109 4494 conjungi,
1143 4434 1339 4497 neque
1386 4435 1525 4480 vero
1576 4419 1965 4482 orthodoxam
1996 4440 2131 4484 cum

483 4503 616 4566 viro
649 4502 931 4566 hazretico
963 4505 1256 4584 copulari.
1281 4507 1402 4571 Sed
1435 4509 1545 4571 etsi
1575 4509 1718 4591 quid
1743 4510 2132 4590 ejusmodiab

378 4618 383 4621 ·
482 4592 610 4655 ullo
631 4610 703 4655 ex
725 4592 1003 4656 omnibus
1026 4594 1244 4657 factum
1271 4599 1642 4679 apparuerit,
1673 4602 1872 4661 irritas
1894 4602 2134 4679 nuptias

482 4681 916 4760 existimare,et
944 4684 1240 4747 nefarium
1263 4688 1611 4768 conjugium
1645 4688 2135 4771 dissolvi.Neque

479 4771 643 4837 enim
678 4790 750 4834 ea
782 4790 919 4850 quas
977 4792 1099 4836 non
1157 4780 1295 4836 sunt
1355 4777 1663 4839 miscenda
1723 4778 1989 4852 misceri,
2025 4798 2134 4842 nec

481 4879 653 4924 ovem
684 4880 818 4924 cum
842 4861 1131 4943 lupo,nec
1156 4873 1546 4944 peccatorum
1573 4875 1793 4929 sortem
1816 4868 2137 4929 cumChri-

476 4950 556 5013 sti
585 4963 754 5033 parte
785 4953 1071 5033 conjungi
1107 4953 1434 5034 oportet.Si
1469 4956 1602 5037 quis
1637 4965 1839 5019 autem
1878 4975 1969 5031 ea,
2006 4977 2136 5038 quae

478 5057 515 5104 a
542 5040 720 5104 nobis
745 5040 989 5104 decreta
1018 5052 1611 5124 sunt,transgressus
1636 5045 2131 5126 fuerit,segrege-

481 5136 601 5191 tur.
632 5128 696 5190 Si
726 5138 923 5192 autem
957 5131 1146 5213 aliqui
1175 5133 1276 5215 qui
1298 5133 1495 5196 adhuc
1522 5143 1661 5197 sunt
1689 5134 2052 5210 inﬁdeles,et
2077 5139 2134 5198 in

481 5216 952 5281 orthodoxorum
983 5239 1227 5301 gregem
1281 5223 1551 5287 nondum
1594 5223 1771 5288 relati
1802 5233 1962 5299 sunt,
1998 5235 2136 5288 sunt

481 5305 645 5396 inter
673 5306 1036 5396 selegitimo
1083 5310 1464 5375 matrimonio
1521 5314 1828 5396 conjuncti
1863 5331 1876 5374 :
1912 5313 2135 5377 deinde

483 5394 586 5458 hic
617 5394 861 5484 quidem
894 5414 963 5459 eo
997 5399 1155 5479 quod
1190 5409 1282 5463 est
1320 5394 1645 5465 honestum
1673 5403 1893 5484 electo,
1928 5402 1999 5464 ad
2035 5403 2130 5465 lu-

486 5501 619 5547 cem
656 5483 918 5547 veritatis
941 5490 1297 5565 accurrerit,
1332 5491 1430 5553 ille
1462 5510 1601 5553 vero
1634 5492 1862 5554 erroris
1881 5483 2132 5555 vinculo

488 5574 771 5637 detentus
801 5573 1003 5652 fuerit,
1038 5580 1250 5641 nolens
1280 5580 1513 5643 divinos
1545 5582 1750 5644 radios
1782 5581 1912 5644 ﬁxis
1943 5581 2135 5645 oculis

486 5662 915 5744 intueri,ﬁdeli
938 5685 1078 5731 vero
1099 5668 1328 5733 homini
1347 5669 1579 5753 placeat
1605 5689 1737 5735 cum
1770 5670 2005 5735 inﬁdeli
2026 5688 2133 5734 co-

2231 533 2543 590 κοινωνικὸν
2573 532 2636 588 τὸ
2669 530 2957 609 αἱρετικόν,

2552 620 2783 678 Συνόδου
2807 617 3181 699 Καρθαγὲννης
3203 617 3386 675 κανὼν
3419 612 3564 694 ρκδ’,

2311 713 2435 791 Περὶ
2474 714 2580 770 τῶν
2638 716 2761 776 τοὺς
2818 709 3144 774 Δονατιστὰς
3174 710 3515 774 κοινωνῆσαι
3546 702 3870 782 ψευδομένων

2231 800 2537 859 ἐπισκόπων
2548 847 2564 863 .

2313 889 2446 967 ρκδ’,
2481 890 2612 949 Ἐὰν
2654 888 2710 946 δὲ
2764 887 3065 969 ἀποδειχθῇ
3105 887 3197 944 τὸν
3258 894 3509 946 τοιοῦτον
3547 883 3869 961 ψευσάμενον

2231 982 2373 1056 παρὰ
2403 986 2498 1048 τῆς
2532 979 2750 1037 ἐκείνων
2780 979 3084 1054 κοινωνίας,
3115 1000 3175 1039 κ.
3205 998 3253 1036 τ.
3289 975 3345 1035 λ.

2314 1074 2568 1129 ΚΕΦΑΛ.
2603 1068 2717 1129 ΙΑ’.
2754 1102 2835 1114 -—
2886 1068 3012 1146 Περὶ
3066 1073 3158 1124 τοῦ
3211 1068 3291 1144 μὴ
3338 1062 3573 1122 ἀπιέναι
3603 1065 3735 1142 πρὸς
3761 1065 3869 1128 τοὺς

2226 1168 2334 1219 τῶν
2365 1161 2646 1241 αἱρετικῶν
2679 1159 3130 1239 ψευδομάρτυρας.

2593 1250 2820 1308 Συνόδου
2851 1248 3164 1313 Λαοδικείας
3193 1248 3373 1305 κανὼν
3405 1243 3516 1310 λε’,

2308 1339 2415 1403 λδ’.
2445 1341 2571 1402 Ὀτι
2616 1346 2679 1401 οὒ
2734 1339 2819 1397 δεῖ
2870 1340 3043 1397 πάντα
3101 1338 3428 1418 Χριστιανὸν
3475 1335 3871 1414 ἕγκαταλείπειν

2227 1432 2498 1514 μάρτυρας
2558 1437 2813 1511 Χριστοῦ,
2869 1431 2959 1487 καὶ
3039 1428 3253 1485 ἀπιέναι
3304 1429 3446 1506 πρὸς
3505 1428 3632 1492 τοὺς
3688 1426 3871 1503 ψευδο-

2228 1520 2520 1601 μάρτυρας,
2583 1521 2856 1578 τουτέστιν
2898 1518 3180 1599 αἱρετικῶν
3237 1517 3274 1586 ἢ
3320 1518 3523 1581 αὐτοὺς
3577 1519 3712 1596 πρὸς
3765 1518 3870 1584 τοὺς

2226 1614 2646 1692 προειρημένους
2705 1610 2999 1690 αἱρετικοὺς
3045 1608 3363 1687 γενομένους
3400 1625 3416 1641 ⁶
3453 1610 3603 1664 οῦτοι
3636 1608 3736 1686 γὰρ
3775 1606 3867 1667 ἂλ-

2229 1702 2427 1781 λότριοι
2456 1708 2551 1760 τοῦ
2582 1702 2717 1757 Θεοῦ
2745 1701 3133 1780 τυγχάνουσιν,
3164 1696 3410 1756 ἔσθωσαν
3447 1696 3543 1755 οὖν
3575 1697 3810 1773 ἀνάθεμα
3845 1719 3870 1755 ο

2167 1818 2202 1868 Β
2225 1792 2594 1873 ἀπερχόμενοι
2625 1792 2756 1870 πρὸς
2787 1790 3002 1851 αὐτοὺς.

2304 1885 2562 1939 ΚΕΦΑΛ.
2597 1877 2712 1942 IB'.
2742 1912 2822 1924 —
2850 1878 2978 1957 Περὶ
3029 1882 3123 1935 τοῦ
3149 1876 3228 1953 μὴ
3258 1876 3487 1934 εἰσιέναι
3526 1875 3650 1937 τοὺς
3682 1876 3864 1953 αἱρετι-

2227 1969 2353 2035 κοὺς
2383 1971 2458 2036 εἷς
2487 1970 2588 2037 τὴν
2618 1967 2935 2033 ἐκκλησίαν.

2584 2057 2813 2117 Συνόδου
2843 2055 3158 2120 Λαοδικείας
3187 2055 3367 2113 κανὼν
3401 2055 3468 2129 ς·
3471 2054 3489 2083 ¹
3504 2100 3519 2114 .

2302 2148 2385 2224 ς’
2398 2194 2412 2209 .
2443 2147 2569 2225 Περὶ
2599 2149 2692 2204 τοῦ
2744 2148 2823 2222 μὴ
2882 2156 3195 2226 συγχωρεῖν
3223 2157 3345 2209 τοῖς
3392 2147 3694 2219 αἱρετικοῖς
3721 2143 3863 2201 είσιέ-

2221 2260 2305 2297 ναι
2363 2241 2438 2303 εἰς
2495 2239 2585 2296 τὸν
2657 2238 2816 2296 οἷκον
2873 2244 2966 2295 τοῦ
3020 2243 3178 2316 Θεοῦ,
3252 2234 3620 2313 ἐπιμένοντας
3669 2240 3736 2312 τῇ
3784 2236 3865 2291 αἱ·

2256 2352 2391 2394 εσει.

2318 2352 2391 2394 ει.

2222 2352 2560 2483 ρεσΚΕΦΑΛ.
2622 2406 2731 2481 ΙΓ’.
2787 2450 2866 2464 -—
2923 2417 3049 2498 Περὶ
3132 2416 3322 2496 γάμων
3386 2416 3671 2495 αἱρετικῶν
3741 2416 3860 2492 πρὸς

2221 2507 2555 2591 ὁρθοδόξους,

2531 2596 2762 2657 Συνόδοῦ
2791 2596 3103 2661 Λαοδικείας
3134 2597 3311 2653 κανὼν
3344 2594 3409 2677 ι’,
3444 2593 3563 2656 λα’.

2306 2690 2368 2753 ι’,
2404 2689 2529 2766 Περὶ
2554 2695 2645 2746 τοῦ
2678 2687 2757 2764 μὴ
2789 2685 2903 2745 δεῖν
2931 2688 3054 2751 τοὺς
3085 2688 3186 2753 τῆς
3219 2683 3552 2755 Ἐκκλησίας
3577 2683 3856 2767 ἀδιαφόρως

2222 2781 2355 2860 πρὸς
2412 2778 2590 2858 γάμου
2643 2779 2924 2836 κοινωνίαν
2971 2776 3253 2834 συνάπτειν
3305 2777 3374 2832 τὰ
3432 2777 3637 2833 ἑαυτῶν
3688 2774 3854 2832 παιδία

2224 2874 2544 2941 αίρετικοῖς.

2302 2958 2414 3022 λα’,
2453 2958 2581 3016 ’θὈτι
2629 2961 2689 3017 οὒ
2737 2955 2821 3014 δεῖ
2849 2957 2981 3036 πρὸς
3011 2957 3216 3021 πάντας
3249 2956 3549 3031 αἱρετικοῦς
3579 2954 3852 3033 ἐπιγαμίαν

2181 3101 2199 3120 ,
2225 3060 2428 3123 ποιεῖν,
2473 3047 2510 3117 ἢ
2554 3045 2754 3105 διδόναι
2797 3047 2938 3112 υἱοὺς
2979 3047 3017 3112 ἣ
3079 3045 3397 3126 θυγατέρας,
3454 3044 3598 3102 ἀλλὰ
3666 3042 3854 3120 μᾶλλον

2224 3136 2541 3215 λαμϐανειν,
2601 3136 2655 3194 εἴ
2711 3157 2774 3217 γε
2862 3134 3282 3216 ἔπαγγέλλοιντο
3353 3135 3662 3216 Χριστιανοὶ
3715 3131 3852 3214 γενέ-

2222 3231 2363 3291 σθαι.

2563 3404 2793 3464 Συνόδου
2821 3404 3165 3475 Χαλκηδόνος
3197 3406 3376 3463 κανὼν
3407 3404 3502 3466 ιδ’.

2294 3506 2387 3573 ιδ’.
2432 3507 2655 3578 Ἐπειδὴ
2704 3508 2758 3566 ἕν
2788 3531 2926 3567 τισιν
2958 3509 3248 3590 ἐπαρχίαις
3286 3510 3706 3591 συγκεχώρηται
3735 3516 3839 3569 τοῖς

2216 3598 2614 3678 ἆναγνῶσταις,
2648 3621 2701 3663 κ.
2734 3621 2789 3660 τ.
2820 3597 2876 3659 λ.

2542 3687 2771 3746 Συνόδου
2806 3686 3181 3768 Καρθαγέννης
3215 3688 3391 3746 κανὼν
3427 3693 3542 3746 κα⁹.

2298 3779 2470 3837 "Qa-ce
2541 3781 2606 3836 τὰ
2678 3778 2840 3836 τέκνα
2915 3784 3024 3834 τῶν
3081 3784 3358 3856 κΑηρικῶν
3422 3779 3480 3834 ἑν
3551 3775 3843 3846 συνοικεσίῳ

2218 3870 2297 3948 μὴ
2343 3869 2701 3929 συνάπτεσθαι
2738 3870 3054 3947 αἱρετικοῖς.

2295 3957 2407 4021 κάκ
2459 3949 2691 4033 Ὀμοίως
2736 3955 2950 4035 ἤρεσεν,
2996 3956 3135 4014 ὥστε
3194 3956 3253 4014 τὰ
3311 3956 3474 4015 τέκνα
3520 3962 3626 4014 τῶν
3666 3954 3842 4029 κληρι-

2215 4053 2347 4123 κῶν,
2409 4048 2641 4112 ἐθνικαῖς
2699 4046 2735 4115 ἢ
2792 4048 3082 4126 αἱρετικοῖς
3141 4052 3395 4125 γαμικῶς
3458 4047 3542 4124 μή
3601 4043 3844 4104 συνάπτε-

2212 4141 2357 4202 σθαι,

2441 4223 2668 4285 Συνόδου
2700 4227 3076 4301 οίκουμενικῆς
3108 4225 3275 4295 ἕκτης
3309 4229 3487 4285 κανὼν
3523 4225 3629 4306 οβ’.

2296 4331 2407 4407 οβ’.
2456 4330 2545 4397 Μὴ
2602 4327 2796 4395 ὲξέσθω
2856 4327 3132 4408 όρθόδοξον
3204 4328 3366 4409 ἄνδρα
3427 4335 3671 4410 αίρετικῇ
3725 4348 3839 4387 cot-

2159 4421 2476 4512 ί)άπτεᾲσθαι
2522 4420 2756 4512 γυναικὶ,
2816 4421 3109 4512 μήτεῌμην
3157 4421 3406 4500 αἱρετικῷ
3456 4421 3601 4500 ἀνδρῖ
3631 4429 3841 4498 γυναῖκα

2216 4506 2489 4588 ὀρθόδοξον
2535 4509 2841 4588 ζεύγνυσθαι
2876 4529 2890 4544 ⁸
2950 4507 3070 4566 ἀλλ’
3124 4512 3168 4566 εἰ
3211 4512 3299 4568 καὶ
3344 4517 3485 4589 φανῇ
3530 4534 3579 4569 τι
3622 4513 3839 4566 τοιοῦτον

2212 4600 2315 4656 ὑπό
2345 4620 2489 4662 τινος
2522 4605 2628 4656 τῶν
2677 4598 2928 4656 ἁπάντων
2977 4600 3283 4679 γινόμενον,
3338 4600 3534 4680 ἄκυρον
3565 4599 3653 4657 τόν
3683 4597 3839 4676 γάμον

2216 4692 2492 4769 ἡγεῖσθαι,
2526 4689 2615 4745 καὶ
2644 4690 2705 4744 τὸ
2737 4687 2964 4763 ἄθεσμον
3018 4687 3319 4746 διαλύεσθαι
3373 4689 3699 4749 συνοικέσιον
3732 4692 3746 4717 ⁶
3788 4682 3839 4739 οὗ

2217 4780 2318 4857 γὰρ
2348 4781 2459 4858 χρὴ
2488 4779 2555 4834 τὰ
2586 4777 2794 4854 ἄμικτα
2824 4779 3094 4857 μιγνύναι,
3131 4778 3249 4838 οὒδέ
3300 4785 3376 4854 τῷ
3421 4779 3670 4852 προϐάτῳ
3698 4775 3836 4831 λύκον

2217 4866 2646 4944 συμπλέκεσθαι,
2701 4869 2789 4923 καὶ
2846 4873 2914 4945 τῇ
2956 4874 3050 4925 τοῦ
3094 4876 3325 4947 Χριστοῦ
3385 4868 3556 4948 μερίδι
3618 4869 3705 4924 τὸν
3744 4860 3835 4919 τῶν

2217 4956 2553 5035 ἁμαρτωλῶν
2596 4955 2820 5035 κλῆρον,
2858 4957 2914 5013 Εἰ
2946 4954 3000 5013 δὲ
3033 4956 3247 5037 παραϐῇ
3277 4981 3356 5022 τις
3412 4961 3478 5016 τὰ
3536 4957 3658 5035 παρ’
3699 4954 3836 5028 ἣμών

2218 5046 2513 5126 ὁρισθέντα,
2550 5045 2879 5125 ἀφοριζὲσθω
2911 5065 2925 5080 ·
2964 5046 3007 5103 εἷ
3042 5046 3097 5103 δέ
3129 5069 3271 5112 τινες
3326 5048 3405 5104 ἔτι
3459 5051 3515 5105 ἓν
3545 5054 3611 5126 τῇ
3638 5039 3835 5109 ἀπιστίᾳ

2216 5136 2607 5216 τυγχάνοντες,
2659 5136 2750 5192 καὶ
2820 5134 2970 5193 οῧπω
3023 5143 3091 5215 τῇ
3135 5143 3241 5194 τῶν
3285 5135 3575 5216 ὀρθοδόξων
3619 5136 3834 5215 ἐγκατα-

2216 5224 2462 5303 λεγέντες
2496 5226 2717 5303 ποίμνη,
2752 5222 3012 5296 ἀλλήλοις
3044 5227 3204 5304 γάμῳ
3236 5230 3446 5304 νομίμῳ
3479 5229 3829 5305 ἡρμόσθησαν,

2218 5319 2341 5371 εἶτα
2371 5317 2398 5371 ὁ
2442 5315 2541 5388 μὲν
2586 5316 2647 5371 τὸ
2689 5314 2857 5371 καλὸν
2899 5313 3250 5392 ἔκλεξαμενος
3294 5324 3370 5391 τῷ
3402 5320 3535 5397 φωτῖ
3565 5322 3658 5383 τῆς
3704 5309 3831 5372 ἀλησ

2215 5404 2356 5467 θείας
2414 5402 2801 5484 προσέδραμεν,
2850 5406 2877 5461 ὁ
2921 5401 2976 5460 δὲ
3024 5406 3127 5462 ὑπὸ
3178 5413 3271 5463 τοῦ
3325 5412 3424 5474 τῆς
3469 5406 3673 5471 πλάνης
3714 5419 3831 5455 κ²τ⁶

2218 5493 2419 5573 εσχέθη
2450 5490 2667 5568 δεσμοῦ,
2715 5494 2792 5569 μὴ
2824 5495 2955 5565 πρὸς
2988 5495 3080 5559 τὰς
3132 5495 3275 5561 θείας
3335 5497 3569 5554 ἀτενίσαι
3630 5492 3832 5549 ἀκτῖνας

2218 5582 2496 5660 ἐλόμενος,
2544 5580 2756 5641 εὖδοκεῖ
2784 5581 2840 5640 δὲ
2870 5591 2947 5659 τῷ
2977 5590 3151 5659 πιστῷ
3199 5586 3235 5653 ἡ
3283 5585 3508 5651 ἄπιστος
3556 5587 3827 5647 συνοικεῖν,

2217 5672 2253 5742 ἢ
2293 5674 2354 5730 τὸ
2385 5670 2619 5750 ἔμπαλιν
2649 5674 2677 5729 ὁ
2708 5671 2932 5739 ἄπιστος
2990 5679 3058 5751 τῇ
3106 5679 3296 5753 πιστῇ,
3327 5674 3406 5752 μὴ
3439 5670 3830 5758 χωριζέσθωσαν
