4090 6204
251 287 376 360 885
971 293 1396 362 SYNTAGMA
1437 293 1834 361 CANONUM.
1894 325 1971 339 —
2037 291 2196 357 TIT.
2262 293 2400 375 XII,
2447 293 2614 358 CAP.
2667 293 2926 361 X—XIV.
3519 288 3638 360 886

245 429 392 486 κατᾶ
433 429 526 486 τὸν
570 432 716 487 θετον
777 428 1107 490 Ἀπόστολον
1141 449 1154 464 ⁸
1218 431 1502 508 Ἠγίασται
1545 429 1646 508 γὰρ
1689 430 1717 485 ὁ
1756 427 1857 490 {int

2023 426 2279 509 abitare,
2313 428 2405 490 vel
2441 437 2499 491 et
2529 435 2760 502 contra,
2800 447 2874 490 ne
2905 446 2939 490 a
2969 445 3035 491 se
3065 426 3324 491 invicem
3352 435 3635 510 separen‘

243 539 377 581 στος
435 521 570 598 ἀνὴρ
627 519 682 576 ἐν
737 520 806 596 τῇ
867 523 1094 598 γυναικὶ,
1183 522 1270 578 καὶ
1349 520 1598 599 ἡγίασται
1675 519 1711 586 ἡ
1769 517 1858 575 ἅπι

2019 535 2108 580 ur.
2144 517 2226 580 Ex
2256 517 2442 580 divini
2475 517 2635 580 enim
2679 517 2845 579 Pauli
2875 519 3179 580 sententia
3213 537 3227 578 :
3261 517 3634 598 Sanctiﬁca-

244 628 375 674 στος
405 609 541 686 γὺνὴ
574 607 628 666 ἒν
659 615 734 683 τῷ
765 607 932 688 ἀνδρί,

2020 625 2083 669 us
2133 617 2218 670 est
2277 611 2374 671 vir
2421 607 2694 688 inﬁdelis
2746 609 2812 671 in
2844 606 3124 684 muliere,
3159 608 3635 687 etsanctiﬁcata

1989 704 2074 758 est
2107 696 2328 760 mulier
2356 698 2625 776 inﬁdelis
2654 700 2723 759 in
2756 699 2889 760 viro
2917 697 3004 758 99.

321 791 384 848 '0
435 787 714 852 πολιτικὸς
744 787 930 862 νόμος,
993 788 1038 844 τί
1097 789 1187 844 καὶ
1238 787 1303 844 τὰ
1335 786 1574 862 μάλιστα
1605 786 1699 842 τὸν
1733 786 1906 862 γάμον

2076 788 2326 850 Ίεωῑιιε.
2374 822 2434 832 -
2459 785 2661 850 Civilis
2681 787 2778 848 lex
2801 786 3065 864 tametsi,
3092 804 3228 848 cum
3252 785 3631 849 exactissime

233 878 557 956 ὁριζόμενος
588 880 776 958 φησὶν,
809 875 957 954 βιϐλ.
989 878 1102 958 κγ’,
1144 879 1246 938 τίτ.
1279 875 1356 953 β’,
1397 873 1709 955 διάτ.α’,ὅτι
1730 875 1848 950 γάμι

2010 875 2225 956 tuptias
2251 875 2482 951 deﬁnit,
2520 876 2704 948 dicat,
2738 876 2847 939 lib.
2881 893 3045 953 χχιιι,
3082 877 3171 940 tit.
3205 880 3266 952 3,
3297 876 3513 955 digest.
3552 882 3576 935 1
3609 895 3625 938 :

234 968 387 1025 ἐστὶν
433 967 618 1048 ἀνδρὸς
661 968 760 1025 καί
815 970 1066 1045 γυναικὸς
1113 968 1394 1046 συνάφεια,
1429 969 1518 1022 καὶ
1575 963 1849 1044 συγκλήριι

2013 963 2218 1045 ίιιριίαι
2246 975 2388 1028 sunt
2418 967 2764 1046 coniunctio
2798 966 2978 1027 maris
3011 974 3070 1027 et
3099 966 3628 1045 feminae,consor—

233 1081 330 1122 σις
377 1059 562 1126 πάσης
592 1063 690 1125 τῆς
722 1058 891 1136 ζωῆς,
921 1057 1062 1117 θείου
1110 1079 1167 1114 τε
1207 1058 1296 1114 καὶ
1327 1057 1664 1132 ἀνθρωπίνου
1694 1053 1848 1111 δικαίι

2011 1053 2123 1115 ium
2159 1056 2358 1117 omnis
2391 1056 2543 1132 vitae,
2579 1055 2762 1117 divini
2799 1064 2858 1117 et
2888 1056 3133 1117 humani
3160 1056 3316 1136 juris
3348 1073 3626 1117 commu-

229 1147 522 1220 κοινωιία,
565 1147 653 1203 καὶ
710 1146 849 1203 κατᾶ
895 1157 1083 1206 τοῦτον
1124 1149 1218 1203 τὸν
1256 1145 1380 1220 ὅρον
1410 1143 1514 1202 ἔδει
1557 1145 1681 1207 τοὺς
1725 1143 1844 1222 γάμ‹

2015 1144 2212 1206 icatio:
2241 1146 2574 1208 secundum
2599 1165 2778 1227 quam
2804 1145 3220 1208 deﬁnitionem
3245 1164 3350 1207 eos
3368 1145 3470 1225 qui
3497 1163 3625 1206 ma-

229 1235 703 1311 συναπτομένους,
750 1234 1116 1314 ὁμοθρήσκους
1161 1237 1306 1293 εἶναι
1341 1252 1356 1266 ⁸
1403 1235 1550 1310 ὅμως
1621 1231 1740 1290 οἶδε
1799 1255 1844 1288 κε

2011 1233 2256 1298 rimonio
2289 1236 2762 1316 conjunguntur,
2817 1235 3088 1314 ejusdem
3147 1254 3281 1298 esse
3313 1234 3626 1315 religionis

231 1325 467 1405 δέχεται
495 1323 690 1400 μεταξὺ
722 1323 995 1401 ὀρθοδόξου
1027 1327 1116 1382 καὶ
1159 1327 1428 1402 αἱρετικοῦ
1485 1323 1656 1401 γάμον
1689 1337 1708 1355 ⁸
1755 1343 1846 1401 φης

2011 1333 2244 1403 portet:
2279 1327 2552 1402 agnoscit
2585 1334 2785 1387 tamen
2815 1334 3000 1406 atque
3032 1325 3295 1387 admittit
3325 1325 3488 1387 inter
3518 1342 3622 1384 or-

232 1416 346 1493 γᾰρ
376 1413 525 1492 βιὸλ.
559 1413 611 1471 α’
643 1415 738 1472 τοῦ
768 1413 899 1476 κώδ.
933 1415 1064 1488 τίτ,,
1099 1414 1168 1494 ε’,
1204 1412 1346 1478 δατ,
1378 1412 1472 1490 ιβ’,
1505 1413 1586 1469 ὅτι
1616 1409 1847 1490 ἀμφισϐτ

2008 1413 2302 1474 hoduxum
2335 1422 2512 1496 atque
2539 1415 2917 1488 haereticum,
2957 1414 3435 1477 matrimonium.
3463 1413 3623 1476 Dicit.

229 1507 478 1562 τούντων
519 1511 626 1562 τῶν
669 1504 896 1582 γονέων,
958 1503 1400 1581 ἐπικρατέστερος
1446 1502 1596 1560 ἐστΐν
1653 1504 1680 1558 ὁ
1723 1499 1844 1557 θέλιι

2004 1504 2239 1579 namque
2272 1503 2375 1566 lib.
2413 1506 2439 1565 1
2479 1503 2653 1579 Cod.,
2692 1504 2785 1564 tit.
2819 1505 2880 1575 5,
2913 1511 3110 1566 const.
3151 1503 3244 1582 l2,
3279 1503 3619 1585 quod,Cum

229 1600 309 1669 τῇ
361 1593 623 1670 ὄρθοδόξσρ
670 1580 845 1651 πίστει
883 1580 1016 1658 τοὺς
1065 1580 1265 1656 παῖδας
1315 1580 1701 1671 προσαγαγεῖν
1736 1609 1752 1626 ·
1799 1612 1844 1646 κε

2005 1600 2254 1653 parentes
2284 1593 2749 1674 litigant,potior
2769 1596 2843 1656 sit
2868 1596 2965 1676 qui
2997 1593 3190 1656 libero
3222 1580 3620 1656 advortbodo-

229 1681 382 1745 διάτ,
439 1684 519 1750 ιη’
566 1691 659 1740 τοῦ
702 1685 863 1741 αὐτοῦ
917 1682 1023 1746 τίτ.
1070 1682 1152 1739 ὅτι
1199 1682 1288 1738 ἐὰν
1349 1682 1566 1760 θάτερος
1625 1687 1732 1737 τῶν
1763 1701 1844 1735 συν

2003 1699 2104 1741 :am
2130 1682 2307 1743 (idem
2326 1683 2631 1746 adducere
2655 1683 2799 1745 vult.
2827 1683 2897 1745 Et
2919 1687 3196 1748 const.!8
3221 1685 3494 1762 ejusdem
3526 1682 3618 1745 tit.

231 1773 527 1830 οικούντων
585 1769 858 1849 ὀρθόδοξος
891 1773 1010 1844 εἴη,
1044 1773 1132 1828 καὶ
1175 1772 1202 1828 ὁ
1247 1769 1410 1834 ἄλλος
1466 1771 1758 1849 αἱρετικὸς,
1803 1767 1846 1824 δε

2005 1770 2157 1846 juod,
2185 1770 2248 1834 Si
2283 1773 2434 1834 alter
2463 1773 2788 1854 conjugum
2837 1773 3207 1836 orthodoxus
3237 1774 3334 1849 sit,
3376 1781 3434 1834 et
3465 1771 3620 1835 alter

233 1863 472 1939 γίνεσθαι
503 1863 628 1926 τοὺς
658 1859 858 1922 παῖδας
892 1862 1065 1917 αὐτῶν
1109 1858 1412 1938 ὁρθοδόξοος
1449 1879 1464 1894 ·
1515 1861 1600 1914 καὶ
1633 1855 1775 1935 βιόλ.
1812 1857 1848 1913 ε’

2001 1860 2311 1933 ιαινθιίοιιε,
2351 1861 2574 1923 liberos
2624 1863 2865 1924 illorum
2913 1864 3052 1924 398
3083 1863 3454 1924 orthodoxos
3485 1861 3616 1923 fieri

227 1953 340 2013 τῖτ,
378 1950 459 2031 α’,
488 1949 629 2014 διᾶτ,
663 1949 732 2023 ε’,
774 1949 864 2005 ἐὰν
914 1951 947 2018 ἡ
981 1949 1197 2024 μνηστὴ
1229 1954 1556 2028 παραιτῆται
1586 1951 1677 2005 τὸν
1707 1949 1842 2028 γάμι

1998 1958 2260 2028 portent.
2289 1951 2364 2013 Et
2398 1951 2501 2014 lib.
2534 1968 2596 2025 ν,
2633 1951 2728 2014 tit.
2761 1953 2786 2012 1
2827 1962 3020 2017 const.
3049 1956 3084 2013 ὅ
3112 1974 3125 2015 :
3153 1952 3214 2013 Si
3239 1970 3462 2032 sponsa
3486 1969 3613 2032 pro-

224 2036 320 2094 διὰ
364 2041 425 2096 τὸ
482 2045 583 2108 τῆς
632 2040 919 2117 θρησκείας
978 2037 1252 2119 διάφορον,
1307 2041 1351 2096 εἰ
1396 2039 1496 2113 μὲν
1525 2036 1749 2115 προῂδει
1780 2037 1839 2100 τῆ

1994 2048 2099 2099 iter
2133 2039 2448 2118 religionis
2485 2039 2898 2102 diversitatem
2958 2041 3310 2120 conjugium
3346 2048 3609 2114 recuset,

225 2127 430 2201 αἰτίαν,
465 2131 500 2197 ἡ
532 2129 668 2208 γυνὴ
701 2129 736 2196 ἢ
767 2131 815 2183 οἱ
873 2141 1054 2205 γονεῖς
1114 2128 1278 2194 αὒτῆς
1334 2128 1640 2184 ὒπόκεινται
1671 2143 1685 2158 ⁸
1735 2127 1780 2182 εἰ
1823 2125 1840 2181 ἓ

1996 2129 2008 2188 i
2043 2128 2286 2208 quidem
2321 2129 2514 2210 [eam]
2547 2149 2672 2191 rem
2702 2130 2806 2192 illa
2837 2129 3158 2210 praescivit,
3177 2139 3459 2210 parentes
3481 2129 3611 2208 ejus

222 2218 486 2293 ἠγνόουν,
522 2217 556 2284 ἢ
589 2218 726 2291 μιτὰ
773 2218 836 2273 τὸ
891 2215 1080 2273 )αϐετν
1142 2217 1267 2280 τοὺς
1311 2213 1616 2294 ὰῤῥαϐὧνας
1659 2216 1694 2283 ἡ
1739 2217 1837 2271 ditt

1997 2225 2245 2278 enentur
2278 2238 2293 2281 :
2328 2219 2418 2279 sin
2453 2219 2763 2298 ignoravit,
2801 2228 2901 2280 aut
2933 2227 3248 2300 postquam
3281 2219 3490 2280 arrhas
3517 2236 3612 2280 ce-

226 2301 452 2384 συνέϐη,
488 2306 550 2360 τὸ
593 2303 795 2361 ἁπλοῦν
827 2302 1126 2361 αναδίδοται
1163 2319 1178 2335 ⁸
1211 2306 1274 2360 τὸ
1306 2304 1432 2360 «uti.
1482 2305 1570 2360 καὶ
1613 2303 1698 2360 ἐπὶ
1729 2325 1838 2378 μνη

1990 2305 2073 2374 tit,
2113 2308 2232 2386 [ea]
2268 2325 2365 2368 res
2398 2307 2634 2380 incidit,
2697 2307 2985 2388 simplum
3037 2308 3338 2371 redditur.
3378 2305 3605 2390 [Quod]

228 2397 458 2471 στῆρος.
525 2384 586 2450 Ἠ
633 2392 690 2449 δὲ
734 2393 813 2468 ς“’
871 2391 1012 2452 διάτ.
1063 2401 1156 2450 τοῦ
1183 2391 1231 2450 θ’
1263 2395 1372 2458 τίτ,
1403 2399 1494 2450 τοῦ
1523 2391 1574 2448 α’
1607 2391 1754 2468 ptati.
1786 2413 1843 2448 το

1988 2413 2156 2473 psum
2189 2384 2246 2457 et
2279 2397 2337 2457 in
2371 2415 2593 2477 sponso
2621 2384 2935 2478 [obtineL]
2967 2397 3176 2461 Const.
3209 2384 3407 2459 autem
3443 2384 3603 2473 6,tit—.

228 2482 368 2546 κώό,
421 2484 606 2561 φησὶν,
653 2482 735 2538 ὅτι
787 2485 1105 2562 Χριστιανὸς
1147 2481 1438 2558 λαμϐάνων
1481 2480 1737 2539 Ἰουδαίαν
1767 2502 1835 2560 γα

1991 2491 2018 2558 t,
2056 2483 2162 2548 lib.
2198 2504 2211 2546 ι
2245 2486 2392 2548 Cod.
2425 2485 2506 2548 ait
2542 2505 2556 2550 :
2620 2487 2728 2559 Qui
2792 2487 3172 2550 Christianus
3219 2486 3487 2550 Iudaeam
3523 2487 3606 2566 [in

228 2573 430 2652 μετῆν,
463 2572 498 2638 ἢ
528 2573 852 2652 Χριστιανὴν
901 2572 1190 2650 Ἰουδαῖος,
1241 2571 1335 2629 ἐπὶ
1373 2573 1598 2652 μοιχείᾳ
1627 2591 1843 2648 κατηγο

1990 2574 2433 2659 matrimonium]
2465 2576 2707 2656 accipit,
2743 2585 2846 2638 aut
2875 2578 2977 2655 qui
3004 2576 3252 2640 Judaaus
3305 2575 3605 2641 Christia-

230 2674 433 2736 ρετται.

1957 2681 2116 2738 nam,
2150 2665 2432 2726 adulterii
2457 2673 2798 2729 accusatur.

316 2769 570 2825 ΚΕΦΑΛ.
633 2762 741 2824 1Δ’.
801 2795 879 2812 -—
941 2766 1066 2844 Περὶ
1139 2770 1248 2822 τῶν
1322 2763 1375 2830 ἐξ
1451 2767 1730 2843 αἱρετικῶν
1802 2763 1874 2827 εἰς

2038 2764 2202 2828 CAP.
2239 2766 2392 2828 XIV.
2428 2803 2496 2813 —
2527 2768 2606 2831 De
2652 2770 2958 2833 hazreticis
2979 2769 3064 2830 ad
3085 2767 3519 2831 orthodoaviam
3541 2787 3605 2832 se

230 2855 528 2936 ὀρθοδοξίαν
613 2856 1061 2934 ἐπιστρεφόντων,
1153 2856 1240 2911 καὶ
1323 2856 1368 2910 εἰ
1451 2851 1672 2910 δυνατὸν
1747 2851 1845 2908 τού-

1989 2857 2536 2933 onvertent-ibus,et
2557 2867 2763 2922 utrum
2785 2860 2851 2921 hi
2873 2862 2935 2920 in
2960 2857 3188 2921 clerum
3208 2858 3460 2921 admitti
3468 2875 3604 2938 pos-

237 2969 350 3011 τους
419 2946 768 3025 κληροῦσθαι,
862 2944 953 3002 καί
1034 2945 1169 3010 τίνες
1247 2943 1418 3000 αὐτῶν
1499 2944 1852 3019 βαπτίζονταιτ

1983 2949 2169 3018 'int,et
2196 2947 2449 3026 quinam
2472 2966 2548 3010 ea:
2571 2949 2666 3012 his
2682 2948 3216 3029 baptizentur,qui
3233 2955 3434 3010 autem
3454 2956 3598 3009 tan-

223 3039 328 3092 καὶ
374 3037 511 3098 τίνες
558 3037 722 3095 μόνον
778 3035 1048 3114 χρίονται,
1099 3032 1193 3090 καί
1256 3031 1338 3088 ὅτι
1395 3033 1579 3109 πράως
1623 3029 1706 3088 δεῖ
1751 3043 1838 3087 tot

1985 3037 2266 3096 ummodo
2291 3044 2650 3118 unguntur;
2683 3047 2737 3098 et
2787 3039 2947 3120 quod
2977 3044 3283 3101 mansuete
3310 3055 3443 3100 cum
3473 3036 3598 3099 Ιιω-

223 3125 522 3204 αἱρετικοῖς
555 3127 856 3204 κεχρῆσθαι
889 3121 971 3179 διὰ
1001 3125 1062 3179 τὸ
1093 3122 1411 3200 ἐπιστρέψαι
1445 3121 1660 3185 αὐτούς.

1888 3146 1928 3197 c
1953 3125 2158 3186 ret-icis
2188 3133 2278 3187 est
2303 3128 2628 3206 agendum,
2665 3127 2738 3191 ob
2766 3147 2940 3208 spem
2962 3129 3404 3192 conversionis.

580 3225 808 3284 Συνόδου
842 3226 1063 3290 Νικαίας
1095 3226 1273 3282 κανὼν
1303 3223 1386 3304 η’,
1424 3224 1517 3288 ιϐ’,

2220 3227 2485 3292 Concilii
2514 3232 2754 3293 Nicwni
2777 3248 3044 3294 canones
3075 3230 3136 3304 8,
3171 3229 3309 3293 507.

305 3316 387 3384 η’.
423 3319 546 3392 Περὶ
601 3323 708 3374 τῶν
753 3318 1123 3393 ὀνομαζόντων
1181 3315 1281 3391 μὲν
1313 3315 1530 3378 ἑαυτοὺς
1568 3313 1864 3393 Καθαροὺς,

2031 3315 2090 3378 8.
2121 3313 2204 3378 De
2236 3317 2332 3379 his
2361 3319 2462 3400 qui
2494 3338 2560 3381 se
2591 3319 2892 3394 catharos,
2929 3329 3075 3394 etc.,
3113 3329 3180 3382 ιιι
3198 3337 3348 3400 pag.
3383 3320 3481 3382 59.

219 3430 279 3470 κ.
313 3429 365 3466 τ.
401 3405 456 3469 λ.

305 3494 400 3557 ιϐ’.
434 3496 558 3574 Περὶ
587 3497 694 3552 τῶν
725 3492 1216 3569 Παυλιανισάντων,
1247 3515 1300 3552 κ.
1338 3515 1389 3552 τ.
1425 3493 1478 3556 λ.

2034 3494 2127 3554 19.
2171 3493 2256 3556 De
2278 3494 2683 3570 Paulianistis,
2714 3505 2861 3573 etc.,
2900 3503 2968 3559 ut
2992 3515 3138 3578 pag.
3173 3497 3316 3559 559.

546 3595 774 3652 Συνόδου
810 3594 1119 3658 Λαοδικείας
1149 3597 1323 3652 κανὼν
1354 3593 1426 3668 ζ’,
1451 3590 1530 3661 η’.

2259 3600 2526 3661 Concilii
2556 3601 2884 3662 Laodiceni
2913 3616 3111 3662 canon
3143 3601 3204 3674 7,
3233 3600 3291 3663 8.

303 3683 372 3757 ζ’.
408 3687 533 3764 Περὶ
563 3692 656 3742 τοῦ
699 3685 822 3750 τοὺς
855 3685 916 3741 ὶκ
956 3690 1064 3742 τῶν
1098 3685 1372 3764 αἱρέσεων,
1407 3683 1647 3740 τουτέστι
1682 3694 1860 3742 Natu:-

2025 3687 2086 3749 7.
2127 3687 2239 3749 Eos
2269 3689 2370 3769 qui
2423 3707 2496 3750 ex
2547 3688 2901 3763 hmresibus,
2959 3689 3070 3750 hoc
3103 3696 3193 3750 est
3223 3688 3594 3763 Novatianis,

218 3779 420 3831 τιανῶν
477 3773 595 3842 ἤτοι
667 3776 1039 3831 Φωτεινιανών
1109 3775 1142 3842 ἢ
1207 3769 1833 3852 Τεσσαρεσκαιδεκατιτῶ

1980 3774 2072 3836 ive
2103 3777 2500 3852 Photinianis,
2532 3777 2622 3838 vel
2657 3776 3200 3840 Tessaradecatitis
3231 3786 3595 3840 convertun-

219 3862 735 3942 ἐπιστρεφομένους,
770 3885 824 3925 κ,
858 3885 908 3924 τ.
945 3861 1001 3922 λ.

1948 3873 2070 3942 tur,
2107 3878 2251 3943 etc.,
2287 3875 2352 3929 ut
2379 3886 2522 3947 pag.
2557 3867 2698 3931 623.

301 3951 384 4019 η’,
420 3955 542 4030 Περὶ
572 3955 667 4009 τοῦ
695 3953 815 4017 τοὺς
845 3953 952 4009 ἀπὸ
981 3955 1082 4020 τῆς
1114 3953 1364 4032 αἱρέσεως
1413 3957 1520 4009 τῶν
1553 3950 1864 4032 λεγομένων

2024 3955 2086 4016 Ο.
2120 3956 2238 4017 Eos
2288 3957 2390 4037 qui
2441 3957 2514 4018 ab
2565 3975 2772 4019 eorum
2817 3957 3034 4018 hmresi
3068 3956 3168 4036 qui
3201 3955 3466 4035 Phryges
3495 3956 3591 4020 di-

218 4048 440 4122 Φρυγῶν
471 4040 908 4120 ὶπιστρὲφοντας,
943 4064 998 4102 κ.
1032 4065 1084 4105 τ,
1113 4041 1167 4102 λ.

1947 4053 2188 4126 cuntur,
2225 4056 2367 4122 etc.,
2400 4054 2470 4110 ut
2501 4065 2643 4127 pag.
2673 4046 2813 4109 6'23.

420 4130 648 4188 Συνὸδου
696 4131 1312 4193 Κωνσταντινοδπὸλιως
1358 4133 1532 4189 κανὼν
1581 4131 1657 4204 ζ’.

2037 4136 2178 4197 599
2209 4135 2477 4199 Concitii
2509 4136 3185 4220 Constantinopolitant'
3214 4152 3409 4198 canon
3439 4136 3498 4198 7.

295 4217 366 4291 ζ’.
400 4221 530 4284 Τοὺς
577 4220 1021 4298 προστιθεμένους
1053 4227 1119 4297 τῇ
1148 4220 1440 4301 ὀρθοδοξίᾳ,
1474 4243 1528 4280 κ.
1562 4243 1616 4286 τ,
1649 4220 1707 4280 λ.

2023 4226 2083 4287 7.
2120 4224 2235 4286 Eos
2289 4225 2396 4303 qui
2453 4236 2633 4288 rectae
2689 4225 2831 4288 ﬁdei
2891 4217 3290 4308 adjiciuntur,
3343 4232 3488 4300 etc.,
3523 4233 3593 4287 ut

1985 4331 2084 4391 ag.
2116 4315 2258 4378 693.

385 4395 612 4456 Συνόδου
648 4397 1022 4478 Καρθαγέννης
1051 4398 1227 4455 κανὼν
1262 4399 1380 4479 μζ’,
1417 4399 1520 4474 νζ’,
1554 4397 1686 4473 ὀ
1937 4331 2000 4395 pl

1937 4331 2274 4467 magis}
2303 4405 2809 4485 Carthaginensis
2837 4423 3102 4471 canones
3140 4407 3242 4478 47,
3277 4405 3378 4479 57,
3413 4405 3513 4469 66.

296 4488 422 4565 Περὶ
485 4495 826 4546 Δονατιστῶν
885 4487 1109 4545 παιδίων
1151 4494 1257 4544 τῶν
1301 4490 1443 4567 παρὰ
1499 4503 1620 4554 τοῖς
1682 4497 1911 4552 onu-C

2022 4493 2103 4554 De
2156 4493 2438 4574 parvulis
2498 4497 2606 4575 qui
2658 4498 2824 4576 apud
2883 4496 3239 4560 Donatistas
3294 4494 3594 4576 baptizuti

217 4591 432 4641 τισταϊς
463 4577 892 4654 βαπτιζομένων.
1942 4589 2109 4646 sunt.

297 4664 409 4742 μζ’.
442 4667 700 4746 ’⁷Ηρεσεν,
734 4667 830 4724 ἵνα
888 4667 1249 4744 ἐρωτήσωμτν
1292 4669 1415 4730 τοὺς
1470 4666 1726 4748 ἀδελφοὺς
1773 4669 1862 4726 καὶ

2026 4673 2128 4734 4Ἰ.
2164 4671 2246 4734 De
2278 4671 2600 4734 Donatistis
2651 4674 2898 4755 placuit,
2954 4683 3016 4736 ut
3049 4673 3436 4735 consulamus
3469 4672 3592 4734 fra-

220 4771 486 4834 συνιερεῐς
523 4759 673 4833 ἡμῶν
705 4757 941 4836 Σιρίκιον
970 4759 1059 4814 καὶ
1090 4757 1506 4834 Σιμπλικιανὸν,
1539 4781 1594 4821 κ.
1629 4781 1681 4822 τ,
1715 4758 1770 4819 λ.

1976 4780 2068 4824 res
2099 4771 2162 4824 et
2218 4763 2690 4825 consacerdotes
2745 4773 2986 4825 nostros
3018 4762 3299 4826 Siricium
3338 4769 3396 4822 et
3427 4758 3591 4823 Sim-

1945 4851 2294 4932 plicianum,
2329 4861 2474 4931 etc.,
2507 4860 2576 4913 ut
2605 4871 2747 4932 pag.
2781 4854 2920 4914 595.

295 4935 465 4991 ’Ὥστε
509 4936 630 5001 τοὺς
684 4937 908 5014 μικροὺς
967 4937 1108 5015 παρὰ
1164 4949 1282 5002 τοῖς
1340 4947 1691 5003 Δονατιστατς
1753 4937 1858 5012 βα-

2026 4939 2098 5004 Ut
2126 4941 2382 5021 parvuli
2411 4939 2576 5020 apud
2629 4942 2990 5003 Donatistas
3032 4939 3339 5020 baptizati
3386 4939 3456 5000 in
3485 4955 3591 5000 ca-

217 5024 596 5100 πτιζομὲνοος,
653 5025 711 5082 ἐν
766 5033 836 5104 τῇ
907 5025 1170 5102 καθολικῇ
1246 5025 1537 5106 κληρικοὺς
1598 5047 1832 5108 χειροτο·

1515 5051 1537 5093 ς
1598 5047 1856 5108 χειροτο-
1942 5029 2165 5093 tholica
2203 5027 2468 5092 Ecclesia
2501 5028 2703 5092 clerici
2732 5029 3125 5091 ordinentur.

217 5113 448 5173 νεῖσθαι.

299 5201 401 5274 νζ’.
454 5205 548 5260 Διὸ
609 5203 795 5273 ἐπειδὴ
850 5205 903 5263 ἑν
961 5211 1031 5283 τῇ
1086 5205 1336 5285 ἀνωτέρω
1392 5204 1593 5281 συνόδῳ
1652 5206 1857 5285 ὁρισθὲν

2021 5209 2121 5270 57.
2154 5205 2325 5269 Unde
2357 5206 2640 5286 quoniam
2665 5206 2964 5288 superiori
2991 5205 3248 5269 concilio
3275 5214 3586 5281 statutum,

215 5289 518 5370 μέμνηται,
552 5316 609 5356 κ.
642 5317 694 5354 τ.
729 5295 784 5357 λ,

1941 5304 2087 5373 etc.,
2125 5306 2193 5360 ut
2222 5313 2367 5377 pag.
2401 5295 2543 5357 875.

295 5566 414 5634 991
444 5571 581 5635 Cor.
613 5587 718 5657 vn,
755 5573 851 5633 14.
