4090 6204
529 307 646 377 887

604 455 678 522 Ut
707 471 843 521 cum
877 450 1213 520 Donatistis
1249 450 1474 515 leniter
1507 457 1757 530 agatur.

600 636 704 701 66.
738 630 1023 698 Deindel
1088 627 1466 712 pertractatis
1499 637 1559 693 et
1586 629 1985 694 consideratis
2038 647 2172 691 om-

527 727 707 790 nibus
737 741 872 805 quas
901 721 1147 785 utilitati
1180 719 1470 786 Ecclesiae
1529 721 1856 784 convenire
1905 719 2048 782 400
2081 720 2167 781 vi-

521 815 840 890 debantur,
900 819 1206 875 annuente
1277 818 1459 888 atque
1516 809 1884 874 admonente
1939 809 2170 892 Spiritu

520 903 654 982 Dei,
687 902 980 984 elegimus
1010 919 1143 964 cum
1179 900 1528 962 memoratis
1558 899 1931 976 hominibus,
1965 917 2174 977 quam-

521 995 610 1058 vis
640 994 717 1056 de
748 991 1048 1056 Dominici
1075 989 1349 1070 corporis
1381 990 1610 1053 unitate
1641 991 1911 1071 inquieta
1942 989 2174 1052 dissen-

524 1085 702 1149 sione
733 1081 1025 1165 praecisis,
1061 1079 1278 1142 leniter
1307 1088 1367 1140 et
1399 1081 1646 1159 paciﬁce
1667 1098 1874 1160 agere;
1898 1089 1960 1142 ut
1989 1098 2174 1161 quau-

527 1183 649 1237 tum
682 1173 745 1234 in
808 1169 983 1234 nobis
1043 1177 1158 1250 est,
1213 1168 1496 1231 omnibus
1529 1168 1632 1250 qui
1664 1187 1870 1232 eorum
1904 1188 2175 1232 commu-

525 1265 710 1327 nione
742 1270 803 1326 et
860 1260 1156 1324 societate
1207 1261 1424 1324 irretiti
1480 1267 1642 1340 sunt,
1697 1278 1804 1340 per
1860 1259 2175 1323 universas

524 1353 868 1435 provincias
923 1349 1238 1413 Africanas
1299 1349 1541 1429 penitus
1600 1351 1960 1425 innotescat,
1997 1369 2174 1430 quam

527 1440 864 1506 miserabili
900 1457 1109 1503 errore
1139 1438 1400 1502 devincti
1433 1445 1574 1501 sunt
1607 1459 1621 1498 :
1672 1439 1760 1500 Ne
1811 1441 1989 1517 forte,
2020 1440 2177 1501 sicut

525 1531 679 1594 dicit
729 1529 1084 1612 Apostolus,
1138 1527 1314 1590 nobis
1367 1525 1429 1588 in
1486 1527 1950 1590 mansuetudine
1981 1529 2174 1590 corri-

528 1619 837 1702 pientibus
893 1619 1130 1681 diversa
1179 1615 1538 1691 sentientes,
1571 1619 1673 1680 det
1704 1617 1834 1679 illis
1866 1619 2026 1680 Deus
2055 1635 2176 1698 pae-

525 1711 848 1773 nitentiam
879 1708 958 1770 ad
987 1706 1454 1786 cognoscendam
1486 1708 1836 1781 veritatem,
1870 1715 1927 1770 et
1969 1709 2177 1788 resipi-

1636 305 1903 371 PHOTII
1945 301 2470 372 PATRIARGILE
2509 306 2627 371 ΟΡ.

3765 302 3871 376 888

2182 455 2230 508 Δ
2329 452 2456 530 Περὶ
2535 458 2627 510 τοῦ
2695 449 2832 526 μετὰ
2903 453 3010 506 τῶν
3099 452 3439 508 Δονατιστῶν
3520 449 3700 531 πράως
3765 451 3871 514 δια.

2255 541 2577 621 πράξασθαιε

2334 630 2466 706 ag".
2501 631 2647 689 Μετᾶ
2679 636 2844 687 ταῦτα
2871 627 3303 708 ψηλαφηθέντων
3331 630 3422 688 καὶ
3457 633 3874 701 κατανοηθέντων

2254 721 2615 797 πάντων,τῶν
2643 727 2712 798 τῇ
2742 719 3172 796 ἐκκλησιαστικῇ
3192 722 3568 800 χρησιμότητι
3593 723 3876 804 συντρέχειν

2253 809 2569 884 δοκούντων,
2602 810 2977 874 ἐπινεύσαντος
3007 809 3095 865 καὶ
3127 807 3510 888 ξνηχήσαντος
3541 819 3634 869 τοῦ
3663 815 3876 888 Πνεύμι-

2253 922 2346 964 τος
2375 908 2466 958 τοῦ
2492 903 2648 976 Θεοῦ,
2687 898 3052 975 ἐπελεξάμεθα
3083 899 3258 967 ἠπίως
3307 901 3397 956 καὶ
3445 902 3728 980 εἰρηνικῶς
3769 902 3876 959 δια-

2253 990 2545 1068 πράξασθαι
2617 990 2754 1066 μετὰ
2839 996 2948 1046 τῶν
3032 988 3517 1064 μνημονευθέντων
3589 990 3876 1070 ἀνθρώπων,

2253 1079 2352 1138 κᾶν
2399 1081 2442 1136 εἰ
2485 1082 2550 1137 τὰ
2594 1079 2834 1155 μάλιστα
2905 1079 2966 1136 ἐκ
3035 1077 3133 1146 τῆς
3187 1088 3279 1138 τοῦ
3332 1080 3603 1156 Κυριακοῦ
3653 1082 3878 1157 σώματος

2257 1171 2501 1236 ἑνώσεως
2531 1170 2900 1249 ἁνησυχάστῳ
2931 1168 3173 1248 διχονοίᾳ
3203 1169 3579 1249 ἀποσχίζωσιν
3607 1189 3624 1207 ο
3656 1170 3746 1228 ἵνα
3775 1170 3880 1230 ὅσον

2254 1261 2317 1318 τὸ
2373 1260 2429 1316 ἐν
2485 1262 2648 1336 ἡμῖν,
2703 1265 2836 1316 πᾶσι
2882 1257 3107 1316 καθόλου
3164 1261 3380 1336 γνωσθῇ
3433 1273 3558 1324 τοῖς
3591 1266 3658 1336 τῇ
3687 1261 3882 1318 ὶκείνων

2256 1350 2508 1423 κοινωνίᾳ
2549 1350 2638 1406 καὶ
2697 1349 2898 1425 ἑταιρίᾳ
2955 1351 3361 1426 σαγηνευθεϊσιν
3421 1349 3528 1405 ἀνὰ
3585 1350 3756 1413 πάσας
3796 1353 3878 1414 τὰς

2257 1445 2356 1508 τῆς
2387 1437 2648 1519 Ἀφρικῆς
2680 1438 2970 1518 ἐπαρχίας,
3005 1442 3121 1502 πῶς
3181 1437 3390 1515 ἐλεεινῇ
3431 1437 3616 1516 πλάνη
3681 1439 3882 1497 κατεδέ-

2257 1533 2427 1598 θησαν
2459 1549 2473 1564 ·
2521 1527 2722 1609 Ἴσως,
2771 1528 2946 1594 καθὼς
2991 1527 3138 1606 λέγει
3180 1530 3208 1585 ὁ
3252 1525 3620 1604 ’Λπόστολος,
3653 1529 3797 1604 ἡμῶν
3834 1529 3882 1586 ἐν

2255 1618 2556 1699 ἡμερότητι
2601 1619 2940 1697 συναγόντων
2983 1619 3104 1683 τοὺς
3163 1617 3228 1676 τὰ
3284 1615 3514 1697 διάφορα
3558 1627 3880 1698 φρονοῦντας,

2257 1706 2415 1767 δώσει
2472 1710 2658 1774 αὐτοῖς
2714 1711 2742 1765 ὁ
2804 1708 2936 1771 Θεὸς
3013 1706 3298 1782 μετάνοιαν
3355 1708 3492 1784 πρὸς
3548 1710 3612 1764 τὸ
3667 1707 3883 1786 ἐπιγνῶ-

527 1806 699 1862 scant
729 1799 801 1860 de
822 1795 1061 1859 diaboli
1083 1796 1346 1878 laqueis,
1381 1797 1681 1875 captivati
1711 1795 1787 1859 ab
1820 1797 1952 1878 ipso
1981 1799 2060 1860 ad
2091 1800 2175 1879 ip-

2272 1821 2351 1856 ναι
2402 1800 2504 1866 τὴν
2555 1798 2836 1871 ἀλήθειαν,
2899 1795 2994 1852 καί
3067 1794 3453 1875 ἀνασφήλωσιν
3525 1797 3574 1853 οἱ
3654 1796 3716 1853 ἐκ
3789 1804 3884 1854 τῶν

527 1893 658 1951 sius
685 1887 1057 1952 voluntatem
1086 1886 1136 1950 9.

799 2065 1064 2131 Concilii
1090 2066 1443 2130 mcumenici
1473 2082 1529 2128 v1
1558 2083 1754 2130 canon
1785 2067 1886 2129 95.

611 2155 712 2222 95.
745 2154 861 2219 Eos
891 2156 996 2238 qui
1048 2174 1120 2218 ex
1167 2155 1466 2219 haereticis
1489 2157 1562 2219 ad
1594 2163 1820 2220 rectam
1855 2157 2034 2220 ﬁdem
2059 2175 2167 2220 sc-

530 2245 775 2324 cedunt,
811 2254 958 2323 etc.,
990 2253 1061 2309 ut
1087 2264 1230 2328 pag.
1265 2246 1408 2310 626.

987 2336 1212 2400 Basilii
1239 2353 1498 2398 canones
1532 2343 1585 2411 1,
1621 2338 1693 2399 47
1708 2380 1725 2398 .

611 2431 674 2490 1.
706 2425 878 2500 Quod
911 2425 1092 2506 igitur
1141 2425 1214 2488 ad
1265 2425 1554 2490 Catharos
1607 2427 1891 2508 pertinet,
1927 2433 2072 2505 etc.,
2108 2434 2176 2491 ut

524 2516 851 2597 pag.866.

608 2607 913 2685 Pepuzeni
943 2621 1086 2683 ergo
1118 2612 1281 2685 sunt,
1313 2611 1458 2685 etc.,
1493 2612 1559 2667 ut
1588 2623 1737 2686 pag.
1763 2606 1912 2670 866.

614 2691 858 2755 Cathari
885 2700 1023 2754 sunt
1051 2701 1111 2754 et
1140 2693 1282 2775 ipsi,
1316 2701 1464 2773 etc.,
1501 2702 1567 2756 ut
1597 2713 1742 2775 pag.
1775 2696 1916 2758 867.

609 2782 714 2846 49.
741 2780 1064 2844 Encratitaa
1095 2793 1155 2844 et
1185 2781 1576 2862 Saccopbori.
1608 2792 1756 2859 etc.,
1790 2793 1856 2848 ut
1881 2785 2172 2866 pag.466.

621 2869 940 2952 TheOphili
968 2890 1050 2936 ea:
1077 2869 1339 2953 epistola
1372 2872 1451 2935 ad
1499 2872 1904 2955 Aphyngium
1937 2875 2176 2954 episco-

525 2979 697 3042 pum.

854 3051 941 3114 De
969 3051 1069 3113 his
1097 3052 1209 3132 qui
1236 3051 1526 3115 dicuntur
1557 3052 1846 3117 Cathari.

2255 1890 2348 1946 τοῦ
2407 1886 2657 1946 διαϐόλου
2734 1887 2955 1966 βρόχων
3026 1884 3560 1965 αἰχμαλωτισθιντες
3613 1885 3755 1961 αὒτῷ
3819 1888 3883 1950 εις

2255 1979 2318 2036 τὸ
2350 1978 2510 2036 αὐτοῦ
2539 1978 2772 2054 θέλημα.

2482 2066 2715 2128 Συνόδου
2745 2069 3120 2142 οἰκουμενικῆς
3153 2065 3314 2132 ἕκτης
3347 2065 3530 2124 κανὼν
3563 2063 3679 2142 μ’.

2339 2157 2454 2238 (s’.
2488 2159 2620 2224 Τοὺς
2651 2156 3096 2238 προστιθεμένους
3127 2161 3196 2232 τῇ
3225 2153 3518 2236 όρθοδοξίᾳ,
3555 2176 3610 2220 κ,
3643 2177 3697 2218 τ.
3727 2153 3778 2216 λ.

2709 2335 2985 2396 Βασιλείου
3015 2335 3189 2392 κανὼν
3220 2333 3298 2409 α’,
3332 2334 3448 2410 μζ’.

2339 2427 2416 2492 α’.
2489 2429 2561 2486 Τὸ
2643 2427 2742 2502 μὲν
2809 2425 2900 2484 οὖν
2957 2426 3076 2504 περὶ
3133 2425 3256 2488 τοὺς
3321 2424 3600 2503 Καθαροὺς
3657 2425 3880 2502 ζήτημα,

2258 2541 2313 2581 κ.
2346 2540 2406 2579 τ.
2439 2517 2495 2580 λ.

2338 2609 2400 2667 Οἱ
2428 2606 2602 2665 τοίνυν
2634 2607 2997 2680 Πεπουζηνοὶ,
3030 2628 3086 2666 κ.
3119 2627 3172 2668 τ.
3203 2603 3260 2668 1.

2339 2699 2399 2755 Οἱ
2428 2695 2484 2753 δὲ
2519 2697 2747 2776 Καθαροὶ
2776 2695 2871 2752 καί
2904 2697 3075 2771 αὐτοὶ,
3112 2718 3168 2755 κ.
3201 2717 3254 2755 τ.
3289 2693 3345 2756 λ.

2339 2785 2453 2862 μθ’.
2487 2784 2836 2864 Ἐγκρατῐται
2867 2787 2956 2842 καὶ
2986 2785 3350 2864 Σαικοφόροι,
3382 2805 3442 2849 κ,
3475 2807 3529 2846 τ.
3565 2783 3622 2845 λ.

2339 2873 2597 2955 Θεοφίλου
2684 2875 2747 2932 ἐκ
2831 2881 2933 2943 τῆς
3023 2876 3155 2953 πρὸς
3240 2872 3539 2952 ’Λιρύγγιον
3611 2873 3878 2930 ἐπίσκοπον

2255 2963 2549 3033 ἓπιστολῆς
2561 3010 2574 3026 .

2620 3055 2748 3134 Περὶ
2778 3061 2882 3112 τῶν
2912 3052 3220 3132 λεγομένων
3253 3053 3537 3131 Καθαρῶν.

610 3140 948 3204 Declaravit
970 3139 1119 3201 mibi
1145 3149 1242 3202 tua
1271 3142 1654 3222 pietas,quod
1684 3143 1924 3224 quidam
1960 3145 2172 3208 horum

2345 3143 2628 3216 Δεδήλωκέ
2659 3167 2752 3221 μοι
2783 3147 2818 3214 ἡ
2850 3145 2920 3212 σὴ
2953 3141 3228 3223 εὐλάϐεια,
3261 3143 3336 3208 ὥς
3367 3165 3512 3208 τινες
3553 3150 3660 3200 τῶν
3700 3143 3881 3216 ὄνομα·

533 3231 732 3312 quise
763 3229 1051 3294 Catbaros
1103 3229 1439 3306 nominant,
1473 3231 1676 3292 volunt
1727 3233 1801 3294 ad
1846 3233 2175 3296 Ecclesiam

530 3321 848 3384 accedere.
882 3317 1176 3393 Quoniam
1212 3338 1354 3398 ergo
1387 3339 1604 3399 magna
1626 3323 2054 3404 synodus,quaa
2085 3326 2180 3386 Ni-

535 3429 674 3474 caea
703 3409 908 3472 habita
933 3416 1024 3471 est
1054 3427 1089 3471 a
1117 3409 1346 3471 sanctis
1377 3407 1649 3472 Patribus
1679 3415 1922 3488 nostris,
1952 3415 2174 3487 statuit,

533 3508 600 3563 ut
624 3499 988 3563 ordinentur
1017 3498 1124 3578 qui
1155 3497 1479 3574 accedunt,
1515 3500 1856 3583 velisjuxta
1887 3503 2041 3566 hanc
2062 3504 2181 3566 for-

533 3607 692 3652 mam
727 3607 830 3652 eos
861 3590 963 3670 qui
995 3588 1070 3650 ad
1129 3587 1460 3650 Ecclesiam
1503 3591 1798 3654 accedere
1848 3594 2050 3655 volunt
2078 3613 2176 3656 or-

531 3678 771 3754 dinare,
800 3679 852 3741 si
881 3676 1126 3759 quidem
1159 3677 1282 3741 vita
1314 3697 1524 3741 eorum
1573 3691 1742 3744 recta
1791 3691 1902 3765 est,
1935 3691 1997 3746 et
2027 3683 2176 3746 nihil

534 3768 624 3831 eis
649 3767 1021 3832 adversatur.

608 3857 747 3919 401
783 3857 1123 3920 Concilium
1150 3857 1424 3939 Cypriani
1451 3859 1856 3940 [temporibus
1877 3862 2175 3946 habitum]

531 3949 764 4025 statuit,
797 3955 863 4009 ut
894 3947 1241 4028 quicunque
1273 3948 1591 4011 hmreticus
1623 3949 1698 4012 ad
1731 3960 1955 4013 rectam
1999 3953 2175 4014 ﬁdem

531 4036 798 4117 devenit,
832 4035 1170 4117 baptizetur
1204 4056 1218 4098 :
1246 4036 1671 4100 haereticorum
1699 4041 2029 4122 [lotionem]
2059 4062 2178 4105 non

529 4144 666 4190 esse
694 4126 1063 4206 baptismum
1096 4125 1330 4192 dicens.

612 4226 1007 4293 CAP.XV.—
1019 4227 1156 4292 Non
1178 4236 1458 4309 oportere
1477 4231 1552 4292 ab
1568 4233 1865 4312 episcopis
1885 4233 1980 4296 vel
2001 4233 2178 4297 cleri-

529 4321 618 4381 cis
637 4317 860 4381 donari
882 4333 950 4379 re
968 4317 1311 4397 aliqua,vel
1330 4319 1579 4382 heredes
1601 4328 1708 4384 aut
1731 4321 2065 4403 legatarios
2087 4331 2181 4387 in-

529 4408 711 4471 stitui
747 4406 1086 4477 haereticos,
1135 4407 1382 4470 etiamsi
1423 4411 1547 4472 sint
1579 4426 1792 4473 eorum
1820 4415 2174 4494 propinqui.

666 4496 933 4560 Concilii
966 4495 1486 4576 Carthaginensis
1517 4518 1783 4564 canones
1807 4501 1911 4577 22,
1946 4504 2049 4564 81.

621 4587 699 4650 Ut
728 4586 999 4667 episcopi
1027 4584 1126 4648 vel
1155 4585 1382 4664 clerici,
1419 4597 1562 4666 etc.,
1599 4599 1665 4654 ut
1693 4609 1839 4674 pag.
1875 4593 2016 4657 827.

610 4766 712 4831 92.
746 4765 820 4829 Et
875 4771 941 4828 ut
988 4765 1052 4828 in
1101 4784 1206 4829 eos
1257 4767 1360 4849 qui
1417 4769 1722 4848 catholici,
1760 4780 1906 4848 etc.,
1941 4778 2006 4836 ut
2032 4790 2173 4854 pag.

532 4857 706 5011 8?.7019
733 4947 1040 5029 episcopis
1069 4948 1180 5028 qui
1207 4948 1525 5013 hereticos
1556 4949 1651 5013 vel
1680 4967 1957 5033 paganos
1985 4952 2180 5018 hcere-

530 5039 636 5103 des
665 5038 1033 5101 instituunt.

611 5132 678 5188 84
698 5175 712 5189 .
746 5123 896 5188 Item
923 5125 1150 5208 placuit
1180 5135 1244 5190 ut
1273 5129 1322 5190 si
1352 5129 1489 5210 quis
1519 5129 1843 5213 episcopus
1882 5131 2176 5212 haeredes,

536 5223 682 5291 etc.,
717 5221 781 5277 ut
807 5232 963 5294 pag.
1002 5216 1144 5279 827.

612 5307 772 5407 Lege
799 5321 932 5407 quas
963 5305 1245 5370 adnotata
1271 5312 1413 5372 sunt
1444 5311 1499 5372 in
1530 5329 1662 5394 cap.
1696 5315 1759 5394 8,
1796 5313 1885 5378 tit.
1923 5315 1993 5375 to
2022 5333 2176 5395 pras-

537 5401 727 5460 sentis
749 5401 982 5474 operis.

623 5651 643 5695 ί
677 5650 859 5718 Conc.
892 5653 1086 5721 Afric.
1113 5655 1215 5718 33.
1300 5655 1332 5706 2
1362 5655 1412 5718 ll
1444 5653 1600 5721 Tim.
1635 5673 1704 5739 ιι,
1733 5656 1835 5732 25,
1863 5655 1966 5722 26.

2261 3235 2459 3308 ζόντων
2517 3235 2734 3298 ἑαυτοὺς
2785 3235 3052 3309 Καθαροὺς
3108 3232 3427 3312 προσελθεῖν
3494 3233 3769 3311 βούλονται
3823 3233 3880 3306 τῇ

2264 3324 2562 3398 Ἐκκλησία
2595 3342 2612 3360 ο
2658 3321 2844 3391 ἐπειδὴ
2875 3323 3048 3380 τοίνυν
3078 3324 3112 3390 ἡ
3140 3321 3358 3400 μεγάλη
3389 3320 3636 3401 σύνοδος,
3681 3321 3714 3388 ἡ
3744 3343 3882 3399 γενο-

2263 3413 2400 3488 μένη
2430 3414 2486 3471 ἐν
2518 3415 2710 3487 Νικαίᾳ
2745 3414 2886 3492 παρὰ
2937 3419 3045 3468 τῶν
3093 3414 3370 3486 μακαρίων
3431 3411 3682 3487 Πατέρων
3723 3413 3880 3488 ἡμῶν,

2261 3503 2452 3579 ὥρισεν
2515 3503 2654 3561 ὥστε
2741 3505 3171 3584 χειροτονεῖσθαι
3228 3503 3351 3565 τοὺς
3409 3501 3880 3582 προσερχομένους.

2259 3592 2491 3660 θέλησον
2520 3594 2658 3651 κατὰ
2688 3595 2780 3650 τὸν
2804 3593 2968 3649 τύπον
2997 3601 3184 3651 τοῦτον
3227 3592 3351 3656 τοὺς
3406 3591 3683 3656 ἐθέλοντας
3731 3611 3880 3666 προσ-

2260 3683 2514 3764 ἐρέεσθαι
2545 3685 2612 3759 τῇ
2646 3681 2945 3754 Ἐκκλησία
2988 3695 3352 3760 χειροτονεῖν,
3407 3681 3461 3737 εἴ
3507 3703 3570 3758 γε
3613 3681 3771 3758 ὁβίος
3797 3682 3880 3737 αὖ·

2260 3773 2366 3829 τῶν
2394 3771 2546 3851 ὀρθός
2571 3773 2710 3846 ἐστι,
2742 3773 2830 3829 καὶ
2855 3771 3026 3847 μηδὲν
3057 3772 3260 3827 τούτων
3289 3771 3609 3831 ἀντίκειται.

2345 3853 2406 3918 Ἠ
2437 3863 2573 3919 κατὰ
2621 3863 2916 3940 Κυπριανὸν
2971 3858 3187 3924 σύνοδος
3219 3860 3393 3916 πάντα
3427 3861 3697 3939 αίρᾳτικὸν
3726 3857 3875 3937 ἐρχό-

2260 3973 2420 4028 μενον
2450 3953 2522 4014 εἰς
2561 3951 2859 4030 δρθοδοξίαν
2920 3952 3077 4028 ὁρίζει
3135 3950 3508 4026 βαπτίζεσθαι,
3567 3950 3786 4030 λέγουσα
3823 3947 3875 4003 τὸ

2256 4047 2366 4098 τῶν
2395 4043 2674 4120 αἱρετιιιῶν
2703 4042 2781 4117 μὴ
2813 4041 2957 4098 εἷμαι
2986 4041 3289 4117 βάπτισμα,

2344 4239 2595 4296 ΚΕΦΑΛ.
2630 4233 2740 4296 ΙΕ’,
2785 4265 2864 4277 -
2895 4233 3020 4310 Περῖ
3076 4239 3169 4290 τοῦ
3221 4235 3361 4309 μήτε
3410 4233 3734 4294 ἐπισκόπους
3757 4228 3878 4305 μήτε

2260 4321 2550 4402 κληρικοὺς
2636 4321 2945 4400 δωρεῖσθαι,
3037 4323 3071 4392 ἢ
3156 4322 3209 4379 ἐν
3296 4321 3529 4401 διαθήκῃ
3601 4321 3790 4379 διδόναι
3836 4338 3876 4371 τι

2261 4414 2579 4492 αἱρετικοϊς,
2614 4413 2711 4469 κᾶν
2740 4415 2870 4469 ὦσιν
2904 4412 3075 4470 αὐτῶν
3105 4425 3414 4492 συγγενεῖς.

2512 4500 2742 4560 Συνόδου
2771 4502 3144 4582 Καρθαγέννης
3174 4503 3350 4559 κανὼν
3383 4503 3496 4582 κβ⁹,
3532 4499 3649 4563 πα’.

2347 4589 2528 4650 ’Ὥστε
2601 4593 2724 4658 τοὺς
2807 4591 3136 4656 ἐπισκόπους
3199 4592 3289 4648 καὶ
3387 4593 3508 4656 τοὺς
3594 4585 3880 4670 κληριιιοὺς,

2263 4705 2319 4742 κ.
2354 4705 2409 4743 τ.
2441 4681 2494 4746 λ.

2344 4769 2456 4850 κβ⁹,
2489 4769 2668 4840 Μηδὲν
2726 4769 2810 4829 διὰ
2865 4769 3064 4852 δωρεάς
3131 4773 3237 4829 τῶν
3283 4773 3492 4848 οἰκείων
3551 4769 3876 4852 πραγμάτων,

2263 4887 2318 4927 κ,
2351 4886 2406 4926 τ.
2441 4862 2497 4926 λ.

2342 4956 2475 5033 Περί
2565 4953 2876 5011 ἐπισκόπων
2957 4957 3066 5011 τῶν
3154 4952 3452 5033 αἱρετικοὺς
3539 4953 3575 5022 ἢ
3633 4948 3877 5015 Ἕλληνας

2263 5043 2629 5121 κληρονόμους
2664 5042 3206 5119 καταλιμπανόντων.

2344 5135 2464 5196 πα’.
2530 5125 2760 5212 Ὀμοίως
2846 5134 3071 5215 ὡρίσθη,
3146 5135 3240 5192 ἵνα
3299 5132 3391 5190 ἐάν
3444 5155 3526 5199 τις
3586 5131 3878 5201 ἐπίσκοπος,

2264 5226 2634 5306 κληρονόμους
2666 5239 2972 5305 συγγενεῖς,
3005 5249 3062 5290 κ,
3093 5248 3144 5289 τ,
3177 5224 3236 5286 λ.

2342 5314 2635 5393 Ἀνάγνωθι
2705 5317 2769 5373 τὰ
2829 5313 3322 5394 παραγεγραμμένοι
3398 5315 3454 5370 ἓν
3513 5320 3588 5388 τῷ
3657 5311 3709 5379 η’
3765 5329 3873 5385 χείρ.

2267 5414 2355 5465 τοῦ
2386 5405 2422 5462 ι’
2453 5407 2556 5468 τίτ.
2583 5415 2674 5465 τοῦ
2705 5405 2968 5486 παρόντος
2999 5405 3400 5483 συντάγματος.
