4134 6200
1121 337 1544 416 SYNTAGMA
1585 341 1988 411 CANONUM.
2017 371 2095 390 -
2137 342 2296 410 TIT.
2341 342 2514 424 XIII,
2558 341 2730 406 CAP.
2775 342 2826 406 Ι.
3546 337 3669 412 890

1946 498 2042 647 At
2291 490 2445 558 XVI.
2478 527 2556 540 —
2586 492 2672 556 De
2702 489 3012 556 haereticis
3061 487 3300 555 erroris
3329 489 3430 555 sui
3455 490 3662 572 ρωπί-

2043 600 2115 647 en
2147 601 2169 644 ι
2209 601 2300 645 us.

2043 600 2300 647 ert-tibus.

282 340 406 413 889

365 497 621 559 KE<I>AA.
655 490 784 570 ις’.
818 523 893 541 -ι-
937 490 1070 572 Περὲ
1113 493 1392 574 αἱρετικῶν
1423 494 1843 573 μετανοούντων.

2556 671 2789 736 Basilii
2817 689 3020 736 canon
3050 672 3118 734 5.

2098 765 2156 825 ὃ.
2192 761 2522 827 Haereticos
2567 763 2630 825 in
2688 764 2855 827 exitu
2911 760 3359 844 paenitentiam,
3417 768 3566 837 etc.,
3597 766 3667 824 ut

2011 853 2420 1024 magna
2451 943 2512 1006 in
2543 943 2858 1024 praesentis
2893 942 3094 1024 operis
3126 961 3262 1026 cap.
3316 940 3417 1019 39,
3477 940 3566 1002 tit.
3601 940 3662 1017 9,

802 671 1079 730 Βασιλείου
1122 673 1297 731 κανὼν
1344 673 1412 736 ε’.

371 763 440 827 ε’.
472 763 602 829 Τοὺς
632 763 687 822 δὲ
712 762 805 824 ἐπὶ
839 761 1000 838 ἐξόδῳ
1029 769 1440 842 μετανοοῦντας,
1479 788 1534 824 κ.
1565 788 1618 826 τ.
1656 765 1711 830 λ,

371 943 662 1024 Ἀνᾶγνωθι
706 944 773 1001 τὰ
831 943 1322 1024 παραγεγραμμένα
1385 945 1440 1002 ἐν
1499 949 1578 1020 τῷ
1619 935 1703 1003 λθ’
1755 954 1847 1025 τοῦ
1887 929 1938 1002 θ’

285 1036 390 1098 τίτ.
425 1042 517 1092 106
545 1036 804 1114 παρόντος
833 1036 1227 1114 συντάγματος.

2047 1031 2298 1095 ιάηοῑειο
2328 1039 2491 1096 sunt.

372 1129 624 1186 ΚΕΦΑΛ.
691 1125 795 1189 ΙΖ’,
874 1159 950 1173 --
1023 1131 1142 1192 Πῶς
1199 1125 1493 1185 ὶκδικοῦσιν
1551 1129 1597 1184 οἱ
1653 1127 1933 1184 ἐπίσκοποι

2100 1121 2239 1183 402
2271 1123 2439 1187 CAP.
2472 1121 2660 1186 XVII.
2691 1157 2770 1168 --
2802 1122 3116 1198 Quomodo
3159 1122 3428 1203 episcopi
3457 1120 3664 1185 vindi-

289 1215 414 1278 τοὺς
484 1213 814 1292 ἁρμόζοντας
877 1219 1086 1297 αὐτοῖς,
1160 1217 1356 1284 τόπους
1430 1219 1572 1299 παρὰ
1657 1221 1931 1298 αἱρετικὼν

2048 1219 2154 1276 ent
2182 1217 2567 1294 pertinentia
2612 1213 2692 1276 ad
2734 1229 2794 1276 se
2827 1211 2985 1288 loca,
3021 1229 3153 1292 quae
3185 1212 3460 1276 haeretici
3492 1228 3670 1274 occu-

288 1304 719 1384 κατεχομένους.

2047 1305 2323 1368 averint.

512 1394 740 1451 Συνόδου
772 1394 1145 1474 Καρθαγέννης
1176 1397 1354 1455 κανὼν
1384 1397 1508 1478 ριθ’,
1541 1397 1685 1477 ρκα’.

2113 1392 2382 1457 Concilii
2411 1392 2914 1472 Carthaginensis
2944 1410 3212 1456 canones
3247 1399 3266 1453 1
3285 1393 3383 1467 l9,
3423 1392 3560 1456 121.

371 1484 494 1562 Περὶ
533 1493 626 1544 τοῦ
689 1484 781 1540 ἐάν
848 1507 968 1542 τινα
1039 1485 1300 1555 διοίκησιν
1353 1487 1406 1554 ἒξ
1469 1488 1720 1568 αἱρέσεως
1775 1485 1931 1544 ἐλευ-

2105 1483 2175 1545 Ut
2203 1486 2257 1545 si
2288 1500 2470 1564 quam
2501 1483 2796 1546 dioecesim
2853 1485 3194 1564 episcopus,
3229 1483 3302 1544 ab
3332 1481 3553 1544 haeresi
3578 1479 3664 1542 li-

290 1574 498 1649 θερώση
583 1573 898 1650 ἐπίσκοπος,
987 1577 1076 1634 καὶ
1174 1578 1259 1634 ἐπὶ
1348 1579 1572 1656 τριετίαν
1653 1577 1928 1658 κατάσχῃ,

2047 1589 2258 1656 lertms,
2293 1574 2565 1638 triennio
2593 1573 2947 1653 possederit,
2983 1573 3195 1636 nullus
3231 1589 3366 1635 eam
3397 1575 3666 1654 repetat.

291 1660 496 1738 μηδένα
536 1664 734 1731 ταύτην
778 1663 1091 1736 ἀναζητεῖν,

373 1751 496 1831 ριθ⁹.
541 1753 774 1828 Ὀμοίως
816 1753 1030 1831 ἤρεσεν,
1075 1754 1168 1812 ’ίνα
1211 1754 1300 1812 ἐάν
1355 1778 1434 1821 τις
1487 1755 1623 1832 μετᾶ
1666 1755 1790 1821 τοὺς
1835 1755 1931 1813 νό-

2099 1751 2235 1813 l19.
2271 1750 2419 1812 Item
2451 1750 2476 1792 ³
2508 1750 2751 1833 placuit,
2812 1759 2874 1812 ut
2909 1750 3146 1812 etiamsi
3181 1749 3500 1830 quisquam
3535 1754 3670 1828 post

291 1863 451 1915 μους,
483 1844 650 1900 τόπον
689 1844 808 1900 τινὰ
839 1846 968 1922 πρὶς
1011 1845 1108 1914 τὴν
1148 1844 1441 1915 καθολικῆν
1489 1847 1716 1914 ἑνότητα
1758 1866 1932 1922 μετα-

2047 1857 2181 1918 eges
2209 1840 2468 1922 aliquem
2493 1840 2690 1903 locum
2719 1843 2794 1905 ad
2817 1840 3174 1904 catholicam
3205 1838 3496 1901 unitatem
3529 1856 3669 1900 con-

291 1927 519 2005 στρέψῃ,
566 1928 664 1986 καῖ
705 1938 862 1989 τοῦτο
903 1933 988 1989 επὶ
1033 1933 1260 2012 τριετίαν
1320 1933 1548 2009 μηδενὸς
1605 1936 1932 2006 ἀναζητοῦν-

2047 1928 2555 2009 'erterit,eumque
2585 1949 2694 2011 per
2726 1931 3046 1994 triennium
3082 1930 3326 1992 nemine
3351 1935 3671 2009 repetente

291 2038 385 2079 τος
429 2018 722 2100 κατάσχοι²
756 2028 850 2079 τοῦ
895 2020 1087 2079 λοιποῦ
1142 2022 1271 2104 παρ’
1299 2027 1458 2083 αὐτοῦ
1487 2024 1564 2101 μὴ
1593 2023 1933 2104 ἀναζητηθῇ,

2047 2020 2356 2097 etinuerit,
2384 2021 2642 2084 ulterius
2671 2020 2745 2082 ab
2774 2039 2844 2083 e0
2878 2038 3000 2082 non
3029 2018 3439 2100 repetatunSi
3471 2026 3672 2080 tamen

292 2105 386 2164 ἐὰν
428 2107 610 2183 μέντοι
654 2111 804 2175 ἐντὸς
863 2117 962 2180 τῆς
1022 2114 1186 2180 αὐτῆς
1255 2115 1487 2192 τριετίας
1524 2115 1772 2194 ὑπῆρχεν
1814 2113 1933 2170 ἐπί-

2047 2127 2127 2172 νοι’
2184 2109 2380 2190 ipsum
2443 2110 2772 2172 triennium
2833 2110 2948 2172 fuit
2978 2111 3298 2190 episcopus
3329 2113 3432 2189 qui
3465 2115 3671 2189 posset

295 2218 499 2262 σκοπος
545 2200 573 2255 ὁ
617 2198 844 2278 ὀφείλων
887 2201 1221 2273 ἀναζητῆσαι
1281 2205 1368 2260 καὶ
1423 2201 1695 2282 ἡσύχασεν
1731 2223 1747 2238 ο
1793 2207 1837 2260 εί
1881 2200 1932 2258 δὲ

293 2287 373 2362 μὴ
406 2287 497 2366 ἦν,
530 2295 956 2368 προκριματισθῇ
987 2292 1042 2348 ἐν
1087 2292 1155 2368 τῇ
1197 2292 1415 2372 μάτρικι
1448 2311 1462 2326 ⁸
1497 2291 1618 2350 ἀλλ’
1650 2291 1738 2350 ὅτε
1770 2295 1797 2350 ὁ
1825 2315 1934 2373 χη-

293 2377 457 2455 ρεύων
500 2379 663 2445 τόπος
707 2379 848 2458 λάϐῃ
893 2381 1206 2462 ἐπίσκοπον,
1237 2381 1353 2448 ὲξδν
1384 2381 1476 2450 εἴη
1508 2387 1649 2458 αύτῷ
1691 2380 1787 2440 ἀπ’
1833 2381 1934 2438 αὖ-

292 2472 396 2534 τῆς
439 2473 539 2535 τῆς
598 2469 800 2547 ἡμέρας
854 2473 1003 2535 ἐντὸς
1051 2473 1277 2550 τριετίας
1309 2473 1667 2544 ἀναζητῆσαι,
1699 2473 1933 2547 Ὀμοίως

290 2554 349 2613 δὲ
380 2558 468 2614 καὶ
497 2557 586 2614 ἐὰν
617 2558 906 2623 ἰπίσκοπος
935 2561 998 2618 ἐκ
1038 2569 1145 2619 τῶν
1174 2563 1268 2619 106
1302 2563 1537 2620 Δονάτου
1574 2565 1751 2642 μερῶν
1793 2563 1926 2640 πρὸς

284 2648 389 2714 τὴν
434 2647 724 2716 καθολικὴν
781 2649 1103 2730 ἐπιστρέψῃ,
1165 2653 1244 2728 μὴ
1315 2655 1742 2732 προκριματισθῇ
1801 2651 1928 2728 περῖ

282 2735 380 2793 106
440 2737 844 2817 προορισθέντος
888 2740 1111 2820 χρόνου,
1163 2740 1282 2797 ἀλλ’
1329 2740 1382 2807 ἐξ
1435 2743 1505 2808 ἧς
1563 2741 1767 2821 ἡμέρας
1824 2741 1927 2797 ἐπ-

283 2823 562 2906 έστρεψεν,
588 2827 765 2907 ἐχέτω
784 2828 1016 2895 ἐξουσίαν
1049 2831 1199 2895 ἐντὸς
1230 2831 1455 2908 τριετίας
1488 2832 1774 2904 ἀναζητεῖν
1805 2831 1927 2897 τοὺς

283 2915 480 2978 τόπους
508 2917 631 2978 τοὺς
660 2918 730 2995 τῇ
761 2919 920 2979 αὑτοῦ
950 2920 1246 2990 ἀνήκοντας
1277 2919 1547 3000 καθέδρᾳ..

368 3005 492 3083 Περὶ
575 3013 686 3065 τῶν
762 3008 1102 3087 ἀμελούντων
1190 3016 1296 3070 τῶν
1354 3015 1538 3074 αύτοῖς
1623 3011 1930 3081 ἀνηκόντων

288 3093 458 3158 λαῶν.

374 3184 515 3264 ρκα’.
567 3179 800 3261 Ὀμοίως
843 3188 1053 3270 ἤρεσεν,
1087 3187 1179 3247 ἵνα
1213 3189 1413 3256 οἵτινες
1441 3189 1640 3260 δήποτε
1672 3189 1928 3267 ἀμελοῦσι

2015 2208 2318 2280 repetere,
2355 2207 2416 2262 et
2446 2201 2652 2281 tacuit,
2686 2199 3104 2281 praejudicium
3140 2199 3425 2279 patietur.
3457 2197 3520 2259 Si
3553 2215 3664 2258 au-

2018 2295 2135 2350 tem
2167 2308 2286 2351 non
2322 2290 2583 2371 fuit,non
2612 2286 3442 2370 prmjudiceturmatrici,sed
3465 2287 3664 2365 liceat,

2017 2397 2152 2441 cum
2187 2378 2356 2441 locus
2384 2381 2695 2462 acceperit
2719 2380 3068 2460 episcopum
3102 2396 3282 2460 quem
3321 2396 3442 2438 non
3468 2375 3662 2439 habe-

2017 2466 2139 2542 bat,
2165 2485 2237 2531 ει
2269 2468 2400 2549 ipso
2431 2468 2532 2532 die
2563 2470 2721 2531 intra
2764 2468 3092 2530 triennium
3140 2475 3447 2548 repetere.
3481 2467 3662 2529 ltem-

2016 2576 2134 2639 que
2158 2557 2208 2618 si
2243 2557 2426 2620 fuerit
2454 2558 2779 2640 episcopus
2808 2559 2882 2620 ad
2917 2557 3273 2621 catholicam
3320 2575 3395 2620 ex
3449 2556 3664 2620 Donati

2014 2653 2184 2726 parte
2215 2665 2565 2722 conversus,
2621 2667 2741 2710 non
2802 2649 2859 2710 ei
2913 2647 3269 2729 praejudicet
3301 2645 3664 2727 praefinitum

2013 2743 2271 2818 tempus,
2333 2737 2442 2799 sed
2501 2755 2570 2799 ex
2633 2756 2752 2818 quo
2811 2738 2909 2800 die
2944 2754 3271 2798 conversus
3303 2744 3415 2808 est,
3449 2734 3668 2797 haheat

2012 2843 2120 2906 per
2152 2828 2476 2889 triennium
2534 2834 2891 2908 potestatem
2952 2825 3270 2907 repetendi
3320 2824 3473 2900 loca,
3526 2842 3662 2905 qua;

2011 2915 2084 2978 ad
2120 2916 2308 2997 ipsam
2343 2917 2726 2998 pertinebant
2756 2916 3128 2980 cathedram.

2094 3014 2188 3078 De
2219 3015 2313 3078 his
2343 3017 2448 3096 qui
2470 3015 2672 3098 plebes
2699 3015 2778 3079 ad
2808 3034 2874 3079 se
2896 3016 3274 3097 pertinentes
3322 3012 3666 3094 negligant.

2099 3194 2234 3258 124.
2267 3193 2413 3259 Item
2465 3195 2684 3275 placuit
2732 3204 2796 3258 ut
2827 3196 3171 3277 quicunque
3205 3195 3514 3276 negligunt
3540 3195 3674 3257 loca

293 3281 403 3332 τῶν
484 3278 667 3335 τόπων
752 3279 858 3336 τῶν
928 3280 1240 3348 ἀνηκόντων
1306 3287 1374 3360 τῇ
1441 3285 1612 3339 αὐτῶν
1682 3279 1928 3363 καθέδρᾳ,

2053 3283 2086 3345 d
2142 3301 2309 3346 suam
2363 3285 2710 3350 cathedram
2762 3286 3143 3368 pertinentia,
3199 3293 3344 3367 etc.,
3405 3292 3472 3348 ut
3526 3302 3673 3366 pag.

293 3386 350 3428 κ.
396 3387 448 3426 τ.
496 3365 550 3429 λ.

378 3453 691 3541 Ἀνᾶγνωθι-
714 3459 780 3514 τὰ
821 3461 1311 3539 παραγεγραμμένα
1341 3462 1397 3519 ἰν
1425 3469 1500 3538 τῷ
1532 3461 1568 3518 ι’
1600 3482 1720 3541 κεφ.
1752 3467 1846 3520 τοῦ
1874 3461 1931 3528 η’

296 3535 402 3599 τίτ,
433 3543 524 3592 τοῦ
553 3538 815 3616 παρόντος
845 3535 1239 3620 συντάγματος.

379 3632 628 3689 ΚΕΦΑΛ.
695 3628 808 3694 ιΗ’.
856 3665 936 3676 -
997 3634 1122 3702 Περὶ
1180 3638 1285 3688 τῶν
1337 3634 1666 3713 πειρομένων
1725 3631 1934 3689 ἀθετεῖν

295 3713 362 3770 τὰ
391 3713 444 3769 ἐν
474 3713 681 3796 Ἐφέσῳ
708 3721 1040 3799 πραχθέντα.

698 3809 927 3868 Συνόδυυ
958 3808 1184 3891 Ἐφέσου
1209 3813 1385 3870 κανὼν
1415 3801 1519 3886 ς’.

374 3894 479 3968 ς’.
552 3886 782 3973 Ὀμοίως
828 3899 881 3955 δὲ
926 3886 1108 3958 καὶ-εἴ
1170 3924 1308 3967 τινες
1351 3903 1667 3978 βουληθεῖεν
1708 3902 1776 3958 τὰ
1820 3902 1939 3980 περὶ

291 3981 518 4040 ἑκάστου
549 3988 898 4066 πεπραγμένα
940 3992 996 4045 ὲν
1045 3995 1113 4065 τῇ
1159 3991 1282 4070 ἀγίᾳ
1313 3989 1515 4066 συνόδῳ
1546 3997 1614 4067 τῇ
1641 3991 1694 4046 ἐν
1728 3988 1938 4069 Ἐφέσῳ

289 4071 585 4146 οἱῳδήποτε
614 4078 794 4154 τρόπῳ
837 4079 1249 4161 παρασαλεύειν,
1283 4084 1317 4150 ἡ
1377 4081 1498 4159 ἁγία
1542 4078 1757 4144 σύνοδος
1801 4079 1935 4157 ὥρι-

294 4184 407 4239 σεν,
451 4166 496 4221 εἰ
539 4167 639 4241 μὲν
682 4168 964 4226 ἐπίσκοποι
1009 4170 1124 4226 εἶεν
1165 4171 1200 4238 ἢ
1259 4169 1530 4250 κληρικοὶ,
1593 4176 1684 4226 τοῦ
1743 4170 1938 4228 οἰκείου

294 4254 575 4321 παντελῶς
628 4259 954 4318 ἀποπίπτειν
1013 4263 1218 4340 βαθμοῦ
1250 4279 1267 4298 ⁶
1331 4265 1375 4321 εἰ
1417 4263 1472 4320 δὲ
1525 4262 1728 4342 λα’ίιιοὶ,
1776 4262 1935 4320 ἀκοι-

297 4347 564 4416 νωνήτους
595 4351 908 4430 τυγχάνειν,

380 4433 672 4516 Ἀνάγνωθι
703 4449 771 4498 τὰ
823 4441 1317 4522 παραγεγραμμένα
1367 4441 1422 4500 ἐν
1472 4448 1550 4517 τῷ
1579 4441 1632 4521 γ’
1662 4448 1755 4500 τοῦ
1800 4463 1941 4522 παρ-

297 4525 448 4592 όντος
485 4527 588 4588 τίτ.

2014 3375 2157 3439 679.

2093 3461 2248 3556 Lege
2278 3481 2413 3556 quae
2442 3463 2721 3526 adnotata
2751 3473 2888 3528 sunt
2921 3465 2982 3526 in
3015 3465 3090 3525 10
3121 3482 3255 3546 cap.
3292 3465 3378 3528 tit.
3408 3464 3478 3526 81
3519 3481 3672 3545 prae-

2017 3551 2204 3604 sentis
2228 3551 2450 3624 operis.

2096 3593 2676 3698 ἷό’δ”ἓΧρῘ’Χν[ιι.
2711 3669 2786 3681 -
2820 3636 2903 3696 De
2958 3636 3038 3698 iis
3097 3651 3232 3715 quae
3288 3593 3672 3712 acta‘Ephe-

2019 3724 2158 3785 sina
2191 3723 2430 3786 abolere
2459 3726 2768 3787 nituntur.

2401 3826 2665 3889 Concilii
2693 3827 2990 3908 Ephesini
3019 3845 3213 3891 canon
3237 3827 3297 3891 6.

2098 3916 2158 3978 6.
2194 3913 2482 3978 Similiter
2507 3924 2706 3979 autem
2740 3925 2800 3980 et
2827 3918 2874 3980 si
2908 3917 3010 3999 qui
3069 3918 3250 3979 velint
3292 3934 3382 3992 ea,
3437 3934 3570 3997 quae
3601 3915 3678 3978 de

2021 4004 2273 4084 singulis
2310 4024 2420 4086 per
2449 4014 2715 4068 sanctam
2745 4009 3038 4088 synodum
3100 4005 3461 4087 Ephesinam
3514 4013 3681 4082 gesta

2019 4103 2180 4170 sunt,
2215 4113 2573 4177 quocunque
2625 4097 2805 4158 modo
2857 4115 3098 4159 movere
3133 4118 3147 4156 :
3184 4102 3389 4158 sancta
3419 4094 3680 4176 synodus

2017 4185 2150 4263 ipsa
2182 4183 2472 4260 decrevit,
2508 4184 2557 4246 si
2593 4185 2839 4266 quidem
2885 4185 3150 4268 episcopi
3182 4192 3283 4246 aut
3313 4184 3517 4246 clerici
3547 4182 3684 4246 fue-

2020 4273 2163 4349 rint,
2196 4293 2301 4336 eos
2336 4275 2581 4336 omnino
2611 4293 2647 4338 a
2679 4277 2917 4357 proprio
2950 4276 3172 4338 cadere
3201 4273 3388 4355 gradu
3424 4292 3441 4334 :
3468 4276 3514 4334 si
3541 4291 3680 4336 vero

2023 4361 2182 4439 laici,
2213 4365 2766 4427 excommunicatos
2798 4383 2955 4429 esse.

2105 4453 2263 4533 Lege
2285 4473 2417 4536 quae
2441 4454 2502 4517 in
2535 4473 2667 4535 cap.
2701 4453 2741 4516 3
2780 4453 3094 4536 praesentia
3133 4453 3289 4517 tituli
3323 4459 3462 4515 sunt
3492 4452 3685 4516 adno-

1955 4541 1998 4592 D
2017 4539 2160 4598 tata.

1655 4802 2058 4888 TITAOE
2136 4782 2297 4888 II".

1741 4962 1895 5015 ΠΕΡΙ
1942 4962 2226 5016 ΛΛΙΚΩΝ.

1591 5167 2068 5256 TITULUS
2150 5165 2384 5253 XIII.

1791 5290 1890 5355 DE
1934 5289 2179 5356 LAICIS

381 5403 634 5460 ΚΕΦΛΔ.
681 5401 774 5462 A'.
821 5435 900 5446 —
939 5403 1062 5479 Περὶ
1117 5402 1210 5457 τοῦ
1252 5399 1626 5457 ἂποκινεῖσθαι
1659 5400 1753 5456 τὸν
1804 5398 1937 5456 λαΐ-

2102 5396 2264 5462 CAP.
2295 5397 2344 5460 Ι.
2379 5429 2454 5441 -
2491 5395 2565 5458 Ut
2597 5394 2786 5458 laicus
2817 5393 2926 5474 qui
2955 5393 3023 5455 in
3053 5389 3196 5453 urbe
3224 5406 3497 5465 versans,
3530 5404 3675 5468 per-

297 5483 394 5541 κὸν
461 5491 561 5554 τῆς
618 5490 772 5569 ἀγίας
817 5492 1122 5565 κοινωνίας,
1184 5489 1269 5548 ἐπὶ
1335 5502 1485 5569 τρεῖς
1561 5489 1828 5569 Κυριακάς
1889 5489 1933 5545 ἐν

2047 5498 2148 5550 ‘res
2176 5483 2586 5550 hebdomadas
2628 5485 2707 5546 ad
2734 5483 3046 5546 ecclesiam
3075 5498 3198 5543 non
3229 5481 3600 5554 convenerit,
3637 5493 3676 5547 α

295 5572 454 5632 πόλει
536 5577 810 5660 διάγοντα,
904 5580 1001 5637 καῖ
1100 5583 1177 5658 μὴ
1270 5580 1590 5638 συνελθόντα
1678 5585 1743 5658 τῇ
1848 5581 1933 5636 ἰκ-

2047 5583 2238 5644 :ancta
2264 5576 2685 5641 communione
2711 5578 3115 5640 removeatur.

297 5659 518 5738 κλησίᾳ.

376 5810 411 5862 5
440 5806 623 5876 Couc.
657 5811 842 5882 Afric.
877 5832 932 5879 c.
969 5813 1072 5884 86.
