4134 6200
469 339 580 416 891

773 501 1042 566 ϐοησίιὶξ
1067 501 1454 568 Sardicensis
1485 519 1684 566 canon
1710 503 1812 563 11.

552 591 652 656 11.
684 590 860 656 Osius
919 593 1242 674 episcopus
1293 592 1444 655 dixit
1473 609 1490 656 :
1527 591 1652 655 Hoc
1685 607 1927 673 quoque
1956 587 2111 652 deli-

471 680 602 744 nire
634 682 950 754 debemus.
983 692 1132 759 etc.,
1163 690 1231 747 ut
1253 703 1393 765 pag.
1427 685 1570 747 606.

753 771 1012 835 Concilii
1036 775 1391 837 cecumenict'
1420 791 1474 835 vr
1503 789 1703 837 canon
1732 773 1832 835 80.

551 859 652 924 80.
687 859 746 924 Si
801 863 935 944 quis
965 863 1311 944 episcopus,
1345 864 1436 927 vel
1483 861 1818 945 presbyter,
1853 857 1946 924 vel
1975 857 2110 921 dia—

471 966 684 1025 conus,
713 959 857 1025 etc.,
889 959 957 1016 ut
987 971 1130 1034 pag.
1167 953 1311 1016 606.

549 1039 692 1101 404
723 1039 888 1105 CAP.
912 1041 986 1106 Il.
1021 1079 1099 1090 -—
1129 1045 1211 1105 De
1243 1044 1424 1106 laicis
1457 1042 1716 1105 secundo
1746 1039 1845 1105 vel
1872 1040 2110 1114 pluries

466 1130 855 1210 nubentibus,
891 1139 948 1196 et
976 1133 1048 1196 de
1079 1132 1316 1196 illicitis
1345 1135 1585 1215 nuptilis
1617 1139 1672 1196 et
1704 1131 1935 1213 copula.

789 1314 1222 1393 Apostolorum
1256 1331 1521 1376 canones
1551 1313 1650 1389 19,
1676 1312 1778 1376 48.

548 1402 795 1485 19[18].
829 1403 940 1477 Qui
968 1404 1118 1466 duas
1150 1421 1391 1465 sorores
1438 1404 1628 1478 duxit,
1668 1402 1758 1465 vel
1792 1397 2110 1464 consobri-

465 1508 627 1572 nam,
665 1513 782 1555 non
815 1503 1010 1572 potest
1041 1512 1176 1556 esse
1207 1493 1493 1557 clericus.

486 1609 495 1622 -
547 1581 624 1642 48
657 1582 800 1664 [4'7].
836 1581 899 1646 Si
945 1583 1080 1663 quis
1108 1582 1301 1644 laicus
1352 1601 1459 1644 sua
1491 1583 1681 1662 ejecta
1717 1597 1901 1644 uxore
1929 1578 2106 1641 aliam

465 1672 771 1754 acceperit
798 1672 891 1734 vel
921 1672 993 1734 ab
1025 1671 1142 1734 alio
1178 1672 1458 1752 solutam,
1499 1678 1871 1752 segregetur.

697 1851 966 1915 Concilii
1001 1854 1313 1932 Ancyrani
1344 1869 1612 1916 canones
1643 1851 1740 1922 16,
1783 1851 1877 1913 17.

550 1941 646 2004 16.
673 1939 759 2003 De
789 1941 886 2022 iis,
921 1942 1027 2023 qui
1059 1942 1314 2004 rationis
1344 1941 1608 2022 expertia
1641 1938 1924 2001 animalia
1954 1937 2106 1999 inie-

463 2039 628 2111 runt,
667 2032 758 2093 vel
818 2032 1029 2093 ineunt
1064 2031 1218 2112 (30).
1253 2031 1608 2111 Quicunque
1641 2031 1985 2110 priusquam
2016 2025 2108 2087 vi-

463 2120 610 2200 ginti
648 2120 888 2202 quidem
919 2140 1108 2183 annos
1141 2121 1262 2183 nati
1297 2129 1527 2195 essent,
1565 2127 1914 2200 peccarunt,
1952 2125 2109 2197 post-

463 2229 644 2291 quam
672 2212 1017 2291 quindecim
1044 2213 1219 2273 annis
1245 2211 1534 2273 substrati
1563 2229 1631 2272 ac
1661 2209 1966 2290 supplices
1985 2208 2110 2269 fue-

458 2300 1105 2389 rint,communionem
1137 2301 1210 2363 ad
1245 2321 1455 2382 preces
1487 2297 2101 2380 assequantur.Dein-

462 2389 538 2451 de
569 2402 630 2452 et
662 2387 795 2452 cum
831 2393 889 2452 in
924 2390 1354 2454 communione
1389 2395 1652 2470 quinque
1695 2387 1870 2448 annis
1897 2403 2106 2467 perse-

459 2483 824 2555 veraverint,
859 2479 1224 2542 oblationem
1256 2480 1570 2558 attingant.
1603 2477 1987 2539 Examinetur
2008 2494 2109 2536 au-

464 2575 586 2631 tem
621 2579 681 2630 et
712 2588 923 2631 eorum
971 2570 1030 2630 in
1081 2569 1485 2630 substratione
1518 2568 1654 2640 vita,
1690 2574 1750 2628 et
1777 2568 1856 2627 ita
1887 2567 2103 2627 huma-

459 2655 709 2718 nitatem
744 2667 1216 2738 consequantur.
1253 2657 1314 2719 Si
1347 2657 1449 2738 qui
1498 2666 1695 2717 autem
1737 2653 2012 2735 improbe
2038 2671 2106 2715 ac

461 2745 720 2823 maligne
750 2747 812 2808 in
843 2747 1102 2828 peccatis
1134 2747 1396 2820 luerunt,
1435 2748 1611 2824 longe
1641 2743 2106 2805 substrationem

1657 349 1926 416 PHOTII
1983 342 2506 412 PATRIARGILE
2546 340 2665 408 GP.

3729 325 3845 397 892

2590 489 2816 550 Συνύδου
2847 483 3112 567 Σαρδικῆς
3141 483 3320 543 κανὼν
3347 479 3448 546 ια’.

2279 586 2377 650 ια’.
2410 585 2597 649 "Octo;
2649 581 2950 642 ὶιπίσκοπος
3008 578 3135 636 εἷπε
3170 595 3184 610 ·
3238 574 3338 634 Καὶ
3380 574 3537 631 τοῦτο
3580 570 3635 629 δὲ
3667 570 3840 650 ὁρίσαι

2197 676 2502 758 ὀφείλομεν,
2537 697 2589 734 κ.
2627 695 2684 736 τ.
2713 669 2770 730 λ.

2436 761 2667 821 Συνόδου
2697 758 3078 835 οἶκοσμενικῆς
3108 755 3270 824 ἕκτης
3298 754 3476 812 γανὼν
3505 751 3597 812 π’.

2276 858 2358 920 π’.
2397 855 2464 917 Εἵ
2505 878 2585 921 τις
2621 854 2934 926 ἒπίσκοπος,
2992 851 3029 920 ἢ
3060 845 3440 929 πρεσϐύτερος,
3485 846 3520 915 ἢ
3564 844 3838 924 διάκονος,

2191 972 2247 1014 κ,
2280 973 2331 1012 τ,
2364 948 2418 1012 λ,

2274 1040 2528 1099 ΚΕΦΑΛ,
2577 1033 2666 1096 Β¹.
2713 1066 2790 1080 —-
2832 1033 2958 1110 Περὶ
2999 1029 3212 1088 λαΐκῶν
3275 1025 3838 1106 δευτερογαμούντων,

2191 1129 2228 1199 ἢ
2296 1125 2776 1208 πολυγαμούντων,
2850 1122 2941 1178 καὶ
3009 1117 3400 1196 κεκωλυμένων
3456 1117 3672 1195 γάμων,
3745 1116 3839 1172 καὶ

2194 1220 2410 1296 μίξεως.

2593 1303 2940 1365 Ἀποστὸλων
2973 1302 3145 1360 κανὼν
3179 1300 3269 1373 ιθ’,
3304 1298 3429 1375 μη’.

2275 1401 2372 1464 ιθ’.
2443 1391 2502 1458 ’0
2563 1396 2652 1454 δύο
2708 1382 2938 1474 ἀδελφὰς
3000 1390 3267 1470 ἀγόμενος
3327 1389 3364 1458 ἢ
3423 1386 3730 1468 ἇδελγιδᾶς,
3777 1389 3838 1444 ού

2193 1489 2408 1548 δύναται
2439 1493 2581 1546 εἶναι
2611 1484 2868 1564 κληρικὸς
2881 1530 2896 1547 .

2270 1581 2393 1657 pq’.
2447 1576 2515 1637 Εἴ
2567 1599 2646 1640 τις
2692 1563 2886 1638 λατκὺς
2931 1572 3030 1638 τὴν
3075 1570 3265 1627 ἑαυτοῦ
3324 1580 3556 1644 γυναῖκα
3591 1563 3836 1622 ὶκόαλὼν

2191 1655 2371 1748 ἑτέραν
2414 1665 2591 1740 λάϐοι,
2640 1665 2676 1734 ἢ
2723 1664 2864 1744 παρὰ
2923 1659 3088 1718 ἄλλου
3145 1657 3580 1735 ἀπολελυμένην,
3642 1655 3834 1735 ἀφορι-

2189 1761 2382 1832 ζέσθω.

2506 1843 2734 1902 Συνὸδου
2757 1841 3021 1920 Ἀγκύρας
3051 1839 3225 1896 κανὼν
3258 1836 3382 1912 ις’,
3411 1834 3503 1907 ιζ’.

2281 1939 2405 2014 ις’,
2439 1935 2567 2016 Περί
2600 1941 2705 1992 τῶν
2734 1929 3180 2010 ἀλογευσαμὲνων
3204 1928 3247 2016 ἢ,
3270 1929 3355 1984 καὶ
3399 1923 3834 2016 ἂλογευομένων,

2193 2029 2307 2086 ὅσοι
2352 2026 2478 2104 πρὶν
2516 2014 2850 2084 -είκοσαετεϊς
2912 2019 3154 2098 γενέσθαι
3213 2015 3480 2095 ἥμαρτον,
3543 2014 3834 2071 πεντεκαί-

2192 2119 2318 2175 δεκα
2369 2117 2543 2174 ἔτεσιν
2599 2109 2985 2182 ὑποπεσόντες,
3047 2107 3329 2170 κοινωνίας
3413 2103 3836 2182 τυγχανέτωσαν

2191 2214 2290 2275 τῆς
2345 2209 2417 2273 εἷς
2472 2206 2567 2269 τὰς
2627 2201 2938 2282 προσευχάς
2972 2213 2987 2229 ⁶
3051 2197 3179 2253 εἶτα
3223 2195 3277 2252 ἐν
3328 2199 3398 2270 τῇ
3441 2191 3694 2264 κοινωνίᾳ
3721 2189 3837 2282 διας

2189 2297 2502 2358 τελέσαντες
2547 2293 2642 2360 ’ἐτη
2673 2279 2872 2368 πέντε,
2923 2287 3043 2346 τότε
3087 2287 3177 2343 καὶ
3219 2284 3316 2352 τῆς
3366 2287 3672 2362 προσφορᾶς
3731 2279 3837 2359 ἐφ·-

2191 2387 2536 2444 απτέσθωσαν
2572 2398 2586 2415 ⁸
2645 2379 2968 2451 ἓξεταζέσθω
3004 2374 3060 2432 δὲ
3111 2374 3286 2431 αὑτῶν
3335 2373 3424 2429 καὶ
3457 2374 3484 2428 ὁ
3513 2371 3570 2428 ὲν
3598 2375 3669 2446 τῇ
3696 2370 3836 2426 ὑπο-

2190 2475 2390 2533 πτιύσει
2421 2474 2555 2553 βίος,
2589 2471 2675 2528 καὶ
2705 2469 2874 2531 οὕτως
2904 2463 3325 2545 τυγχανέτωσαν
3370 2466 3471 2528 τῆς
3523 2457 3834 2539 φιλανθρω-

2189 2569 2312 2622 πίας
2347 2581 2362 2596 ⁸
2414 2565 2459 2619 εὶ
2518 2550 2572 2619 δέ
2629 2579 2769 2621 τινες
2825 2555 3138 2633 κατακόρως
3197 2551 3250 2608 ἐν
3305 2563 3424 2614 τοῖς
3481 2550 3835 2625 ἁμαρτήμασι

2189 2654 2463 2733 γεγόνασι,
2511 2651 2609 2717 τὴν
2639 2647 2848 2726 μακρὰν
2874 2647 3155 2722 ὶχὲτωσαν
3203 2639 3514 2698 ὑπόπτωσιν
3549 2656 3564 2670 ⁸
3617 2637 3732 2694 ὅσοι
3777 2635 3835 2692 δὲ

2188 2727 2505 2823 ὑπερϐάντες
2549 2741 2647 2809 τὴν
2683 2738 2892 2806 ἡλικίαν
2923 2735 3144 2813 ταύτην,
3179 2733 3264 2788 καὶ
3308 2743 3578 2823 γυναῖκας
3606 2727 3835 2823 ’ἔχοντες

459 2816 744 2900 ιιειιθνειηῐ.
781 2816 1134 2918 Quicunque
1165 2816 1569 2898 autem-hanc
1614 2842 1856 2896 aetatem
1905 2843 2104 2894 trans-

2219 2832 2627 2901 εεριπεπτὼκασι
2683 2835 2760 2902 τῷ
2817 2824 3191 2903 ἁμαρτήματι,
3252 2822 3410 2876 πέντε
3493 2819 3588 2874 καὶ
3655 2816 3833 2872 εἴκοσι

464 2927 751 3005 gressi,et
781 2906 1070 2989 habentes
1104 2943 1348 3005 uxores,
1375 2925 1433 2986 in
1465 2925 1580 2986 hoc
1614 2931 1924 3004 peccatum
1960 2919 2104 2982 inci-

2221 2945 2362 2980 τεσιν
2393 2919 2778 2988 ὑποπεσόντες,
2811 2913 3090 2975 κοινωνίας
3146 2909 3556 2989 τυγχανέτωσαν
3605 2911 3706 2972 τῆς
3756 2906 3831 2968 εἷς

465 2995 707 3093 derunt,
739 3019 942 3097 viginti
966 3017 1142 3078 annis
1173 2995 1480 3088 subst'rati,
1513 2995 1997 3076 communionem
2030 3011 2103 3073 ad

2225 3013 2286 3076 ὰς
2343 3009 2650 3090 προσευχάς
2685 3022 2698 3034 ·
2746 3006 2872 3064 εἶτα
2917 3000 3291 3064 ἐκτελέσαντες
3342 2999 3501 3055 πέντε
3548 2996 3642 3062 ἔτη
3675 2995 3726 3051 ἓν
3765 2999 3834 3070 τῇ

466 3090 1126 3186 ριόοοεδεεέειυαυιυιο.
1163 3104 1394 3168 Deinde
1419 3123 1553 3165 cum
1581 3104 1640 3164 in
1669 3120 1914 3182 precum
1940 3120 2104 3163 com-

2219 3101 2438 3172 ,οινωνίᾳ
2469 3101 2572 3156 τῶν
2618 3097 2822 3177 εὖχῶν,
2866 3091 3286 3170 τυγχανέτωσαν
3345 3090 3443 3153 τῆς
3475 3091 3776 3165 προσφορᾶς
3811 3102 3830 3120 ⁸

465 3173 752 3256 munione
767 3173 1035 3276 quinque
1048 3213 1238 3256 annos
1254 3173 1992 3272 peregerint,oblationem
2016 3208 2104 3251 as-

2219 3193 2234 3247 ί
2263 3189 2318 3246 δὲ
2346 3211 2485 3252 τινες
2519 3188 2605 3244 καὶ
2647 3173 2908 3264 γυναῖκας
2960 3179 3205 3260 ἔχοντες,
3262 3178 3349 3234 καὶ
3379 3173 3707 3253 ὑπερϐάντες
3736 3175 3831 3230 τὸν

1051 3251 1268 3346 [ιιΙ
1443 3251 2012 3354 ὑίίειοεήῒιιιὺθηιοε,
2047 3288 2104 3342 et

2219 3251 2627 3346 πεντηκονταετῆ
2661 3251 2878 3353 ’χρόνον
2929 3251 3193 3347 ἥμαρτον,
3250 3266 3336 3323 ἐπὶ
3389 3251 3677 3343 τῇνέξύδῷ
3737 3261 3835 3319 τοῦ

465 3371 1034 3454 quinquagesimum
1092 3391 1316 3434 annum
1377 3371 1761 3450 transgressi,
1817 3387 2092 3450 peccave-

461 3471 622 3534 runt,
659 3465 718 3524 in
776 3463 913 3526 vitae
957 3462 1117 3525 exitu
1151 3461 1647 3523 communionem
1681 3467 2102 3540 assequamur.

545 3553 640 3612 17.
674 3549 789 3614 Eos
853 3553 955 3629 qui
1014 3551 1266 3614 rationis
1296 3550 1566 3631 expertia
1589 3549 1912 3610 animantia
1943 3547 2103 3608 inie-

461 3648 692 3717 runt,et
721 3643 820 3722 qui
850 3643 1072 3724 leprosi
1106 3649 1244 3704 sunt
1277 3642 1363 3702 vel
1395 3641 1660 3715 fuerunt,
1691 3639 1873 3718 jussit
1901 3644 2106 3700 sancta

463 3731 729 3809 synodus
752 3735 913 3794 inter
944 3732 1283 3793 hiemantes
1309 3747 1508 3793 orare.

460 3818 603 3880 405
631 3820 894 3885 Concilii
922 3821 1464 3892 Neocaesariensis,
1492 3835 1759 3881 canones
1781 3815 1842 3890 2,
1868 3815 1926 3890 3,
1953 3816 2015 3886 4,
2042 3820 2100 3876 7.

542 3908 599 3971 2.
637 3911 887 3974 Femina
918 3911 970 3973 si
1001 3907 1240 3972 duobus
1292 3907 1578 3970 fratribus
1623 3909 1920 3988 nupserit,
1955 3914 2100 3986 etc.,

463 4005 529 4062 ut
561 4017 708 4079 pag.
743 4002 885 4065 802.

545 4090 603 4151 3.
641 4092 728 4153 De
759 4091 834 4152 iis
862 4089 965 4171 qui
1005 4089 1066 4150 in
1103 4087 1363 4171 plurima
1397 4085 1778 4148 matrimonia
1806 4085 2099 4160 incidunt,

461 4189 698 4261 tempus
718 4179 959 4261 quidem
994 4181 1392 4260 praestitutum
1418 4195 1552 4239 esse
1577 4176 1955 4238 manifestum
1989 4184 2102 4240 est.

461 4270 578 4334 Sed
613 4273 924 4334 conversio
956 4279 1015 4332 et
1046 4270 1399 4352 pmnitentia
1443 4287 1652 4331 eorum
1689 4278 1927 4348 tempus
1957 4287 2100 4330 con-

462 4361 668 4424 trahit.

541 4449 670 4511 4.Si
693 4450 826 4530 quis
848 4451 1233 4532 proposuerit
1253 4449 1688 4530 concupiscere
1703 4447 2014 4510 mulierem
2029 4446 2102 4509 ad

460 4539 881 4602 dormiendum
914 4561 1048 4604 cum
1075 4541 1368 4622 ipsa,ejus
1399 4549 1597 4602 autem
1632 4538 1998 4601 desiderium
2026 4541 2101 4601 ad

459 4647 611 4710 opus
639 4649 758 4691 non
793 4633 1048 4707 venerit,
1084 4630 1321 4692 videtur
1354 4648 1488 4692 esse
1516 4648 1551 4690 a
1572 4629 1762 4707 gratia
1785 4628 2096 4690 liberatus.

534 4719 596 4780 7.
635 4719 956 4802 Presbyter
985 4721 1046 4782 in
1108 4719 1330 4800 nuptiis
1381 4719 1514 4798 ejus
1569 4719 1671 4799 qui
1703 4718 1850 4779 duas
1886 4734 2102 4778 uxores

457 4808 644 4892 ducit,
677 4829 754 4872 ne
783 4811 1152 4884 convivetur,
1192 4816 1336 4884 etc.,
1370 4816 1438 4872 ut
1470 4827 1613 4890 pag.
1647 4808 1789 4872 691.

649 4900 912 4963 Concilii
945 4899 1278 4961 Laodiceni
1310 4915 1566 4960 canones
1599 4899 1656 4972 1,
1689 4895 1786 4966 10,
1821 4899 1920 4956 31.

542 4991 596 5051 1.
645 4987 942 5071 Oporlere
1001 5007 1071 5052 ex
1127 4986 1544 5050 ecclesiastico
1604 5005 1837 5048 canone
1867 5004 1969 5047 eos
2001 4984 2102 5065 qui

455 5076 648 5140 libere
679 5089 735 5140 et
766 5079 1037 5158 legitime
1066 5077 1342 5140 secundo
1375 5075 1762 5139 matrimonio
1793 5074 2106 5155 conjuncti

456 5175 620 5247 sunt,
653 5176 710 5228 et
740 5188 860 5230 non
891 5169 1043 5230 clam
1081 5185 1297 5230 uxores
1323 5166 1626 5228 duxerunt
1655 5184 1790 5228 cum
1821 5166 2103 5243 exiguum

456 5265 695 5335 tempus
723 5259 1106 5338 praeterierit,
1142 5267 1203 5319 et
1233 5255 1608 5319 orationibus
1639 5265 1696 5319 et
1722 5255 1974 5336 jejuniis
1999 5273 2102 5316 va-

457 5346 743 5424 caverint,
779 5348 865 5411 eis
896 5367 966 5410 ex
992 5348 1164 5411 venia
1194 5346 1324 5410 dari
1355 5347 1880 5410 communionem.

2188 3371 2302 3446 βίου
2331 3363 2746 3445 τυγχανέτωσαν
2777 3366 2876 3428 τῆς
2909 3358 3212 3420 κοινωνίας,

2270 3524 2361 3619 ιζ’,
2396 3545 2527 3606 Τοὺς
2559 3537 3017 3620 ἇλογευσοὶμένους
3063 3536 3149 3592 καὶ
3201 3533 3427 3611 λεπροὺς
3471 3531 3654 3605 ὄντας,
3709 3529 3832 3598 ἦτοι

2185 3636 2566 3714 λεπρώσαντας
2621 3619 2860 3700 τούτους,
2905 3623 3224 3703 προσέταξεν
3273 3625 3308 3691 ἡ
3339 3621 3463 3700 ἁγία
3509 3619 3725 3687 σύνοδος
3755 3622 3831 3684 εἷς

2187 3727 2305 3789 τοὺς
2339 3719 2763 3805 χειμαζομένους
2797 3716 3072 3796 εὔχεσθαι.

2375 3796 2602 3869 Συνὸδου
2636 3806 3046 3883 Νεοκαισαρείας
3070 3803 3245 3860 κανὼν
3274 3801 3350 3881 β’,
3385 3799 3463 3879 γ’,
3496 3797 3541 3855 δ’
3571 3796 3647 3870 ζ’.

2264 3905 2337 3980 β’.
2374 3902 2510 3971 Γυνὴ
2541 3902 2629 3957 ἰὰν
2660 3899 2905 3976 γήμηται
2936 3893 3024 3951 δύο
3056 3890 3334 3970 ἀδελφοῖς,
3365 3911 3424 3950 κ.
3454 3910 3509 3952 τ,
3539 3887 3596 3951 λ,

2265 4079 2342 4158 γ’.
2374 4078 2508 4158 Περῖ
2536 4083 2643 4134 τῶν
2684 4075 2949 4138 πλείστοις
2978 4072 3173 4151 γάμοις
3203 4067 3696 4158 περιπιπτόντων,ὁ
3725 4067 3827 4158 μὲν

2186 4154 2382 4252 χρύνος
2414 4154 2588 4247 σαφὴς
2634 4168 2661 4223 ὁ
2714 4163 3022 4244 ὡρισμένως
3059 4180 3073 4194 ·
3209 4157 3264 4214 δὲ
3315 4157 3621 4236 ἀναστροφὴ
3666 4157 3753 4212 καὶ
3788 4154 3824 4222 ἡ

2187 4251 2362 4325 πίστις
2397 4259 2569 4316 αὐτῶν
2599 4255 2875 4331 συντέμνει
2909 4255 2998 4310 τὸν
3029 4251 3249 4331 χρόνον,

2263 4437 2334 4501 δ’.
2379 4435 2506 4494 Ἐὰν
2563 4435 2821 4514 πρόθηταί
2884 4453 2964 4496 τις
2997 4424 3329 4503 ἐπιθυμήσας
3370 4423 3647 4503 γυναικὸς,
3689 4445 3821 4500 συγ-

2183 4526 2502 4594 καθευδῆσαι
2547 4525 2704 4604 αὐτῇ,
2755 4524 2832 4598 μὴ
2876 4521 3006 4596 ἔλθῃ
3049 4517 3104 4575 δὲ
3161 4523 3236 4580 εἰς
3281 4516 3434 4604 ἔργον
3467 4513 3628 4571 αὑτοῦ
3656 4515 3692 4582 ἡ
3735 4517 3827 4570 εν-

2123 4602 2167 4656 D
2184 4621 2433 4694 θύμησις,
2467 4602 2707 4694 φαίνεται
2740 4613 2820 4669 ὅτι
2851 4613 2952 4668 ὑπὸ
2983 4608 3080 4676 τῆς
3115 4607 3340 4687 χάριτος
3373 4603 3623 4683 ἒῤῥυσθη.

2263 4705 2335 4779 ζ’,
2382 4693 2738 4784 Πρεσϐύτερον
2779 4701 2852 4766 εἷς
2889 4698 3063 4777 γάμον
3107 4694 3463 4772 διγαμοῡντος
3514 4693 3592 4768 μὴ
3644 4693 3830 4748 aqua-

2185 4801 2326 4872 σθαι,
2360 4818 2414 4856 κ.
2445 4817 2499 4855 τ.
2532 4793 2592 4854 λ.

2445 4889 2671 4948 Συνὸδου
2703 4885 3013 4950 Λαοδικείας
3045 4883 3222 4942 κανὼν
3252 4882 3328 4958 α’,
3363 4881 3423 4951 ι’,
3461 4880 3577 4940 λα’.

2267 4984 2343 5048 α’,
2376 4983 2508 5060 Περῗ
2538 4981 2630 5037 τοῦ
2660 4978 2775 5036 δεῖν
2804 4977 2944 5035 κατὰ
2975 4977 3064 5032 τὸν
3124 4973 3574 5040 ἐκκλησιαστικὸν
3605 4968 3828 5044 κανόνα,

2185 5077 2306 5138 τοὺς
2368 5058 2673 5149 ἐλευθερίως
2725 5070 2813 5126 καὶ
2876 5065 3117 5141 νομίμως
3164 5061 3522 5142 συναφθέντας
3567 5058 3830 5149 δευτέροις

2187 5165 2405 5243 γάμοις,
2461 5147 2947 5238 μὴήλαθρογαμίαν
2996 5152 3346 5225 ποιήσαντες,
3392 5149 3581 5227 ὀλίγοα
3639 5147 3834 5243 χρόνον

2187 5238 2541 5332 παρελθόντος
2599 5245 2988 5328 σχολασάντων
3043 5251 3564 5332 ταῖς-προσευχαῖς
3613 5238 3700 5294 καὶ
3729 5258 3832 5332 νη-

2187 5326 2414 5422 στείαις,
2473 5340 2610 5396 κατὰ
2664 5326 3010 5414 συγγνώμην
3078 5328 3417 5387 ἀποδίδοσθαι
3491 5327 3680 5389 αὑτοῖς
3735 5326 3833 5390 τὴν

2188 5432 2467 5491 κοινωνίαν
2498 5428 2790 5508 ὡρίσαμεν,

537 5623 664 5710 (3Q)
685 5633 805 5689 Hoc
834 5626 1086 5708 intelligi
1113 5635 1314 5710 potest
1345 5625 1420 5690 de
1452 5625 1546 5690 bis
1573 5629 1672 5708 qui
1704 5625 1794 5690 vel
1823 5643 1957 5689 cum
1992 5618 2336 5708 pecoribus,
2366 5615 2459 5680 vel
2485 5633 2652 5680 more
2684 5611 2982 5698 pecudum
3009 5628 3142 5676 cum
3175 5609 3516 5693 propinquo
3549 5601 3838 5690 sanguine

458 5705 620 5771 misti
642 5715 805 5774 sunt.
