4134 6200
261 293 380 364 893

335 433 399 498 ι’,
436 430 560 512 Περὶ
621 437 714 490 τοῦ
758 428 836 507 μὴ
879 427 992 487 δεῖν
1049 429 1173 492 τοὺς
1210 431 1310 496 τῆς
1354 427 1684 497 Ἐκκλησίας
1743 425 1964 487 asa-.1

254 524 432 608 φόρως
492 524 619 602 πρὸς
663 522 846 601 γάμου
904 519 1187 578 κοινωνίαν
1235 520 1521 578 συνάπτειν
1579 519 1648 576 τὰ
1706 519 1907 575 ἑαυτῶν

253 613 442 672 παιδία
473 613 794 692 αἱρετικοῖς.

339 701 454 764 λα’.
486 702 610 764 ’Ὀτι
642 703 700 761 ού
729 701 814 760 δεῖ
845 702 976 781 πρὸς
1007 699 1210 766 πάντας
1241 699 1561 780 αἱρετικοῦς,
1598 720 1650 764 οι,
1683 722 1736 764 τ,
1767 699 1819 762 1.

603 881 832 943 Συνόδου
863 881 1205 949 Χαλκηδόνος
1234 880 1409 937 κανὼν
1441 880 1564 954 ις’.

346 977 468 1054 ις’.
501 973 765 1054 Παρθένον
799 973 993 1041 ἑαυτὴν
1024 971 1332 1048 ἀναθεῖσαν,
1365 993 1420 1031 κ.
1455 991 1508 1032 1.
1540 970 1596 1032 1.

424 1155 651 1217 Συνόδου
680 1152 1055 1232 οἶκουμενικῆς
1085 1151 1248 1220 ἕκτης
1295 1151 1468 1211 κανὼν
1501 1151 1610 1232 νγ’,
1645 1149 1745 1232 νδ’,

943 1233 1051 1310 οβ’,
1089 1233 1215 1311 4η’.

344 1327 447 1408 νγ’.
499 1324 723 1394 Ἐπειδὴ
773 1326 969 1402 μείζων
1001 1324 1037 1391 ⁵η
1077 1324 1216 1381 κατὰ
1253 1333 1464 1400 πνεῦμα
1497 1325 1764 1391 οἰκειότης
1809 1323 1906 1391 τῆς

256 1427 369 1478 τῶν
429 1417 696 1490 σωμάτων
739 1415 1045 1494 συναφείας,
1105 1411 1346 1491 ἔγνωμεν
1397 1412 1453 1469 δὲ
1487 1413 1541 1469 ἔν
1569 1435 1676 1470 τισι
1721 1414 1910 1476 τόποις

253 1510 408 1573 τινας
467 1509 528 1564 ἐκ
581 1513 674 1563 τοῦ
743 1505 895 1583 ἁγίου
948 1505 1037 1560 καὶ
1101 1502 1479 1580 σωτηριώδους
1537 1503 1908 1580 βαπτίσματος

254 1598 459 1660 παῖδας
491 1595 944 1675 ἀναδεχομένους,
983 1593 1120 1668 μετὰ
1161 1603 1318 1652 τοῦτο
1377 1606 1500 1656 ταῖς
1545 1594 1760 1650 ἐκείνων
1793 1615 1906 1668 μη-

255 1689 417 1769 τράσι
474 1687 836 1767 χηρευούσαις
873 1685 1106 1761 γαμικὸν
1155 1681 1619 1747 συναλλάσσοντας
1662 1684 1907 1739 συνοικέε-

1066 291 1490 361 SYNTAGMA
1534 289 1933 362 CANONUM.
1981 320 2054 337 -
2114 285 2274 354 TIT.
2321 287 2490 369 x111,
2536 287 2701 352 CAP.
2749 285 2831 352 II.

2070 424 2166 487 10.
2201 423 2331 486 Non
2367 431 2644 505 oportere
2675 441 2779 486 eos
2803 423 2904 506 qui
2935 431 3075 488 sunt
3109 424 3413 504 Ecclesiae,
3450 427 3640 492 indis-

1992 515 2358 578 criminatim
2394 533 2534 577 suos
2565 514 2719 578 ﬁlios
2750 515 3050 579 haereticis
3082 517 3462 581 matrimonio
3495 539 3627 583 con-

1984 625 2262 687 Jungere.

2066 697 2174 760 3i.
2235 696 2404 770 Quod
2462 715 2585 759 non
2640 703 2876 777 oportet
2927 715 3062 760 cum
3125 698 3288 760 omni
3321 698 3635 778 haeretica,

1991 793 2135 862 etc.,
2169 793 2237 850 ut
2263 806 2409 869 pag.
2441 787 2584 850 883.

2237 877 2499 940 Conciliz'
2523 875 3036 941 Chalcedonensis
3065 896 3265 943 canon
3296 879 3395 944 16.

2078 965 2174 1028 16.
2209 965 2522 1046 Virginem
2587 984 2720 1047 quae
2769 984 2835 1029 se
2866 968 3123 1031 Domino
3157 970 3282 1033 Deo
3312 970 3634 1048 dedicavit,

1993 1061 2140 1129 etc.,
2175 1061 2244 1118 ut
2271 1073 2420 1136 pag.
2459 1056 2595 1118 734.

2036 1145 2304 1208 Concilii
2341 1147 2696 1211 wcumenicz‘
2721 1165 2781 1210 v1
2811 1165 3065 1212 canones
3094 1149 3193 1228 53,
3230 1151 3329 1228 54,
3358 1154 3392 1214 7
3402 1152 3461 1230 2,
3496 1153 3596 1219 98.

2073 1323 2171 1389 53.
2207 1326 2503 1399 Quoniam
2537 1328 2826 1409 spiritalis
2870 1329 3259 1393 necessitudo
3300 1350 3405 1393 seu
3436 1332 3639 1394 afﬁni-

1993 1421 2082 1477 tas
2113 1434 2432 1497 corporum
2491 1420 2926 1499 conjunctione
2983 1422 3175 1500 major
3233 1429 3344 1498 est,
3384 1422 3443 1484 in
3478 1441 3636 1485 non-

1992 1505 2176 1567 nullis
2207 1516 2402 1569 autem
2439 1507 2587 1570 locis
2629 1509 3028 1588 cognovimus
3077 1512 3396 1591 quosdam,
3433 1513 3536 1594 qui
3566 1533 3638 1575 ex

1990 1604 2198 1658 sancto
2233 1606 2291 1658 et
2312 1598 2561 1661 salutari
2592 1598 2953 1681 baptismate
2985 1601 3250 1664 infantes
3271 1603 3634 1682 suscipiunt,

1992 1693 2198 1765 postea
2228 1706 2471 1768 quoque
2500 1707 2635 1751 cum
2671 1690 2976 1751 matribus
3000 1691 3243 1752 illorum
3279 1691 3472 1754 viduis
3502 1709 3636 1752 ma-

258 1801 402 1854 σιον,
457 1777 701 1854 ὁρίζομεν
760 1775 866 1831 ἀπὸ
947 1780 1038 1830 τοῦ
1113 1775 1381 1849 παρόντος
1439 1772 1608 1848 μηδὲν
1667 1782 1904 1831 τοιοῦτον

2005 1775 2342 1838 trimonium
2381 1780 2762 1854 contrahere,
2798 1783 3116 1843 statuimus
3147 1789 3210 1842 ut
3241 1781 3300 1842 in
3331 1789 3636 1863 posterum

255 1872 596 1949 πραχθῆναι,
664 1866 722 1922 Εἰ
785 1863 839 1920 δέ
903 1886 1044 1929 τινες
1102 1864 1240 1940 μετὰ
1281 1864 1375 1920 τὸν
1418 1865 1654 1942 παρόντα
1712 1862 1904 1920 κανόνα

2005 1864 2148 1927 nihil
2183 1867 2282 1928 ﬁat
2312 1868 2631 1948 ejusmodi.
2669 1869 2731 1932 Si
2794 1871 2893 1951 qui
2953 1878 3150 1932 autem
3203 1862 3338 1952 post
3371 1889 3639 1952 praesen-

260 1944 565 2041 φωραθεῖεν
641 1961 799 2011 τοῦτο
858 1955 1154 2034 ποιοῦντες,
1233 1954 1598 2030 πρωτοτύπως
1680 1953 1778 2029 μὲν
1864 1944 1904 2006 οἳ

2005 1959 2113 2015 lem
2147 1944 2441 2018 canonem
2481 1957 2593 2019 hoc
2643 1944 2843 2021 facere
2890 1944 3263 2039 deprehensi
3315 1944 3561 2035 fuerint,
3596 1960 3639 2020 ii

198 2069 203 2072 '
254 2047 495 2106 τοιοῦτοι
539 2044 951 2126 ἀφιστάσθωσαν
1000 2050 1094 2100 τοῦ
1149 2043 1464 2120 παρανόμου
1531 2043 1719 2100 τούτου
1779 2065 1906 2101 συν-

259 2138 522 2207 οικεσίου,
555 2136 741 2192 ἔπειτα
772 2133 826 2190 δὲ
868 2135 963 2191 καί
1011 2146 1130 2200 τοῖς
1174 2138 1281 2189 τῶν
1332 2133 1696 2212 πορνευόντων
1725 2131 1905 2189 ἐπιτι-

257 2229 408 2300 μίοις
434 2223 919 2294 ὑποϐληθήτωσαν,

342 2317 443 2381 νδ’.
503 2323 611 2384 Τῆς
656 2318 798 2378 θείας
853 2316 996 2387 ἡμᾶς
1056 2312 1196 2369 οὕτω
1263 2314 1447 2392 σαφῶς
1492 2311 1903 2380 ἐκδιδασκούσης

254 2408 472 2488 Γραφῆς
508 2423 523 2438 .
587 2407 695 2464 οὒκ
752 2402 1026 2478 εἷσελεύσῃ
1084 2403 1217 2478 πρὸς
1272 2403 1446 2459 πάντα
1478 2405 1679 2460 οἰκεῖον
1710 2402 1906 2480 σαρκός

253 2519 376 2571 σου,
454 2495 799 2569 ἀποκαλύψαι
852 2493 1250 2572 ἀσχημοσύνην
1321 2494 1503 2568 αὖτοῦ,
1569 2495 1597 2549 ὁ
1640 2491 1900 2571 θεοφιλὴς

249 2587 534 2650 Βασίλὲιος
563 2585 680 2642 τινὰ
711 2589 816 2640 τῶν
850 2582 1306 2659 ἀπηγορευμένων
1348 2583 1537 2661 γάμων
1585 2582 1637 2638 ἐν
1667 2594 1786 2647 τοῖς
1817 2583 1902 2638 οἰ-

249 2678 418 2742 κείοις
483 2677 700 2732 κανόσιν
772 2673 1212 2752 ἂπηριθμήσατο,
1287 2677 1469 2750 σιωπῇ
1527 2674 1591 2728 τὰ
1666 2672 1901 2729 πλεῖστα

245 2765 637 2844 παραδραμὼν,
670 2765 758 2820 καὶ
815 2763 936 2818 κατ’
983 2762 1258 2842 ἀμφότερα
1303 2763 1704 2825 κατασκευάσας
1761 2761 1901 2836 ἡμῖν

245 2859 314 2914 τὸ
349 2854 643 2935 ὠφέλιμον.
678 2854 746 2911 Τὸ
777 2852 876 2930 γὰρ
929 2858 1032 2908 τῶν
1062 2853 1303 2931 αἰσχρῶν
1347 2853 1649 2927 ὀνομασιῶν
1695 2855 1900 2919 πλῆθος

245 2944 751 3024 παραιτησάμενος,
814 2943 888 3004 ὡς
942 2941 1002 2995 ἃν
1034 2941 1111 3014 μὴ
1142 2943 1233 2996 τὸν
1264 2940 1427 3017 λόγον
1462 2939 1895 3018 καταρῤυπαίνοι,

245 3048 376 3097 τοῖς
408 3034 612 3111 ῥήμασι
643 3043 884 3110 γενικοῖς
934 3029 1103 3104 ὄνομα
1146 3035 1244 3096 τῆς
1299 3030 1620 3108 ἀκαθαρσίας
1663 3029 1896 3110 διέλαϐε,

247 3123 325 3181 δι’
382 3125 457 3177 ὧν
514 3123 866 3200 περιεκτικῶς
937 3119 1077 3196 ἡμῖν
1134 3121 1253 3184 τοὺς
1313 3121 1653 3196 παρανόμους
1699 3122 1901 3198 γάμους

249 3211 524 3277 ὑπέδειξεν
557 3226 570 3240 '
618 3208 807 3276 ἐπειδὴ
851 3215 918 3286 τῇ
960 3209 1188 3288 τοίαύτῃ
1232 3215 1434 3286 σιωπῇ,
1481 3211 1569 3266 καὶ
1613 3217 1689 3284 τῷ
1745 3208 1898 3265 ἀδια-

248 3302 484 3381 γνώστῴ
564 3309 663 3372 τῆς
749 3304 855 3355 τῶν
941 3299 1184 3364 ἀθέσμων
1241 3300 1433 3377 γάμων
1490 3300 1903 3378 ἀπαγορεύσεως

249 3392 454 3458 ἑαυτὴν
506 3392 541 3458 ἡ
591 3391 749 3471 φύσις
791 3387 1038 3468 συνέχεε,
1085 3388 1390 3464 συνείδομεν
1461 3391 1784 3469 γυμνότερον
1843 3390 1906 3445 τὰ

251 3482 378 3559 περὶ
407 3481 596 3538 τούτου
641 3478 908 3554 ἐκθέσθαι,
971 3479 1234 3557 ὁρίζοντες
1289 3479 1396 3536 ἀπὸ
1449 3483 1538 3536 τοῦ
1585 3488 1672 3537 νῦν
1703 3481 1794 3536 τὸν
1835 3485 1904 3555 τῇ

250 3571 426 3643 οἰκείᾳ
483 3568 744 3646 ἐξαδέλφῃ
826 3570 957 3646 πρὸς

249 3683 444 3737 μενον,
504 3660 540 3728 ἢ
597 3659 802 3736 πατέρα
858 3659 941 3713 καὶ
983 3660 1096 3714 υἱὸν
1155 3660 1316 3737 μητρὶ
1367 3660 1453 3715 καὶ
1483 3660 1718 3737 θυγατρὶ,
1748 3660 1784 3726 ἢ
1814 3659 1900 3716 δύο

249 3751 440 3826 γόραις
490 3746 748 3827 ἀδελφαῖς
795 3746 996 3826 πατέρα
1053 3747 1150 3803 καῖ
1196 3751 1326 3822 υἱὸν,
1374 3748 1408 3816 ἢ
1473 3747 1726 3827 ἀδελφοῖς
1777 3748 1899 3806 δ’)σῖ

245 3839 461 3917 μητέρα
504 3839 593 3895 καὶ
649 3836 936 3916 θυγατέρα,
993 3837 1028 3905 ἢ
1090 3835 1347 3916 ἀδελφοὺς
1392 3836 1480 3894 δύο
1539 3837 1681 3894 δυσὶν
1738 3838 1899 3895 ἀδελ-

241 3943 406 4011 φαῖς,
438 3929 538 3984 ὑπὸ
569 3929 662 3983 τὸν
691 3929 792 3994 της
825 3927 1109 3991 ἑπταετίας
1140 3929 1353 3984 πίπτειν
1410 3929 1632 4003 κανόνα,
1672 3928 1901 4008 ἀφιστα-

242 4020 426 4096 μένων
514 4021 688 4076 αὖτῶν
771 4013 1053 4096 προδήλως
1114 4025 1208 4074 τοῦ
1280 4018 1592 4096 παρανόμου
1661 4039 1899 4074 συνοικε-

1042 3569 1218 3646 γάμου
1294 3571 1576 3626 κοινωνίαν
1633 3572 1898 3628 συναπτό-

243 4111 388 4167 σίου.

333 4196 444 4274 οβ’.
507 4197 596 4263 Μὴ
654 4195 853 4261 ἐξέστω
910 4193 1184 4273 όρθόδοξον
1227 4194 1410 4276 ἄνδρα,
1474 4198 1716 4275 αἱρετικῇ
1772 4218 1902 4252 συν-

246 4288 514 4348 ἅπτεσθαι
559 4289 791 4362 γυναικὶ,
827 4308 884 4345 κ.
917 4308 969 4345 τ.
1003 4283 1059 4344 λ.

336 4375 464 4452 cf.
527 4366 585 4433 ὀ
656 4375 819 4453 ἑτέρῳ
887 4378 1309 4449 μνηστευθεῖσαν
1362 4387 1617 4454 γυναῖκα,
1681 4377 1756 4433 ἔτι
1811 4385 1904 4434 τοῦ

1993 2043 2241 2123 quidem
2274 2047 2414 2106 406
2444 2047 2641 2127 primo
2672 2047 2746 2132 ab
2808 2048 2923 2110 hoc
2980 2048 3196 2110 illicito
3252 2049 3637 2111 matrimonio

1991 2134 2304 2212 desistant,
2361 2136 2582 2198 deinde
2633 2147 2690 2199 et
2745 2138 3180 2201 fornicatorum
3219 2139 3412 2220 pinnis
3442 2139 3637 2219 subji-

1986 2225 2249 2290 ciantur.

2067 2315 2166 2378 54.
2203 2315 2349 2379 Cum
2407 2317 2610 2379 divina
2645 2317 2956 2398 Scriptura
2986 2337 3097 2380 nos
3129 2328 3335 2401 aperte
3368 2320 3582 2382 doceat
3616 2340 3630 2381 :

1987 2405 2122 2467 Non
2154 2406 2530 2487 ingrediens
2560 2407 2641 2468 ad
2671 2425 2907 2470 omnem
2929 2415 3452 2488 consanguineam
3484 2426 3632 2472 car-

1989 2496 2086 2556 nis
2119 2502 2239 2557 tua
2271 2496 2352 2557 ad
2394 2496 2790 2558 revelandam
2818 2499 2948 2574 ejus
2979 2499 3423 2578 turpitudinem
3454 2499 3507 2574 ι,
3538 2498 3633 2559 di-

1985 2583 2155 2644 vinus
2187 2584 2446 2645 Basilius
2475 2587 2507 2636 5
2560 2585 2884 2648 nonnullas
2931 2586 3270 2667 prohibitas
3304 2588 3543 2668 nuptias
3571 2589 3632 2648 in

1984 2671 2111 2732 suis
2139 2671 2473 2735 canonibus
2505 2674 2908 2749 enumeravit,
2943 2675 3149 2735 multis
3196 2675 3440 2738 silentio
3474 2694 3633 2756 prae-

1985 2761 2202 2844 teritis,
2239 2770 2296 2823 et
2328 2762 2421 2823 his
2481 2763 2752 2844 utrisque
2809 2763 2986 2825 nobis
3035 2765 3355 2826 utilitatem
3407 2764 3630 2827 attulit.

1984 2849 2278 2930 Turpium
2311 2852 2473 2912 enim
2509 2853 2821 2914 nominum
2871 2851 3257 2914 multitudine
3289 2858 3522 2931 evitata,
3559 2872 3635 2916 ne

1983 2939 2185 3002 verbis
2216 2942 2554 3002 oralionem
2593 2942 2916 3022 pellueret,
2951 2943 3342 3022 generalibus
3379 2943 3638 3005 nomini-

1985 3028 2097 3091 bus
2125 3030 2508 3110 impuritates
2540 3032 2893 3112 complexus
2927 3041 3038 3106 est,
3079 3051 3187 3113 per
3218 3051 3363 3114 quas
3396 3032 3636 3112 legibus

1988 3120 2200 3181 vetitas
2232 3123 2466 3201 nuptias
2495 3120 2672 3183 nobis
2695 3123 2754 3182 in
2781 3140 3014 3185 summa
3046 3122 3632 3196 ostendit.Quoniam

1987 3216 2186 3271 autem
2221 3218 2470 3288 prOpter
2501 3211 2798 3290 ejusmodi
2831 3212 3170 3288 silentium,
3216 3221 3275 3274 et
3323 3214 3479 3295 quod
3515 3231 3634 3274 non

1987 3298 2253 3360 discerni
2285 3309 2487 3379 posset
2519 3300 2865 3363 illicitarum
2895 3303 3240 3383 nuptiarum
3277 3303 3631 3384 prohibitio,

1987 3388 2253 3468 seipsam
2316 3398 2528 3451 natura
2586 3390 2906 3454 confudit:
2972 3391 3150 3454 nobis
3197 3393 3389 3453 visum
3444 3403 3634 3453 estea

1990 3478 2169 3559 paulo
2200 3480 2466 3558 apertius
2496 3495 2827 3558 exponere,
2862 3479 2936 3541 ab
2997 3482 3109 3541 hoc
3161 3481 3454 3560 deinceps
3481 3490 3634 3543 tem-

1985 3586 2132 3648 pore
2163 3567 2661 3642 decernentes,ut
2694 3570 2796 3650 qui
2829 3588 2962 3630 cum
2997 3569 3195 3650 patrui
3229 3571 3325 3630 sui
3359 3570 3480 3630 ﬁlia
3514 3588 3637 3630 ma-

1985 3656 2254 3719 trimonii
2317 3658 2669 3719 societatem
2723 3659 2974 3740 inierit;
3029 3660 3121 3721 vel
3155 3668 3325 3740 pater
3357 3667 3416 3721 et
3448 3659 3631 3735 ﬁlius,

1984 3747 2087 3828 qui
2118 3765 2254 3808 cum
2291 3754 2484 3809 matre
2513 3756 2572 3810 et
2604 3746 2726 3808 {ilia
2757 3770 2772 3820 ;
2808 3749 2905 3810 vel
2957 3767 3092 3810 cum
3148 3748 3382 3811 duabus
3413 3749 3634 3830 puellis

1984 3839 2298 3901 sororibus
2323 3845 2491 3918 pater
2521 3847 2578 3899 et
2611 3839 2810 3914 tilius;
2845 3839 2937 3901 vel
2968 3859 3103 3901 cum
3139 3839 3376 3901 duobus
3425 3839 3631 3900 fratri-

1984 3929 2095 3990 bus
2129 3935 2321 3990 mater
2381 3937 2442 3989 et
2494 3929 2639 4009 tilia,
2694 3930 2785 3991 vel
2822 3930 3039 3992 fratres
3073 3929 3192 3991 duo
3225 3948 3359 3991 cum
3395 3929 3633 3992 duabus

1984 4018 2393 4095 sororibus,in
2425 4018 2727 4099 septennii
2758 4038 3052 4081 canonem
3085 4019 3458 4094 incidant,iis
3489 4037 3631 4100 pro-

1985 4108 2081 4171 cul
2113 4107 2298 4169 dubio
2328 4108 2625 4188 separatis
2655 4127 2686 4169 a
2720 4109 2952 4171 nefario
2986 4109 3392 4171 contubernio
3423 4109 3477 4172 6.

2065 4197 2304 4261 72.Νο11
2338 4198 2523 4262 licere
2551 4199 2741 4259 virum
2773 4201 3181 4261 orthodoxum
3217 4218 3353 4261 cum
3379 4198 3639 4261 muliere

1986 4287 2272 4349 haeretica
2302 4286 2612 4366 conjungi,
2649 4296 2794 4368 etc.,
2826 4298 2895 4350 ut
2922 4306 3066 4369 pag.
3092 4289 3234 4351 883.

2067 4378 2167 4440 98.
2194 4376 2307 4449 Qui
2340 4377 2514 4438 alteri
2540 4378 2961 4456 desponsatam
2993 4379 3309 4442 mulierem
3347 4397 3416 4441 eo
3446 4378 3644 4441 adhuc

246 4466 729 4545 μνηστευσαμένου
761 4473 983 4546 ζῶντος,
1018 4469 1150 4544 πρὸς
1202 4467 1376 4544 γάμου
1433 4468 1716 4524 κοινωνίαν
1767 4468 1902 4548 ἂγό-

2005 4467 2121 4529 vivo
2153 4469 2249 4528 cui
2283 4467 2650 4548 desponsata
2701 4477 2814 4542 est,
2867 4469 2926 4529 in
2961 4469 3307 4548 nuptiarum
3342 4469 3510 4531 ducit
3538 4487 3642 4532 so-

247 4581 440 4639 μενος,
475 4565 552 4632 τῷ
585 4563 682 4624 τῆς
714 4559 966 4639 μοιχείας
998 4558 1295 4614 ὑποκείσθω
1324 4555 1651 4634 ἐγκλήματι,

495 4645 729 4706 Συνόδου
757 4653 853 4711 τῆς
887 4647 1126 4710 ἐνώσεως
1159 4647 1334 4702 κανὼν
1367 4644 1440 4720 α’,
1474 4647 1551 4722 β’,
1589 4647 1664 4725 γ’.

334 4737 411 4795 α’.
474 4736 742 4816 Τέταρτον
786 4737 961 4815 γάμον
1008 4734 1198 4810 μηδενὶ
1247 4736 1569 4808 τολμᾶσθαι,
1604 4735 1727 4792 ἀλλ’
1763 4741 1902 4795 εἶναι

243 4826 562 4893 ἀπόϐλητον
605 4825 908 4905 παντελῶς,
943 4826 997 4880 εἴ
1027 4847 1107 4888 τις
1139 4827 1224 4882 ὲπὶ
1274 4833 1514 4882 τοιοῦτον
1552 4825 1729 4883 ἐλθεῖν
1773 4850 1903 4885 συν-

245 4915 483 4974 οικέσιον
541 4915 931 4995 προθυμηθείη,
992 4915 1171 4981 πάσης
1255 4913 1695 4992 ἀπεστερημένον
1755 4918 1901 4974 εἶναι

243 5005 512 5071 συνάξεως
571 5004 1046 5073 ὲκκλησιαστικῆς,
1095 5005 1181 5060 καὶ
1227 5005 1390 5070 αὐτῆς
1462 5009 1557 5070 τῆς
1619 5007 1750 5084 πρὸς
1809 5010 1900 5065 τὸν

240 5091 403 5171 ἅγιον
456 5094 580 5150 ναὸν
631 5092 835 5150 εἰσόδου
882 5092 1188 5168 ἀλλότριον,
1225 5092 1421 5172 μέχρις
1454 5094 1518 5148 ἃν
1547 5093 1790 5169 ἐπιμένοι
1823 5104 1898 5172 τῷ

1989 4558 2289 4631 cietatem,
2323 4557 2604 4619 adulterii
2639 4559 2880 4621 crimini
2913 4558 3297 4638 subjiciatur.

2257 4647 2522 4710 Concilia‘
2548 4651 2794 4710 um’om’s
2826 4666 3084 4710 canones
3119 4650 3174 4724 t,
3202 4650 3263 4720 2,
3298 4649 3359 4711 3.

2065 4738 2202 4798 407
2241 4745 2293 4797 1.
2331 4737 2553 4798 Tribus
2608 4737 2836 4818 nuptiis
2885 4745 3128 4816 quartas
3161 4736 3430 4815 adjicere
3460 4753 3638 4797 nemo

1985 4826 2446 4909 praesumat,sed
2474 4844 2720 4903 prorsus
2743 4827 2910 4888 abiis
2932 4827 3333 4896 abstineat,ac
3355 4824 3639 4886 recorde-

1988 4926 2082 4978 tur
2100 4935 2164 4977 se
2191 4934 2296 4996 per
2320 4915 2442 4977 tale
2468 4914 2697 4976 facinus
2719 4914 2792 4976 ab
2819 4915 2983 4974 omni
3008 4912 3315 4974 communi
3352 4911 3636 4972 ecclesia-

1985 5007 2288 5077 stica,imo
2312 5004 2385 5066 ab
2404 5005 2569 5066 omni
2594 5005 2757 5065 aditu
2783 5004 3000 5064 domus
3022 5020 3208 5063 sacra
3223 5001 3534 5063 exclusum
3558 5001 3633 5062 iri

1985 5115 2090 5178 per
2114 5114 2294 5158 omne
2322 5103 2559 5174 tempus
2582 5112 2700 5174 quo
2720 5095 2833 5153 isto
2859 5092 2992 5154 vita:
3015 5109 3238 5171 genere
3272 5099 3497 5153 utatur.
3534 5089 3632 5153 Sic

242 5183 586 5244 συνοικεσίω.
665 5191 828 5241 Τοῦτο
885 5183 985 5260 γὰρ
1039 5184 1125 5239 καὶ
1179 5196 1298 5247 τοῖς
1358 5185 1458 5259 πρὸ
1510 5185 1666 5259 ἡμῶν
1722 5185 1894 5264 ἀγίοις

2005 5187 2143 5248 enim
2165 5185 2389 5247 sanctis
2405 5181 2572 5264 prius
2589 5182 2770 5242 etiam
2789 5200 2965 5262 quam
2986 5180 3631 5261 nobis,placuit.Quam

241 5269 391 5337 ἔδοξε
423 5273 682 5350 Πατράσι,
718 5275 808 5330 καὶ
831 5275 998 5348 ἡμεῖς
1030 5271 1085 5328 δὲ
1132 5275 1229 5340 τὴν
1277 5272 1502 5351 γνώμην
1546 5273 1893 5355 ἐνδηλοτέραν

2005 5277 2225 5358 ιυίιιθηι
2294 5277 2662 5336 sententiam
2732 5270 3121 5333 dilucidaturi
3205 5271 3634 5333 confirmamus

240 5369 519 5437 ποιοῦτες,
568 5365 640 5425 ὡς
673 5361 954 5440 ἀλλότριον
985 5365 1140 5422 αὐτὸν
1198 5368 1297 5431 τῆς
1360 5365 1742 5442 Χριστιανικῆς
1786 5391 1894 5425 πο-

2005 5363 2280 5448 jusmodi
2314 5361 2546 5443 nuptias
2579 5358 2849 5422 moribus
2873 5360 3228 5424 Christianis
3264 5378 3627 5442 repugnare.

242 5450 451 5516 λιτείας
493 5450 958 5532 ἀποκηρύττομεν
1007 5451 1128 5510 αλλ’
1174 5452 1312 5510 οὕτω
1355 5455 1454 5529 μὲν
1499 5454 1625 5534 περὶ
1674 5463 1766 5513 τοῦ
1809 5458 2062 5537 τετάρτου
2103 5457 2302 5535 γάμου.

332 5648 365 5700 4
394 5647 559 5713 Levit
586 5664 754 5727 xvm,
787 5649 846 5715 6.
932 5651 965 5704 5
989 5649 1133 5717 Can.
1163 5649 1240 5714 88
1269 5657 1332 5718 et
1363 5650 1464 5718 68.
1551 5651 1586 5705 ϐ
1613 5650 1769 5720 Vide
1799 5671 1934 5724 can.
1965 5655 2045 5720 23
2073 5654 2278 5722 Basilii
2309 5651 2383 5719 ad
2413 5649 2804 5736 Amphiloch.
