4134 6200
502 290 633 367 895
1705 250 1981 367 pHom
2020 299 2539 368 mmmam
2577 302 2698 369 ep.
3773 300 3903 374 896

547 430 735 500 2.Sed
748 431 1145 525 secundarum
1160 451 1403 517 quoque
1435 433 1878 517 tertiarumque
1904 435 2144 519 nuptia-

2309 441 2389 521 β’,
2432 442 2549 504 ’Ίνα
2577 442 2633 500 δὲ
2689 442 2779 502 καὶ
2820 442 2885 502 τὰ
2929 444 3038 503 τῶν
3078 440 3258 503 ἄλλων
3300 440 3492 523 γάμων
3542 442 3898 525 εὔσχημονέ-

506 541 643 588 rum
666 524 1047 589 conditiones
1068 525 1464 589 excusatione
1505 544 1656 608 opus
1690 525 1918 589 habent
1948 533 2144 607 utpote

2237 552 2417 610 στερον
2474 536 2714 611 τπωθῇ,
2784 531 2882 591 καί
2950 530 3045 592 τοῦ
3101 537 3209 590 τῶν
3254 536 3592 612 Χριστιανῶν
3634 524 3751 609 βίου
3815 534 3899 611 μὴ

511 614 988 679 Christianorum
1010 614 1284 679 moribus
1302 617 1500 679 minus
1520 616 2027 695 congruentes.Et
2042 623 2144 678 ter-

2234 620 2446 687 ἀνάξιον
2488 622 2597 703 ἔχῃ
2641 625 2741 691 τὴν
2802 623 3190 702 προσαγωγὴν,
3248 622 3337 681 καὶ
3389 624 3520 700 περί
3575 632 3673 683 τοῦ
3714 624 3898 701 τρίτου

509 704 855 794 ῆωιιιιὶἀειη
878 722 914 765 a
935 704 1217 794 Patribus
1240 706 1388 787 ipsis
1410 705 1611 768 minus
1634 706 1790 769 bene
1808 712 2007 769 etnon
2021 707 2144 794 sine

2234 712 2477 790 ὁρίζομεν
2504 713 2680 791 γάμου
2709 712 2848 771 ὥστε
2876 714 2958 790 μὴ
2988 711 3174 778 ἀπλῶς
3207 710 3345 789 μηδέ
3404 715 3479 778 ὡς
3523 710 3720 794 ἔτυχεν
3765 712 3897 771 ἔπι-

508 800 648 884 nota
678 793 984 856 sorditatis
1043 794 1649 858 commendabantur.
1704 794 1850 859 Cum
1880 796 2040 884 enim
2076 793 2144 858 ob

2234 800 2504 860 τελεῖσθαι
2548 802 2706 860 αδτόν
2741 819 2756 835 ⁹
2790 804 2879 860 καὶ
2928 804 3029 884 γὰρ
3076 803 3495 884 συγκεχώρηται
3528 793 3749 879 μὲννῶς
3795 804 3894 883 ῥύ-

506 882 798 964 majorem
823 884 1251 948 verecundiam
1277 904 1347 949 ea
1362 903 1462 948 res
1486 884 1721 967 pudore
1740 882 2144 961 nonvacabat,

2231 913 2423 968 πασμα
2477 904 2597 958 τοῖς
2674 882 2970 973 Πατράσιν,
3005 882 3300 953 οὐπώποτε
3343 893 3519 957 καθὼς
3583 894 3674 951 νῦν
3731 882 3894 971 γινο-

502 990 639 1063 nec,
666 983 731 1036 ut
758 992 921 1038 nunc
952 975 1225 1057 quidem,
1258 976 1322 1039 in
1354 994 1556 1039 mores
1602 976 1767 1056 ipsos
1804 975 2144 1038 transierat.

2233 979 2392 1056 μένου
2459 992 2554 1042 τοῦ
2628 984 2946 1063 πράγματος
3033 981 3562 1062 άπηρυθριασμένου,
3640 980 3753 1042 οὔδ’
3815 985 3892 1048 εἷς

498 1060 672 1154 Quod
707 1063 870 1126 enim
904 1065 1129 1127 accidit
1157 1065 1213 1128 ei
1239 1066 1344 1148 qui
1375 1084 1504 1129 rem
1530 1066 1857 1128 obscenam
1888 1065 1950 1127 in
1982 1072 2144 1147 parte

2231 1069 2433 1136 πλάτος
2491 1060 2896 1154 ἐξηπλωμένου,
2954 1069 3077 1130 ἀλλ’
3143 1060 3327 1151 ὥσπερ
3384 1070 3439 1128 εἴ
3495 1091 3579 1138 τις
3637 1070 3695 1128 ἒν
3748 1069 3893 1147 οἴκῳ

501 1152 718 1215 domus
747 1154 1063 1217 recondita
1091 1155 1407 1233 viderit,ut
1430 1155 1604 1219 ﬂocci
1624 1155 1825 1231 faciat,
1856 1155 1976 1216 imo
2007 1173 2147 1217 cum

497 1242 778 1307 libertate
800 1244 874 1307 de
898 1263 968 1307 ea
987 1245 1167 1309 verba
1187 1246 1481 1323 faciat,sic
1496 1259 1554 1311 et
1575 1264 1685 1309 nos
1702 1244 1991 1327 quidquid
2013 1263 2148 1306 sor-

499 1332 628 1396 didi
648 1332 1276 1417 inhaaserit,ejicimus
1309 1355 1375 1401 ac
1410 1335 1609 1399 minus
1639 1336 1915 1398 odiosum
1944 1333 2149 1398 reddi-

500 1441 658 1487 mus.
691 1423 880 1505 Igitur
908 1425 1241 1490 debilitatis
1264 1428 1543 1490 humanae
1572 1426 1806 1489 ratione
1851 1424 2056 1487 habita
2084 1432 2147 1487 et

497 1529 569 1577 ea
589 1533 723 1594 qua:
737 1515 1117 1579 Christianos
1132 1514 2145 1595 decet,verectindiausi,ejusmodi

498 1602 729 1686 nuptiis
756 1603 1183 1670 abstinendum
1216 1624 1352 1669 esse
1382 1606 1820 1670 existimamus.
1866 1604 2011 1667 Nam
2041 1604 2145 1684 qui

2234 1164 2661 1239 παραπεπτωκὸς
2704 1162 2758 1219 ἐν
2803 1163 2967 1241 γωνίᾳ
3028 1160 3240 1242 παρίδοι
3310 1159 3579 1225 πολλάκις
3638 1162 3893 1238 κείμενον

2227 1249 2478 1326 ῥύπασμα
2513 1271 2527 1285 ⁶
2564 1259 2652 1310 νῖὶν
2697 1252 2778 1309 ὅτι
2822 1252 3010 1332 χώραν
3066 1248 3226 1309 ἔλαϐε
3285 1249 3613 1332 παῤῥησίας,
3667 1253 3759 1308 καὶ
3814 1253 3893 1315 ὡς

2228 1336 2376 1396 οὐδὲν
2405 1338 2537 1420 ἔχον
2580 1342 2655 1406 εἰς
2687 1341 3085 1421 ἀσχημοσύνην
3138 1338 3255 1401 οὒδὲ
3282 1341 3543 1420 ῥυπαῖνον
3587 1340 3889 1418 λογίζεται,

2226 1428 2288 1485 ἐκ
2316 1436 2409 1487 τοῦ
2457 1428 2720 1509 προϐῆναι
2781 1433 2855 1497 εἰς
2899 1430 3238 1512 πληθυσμὸν,
3298 1428 3481 1497 καλῶς
3540 1428 3718 1496 ἔδοξεν
3749 1429 3892 1487 ἀνα-

2226 1520 2491 1598 καθαίρειν
2541 1523 2669 1582 αὐτὸ
2724 1521 2905 1601 ὥσπερ
2945 1520 3041 1579 καί
3075 1521 3282 1601 αἶσχος
3311 1522 3408 1578 οὒκ
3439 1520 3495 1577 ἐν
3527 1520 3699 1598 γωνίᾳ
3739 1542 3891 1599 παρ-

2226 1608 2543 1688 εῤῥιμμὲνον
2598 1610 2721 1668 ἀλλ’
2749 1609 3133 1687 ὲξηπλωμένον
3180 1611 3268 1668 ἐπὶ
3316 1613 3415 1677 τῆς
3475 1609 3673 1681 οἰκίας,
3720 1608 3891 1667 οὖδα-

498 1692 1022 1775 quadragesimum
1053 1696 1316 1777 attigerit
1344 1715 1593 1773 annum,
1628 1705 1686 1758 et
1725 1695 1889 1759 nullo
1919 1702 2144 1758 natura:

2226 1703 2343 1774 μῶς
2374 1699 2571 1781 ἐῶμεν,
2604 1700 2745 1757 ἀλλά
2777 1700 3122 1779 καθαίρομεν,
3176 1699 3265 1758 καὶ
3321 1700 3382 1756 τὸ
3412 1697 3475 1756 ἔκ
3502 1699 3694 1756 τούτου
3721 1696 3890 1766 ἀηδὲς

495 1791 560 1846 et
580 1782 789 1847 decori
808 1787 969 1866 quod
992 1806 1028 1849 a
1047 1786 1391 1850 Christiana
1422 1788 1758 1869 nunquam:
1783 1785 1998 1848 abesse
2026 1784 2142 1848 vita

2225 1787 2603 1866 ἀποϐάλλομεν
2637 1808 2656 1829 ο
2716 1789 2813 1847 καί
2851 1795 2921 1867 τῇ
2964 1788 3270 1868 ἀνθρωπίνῃ
3322 1790 3498 1846 τοίνυν
3530 1789 3892 1847 συνυπείκον-

495 1881 1005 1957 potest,respectu
1028 1877 1102 1940 ad
1128 1878 1365 1940 tertiam
1391 1875 2021 1950 curretuxorem,solo
2042 1894 2144 1938 vo-

2225 1901 2310 1943 τες
2343 1880 2585 1954 ἀσθενείᾳ
2640 1881 2730 1939 καὶ
2776 1885 2874 1947 τῆς
2930 1880 3243 1959 πρεπούσης
3303 1878 3571 1958 αἰσχύνης
3632 1876 3891 1957 φροντίδα

495 1963 742 2045 luptatis
764 1967 1008 2030 stimulo
1035 1967 1500 2043 excitatus,eum
1527 1984 1636 2045 per
1661 1965 2140 2047 quinquennium

2225 1969 2531 2043 ποιούμενοι
2587 1975 2655 2046 τῇ
2701 1973 3034 2047 Χριστιανῶν
3076 1974 3218 2045 ζωῇ,
3263 1974 3420 2026 τοῦτο
3478 1966 3568 2023 ἐπὶ
3618 1968 3727 2023 τῶν
3760 1988 3888 2045 τρι-

492 2064 1013 2119 sacramentorum
1076 2057 1535 2139 participatione
1584 2054 1809 2137 privari
1859 2054 2142 2135 jubemus

2225 2059 2411 2136 γάμων
2493 2057 2997 2138 παραφυλάττεσθαι
3080 2054 3403 2135 διορίζομεν,
3487 2055 3629 2113 ὥστε
3688 2055 3743 2113 εἴ
3801 2078 3886 2121 τις

492 2162 631 2207 cum
663 2146 827 2208 omni
858 2147 1204 2211 severitate.
1241 2147 1355 2221 Qui
1395 2146 1557 2209 enim
1613 2164 1736 2208 non
1788 2143 2031 2208 erubuit
2076 2145 2138 2206 in

2225 2146 2349 2226 πρὸς
2406 2148 2834 2224 τεσσαρακοστὸν
2891 2143 3242 2213 ἀναϐεϐηκὼς
3301 2144 3445 2220 ἔτος,
3488 2145 3580 2202 καὶ
3609 2146 3753 2221 μήτε
3782 2147 3886 2217 τῂν

494 2233 720 2297 Christi
743 2235 1013 2301 Ecclesia
1036 2236 1299 2301 hominis
1317 2236 1541 2318 impuri
1573 2244 1771 2317 partes
1791 2253 1857 2298 re
1878 2243 1934 2297 et
1953 2234 2135 2297 verbo

2225 2236 2374 2316 φύσιν
2406 2234 2738 2312 αἰδούμενος,
2798 2235 2935 2312 μήτε
2985 2240 3083 2303 τῆς
3137 2233 3495 2315 ὀφειλομένης
3530 2241 3887 2313 Χριστιανοῖς

490 2341 690 2403 agere,
720 2344 929 2407 parum
953 2328 1168 2408 dignus
1191 2334 1283 2391 est
1305 2326 1411 2406 qui
1433 2326 1763 2390 clementia
1783 2324 2018 2387 fruatur
2046 2325 2135 2386 fa-

2225 2324 2483 2401 εύκόσμου
2523 2329 2667 2397 ζωῆς
2698 2323 2945 2405 φροντίδα
2976 2326 3324 2401 ποιούμενος,
3377 2320 3518 2379 ἀλλά
3574 2322 3752 2399 μόνης
3779 2329 3887 2392 τῆς

488 2422 845 2497 ctorumque
878 2418 1321 2499 indulgentiam
1347 2426 1773 2499 persequatur.
1796 2415 1957 2477 Licet
1974 2414 2134 2477 enim

2225 2419 2485 2491 ὲμπαθοῦς
2549 2416 2826 2492 ἐπιθυμίας
2876 2416 3193 2495 γενόμενος,
3262 2415 3395 2493 πρὸς
3457 2414 3637 2492 τρίτον
3691 2415 3886 2473 ἑαυτὸν

486 2502 551 2565 in
575 2521 813 2569 sacrum
839 2516 1060 2571 cretum
1084 2517 1365 2589 receptus
1390 2507 1571 2569 fuerit
1590 2524 1698 2587 per
1728 2504 2003 2585 gratiam,
2025 2505 2136 2566 ista

2225 2504 2517 2584 ἒπιῤῥίπτοι
2575 2506 2774 2584 γάμον,
2834 2512 3021 2562 τοῦτον
3078 2503 3216 2580 μετά
3267 2504 3448 2571 πάσης
3478 2502 3758 2582 ἀκριϐείας
3789 2500 3883 2561 καῖ

485 2597 686 2654 tamen
702 2597 972 2675 receptio
988 2598 1250 2678 perfecta
1266 2615 1386 2659 non
1400 2595 1515 2658 erit
1528 2595 1659 2657 sine
1674 2592 2136 2657 resurrectionis

2225 2594 2668 2674 παρατηρήσεως,
2716 2595 2885 2675 μέχρι
2914 2597 3229 2657 πενταετίας
3275 2593 3555 2674 ἀμέτοχον
3603 2598 3749 2651 εἶναι
3778 2600 3883 2662 τῆς

487 2678 814 2747 Salvatoris
837 2686 1029 2749 nostri
1052 2695 1111 2749 et
1134 2685 1241 2748 Dei
1266 2685 1589 2761 beneﬂcio;
1612 2702 1801 2765 quare
1821 2682 2134 2746 abstinen-

491 2768 591 2833 tize
613 2774 1127 2857 continentiaeque
1145 2774 1282 2838 408
1304 2792 1549 2856 operam
1565 2773 1763 2836 dando
1773 2772 1848 2837 ad
1861 2773 2137 2855 puritatis

2217 2692 2311 2742 τοῦ
2364 2686 2632 2764 ἀγιασμοῦ
2689 2683 3080 2761 μεταλήψεως,
3127 2685 3216 2740 καὶ
3260 2681 3528 2759 μηδαμῶς
3585 2680 3668 2739 ἐπ’
3733 2680 3884 2756 αὒτῷ

2217 2775 2597 2851 συντέμνεσθαι
2642 2775 2733 2833 τὸν
2792 2774 3018 2854 χρόνον.
3075 2772 3177 2838 "Oc
3238 2774 3338 2852 γὰρ
3369 2772 3508 2848 μετὰ
3540 2793 3879 2846 τεσσαρακο-

494 2868 716 2924 statum
738 2874 1103 2945 revertetur;
1128 2873 1271 2947 puta
1299 2864 1403 2927 ubi
1433 2883 1466 2927 ο
1495 2862 1797 2945 prioribus
1818 2862 2137 2925 connubiis

2225 2866 2343 2922 στὸν
2376 2863 2494 2926 ἔτος
2548 2866 2609 2921 τὰ
2666 2864 2920 2943 ῥύπασμα
2970 2861 3024 2918 ἐν
3067 2864 3137 2940 τῇ
3181 2868 3276 2919 τοῦ
3308 2868 3543 2940 Χριστοῦ
3579 2860 3883 2935 Ἐκκλησία

494 2949 675 3014 liberi
708 2955 1004 3034 procreati
1032 2975 1154 3018 non
1182 2955 1423 3030 adsunt,
1451 2961 1584 3036 post
1613 2952 2133 3034 quadragesimum

2225 2959 2362 3012 εἶναι
2391 2955 2479 3012 καὶ
2509 2953 2757 3033 λέγεσθαι
2809 2954 3090 3030 ἠγάπησε,
3152 2952 3271 3011 τίνα
3326 2949 3544 3029 παρέξει
3590 2950 3881 3029 πληροφο-

491 3041 627 3104 vitas
647 3060 870 3107 annum
896 3046 969 3108 ad
1004 3046 1214 3110 tertias
1237 3045 1559 3108 convolare
1590 3046 1858 3124 nuptias,
1882 3044 1970 3106 fas
2003 3061 2138 3106 esse

2225 3046 2333 3124 ρίαν
2391 3051 2488 3112 της
2547 3045 2666 3123 περὶ
2722 3045 2814 3102 τὸν
2846 3044 2958 3121 βίον
3004 3043 3165 3100 αὖτοῦ
3194 3039 3453 3116 σπουδῆς,
3489 3039 3562 3097 δι’
3589 3042 3655 3109 ἣν
3687 3043 3715 3098 ὃ
3746 3042 3879 3122 χρόα

492 3132 655 3211 quod
684 3133 882 3198 facere
913 3138 1083 3199 nefas
1107 3137 1223 3199 erit
1255 3135 1355 3199 ubi
1387 3135 1512 3199 nati
1554 3135 1913 3215 superstites
1934 3134 2134 3217 priora

2225 3155 2303 3199 νος
2353 3133 2448 3203 τῆς
2505 3135 2864 3211 μεταλήψεως
2924 3140 3031 3193 τῶν
3062 3132 3413 3211 ἁγιασμάτων
3445 3131 3592 3204 αὖτῷ
3626 3153 3877 3207 συντμη-

494 3222 800 3287 connubia
832 3227 1210 3289 annuntiant.
1257 3225 1408 3298 Quid
1442 3225 1603 3289 enim
1644 3224 1927 3306 injustius
1954 3243 2133 3304 quam

2225 3226 2484 3299 θήσεταις
2545 3222 2716 3280 Ἀλλᾶ
2794 3224 2896 3302 γὰρ
2951 3226 3038 3280 καὶ
3098 3222 3237 3298 μετᾶ
3297 3222 3361 3277 τὸ
3418 3220 3712 3289 ἀξιωθῆναι
3774 3224 3879 3290 τῆς

492 3309 732 3374 libidini
757 3313 1178 3397 inopportunaa
1200 3316 1499 3396 deditum,
1525 3314 1755 3378 liberos
1779 3333 1812 3377 a
1836 3314 2135 3395 prioribus

2225 3312 2487 3394 Ξιχράντου
2542 3312 2925 3389 μεταλήψεως,
2986 3313 3084 3369 οὐκ
3152 3309 3301 3367 ἔσται
3371 3308 3880 3390 συγκεχωρημένον

493 3409 808 3483 susceptos
840 3406 1127 3469 uxoribus
1152 3405 1454 3485 negligere
1486 3412 1765 3484 tanquam
1799 3422 1975 3481 onus,
2011 3423 2136 3466 mo-

2225 3402 2362 3476 αύτῷ
2405 3401 2460 3457 ἐν
2517 3400 2665 3476 ἄλλῳ
2704 3408 2875 3481 καιρῷ
2932 3407 3003 3477 τῇ
3062 3399 3369 3476 μεταλήψει
3414 3398 3716 3476 προσιέναι,
3754 3399 3792 3468 ἢ
3822 3398 3881 3455 ἐν

491 3490 749 3567 lestiam,
760 3496 1094 3575 praesertim
1118 3495 1222 3559 ubi
1240 3494 1571 3558 liberorum
1603 3492 1969 3557 abundantia
1997 3500 2135 3557 est?

2225 3494 2359 3569 μόνῃ
2388 3498 2456 3569 τῇ
2501 3499 2594 3550 τοῦ
2624 3497 2877 3571 Σωτῆρος
2911 3491 3000 3548 καὶ
3030 3496 3164 3547 Θεοῦ
3215 3490 3373 3565 ἡμῶν
3420 3488 3742 3563 ἀναστάσει,
3789 3486 3880 3545 διὰ

491 3579 604 3653 Qui
628 3581 811 3661 igitur
842 3585 1086 3666 triginta
1114 3604 1307 3650 annos
1331 3590 1508 3648 natus
1555 3592 1691 3666 post
1720 3592 2033 3663 susceptos
2062 3602 2133 3645 ex

2225 3583 2315 3650 τὴν
2344 3584 2408 3639 ὲκ
2454 3586 2554 3649 της
2615 3578 3027 3659 προηγουμένης
3082 3577 3399 3659 ἐγκρατείας
3442 3583 3552 3633 τῶν
3608 3580 3879 3644 νηστειῶν

490 3672 780 3736 uxoribus
796 3665 1021 3738 liberos
1047 3676 1254 3740 tertias
1274 3665 2137 3755 inieritnuptias,perquatdor

2225 3671 2340 3729 ὅσον
2383 3668 2604 3727 δυνατὸν
2663 3669 3042 3748 ἀνακάθαρσιν.
3104 3674 3285 3727 Ταῦτα
3315 3665 3371 3725 δέ
3400 3688 3603 3749 φαμεν,
3632 3665 3763 3725 ὅταν
3797 3668 3879 3743 μὴ

490 3778 687 3825 annos
716 3782 1022 3829 sacrorum
1058 3767 1358 3848 particeps
1388 3784 1463 3828 ne
1513 3754 1639 3827 esto
1687 3754 2132 3845 mysteriorum,

2225 3762 2373 3819 τέκνα
2401 3765 2549 3837 παρῇ
2578 3759 2638 3816 ἐκ
2686 3766 2792 3817 τῶν
2837 3757 3109 3838 προτέρων
3154 3758 3369 3836 γάμων,
3416 3769 3537 3821 τοῖς
3583 3754 3687 3825 ἤδη
3736 3758 3879 3832 μετὰ

490 3850 714 3933 quippe
736 3873 914 3935 quem
953 3846 1101 3919 nihil
1132 3846 1394 3931 aliud',ut
1422 3855 1651 3919 clarum
1684 3862 1801 3931 est,
1834 3854 1948 3916 nisi
1980 3874 2130 3918 con-

2225 3852 2273 3909 τὸ
2330 3849 2756 3928 τεσσαρακοστὸν
2800 3848 2945 3929 ἔτος,
2992 3851 3178 3926 τρίτην
3208 3847 3435 3926 ἄγεσθαι
3462 3846 3876 3926 προῃρημένοις

493 3942 863 4022 cupiscentia
883 3954 941 4008 el
963 3947 1255 4009 etl‘renata
1278 3945 1465 4008 libido
1493 3945 1567 4008 ad
1606 3943 1849 4022 nuptias
1874 3964 2127 4027 compu-

2225 3951 2444 4018 γυναῖκα
2475 3955 2490 3970 ·
2526 3938 2643 3995 ἐπεὶ
2674 3938 2764 3994 ἐὰν
2794 3937 2956 3994 τέκνα
3013 3942 3183 4014 παρῇ,
3245 3935 3640 4015 ἀσυγχώρητος
3684 3938 3875 4001 αὐτοῖς

488 4027 577 4091 lit.
612 4030 780 4104 Quod
814 4035 864 4097 si
896 4043 1105 4115 postea
1151 4035 1454 4116 mysteriis
1483 4033 1541 4096 ei
1586 4033 1702 4096 frui
1735 4024 2125 4111 concedetur,

2225 4032 2246 4099 ἣ
2276 4029 2529 4108 τριγαμία
2564 4047 2577 4061 ⁸
2612 4026 2730 4084 λίαν
2775 4027 2877 4105 γάρ
2919 4030 3066 4085 ἔστιν
3110 4024 3317 4100 ἄδικον,
3351 4025 3450 4092 τὴν
3509 4024 3609 4099 μὲν
3640 4025 3875 4104 χαρίζε-

488 4128 582 4181 ter
612 4140 720 4202 per
746 4112 968 4186 annum
1024 4125 1096 4187 ad
1150 4112 1577 4188 eucharistiam
1610 4123 1879 4203 accedet,
1908 4124 2123 4205 primo,

2225 4123 2335 4176 τθαι
2380 4123 2451 4194 τῇ
2499 4115 2679 4194 ἐξώρῳ
2736 4115 3011 4195 ἐπιθυμίᾳ,
3059 4128 3181 4178 τοῖς
3230 4113 3286 4170 δὲ
3334 4113 3486 4171 παισὶ
3518 4118 3627 4170 τιῖιν
3669 4112 3875 4192 προτέ-

486 4218 759 4290 tempore
789 4213 1070 4277 salutaris
1115 4214 1583 4277 resurrectionis
1625 4215 1768 4274 Jesu
1816 4201 2039 4277 Christi
2071 4224 2129 4278 et

2225 4232 2317 4267 mw
2361 4208 2553 4286 γάμων
2585 4206 2663 4281 μὴ
2694 4208 3040 4283 προνοεῖσθαι
3082 4206 3146 4261 τὸ
3175 4201 3412 4283 ἀσφαλὲς
3454 4203 3544 4258 καὶ
3575 4204 3637 4260 τὸ
3668 4202 3877 4261 ἄλυπον

483 4296 619 4374 Dei;
650 4300 839 4363 altera
869 4303 1000 4367 vice
1030 4304 1091 4367 in
1114 4303 1529 4385 assumptione
1567 4300 1963 4365 immaculata
1984 4302 2128 4366 Dei-

2225 4299 2300 4354 ιαὶ
2342 4295 2642 4375 ἀτάραχον,
2688 4296 2779 4352 καὶ
2833 4294 2958 4351 ὅσον
3011 4292 3130 4350 οἶδε
3185 4294 3249 4350 τὸ
3309 4291 3641 4370 ἀνθρώπινον
3698 4313 3881 4350 κατα-

484 4405 665 4466 paraa;
706 4394 880 4454 tertia
908 4393 1037 4456 vice
1066 4394 1129 4455 in
1151 4393 1306 4455 festo
1323 4379 1479 4456 'Jesu
1502 4390 1725 4456 Christi
1762 4394 1989 4474 Deique
2018 4412 2128 4456 na-

2225 4383 2509 4462 λαμϐάνειν
2552 4384 2610 4441 ὲκ
2641 4383 2741 4452 τῆς
2783 4382 3127 4461 πολυσπόροτ
3184 4380 3524 4446 τεκνώσεως.
3561 4381 3661 4439 Καὶ
3692 4379 3749 4436 εἴ
3791 4403 3879 4445 τις

483 4476 698 4552 telitio;
732 4480 948 4561 quibus
973 4481 1187 4546 diebus
1211 4482 1516 4563 jejunium
1552 4481 1669 4544 erit
1695 4466 2120 4546 exercendum.

2225 4479 2263 4534 ῖὲ
2318 4474 2737 4553 τριακονταετὴς
2767 4472 2869 4553 ὢν,
2898 4474 2988 4529 καὶ
3020 4472 3181 4528 τέκνα
3210 4466 3358 4551 ἔχων
3409 4470 3471 4526 ἐκ
3517 4473 3625 4527 τῶν
3657 4469 3881 4548 προλα-

478 4564 906 4660 Deﬁcientibus
935 4580 1134 4635 autem
1194 4560 1405 4635 liberis
1454 4573 1669 4636 tertias
1700 4571 1856 4634 inire
1890 4573 2129 4654 nuptias

2225 4564 2412 4624 ἵὸντων
2445 4564 2661 4642 γάμων,
2723 4564 2874 4642 τρίτη
2927 4562 3249 4621 συνάπτοιτο
3292 4561 3525 4638 γυναικὶ,
3572 4562 3671 4617 καί
3715 4560 3880 4625 οὗτος

478 4657 711 4720 nemini
742 4661 1051 4741 probrum,
1071 4661 1373 4744 siquidem
1408 4663 1782 4744 paternitatis
1801 4662 1941 4742 jura
1963 4648 2129 4726 exer-

2225 4653 2601 4735 ίισυγχώρητος
2659 4652 2826 4734 μέχρι
2896 4651 3154 4730 τετάρτου
3211 4648 3365 4712 ἔτους
3423 4648 3519 4717 τῆς
3583 4650 3879 4715 κοινωνίας

478 4765 617 4840 cere
648 4735 967 4815 honestum
1023 4735 1094 4817 ac
1146 4735 1628 4835 reprehensione
1658 4735 1824 4814 haud
1852 4750 2124 4833 dignum.

2225 4752 2315 4803 ιῶν
2359 4742 2737 4821 ὰγιασμὰτων,
2784 4743 2873 4799 καὶ
2929 4739 3206 4820 ἀμέτοχος
3251 4737 3392 4795 ’ἐστιν
3423 4757 3439 4775 ⁸
3504 4735 3638 4795 διότι
3710 4736 3883 4806 δῆλός

477 4834 617 4902 Hac
647 4840 725 4905 de
759 4842 953 4906 tertiis
985 4828 1616 4925 nuptiisvdissemisse
1648 4828 1945 4904 sufﬁciat:

2225 4838 2353 4892 ἐστιν
2381 4832 2435 4899 ἐξ
2479 4831 2691 4897 οὐδενὸς
2722 4831 2926 4910 ἑτέρου,
2973 4828 3092 4887 ἀλλ’
3139 4829 3241 4887 ὑπὸ
3299 4828 3561 4899 ἀκρασίας
3615 4829 3883 4901 κινούμε-

478 4951 592 5007 νος,
638 4933 726 4991 καὶ
768 4942 860 4993 τοῦ
898 4933 1082 5001 δοῦλος
1126 4935 1270 4992 εἶναι
1314 4938 1574 5013 σαρκικῆς
1618 4932 1927 5010 ἒπιθυμίας,
1973 4932 2068 4991 ἰπὶ
2110 4937 2201 4993 τὸν
2246 4939 2485 4992 τοιοῦτον
2542 4933 2714 5011 γάμον
2758 4929 2946 4989 ἐλθώνο
2993 4930 3084 4987 καὶ
3126 4928 3261 4998 μετὰ
3325 4928 3385 4985 τὸ
3427 4940 3625 5007 τυχεῖν
3669 4925 3727 4984 δὲ
3776 4928 3883 4996 τῆς

478 5019 839 5097 μεταλήψεως
882 5031 987 5081 τοῖινν
1048 5023 1352 5100 μυστηρίων
1396 5024 1507 5102 τρὶς
1572 5030 1668 5079 τοὺ
1711 5021 1954 5080 ἐνιαυτοῦ
2000 5023 2163 5099 μόνον
2218 5022 2571 5093 ἀξιωθήσεται
2627 5019 2951 5083 ἀπολαῦσαι,
3006 5015 3147 5084 ἅπαξ
3206 5016 3330 5093 μὶν,
3374 5016 3428 5073 ἐν
3474 5016 3725 5096 σωτηρίῳ
3783 5024 3887 5075 τοῦ

480 5116 710 5187 Χριστοῦ
764 5113 853 5170 καὶ
909 5120 1043 5172 Θεοῦ
1098 5116 1256 5188 ἡμῶν
1311 5112 1623 5171 ἀναστάσει*
1687 5109 1952 5191 δεύτερον,
1999 5113 2055 5170 ἐν
2110 5113 2179 5191 τῇ
2248 5113 2502 5188 κοιμήσει
2547 5116 2648 5179 τῆς
2691 5110 2965 5191 ἆχράντου
3014 5108 3313 5175 Δεσποίνης
3357 5107 3515 5180 ἡμῶν
3588 5106 3880 5165 Θεοτόκου⁶

480 5201 569 5261 καὶ
597 5202 793 5281 τρίτον,
821 5205 879 5259 ἓν
920 5209 989 5279 τῇ
1036 5203 1290 5281 γενεθλίῳ
1317 5203 1491 5281 ἡμέρᾳ
1520 5212 1615 5262 τοῦ
1666 5209 1897 5281 Χριστού
1935 5204 2031 5261 καί
2083 5211 2215 5262 Θεοῦ
2247 5205 2425 5279 ἡμῶν*
2460 5200 2544 5260 διὰ
2589 5203 2652 5259 τὸ
2703 5202 2792 5258 καὶ
2824 5200 2880 5257 ἒν
2924 5197 3141 5262 ταύταις
3192 5199 3555 5278 προηγεῖσθαι
3600 5197 3886 5276 νηστείαν,

479 5289 568 5345 καὶ
610 5289 672 5346 τὸ
714 5290 776 5347 ἐκ
803 5291 1004 5360 ταύτης
1052 5291 1271 5373 ὄφελος,
1310 5294 1366 5350 Εἰ
1409 5291 1462 5348 δὲ
1494 5290 1691 5356 παῖδες
1724 5292 1801 5365 μὴ
1860 5294 2186 5373 παρείησαν,
2219 5289 2406 5360 ἐπει.δὶ⁶
2436 5294 2498 5349 τὸ
2545 5292 2891 5368 τεκνογονίας
2924 5288 3208 5365 ἐπιθυμεῖν
3255 5286 3350 5344 οὒκ
3380 5285 3785 5366 ἀσύγγνωστον,
3812 5287 3888 5342 τί)

479 5384 773 5461 τηνικαύτα
828 5384 1151 5460 συγγνώμης
1180 5380 1531 5452 ἀξιωθήσεται
1590 5384 1618 5439 ί.
1660 5390 1898 5449 τοιοῦτος
1928 5384 2127 5461 γάμος,
2160 5384 2248 5439 καὶ
2304 5381 2454 5457 μόνῳ
2482 5384 2560 5456 τῷ
2614 5379 2667 5447 ἐξ
2698 5378 2875 5461 ἀρχῆς
2935 5376 3219 5458 καὶμέχρι
3269 5379 3369 5433 τοῦ
3399 5380 3487 5433 νῦν
3547 5374 3887 5454 κρατήσαντι

482 5458 733 5542 ξπιτιμίῳ
758 5458 1231 5546 θεραπέυθήσεταν
1265 5471 1429 5528 ταῦτα
1462 5472 1560 5544 μὲν
1591 5474 1680 5529 καὶ
1709 5474 1829 5552 περὶ
1859 5458 1952 5531 τού
1984 5458 2159 5548 τρίτου
2195 5471 2399 5549 γάμου.

519 5555 711 5619 3.Nec
724 5558 954 5638 primus
977 5579 1088 5622 nec
1111 5559 1416 5623 secundus
1451 5568 1618 5623 torus
1645 5560 1937 5642 periculis
1961 5570 2131 5626 caret

2297 5559 2376 5640 γ’.
2410 5562 2483 5619 Ού
2513 5562 2623 5637 μὴν
2655 5558 2775 5619 οὒδὲ
2805 5560 2897 5617 τὸν
2930 5556 3168 5636 δεύτερον
3202 5553 3319 5613 οὔδε
3369 5556 3461 5613 τὸν
3520 5560 3735 5635 πρῶτον
3781 5553 3890 5610 ὲκ-

480 5644 630 5737 Suis;
646 5647 931 5713 alteruter
959 5649 1123 5715 enim
1156 5652 1237 5714 ita
1265 5657 1654 5739 comparatus
1684 5668 1820 5716 esse
1849 5649 2029 5717 debet
2062 5658 2130 5717 ut

2225 5652 2308 5721 τὸς
2343 5651 2635 5737 ἀσφαλείας
2666 5650 2864 5735 ἐῶμεν,
2897 5648 3037 5709 ἀλλά
3064 5650 3341 5714 κάκείνους
3402 5648 3647 5730 ὁρίζομεν
3705 5644 3890 5712 οὕτως
