  <div class='ocr_page' id='page_1' title='image "/cluster/home/n/w/nwhite01/storage/ocr_20150623/104/hvd.32044073502163/468.png"; bbox 0 0 4090 6204; ppageno 0'>
   <div class='ocr_carea' id='block_1_1' title="bbox 297 308 417 384">
    <p class='ocr_par' dir='ltr' id='par_1_1' title="bbox 297 308 417 384">
     <span class='ocr_line' id='line_1_1' title="bbox 297 308 417 384; baseline 0 0"><span class='ocrx_word' id='word_1_1' title='bbox 297 308 417 384; x_wconf 81' lang='lat'>897</span> 
     </span>
    </p>
   </div>
   <div class='ocr_carea' id='block_1_2' title="bbox 1106 304 1974 385">
    <p class='ocr_par' dir='ltr' id='par_1_2' title="bbox 1106 304 1974 385">
     <span class='ocr_line' id='line_1_2' title="bbox 1106 304 1974 385; baseline -0.006 -3"><span class='ocrx_word' id='word_1_2' title='bbox 1106 309 1527 385; x_wconf 79' lang='lat' dir='ltr'>SYN&#39;I‘AGMA</span> <span class='ocrx_word' id='word_1_3' title='bbox 1571 304 1974 382; x_wconf 82' lang='lat' dir='ltr'>CANONUM.</span> 
     </span>
    </p>
   </div>
   <div class='ocr_carea' id='block_1_3' title="bbox 2020 302 3691 397">
    <p class='ocr_par' dir='ltr' id='par_1_3' title="bbox 2020 302 3691 397">
     <span class='ocr_line' id='line_1_3' title="bbox 2020 302 3691 397; baseline 0.001 -17"><span class='ocrx_word' id='word_1_4' title='bbox 2020 344 2098 361; x_wconf 90' lang='lat'><strong><em>—</em></strong></span> <span class='ocrx_word' id='word_1_5' title='bbox 2148 304 2304 380; x_wconf 81' lang='lat' dir='ltr'>TIT.</span> <span class='ocrx_word' id='word_1_6' title='bbox 2353 304 2524 397; x_wconf 84' lang='lat' dir='ltr'>XIII,</span> <span class='ocrx_word' id='word_1_7' title='bbox 2569 309 2737 380; x_wconf 83' lang='lat' dir='ltr'>CAP.</span> <span class='ocrx_word' id='word_1_8' title='bbox 2784 302 2866 379; x_wconf 88' lang='grc' dir='ltr'>ῙῙ.</span> <span class='ocrx_word' id='word_1_9' title='bbox 3558 302 3691 381; x_wconf 78' lang='grc'>898·</span> 
     </span>
    </p>
   </div>
   <div class='ocr_carea' id='block_1_4' title="bbox 298 446 1928 535">
    <p class='ocr_par' dir='ltr' id='par_1_4' title="bbox 298 450 1928 535">
     <span class='ocr_line' id='line_1_4' title="bbox 298 450 1928 535; baseline -0.004 -22"><span class='ocrx_word' id='word_1_10' title='bbox 298 454 667 530; x_wconf 56' lang='grc' dir='ltr'>συνίστασθαι,</span> <span class='ocrx_word' id='word_1_11' title='bbox 721 451 858 512; x_wconf 79' lang='grc' dir='ltr'>ὥστε</span> <span class='ocrx_word' id='word_1_12' title='bbox 923 450 1189 532; x_wconf 79' lang='grc' dir='ltr'>μηδεμίαν</span> <span class='ocrx_word' id='word_1_13' title='bbox 1240 451 1392 535; x_wconf 73' lang='grc' dir='ltr'>ἔχειν</span> <span class='ocrx_word' id='word_1_14' title='bbox 1450 453 1689 533; x_wconf 75' lang='grc' dir='ltr'>πονηρὰν</span> <span class='ocrx_word' id='word_1_15' title='bbox 1748 451 1928 526; x_wconf 62' lang='grc' dir='ltr'>αἰτίαν1</span> 
     </span>
    </p>
   </div>
   <div class='ocr_carea' id='block_1_5' title="bbox 2016 446 3675 535">
    <p class='ocr_par' dir='ltr' id='par_1_5' title="bbox 2027 446 3675 533">
     <span class='ocr_line' id='line_1_5' title="bbox 2027 446 3675 533; baseline -0.001 -18"><span class='ocrx_word' id='word_1_16' title='bbox 2027 468 2205 515; x_wconf 82' lang='lat' dir='ltr'><strong>causa</strong></span> <span class='ocrx_word' id='word_1_17' title='bbox 2227 468 2407 533; x_wconf 87' lang='lat' dir='ltr'><strong>prava</strong></span> <span class='ocrx_word' id='word_1_18' title='bbox 2426 467 2547 512; x_wconf 90' lang='lat' dir='ltr'>non</span> <span class='ocrx_word' id='word_1_19' title='bbox 2566 447 2707 511; x_wconf 71' lang='lat'>409</span> <span class='ocrx_word' id='word_1_20' title='bbox 2728 446 3016 524; x_wconf 85' lang='lat' dir='ltr'><strong>subsit,ut</strong></span> <span class='ocrx_word' id='word_1_21' title='bbox 3031 454 3237 531; x_wconf 83' lang='lat' dir='ltr'><strong>raptus</strong></span> <span class='ocrx_word' id='word_1_22' title='bbox 3257 451 3675 531; x_wconf 87' lang='lat' dir='ltr'><strong>autcorruptio</strong></span> 
     </span>
    </p>
   </div>
   <div class='ocr_carea' id='block_1_6' title="bbox 299 542 1945 623">
    <p class='ocr_par' dir='ltr' id='par_1_6' title="bbox 299 542 1945 623">
     <span class='ocr_line' id='line_1_6' title="bbox 299 542 1945 623; baseline -0.002 -21"><span class='ocrx_word' id='word_1_23' title='bbox 299 545 336 615; x_wconf 73' lang='grc' dir='ltr'><strong>ἢ</strong></span> <span class='ocrx_word' id='word_1_24' title='bbox 382 543 433 611; x_wconf 77' lang='grc' dir='ltr'>ἐξ</span> <span class='ocrx_word' id='word_1_25' title='bbox 478 543 751 623; x_wconf 70' lang='grc' dir='ltr'>ἆρπαγῆς,</span> <span class='ocrx_word' id='word_1_26' title='bbox 795 542 832 611; x_wconf 70' lang='grc' dir='ltr'><strong>ἥ</strong></span> <span class='ocrx_word' id='word_1_27' title='bbox 875 543 938 602; x_wconf 69' lang='grc' dir='ltr'>ὲκ</span> <span class='ocrx_word' id='word_1_28' title='bbox 996 544 1457 623; x_wconf 69' lang='grc' dir='ltr'>προηγησαμένης</span> <span class='ocrx_word' id='word_1_29' title='bbox 1510 542 1758 622; x_wconf 75' lang='grc' dir='ltr'>λαθραίου</span> <span class='ocrx_word' id='word_1_30' title='bbox 1813 545 1945 621; x_wconf 78' lang='grc' dir='ltr'>φθο-</span> 
     </span>
    </p>
   </div>
   <div class='ocr_carea' id='block_1_7' title="bbox 299 632 1946 713">
    <p class='ocr_par' dir='ltr' id='par_1_7' title="bbox 299 632 1946 713">
     <span class='ocr_line' id='line_1_7' title="bbox 299 632 1946 713; baseline -0.003 -22"><span class='ocrx_word' id='word_1_31' title='bbox 299 641 421 712; x_wconf 77' lang='grc' dir='ltr'>ρᾶς,</span> <span class='ocrx_word' id='word_1_32' title='bbox 483 632 622 690; x_wconf 81' lang='grc' dir='ltr'>ἀλλὰ</span> <span class='ocrx_word' id='word_1_33' title='bbox 692 634 935 711; x_wconf 88' lang='grc' dir='ltr'>νομίμως</span> <span class='ocrx_word' id='word_1_34' title='bbox 985 636 1072 690; x_wconf 83' lang='grc' dir='ltr'>καὶ</span> <span class='ocrx_word' id='word_1_35' title='bbox 1115 634 1496 713; x_wconf 75' lang='grc' dir='ltr'>καθαρεύοντας</span> <span class='ocrx_word' id='word_1_36' title='bbox 1544 635 1650 690; x_wconf 79' lang='grc' dir='ltr'>τῶν</span> <span class='ocrx_word' id='word_1_37' title='bbox 1693 632 1946 689; x_wconf 73' lang='grc' dir='ltr'>τοιούτων</span> 
     </span>
    </p>
   </div>
   <div class='ocr_carea' id='block_1_8' title="bbox 297 720 1947 802">
    <p class='ocr_par' dir='ltr' id='par_1_8' title="bbox 297 720 1947 802">
     <span class='ocr_line' id='line_1_8' title="bbox 297 720 1947 802; baseline -0.001 -21"><span class='ocrx_word' id='word_1_38' title='bbox 297 721 661 801; x_wconf 69' lang='grc' dir='ltr'>μολυσμάτων</span> <span class='ocrx_word' id='word_1_39' title='bbox 720 725 815 781; x_wconf 87' lang='grc' dir='ltr'><strong>καί</strong></span> <span class='ocrx_word' id='word_1_40' title='bbox 862 723 958 792; x_wconf 71' lang='grc' dir='ltr'>τῆς</span> <span class='ocrx_word' id='word_1_41' title='bbox 1017 728 1276 802; x_wconf 79' lang='grc' dir='ltr'>πορνικῆς</span> <span class='ocrx_word' id='word_1_42' title='bbox 1328 723 1650 801; x_wconf 76' lang='grc' dir='ltr'>ἀκαθαρσίας</span> <span class='ocrx_word' id='word_1_43' title='bbox 1687 736 1704 754; x_wconf 78' lang='grc'><strong><em>⁸</em></strong></span> <span class='ocrx_word' id='word_1_44' title='bbox 1766 720 1819 777; x_wconf 77' lang='grc' dir='ltr'>εἴ</span> <span class='ocrx_word' id='word_1_45' title='bbox 1866 742 1947 780; x_wconf 76' lang='grc' dir='ltr'>τις</span> 
     </span>
    </p>
   </div>
   <div class='ocr_carea' id='block_1_9' title="bbox 298 812 1944 893">
    <p class='ocr_par' dir='ltr' id='par_1_9' title="bbox 298 812 1944 893">
     <span class='ocr_line' id='line_1_9' title="bbox 298 812 1944 893; baseline -0.002 -22"><span class='ocrx_word' id='word_1_46' title='bbox 298 813 391 871; x_wconf 80' lang='grc' dir='ltr'>οὖν</span> <span class='ocrx_word' id='word_1_47' title='bbox 449 819 556 870; x_wconf 85' lang='grc' dir='ltr'>τῶν</span> <span class='ocrx_word' id='word_1_48' title='bbox 601 813 894 893; x_wconf 79' lang='grc' dir='ltr'>εἰρημένων</span> <span class='ocrx_word' id='word_1_49' title='bbox 937 814 1345 892; x_wconf 70' lang='grc' dir='ltr'>καταφρονήσας</span> <span class='ocrx_word' id='word_1_50' title='bbox 1397 813 1602 891; x_wconf 83' lang='grc' dir='ltr'>τύπων,</span> <span class='ocrx_word' id='word_1_51' title='bbox 1648 812 1780 890; x_wconf 78' lang='grc' dir='ltr'>πρὸς</span> <span class='ocrx_word' id='word_1_52' title='bbox 1840 832 1944 888; x_wconf 87' lang='grc' dir='ltr'>γα-</span> 
     </span>
    </p>
   </div>
   <div class='ocr_carea' id='block_1_10' title="bbox 298 900 1947 981">
    <p class='ocr_par' dir='ltr' id='par_1_10' title="bbox 298 900 1947 981">
     <span class='ocr_line' id='line_1_10' title="bbox 298 900 1947 981; baseline -0.003 -22"><span class='ocrx_word' id='word_1_53' title='bbox 298 903 470 979; x_wconf 72' lang='grc' dir='ltr'>μικὴν</span> <span class='ocrx_word' id='word_1_54' title='bbox 527 902 742 979; x_wconf 78' lang='grc' dir='ltr'>ὁμιλίαν</span> <span class='ocrx_word' id='word_1_55' title='bbox 786 902 1007 981; x_wconf 85' lang='grc' dir='ltr'>πρώτην</span> <span class='ocrx_word' id='word_1_56' title='bbox 1068 902 1104 970; x_wconf 78' lang='grc' dir='ltr'>ἣ</span> <span class='ocrx_word' id='word_1_57' title='bbox 1153 900 1400 981; x_wconf 63' lang='grc' dir='ltr'>δευτέραν</span> <span class='ocrx_word' id='word_1_58' title='bbox 1442 900 1701 972; x_wconf 81' lang='grc' dir='ltr'>συνέλθοι,</span> <span class='ocrx_word' id='word_1_59' title='bbox 1763 909 1947 959; x_wconf 80' lang='grc' dir='ltr'>τοῦτον</span> 
     </span>
    </p>
   </div>
   <div class='ocr_carea' id='block_1_11' title="bbox 293 988 1942 1068">
    <p class='ocr_par' dir='ltr' id='par_1_11' title="bbox 293 988 1942 1068">
     <span class='ocr_line' id='line_1_11' title="bbox 293 988 1942 1068; baseline -0.002 -20"><span class='ocrx_word' id='word_1_60' title='bbox 293 993 330 1060; x_wconf 74' lang='grc' dir='ltr'><strong>ἡ</strong></span> <span class='ocrx_word' id='word_1_61' title='bbox 378 1000 472 1051; x_wconf 80' lang='grc' dir='ltr'>τοῦ</span> <span class='ocrx_word' id='word_1_62' title='bbox 515 998 742 1068; x_wconf 80' lang='grc' dir='ltr'>Χριστοῦ</span> <span class='ocrx_word' id='word_1_63' title='bbox 802 990 1098 1058; x_wconf 77' lang='grc' dir='ltr'>Ἐκκλησία</span> <span class='ocrx_word' id='word_1_64' title='bbox 1128 992 1162 1059; x_wconf 76' lang='grc' dir='ltr'>ἦ</span> <span class='ocrx_word' id='word_1_65' title='bbox 1192 992 1416 1068; x_wconf 80' lang='grc' dir='ltr'>καθαρὰ,</span> <span class='ocrx_word' id='word_1_66' title='bbox 1450 993 1539 1047; x_wconf 85' lang='grc' dir='ltr'>καὶ</span> <span class='ocrx_word' id='word_1_67' title='bbox 1568 988 1773 1067; x_wconf 79' lang='grc' dir='ltr'>μηδένα</span> <span class='ocrx_word' id='word_1_68' title='bbox 1804 1002 1942 1046; x_wconf 73' lang='grc' dir='ltr'>σπῖ-</span> 
     </span>
    </p>
   </div>
   <div class='ocr_carea' id='block_1_12' title="bbox 292 1076 1943 1161">
    <p class='ocr_par' dir='ltr' id='par_1_12' title="bbox 292 1076 1943 1161">
     <span class='ocr_line' id='line_1_12' title="bbox 292 1076 1943 1161; baseline -0.001 -24"><span class='ocrx_word' id='word_1_69' title='bbox 292 1080 389 1138; x_wconf 87' lang='grc' dir='ltr'>λον</span> <span class='ocrx_word' id='word_1_70' title='bbox 444 1079 648 1161; x_wconf 77' lang='grc' dir='ltr'>ἕχοοσα</span> <span class='ocrx_word' id='word_1_71' title='bbox 710 1080 744 1149; x_wconf 80' lang='grc' dir='ltr'>ἢ</span> <span class='ocrx_word' id='word_1_72' title='bbox 789 1079 988 1160; x_wconf 81' lang='grc' dir='ltr'>ῥυτίδα,</span> <span class='ocrx_word' id='word_1_73' title='bbox 1046 1093 1168 1143; x_wconf 80' lang='grc' dir='ltr'>τοῖς</span> <span class='ocrx_word' id='word_1_74' title='bbox 1230 1082 1513 1158; x_wconf 82' lang='grc' dir='ltr'>σωτηρίοις</span> <span class='ocrx_word' id='word_1_75' title='bbox 1567 1076 1943 1136; x_wconf 76' lang='grc' dir='ltr'>ὑποϐάλλουσα</span> 
     </span>
    </p>
   </div>
   <div class='ocr_carea' id='block_1_13' title="bbox 293 1166 1941 1247">
    <p class='ocr_par' dir='ltr' id='par_1_13' title="bbox 293 1166 1941 1247">
     <span class='ocr_line' id='line_1_13' title="bbox 293 1166 1941 1247; baseline -0.002 -20"><span class='ocrx_word' id='word_1_76' title='bbox 293 1170 581 1245; x_wconf 78' lang='grc' dir='ltr'>ἒτασμοϊς,</span> <span class='ocrx_word' id='word_1_77' title='bbox 616 1170 674 1227; x_wconf 71' lang='grc' dir='ltr'>οὗ</span> <span class='ocrx_word' id='word_1_78' title='bbox 705 1171 826 1247; x_wconf 79' lang='grc' dir='ltr'>πρὶν</span> <span class='ocrx_word' id='word_1_79' title='bbox 857 1171 931 1232; x_wconf 71' lang='grc' dir='ltr'>εἷς</span> <span class='ocrx_word' id='word_1_80' title='bbox 964 1169 1272 1246; x_wconf 70' lang='grc' dir='ltr'>μετάληψιν</span> <span class='ocrx_word' id='word_1_81' title='bbox 1323 1166 1667 1247; x_wconf 77' lang='grc' dir='ltr'>παραδέξεται</span> <span class='ocrx_word' id='word_1_82' title='bbox 1729 1189 1941 1244; x_wconf 84' lang='grc' dir='ltr'>μυστη-</span> 
     </span>
    </p>
   </div>
   <div class='ocr_carea' id='block_1_14' title="bbox 290 1257 1942 1340">
    <p class='ocr_par' dir='ltr' id='par_1_14' title="bbox 290 1257 1942 1340">
     <span class='ocr_line' id='line_1_14' title="bbox 290 1257 1942 1340; baseline -0.001 -24"><span class='ocrx_word' id='word_1_83' title='bbox 290 1261 445 1340; x_wconf 87' lang='grc' dir='ltr'>ρίων,</span> <span class='ocrx_word' id='word_1_84' title='bbox 480 1260 515 1328; x_wconf 71' lang='grc' dir='ltr'>τὶ</span> <span class='ocrx_word' id='word_1_85' title='bbox 558 1262 650 1317; x_wconf 83' lang='grc' dir='ltr'>τὸν</span> <span class='ocrx_word' id='word_1_86' title='bbox 684 1259 977 1338; x_wconf 76' lang='grc' dir='ltr'>ὡρισμένον</span> <span class='ocrx_word' id='word_1_87' title='bbox 1034 1260 1121 1317; x_wconf 76' lang='grc' dir='ltr'>ἐπὶ</span> <span class='ocrx_word' id='word_1_88' title='bbox 1164 1265 1232 1336; x_wconf 74' lang='grc' dir='ltr'>τῇ</span> <span class='ocrx_word' id='word_1_89' title='bbox 1274 1260 1493 1339; x_wconf 81' lang='grc' dir='ltr'>πορνείᾳ</span> <span class='ocrx_word' id='word_1_90' title='bbox 1539 1258 1734 1339; x_wconf 81' lang='grc' dir='ltr'>χρόνον</span> <span class='ocrx_word' id='word_1_91' title='bbox 1784 1257 1942 1337; x_wconf 76' lang='grc' dir='ltr'>ἄκρι-</span> 
     </span>
    </p>
   </div>
   <div class='ocr_carea' id='block_1_15' title="bbox 292 1347 1944 1429">
    <p class='ocr_par' dir='ltr' id='par_1_15' title="bbox 292 1347 1944 1429">
     <span class='ocr_line' id='line_1_15' title="bbox 292 1347 1944 1429; baseline 0 -24"><span class='ocrx_word' id='word_1_92' title='bbox 292 1347 406 1414; x_wconf 85' lang='grc' dir='ltr'>ϐὦς</span> <span class='ocrx_word' id='word_1_93' title='bbox 464 1348 838 1429; x_wconf 65' lang='grc' dir='ltr'>ἐκπληρώσῃ·</span> <span class='ocrx_word' id='word_1_94' title='bbox 904 1351 948 1407; x_wconf 78' lang='grc' dir='ltr'>εί</span> <span class='ocrx_word' id='word_1_95' title='bbox 1008 1349 1087 1427; x_wconf 76' lang='grc' dir='ltr'>μὴ</span> <span class='ocrx_word' id='word_1_96' title='bbox 1143 1348 1241 1429; x_wconf 66' lang='grc' dir='ltr'>ἄρα</span> <span class='ocrx_word' id='word_1_97' title='bbox 1284 1352 1318 1417; x_wconf 77' lang='grc' dir='ltr'><strong>ἡ</strong></span> <span class='ocrx_word' id='word_1_98' title='bbox 1364 1356 1456 1406; x_wconf 83' lang='grc' dir='ltr'>τοῦ</span> <span class='ocrx_word' id='word_1_99' title='bbox 1508 1350 1621 1425; x_wconf 82' lang='grc' dir='ltr'>βίου</span> <span class='ocrx_word' id='word_1_100' title='bbox 1681 1348 1944 1424; x_wconf 73' lang='grc' dir='ltr'>ἀναγκαία</span> 
     </span>
    </p>
   </div>
   <div class='ocr_carea' id='block_1_16' title="bbox 288 1434 1943 1520">
    <p class='ocr_par' dir='ltr' id='par_1_16' title="bbox 288 1434 1943 1520">
     <span class='ocr_line' id='line_1_16' title="bbox 288 1434 1943 1520; baseline -0.001 -26"><span class='ocrx_word' id='word_1_101' title='bbox 288 1440 599 1518; x_wconf 79' lang='grc' dir='ltr'>κατεπείγει</span> <span class='ocrx_word' id='word_1_102' title='bbox 649 1440 1026 1520; x_wconf 80' lang='grc' dir='ltr'>ἀναχώρησις,</span> <span class='ocrx_word' id='word_1_103' title='bbox 1075 1438 1323 1497; x_wconf 82' lang='grc' dir='ltr'>τουτέστι</span> <span class='ocrx_word' id='word_1_104' title='bbox 1364 1438 1559 1518; x_wconf 81' lang='grc' dir='ltr'>μέχρις</span> <span class='ocrx_word' id='word_1_105' title='bbox 1605 1438 1668 1492; x_wconf 85' lang='grc' dir='ltr'>ἃν</span> <span class='ocrx_word' id='word_1_106' title='bbox 1697 1438 1758 1493; x_wconf 82' lang='grc' dir='ltr'>τὸ</span> <span class='ocrx_word' id='word_1_107' title='bbox 1788 1434 1943 1493; x_wconf 74' lang='grc' dir='ltr'>ἕϐδο-</span> 
     </span>
    </p>
   </div>
   <div class='ocr_carea' id='block_1_17' title="bbox 296 1526 1939 1608">
    <p class='ocr_par' dir='ltr' id='par_1_17' title="bbox 296 1526 1939 1608">
     <span class='ocr_line' id='line_1_17' title="bbox 296 1526 1939 1608; baseline -0.002 -21"><span class='ocrx_word' id='word_1_108' title='bbox 296 1552 403 1606; x_wconf 92' lang='grc' dir='ltr'>μον</span> <span class='ocrx_word' id='word_1_109' title='bbox 456 1528 783 1608; x_wconf 72' lang='grc' dir='ltr'>ἒκπληρωθῇ</span> <span class='ocrx_word' id='word_1_110' title='bbox 838 1528 954 1592; x_wconf 78' lang='grc' dir='ltr'>ἔτος</span> <span class='ocrx_word' id='word_1_111' title='bbox 990 1544 1006 1560; x_wconf 88' lang='grc'><strong><em>⁸</em></strong></span> <span class='ocrx_word' id='word_1_112' title='bbox 1056 1530 1083 1585; x_wconf 81' lang='grc' dir='ltr'>ὁ</span> <span class='ocrx_word' id='word_1_113' title='bbox 1127 1526 1182 1584; x_wconf 76' lang='grc' dir='ltr'>δὲ</span> <span class='ocrx_word' id='word_1_114' title='bbox 1226 1527 1440 1604; x_wconf 84' lang='grc' dir='ltr'>τολμῶν</span> <span class='ocrx_word' id='word_1_115' title='bbox 1469 1528 1635 1604; x_wconf 81' lang='grc' dir='ltr'>ἱερεὺς</span> <span class='ocrx_word' id='word_1_116' title='bbox 1678 1526 1820 1599; x_wconf 75' lang='grc' dir='ltr'>παρὰ</span> <span class='ocrx_word' id='word_1_117' title='bbox 1849 1530 1939 1584; x_wconf 79' lang='grc' dir='ltr'>τὸν</span> 
     </span>
    </p>
   </div>
   <div class='ocr_carea' id='block_1_18' title="bbox 288 1616 1936 1697">
    <p class='ocr_par' dir='ltr' id='par_1_18' title="bbox 288 1616 1936 1697">
     <span class='ocr_line' id='line_1_18' title="bbox 288 1616 1936 1697; baseline -0.002 -22"><span class='ocrx_word' id='word_1_118' title='bbox 288 1617 755 1695; x_wconf 68' lang='grc' dir='ltr'>διατετυπωμέιον</span> <span class='ocrx_word' id='word_1_119' title='bbox 799 1616 919 1697; x_wconf 81' lang='grc' dir='ltr'>ὅρον</span> <span class='ocrx_word' id='word_1_120' title='bbox 966 1617 1329 1694; x_wconf 77' lang='grc' dir='ltr'>μεταλήψεως</span> <span class='ocrx_word' id='word_1_121' title='bbox 1384 1618 1525 1683; x_wconf 83' lang='grc' dir='ltr'>θείας</span> <span class='ocrx_word' id='word_1_122' title='bbox 1568 1617 1687 1674; x_wconf 83' lang='grc' dir='ltr'>τινὰ</span> <span class='ocrx_word' id='word_1_123' title='bbox 1734 1616 1936 1673; x_wconf 83' lang='grc' dir='ltr'>τούτων</span> 
     </span>
    </p>
   </div>
   <div class='ocr_carea' id='block_1_19' title="bbox 286 1704 1934 1787">
    <p class='ocr_par' dir='ltr' id='par_1_19' title="bbox 286 1704 1934 1787">
     <span class='ocr_line' id='line_1_19' title="bbox 286 1704 1934 1787; baseline -0.003 -21"><span class='ocrx_word' id='word_1_124' title='bbox 286 1708 537 1785; x_wconf 81' lang='grc' dir='ltr'>ἀξιῶσαι,</span> <span class='ocrx_word' id='word_1_125' title='bbox 573 1709 689 1787; x_wconf 75' lang='grc' dir='ltr'>περὶ</span> <span class='ocrx_word' id='word_1_126' title='bbox 717 1710 810 1767; x_wconf 80' lang='grc' dir='ltr'>τὸν</span> <span class='ocrx_word' id='word_1_127' title='bbox 864 1707 1003 1766; x_wconf 74' lang='grc' dir='ltr'>ἴδιον</span> <span class='ocrx_word' id='word_1_128' title='bbox 1060 1705 1379 1766; x_wconf 81' lang='grc' dir='ltr'>κινδυνεύσει</span> <span class='ocrx_word' id='word_1_129' title='bbox 1428 1708 1652 1785; x_wconf 82' lang='grc' dir='ltr'>βαθμὸν,</span> <span class='ocrx_word' id='word_1_130' title='bbox 1687 1704 1934 1774; x_wconf 81' lang='grc' dir='ltr'>δηλονότι</span> 
     </span>
    </p>
   </div>
   <div class='ocr_carea' id='block_1_20' title="bbox 2030 538 3676 624">
    <p class='ocr_par' dir='ltr' id='par_1_20' title="bbox 2030 538 3676 624">
     <span class='ocr_line' id='line_1_20' title="bbox 2030 538 3676 624; baseline -0.002 -19"><span class='ocrx_word' id='word_1_131' title='bbox 2030 558 2137 624; x_wconf 89' lang='lat' dir='ltr'>per</span> <span class='ocrx_word' id='word_1_132' title='bbox 2166 538 2911 620; x_wconf 88' lang='lat' dir='ltr'><strong>seductionem.Suprema</strong></span> <span class='ocrx_word' id='word_1_133' title='bbox 2941 557 3200 621; x_wconf 84' lang='lat' dir='ltr'>namque</span> <span class='ocrx_word' id='word_1_134' title='bbox 3232 538 3327 602; x_wconf 86' lang='lat' dir='ltr'>lex</span> <span class='ocrx_word' id='word_1_135' title='bbox 3359 539 3584 620; x_wconf 87' lang='lat' dir='ltr'><strong>puritas</strong></span> <span class='ocrx_word' id='word_1_136' title='bbox 3616 547 3676 604; x_wconf 87' lang='lat' dir='ltr'>et</span> 
     </span>
    </p>
   </div>
   <div class='ocr_carea' id='block_1_21' title="bbox 2028 627 3676 710">
    <p class='ocr_par' dir='ltr' id='par_1_21' title="bbox 2028 627 3676 710">
     <span class='ocr_line' id='line_1_21' title="bbox 2028 627 3676 710; baseline -0.001 -17"><span class='ocrx_word' id='word_1_137' title='bbox 2028 632 2247 694; x_wconf 97' lang='lat' dir='ltr'><strong>artium</strong></span> <span class='ocrx_word' id='word_1_138' title='bbox 2280 629 2760 693; x_wconf 85' lang='lat' dir='ltr'><strong>meretriciarum</strong></span> <span class='ocrx_word' id='word_1_139' title='bbox 2795 627 3089 692; x_wconf 86' lang='lat' dir='ltr'><strong>absentia.</strong></span> <span class='ocrx_word' id='word_1_140' title='bbox 3128 629 3191 691; x_wconf 90' lang='lat' dir='ltr'>Si</span> <span class='ocrx_word' id='word_1_141' title='bbox 3222 629 3361 708; x_wconf 84' lang='lat' dir='ltr'>quis</span> <span class='ocrx_word' id='word_1_142' title='bbox 3392 629 3572 710; x_wconf 78' lang='lat' dir='ltr'><strong>igitur</strong></span> <span class='ocrx_word' id='word_1_143' title='bbox 3600 630 3676 691; x_wconf 88' lang='lat' dir='ltr'>iis</span> 
     </span>
    </p>
   </div>
   <div class='ocr_carea' id='block_1_22' title="bbox 2030 718 3676 802">
    <p class='ocr_par' dir='ltr' id='par_1_22' title="bbox 2030 718 3676 802">
     <span class='ocr_line' id='line_1_22' title="bbox 2030 718 3676 802; baseline -0.001 -18"><span class='ocrx_word' id='word_1_144' title='bbox 2030 740 2160 802; x_wconf 69' lang='lat' dir='ltr'><strong>quae</strong></span> <span class='ocrx_word' id='word_1_145' title='bbox 2183 719 2831 802; x_wconf 66' lang='lat' dir='ltr'><strong>prasmisimus,spretis</strong></span> <span class='ocrx_word' id='word_1_146' title='bbox 2855 718 3078 801; x_wconf 89' lang='lat' dir='ltr'><strong>primas</strong></span> <span class='ocrx_word' id='word_1_147' title='bbox 3096 719 3507 783; x_wconf 62' lang='lat' dir='ltr'><strong>autsvcuudas</strong></span> <span class='ocrx_word' id='word_1_148' title='bbox 3521 720 3676 783; x_wconf 86' lang='lat' dir='ltr'><strong>cele-</strong></span> 
     </span>
    </p>
   </div>
   <div class='ocr_carea' id='block_1_23' title="bbox 2028 807 3671 892">
    <p class='ocr_par' dir='ltr' id='par_1_23' title="bbox 2028 807 3671 892">
     <span class='ocr_line' id='line_1_23' title="bbox 2028 807 3671 892; baseline 0 -19"><span class='ocrx_word' id='word_1_149' title='bbox 2028 809 2160 873; x_wconf 82' lang='lat' dir='ltr'>brat</span> <span class='ocrx_word' id='word_1_150' title='bbox 2188 810 2448 892; x_wconf 89' lang='lat' dir='ltr'><strong>nuptias,</strong></span> <span class='ocrx_word' id='word_1_151' title='bbox 2486 827 2621 871; x_wconf 92' lang='lat' dir='ltr'>cum</span> <span class='ocrx_word' id='word_1_152' title='bbox 2647 807 2915 871; x_wconf 82' lang='lat' dir='ltr'>Ecclesia</span> <span class='ocrx_word' id='word_1_153' title='bbox 2939 808 3157 872; x_wconf 88' lang='lat' dir='ltr'><strong>Christi</strong></span> <span class='ocrx_word' id='word_1_154' title='bbox 3190 827 3334 890; x_wconf 88' lang='lat' dir='ltr'><strong>pura</strong></span> <span class='ocrx_word' id='word_1_155' title='bbox 3362 818 3422 871; x_wconf 90' lang='lat' dir='ltr'>et</span> <span class='ocrx_word' id='word_1_156' title='bbox 3451 809 3671 873; x_wconf 89' lang='lat' dir='ltr'><strong>imma-</strong></span> 
     </span>
    </p>
   </div>
   <div class='ocr_carea' id='block_1_24' title="bbox 2026 898 3673 982">
    <p class='ocr_par' dir='ltr' id='par_1_24' title="bbox 2026 898 3673 982">
     <span class='ocr_line' id='line_1_24' title="bbox 2026 898 3673 982; baseline 0.001 -20"><span class='ocrx_word' id='word_1_157' title='bbox 2026 901 2224 963; x_wconf 83' lang='lat' dir='ltr'><strong>culata</strong></span> <span class='ocrx_word' id='word_1_158' title='bbox 2238 899 2580 962; x_wconf 87' lang='lat' dir='ltr'><strong>salutariter</strong></span> <span class='ocrx_word' id='word_1_159' title='bbox 2596 898 3083 980; x_wconf 76' lang='lat' dir='ltr'><strong>experietur,nec</strong></span> <span class='ocrx_word' id='word_1_160' title='bbox 3108 899 3275 981; x_wconf 86' lang='lat' dir='ltr'><strong>prius</strong></span> <span class='ocrx_word' id='word_1_161' title='bbox 3295 900 3367 963; x_wconf 91' lang='lat' dir='ltr'>ad</span> <span class='ocrx_word' id='word_1_162' title='bbox 3391 901 3673 982; x_wconf 83' lang='lat' dir='ltr'><strong>mysteria</strong></span> 
     </span>
    </p>
   </div>
   <div class='ocr_carea' id='block_1_25' title="bbox 2026 988 3671 1072">
    <p class='ocr_par' dir='ltr' id='par_1_25' title="bbox 2026 988 3671 1072">
     <span class='ocr_line' id='line_1_25' title="bbox 2026 988 3671 1072; baseline 0.001 -20"><span class='ocrx_word' id='word_1_163' title='bbox 2026 989 2321 1065; x_wconf 83' lang='lat' dir='ltr'><strong>admittet,</strong></span> <span class='ocrx_word' id='word_1_164' title='bbox 2357 1007 2535 1070; x_wconf 89' lang='lat' dir='ltr'><strong>quam</strong></span> <span class='ocrx_word' id='word_1_165' title='bbox 2586 988 3044 1052; x_wconf 77' lang='lat' dir='ltr'><strong>fornicationem</strong></span> <span class='ocrx_word' id='word_1_166' title='bbox 3077 1006 3245 1051; x_wconf 90' lang='lat' dir='ltr'><strong>suam</strong></span> <span class='ocrx_word' id='word_1_167' title='bbox 3285 990 3565 1072; x_wconf 81' lang='lat' dir='ltr'><strong>expiarit,</strong></span> <span class='ocrx_word' id='word_1_168' title='bbox 3595 990 3671 1053; x_wconf 86' lang='lat' dir='ltr'>ad</span> 
     </span>
    </p>
   </div>
   <div class='ocr_carea' id='block_1_26' title="bbox 2026 1075 3671 1160">
    <p class='ocr_par' dir='ltr' id='par_1_26' title="bbox 2026 1075 3671 1160">
     <span class='ocr_line' id='line_1_26' title="bbox 2026 1075 3671 1160; baseline 0.001 -20"><span class='ocrx_word' id='word_1_169' title='bbox 2026 1080 2347 1160; x_wconf 90' lang='lat' dir='ltr'><strong>septimum</strong></span> <span class='ocrx_word' id='word_1_170' title='bbox 2398 1097 2648 1142; x_wconf 88' lang='lat' dir='ltr'><strong>annum.</strong></span> <span class='ocrx_word' id='word_1_171' title='bbox 2703 1075 3022 1160; x_wconf 81' lang='lat' dir='ltr'><strong>Presbyter</strong></span> <span class='ocrx_word' id='word_1_172' title='bbox 3073 1086 3275 1141; x_wconf 87' lang='lat' dir='ltr'><strong>autem</strong></span> <span class='ocrx_word' id='word_1_173' title='bbox 3328 1079 3431 1160; x_wconf 87' lang='lat' dir='ltr'><strong>qui</strong></span> <span class='ocrx_word' id='word_1_174' title='bbox 3461 1088 3671 1143; x_wconf 88' lang='lat' dir='ltr'><strong>contra</strong></span> 
     </span>
    </p>
   </div>
   <div class='ocr_carea' id='block_1_27' title="bbox 2026 1168 3673 1251">
    <p class='ocr_par' dir='ltr' id='par_1_27' title="bbox 2026 1168 3673 1251">
     <span class='ocr_line' id='line_1_27' title="bbox 2026 1168 3673 1251; baseline 0.001 -21"><span class='ocrx_word' id='word_1_175' title='bbox 2026 1169 2348 1232; x_wconf 85' lang='lat' dir='ltr'><strong>terminum</strong></span> <span class='ocrx_word' id='word_1_176' title='bbox 2376 1168 2912 1248; x_wconf 75' lang='lat' dir='ltr'><strong>redintegrationis</strong></span> <span class='ocrx_word' id='word_1_177' title='bbox 2933 1169 3191 1251; x_wconf 83' lang='lat' dir='ltr'><strong>aliquem</strong></span> <span class='ocrx_word' id='word_1_178' title='bbox 3211 1171 3269 1232; x_wconf 89' lang='lat' dir='ltr'>in</span> <span class='ocrx_word' id='word_1_179' title='bbox 3300 1178 3522 1233; x_wconf 72' lang='lat' dir='ltr'><strong>castum</strong></span> <span class='ocrx_word' id='word_1_180' title='bbox 3547 1172 3673 1251; x_wconf 87' lang='lat' dir='ltr'><strong>pio-</strong></span> 
     </span>
    </p>
   </div>
   <div class='ocr_carea' id='block_1_28' title="bbox 2023 1259 3666 1341">
    <p class='ocr_par' dir='ltr' id='par_1_28' title="bbox 2023 1259 3666 1341">
     <span class='ocr_line' id='line_1_28' title="bbox 2023 1259 3666 1341; baseline 0.003 -21"><span class='ocrx_word' id='word_1_181' title='bbox 2023 1276 2155 1321; x_wconf 88' lang='lat' dir='ltr'>rum</span> <span class='ocrx_word' id='word_1_182' title='bbox 2187 1259 2508 1338; x_wconf 85' lang='lat' dir='ltr'><strong>receperit,</strong></span> <span class='ocrx_word' id='word_1_183' title='bbox 2545 1277 2681 1321; x_wconf 93' lang='lat' dir='ltr'>cum</span> <span class='ocrx_word' id='word_1_184' title='bbox 2713 1276 2821 1322; x_wconf 85' lang='lat' dir='ltr'>sue</span> <span class='ocrx_word' id='word_1_185' title='bbox 2854 1259 3045 1339; x_wconf 84' lang='lat' dir='ltr'><strong>ipsius</strong></span> <span class='ocrx_word' id='word_1_186' title='bbox 3093 1259 3359 1341; x_wconf 91' lang='lat' dir='ltr'><strong>periculo</strong></span> <span class='ocrx_word' id='word_1_187' title='bbox 3411 1260 3471 1321; x_wconf 88' lang='lat' dir='ltr'><strong>id</strong></span> <span class='ocrx_word' id='word_1_188' title='bbox 3502 1260 3666 1325; x_wconf 89' lang='lat' dir='ltr'>facit.</span> 
     </span>
    </p>
   </div>
   <div class='ocr_carea' id='block_1_29' title="bbox 2023 1347 3670 1431">
    <p class='ocr_par' dir='ltr' id='par_1_29' title="bbox 2023 1347 3670 1431">
     <span class='ocr_line' id='line_1_29' title="bbox 2023 1347 3670 1431; baseline 0.001 -21"><span class='ocrx_word' id='word_1_189' title='bbox 2023 1347 2169 1410; x_wconf 89' lang='lat' dir='ltr'><strong>Nam</strong></span> <span class='ocrx_word' id='word_1_190' title='bbox 2194 1349 2372 1409; x_wconf 87' lang='lat' dir='ltr'><strong>homo</strong></span> <span class='ocrx_word' id='word_1_191' title='bbox 2404 1349 2487 1410; x_wconf 88' lang='lat' dir='ltr'>ita</span> <span class='ocrx_word' id='word_1_192' title='bbox 2513 1358 2798 1429; x_wconf 90' lang='lat' dir='ltr'><strong>receptus</strong></span> <span class='ocrx_word' id='word_1_193' title='bbox 2829 1348 2904 1411; x_wconf 90' lang='lat' dir='ltr'>de</span> <span class='ocrx_word' id='word_1_194' title='bbox 2931 1356 3082 1412; x_wconf 88' lang='lat' dir='ltr'><strong>statu</strong></span> <span class='ocrx_word' id='word_1_195' title='bbox 3109 1350 3318 1429; x_wconf 81' lang='lat' dir='ltr'><strong>gratiaa</strong></span> <span class='ocrx_word' id='word_1_196' title='bbox 3348 1349 3670 1431; x_wconf 77' lang='lat' dir='ltr'><strong>dejicietur</strong></span> 
     </span>
    </p>
   </div>
   <div class='ocr_carea' id='block_1_30' title="bbox 2025 1435 3671 1521">
    <p class='ocr_par' dir='ltr' id='par_1_30' title="bbox 2025 1435 3671 1521">
     <span class='ocr_line' id='line_1_30' title="bbox 2025 1435 3671 1521; baseline 0.001 -21"><span class='ocrx_word' id='word_1_197' title='bbox 2025 1456 2132 1519; x_wconf 92' lang='lat' dir='ltr'>per</span> <span class='ocrx_word' id='word_1_198' title='bbox 2149 1435 2708 1519; x_wconf 79' lang='lat' dir='ltr'><strong>septennium.Haec</strong></span> <span class='ocrx_word' id='word_1_199' title='bbox 2731 1456 2912 1519; x_wconf 89' lang='lat' dir='ltr'><strong>porro</strong></span> <span class='ocrx_word' id='word_1_200' title='bbox 2926 1439 3206 1502; x_wconf 87' lang='lat' dir='ltr'><strong>scandala</strong></span> <span class='ocrx_word' id='word_1_201' title='bbox 3222 1457 3430 1501; x_wconf 90' lang='lat' dir='ltr'><strong>eorum</strong></span> <span class='ocrx_word' id='word_1_202' title='bbox 3453 1441 3554 1521; x_wconf 88' lang='lat' dir='ltr'>qui</span> <span class='ocrx_word' id='word_1_203' title='bbox 3567 1459 3671 1502; x_wconf 88' lang='lat' dir='ltr'><strong>an-</strong></span> 
     </span>
    </p>
   </div>
   <div class='ocr_carea' id='block_1_31' title="bbox 2024 1526 3769 1610">
    <p class='ocr_par' dir='ltr' id='par_1_31' title="bbox 2024 1526 3769 1610">
     <span class='ocr_line' id='line_1_31' title="bbox 2024 1526 3769 1610; baseline 0.002 -21"><span class='ocrx_word' id='word_1_204' title='bbox 2024 1527 2246 1610; x_wconf 86' lang='lat' dir='ltr'><strong>tiquius</strong></span> <span class='ocrx_word' id='word_1_205' title='bbox 2267 1528 2436 1607; x_wconf 84' lang='lat' dir='ltr'><strong>regni</strong></span> <span class='ocrx_word' id='word_1_206' title='bbox 2461 1526 2728 1590; x_wconf 88' lang='lat' dir='ltr'><strong>habenas</strong></span> <span class='ocrx_word' id='word_1_207' title='bbox 2751 1527 3062 1605; x_wconf 85' lang='lat' dir='ltr'><strong>tenebant,</strong></span> <span class='ocrx_word' id='word_1_208' title='bbox 3096 1548 3244 1610; x_wconf 89' lang='lat' dir='ltr'><strong>opus</strong></span> <span class='ocrx_word' id='word_1_209' title='bbox 3274 1536 3465 1599; x_wconf 90' lang='lat' dir='ltr'><strong>erant.</strong></span> <span class='ocrx_word' id='word_1_210' title='bbox 3497 1528 3669 1593; x_wconf 90' lang='lat' dir='ltr'><strong>Nunc</strong></span> <span class='ocrx_word' id='word_1_211' title='bbox 3760 1526 3769 1529; x_wconf 73' lang='grc'><em>’</em></span> 
     </span>
    </p>
   </div>
   <div class='ocr_carea' id='block_1_32' title="bbox 2020 1616 3667 1699">
    <p class='ocr_par' dir='ltr' id='par_1_32' title="bbox 2020 1616 3667 1699">
     <span class='ocr_line' id='line_1_32' title="bbox 2020 1616 3667 1699; baseline 0.002 -20"><span class='ocrx_word' id='word_1_212' title='bbox 2020 1626 2220 1680; x_wconf 88' lang='lat' dir='ltr'><strong>autem</strong></span> <span class='ocrx_word' id='word_1_213' title='bbox 2249 1616 2532 1699; x_wconf 83' lang='lat' dir='ltr'><strong>Patris,et</strong></span> <span class='ocrx_word' id='word_1_214' title='bbox 2555 1616 3061 1699; x_wconf 83' lang='lat' dir='ltr'><strong>Filii,etSpiritus</strong></span> <span class='ocrx_word' id='word_1_215' title='bbox 3081 1620 3272 1681; x_wconf 86' lang='lat' dir='ltr'><strong>sancti</strong></span> <span class='ocrx_word' id='word_1_216' title='bbox 3294 1618 3667 1682; x_wconf 91' lang='lat' dir='ltr'><strong>benevolen-</strong></span> 
     </span>
    </p>
   </div>
   <div class='ocr_carea' id='block_1_33' title="bbox 2021 1705 3669 1791">
    <p class='ocr_par' dir='ltr' id='par_1_33' title="bbox 2021 1705 3669 1791">
     <span class='ocr_line' id='line_1_33' title="bbox 2021 1705 3669 1791; baseline 0.002 -23"><span class='ocrx_word' id='word_1_217' title='bbox 2021 1708 2097 1769; x_wconf 91' lang='lat' dir='ltr'>tia</span> <span class='ocrx_word' id='word_1_218' title='bbox 2109 1715 2167 1769; x_wconf 91' lang='lat' dir='ltr'>et</span> <span class='ocrx_word' id='word_1_219' title='bbox 2189 1705 2400 1788; x_wconf 75' lang='lat' dir='ltr'><strong>gratia,</strong></span> <span class='ocrx_word' id='word_1_220' title='bbox 2426 1725 2664 1770; x_wconf 88' lang='lat' dir='ltr'><strong>necnon</strong></span> <span class='ocrx_word' id='word_1_221' title='bbox 2688 1708 3088 1772; x_wconf 69' lang='lat' dir='ltr'><strong>sanctissimae</strong></span> <span class='ocrx_word' id='word_1_222' title='bbox 3106 1707 3209 1772; x_wconf 85' lang='lat' dir='ltr'><strong>Dei</strong></span> <span class='ocrx_word' id='word_1_223' title='bbox 3219 1727 3378 1791; x_wconf 70' lang='lat' dir='ltr'><strong>parte</strong></span> <span class='ocrx_word' id='word_1_224' title='bbox 3392 1718 3450 1772; x_wconf 91' lang='lat' dir='ltr'>et</span> <span class='ocrx_word' id='word_1_225' title='bbox 3470 1715 3669 1789; x_wconf 76' lang='lat' dir='ltr'><strong>magni</strong></span> 
     </span>
    </p>
   </div>
   <div class='ocr_carea' id='block_1_34' title="bbox 287 1795 1928 1877">
    <p class='ocr_par' dir='ltr' id='par_1_34' title="bbox 287 1795 1928 1877">
     <span class='ocr_line' id='line_1_34' title="bbox 287 1795 1928 1877; baseline -0.003 -21"><span class='ocrx_word' id='word_1_226' title='bbox 287 1806 385 1856; x_wconf 78' lang='grc' dir='ltr'>τοῦ</span> <span class='ocrx_word' id='word_1_227' title='bbox 440 1797 750 1865; x_wconf 74' lang='grc' dir='ltr'>ἀξιωθέντος</span> <span class='ocrx_word' id='word_1_228' title='bbox 793 1800 939 1877; x_wconf 81' lang='grc' dir='ltr'>παρὰ</span> <span class='ocrx_word' id='word_1_229' title='bbox 980 1800 1074 1856; x_wconf 78' lang='grc' dir='ltr'>τὸν</span> <span class='ocrx_word' id='word_1_230' title='bbox 1123 1797 1420 1875; x_wconf 85' lang='grc' dir='ltr'>ὡρισμένον</span> <span class='ocrx_word' id='word_1_231' title='bbox 1477 1798 1640 1854; x_wconf 87' lang='grc' dir='ltr'>τύπον</span> <span class='ocrx_word' id='word_1_232' title='bbox 1669 1800 1767 1861; x_wconf 70' lang='grc' dir='ltr'>τῆς</span> <span class='ocrx_word' id='word_1_233' title='bbox 1794 1795 1928 1861; x_wconf 81' lang='grc' dir='ltr'>θείας</span> 
     </span>
    </p>
   </div>
   <div class='ocr_carea' id='block_1_35' title="bbox 2016 1795 3668 1877">
    <p class='ocr_par' dir='ltr' id='par_1_35' title="bbox 2017 1797 3668 1862">
     <span class='ocr_line' id='line_1_35' title="bbox 2017 1797 3668 1862; baseline 0.001 -2"><span class='ocrx_word' id='word_1_234' title='bbox 2017 1797 2391 1860; x_wconf 81' lang='lat' dir='ltr'><strong>exercituum</strong></span> <span class='ocrx_word' id='word_1_235' title='bbox 2408 1797 2578 1860; x_wconf 88' lang='lat' dir='ltr'><strong>ducis</strong></span> <span class='ocrx_word' id='word_1_236' title='bbox 2600 1798 2822 1862; x_wconf 87' lang='lat' dir='ltr'><strong>auxilio</strong></span> <span class='ocrx_word' id='word_1_237' title='bbox 2843 1800 3190 1862; x_wconf 83' lang='lat' dir='ltr'><strong>sacerdotes</strong></span> <span class='ocrx_word' id='word_1_238' title='bbox 3206 1798 3511 1862; x_wconf 84' lang='lat' dir='ltr'><strong>solitarius</strong></span> <span class='ocrx_word' id='word_1_239' title='bbox 3526 1800 3668 1862; x_wconf 88' lang='lat' dir='ltr'><strong>inde</strong></span> 
     </span>
    </p>
   </div>
   <div class='ocr_carea' id='block_1_36' title="bbox 289 1885 1932 1964">
    <p class='ocr_par' dir='ltr' id='par_1_36' title="bbox 289 1885 1932 1964">
     <span class='ocr_line' id='line_1_36' title="bbox 289 1885 1932 1964; baseline -0.001 -18"><span class='ocrx_word' id='word_1_240' title='bbox 289 1888 576 1952; x_wconf 86' lang='grc' dir='ltr'>κοινωνίας</span> <span class='ocrx_word' id='word_1_241' title='bbox 628 1887 792 1949; x_wconf 82' lang='grc' dir='ltr'>πάλιν</span> <span class='ocrx_word' id='word_1_242' title='bbox 851 1891 925 1956; x_wconf 81' lang='grc' dir='ltr'>εἰς</span> <span class='ocrx_word' id='word_1_243' title='bbox 980 1890 1041 1947; x_wconf 82' lang='grc' dir='ltr'>τὸ</span> <span class='ocrx_word' id='word_1_244' title='bbox 1099 1887 1463 1956; x_wconf 81' lang='grc' dir='ltr'>ἀκοινώνητον</span> <span class='ocrx_word' id='word_1_245' title='bbox 1500 1885 1932 1964; x_wconf 80' lang='grc' dir='ltr'>περιισταμένου,</span> 
     </span>
    </p>
   </div>
   <div class='ocr_carea' id='block_1_37' title="bbox 288 1973 1936 2058">
    <p class='ocr_par' dir='ltr' id='par_1_37' title="bbox 288 1973 1936 2058">
     <span class='ocr_line' id='line_1_37' title="bbox 288 1973 1936 2058; baseline -0.002 -24"><span class='ocrx_word' id='word_1_246' title='bbox 288 1976 459 2058; x_wconf 85' lang='grc' dir='ltr'>μέχρι</span> <span class='ocrx_word' id='word_1_247' title='bbox 518 1983 617 2045; x_wconf 79' lang='grc' dir='ltr'>τῆς</span> <span class='ocrx_word' id='word_1_248' title='bbox 662 1977 1105 2058; x_wconf 85' lang='grc' dir='ltr'>συμπληρώσεως</span> <span class='ocrx_word' id='word_1_249' title='bbox 1165 1984 1259 2035; x_wconf 84' lang='grc' dir='ltr'>τοῦ</span> <span class='ocrx_word' id='word_1_250' title='bbox 1319 1975 1545 2053; x_wconf 77' lang='grc' dir='ltr'>ἑϐδόμου</span> <span class='ocrx_word' id='word_1_251' title='bbox 1591 1975 1762 2040; x_wconf 78' lang='grc' dir='ltr'>ἔτους·</span> <span class='ocrx_word' id='word_1_252' title='bbox 1798 1973 1936 2031; x_wconf 83' lang='grc' dir='ltr'>ἀλλὰ</span> 
     </span>
    </p>
   </div>
   <div class='ocr_carea' id='block_1_38' title="bbox 280 2065 1936 2145">
    <p class='ocr_par' dir='ltr' id='par_1_38' title="bbox 280 2065 1936 2145">
     <span class='ocr_line' id='line_1_38' title="bbox 280 2065 1936 2145; baseline -0.004 -20"><span class='ocrx_word' id='word_1_253' title='bbox 280 2069 353 2125; x_wconf 79' lang='grc' dir='ltr'>τὰ</span> <span class='ocrx_word' id='word_1_254' title='bbox 406 2065 674 2126; x_wconf 80' lang='grc' dir='ltr'>σκάνδαλα</span> <span class='ocrx_word' id='word_1_255' title='bbox 704 2067 865 2137; x_wconf 80' lang='grc' dir='ltr'>δῆλον</span> <span class='ocrx_word' id='word_1_256' title='bbox 913 2075 1079 2126; x_wconf 80' lang='grc' dir='ltr'>ταῦτα</span> <span class='ocrx_word' id='word_1_257' title='bbox 1133 2068 1230 2145; x_wconf 77' lang='grc' dir='ltr'>μὲν</span> <span class='ocrx_word' id='word_1_258' title='bbox 1271 2068 1346 2131; x_wconf 84' lang='grc' dir='ltr'>ὠς</span> <span class='ocrx_word' id='word_1_259' title='bbox 1377 2065 1672 2137; x_wconf 72' lang='grc' dir='ltr'>δεδήλωται</span> <span class='ocrx_word' id='word_1_260' title='bbox 1700 2065 1802 2122; x_wconf 79' lang='grc' dir='ltr'>ὑπὸ</span> <span class='ocrx_word' id='word_1_261' title='bbox 1830 2069 1936 2120; x_wconf 81' lang='grc' dir='ltr'>τῶν</span> 
     </span>
    </p>
   </div>
   <div class='ocr_carea' id='block_1_39' title="bbox 283 2152 1934 2239">
    <p class='ocr_par' dir='ltr' id='par_1_39' title="bbox 283 2152 1934 2239">
     <span class='ocr_line' id='line_1_39' title="bbox 283 2152 1934 2239; baseline -0.002 -25"><span class='ocrx_word' id='word_1_262' title='bbox 283 2156 454 2215; x_wconf 84' lang='grc' dir='ltr'>πάλαι</span> <span class='ocrx_word' id='word_1_263' title='bbox 496 2156 927 2234; x_wconf 77' lang='grc' dir='ltr'>βασιλευσάντων</span> <span class='ocrx_word' id='word_1_264' title='bbox 999 2158 1374 2239; x_wconf 81' lang='grc' dir='ltr'>ἐπράχθησαν,</span> <span class='ocrx_word' id='word_1_265' title='bbox 1434 2162 1540 2214; x_wconf 78' lang='grc' dir='ltr'>Νῦν</span> <span class='ocrx_word' id='word_1_266' title='bbox 1599 2152 1654 2211; x_wconf 77' lang='grc' dir='ltr'>δὲ</span> <span class='ocrx_word' id='word_1_267' title='bbox 1717 2160 1785 2231; x_wconf 76' lang='grc' dir='ltr'>τῇ</span> <span class='ocrx_word' id='word_1_268' title='bbox 1841 2160 1934 2211; x_wconf 78' lang='grc' dir='ltr'>τοῦ</span> 
     </span>
    </p>
   </div>
   <div class='ocr_carea' id='block_1_40' title="bbox 278 2240 1934 2328">
    <p class='ocr_par' dir='ltr' id='par_1_40' title="bbox 278 2240 1934 2328">
     <span class='ocr_line' id='line_1_40' title="bbox 278 2240 1934 2328; baseline -0.004 -23"><span class='ocrx_word' id='word_1_269' title='bbox 278 2248 491 2326; x_wconf 78' lang='grc' dir='ltr'>[ἰατρὸς</span> <span class='ocrx_word' id='word_1_270' title='bbox 546 2250 635 2306; x_wconf 82' lang='grc' dir='ltr'>καὶ</span> <span class='ocrx_word' id='word_1_271' title='bbox 680 2252 803 2306; x_wconf 63' lang='lat' dir='ltr'><strong>rio?)</strong></span> <span class='ocrx_word' id='word_1_272' title='bbox 873 2250 962 2306; x_wconf 88' lang='grc' dir='ltr'>καὶ</span> <span class='ocrx_word' id='word_1_273' title='bbox 1023 2249 1174 2328; x_wconf 82' lang='grc' dir='ltr'>ἆγίου</span> <span class='ocrx_word' id='word_1_274' title='bbox 1237 2249 1547 2324; x_wconf 84' lang='grc' dir='ltr'>Πνεύματος</span> <span class='ocrx_word' id='word_1_275' title='bbox 1589 2244 1799 2319; x_wconf 73' lang='grc' dir='ltr'>εὐδοκία</span> <span class='ocrx_word' id='word_1_276' title='bbox 1843 2240 1934 2302; x_wconf 80' lang='grc' dir='ltr'>καὶ</span> 
     </span>
    </p>
   </div>
   <div class='ocr_carea' id='block_1_41' title="bbox 281 2335 1933 2417">
    <p class='ocr_par' dir='ltr' id='par_1_41' title="bbox 281 2335 1933 2417">
     <span class='ocr_line' id='line_1_41' title="bbox 281 2335 1933 2417; baseline -0.001 -23"><span class='ocrx_word' id='word_1_277' title='bbox 281 2336 496 2417; x_wconf 80' lang='grc' dir='ltr'>χάριτι,</span> <span class='ocrx_word' id='word_1_278' title='bbox 557 2340 646 2395; x_wconf 84' lang='grc' dir='ltr'>καὶ</span> <span class='ocrx_word' id='word_1_279' title='bbox 695 2338 822 2403; x_wconf 76' lang='grc' dir='ltr'>ταῖς</span> <span class='ocrx_word' id='word_1_280' title='bbox 878 2344 978 2407; x_wconf 74' lang='grc' dir='ltr'>τῆς</span> <span class='ocrx_word' id='word_1_281' title='bbox 1031 2339 1301 2417; x_wconf 81' lang='grc' dir='ltr'>πανάγνου</span> <span class='ocrx_word' id='word_1_282' title='bbox 1330 2339 1417 2395; x_wconf 86' lang='grc' dir='ltr'>καὶ</span> <span class='ocrx_word' id='word_1_283' title='bbox 1459 2336 1811 2415; x_wconf 74' lang='grc' dir='ltr'>θεομήτορος,</span> <span class='ocrx_word' id='word_1_284' title='bbox 1844 2335 1933 2392; x_wconf 82' lang='grc' dir='ltr'>καὶ</span> 
     </span>
    </p>
   </div>
   <div class='ocr_carea' id='block_1_42' title="bbox 2018 1886 3670 1971">
    <p class='ocr_par' dir='ltr' id='par_1_42' title="bbox 2018 1886 3670 1971">
     <span class='ocr_line' id='line_1_42' title="bbox 2018 1886 3670 1971; baseline 0.001 -22"><span class='ocrx_word' id='word_1_285' title='bbox 2018 1905 2051 1949; x_wconf 89' lang='lat' dir='ltr'>a</span> <span class='ocrx_word' id='word_1_286' title='bbox 2074 1886 2402 1965; x_wconf 78' lang='lat' dir='ltr'><strong>nonaginta</strong></span> <span class='ocrx_word' id='word_1_287' title='bbox 2422 1887 2598 1950; x_wconf 89' lang='lat' dir='ltr'><strong>annis</strong></span> <span class='ocrx_word' id='word_1_288' title='bbox 2619 1887 2694 1950; x_wconf 93' lang='lat' dir='ltr'>ob</span> <span class='ocrx_word' id='word_1_289' title='bbox 2717 1906 2957 1951; x_wconf 85' lang='lat' dir='ltr'><strong>causam</strong></span> <span class='ocrx_word' id='word_1_290' title='bbox 2983 1906 3162 1971; x_wconf 90' lang='lat' dir='ltr'><strong>quam</strong></span> <span class='ocrx_word' id='word_1_291' title='bbox 3178 1890 3670 1952; x_wconf 85' lang='lat' dir='ltr'><strong>commemoravi-</strong></span> 
     </span>
    </p>
   </div>
   <div class='ocr_carea' id='block_1_43' title="bbox 2021 1976 3660 2058">
    <p class='ocr_par' dir='ltr' id='par_1_43' title="bbox 2021 1976 3660 2058">
     <span class='ocr_line' id='line_1_43' title="bbox 2021 1976 3660 2058; baseline 0.002 -21"><span class='ocrx_word' id='word_1_292' title='bbox 2021 1992 2155 2038; x_wconf 88' lang='lat' dir='ltr'>mus</span> <span class='ocrx_word' id='word_1_293' title='bbox 2185 1994 2437 2055; x_wconf 79' lang='lat' dir='ltr'><strong>regnum</strong></span> <span class='ocrx_word' id='word_1_294' title='bbox 2489 1976 2789 2057; x_wconf 88' lang='lat' dir='ltr'><strong>placidum</strong></span> <span class='ocrx_word' id='word_1_295' title='bbox 2840 1977 3276 2058; x_wconf 85' lang='lat' dir='ltr'><strong>imperatorum</strong></span> <span class='ocrx_word' id='word_1_296' title='bbox 3323 1986 3660 2041; x_wconf 87' lang='lat' dir='ltr'><strong>nostrorum</strong></span> 
     </span>
    </p>
   </div>
   <div class='ocr_carea' id='block_1_44' title="bbox 2017 2064 3669 2148">
    <p class='ocr_par' dir='ltr' id='par_1_44' title="bbox 2017 2064 3669 2148">
     <span class='ocr_line' id='line_1_44' title="bbox 2017 2064 3669 2148; baseline 0.002 -21"><span class='ocrx_word' id='word_1_297' title='bbox 2017 2064 2221 2128; x_wconf 87' lang='lat' dir='ltr'><strong>Basilii</strong></span> <span class='ocrx_word' id='word_1_298' title='bbox 2252 2073 2310 2127; x_wconf 91' lang='lat' dir='ltr'>et</span> <span class='ocrx_word' id='word_1_299' title='bbox 2340 2065 2719 2129; x_wconf 87' lang='lat' dir='ltr'><strong>Constantini</strong></span> <span class='ocrx_word' id='word_1_300' title='bbox 2767 2068 3081 2147; x_wconf 83' lang='lat' dir='ltr'><strong>conjunxit</strong></span> <span class='ocrx_word' id='word_1_301' title='bbox 3129 2068 3194 2128; x_wconf 91' lang='lat' dir='ltr'>in</span> <span class='ocrx_word' id='word_1_302' title='bbox 3228 2085 3527 2148; x_wconf 89' lang='lat' dir='ltr'><strong>unamque</strong></span> <span class='ocrx_word' id='word_1_303' title='bbox 3559 2087 3669 2130; x_wconf 78' lang='lat' dir='ltr'><strong>ca-</strong></span> 
     </span>
    </p>
   </div>
   <div class='ocr_carea' id='block_1_45' title="bbox 2017 2155 3661 2236">
    <p class='ocr_par' dir='ltr' id='par_1_45' title="bbox 2017 2155 3661 2236">
     <span class='ocr_line' id='line_1_45' title="bbox 2017 2155 3661 2236; baseline 0.003 -21"><span class='ocrx_word' id='word_1_304' title='bbox 2017 2155 2300 2217; x_wconf 86' lang='lat' dir='ltr'><strong>tholicam</strong></span> <span class='ocrx_word' id='word_1_305' title='bbox 2360 2163 2418 2218; x_wconf 89' lang='lat' dir='ltr'>et</span> <span class='ocrx_word' id='word_1_306' title='bbox 2475 2157 2864 2236; x_wconf 87' lang='lat' dir='ltr'><strong>apostolicam</strong></span> <span class='ocrx_word' id='word_1_307' title='bbox 2919 2155 3251 2219; x_wconf 74' lang='lat' dir='ltr'><strong>Ecclesium</strong></span> <span class='ocrx_word' id='word_1_308' title='bbox 3283 2158 3661 2222; x_wconf 82' lang='lat' dir='ltr'><strong>coadunavit.</strong></span> 
     </span>
    </p>
   </div>
   <div class='ocr_carea' id='block_1_46' title="bbox 2015 2243 3664 2329">
    <p class='ocr_par' dir='ltr' id='par_1_46' title="bbox 2015 2243 3664 2329">
     <span class='ocr_line' id='line_1_46' title="bbox 2015 2243 3664 2329; baseline 0.001 -22"><span class='ocrx_word' id='word_1_309' title='bbox 2015 2243 2266 2326; x_wconf 87' lang='lat' dir='ltr'><strong>Oportet</strong></span> <span class='ocrx_word' id='word_1_310' title='bbox 2298 2245 2477 2324; x_wconf 81' lang='lat' dir='ltr'><strong>igitur</strong></span> <span class='ocrx_word' id='word_1_311' title='bbox 2527 2245 2803 2308; x_wconf 87' lang='lat' dir='ltr'><strong>maximis</strong></span> <span class='ocrx_word' id='word_1_312' title='bbox 2860 2245 3139 2308; x_wconf 85' lang='lat' dir='ltr'><strong>laudibus</strong></span> <span class='ocrx_word' id='word_1_313' title='bbox 3189 2245 3392 2309; x_wconf 69' lang='lat' dir='ltr'><strong>efferri</strong></span> <span class='ocrx_word' id='word_1_314' title='bbox 3423 2264 3526 2309; x_wconf 88' lang='lat' dir='ltr'>eos</span> <span class='ocrx_word' id='word_1_315' title='bbox 3554 2246 3664 2329; x_wconf 85' lang='lat' dir='ltr'>qui</span> 
     </span>
    </p>
   </div>
   <div class='ocr_carea' id='block_1_47' title="bbox 2015 2333 3516 2416">
    <p class='ocr_par' dir='ltr' id='par_1_47' title="bbox 2015 2333 3516 2416">
     <span class='ocr_line' id='line_1_47' title="bbox 2015 2333 3516 2416; baseline 0.001 -20"><span class='ocrx_word' id='word_1_316' title='bbox 2015 2334 2130 2396; x_wconf 89' lang='lat' dir='ltr'>hoc</span> <span class='ocrx_word' id='word_1_317' title='bbox 2159 2351 2315 2414; x_wconf 86' lang='lat' dir='ltr'><strong>opus</strong></span> <span class='ocrx_word' id='word_1_318' title='bbox 2341 2333 2612 2397; x_wconf 88' lang='lat' dir='ltr'><strong>divinum</strong></span> <span class='ocrx_word' id='word_1_319' title='bbox 2643 2342 2702 2397; x_wconf 92' lang='lat' dir='ltr'>et</span> <span class='ocrx_word' id='word_1_320' title='bbox 2732 2335 3037 2398; x_wconf 89' lang='lat' dir='ltr'><strong>excelsum</strong></span> <span class='ocrx_word' id='word_1_321' title='bbox 3069 2343 3516 2416; x_wconf 87' lang='lat' dir='ltr'><strong>perpetrarunt.</strong></span> 
     </span>
    </p>
   </div>
   <div class='ocr_carea' id='block_1_48' title="bbox 273 2424 3662 2509">
    <p class='ocr_par' dir='ltr' id='par_1_48' title="bbox 273 2424 3662 2509">
     <span class='ocr_line' id='line_1_48' title="bbox 273 2424 3662 2509; baseline 0 -26"><span class='ocrx_word' id='word_1_322' title='bbox 273 2440 406 2493; x_wconf 77' lang='grc' dir='ltr'>ταῖς</span> <span class='ocrx_word' id='word_1_323' title='bbox 462 2434 556 2486; x_wconf 72' lang='grc' dir='ltr'>τοῦ</span> <span class='ocrx_word' id='word_1_324' title='bbox 597 2428 836 2507; x_wconf 80' lang='grc' dir='ltr'>μεγάλου</span> <span class='ocrx_word' id='word_1_325' title='bbox 906 2429 1344 2509; x_wconf 70' lang='grc' dir='ltr'>ἀρχιστρατήγου</span> <span class='ocrx_word' id='word_1_326' title='bbox 1404 2425 1710 2507; x_wconf 88' lang='grc' dir='ltr'>πρεσϐείας,</span> <span class='ocrx_word' id='word_1_327' title='bbox 1764 2425 1885 2488; x_wconf 80' lang='grc' dir='ltr'>τοὺς</span> <span class='ocrx_word' id='word_1_328' title='bbox 1942 2424 2046 2494; x_wconf 67' lang='grc' dir='ltr'>ἤδη</span> <span class='ocrx_word' id='word_1_329' title='bbox 2110 2427 2212 2504; x_wconf 75' lang='grc' dir='ltr'>πρὸ</span> <span class='ocrx_word' id='word_1_330' title='bbox 2261 2424 2582 2496; x_wconf 79' lang='grc' dir='ltr'>ἐνενήκοντα</span> <span class='ocrx_word' id='word_1_331' title='bbox 2636 2428 2853 2507; x_wconf 78' lang='grc' dir='ltr'>χρόνων</span> <span class='ocrx_word' id='word_1_332' title='bbox 2901 2426 3081 2483; x_wconf 78' lang='grc' dir='ltr'>ἕνεκεν</span> <span class='ocrx_word' id='word_1_333' title='bbox 3137 2425 3235 2495; x_wconf 78' lang='grc' dir='ltr'>τῆς</span> <span class='ocrx_word' id='word_1_334' title='bbox 3291 2425 3662 2506; x_wconf 88' lang='grc' dir='ltr'>προδηλωθεί-</span> 
     </span>
    </p>
   </div>
   <div class='ocr_carea' id='block_1_49' title="bbox 275 2514 3660 2601">
    <p class='ocr_par' dir='ltr' id='par_1_49' title="bbox 275 2514 3660 2601">
     <span class='ocr_line' id='line_1_49' title="bbox 275 2514 3660 2601; baseline 0.001 -29"><span class='ocrx_word' id='word_1_335' title='bbox 275 2538 385 2585; x_wconf 87' lang='grc' dir='ltr'>σης</span> <span class='ocrx_word' id='word_1_336' title='bbox 443 2520 609 2585; x_wconf 77' lang='grc' dir='ltr'>αἰτίας</span> <span class='ocrx_word' id='word_1_337' title='bbox 675 2521 762 2575; x_wconf 84' lang='grc' dir='ltr'>καὶ</span> <span class='ocrx_word' id='word_1_338' title='bbox 819 2520 1067 2601; x_wconf 76' lang='grc' dir='ltr'>ἀφορμῆς</span> <span class='ocrx_word' id='word_1_339' title='bbox 1138 2517 1536 2599; x_wconf 71' lang='grc' dir='ltr'>ἀπορραγέντας</span> <span class='ocrx_word' id='word_1_340' title='bbox 1591 2520 1757 2593; x_wconf 72' lang='grc' dir='ltr'>ἱερεῖς</span> <span class='ocrx_word' id='word_1_341' title='bbox 1829 2516 1919 2573; x_wconf 85' lang='grc' dir='ltr'>καὶ</span> <span class='ocrx_word' id='word_1_342' title='bbox 1976 2515 2327 2596; x_wconf 76' lang='grc' dir='ltr'>μονάζοντας,</span> <span class='ocrx_word' id='word_1_343' title='bbox 2391 2519 2426 2587; x_wconf 79' lang='grc' dir='ltr'>ἡ</span> <span class='ocrx_word' id='word_1_344' title='bbox 2484 2516 2833 2595; x_wconf 81' lang='grc' dir='ltr'>παγγάληνος</span> <span class='ocrx_word' id='word_1_345' title='bbox 2888 2514 3132 2593; x_wconf 84' lang='grc' dir='ltr'>βασιλεία</span> <span class='ocrx_word' id='word_1_346' title='bbox 3187 2516 3293 2573; x_wconf 81' lang='grc' dir='ltr'>τῶν</span> <span class='ocrx_word' id='word_1_347' title='bbox 3365 2520 3660 2598; x_wconf 75' lang='grc' dir='ltr'>θεοστεφῶν</span> 
     </span>
    </p>
   </div>
   <div class='ocr_carea' id='block_1_50' title="bbox 276 2604 3660 2686">
    <p class='ocr_par' dir='ltr' id='par_1_50' title="bbox 276 2604 3660 2686">
     <span class='ocr_line' id='line_1_50' title="bbox 276 2604 3660 2686; baseline 0 -21"><span class='ocrx_word' id='word_1_348' title='bbox 276 2605 549 2686; x_wconf 86' lang='grc' dir='ltr'>βασιλέων</span> <span class='ocrx_word' id='word_1_349' title='bbox 605 2610 761 2684; x_wconf 79' lang='grc' dir='ltr'>ἡμῶν</span> <span class='ocrx_word' id='word_1_350' title='bbox 796 2607 1077 2666; x_wconf 82' lang='grc' dir='ltr'>Βασιλείου</span> <span class='ocrx_word' id='word_1_351' title='bbox 1121 2610 1207 2667; x_wconf 82' lang='grc' dir='ltr'>καὶ</span> <span class='ocrx_word' id='word_1_352' title='bbox 1264 2607 1666 2667; x_wconf 72' lang='grc' dir='ltr'>Κωνσταντὲνου</span> <span class='ocrx_word' id='word_1_353' title='bbox 1725 2604 1930 2681; x_wconf 81' lang='grc' dir='ltr'>συνήψέ</span> <span class='ocrx_word' id='word_1_354' title='bbox 1986 2627 2045 2663; x_wconf 83' lang='grc' dir='ltr'>τε</span> <span class='ocrx_word' id='word_1_355' title='bbox 2103 2627 2191 2661; x_wconf 86' lang='grc' dir='ltr'>και</span> <span class='ocrx_word' id='word_1_356' title='bbox 2240 2606 2537 2684; x_wconf 74' lang='grc' dir='ltr'>συνήνωσε,</span> <span class='ocrx_word' id='word_1_357' title='bbox 2567 2607 2655 2663; x_wconf 87' lang='grc' dir='ltr'>καὶ</span> <span class='ocrx_word' id='word_1_358' title='bbox 2712 2607 2839 2680; x_wconf 88' lang='grc' dir='ltr'>μίαν</span> <span class='ocrx_word' id='word_1_359' title='bbox 2897 2605 3187 2673; x_wconf 77' lang='grc' dir='ltr'>καθολικὴν</span> <span class='ocrx_word' id='word_1_360' title='bbox 3220 2606 3306 2663; x_wconf 69' lang='grc' dir='ltr'>καὶ</span> <span class='ocrx_word' id='word_1_361' title='bbox 3363 2606 3660 2665; x_wconf 83' lang='grc' dir='ltr'>ἀποστολι-</span> 
     </span>
    </p>
   </div>
   <div class='ocr_carea' id='block_1_51' title="bbox 276 2694 3661 2778">
    <p class='ocr_par' dir='ltr' id='par_1_51' title="bbox 276 2694 3661 2778">
     <span class='ocr_line' id='line_1_51' title="bbox 276 2694 3661 2778; baseline 0 -25"><span class='ocrx_word' id='word_1_362' title='bbox 276 2697 385 2765; x_wconf 78' lang='grc' dir='ltr'>κήν</span> <span class='ocrx_word' id='word_1_363' title='bbox 433 2696 767 2765; x_wconf 83' lang='grc' dir='ltr'>Ἐκκλησίαν</span> <span class='ocrx_word' id='word_1_364' title='bbox 823 2700 1128 2778; x_wconf 80' lang='grc' dir='ltr'>εἰργάσατο·</span> <span class='ocrx_word' id='word_1_365' title='bbox 1188 2698 1304 2756; x_wconf 80' lang='grc' dir='ltr'>ὅθεν</span> <span class='ocrx_word' id='word_1_366' title='bbox 1362 2698 1543 2778; x_wconf 88' lang='grc' dir='ltr'>χρεὼν</span> <span class='ocrx_word' id='word_1_367' title='bbox 1591 2695 2048 2775; x_wconf 76' lang='grc' dir='ltr'>ἆνακηρύττεσθαί</span> <span class='ocrx_word' id='word_1_368' title='bbox 2104 2715 2163 2753; x_wconf 83' lang='grc' dir='ltr'>τε</span> <span class='ocrx_word' id='word_1_369' title='bbox 2217 2696 2306 2752; x_wconf 83' lang='grc' dir='ltr'>καὶ</span> <span class='ocrx_word' id='word_1_370' title='bbox 2362 2694 2750 2775; x_wconf 78' lang='grc' dir='ltr'>μεγαλύνεσθαι</span> <span class='ocrx_word' id='word_1_371' title='bbox 2802 2696 2924 2761; x_wconf 75' lang='grc' dir='ltr'>τοὺς</span> <span class='ocrx_word' id='word_1_372' title='bbox 2980 2703 3219 2754; x_wconf 76' lang='grc' dir='ltr'>τοιοῦτον</span> <span class='ocrx_word' id='word_1_373' title='bbox 3274 2696 3517 2771; x_wconf 79' lang='grc' dir='ltr'>θεοφιλὲς</span> <span class='ocrx_word' id='word_1_374' title='bbox 3571 2696 3661 2757; x_wconf 82' lang='grc' dir='ltr'>καὶ</span> 
     </span>
    </p>
   </div>
   <div class='ocr_carea' id='block_1_52' title="bbox 281 2785 1248 2869">
    <p class='ocr_par' dir='ltr' id='par_1_52' title="bbox 281 2785 1248 2869">
     <span class='ocr_line' id='line_1_52' title="bbox 281 2785 1248 2869; baseline 0.007 -26"><span class='ocrx_word' id='word_1_375' title='bbox 281 2785 563 2866; x_wconf 79' lang='grc' dir='ltr'>ἀξιόλογον</span> <span class='ocrx_word' id='word_1_376' title='bbox 610 2786 768 2867; x_wconf 77' lang='grc' dir='ltr'>ἔργον</span> <span class='ocrx_word' id='word_1_377' title='bbox 795 2788 1248 2869; x_wconf 84' lang='grc' dir='ltr'>πεπληρωκότας.</span> 
     </span>
    </p>
   </div>
   <div class='ocr_carea' id='block_1_53' title="bbox 284 2891 1925 2976">
    <p class='ocr_par' dir='ltr' id='par_1_53' title="bbox 284 2891 1925 2976">
     <span class='ocr_line' id='line_1_53' title="bbox 284 2891 1925 2976; baseline 0.005 -25"><span class='ocrx_word' id='word_1_378' title='bbox 284 2892 563 2954; x_wconf 78' lang='grc' dir='ltr'>Βασιλείου</span> <span class='ocrx_word' id='word_1_379' title='bbox 612 2895 790 2953; x_wconf 87' lang='grc' dir='ltr'>κανὼν</span> <span class='ocrx_word' id='word_1_380' title='bbox 839 2895 910 2967; x_wconf 87' lang='grc' dir='ltr'>δ’,</span> <span class='ocrx_word' id='word_1_381' title='bbox 965 2896 1068 2973; x_wconf 77' lang='grc' dir='ltr'>ιη’,</span> <span class='ocrx_word' id='word_1_382' title='bbox 1121 2895 1234 2975; x_wconf 84' lang='grc' dir='ltr'>κγ’,</span> <span class='ocrx_word' id='word_1_383' title='bbox 1286 2893 1391 2976; x_wconf 83' lang='grc' dir='ltr'>κδ’,</span> <span class='ocrx_word' id='word_1_384' title='bbox 1425 2894 1548 2972; x_wconf 87' lang='grc' dir='ltr'>μα’,</span> <span class='ocrx_word' id='word_1_385' title='bbox 1582 2892 1652 2971; x_wconf 81' lang='grc' dir='ltr'>ν’,</span> <span class='ocrx_word' id='word_1_386' title='bbox 1686 2891 1794 2974; x_wconf 84' lang='grc' dir='ltr'>νγ’,</span> <span class='ocrx_word' id='word_1_387' title='bbox 1828 2891 1925 2968; x_wconf 80' lang='grc' dir='ltr'>ξζ’,</span> 
     </span>
    </p>
   </div>
   <div class='ocr_carea' id='block_1_54' title="bbox 685 2976 1503 3057">
    <p class='ocr_par' dir='ltr' id='par_1_54' title="bbox 685 2976 1503 3057">
     <span class='ocr_line' id='line_1_54' title="bbox 685 2976 1503 3057; baseline 0.001 -24"><span class='ocrx_word' id='word_1_388' title='bbox 685 2976 794 3051; x_wconf 71' lang='lat' dir='ltr'><strong>En’,</strong></span> <span class='ocrx_word' id='word_1_389' title='bbox 829 2976 929 3053; x_wconf 86' lang='grc' dir='ltr'>οε’,</span> <span class='ocrx_word' id='word_1_390' title='bbox 965 2976 1100 3057; x_wconf 72' lang='grc' dir='ltr'>ος’,</span> <span class='ocrx_word' id='word_1_391' title='bbox 1137 2976 1248 3052; x_wconf 88' lang='grc' dir='ltr'>οη’,</span> <span class='ocrx_word' id='word_1_392' title='bbox 1283 2977 1385 3056; x_wconf 76' lang='grc' dir='ltr'>οϐ’,</span> <span class='ocrx_word' id='word_1_393' title='bbox 1419 2976 1503 3040; x_wconf 86' lang='grc' dir='ltr'>π’.</span> 
     </span>
    </p>
   </div>
   <div class='ocr_carea' id='block_1_55' title="bbox 363 3062 1991 3156">
    <p class='ocr_par' dir='ltr' id='par_1_55' title="bbox 363 3062 1991 3156">
     <span class='ocr_line' id='line_1_55' title="bbox 363 3062 1991 3156; baseline -0.001 -35"><span class='ocrx_word' id='word_1_394' title='bbox 363 3062 433 3127; x_wconf 75' lang='grc' dir='ltr'>δ’.</span> <span class='ocrx_word' id='word_1_395' title='bbox 478 3067 602 3138; x_wconf 83' lang='grc' dir='ltr'>Περὶ</span> <span class='ocrx_word' id='word_1_396' title='bbox 632 3066 907 3145; x_wconf 80' lang='grc' dir='ltr'>τριγάμων</span> <span class='ocrx_word' id='word_1_397' title='bbox 949 3067 1040 3156; x_wconf 87' lang='grc' dir='ltr'>καί</span> <span class='ocrx_word' id='word_1_398' title='bbox 1084 3065 1436 3156; x_wconf 79' lang='grc' dir='ltr'>πολυγάμων,</span> <span class='ocrx_word' id='word_1_399' title='bbox 1485 3067 1576 3122; x_wconf 82' lang='grc' dir='ltr'>τὸν</span> <span class='ocrx_word' id='word_1_400' title='bbox 1606 3065 1764 3156; x_wconf 69' lang='grc' dir='ltr'>αὐτὸν</span> <span class='ocrx_word' id='word_1_401' title='bbox 1794 3063 1926 3143; x_wconf 83' lang='grc' dir='ltr'>ὥρι-</span> <span class='ocrx_word' id='word_1_402' title='bbox 1946 3104 1991 3156; x_wconf 73' lang='lat' dir='ltr'>c</span> 
     </span>
    </p>
   </div>
   <div class='ocr_carea' id='block_1_56' title="bbox 279 3154 1924 3238">
    <p class='ocr_par' dir='ltr' id='par_1_56' title="bbox 279 3154 1924 3238">
     <span class='ocr_line' id='line_1_56' title="bbox 279 3154 1924 3238; baseline -0.002 -24"><span class='ocrx_word' id='word_1_403' title='bbox 279 3179 381 3215; x_wconf 88' lang='grc' dir='ltr'>σαν</span> <span class='ocrx_word' id='word_1_404' title='bbox 423 3157 646 3238; x_wconf 86' lang='grc' dir='ltr'>κανόνα,</span> <span class='ocrx_word' id='word_1_405' title='bbox 699 3156 757 3212; x_wconf 82' lang='grc' dir='ltr'>ὃν</span> <span class='ocrx_word' id='word_1_406' title='bbox 814 3157 903 3213; x_wconf 78' lang='grc' dir='ltr'>καὶ</span> <span class='ocrx_word' id='word_1_407' title='bbox 958 3155 1043 3213; x_wconf 78' lang='grc' dir='ltr'>ἐπὶ</span> <span class='ocrx_word' id='word_1_408' title='bbox 1115 3162 1223 3213; x_wconf 84' lang='grc' dir='ltr'>τῶν</span> <span class='ocrx_word' id='word_1_409' title='bbox 1294 3154 1535 3234; x_wconf 82' lang='grc' dir='ltr'>διγὰμων</span> <span class='ocrx_word' id='word_1_410' title='bbox 1596 3154 1874 3232; x_wconf 78' lang='grc' dir='ltr'>ἀναλόγως</span> <span class='ocrx_word' id='word_1_411' title='bbox 1909 3168 1924 3184; x_wconf 82' lang='grc'><strong>⁸</strong></span> 
     </span>
    </p>
   </div>
   <div class='ocr_carea' id='block_1_57' title="bbox 280 3241 1921 3324">
    <p class='ocr_par' dir='ltr' id='par_1_57' title="bbox 280 3241 1921 3324">
     <span class='ocr_line' id='line_1_57' title="bbox 280 3241 1921 3324; baseline -0.001 -24"><span class='ocrx_word' id='word_1_412' title='bbox 280 3244 522 3302; x_wconf 71' lang='grc' dir='ltr'>ἐνιαυτὸν</span> <span class='ocrx_word' id='word_1_413' title='bbox 566 3246 666 3322; x_wconf 75' lang='grc' dir='ltr'>μὲν</span> <span class='ocrx_word' id='word_1_414' title='bbox 695 3245 796 3324; x_wconf 77' lang='grc' dir='ltr'>γὰρ</span> <span class='ocrx_word' id='word_1_415' title='bbox 826 3244 912 3302; x_wconf 77' lang='grc' dir='ltr'>ἐπὶ</span> <span class='ocrx_word' id='word_1_416' title='bbox 942 3247 1050 3303; x_wconf 79' lang='grc' dir='ltr'>τῶν</span> <span class='ocrx_word' id='word_1_417' title='bbox 1081 3244 1345 3324; x_wconf 83' lang='grc' dir='ltr'>διγάμων,</span> <span class='ocrx_word' id='word_1_418' title='bbox 1382 3242 1533 3302; x_wconf 79' lang='grc' dir='ltr'>ἄλλοι</span> <span class='ocrx_word' id='word_1_419' title='bbox 1565 3242 1620 3299; x_wconf 77' lang='grc' dir='ltr'>δὲ</span> <span class='ocrx_word' id='word_1_420' title='bbox 1671 3241 1761 3300; x_wconf 84' lang='grc' dir='ltr'>δύο</span> <span class='ocrx_word' id='word_1_421' title='bbox 1802 3243 1921 3310; x_wconf 79' lang='grc' dir='ltr'>ἔτη·</span> 
     </span>
    </p>
   </div>
   <div class='ocr_carea' id='block_1_58' title="bbox 277 3331 1925 3414">
    <p class='ocr_par' dir='ltr' id='par_1_58' title="bbox 277 3331 1925 3414">
     <span class='ocr_line' id='line_1_58' title="bbox 277 3331 1925 3414; baseline -0.002 -23"><span class='ocrx_word' id='word_1_422' title='bbox 277 3336 406 3401; x_wconf 83' lang='grc' dir='ltr'>τοὺς</span> <span class='ocrx_word' id='word_1_423' title='bbox 463 3333 517 3391; x_wconf 79' lang='grc' dir='ltr'>δὲ</span> <span class='ocrx_word' id='word_1_424' title='bbox 586 3335 902 3414; x_wconf 84' lang='grc' dir='ltr'>τριγάμους,</span> <span class='ocrx_word' id='word_1_425' title='bbox 963 3338 1018 3392; x_wconf 68' lang='grc' dir='ltr'>ἓν</span> <span class='ocrx_word' id='word_1_426' title='bbox 1072 3334 1219 3413; x_wconf 83' lang='grc' dir='ltr'>τρισί</span> <span class='ocrx_word' id='word_1_427' title='bbox 1273 3335 1359 3392; x_wconf 76' lang='grc' dir='ltr'>καὶ</span> <span class='ocrx_word' id='word_1_428' title='bbox 1406 3334 1618 3413; x_wconf 84' lang='grc' dir='ltr'>τέτρασι</span> <span class='ocrx_word' id='word_1_429' title='bbox 1663 3331 1925 3396; x_wconf 73' lang='grc' dir='ltr'>πολλάκις</span> 
     </span>
    </p>
   </div>
   <div class='ocr_carea' id='block_1_59' title="bbox 280 3423 1924 3504">
    <p class='ocr_par' dir='ltr' id='par_1_59' title="bbox 280 3423 1924 3504">
     <span class='ocr_line' id='line_1_59' title="bbox 280 3423 1924 3504; baseline -0.001 -24"><span class='ocrx_word' id='word_1_430' title='bbox 280 3423 458 3482; x_wconf 77' lang='grc' dir='ltr'>ἔτεσιν</span> <span class='ocrx_word' id='word_1_431' title='bbox 499 3424 858 3504; x_wconf 80' lang='grc' dir='ltr'>ἀφορίζουσιν,</span> <span class='ocrx_word' id='word_1_432' title='bbox 903 3423 1257 3501; x_wconf 74' lang='grc' dir='ltr'>Ὀνομάζουσι</span> <span class='ocrx_word' id='word_1_433' title='bbox 1300 3423 1356 3480; x_wconf 78' lang='grc' dir='ltr'>δὲ</span> <span class='ocrx_word' id='word_1_434' title='bbox 1411 3424 1471 3480; x_wconf 79' lang='grc' dir='ltr'>τὸ</span> <span class='ocrx_word' id='word_1_435' title='bbox 1533 3425 1770 3480; x_wconf 71' lang='grc' dir='ltr'>τοιοδτον</span> <span class='ocrx_word' id='word_1_436' title='bbox 1830 3423 1924 3479; x_wconf 75' lang='grc' dir='ltr'>οὒ-</span> 
     </span>
    </p>
   </div>
   <div class='ocr_carea' id='block_1_60' title="bbox 278 3511 1922 3594">
    <p class='ocr_par' dir='ltr' id='par_1_60' title="bbox 278 3511 1922 3594">
     <span class='ocr_line' id='line_1_60' title="bbox 278 3511 1922 3594; baseline -0.002 -22"><span class='ocrx_word' id='word_1_437' title='bbox 278 3515 394 3572; x_wconf 86' lang='grc' dir='ltr'>κέτι</span> <span class='ocrx_word' id='word_1_438' title='bbox 445 3514 640 3594; x_wconf 72' lang='grc' dir='ltr'>γάμον,</span> <span class='ocrx_word' id='word_1_439' title='bbox 696 3512 835 3571; x_wconf 78' lang='grc' dir='ltr'>ἀλλὰ</span> <span class='ocrx_word' id='word_1_440' title='bbox 880 3513 1237 3593; x_wconf 82' lang='grc' dir='ltr'>πολυγαμίαν,</span> <span class='ocrx_word' id='word_1_441' title='bbox 1307 3512 1510 3573; x_wconf 73' lang='grc' dir='ltr'>μᾶλλον</span> <span class='ocrx_word' id='word_1_442' title='bbox 1566 3511 1621 3569; x_wconf 72' lang='grc' dir='ltr'>δὲ</span> <span class='ocrx_word' id='word_1_443' title='bbox 1676 3512 1922 3585; x_wconf 86' lang='grc' dir='ltr'>πορνείαν</span> 
     </span>
    </p>
   </div>
   <div class='ocr_carea' id='block_1_61' title="bbox 277 3599 1923 3682">
    <p class='ocr_par' dir='ltr' id='par_1_61' title="bbox 277 3599 1923 3682">
     <span class='ocr_line' id='line_1_61' title="bbox 277 3599 1923 3682; baseline -0.002 -21"><span class='ocrx_word' id='word_1_444' title='bbox 277 3602 688 3679; x_wconf 84' lang='grc' dir='ltr'>κεκολασμένην</span> <span class='ocrx_word' id='word_1_445' title='bbox 721 3623 739 3639; x_wconf 78' lang='grc' dir='ltr'><strong><em>ο</em></strong></span> <span class='ocrx_word' id='word_1_446' title='bbox 772 3602 853 3661; x_wconf 80' lang='grc' dir='ltr'>διὸ</span> <span class='ocrx_word' id='word_1_447' title='bbox 885 3605 971 3662; x_wconf 87' lang='grc' dir='ltr'>καὶ</span> <span class='ocrx_word' id='word_1_448' title='bbox 1011 3605 1038 3660; x_wconf 82' lang='grc' dir='ltr'>ὁ</span> <span class='ocrx_word' id='word_1_449' title='bbox 1074 3603 1260 3682; x_wconf 86' lang='grc' dir='ltr'>Κύριος</span> <span class='ocrx_word' id='word_1_450' title='bbox 1292 3607 1361 3681; x_wconf 77' lang='grc' dir='ltr'>τῇ</span> <span class='ocrx_word' id='word_1_451' title='bbox 1393 3599 1733 3682; x_wconf 88' lang='grc' dir='ltr'>Σαμαρείτιδι</span> <span class='ocrx_word' id='word_1_452' title='bbox 1765 3622 1923 3659; x_wconf 78' lang='grc' dir='ltr'>πέντε</span> 
     </span>
    </p>
   </div>
   <div class='ocr_carea' id='block_1_62' title="bbox 278 3691 1921 3774">
    <p class='ocr_par' dir='ltr' id='par_1_62' title="bbox 278 3691 1921 3774">
     <span class='ocr_line' id='line_1_62' title="bbox 278 3691 1921 3774; baseline -0.002 -24"><span class='ocrx_word' id='word_1_453' title='bbox 278 3692 468 3771; x_wconf 74' lang='grc' dir='ltr'>ἄνδρας</span> <span class='ocrx_word' id='word_1_454' title='bbox 513 3692 866 3770; x_wconf 75' lang='grc' dir='ltr'>διαμειψάσῃ,</span> <span class='ocrx_word' id='word_1_455' title='bbox 914 3693 1016 3753; x_wconf 79' lang='grc' dir='ltr'>’Ὃν</span> <span class='ocrx_word' id='word_1_456' title='bbox 1075 3703 1187 3767; x_wconf 77' lang='grc' dir='ltr'>νῦν,</span> <span class='ocrx_word' id='word_1_457' title='bbox 1242 3695 1427 3774; x_wconf 80' lang='grc' dir='ltr'>φησὶν,</span> <span class='ocrx_word' id='word_1_458' title='bbox 1477 3692 1651 3774; x_wconf 82' lang='grc' dir='ltr'>ἔχεις,</span> <span class='ocrx_word' id='word_1_459' title='bbox 1685 3692 1779 3749; x_wconf 77' lang='grc' dir='ltr'>οὒκ</span> <span class='ocrx_word' id='word_1_460' title='bbox 1808 3691 1921 3750; x_wconf 80' lang='grc' dir='ltr'>ἔστι</span> 
     </span>
    </p>
   </div>
   <div class='ocr_carea' id='block_1_63' title="bbox 277 3780 1917 3864">
    <p class='ocr_par' dir='ltr' id='par_1_63' title="bbox 277 3780 1917 3864">
     <span class='ocr_line' id='line_1_63' title="bbox 277 3780 1917 3864; baseline -0.002 -22"><span class='ocrx_word' id='word_1_461' title='bbox 277 3806 374 3845; x_wconf 87' lang='grc' dir='ltr'>σου</span> <span class='ocrx_word' id='word_1_462' title='bbox 417 3785 552 3864; x_wconf 78' lang='grc' dir='ltr'>ἀνήρ</span> <span class='ocrx_word' id='word_1_463' title='bbox 585 3800 601 3817; x_wconf 79' lang='grc'>⁸</span> <span class='ocrx_word' id='word_1_464' title='bbox 652 3785 727 3849; x_wconf 81' lang='grc' dir='ltr'>ὡς</span> <span class='ocrx_word' id='word_1_465' title='bbox 774 3783 949 3841; x_wconf 76' lang='grc' dir='ltr'>οὒκὲτι</span> <span class='ocrx_word' id='word_1_466' title='bbox 980 3782 1137 3850; x_wconf 78' lang='grc' dir='ltr'>ἂξίων</span> <span class='ocrx_word' id='word_1_467' title='bbox 1170 3784 1337 3841; x_wconf 76' lang='grc' dir='ltr'>ὄντων</span> <span class='ocrx_word' id='word_1_468' title='bbox 1368 3790 1477 3840; x_wconf 84' lang='grc' dir='ltr'>τῶν</span> <span class='ocrx_word' id='word_1_469' title='bbox 1518 3780 1917 3862; x_wconf 71' lang='grc' dir='ltr'>ὑπερεκπεσὸν-</span> 
     </span>
    </p>
   </div>
   <div class='ocr_carea' id='block_1_64' title="bbox 275 3871 1917 3953">
    <p class='ocr_par' dir='ltr' id='par_1_64' title="bbox 275 3871 1917 3953">
     <span class='ocr_line' id='line_1_64' title="bbox 275 3871 1917 3953; baseline -0.001 -21"><span class='ocrx_word' id='word_1_470' title='bbox 275 3896 385 3932; x_wconf 87' lang='grc' dir='ltr'>των</span> <span class='ocrx_word' id='word_1_471' title='bbox 442 3882 537 3931; x_wconf 83' lang='grc' dir='ltr'>τοῦ</span> <span class='ocrx_word' id='word_1_472' title='bbox 589 3874 782 3953; x_wconf 85' lang='grc' dir='ltr'>μέτρου</span> <span class='ocrx_word' id='word_1_473' title='bbox 824 3879 923 3942; x_wconf 75' lang='grc' dir='ltr'>τῆς</span> <span class='ocrx_word' id='word_1_474' title='bbox 982 3872 1254 3953; x_wconf 82' lang='grc' dir='ltr'>διγαμίας,</span> <span class='ocrx_word' id='word_1_475' title='bbox 1305 3878 1383 3947; x_wconf 82' lang='grc' dir='ltr'>τῷ</span> <span class='ocrx_word' id='word_1_476' title='bbox 1411 3880 1503 3931; x_wconf 75' lang='grc' dir='ltr'>τοῦ</span> <span class='ocrx_word' id='word_1_477' title='bbox 1532 3871 1718 3951; x_wconf 80' lang='grc' dir='ltr'>ἀνδρὸς</span> <span class='ocrx_word' id='word_1_478' title='bbox 1749 3873 1786 3942; x_wconf 79' lang='grc' dir='ltr'><strong>ἢ</strong></span> <span class='ocrx_word' id='word_1_479' title='bbox 1816 3878 1917 3940; x_wconf 80' lang='grc' dir='ltr'>τῆς</span> 
     </span>
    </p>
   </div>
   <div class='ocr_carea' id='block_1_65' title="bbox 276 3961 1915 4044">
    <p class='ocr_par' dir='ltr' id='par_1_65' title="bbox 276 3961 1915 4044">
     <span class='ocr_line' id='line_1_65' title="bbox 276 3961 1915 4044; baseline 0 -23"><span class='ocrx_word' id='word_1_480' title='bbox 276 3966 525 4044; x_wconf 82' lang='grc' dir='ltr'>γυναικὸς</span> <span class='ocrx_word' id='word_1_481' title='bbox 570 3963 852 4022; x_wconf 72' lang='grc' dir='ltr'>καλεῖσθαι</span> <span class='ocrx_word' id='word_1_482' title='bbox 905 3967 1247 4044; x_wconf 70' lang='grc' dir='ltr'>προσρήματι</span> <span class='ocrx_word' id='word_1_483' title='bbox 1283 3982 1300 4001; x_wconf 77' lang='grc' dir='ltr'><strong>ο</strong></span> <span class='ocrx_word' id='word_1_484' title='bbox 1335 3962 1613 4031; x_wconf 66' lang='grc' dir='ltr'>συνήθειαν</span> <span class='ocrx_word' id='word_1_485' title='bbox 1668 3961 1722 4019; x_wconf 78' lang='grc' dir='ltr'>δὲ</span> <span class='ocrx_word' id='word_1_486' title='bbox 1780 3984 1915 4021; x_wconf 86' lang='grc' dir='ltr'>κατ-</span> 
     </span>
    </p>
   </div>
   <div class='ocr_carea' id='block_1_66' title="bbox 275 4051 1910 4133">
    <p class='ocr_par' dir='ltr' id='par_1_66' title="bbox 275 4051 1910 4133">
     <span class='ocr_line' id='line_1_66' title="bbox 275 4051 1910 4133; baseline -0.002 -22"><span class='ocrx_word' id='word_1_487' title='bbox 275 4051 540 4129; x_wconf 82' lang='grc' dir='ltr'>ελάϐομεν</span> <span class='ocrx_word' id='word_1_488' title='bbox 585 4053 671 4111; x_wconf 82' lang='grc' dir='ltr'>έπι</span> <span class='ocrx_word' id='word_1_489' title='bbox 709 4060 815 4110; x_wconf 83' lang='grc' dir='ltr'>τῶν</span> <span class='ocrx_word' id='word_1_490' title='bbox 855 4054 1162 4133; x_wconf 82' lang='grc' dir='ltr'>τριγάμων,</span> <span class='ocrx_word' id='word_1_491' title='bbox 1222 4054 1534 4118; x_wconf 87' lang='grc' dir='ltr'>πενταετίας</span> <span class='ocrx_word' id='word_1_492' title='bbox 1593 4053 1910 4133; x_wconf 72' lang='grc' dir='ltr'>ἇφορισμὸν,</span> 
     </span>
    </p>
   </div>
   <div class='ocr_carea' id='block_1_67' title="bbox 276 4143 1912 4223">
    <p class='ocr_par' dir='ltr' id='par_1_67' title="bbox 276 4143 1912 4223">
     <span class='ocr_line' id='line_1_67' title="bbox 276 4143 1912 4223; baseline -0.002 -21"><span class='ocrx_word' id='word_1_493' title='bbox 276 4145 372 4202; x_wconf 75' lang='grc' dir='ltr'>οὒκ</span> <span class='ocrx_word' id='word_1_494' title='bbox 428 4143 535 4200; x_wconf 79' lang='grc' dir='ltr'>ἀπὸ</span> <span class='ocrx_word' id='word_1_495' title='bbox 579 4144 827 4218; x_wconf 89' lang='grc' dir='ltr'>κανόνος,</span> <span class='ocrx_word' id='word_1_496' title='bbox 863 4143 984 4200; x_wconf 82' lang='grc' dir='ltr'>ἀλλ’</span> <span class='ocrx_word' id='word_1_497' title='bbox 1044 4145 1152 4201; x_wconf 80' lang='grc' dir='ltr'>ἀπὸ</span> <span class='ocrx_word' id='word_1_498' title='bbox 1195 4148 1294 4215; x_wconf 73' lang='grc' dir='ltr'>τῆς</span> <span class='ocrx_word' id='word_1_499' title='bbox 1347 4145 1454 4202; x_wconf 79' lang='grc' dir='ltr'>τῶν</span> <span class='ocrx_word' id='word_1_500' title='bbox 1511 4143 1912 4223; x_wconf 66' lang='grc' dir='ltr'>προειληφότων</span> 
     </span>
    </p>
   </div>
   <div class='ocr_carea' id='block_1_68' title="bbox 274 4232 1915 4314">
    <p class='ocr_par' dir='ltr' id='par_1_68' title="bbox 274 4232 1915 4314">
     <span class='ocr_line' id='line_1_68' title="bbox 274 4232 1915 4314; baseline -0.001 -23"><span class='ocrx_word' id='word_1_501' title='bbox 274 4233 592 4294; x_wconf 75' lang='grc' dir='ltr'>ἀκόλουθον.</span> <span class='ocrx_word' id='word_1_502' title='bbox 652 4242 751 4292; x_wconf 81' lang='grc' dir='ltr'>Δεῖ</span> <span class='ocrx_word' id='word_1_503' title='bbox 797 4232 853 4290; x_wconf 79' lang='grc' dir='ltr'>δὲ</span> <span class='ocrx_word' id='word_1_504' title='bbox 913 4237 989 4311; x_wconf 74' lang='grc' dir='ltr'>μὴ</span> <span class='ocrx_word' id='word_1_505' title='bbox 1053 4234 1227 4302; x_wconf 72' lang='grc' dir='ltr'>πάντη</span> <span class='ocrx_word' id='word_1_506' title='bbox 1272 4234 1458 4299; x_wconf 74' lang='grc' dir='ltr'>αὐτοὺς</span> <span class='ocrx_word' id='word_1_507' title='bbox 1503 4233 1773 4314; x_wconf 79' lang='grc' dir='ltr'>ἀπείργειν</span> <span class='ocrx_word' id='word_1_508' title='bbox 1815 4237 1915 4300; x_wconf 80' lang='grc' dir='ltr'>τῆς</span> 
     </span>
    </p>
   </div>
   <div class='ocr_carea' id='block_1_69' title="bbox 273 4321 1916 4405">
    <p class='ocr_par' dir='ltr' id='par_1_69' title="bbox 273 4321 1916 4405">
     <span class='ocr_line' id='line_1_69' title="bbox 273 4321 1916 4405; baseline -0.001 -24"><span class='ocrx_word' id='word_1_509' title='bbox 273 4322 627 4400; x_wconf 79' lang='grc' dir='ltr'>Ἐκκλησίας,</span> <span class='ocrx_word' id='word_1_510' title='bbox 695 4323 819 4380; x_wconf 80' lang='grc' dir='ltr'>ἀλλ’</span> <span class='ocrx_word' id='word_1_511' title='bbox 874 4324 1182 4405; x_wconf 65' lang='grc' dir='ltr'>ἀκροέσεως</span> <span class='ocrx_word' id='word_1_512' title='bbox 1242 4324 1433 4389; x_wconf 72' lang='grc' dir='ltr'>αὖτοὺς</span> <span class='ocrx_word' id='word_1_513' title='bbox 1488 4322 1659 4390; x_wconf 77' lang='grc' dir='ltr'>ἆξιοῦν</span> <span class='ocrx_word' id='word_1_514' title='bbox 1718 4323 1772 4379; x_wconf 77' lang='grc' dir='ltr'>ἐν</span> <span class='ocrx_word' id='word_1_515' title='bbox 1829 4321 1916 4380; x_wconf 76' lang='grc' dir='ltr'>δύο</span> 
     </span>
    </p>
   </div>
   <div class='ocr_carea' id='block_1_70' title="bbox 271 4412 1917 4493">
    <p class='ocr_par' dir='ltr' id='par_1_70' title="bbox 271 4412 1917 4493">
     <span class='ocr_line' id='line_1_70' title="bbox 271 4412 1917 4493; baseline -0.002 -21"><span class='ocrx_word' id='word_1_516' title='bbox 271 4434 376 4472; x_wconf 87' lang='grc' dir='ltr'>που</span> <span class='ocrx_word' id='word_1_517' title='bbox 428 4412 599 4472; x_wconf 81' lang='grc' dir='ltr'>ἔτεσιν</span> <span class='ocrx_word' id='word_1_518' title='bbox 640 4413 676 4483; x_wconf 76' lang='grc' dir='ltr'><strong>ἢ</strong></span> <span class='ocrx_word' id='word_1_519' title='bbox 721 4416 860 4493; x_wconf 87' lang='grc' dir='ltr'>τρισί</span> <span class='ocrx_word' id='word_1_520' title='bbox 892 4433 908 4449; x_wconf 78' lang='grc'><strong>⁸</strong></span> <span class='ocrx_word' id='word_1_521' title='bbox 941 4415 1029 4472; x_wconf 88' lang='grc' dir='ltr'>καὶ</span> <span class='ocrx_word' id='word_1_522' title='bbox 1072 4414 1211 4490; x_wconf 78' lang='grc' dir='ltr'>μετὰ</span> <span class='ocrx_word' id='word_1_523' title='bbox 1259 4414 1425 4470; x_wconf 70' lang='grc' dir='ltr'>ταῦτα</span> <span class='ocrx_word' id='word_1_524' title='bbox 1470 4413 1775 4488; x_wconf 80' lang='grc' dir='ltr'>ἐπιτρέπειν</span> <span class='ocrx_word' id='word_1_525' title='bbox 1817 4435 1917 4469; x_wconf 85' lang='grc' dir='ltr'>συ-</span> 
     </span>
    </p>
   </div>
   <div class='ocr_carea' id='block_1_71' title="bbox 2014 2890 3653 2972">
    <p class='ocr_par' dir='ltr' id='par_1_71' title="bbox 2014 2890 3653 2972">
     <span class='ocr_line' id='line_1_71' title="bbox 2014 2890 3653 2972; baseline 0.003 -18"><span class='ocrx_word' id='word_1_526' title='bbox 2014 2890 2242 2955; x_wconf 75' lang='grc' dir='ltr'>Βαεὶἰὶἰ</span> <span class='ocrx_word' id='word_1_527' title='bbox 2287 2909 2548 2956; x_wconf 80' lang='lat' dir='ltr'><strong>canones</strong></span> <span class='ocrx_word' id='word_1_528' title='bbox 2593 2895 2657 2965; x_wconf 74' lang='grc'>4,</span> <span class='ocrx_word' id='word_1_529' title='bbox 2708 2890 2810 2968; x_wconf 78' lang='lat' dir='ltr'>t8,</span> <span class='ocrx_word' id='word_1_530' title='bbox 2858 2891 2959 2970; x_wconf 68' lang='lat'>23,</span> <span class='ocrx_word' id='word_1_531' title='bbox 3009 2892 3111 2969; x_wconf 68' lang='grc' dir='ltr'>ει,</span> <span class='ocrx_word' id='word_1_532' title='bbox 3146 2894 3249 2969; x_wconf 78' lang='grc'>41,</span> <span class='ocrx_word' id='word_1_533' title='bbox 3281 2894 3383 2971; x_wconf 89' lang='grc'>50,</span> <span class='ocrx_word' id='word_1_534' title='bbox 3414 2894 3515 2972; x_wconf 80' lang='lat'>53,</span> <span class='ocrx_word' id='word_1_535' title='bbox 3549 2895 3653 2971; x_wconf 85' lang='lat'>67,</span> 
     </span>
    </p>
   </div>
   <div class='ocr_carea' id='block_1_72' title="bbox 2446 2972 3224 3055">
    <p class='ocr_par' dir='ltr' id='par_1_72' title="bbox 2446 2972 3224 3055">
     <span class='ocr_line' id='line_1_72' title="bbox 2446 2972 3224 3055; baseline 0.006 -21"><span class='ocrx_word' id='word_1_536' title='bbox 2446 2976 2546 3048; x_wconf 77' lang='lat' dir='ltr'>es,</span> <span class='ocrx_word' id='word_1_537' title='bbox 2576 2976 2677 3055; x_wconf 69' lang='grc' dir='ltr'>τε,</span> <span class='ocrx_word' id='word_1_538' title='bbox 2714 2972 2949 3049; x_wconf 85' lang='lat'><strong>76,78,</strong></span> <span class='ocrx_word' id='word_1_539' title='bbox 2987 2974 3090 3049; x_wconf 87' lang='lat'>79,</span> <span class='ocrx_word' id='word_1_540' title='bbox 3123 2974 3224 3039; x_wconf 87' lang='lat' dir='ltr'>so.</span> 
     </span>
    </p>
   </div>
   <div class='ocr_carea' id='block_1_73' title="bbox 2090 3061 3651 3144">
    <p class='ocr_par' dir='ltr' id='par_1_73' title="bbox 2090 3061 3651 3144">
     <span class='ocr_line' id='line_1_73' title="bbox 2090 3061 3651 3144; baseline 0.004 -21"><span class='ocrx_word' id='word_1_541' title='bbox 2090 3062 2231 3124; x_wconf 73' lang='lat'>410</span> <span class='ocrx_word' id='word_1_542' title='bbox 2247 3062 2400 3126; x_wconf 82' lang='lat' dir='ltr'><strong>4.De</strong></span> <span class='ocrx_word' id='word_1_543' title='bbox 2413 3061 2681 3143; x_wconf 81' lang='lat' dir='ltr'><strong>trigamis</strong></span> <span class='ocrx_word' id='word_1_544' title='bbox 2695 3063 3090 3144; x_wconf 80' lang='lat' dir='ltr'><strong>etpolygamis</strong></span> <span class='ocrx_word' id='word_1_545' title='bbox 3104 3064 3358 3126; x_wconf 83' lang='lat' dir='ltr'><strong>delinire</strong></span> <span class='ocrx_word' id='word_1_546' title='bbox 3370 3065 3651 3129; x_wconf 83' lang='lat' dir='ltr'><strong>eumdem</strong></span> 
     </span>
    </p>
   </div>
   <div class='ocr_carea' id='block_1_74' title="bbox 2011 3153 3652 3237">
    <p class='ocr_par' dir='ltr' id='par_1_74' title="bbox 2011 3153 3652 3237">
     <span class='ocr_line' id='line_1_74' title="bbox 2011 3153 3652 3237; baseline 0.001 -22"><span class='ocrx_word' id='word_1_547' title='bbox 2011 3169 2515 3233; x_wconf 90' lang='lat' dir='ltr'><strong>canonem,quem</strong></span> <span class='ocrx_word' id='word_1_548' title='bbox 2530 3153 2677 3216; x_wconf 90' lang='lat' dir='ltr'><strong>etde</strong></span> <span class='ocrx_word' id='word_1_549' title='bbox 2699 3153 3216 3232; x_wconf 82' lang='lat' dir='ltr'><strong>digamis,servata</strong></span> <span class='ocrx_word' id='word_1_550' title='bbox 3241 3155 3652 3237; x_wconf 88' lang='lat' dir='ltr'><strong>proportione:</strong></span> 
     </span>
    </p>
   </div>
   <div class='ocr_carea' id='block_1_75' title="bbox 2010 3241 3652 3322">
    <p class='ocr_par' dir='ltr' id='par_1_75' title="bbox 2010 3241 3652 3322">
     <span class='ocr_line' id='line_1_75' title="bbox 2010 3241 3652 3322; baseline 0.004 -19"><span class='ocrx_word' id='word_1_551' title='bbox 2010 3258 2234 3304; x_wconf 87' lang='lat' dir='ltr'><strong>annum</strong></span> <span class='ocrx_word' id='word_1_552' title='bbox 2269 3241 2545 3305; x_wconf 88' lang='lat' dir='ltr'><strong>videlicet</strong></span> <span class='ocrx_word' id='word_1_553' title='bbox 2576 3242 2636 3304; x_wconf 93' lang='lat' dir='ltr'>in</span> <span class='ocrx_word' id='word_1_554' title='bbox 2668 3243 3059 3322; x_wconf 81' lang='lat' dir='ltr'><strong>digamis,alii</strong></span> <span class='ocrx_word' id='word_1_555' title='bbox 3085 3263 3225 3308; x_wconf 91' lang='lat' dir='ltr'><strong>vero</strong></span> <span class='ocrx_word' id='word_1_556' title='bbox 3257 3245 3408 3308; x_wconf 84' lang='lat' dir='ltr'><strong>duos</strong></span> <span class='ocrx_word' id='word_1_557' title='bbox 3436 3265 3652 3312; x_wconf 89' lang='lat' dir='ltr'><strong>annos.</strong></span> 
     </span>
    </p>
   </div>
   <div class='ocr_carea' id='block_1_76' title="bbox 2009 3328 3652 3416">
    <p class='ocr_par' dir='ltr' id='par_1_76' title="bbox 2009 3328 3652 3416">
     <span class='ocr_line' id='line_1_76' title="bbox 2009 3328 3652 3416; baseline 0.003 -23"><span class='ocrx_word' id='word_1_558' title='bbox 2009 3328 2319 3412; x_wconf 81' lang='lat' dir='ltr'><strong>Trigamos</strong></span> <span class='ocrx_word' id='word_1_559' title='bbox 2347 3339 2547 3394; x_wconf 89' lang='lat' dir='ltr'><strong>autem</strong></span> <span class='ocrx_word' id='word_1_560' title='bbox 2583 3332 2869 3411; x_wconf 83' lang='lat' dir='ltr'><strong>tribus,et</strong></span> <span class='ocrx_word' id='word_1_561' title='bbox 2890 3352 3050 3414; x_wconf 61' lang='lat' dir='ltr'><strong>stupe</strong></span> <span class='ocrx_word' id='word_1_562' title='bbox 3072 3341 3330 3416; x_wconf 89' lang='lat' dir='ltr'><strong>quatuor</strong></span> <span class='ocrx_word' id='word_1_563' title='bbox 3349 3337 3524 3398; x_wconf 89' lang='lat' dir='ltr'><strong>annis</strong></span> <span class='ocrx_word' id='word_1_564' title='bbox 3550 3354 3652 3399; x_wconf 87' lang='lat' dir='ltr'><strong>se-</strong></span> 
     </span>
    </p>
   </div>
   <div class='ocr_carea' id='block_1_77' title="bbox 2007 3421 3652 3508">
    <p class='ocr_par' dir='ltr' id='par_1_77' title="bbox 2007 3421 3652 3508">
     <span class='ocr_line' id='line_1_77' title="bbox 2007 3421 3652 3508; baseline 0.004 -25"><span class='ocrx_word' id='word_1_565' title='bbox 2007 3421 2354 3502; x_wconf 61' lang='lat' dir='ltr'><strong>gregantld</strong></span> <span class='ocrx_word' id='word_1_566' title='bbox 2380 3430 2579 3485; x_wconf 90' lang='lat' dir='ltr'><strong>autem</strong></span> <span class='ocrx_word' id='word_1_567' title='bbox 2605 3441 2723 3486; x_wconf 91' lang='lat' dir='ltr'>non</span> <span class='ocrx_word' id='word_1_568' title='bbox 2746 3423 3003 3505; x_wconf 90' lang='lat' dir='ltr'><strong>amplius</strong></span> <span class='ocrx_word' id='word_1_569' title='bbox 3024 3424 3507 3505; x_wconf 80' lang='lat' dir='ltr'><strong>conjugiurn,sed</strong></span> <span class='ocrx_word' id='word_1_570' title='bbox 3538 3445 3652 3508; x_wconf 82' lang='lat' dir='ltr'><strong>po—</strong></span> 
     </span>
    </p>
   </div>
   <div class='ocr_carea' id='block_1_78' title="bbox 2006 3510 3651 3594">
    <p class='ocr_par' dir='ltr' id='par_1_78' title="bbox 2006 3510 3651 3594">
     <span class='ocr_line' id='line_1_78' title="bbox 2006 3510 3651 3594; baseline 0.003 -23"><span class='ocrx_word' id='word_1_571' title='bbox 2006 3510 2316 3590; x_wconf 79' lang='lat' dir='ltr'><strong>lygamiam</strong></span> <span class='ocrx_word' id='word_1_572' title='bbox 2349 3512 2677 3593; x_wconf 87' lang='lat' dir='ltr'><strong>appellant,</strong></span> <span class='ocrx_word' id='word_1_573' title='bbox 2702 3513 2793 3575; x_wconf 85' lang='lat' dir='ltr'><strong>vel</strong></span> <span class='ocrx_word' id='word_1_574' title='bbox 2819 3512 3017 3594; x_wconf 85' lang='lat' dir='ltr'><strong>potius</strong></span> <span class='ocrx_word' id='word_1_575' title='bbox 3048 3516 3422 3577; x_wconf 87' lang='lat' dir='ltr'><strong>moderatam</strong></span> <span class='ocrx_word' id='word_1_576' title='bbox 3453 3515 3651 3576; x_wconf 79' lang='lat' dir='ltr'><strong>forni-</strong></span> 
     </span>
    </p>
   </div>
   <div class='ocr_carea' id='block_1_79' title="bbox 2005 3600 3646 3683">
    <p class='ocr_par' dir='ltr' id='par_1_79' title="bbox 2005 3600 3646 3683">
     <span class='ocr_line' id='line_1_79' title="bbox 2005 3600 3646 3683; baseline 0.002 -20"><span class='ocrx_word' id='word_1_577' title='bbox 2005 3600 2330 3663; x_wconf 88' lang='lat' dir='ltr'><strong>cationem.</strong></span> <span class='ocrx_word' id='word_1_578' title='bbox 2364 3600 2738 3683; x_wconf 88' lang='lat' dir='ltr'><strong>Quapropter</strong></span> <span class='ocrx_word' id='word_1_579' title='bbox 2786 3610 2845 3664; x_wconf 91' lang='lat' dir='ltr'>et</span> <span class='ocrx_word' id='word_1_580' title='bbox 2897 3602 3187 3665; x_wconf 86' lang='lat' dir='ltr'><strong>Dominus</strong></span> <span class='ocrx_word' id='word_1_581' title='bbox 3232 3604 3646 3682; x_wconf 65' lang='lat' dir='ltr'><strong>Samaritanus,</strong></span> 
     </span>
    </p>
   </div>
   <div class='ocr_carea' id='block_1_80' title="bbox 2004 3689 3653 3774">
    <p class='ocr_par' dir='ltr' id='par_1_80' title="bbox 2004 3689 3653 3774">
     <span class='ocr_line' id='line_1_80' title="bbox 2004 3689 3653 3774; baseline 0.002 -21"><span class='ocrx_word' id='word_1_582' title='bbox 2004 3709 2132 3773; x_wconf 63' lang='lat' dir='ltr'><strong>qua:</strong></span> <span class='ocrx_word' id='word_1_583' title='bbox 2166 3689 2418 3754; x_wconf 89' lang='lat' dir='ltr'><strong>maritos</strong></span> <span class='ocrx_word' id='word_1_584' title='bbox 2449 3691 2719 3773; x_wconf 90' lang='lat' dir='ltr'><strong>quinque</strong></span> <span class='ocrx_word' id='word_1_585' title='bbox 2752 3710 2861 3774; x_wconf 91' lang='lat' dir='ltr'>per</span> <span class='ocrx_word' id='word_1_586' title='bbox 2909 3691 3072 3754; x_wconf 81' lang='lat' dir='ltr'><strong>vices</strong></span> <span class='ocrx_word' id='word_1_587' title='bbox 3108 3690 3423 3771; x_wconf 85' lang='lat' dir='ltr'><strong>habuerat,</strong></span> <span class='ocrx_word' id='word_1_588' title='bbox 3459 3695 3653 3769; x_wconf 78' lang='lat' dir='ltr'><strong>Quem</strong></span> 
     </span>
    </p>
   </div>
   <div class='ocr_carea' id='block_1_81' title="bbox 2002 3780 3691 3866">
    <p class='ocr_par' dir='ltr' id='par_1_81' title="bbox 2002 3780 3691 3866">
     <span class='ocr_line' id='line_1_81' title="bbox 2002 3780 3691 3866; baseline 0.001 -21"><span class='ocrx_word' id='word_1_589' title='bbox 2002 3798 2194 3856; x_wconf 79' lang='lat' dir='ltr'><strong>nunc,</strong></span> <span class='ocrx_word' id='word_1_590' title='bbox 2226 3780 2446 3864; x_wconf 89' lang='lat' dir='ltr'><strong>inquit,</strong></span> <span class='ocrx_word' id='word_1_591' title='bbox 2498 3781 2707 3859; x_wconf 83' lang='lat' dir='ltr'><strong>habes,</strong></span> <span class='ocrx_word' id='word_1_592' title='bbox 2741 3785 3001 3846; x_wconf 74' lang='lat' dir='ltr'><strong>maritus</strong></span> <span class='ocrx_word' id='word_1_593' title='bbox 3033 3798 3157 3846; x_wconf 89' lang='lat' dir='ltr'>non</span> <span class='ocrx_word' id='word_1_594' title='bbox 3200 3789 3288 3847; x_wconf 83' lang='lat' dir='ltr'>est</span> <span class='ocrx_word' id='word_1_595' title='bbox 3316 3783 3346 3835; x_wconf 85' lang='lat'><strong>7</strong></span> <span class='ocrx_word' id='word_1_596' title='bbox 3378 3803 3394 3848; x_wconf 90' lang='lat'><strong>:</strong></span> <span class='ocrx_word' id='word_1_597' title='bbox 3428 3784 3652 3866; x_wconf 88' lang='lat' dir='ltr'><strong>quippe</strong></span> <span class='ocrx_word' id='word_1_598' title='bbox 3684 3846 3691 3853; x_wconf 88' lang='lat'>_</span> 
     </span>
    </p>
   </div>
   <div class='ocr_carea' id='block_1_82' title="bbox 1999 3870 3651 3954">
    <p class='ocr_par' dir='ltr' id='par_1_82' title="bbox 1999 3870 3651 3954">
     <span class='ocr_line' id='line_1_82' title="bbox 1999 3870 3651 3954; baseline 0.002 -21"><span class='ocrx_word' id='word_1_599' title='bbox 1999 3871 2160 3953; x_wconf 88' lang='lat' dir='ltr'><strong>quod</strong></span> <span class='ocrx_word' id='word_1_600' title='bbox 2177 3870 2219 3932; x_wconf 91' lang='lat' dir='ltr'>ii</span> <span class='ocrx_word' id='word_1_601' title='bbox 2243 3871 2345 3953; x_wconf 90' lang='lat' dir='ltr'>qui</span> <span class='ocrx_word' id='word_1_602' title='bbox 2363 3871 2640 3952; x_wconf 78' lang='lat' dir='ltr'><strong>digamiae</strong></span> <span class='ocrx_word' id='word_1_603' title='bbox 2665 3890 2947 3937; x_wconf 89' lang='lat' dir='ltr'><strong>mensura</strong></span> <span class='ocrx_word' id='word_1_604' title='bbox 2967 3871 3515 3954; x_wconf 77' lang='lat' dir='ltr'><strong>exciderunt,digni</strong></span> <span class='ocrx_word' id='word_1_605' title='bbox 3529 3894 3651 3937; x_wconf 89' lang='lat' dir='ltr'>non</span> 
     </span>
    </p>
   </div>
   <div class='ocr_carea' id='block_1_83' title="bbox 1998 3960 3649 4045">
    <p class='ocr_par' dir='ltr' id='par_1_83' title="bbox 1998 3960 3649 4045">
     <span class='ocr_line' id='line_1_83' title="bbox 1998 3960 3649 4045; baseline 0.004 -22"><span class='ocrx_word' id='word_1_606' title='bbox 1998 3961 2117 4024; x_wconf 90' lang='lat' dir='ltr'><strong>sint</strong></span> <span class='ocrx_word' id='word_1_607' title='bbox 2149 3960 2249 4043; x_wconf 91' lang='lat' dir='ltr'>qui</span> <span class='ocrx_word' id='word_1_608' title='bbox 2281 3961 2371 4025; x_wconf 86' lang='lat' dir='ltr'>vel</span> <span class='ocrx_word' id='word_1_609' title='bbox 2401 3963 2603 4025; x_wconf 90' lang='lat' dir='ltr'><strong>mariti</strong></span> <span class='ocrx_word' id='word_1_610' title='bbox 2627 3963 2718 4027; x_wconf 90' lang='lat' dir='ltr'>vel</span> <span class='ocrx_word' id='word_1_611' title='bbox 2742 3964 2945 4028; x_wconf 85' lang='lat' dir='ltr'><strong>uxoris</strong></span> <span class='ocrx_word' id='word_1_612' title='bbox 2969 3964 3215 4026; x_wconf 88' lang='lat' dir='ltr'><strong>nomine</strong></span> <span class='ocrx_word' id='word_1_613' title='bbox 3236 3965 3649 4045; x_wconf 90' lang='lat' dir='ltr'><strong>appellentur.</strong></span> 
     </span>
    </p>
   </div>
   <div class='ocr_carea' id='block_1_84' title="bbox 1996 4053 3642 4137">
    <p class='ocr_par' dir='ltr' id='par_1_84' title="bbox 1996 4053 3642 4137">
     <span class='ocr_line' id='line_1_84' title="bbox 1996 4053 3642 4137; baseline 0.003 -25"><span class='ocrx_word' id='word_1_614' title='bbox 1996 4053 2127 4113; x_wconf 86' lang='lat' dir='ltr'>Jam</span> <span class='ocrx_word' id='word_1_615' title='bbox 2185 4065 2325 4115; x_wconf 74' lang='lat' dir='ltr'><strong>Vero</strong></span> <span class='ocrx_word' id='word_1_616' title='bbox 2385 4054 2822 4117; x_wconf 89' lang='lat' dir='ltr'><strong>consuetudine</strong></span> <span class='ocrx_word' id='word_1_617' title='bbox 2874 4055 3223 4137; x_wconf 86' lang='lat' dir='ltr'><strong>accepimus</strong></span> <span class='ocrx_word' id='word_1_618' title='bbox 3278 4053 3339 4116; x_wconf 88' lang='lat' dir='ltr'>in</span> <span class='ocrx_word' id='word_1_619' title='bbox 3373 4054 3642 4135; x_wconf 83' lang='lat' dir='ltr'><strong>trigamis</strong></span> 
     </span>
    </p>
   </div>
   <div class='ocr_carea' id='block_1_85' title="bbox 2000 4140 3648 4226">
    <p class='ocr_par' dir='ltr' id='par_1_85' title="bbox 2000 4140 3648 4226">
     <span class='ocr_line' id='line_1_85' title="bbox 2000 4140 3648 4226; baseline 0.003 -24"><span class='ocrx_word' id='word_1_620' title='bbox 2000 4140 2400 4223; x_wconf 86' lang='lat' dir='ltr'><strong>quinquennii</strong></span> <span class='ocrx_word' id='word_1_621' title='bbox 2426 4143 2930 4224; x_wconf 79' lang='lat' dir='ltr'><strong>segregationem,</strong></span> <span class='ocrx_word' id='word_1_622' title='bbox 2967 4163 3087 4207; x_wconf 84' lang='lat' dir='ltr'>non</span> <span class='ocrx_word' id='word_1_623' title='bbox 3112 4162 3147 4206; x_wconf 90' lang='lat' dir='ltr'>a</span> <span class='ocrx_word' id='word_1_624' title='bbox 3170 4142 3648 4226; x_wconf 86' lang='lat' dir='ltr'><strong>canonibus,sed</strong></span> 
     </span>
    </p>
   </div>
   <div class='ocr_carea' id='block_1_86' title="bbox 2000 4231 3650 4317">
    <p class='ocr_par' dir='ltr' id='par_1_86' title="bbox 2000 4231 3650 4317">
     <span class='ocr_line' id='line_1_86' title="bbox 2000 4231 3650 4317; baseline 0.004 -25"><span class='ocrx_word' id='word_1_625' title='bbox 2000 4248 2105 4293; x_wconf 92' lang='lat' dir='ltr'>eos</span> <span class='ocrx_word' id='word_1_626' title='bbox 2128 4231 2230 4312; x_wconf 89' lang='lat' dir='ltr'>qui</span> <span class='ocrx_word' id='word_1_627' title='bbox 2255 4242 2700 4314; x_wconf 70' lang='lat' dir='ltr'><strong>praacesseruut</strong></span> <span class='ocrx_word' id='word_1_628' title='bbox 2723 4232 3531 4317; x_wconf 87' lang='lat' dir='ltr'><strong>sequendo.0portetautem</strong></span> <span class='ocrx_word' id='word_1_629' title='bbox 3545 4253 3650 4298; x_wconf 90' lang='lat' dir='ltr'>eos</span> 
     </span>
    </p>
   </div>
   <div class='ocr_carea' id='block_1_87' title="bbox 2000 4322 3646 4405">
    <p class='ocr_par' dir='ltr' id='par_1_87' title="bbox 2000 4322 3646 4405">
     <span class='ocr_line' id='line_1_87' title="bbox 2000 4322 3646 4405; baseline 0.004 -24"><span class='ocrx_word' id='word_1_630' title='bbox 2000 4339 2121 4382; x_wconf 93' lang='lat' dir='ltr'>non</span> <span class='ocrx_word' id='word_1_631' title='bbox 2147 4322 2396 4385; x_wconf 93' lang='lat' dir='ltr'><strong>omnino</strong></span> <span class='ocrx_word' id='word_1_632' title='bbox 2422 4340 2633 4387; x_wconf 89' lang='lat' dir='ltr'><strong>arcere</strong></span> <span class='ocrx_word' id='word_1_633' title='bbox 2655 4322 2728 4385; x_wconf 90' lang='lat' dir='ltr'>ab</span> <span class='ocrx_word' id='word_1_634' title='bbox 2760 4322 3180 4405; x_wconf 86' lang='lat' dir='ltr'><strong>Ecclesia,sed</strong></span> <span class='ocrx_word' id='word_1_635' title='bbox 3212 4323 3522 4388; x_wconf 91' lang='lat' dir='ltr'><strong>auditione</strong></span> <span class='ocrx_word' id='word_1_636' title='bbox 3552 4325 3646 4388; x_wconf 84' lang='lat' dir='ltr'><strong>di-</strong></span> 
     </span>
    </p>
   </div>
   <div class='ocr_carea' id='block_1_88' title="bbox 1999 4410 3650 4498">
    <p class='ocr_par' dir='ltr' id='par_1_88' title="bbox 1999 4410 3650 4498">
     <span class='ocr_line' id='line_1_88' title="bbox 1999 4410 3650 4498; baseline 0.004 -26"><span class='ocrx_word' id='word_1_637' title='bbox 1999 4410 2168 4490; x_wconf 79' lang='lat' dir='ltr'><strong>gnari</strong></span> <span class='ocrx_word' id='word_1_638' title='bbox 2197 4412 2438 4476; x_wconf 92' lang='lat' dir='ltr'><strong>duobus</strong></span> <span class='ocrx_word' id='word_1_639' title='bbox 2485 4414 2579 4476; x_wconf 89' lang='lat' dir='ltr'>vel</span> <span class='ocrx_word' id='word_1_640' title='bbox 2607 4413 2800 4477; x_wconf 89' lang='lat' dir='ltr'><strong>tribus</strong></span> <span class='ocrx_word' id='word_1_641' title='bbox 2829 4414 3048 4477; x_wconf 90' lang='lat' dir='ltr'><strong>annis:</strong></span> <span class='ocrx_word' id='word_1_642' title='bbox 3078 4433 3151 4477; x_wconf 89' lang='lat' dir='ltr'>ac</span> <span class='ocrx_word' id='word_1_643' title='bbox 3202 4416 3449 4497; x_wconf 78' lang='lat' dir='ltr'><strong>posthac</strong></span> <span class='ocrx_word' id='word_1_644' title='bbox 3497 4416 3650 4498; x_wconf 86' lang='lat' dir='ltr'><strong>ipsis</strong></span> 
     </span>
    </p>
   </div>
   <div class='ocr_carea' id='block_1_89' title="bbox 269 4485 1928 4587">
    <p class='ocr_par' dir='ltr' id='par_1_89' title="bbox 269 4485 1915 4585">
     <span class='ocr_line' id='line_1_89' title="bbox 269 4485 1915 4585; baseline -0.002 -24"><span class='ocrx_word' id='word_1_645' title='bbox 269 4504 491 4575; x_wconf 81' lang='grc' dir='ltr'>στήκειν</span> <span class='ocrx_word' id='word_1_646' title='bbox 549 4502 670 4585; x_wconf 78' lang='grc' dir='ltr'>μὲν,</span> <span class='ocrx_word' id='word_1_647' title='bbox 733 4485 831 4572; x_wconf 74' lang='grc' dir='ltr'>τῆς</span> <span class='ocrx_word' id='word_1_648' title='bbox 878 4501 934 4560; x_wconf 80' lang='grc' dir='ltr'>δὲ</span> <span class='ocrx_word' id='word_1_649' title='bbox 977 4485 1258 4566; x_wconf 79' lang='grc' dir='ltr'>κοινωνίας</span> <span class='ocrx_word' id='word_1_650' title='bbox 1301 4525 1397 4560; x_wconf 87' lang='grc' dir='ltr'>του</span> <span class='ocrx_word' id='word_1_651' title='bbox 1452 4485 1650 4582; x_wconf 71' lang='grc' dir='ltr'>ἀγαθοῦ</span> <span class='ocrx_word' id='word_1_652' title='bbox 1706 4504 1915 4582; x_wconf 75' lang='grc' dir='ltr'>ἀπέχε-</span> 
     </span>
    </p>
   </div>
   <div class='ocr_carea' id='block_1_90' title="bbox 2016 4485 3647 4587">
    <p class='ocr_par' dir='ltr' id='par_1_90' title="bbox 2016 4485 3647 4587">
     <span class='ocr_line' id='line_1_90' title="bbox 2016 4485 3647 4587; baseline 0.004 -25"><span class='ocrx_word' id='word_1_653' title='bbox 2016 4485 2448 4584; x_wconf 56' lang='lat' dir='ltr'><strong>permitterem</strong></span> <span class='ocrx_word' id='word_1_654' title='bbox 2478 4506 2807 4568; x_wconf 89' lang='lat' dir='ltr'><strong>consistant</strong></span> <span class='ocrx_word' id='word_1_655' title='bbox 2831 4504 3102 4587; x_wconf 90' lang='lat' dir='ltr'><strong>quidem,</strong></span> <span class='ocrx_word' id='word_1_656' title='bbox 3136 4485 3481 4569; x_wconf 77' lang='lat' dir='ltr'><strong>abstineant</strong></span> <span class='ocrx_word' id='word_1_657' title='bbox 3507 4485 3647 4570; x_wconf 71' lang='lat' dir='ltr'><strong>vero</strong></span> 
     </span>
    </p>
   </div>
   <div class='ocr_carea' id='block_1_91' title="bbox 271 4591 1918 4670">
    <p class='ocr_par' dir='ltr' id='par_1_91' title="bbox 271 4591 1918 4670">
     <span class='ocr_line' id='line_1_91' title="bbox 271 4591 1918 4670; baseline -0.001 -19"><span class='ocrx_word' id='word_1_658' title='bbox 271 4596 389 4652; x_wconf 87' lang='grc' dir='ltr'>σθαι</span> <span class='ocrx_word' id='word_1_659' title='bbox 428 4611 446 4631; x_wconf 84' lang='grc'><strong><em>⁸</em></strong></span> <span class='ocrx_word' id='word_1_660' title='bbox 490 4595 578 4651; x_wconf 87' lang='grc' dir='ltr'>καὶ</span> <span class='ocrx_word' id='word_1_661' title='bbox 622 4593 791 4657; x_wconf 74' lang='grc' dir='ltr'>οὕτως</span> <span class='ocrx_word' id='word_1_662' title='bbox 836 4591 1267 4670; x_wconf 68' lang='grc' dir='ltr'>ἐπιδειξαμένους</span> <span class='ocrx_word' id='word_1_663' title='bbox 1326 4593 1530 4670; x_wconf 87' lang='grc' dir='ltr'>καρπόν</span> <span class='ocrx_word' id='word_1_664' title='bbox 1583 4614 1701 4649; x_wconf 89' lang='grc' dir='ltr'>τινα</span> <span class='ocrx_word' id='word_1_665' title='bbox 1745 4614 1918 4669; x_wconf 88' lang='grc' dir='ltr'>μετα-</span> 
     </span>
    </p>
   </div>
   <div class='ocr_carea' id='block_1_92' title="bbox 270 4682 1595 4760">
    <p class='ocr_par' dir='ltr' id='par_1_92' title="bbox 270 4682 1595 4760">
     <span class='ocr_line' id='line_1_92' title="bbox 270 4682 1595 4760; baseline -0.002 -19"><span class='ocrx_word' id='word_1_666' title='bbox 270 4684 438 4758; x_wconf 90' lang='grc' dir='ltr'>νοίας,</span> <span class='ocrx_word' id='word_1_667' title='bbox 471 4682 838 4756; x_wconf 79' lang='grc' dir='ltr'>ἂποκαθιστᾷν</span> <span class='ocrx_word' id='word_1_668' title='bbox 870 4689 946 4760; x_wconf 83' lang='grc' dir='ltr'>τῷ</span> <span class='ocrx_word' id='word_1_669' title='bbox 974 4684 1130 4759; x_wconf 85' lang='grc' dir='ltr'>τόπῳ</span> <span class='ocrx_word' id='word_1_670' title='bbox 1163 4688 1258 4751; x_wconf 78' lang='grc' dir='ltr'>τῆς</span> <span class='ocrx_word' id='word_1_671' title='bbox 1292 4682 1595 4748; x_wconf 87' lang='grc' dir='ltr'>κοινωνίας,</span> 
     </span>
    </p>
   </div>
   <div class='ocr_carea' id='block_1_93' title="bbox 354 4771 1712 4852">
    <p class='ocr_par' dir='ltr' id='par_1_93' title="bbox 354 4771 1712 4852">
     <span class='ocr_line' id='line_1_93' title="bbox 354 4771 1712 4852; baseline 0.001 -21"><span class='ocrx_word' id='word_1_672' title='bbox 354 4772 456 4842; x_wconf 86' lang='grc' dir='ltr'>ιη’.</span> <span class='ocrx_word' id='word_1_673' title='bbox 492 4774 616 4851; x_wconf 83' lang='grc' dir='ltr'>Περὶ</span> <span class='ocrx_word' id='word_1_674' title='bbox 645 4779 753 4831; x_wconf 85' lang='grc' dir='ltr'>τῶν</span> <span class='ocrx_word' id='word_1_675' title='bbox 784 4776 1123 4833; x_wconf 73' lang='grc' dir='ltr'>ἓκπεσουσῶν</span> <span class='ocrx_word' id='word_1_676' title='bbox 1150 4772 1449 4852; x_wconf 82' lang='grc' dir='ltr'>παρθένων,</span> <span class='ocrx_word' id='word_1_677' title='bbox 1482 4795 1537 4832; x_wconf 90' lang='grc' dir='ltr'>κ.</span> <span class='ocrx_word' id='word_1_678' title='bbox 1570 4795 1623 4836; x_wconf 90' lang='grc' dir='ltr'>τ.</span> <span class='ocrx_word' id='word_1_679' title='bbox 1658 4771 1712 4832; x_wconf 63' lang='grc' dir='ltr'>λ’.</span> 
     </span>
    </p>
   </div>
   <div class='ocr_carea' id='block_1_94' title="bbox 350 4861 1913 4943">
    <p class='ocr_par' dir='ltr' id='par_1_94' title="bbox 350 4861 1913 4943">
     <span class='ocr_line' id='line_1_94' title="bbox 350 4861 1913 4943; baseline 0.001 -22"><span class='ocrx_word' id='word_1_680' title='bbox 350 4862 465 4943; x_wconf 86' lang='grc' dir='ltr'>κγ’.</span> <span class='ocrx_word' id='word_1_681' title='bbox 514 4864 637 4940; x_wconf 76' lang='grc' dir='ltr'>Περὶ</span> <span class='ocrx_word' id='word_1_682' title='bbox 674 4862 729 4920; x_wconf 79' lang='grc' dir='ltr'>δὲ</span> <span class='ocrx_word' id='word_1_683' title='bbox 786 4870 893 4921; x_wconf 85' lang='grc' dir='ltr'>τῶν</span> <span class='ocrx_word' id='word_1_684' title='bbox 935 4862 1024 4922; x_wconf 90' lang='grc' dir='ltr'>δύο</span> <span class='ocrx_word' id='word_1_685' title='bbox 1080 4861 1308 4942; x_wconf 74' lang='grc' dir='ltr'>ἀδελφὰς</span> <span class='ocrx_word' id='word_1_686' title='bbox 1341 4862 1654 4942; x_wconf 76' lang='grc' dir='ltr'>γαμούντων</span> <span class='ocrx_word' id='word_1_687' title='bbox 1684 4866 1721 4933; x_wconf 72' lang='grc' dir='ltr'><strong>ἢ</strong></span> <span class='ocrx_word' id='word_1_688' title='bbox 1753 4861 1913 4922; x_wconf 75' lang='grc' dir='ltr'>ἁδελ-</span> 
     </span>
    </p>
   </div>
   <div class='ocr_carea' id='block_1_95' title="bbox 267 4950 1915 5036">
    <p class='ocr_par' dir='ltr' id='par_1_95' title="bbox 267 4950 1915 5036">
     <span class='ocr_line' id='line_1_95' title="bbox 267 4950 1915 5036; baseline 0 -26"><span class='ocrx_word' id='word_1_689' title='bbox 267 4965 396 5036; x_wconf 74' lang='grc' dir='ltr'>φοτς</span> <span class='ocrx_word' id='word_1_690' title='bbox 428 4951 541 5011; x_wconf 87' lang='grc' dir='ltr'>δυσὶ</span> <span class='ocrx_word' id='word_1_691' title='bbox 570 4953 951 5032; x_wconf 88' lang='grc' dir='ltr'>γαμουμένων,</span> <span class='ocrx_word' id='word_1_692' title='bbox 1004 4950 1354 5011; x_wconf 82' lang='grc' dir='ltr'>ἑπιστολίδιον</span> <span class='ocrx_word' id='word_1_693' title='bbox 1401 4951 1534 5028; x_wconf 69' lang='grc' dir='ltr'>ἣμϊν</span> <span class='ocrx_word' id='word_1_694' title='bbox 1580 4953 1915 5033; x_wconf 77' lang='grc' dir='ltr'>ἒκπηφώνη-</span> 
     </span>
    </p>
   </div>
   <div class='ocr_carea' id='block_1_96' title="bbox 266 5040 1912 5125">
    <p class='ocr_par' dir='ltr' id='par_1_96' title="bbox 266 5040 1912 5125">
     <span class='ocr_line' id='line_1_96' title="bbox 266 5040 1912 5125; baseline -0.001 -25"><span class='ocrx_word' id='word_1_695' title='bbox 266 5066 382 5119; x_wconf 87' lang='grc' dir='ltr'>ται,</span> <span class='ocrx_word' id='word_1_696' title='bbox 411 5046 471 5101; x_wconf 70' lang='grc' dir='ltr'>οὗ</span> <span class='ocrx_word' id='word_1_697' title='bbox 499 5045 561 5102; x_wconf 80' lang='grc' dir='ltr'>τὸ</span> <span class='ocrx_word' id='word_1_698' title='bbox 594 5043 919 5125; x_wconf 75' lang='grc' dir='ltr'>ἀντίγραφον</span> <span class='ocrx_word' id='word_1_699' title='bbox 947 5042 1341 5119; x_wconf 84' lang='grc' dir='ltr'>ἀπεστείλαμέν</span> <span class='ocrx_word' id='word_1_700' title='bbox 1391 5064 1485 5100; x_wconf 88' lang='grc' dir='ltr'>σου</span> <span class='ocrx_word' id='word_1_701' title='bbox 1513 5047 1582 5119; x_wconf 77' lang='grc' dir='ltr'>τῇ</span> <span class='ocrx_word' id='word_1_702' title='bbox 1620 5040 1864 5117; x_wconf 75' lang='grc' dir='ltr'>εὐλαϐείᾳ</span> <span class='ocrx_word' id='word_1_703' title='bbox 1897 5060 1912 5075; x_wconf 84' lang='grc'><em>’</em></span> 
     </span>
    </p>
   </div>
   <div class='ocr_carea' id='block_1_97' title="bbox 269 5129 1918 5214">
    <p class='ocr_par' dir='ltr' id='par_1_97' title="bbox 269 5129 1918 5214">
     <span class='ocr_line' id='line_1_97' title="bbox 269 5129 1918 5214; baseline -0.001 -23"><span class='ocrx_word' id='word_1_704' title='bbox 269 5136 299 5191; x_wconf 82' lang='grc' dir='ltr'>ὁ</span> <span class='ocrx_word' id='word_1_705' title='bbox 329 5131 386 5191; x_wconf 75' lang='grc' dir='ltr'>δὲ</span> <span class='ocrx_word' id='word_1_706' title='bbox 416 5132 643 5214; x_wconf 76' lang='grc' dir='ltr'>ἀδελφοῦ</span> <span class='ocrx_word' id='word_1_707' title='bbox 699 5131 830 5192; x_wconf 76' lang='grc' dir='ltr'>ἰδίου</span> <span class='ocrx_word' id='word_1_708' title='bbox 888 5134 1129 5213; x_wconf 78' lang='grc' dir='ltr'>γυναῖκα</span> <span class='ocrx_word' id='word_1_709' title='bbox 1167 5129 1371 5209; x_wconf 79' lang='grc' dir='ltr'>λαϐὼν,</span> <span class='ocrx_word' id='word_1_710' title='bbox 1418 5134 1478 5191; x_wconf 74' lang='grc' dir='ltr'>οὗ</span> <span class='ocrx_word' id='word_1_711' title='bbox 1536 5132 1787 5213; x_wconf 81' lang='grc' dir='ltr'>πρότερον</span> <span class='ocrx_word' id='word_1_712' title='bbox 1830 5131 1918 5190; x_wconf 85' lang='grc' dir='ltr'>δε-</span> 
     </span>
    </p>
   </div>
   <div class='ocr_carea' id='block_1_98' title="bbox 269 5225 1255 5306">
    <p class='ocr_par' dir='ltr' id='par_1_98' title="bbox 269 5225 1255 5306">
     <span class='ocr_line' id='line_1_98' title="bbox 269 5225 1255 5306; baseline -0.001 -23"><span class='ocrx_word' id='word_1_713' title='bbox 269 5225 537 5306; x_wconf 79' lang='grc' dir='ltr'>χθήσεται</span> <span class='ocrx_word' id='word_1_714' title='bbox 577 5226 700 5306; x_wconf 86' lang='grc' dir='ltr'>πρὶν</span> <span class='ocrx_word' id='word_1_715' title='bbox 730 5226 1031 5294; x_wconf 77' lang='grc' dir='ltr'>ἀποστῆναι</span> <span class='ocrx_word' id='word_1_716' title='bbox 1064 5225 1255 5294; x_wconf 74' lang='grc' dir='ltr'>αὒτῆς.</span> 
     </span>
    </p>
   </div>
   <div class='ocr_carea' id='block_1_99' title="bbox 352 5309 1918 5393">
    <p class='ocr_par' dir='ltr' id='par_1_99' title="bbox 352 5309 1918 5393">
     <span class='ocr_line' id='line_1_99' title="bbox 352 5309 1918 5393; baseline -0.002 -22"><span class='ocrx_word' id='word_1_717' title='bbox 352 5310 458 5377; x_wconf 84' lang='grc' dir='ltr'>κδ’,</span> <span class='ocrx_word' id='word_1_718' title='bbox 494 5311 676 5393; x_wconf 74' lang='grc' dir='ltr'>Χήραν</span> <span class='ocrx_word' id='word_1_719' title='bbox 718 5313 815 5383; x_wconf 80' lang='grc' dir='ltr'>τὴν</span> <span class='ocrx_word' id='word_1_720' title='bbox 848 5311 1245 5393; x_wconf 81' lang='grc' dir='ltr'>καταλεγεῖσαν</span> <span class='ocrx_word' id='word_1_721' title='bbox 1293 5311 1366 5377; x_wconf 81' lang='grc' dir='ltr'>εἰς</span> <span class='ocrx_word' id='word_1_722' title='bbox 1409 5312 1501 5369; x_wconf 78' lang='grc' dir='ltr'>τὸν</span> <span class='ocrx_word' id='word_1_723' title='bbox 1546 5310 1768 5391; x_wconf 80' lang='grc' dir='ltr'>ἀριθμὸν</span> <span class='ocrx_word' id='word_1_724' title='bbox 1810 5309 1918 5368; x_wconf 80' lang='grc' dir='ltr'>τῶν</span> 
     </span>
    </p>
   </div>
   <div class='ocr_carea' id='block_1_100' title="bbox 267 5398 1907 5485">
    <p class='ocr_par' dir='ltr' id='par_1_100' title="bbox 267 5398 1907 5485">
     <span class='ocr_line' id='line_1_100' title="bbox 267 5398 1907 5485; baseline -0.001 -24"><span class='ocrx_word' id='word_1_725' title='bbox 267 5409 485 5485; x_wconf 83' lang='grc' dir='ltr'>χηρῶν,</span> <span class='ocrx_word' id='word_1_726' title='bbox 532 5402 772 5462; x_wconf 82' lang='grc' dir='ltr'>τουτέστι</span> <span class='ocrx_word' id='word_1_727' title='bbox 823 5403 921 5475; x_wconf 78' lang='grc' dir='ltr'>τήν</span> <span class='ocrx_word' id='word_1_728' title='bbox 965 5401 1383 5481; x_wconf 86' lang='grc' dir='ltr'>διακονουμένην</span> <span class='ocrx_word' id='word_1_729' title='bbox 1411 5403 1515 5460; x_wconf 77' lang='grc' dir='ltr'>ὑπὸ</span> <span class='ocrx_word' id='word_1_730' title='bbox 1544 5405 1642 5473; x_wconf 80' lang='grc' dir='ltr'>τῆς</span> <span class='ocrx_word' id='word_1_731' title='bbox 1671 5398 1907 5471; x_wconf 80' lang='grc' dir='ltr'>Ἐκκλη-</span> 
     </span>
    </p>
   </div>
   <div class='ocr_carea' id='block_1_101' title="bbox 266 5491 1908 5576">
    <p class='ocr_par' dir='ltr' id='par_1_101' title="bbox 266 5491 1908 5576">
     <span class='ocr_line' id='line_1_101' title="bbox 266 5491 1908 5576; baseline -0.002 -24"><span class='ocrx_word' id='word_1_732' title='bbox 266 5493 410 5573; x_wconf 86' lang='grc' dir='ltr'>σίας,</span> <span class='ocrx_word' id='word_1_733' title='bbox 440 5492 644 5576; x_wconf 81' lang='grc' dir='ltr'>ἔκρινεν</span> <span class='ocrx_word' id='word_1_734' title='bbox 684 5495 712 5552; x_wconf 88' lang='grc' dir='ltr'>ὁ</span> <span class='ocrx_word' id='word_1_735' title='bbox 752 5491 1088 5561; x_wconf 82' lang='grc' dir='ltr'>Ἀπόστολος</span> <span class='ocrx_word' id='word_1_736' title='bbox 1138 5492 1487 5575; x_wconf 78' lang='grc' dir='ltr'>γαμουμένην</span> <span class='ocrx_word' id='word_1_737' title='bbox 1530 5495 1857 5575; x_wconf 81' lang='grc' dir='ltr'>παρορᾶσθαι</span> <span class='ocrx_word' id='word_1_738' title='bbox 1893 5507 1908 5525; x_wconf 88' lang='grc'>⁶</span> 
     </span>
    </p>
   </div>
   <div class='ocr_carea' id='block_1_102' title="bbox 346 5696 1555 5782">
    <p class='ocr_par' dir='ltr' id='par_1_102' title="bbox 346 5696 1555 5782">
     <span class='ocr_line' id='line_1_102' title="bbox 346 5696 1555 5782; baseline 0.001 -15"><span class='ocrx_word' id='word_1_739' title='bbox 346 5696 692 5769; x_wconf 79' lang='lat' dir='ltr'><strong>7Joan.1v.</strong></span> <span class='ocrx_word' id='word_1_740' title='bbox 729 5701 825 5767; x_wconf 84' lang='lat'>18.</span> <span class='ocrx_word' id='word_1_741' title='bbox 914 5697 1003 5765; x_wconf 85' lang='lat'>81</span> <span class='ocrx_word' id='word_1_742' title='bbox 1033 5698 1194 5766; x_wconf 86' lang='lat' dir='ltr'><strong>Tim.</strong></span> <span class='ocrx_word' id='word_1_743' title='bbox 1223 5715 1285 5779; x_wconf 77' lang='grc' dir='ltr'>ν,</span> <span class='ocrx_word' id='word_1_744' title='bbox 1321 5699 1422 5782; x_wconf 82' lang='grc'>11,</span> <span class='ocrx_word' id='word_1_745' title='bbox 1456 5698 1555 5768; x_wconf 73' lang='grc'>12.</span> 
     </span>
    </p>
   </div>
   <div class='ocr_carea' id='block_1_103' title="bbox 2001 4588 3647 4678">
    <p class='ocr_par' dir='ltr' id='par_1_103' title="bbox 2001 4588 3647 4678">
     <span class='ocr_line' id='line_1_103' title="bbox 2001 4588 3647 4678; baseline 0.006 -27"><span class='ocrx_word' id='word_1_746' title='bbox 2001 4607 2036 4652; x_wconf 92' lang='lat' dir='ltr'>a</span> <span class='ocrx_word' id='word_1_747' title='bbox 2065 4588 2207 4652; x_wconf 91' lang='lat' dir='ltr'><strong>boni</strong></span> <span class='ocrx_word' id='word_1_748' title='bbox 2240 4596 2690 4672; x_wconf 88' lang='lat' dir='ltr'><strong>communione,</strong></span> <span class='ocrx_word' id='word_1_749' title='bbox 2723 4603 2783 4659; x_wconf 90' lang='lat' dir='ltr'>et</span> <span class='ocrx_word' id='word_1_750' title='bbox 2812 4596 2921 4673; x_wconf 89' lang='lat' dir='ltr'><strong>sic,</strong></span> <span class='ocrx_word' id='word_1_751' title='bbox 2976 4594 3247 4658; x_wconf 86' lang='lat' dir='ltr'><strong>exhibito</strong></span> <span class='ocrx_word' id='word_1_752' title='bbox 3278 4597 3647 4678; x_wconf 77' lang='lat' dir='ltr'><strong>pcenitentize</strong></span> 
     </span>
    </p>
   </div>
   <div class='ocr_carea' id='block_1_104' title="bbox 1999 4679 3461 4763">
    <p class='ocr_par' dir='ltr' id='par_1_104' title="bbox 1999 4679 3461 4763">
     <span class='ocr_line' id='line_1_104' title="bbox 1999 4679 3461 4763; baseline 0.004 -22"><span class='ocrx_word' id='word_1_753' title='bbox 1999 4679 2198 4762; x_wconf 91' lang='lat' dir='ltr'><strong>aliquo</strong></span> <span class='ocrx_word' id='word_1_754' title='bbox 2228 4682 2449 4763; x_wconf 89' lang='lat' dir='ltr'><strong>fructu,</strong></span> <span class='ocrx_word' id='word_1_755' title='bbox 2479 4685 2923 4749; x_wconf 88' lang='lat' dir='ltr'><strong>communionis</strong></span> <span class='ocrx_word' id='word_1_756' title='bbox 2953 4686 3085 4749; x_wconf 92' lang='lat' dir='ltr'><strong>loco</strong></span> <span class='ocrx_word' id='word_1_757' title='bbox 3115 4686 3461 4750; x_wconf 89' lang='lat' dir='ltr'><strong>restituere.</strong></span> 
     </span>
    </p>
   </div>
   <div class='ocr_carea' id='block_1_105' title="bbox 2084 4771 3533 4857">
    <p class='ocr_par' dir='ltr' id='par_1_105' title="bbox 2084 4771 3533 4857">
     <span class='ocr_line' id='line_1_105' title="bbox 2084 4771 3533 4857; baseline 0.003 -24"><span class='ocrx_word' id='word_1_758' title='bbox 2084 4771 2181 4834; x_wconf 87' lang='grc'>18.</span> <span class='ocrx_word' id='word_1_759' title='bbox 2216 4771 2302 4835; x_wconf 89' lang='lat' dir='ltr'><strong>De</strong></span> <span class='ocrx_word' id='word_1_760' title='bbox 2332 4773 2519 4857; x_wconf 86' lang='lat' dir='ltr'><strong>lapsis</strong></span> <span class='ocrx_word' id='word_1_761' title='bbox 2548 4775 2908 4857; x_wconf 83' lang='lat' dir='ltr'><strong>virginibus,</strong></span> <span class='ocrx_word' id='word_1_762' title='bbox 2943 4783 3091 4852; x_wconf 91' lang='lat' dir='ltr'><strong>etc.,</strong></span> <span class='ocrx_word' id='word_1_763' title='bbox 3123 4783 3191 4839; x_wconf 86' lang='lat' dir='ltr'>ut</span> <span class='ocrx_word' id='word_1_764' title='bbox 3213 4793 3359 4857; x_wconf 86' lang='lat' dir='ltr'><strong>pag.</strong></span> <span class='ocrx_word' id='word_1_765' title='bbox 3391 4776 3533 4839; x_wconf 78' lang='lat'><strong>858.</strong></span> 
     </span>
    </p>
   </div>
   <div class='ocr_carea' id='block_1_106' title="bbox 2077 4860 3643 4947">
    <p class='ocr_par' dir='ltr' id='par_1_106' title="bbox 2077 4860 3643 4947">
     <span class='ocr_line' id='line_1_106' title="bbox 2077 4860 3643 4947; baseline 0.003 -23"><span class='ocrx_word' id='word_1_766' title='bbox 2077 4861 2180 4925; x_wconf 78' lang='lat'>23.</span> <span class='ocrx_word' id='word_1_767' title='bbox 2214 4860 2298 4925; x_wconf 91' lang='lat' dir='ltr'><strong>De</strong></span> <span class='ocrx_word' id='word_1_768' title='bbox 2320 4862 2394 4926; x_wconf 88' lang='lat' dir='ltr'>iis</span> <span class='ocrx_word' id='word_1_769' title='bbox 2423 4874 2621 4927; x_wconf 90' lang='lat' dir='ltr'><strong>autem</strong></span> <span class='ocrx_word' id='word_1_770' title='bbox 2655 4864 2758 4947; x_wconf 88' lang='lat' dir='ltr'>qui</span> <span class='ocrx_word' id='word_1_771' title='bbox 2808 4864 2957 4927; x_wconf 89' lang='lat' dir='ltr'><strong>duas</strong></span> <span class='ocrx_word' id='word_1_772' title='bbox 3010 4882 3252 4927; x_wconf 89' lang='lat' dir='ltr'><strong>sorores</strong></span> <span class='ocrx_word' id='word_1_773' title='bbox 3280 4883 3497 4927; x_wconf 79' lang='lat' dir='ltr'><strong>uxores</strong></span> <span class='ocrx_word' id='word_1_774' title='bbox 3526 4864 3643 4928; x_wconf 93' lang='lat' dir='ltr'><strong>du-</strong></span> 
     </span>
    </p>
   </div>
   <div class='ocr_carea' id='block_1_107' title="bbox 1999 4951 3646 5035">
    <p class='ocr_par' dir='ltr' id='par_1_107' title="bbox 1999 4951 3646 5035">
     <span class='ocr_line' id='line_1_107' title="bbox 1999 4951 3646 5035; baseline 0.002 -21"><span class='ocrx_word' id='word_1_775' title='bbox 1999 4959 2164 5033; x_wconf 86' lang='lat' dir='ltr'><strong>cunt,</strong></span> <span class='ocrx_word' id='word_1_776' title='bbox 2199 4951 2291 5015; x_wconf 89' lang='lat' dir='ltr'>vel</span> <span class='ocrx_word' id='word_1_777' title='bbox 2323 4953 2398 5017; x_wconf 89' lang='lat' dir='ltr'>de</span> <span class='ocrx_word' id='word_1_778' title='bbox 2428 4954 2503 5016; x_wconf 90' lang='lat' dir='ltr'>iis</span> <span class='ocrx_word' id='word_1_779' title='bbox 2537 4972 2673 5035; x_wconf 63' lang='lat' dir='ltr'><strong>quae</strong></span> <span class='ocrx_word' id='word_1_780' title='bbox 2719 4952 2956 5016; x_wconf 91' lang='lat' dir='ltr'><strong>duobus</strong></span> <span class='ocrx_word' id='word_1_781' title='bbox 3004 4952 3289 5017; x_wconf 79' lang='lat' dir='ltr'><strong>fratribus</strong></span> <span class='ocrx_word' id='word_1_782' title='bbox 3317 4955 3578 5032; x_wconf 90' lang='lat' dir='ltr'><strong>nubunt,</strong></span> <span class='ocrx_word' id='word_1_783' title='bbox 3610 4974 3646 5019; x_wconf 88' lang='lat' dir='ltr'>a</span> 
     </span>
    </p>
   </div>
   <div class='ocr_carea' id='block_1_108' title="bbox 1999 5039 3644 5128">
    <p class='ocr_par' dir='ltr' id='par_1_108' title="bbox 1999 5039 3644 5128">
     <span class='ocr_line' id='line_1_108' title="bbox 1999 5039 3644 5128; baseline 0.004 -26"><span class='ocrx_word' id='word_1_784' title='bbox 1999 5039 2177 5103; x_wconf 90' lang='lat' dir='ltr'><strong>nobis</strong></span> <span class='ocrx_word' id='word_1_785' title='bbox 2204 5042 2363 5105; x_wconf 89' lang='lat' dir='ltr'><strong>edita</strong></span> <span class='ocrx_word' id='word_1_786' title='bbox 2392 5050 2484 5106; x_wconf 78' lang='lat' dir='ltr'>est</span> <span class='ocrx_word' id='word_1_787' title='bbox 2514 5043 2790 5124; x_wconf 89' lang='lat' dir='ltr'><strong>epistola,</strong></span> <span class='ocrx_word' id='word_1_788' title='bbox 2827 5044 3001 5124; x_wconf 88' lang='lat' dir='ltr'><strong>cujus</strong></span> <span class='ocrx_word' id='word_1_789' title='bbox 3034 5044 3310 5107; x_wconf 90' lang='lat' dir='ltr'><strong>misimus</strong></span> <span class='ocrx_word' id='word_1_790' title='bbox 3339 5046 3644 5128; x_wconf 88' lang='lat' dir='ltr'><strong>exemplar</strong></span> 
     </span>
    </p>
   </div>
   <div class='ocr_carea' id='block_1_109' title="bbox 2002 5132 3643 5220">
    <p class='ocr_par' dir='ltr' id='par_1_109' title="bbox 2002 5132 3643 5220">
     <span class='ocr_line' id='line_1_109' title="bbox 2002 5132 3643 5220; baseline 0.005 -27"><span class='ocrx_word' id='word_1_791' title='bbox 2002 5139 2117 5194; x_wconf 76' lang='lat' dir='ltr'><strong>tuae</strong></span> <span class='ocrx_word' id='word_1_792' title='bbox 2133 5132 2359 5214; x_wconf 90' lang='lat' dir='ltr'><strong>pietati.</strong></span> <span class='ocrx_word' id='word_1_793' title='bbox 2391 5133 2503 5207; x_wconf 88' lang='lat' dir='ltr'><strong>Qui</strong></span> <span class='ocrx_word' id='word_1_794' title='bbox 2527 5141 2725 5197; x_wconf 90' lang='lat' dir='ltr'><strong>autem</strong></span> <span class='ocrx_word' id='word_1_795' title='bbox 2758 5133 2851 5197; x_wconf 92' lang='lat' dir='ltr'>sui</span> <span class='ocrx_word' id='word_1_796' title='bbox 2882 5132 3079 5196; x_wconf 85' lang='lat' dir='ltr'><strong>fratris</strong></span> <span class='ocrx_word' id='word_1_797' title='bbox 3104 5152 3355 5199; x_wconf 89' lang='lat' dir='ltr'><strong>uxorem</strong></span> <span class='ocrx_word' id='word_1_798' title='bbox 3387 5155 3643 5220; x_wconf 87' lang='lat' dir='ltr'><strong>accepe-</strong></span> 
     </span>
    </p>
   </div>
   <div class='ocr_carea' id='block_1_110' title="bbox 1999 5222 3639 5306">
    <p class='ocr_par' dir='ltr' id='par_1_110' title="bbox 1999 5222 3639 5306">
     <span class='ocr_line' id='line_1_110' title="bbox 1999 5222 3639 5306; baseline 0.007 -23"><span class='ocrx_word' id='word_1_799' title='bbox 1999 5222 2100 5304; x_wconf 86' lang='lat' dir='ltr'><strong>rit,</strong></span> <span class='ocrx_word' id='word_1_800' title='bbox 2132 5240 2250 5285; x_wconf 90' lang='lat' dir='ltr'>non</span> <span class='ocrx_word' id='word_1_801' title='bbox 2283 5223 2447 5305; x_wconf 92' lang='lat' dir='ltr'><strong>prius</strong></span> <span class='ocrx_word' id='word_1_802' title='bbox 2476 5222 2853 5306; x_wconf 89' lang='lat' dir='ltr'><strong>admittetur,</strong></span> <span class='ocrx_word' id='word_1_803' title='bbox 2882 5241 3058 5306; x_wconf 88' lang='lat' dir='ltr'><strong>quam</strong></span> <span class='ocrx_word' id='word_1_804' title='bbox 3090 5224 3164 5287; x_wconf 90' lang='lat' dir='ltr'>ab</span> <span class='ocrx_word' id='word_1_805' title='bbox 3196 5243 3268 5289; x_wconf 89' lang='lat' dir='ltr'>ea</span> <span class='ocrx_word' id='word_1_806' title='bbox 3291 5229 3639 5302; x_wconf 81' lang='lat' dir='ltr'><strong>recesserit.</strong></span> 
     </span>
    </p>
   </div>
   <div class='ocr_carea' id='block_1_111' title="bbox 2076 5311 3642 5396">
    <p class='ocr_par' dir='ltr' id='par_1_111' title="bbox 2076 5311 3642 5396">
     <span class='ocr_line' id='line_1_111' title="bbox 2076 5311 3642 5396; baseline 0.006 -22"><span class='ocrx_word' id='word_1_807' title='bbox 2076 5312 2211 5375; x_wconf 76' lang='lat' dir='ltr'>4H</span> <span class='ocrx_word' id='word_1_808' title='bbox 2248 5311 2349 5376; x_wconf 74' lang='grc'>24.</span> <span class='ocrx_word' id='word_1_809' title='bbox 2380 5312 2662 5391; x_wconf 79' lang='lat' dir='ltr'><strong>Viduam,</strong></span> <span class='ocrx_word' id='word_1_810' title='bbox 2696 5331 2831 5396; x_wconf 66' lang='lat' dir='ltr'><strong>qua:</strong></span> <span class='ocrx_word' id='word_1_811' title='bbox 2882 5313 2945 5376; x_wconf 92' lang='lat' dir='ltr'>in</span> <span class='ocrx_word' id='word_1_812' title='bbox 2975 5314 3286 5379; x_wconf 88' lang='lat' dir='ltr'><strong>viduarum</strong></span> <span class='ocrx_word' id='word_1_813' title='bbox 3322 5336 3642 5383; x_wconf 88' lang='lat' dir='ltr'><strong>numerum</strong></span> 
     </span>
    </p>
   </div>
   <div class='ocr_carea' id='block_1_112' title="bbox 1995 5402 3642 5491">
    <p class='ocr_par' dir='ltr' id='par_1_112' title="bbox 1995 5402 3642 5491">
     <span class='ocr_line' id='line_1_112' title="bbox 1995 5402 3642 5491; baseline 0.005 -25"><span class='ocrx_word' id='word_1_814' title='bbox 1995 5402 2186 5467; x_wconf 89' lang='lat' dir='ltr'><strong>relata</strong></span> <span class='ocrx_word' id='word_1_815' title='bbox 2217 5409 2329 5482; x_wconf 86' lang='lat' dir='ltr'><strong>est,</strong></span> <span class='ocrx_word' id='word_1_816' title='bbox 2358 5404 2471 5469; x_wconf 88' lang='lat' dir='ltr'>hoc</span> <span class='ocrx_word' id='word_1_817' title='bbox 2505 5411 2759 5487; x_wconf 74' lang='lat' dir='ltr'><strong>est,quze</strong></span> <span class='ocrx_word' id='word_1_818' title='bbox 2788 5402 2861 5467; x_wconf 92' lang='lat' dir='ltr'>ab</span> <span class='ocrx_word' id='word_1_819' title='bbox 2892 5402 3163 5469; x_wconf 87' lang='lat' dir='ltr'><strong>Ecclesia</strong></span> <span class='ocrx_word' id='word_1_820' title='bbox 3192 5406 3642 5491; x_wconf 86' lang='lat' dir='ltr'><strong>alitur,judica-</strong></span> 
     </span>
    </p>
   </div>
   <div class='ocr_carea' id='block_1_113' title="bbox 1991 5493 3641 5579">
    <p class='ocr_par' dir='ltr' id='par_1_113' title="bbox 1991 5493 3641 5579">
     <span class='ocr_line' id='line_1_113' title="bbox 1991 5493 3641 5579; baseline 0.009 -23"><span class='ocrx_word' id='word_1_821' title='bbox 1991 5496 2076 5558; x_wconf 91' lang='lat' dir='ltr'>vit</span> <span class='ocrx_word' id='word_1_822' title='bbox 2104 5493 2426 5579; x_wconf 88' lang='lat' dir='ltr'><strong>Apostolus</strong></span> <span class='ocrx_word' id='word_1_823' title='bbox 2456 5493 2782 5562; x_wconf 88' lang='lat' dir='ltr'><strong>nubentem</strong></span> <span class='ocrx_word' id='word_1_824' title='bbox 2827 5496 3136 5563; x_wconf 87' lang='lat' dir='ltr'><strong>contemni</strong></span> <span class='ocrx_word' id='word_1_825' title='bbox 3166 5495 3392 5566; x_wconf 88' lang='lat' dir='ltr'><strong>debere</strong></span> <span class='ocrx_word' id='word_1_826' title='bbox 3417 5499 3474 5568; x_wconf 77' lang='grc' dir='ltr'><strong>Β.</strong></span> <span class='ocrx_word' id='word_1_827' title='bbox 3499 5499 3641 5573; x_wconf 83' lang='lat' dir='ltr'><strong>Viro</strong></span> 
     </span>
    </p>
   </div>
  </div>
