  <div class='ocr_page' id='page_1' title='image "/cluster/home/n/w/nwhite01/storage/ocr_20150623/104/hvd.32044073502163/469.png"; bbox 0 0 3944 6222; ppageno 0'>
   <div class='ocr_carea' id='block_1_1' title="bbox 414 270 532 351">
    <p class='ocr_par' dir='ltr' id='par_1_1' title="bbox 414 270 532 351">
     <span class='ocr_line' id='line_1_1' title="bbox 414 270 532 351; baseline -0.042 0"><span class='ocrx_word' id='word_1_1' title='bbox 414 270 532 351; x_wconf 81' lang='lat'><strong>899</strong></span> 
     </span>
    </p>
   </div>
   <div class='ocr_carea' id='block_1_2' title="bbox 1604 246 2596 356">
    <p class='ocr_par' dir='ltr' id='par_1_2' title="bbox 1604 246 2596 356">
     <span class='ocr_line' id='line_1_2' title="bbox 1604 246 2596 356; baseline 0 -2"><span class='ocrx_word' id='word_1_2' title='bbox 1604 246 1874 356; x_wconf 74' lang='lat' dir='ltr'><strong>pHo&#39;rII</strong></span> <span class='ocrx_word' id='word_1_3' title='bbox 1912 277 2436 355; x_wconf 64' lang='lat' dir='ltr'><strong>eumnam</strong></span> <span class='ocrx_word' id='word_1_4' title='bbox 2476 284 2596 356; x_wconf 71' lang='lat' dir='ltr'><strong>ce.</strong></span> 
     </span>
    </p>
   </div>
   <div class='ocr_carea' id='block_1_3' title="bbox 3655 292 3776 370">
    <p class='ocr_par' dir='ltr' id='par_1_3' title="bbox 3655 292 3776 370">
     <span class='ocr_line' id='line_1_3' title="bbox 3655 292 3776 370; baseline 0 0"><span class='ocrx_word' id='word_1_5' title='bbox 3655 292 3776 370; x_wconf 82' lang='lat'><strong>900</strong></span> 
     </span>
    </p>
   </div>
   <div class='ocr_carea' id='block_1_4' title="bbox 408 428 2011 522">
    <p class='ocr_par' dir='ltr' id='par_1_4' title="bbox 408 428 2011 522">
     <span class='ocr_line' id='line_1_4' title="bbox 408 428 2011 522; baseline 0.007 -34"><span class='ocrx_word' id='word_1_6' title='bbox 408 434 611 491; x_wconf 84' lang='lat' dir='ltr'><strong>autem</strong></span> <span class='ocrx_word' id='word_1_7' title='bbox 638 428 814 522; x_wconf 76' lang='lat' dir='ltr'><strong>viduo</strong></span> <span class='ocrx_word' id='word_1_8' title='bbox 841 431 932 499; x_wconf 81' lang='lat' dir='ltr'><strong>lex</strong></span> <span class='ocrx_word' id='word_1_9' title='bbox 966 432 1247 517; x_wconf 82' lang='lat' dir='ltr'><strong>imposita</strong></span> <span class='ocrx_word' id='word_1_10' title='bbox 1279 452 1398 498; x_wconf 90' lang='lat' dir='ltr'><strong>non</strong></span> <span class='ocrx_word' id='word_1_11' title='bbox 1428 434 1664 509; x_wconf 83' lang='lat' dir='ltr'><strong>est,sed</strong></span> <span class='ocrx_word' id='word_1_12' title='bbox 1695 433 1793 497; x_wconf 88' lang='lat' dir='ltr'><strong>tali</strong></span> <span class='ocrx_word' id='word_1_13' title='bbox 1824 435 2011 500; x_wconf 83' lang='lat' dir='ltr'><strong>sufﬁci</strong></span> 
     </span>
    </p>
   </div>
   <div class='ocr_carea' id='block_1_5' title="bbox 2148 428 3775 522">
    <p class='ocr_par' dir='ltr' id='par_1_5' title="bbox 2148 434 3775 522">
     <span class='ocr_line' id='line_1_5' title="bbox 2148 434 3775 522; baseline 0.008 -27"><span class='ocrx_word' id='word_1_14' title='bbox 2148 436 2271 513; x_wconf 84' lang='grc' dir='ltr'>ινδρὶ</span> <span class='ocrx_word' id='word_1_15' title='bbox 2314 439 2370 497; x_wconf 75' lang='grc' dir='ltr'>δὲ</span> <span class='ocrx_word' id='word_1_16' title='bbox 2428 438 2780 519; x_wconf 78' lang='grc' dir='ltr'><strong>χηρεόσαντι,</strong></span> <span class='ocrx_word' id='word_1_17' title='bbox 2839 434 3016 507; x_wconf 61' lang='grc' dir='ltr'><strong>οὐδεὶς</strong></span> <span class='ocrx_word' id='word_1_18' title='bbox 3076 438 3338 499; x_wconf 70' lang='grc' dir='ltr'><strong>ἔπίκειται</strong></span> <span class='ocrx_word' id='word_1_19' title='bbox 3404 444 3596 522; x_wconf 79' lang='grc' dir='ltr'><strong>νόμος,</strong></span> <span class='ocrx_word' id='word_1_20' title='bbox 3656 450 3775 507; x_wconf 80' lang='grc' dir='ltr'>ἀλλ’</span> 
     </span>
    </p>
   </div>
   <div class='ocr_carea' id='block_1_6' title="bbox 410 520 2048 605">
    <p class='ocr_par' dir='ltr' id='par_1_6' title="bbox 410 520 2048 605">
     <span class='ocr_line' id='line_1_6' title="bbox 410 520 2048 605; baseline 0.005 -23"><span class='ocrx_word' id='word_1_21' title='bbox 410 536 587 599; x_wconf 67' lang='lat' dir='ltr'><strong>paena</strong></span> <span class='ocrx_word' id='word_1_22' title='bbox 616 520 1010 601; x_wconf 86' lang='lat' dir='ltr'><strong>digamorum.</strong></span> <span class='ocrx_word' id='word_1_23' title='bbox 1079 529 1268 590; x_wconf 88' lang='lat' dir='ltr'><strong>Porro</strong></span> <span class='ocrx_word' id='word_1_24' title='bbox 1322 525 1499 588; x_wconf 89' lang='lat' dir='ltr'><strong>vidua</strong></span> <span class='ocrx_word' id='word_1_25' title='bbox 1528 528 1829 605; x_wconf 75' lang='lat' dir='ltr'><strong>sexaginta</strong></span> <span class='ocrx_word' id='word_1_26' title='bbox 1857 545 2048 590; x_wconf 89' lang='lat' dir='ltr'><strong>annos</strong></span> 
     </span>
    </p>
   </div>
   <div class='ocr_carea' id='block_1_7' title="bbox 408 610 2043 693">
    <p class='ocr_par' dir='ltr' id='par_1_7' title="bbox 408 610 2043 693">
     <span class='ocr_line' id='line_1_7' title="bbox 408 610 2043 693; baseline 0.007 -24"><span class='ocrx_word' id='word_1_27' title='bbox 408 617 567 685; x_wconf 89' lang='lat' dir='ltr'><strong>nata,</strong></span> <span class='ocrx_word' id='word_1_28' title='bbox 600 610 652 671; x_wconf 89' lang='lat' dir='ltr'><strong>si</strong></span> <span class='ocrx_word' id='word_1_29' title='bbox 708 631 922 676; x_wconf 80' lang='lat' dir='ltr'><strong>rursus</strong></span> <span class='ocrx_word' id='word_1_30' title='bbox 982 635 1098 678; x_wconf 86' lang='lat' dir='ltr'><strong>una</strong></span> <span class='ocrx_word' id='word_1_31' title='bbox 1126 637 1264 680; x_wconf 87' lang='lat' dir='ltr'><strong>cum</strong></span> <span class='ocrx_word' id='word_1_32' title='bbox 1296 617 1427 679; x_wconf 87' lang='lat' dir='ltr'><strong>viro</strong></span> <span class='ocrx_word' id='word_1_33' title='bbox 1460 616 1730 679; x_wconf 88' lang='lat' dir='ltr'><strong>habitare</strong></span> <span class='ocrx_word' id='word_1_34' title='bbox 1759 617 2043 693; x_wconf 85' lang='lat' dir='ltr'><strong>voluerit,</strong></span> 
     </span>
    </p>
   </div>
   <div class='ocr_carea' id='block_1_8' title="bbox 405 696 2048 785">
    <p class='ocr_par' dir='ltr' id='par_1_8' title="bbox 405 696 2048 785">
     <span class='ocr_line' id='line_1_8' title="bbox 405 696 2048 785; baseline 0.007 -27"><span class='ocrx_word' id='word_1_35' title='bbox 405 696 549 759; x_wconf 91' lang='lat' dir='ltr'><strong>boni</strong></span> <span class='ocrx_word' id='word_1_36' title='bbox 580 704 1006 767; x_wconf 85' lang='lat' dir='ltr'><strong>communione</strong></span> <span class='ocrx_word' id='word_1_37' title='bbox 1057 726 1177 769; x_wconf 89' lang='lat' dir='ltr'><strong>non</strong></span> <span class='ocrx_word' id='word_1_38' title='bbox 1207 706 1575 785; x_wconf 78' lang='lat' dir='ltr'><strong>dignabitur,</strong></span> <span class='ocrx_word' id='word_1_39' title='bbox 1607 707 1802 769; x_wconf 88' lang='lat' dir='ltr'><strong>donec</strong></span> <span class='ocrx_word' id='word_1_40' title='bbox 1832 707 1905 769; x_wconf 90' lang='lat' dir='ltr'><strong>ab</strong></span> <span class='ocrx_word' id='word_1_41' title='bbox 1936 707 2048 769; x_wconf 86' lang='lat' dir='ltr'><strong>im-</strong></span> 
     </span>
    </p>
   </div>
   <div class='ocr_carea' id='block_1_9' title="bbox 402 789 2044 875">
    <p class='ocr_par' dir='ltr' id='par_1_9' title="bbox 402 789 2044 875">
     <span class='ocr_line' id='line_1_9' title="bbox 402 789 2044 875; baseline 0.007 -27"><span class='ocrx_word' id='word_1_42' title='bbox 402 789 675 869; x_wconf 75' lang='lat' dir='ltr'><strong>puritatis</strong></span> <span class='ocrx_word' id='word_1_43' title='bbox 704 792 842 854; x_wconf 89' lang='lat' dir='ltr'><strong>vitio</strong></span> <span class='ocrx_word' id='word_1_44' title='bbox 873 793 1195 860; x_wconf 85' lang='lat' dir='ltr'><strong>destiterit.</strong></span> <span class='ocrx_word' id='word_1_45' title='bbox 1228 795 1346 859; x_wconf 89' lang='lat' dir='ltr'><strong>Sed</strong></span> <span class='ocrx_word' id='word_1_46' title='bbox 1373 797 1423 858; x_wconf 90' lang='lat' dir='ltr'><strong>si</strong></span> <span class='ocrx_word' id='word_1_47' title='bbox 1454 805 1591 859; x_wconf 87' lang='lat' dir='ltr'><strong>ante</strong></span> <span class='ocrx_word' id='word_1_48' title='bbox 1614 795 1921 875; x_wconf 79' lang='lat' dir='ltr'><strong>sexaginta</strong></span> <span class='ocrx_word' id='word_1_49' title='bbox 1941 816 2044 859; x_wconf 85' lang='lat' dir='ltr'><strong>an-</strong></span> 
     </span>
    </p>
   </div>
   <div class='ocr_carea' id='block_1_10' title="bbox 399 882 2045 968">
    <p class='ocr_par' dir='ltr' id='par_1_10' title="bbox 399 882 2045 968">
     <span class='ocr_line' id='line_1_10' title="bbox 399 882 2045 968; baseline 0.007 -28"><span class='ocrx_word' id='word_1_50' title='bbox 399 896 513 941; x_wconf 87' lang='lat' dir='ltr'><strong>nos</strong></span> <span class='ocrx_word' id='word_1_51' title='bbox 542 897 672 942; x_wconf 89' lang='lat' dir='ltr'><strong>eam</strong></span> <span class='ocrx_word' id='word_1_52' title='bbox 708 882 1193 968; x_wconf 86' lang='lat' dir='ltr'><strong>ascripserimus,</strong></span> <span class='ocrx_word' id='word_1_53' title='bbox 1228 895 1432 950; x_wconf 87' lang='lat' dir='ltr'><strong>nostra</strong></span> <span class='ocrx_word' id='word_1_54' title='bbox 1473 896 1584 964; x_wconf 87' lang='lat' dir='ltr'><strong>est,</strong></span> <span class='ocrx_word' id='word_1_55' title='bbox 1621 905 1741 950; x_wconf 92' lang='lat' dir='ltr'><strong>non</strong></span> <span class='ocrx_word' id='word_1_56' title='bbox 1774 886 2045 951; x_wconf 78' lang='lat' dir='ltr'><strong>mulieris</strong></span> 
     </span>
    </p>
   </div>
   <div class='ocr_carea' id='block_1_11' title="bbox 402 970 599 1052">
    <p class='ocr_par' dir='ltr' id='par_1_11' title="bbox 402 970 599 1052">
     <span class='ocr_line' id='line_1_11' title="bbox 402 970 599 1052; baseline 0.02 -20"><span class='ocrx_word' id='word_1_57' title='bbox 402 970 599 1052; x_wconf 86' lang='lat' dir='ltr'><strong>culpa.</strong></span> 
     </span>
    </p>
   </div>
   <div class='ocr_carea' id='block_1_12' title="bbox 479 1061 2043 1148">
    <p class='ocr_par' dir='ltr' id='par_1_12' title="bbox 479 1061 2043 1148">
     <span class='ocr_line' id='line_1_12' title="bbox 479 1061 2043 1148; baseline 0.005 -26"><span class='ocrx_word' id='word_1_58' title='bbox 479 1064 582 1124; x_wconf 78' lang='grc'><strong>41.</strong></span> <span class='ocrx_word' id='word_1_59' title='bbox 617 1061 762 1137; x_wconf 77' lang='lat' dir='ltr'><strong>Quae</strong></span> <span class='ocrx_word' id='word_1_60' title='bbox 792 1064 852 1126; x_wconf 93' lang='lat' dir='ltr'><strong>in</strong></span> <span class='ocrx_word' id='word_1_61' title='bbox 882 1064 1165 1128; x_wconf 83' lang='lat' dir='ltr'><strong>viduitate</strong></span> <span class='ocrx_word' id='word_1_62' title='bbox 1197 1066 1376 1129; x_wconf 86' lang='lat' dir='ltr'><strong>habet</strong></span> <span class='ocrx_word' id='word_1_63' title='bbox 1407 1068 1502 1129; x_wconf 86' lang='lat' dir='ltr'><strong>sui</strong></span> <span class='ocrx_word' id='word_1_64' title='bbox 1536 1073 2043 1148; x_wconf 87' lang='lat' dir='ltr'><strong>potestatem,una</strong></span> 
     </span>
    </p>
   </div>
   <div class='ocr_carea' id='block_1_13' title="bbox 399 1153 2040 1237">
    <p class='ocr_par' dir='ltr' id='par_1_13' title="bbox 399 1153 2040 1237">
     <span class='ocr_line' id='line_1_13' title="bbox 399 1153 2040 1237; baseline 0.004 -25"><span class='ocrx_word' id='word_1_65' title='bbox 399 1170 533 1213; x_wconf 90' lang='lat' dir='ltr'><strong>cum</strong></span> <span class='ocrx_word' id='word_1_66' title='bbox 585 1153 709 1215; x_wconf 90' lang='lat' dir='ltr'><strong>viro</strong></span> <span class='ocrx_word' id='word_1_67' title='bbox 769 1155 1035 1218; x_wconf 82' lang='lat' dir='ltr'><strong>habitare</strong></span> <span class='ocrx_word' id='word_1_68' title='bbox 1067 1163 1262 1236; x_wconf 89' lang='lat' dir='ltr'><strong>potest</strong></span> <span class='ocrx_word' id='word_1_69' title='bbox 1290 1156 1422 1219; x_wconf 89' lang='lat' dir='ltr'><strong>sine</strong></span> <span class='ocrx_word' id='word_1_70' title='bbox 1453 1156 1954 1237; x_wconf 85' lang='lat' dir='ltr'><strong>reprehensione,</strong></span> <span class='ocrx_word' id='word_1_71' title='bbox 1988 1159 2040 1221; x_wconf 92' lang='lat' dir='ltr'><strong>si</strong></span> 
     </span>
    </p>
   </div>
   <div class='ocr_carea' id='block_1_14' title="bbox 398 1244 2040 1327">
    <p class='ocr_par' dir='ltr' id='par_1_14' title="bbox 398 1244 2040 1327">
     <span class='ocr_line' id='line_1_14' title="bbox 398 1244 2040 1327; baseline 0.004 -24"><span class='ocrx_word' id='word_1_72' title='bbox 398 1259 578 1304; x_wconf 88' lang='lat' dir='ltr'><strong>nemo</strong></span> <span class='ocrx_word' id='word_1_73' title='bbox 609 1252 700 1305; x_wconf 91' lang='lat' dir='ltr'><strong>est</strong></span> <span class='ocrx_word' id='word_1_74' title='bbox 732 1244 831 1325; x_wconf 84' lang='lat' dir='ltr'><strong>qui</strong></span> <span class='ocrx_word' id='word_1_75' title='bbox 863 1245 1215 1325; x_wconf 81' lang='lat' dir='ltr'><strong>conjugium</strong></span> <span class='ocrx_word' id='word_1_76' title='bbox 1250 1246 1512 1321; x_wconf 84' lang='lat' dir='ltr'><strong>divellat,</strong></span> <span class='ocrx_word' id='word_1_77' title='bbox 1547 1265 1682 1308; x_wconf 90' lang='lat' dir='ltr'><strong>cum</strong></span> <span class='ocrx_word' id='word_1_78' title='bbox 1716 1246 2040 1327; x_wconf 87' lang='lat' dir='ltr'><strong>Apostolus</strong></span> 
     </span>
    </p>
   </div>
   <div class='ocr_carea' id='block_1_15' title="bbox 399 1331 2040 1410">
    <p class='ocr_par' dir='ltr' id='par_1_15' title="bbox 399 1331 2040 1410">
     <span class='ocr_line' id='line_1_15' title="bbox 399 1331 2040 1410; baseline 0.004 -15"><span class='ocrx_word' id='word_1_79' title='bbox 399 1331 560 1395; x_wconf 86' lang='lat' dir='ltr'><strong>dicat</strong></span> <span class='ocrx_word' id='word_1_80' title='bbox 591 1351 604 1396; x_wconf 94' lang='lat'><strong>:</strong></span> <span class='ocrx_word' id='word_1_81' title='bbox 642 1335 711 1396; x_wconf 86' lang='lat' dir='ltr'><strong>Si</strong></span> <span class='ocrx_word' id='word_1_82' title='bbox 739 1341 1022 1398; x_wconf 86' lang='lat' dir='ltr'><strong>mortuus</strong></span> <span class='ocrx_word' id='word_1_83' title='bbox 1049 1337 1127 1398; x_wconf 84' lang='lat' dir='ltr'><strong>sit</strong></span> <span class='ocrx_word' id='word_1_84' title='bbox 1158 1339 1445 1410; x_wconf 77' lang='lat' dir='ltr'><strong>maritus,</strong></span> <span class='ocrx_word' id='word_1_85' title='bbox 1480 1335 1678 1399; x_wconf 78' lang='lat' dir='ltr'><strong>libera</strong></span> <span class='ocrx_word' id='word_1_86' title='bbox 1707 1344 1798 1399; x_wconf 80' lang='lat' dir='ltr'><strong>est</strong></span> <span class='ocrx_word' id='word_1_87' title='bbox 1827 1343 1895 1398; x_wconf 81' lang='lat' dir='ltr'><strong>ut</strong></span> <span class='ocrx_word' id='word_1_88' title='bbox 1925 1353 2040 1401; x_wconf 85' lang='lat' dir='ltr'><strong>nu-</strong></span> 
     </span>
    </p>
   </div>
   <div class='ocr_carea' id='block_1_16' title="bbox 400 1422 1582 1498">
    <p class='ocr_par' dir='ltr' id='par_1_16' title="bbox 400 1422 1582 1498">
     <span class='ocr_line' id='line_1_16' title="bbox 400 1422 1582 1498; baseline 0.003 -13"><span class='ocrx_word' id='word_1_89' title='bbox 400 1422 497 1486; x_wconf 84' lang='lat' dir='ltr'><strong>bat</strong></span> <span class='ocrx_word' id='word_1_90' title='bbox 524 1424 625 1486; x_wconf 86' lang='lat' dir='ltr'><strong>cui</strong></span> <span class='ocrx_word' id='word_1_91' title='bbox 654 1425 799 1488; x_wconf 78' lang='lat' dir='ltr'><strong>velit</strong></span> <span class='ocrx_word' id='word_1_92' title='bbox 821 1447 846 1498; x_wconf 88' lang='lat'><strong><em>;</em></strong></span> <span class='ocrx_word' id='word_1_93' title='bbox 875 1431 1118 1488; x_wconf 82' lang='lat' dir='ltr'><strong>tantum</strong></span> <span class='ocrx_word' id='word_1_94' title='bbox 1151 1428 1215 1487; x_wconf 81' lang='lat' dir='ltr'><strong>in</strong></span> <span class='ocrx_word' id='word_1_95' title='bbox 1247 1425 1500 1489; x_wconf 76' lang='lat' dir='ltr'><strong>Domino</strong></span> <span class='ocrx_word' id='word_1_96' title='bbox 1525 1426 1582 1489; x_wconf 87' lang='lat'><strong>9.</strong></span> 
     </span>
    </p>
   </div>
   <div class='ocr_carea' id='block_1_17' title="bbox 477 1514 2036 1595">
    <p class='ocr_par' dir='ltr' id='par_1_17' title="bbox 477 1514 2036 1595">
     <span class='ocr_line' id='line_1_17' title="bbox 477 1514 2036 1595; baseline 0.003 -21"><span class='ocrx_word' id='word_1_97' title='bbox 477 1514 574 1577; x_wconf 86' lang='lat'><strong>50.</strong></span> <span class='ocrx_word' id='word_1_98' title='bbox 608 1514 922 1594; x_wconf 68' lang='lat' dir='ltr'><strong>Trigamiaa</strong></span> <span class='ocrx_word' id='word_1_99' title='bbox 979 1515 1071 1577; x_wconf 84' lang='lat' dir='ltr'><strong>lex</strong></span> <span class='ocrx_word' id='word_1_100' title='bbox 1114 1534 1233 1577; x_wconf 87' lang='lat' dir='ltr'><strong>non</strong></span> <span class='ocrx_word' id='word_1_101' title='bbox 1286 1523 1400 1579; x_wconf 89' lang='lat' dir='ltr'><strong>est.</strong></span> <span class='ocrx_word' id='word_1_102' title='bbox 1442 1516 1637 1588; x_wconf 80' lang='lat' dir='ltr'><strong>Quare</strong></span> <span class='ocrx_word' id='word_1_103' title='bbox 1667 1515 1798 1595; x_wconf 86' lang='lat' dir='ltr'><strong>lege</strong></span> <span class='ocrx_word' id='word_1_104' title='bbox 1833 1516 2036 1578; x_wconf 89' lang='lat' dir='ltr'><strong>matri-</strong></span> 
     </span>
    </p>
   </div>
   <div class='ocr_carea' id='block_1_18' title="bbox 396 1605 2032 1689">
    <p class='ocr_par' dir='ltr' id='par_1_18' title="bbox 396 1605 2032 1689">
     <span class='ocr_line' id='line_1_18' title="bbox 396 1605 2032 1689; baseline 0.001 -23"><span class='ocrx_word' id='word_1_105' title='bbox 396 1605 661 1667; x_wconf 87' lang='lat' dir='ltr'><strong>monium</strong></span> <span class='ocrx_word' id='word_1_106' title='bbox 688 1606 926 1666; x_wconf 86' lang='lat' dir='ltr'><strong>tertium</strong></span> <span class='ocrx_word' id='word_1_107' title='bbox 952 1624 1068 1667; x_wconf 88' lang='lat' dir='ltr'><strong>non</strong></span> <span class='ocrx_word' id='word_1_108' title='bbox 1092 1607 1577 1669; x_wconf 80' lang='lat' dir='ltr'><strong>contrahitur.Ac</strong></span> <span class='ocrx_word' id='word_1_109' title='bbox 1602 1606 1742 1668; x_wconf 90' lang='lat' dir='ltr'><strong>talia</strong></span> <span class='ocrx_word' id='word_1_110' title='bbox 1761 1606 2032 1689; x_wconf 79' lang='lat' dir='ltr'><strong>quidem,</strong></span> 
     </span>
    </p>
   </div>
   <div class='ocr_carea' id='block_1_19' title="bbox 391 1693 2033 1774">
    <p class='ocr_par' dir='ltr' id='par_1_19' title="bbox 391 1693 2033 1774">
     <span class='ocr_line' id='line_1_19' title="bbox 391 1693 2033 1774; baseline 0.002 -19"><span class='ocrx_word' id='word_1_111' title='bbox 391 1700 459 1755; x_wconf 92' lang='lat' dir='ltr'><strong>ut</strong></span> <span class='ocrx_word' id='word_1_112' title='bbox 477 1693 760 1756; x_wconf 64' lang='lat' dir='ltr'><strong>Ecclesiae</strong></span> <span class='ocrx_word' id='word_1_113' title='bbox 782 1694 1254 1774; x_wconf 87' lang='lat' dir='ltr'><strong>inquinamenta,</strong></span> <span class='ocrx_word' id='word_1_114' title='bbox 1287 1696 1729 1761; x_wconf 83' lang='lat' dir='ltr'><strong>habemus.Sed</strong></span> <span class='ocrx_word' id='word_1_115' title='bbox 1753 1696 2033 1759; x_wconf 86' lang='lat' dir='ltr'><strong>condem-</strong></span> 
     </span>
    </p>
   </div>
   <div class='ocr_carea' id='block_1_20' title="bbox 2128 529 3773 614">
    <p class='ocr_par' dir='ltr' id='par_1_20' title="bbox 2128 529 3773 614">
     <span class='ocr_line' id='line_1_20' title="bbox 2128 529 3773 614; baseline 0.002 -31"><span class='ocrx_word' id='word_1_116' title='bbox 2128 530 2309 586; x_wconf 74' lang='grc' dir='ltr'><strong>ἱκανὸν</strong></span> <span class='ocrx_word' id='word_1_117' title='bbox 2340 537 2416 602; x_wconf 82' lang='grc' dir='ltr'><strong>τῷ</strong></span> <span class='ocrx_word' id='word_1_118' title='bbox 2445 529 2679 604; x_wconf 82' lang='grc' dir='ltr'><strong>τοιούτῳ</strong></span> <span class='ocrx_word' id='word_1_119' title='bbox 2706 529 2767 585; x_wconf 84' lang='grc' dir='ltr'><strong>τὸ</strong></span> <span class='ocrx_word' id='word_1_120' title='bbox 2799 536 2906 586; x_wconf 85' lang='grc' dir='ltr'><strong>τῶν</strong></span> <span class='ocrx_word' id='word_1_121' title='bbox 2938 529 3181 610; x_wconf 76' lang='grc' dir='ltr'><strong>διγάμων</strong></span> <span class='ocrx_word' id='word_1_122' title='bbox 3200 533 3497 608; x_wconf 72' lang='grc' dir='ltr'><strong>ὶπιτίμιον.</strong></span> <span class='ocrx_word' id='word_1_123' title='bbox 3534 529 3599 593; x_wconf 74' lang='grc' dir='ltr'><em>Ἠ</em></span> <span class='ocrx_word' id='word_1_124' title='bbox 3643 541 3773 614; x_wconf 67' lang='grc' dir='ltr'><strong>μέν-</strong></span> 
     </span>
    </p>
   </div>
   <div class='ocr_carea' id='block_1_21' title="bbox 2128 617 3774 699">
    <p class='ocr_par' dir='ltr' id='par_1_21' title="bbox 2128 617 3774 699">
     <span class='ocr_line' id='line_1_21' title="bbox 2128 617 3774 699; baseline 0.009 -27"><span class='ocrx_word' id='word_1_125' title='bbox 2128 638 2211 674; x_wconf 85' lang='grc' dir='ltr'><strong>τοι</strong></span> <span class='ocrx_word' id='word_1_126' title='bbox 2269 620 2418 699; x_wconf 81' lang='grc' dir='ltr'><strong>χήρα</strong></span> <span class='ocrx_word' id='word_1_127' title='bbox 2463 617 2849 687; x_wconf 77' lang='grc' dir='ltr'><strong>ὲξηκονταετὴς</strong></span> <span class='ocrx_word' id='word_1_128' title='bbox 2908 633 3190 698; x_wconf 69' lang='grc' dir='ltr'><strong>γεγονυῖα,</strong></span> <span class='ocrx_word' id='word_1_129' title='bbox 3238 619 3327 678; x_wconf 71' lang='grc' dir='ltr'><strong>ἐὰν</strong></span> <span class='ocrx_word' id='word_1_130' title='bbox 3361 621 3551 691; x_wconf 59' lang='grc' dir='ltr'><strong>θηται</strong></span> <span class='ocrx_word' id='word_1_131' title='bbox 3612 628 3774 686; x_wconf 82' lang='grc' dir='ltr'><strong>πάλιν</strong></span> 
     </span>
    </p>
   </div>
   <div class='ocr_carea' id='block_1_22' title="bbox 2127 705 3774 795">
    <p class='ocr_par' dir='ltr' id='par_1_22' title="bbox 2127 705 3774 795">
     <span class='ocr_line' id='line_1_22' title="bbox 2127 705 3774 795; baseline 0.008 -33"><span class='ocrx_word' id='word_1_132' title='bbox 2127 705 2272 786; x_wconf 79' lang='grc' dir='ltr'>ἀνδρὶ</span> <span class='ocrx_word' id='word_1_133' title='bbox 2314 722 2605 785; x_wconf 73' lang='grc' dir='ltr'><strong>συνοικεῖν,</strong></span> <span class='ocrx_word' id='word_1_134' title='bbox 2656 710 2717 766; x_wconf 80' lang='grc' dir='ltr'><strong>οὖ</strong></span> <span class='ocrx_word' id='word_1_135' title='bbox 2759 708 3215 777; x_wconf 72' lang='grc' dir='ltr'><strong>καταξιωθάσεται</strong></span> <span class='ocrx_word' id='word_1_136' title='bbox 3275 717 3375 779; x_wconf 80' lang='grc' dir='ltr'><strong>τῆς</strong></span> <span class='ocrx_word' id='word_1_137' title='bbox 3431 725 3525 774; x_wconf 77' lang='grc' dir='ltr'><strong>τοῦ</strong></span> <span class='ocrx_word' id='word_1_138' title='bbox 3584 717 3774 795; x_wconf 70' lang='grc' dir='ltr'><strong>ἀγαθοῦ</strong></span> 
     </span>
    </p>
   </div>
   <div class='ocr_carea' id='block_1_23' title="bbox 2127 798 3768 881">
    <p class='ocr_par' dir='ltr' id='par_1_23' title="bbox 2127 798 3768 881">
     <span class='ocr_line' id='line_1_23' title="bbox 2127 798 3768 881; baseline 0.006 -28"><span class='ocrx_word' id='word_1_139' title='bbox 2127 806 2428 877; x_wconf 68' lang='grc' dir='ltr'><strong>κοινωνίας²</strong></span> <span class='ocrx_word' id='word_1_140' title='bbox 2465 798 2568 861; x_wconf 72' lang='grc' dir='ltr'><strong>ἕως</strong></span> <span class='ocrx_word' id='word_1_141' title='bbox 2606 798 2668 853; x_wconf 75' lang='grc' dir='ltr'>ἂν</span> <span class='ocrx_word' id='word_1_142' title='bbox 2720 806 2814 857; x_wconf 79' lang='grc' dir='ltr'><strong>τοῦ</strong></span> <span class='ocrx_word' id='word_1_143' title='bbox 2861 800 3058 863; x_wconf 84' lang='grc' dir='ltr'><strong>πάθους</strong></span> <span class='ocrx_word' id='word_1_144' title='bbox 3107 803 3207 869; x_wconf 77' lang='grc' dir='ltr'><strong>τῆς</strong></span> <span class='ocrx_word' id='word_1_145' title='bbox 3264 800 3590 881; x_wconf 75' lang='grc' dir='ltr'><strong>ἀκαθαρσίας</strong></span> <span class='ocrx_word' id='word_1_146' title='bbox 3633 808 3768 863; x_wconf 70' lang='grc' dir='ltr'><strong>παύ-</strong></span> 
     </span>
    </p>
   </div>
   <div class='ocr_carea' id='block_1_24' title="bbox 2127 886 3770 972">
    <p class='ocr_par' dir='ltr' id='par_1_24' title="bbox 2127 886 3770 972">
     <span class='ocr_line' id='line_1_24' title="bbox 2127 886 3770 972; baseline 0.006 -31"><span class='ocrx_word' id='word_1_147' title='bbox 2127 907 2289 952; x_wconf 86' lang='grc' dir='ltr'><strong>σηται</strong></span> <span class='ocrx_word' id='word_1_148' title='bbox 2324 903 2341 922; x_wconf 82' lang='grc'><strong>’</strong></span> <span class='ocrx_word' id='word_1_149' title='bbox 2389 886 2481 943; x_wconf 78' lang='grc' dir='ltr'><strong>ἐὰν</strong></span> <span class='ocrx_word' id='word_1_150' title='bbox 2513 887 2698 963; x_wconf 83' lang='grc' dir='ltr'><strong>μέντοι</strong></span> <span class='ocrx_word' id='word_1_151' title='bbox 2741 890 2844 963; x_wconf 80' lang='grc' dir='ltr'><strong>πρὸ</strong></span> <span class='ocrx_word' id='word_1_152' title='bbox 2888 886 3148 959; x_wconf 69' lang='grc' dir='ltr'><strong>ἑξήκοντα</strong></span> <span class='ocrx_word' id='word_1_153' title='bbox 3196 888 3335 945; x_wconf 75' lang='grc' dir='ltr'><strong>ἑτῶν</strong></span> <span class='ocrx_word' id='word_1_154' title='bbox 3392 891 3770 972; x_wconf 73' lang='grc' dir='ltr'><strong>ἀριθμήσωμεν</strong></span> 
     </span>
    </p>
   </div>
   <div class='ocr_carea' id='block_1_25' title="bbox 2125 976 3475 1057">
    <p class='ocr_par' dir='ltr' id='par_1_25' title="bbox 2125 976 3475 1057">
     <span class='ocr_line' id='line_1_25' title="bbox 2125 976 3475 1057; baseline 0.006 -26"><span class='ocrx_word' id='word_1_155' title='bbox 2125 976 2317 1055; x_wconf 68' lang='grc' dir='ltr'><strong>αὐτὴν,</strong></span> <span class='ocrx_word' id='word_1_156' title='bbox 2354 976 2617 1055; x_wconf 75' lang='grc' dir='ltr'><strong>ἡμέτερον</strong></span> <span class='ocrx_word' id='word_1_157' title='bbox 2647 978 2709 1034; x_wconf 77' lang='grc' dir='ltr'><strong>τὸ</strong></span> <span class='ocrx_word' id='word_1_158' title='bbox 2740 976 2989 1055; x_wconf 77' lang='grc' dir='ltr'><strong>ἔγκλημα</strong></span> <span class='ocrx_word' id='word_1_159' title='bbox 3023 980 3083 1035; x_wconf 71' lang='grc' dir='ltr'><strong>οὗ</strong></span> <span class='ocrx_word' id='word_1_160' title='bbox 3112 985 3205 1037; x_wconf 77' lang='grc' dir='ltr'><strong>τοῦ</strong></span> <span class='ocrx_word' id='word_1_161' title='bbox 3232 980 3475 1057; x_wconf 75' lang='grc' dir='ltr'><strong>γυναίου.</strong></span> 
     </span>
    </p>
   </div>
   <div class='ocr_carea' id='block_1_26' title="bbox 2204 1063 3772 1151">
    <p class='ocr_par' dir='ltr' id='par_1_26' title="bbox 2204 1063 3772 1151">
     <span class='ocr_line' id='line_1_26' title="bbox 2204 1063 3772 1151; baseline 0.004 -30"><span class='ocrx_word' id='word_1_162' title='bbox 2204 1064 2323 1141; x_wconf 87' lang='grc' dir='ltr'><strong>μα’.</strong></span> <span class='ocrx_word' id='word_1_163' title='bbox 2361 1063 2426 1122; x_wconf 84' lang='grc' dir='ltr'><strong>Ἠ</strong></span> <span class='ocrx_word' id='word_1_164' title='bbox 2457 1065 2512 1121; x_wconf 84' lang='grc' dir='ltr'><strong>ἐν</strong></span> <span class='ocrx_word' id='word_1_165' title='bbox 2540 1071 2609 1143; x_wconf 78' lang='grc' dir='ltr'><strong>τῇ</strong></span> <span class='ocrx_word' id='word_1_166' title='bbox 2640 1069 2838 1146; x_wconf 76' lang='grc' dir='ltr'><strong>χηρείᾳ</strong></span> <span class='ocrx_word' id='word_1_167' title='bbox 2867 1065 3105 1132; x_wconf 74' lang='grc' dir='ltr'><strong>ἐξουσίαν</strong></span> <span class='ocrx_word' id='word_1_168' title='bbox 3152 1068 3348 1135; x_wconf 75' lang='grc' dir='ltr'><strong>ἑαυτῆς</strong></span> <span class='ocrx_word' id='word_1_169' title='bbox 3397 1069 3603 1151; x_wconf 80' lang='grc' dir='ltr'><strong>ἔχουσα</strong></span> <span class='ocrx_word' id='word_1_170' title='bbox 3644 1095 3772 1130; x_wconf 80' lang='grc' dir='ltr'><strong>συν-</strong></span> 
     </span>
    </p>
   </div>
   <div class='ocr_carea' id='block_1_27' title="bbox 2124 1152 3772 1235">
    <p class='ocr_par' dir='ltr' id='par_1_27' title="bbox 2124 1152 3772 1235">
     <span class='ocr_line' id='line_1_27' title="bbox 2124 1152 3772 1235; baseline 0.005 -25"><span class='ocrx_word' id='word_1_171' title='bbox 2124 1167 2295 1211; x_wconf 77' lang='grc' dir='ltr'><strong>οικεῖν</strong></span> <span class='ocrx_word' id='word_1_172' title='bbox 2338 1152 2487 1233; x_wconf 81' lang='grc' dir='ltr'>ἀνδρὶ</span> <span class='ocrx_word' id='word_1_173' title='bbox 2516 1154 2873 1235; x_wconf 67' lang='grc' dir='ltr'><strong>ἀνέγκλητος⁷</strong></span> <span class='ocrx_word' id='word_1_174' title='bbox 2910 1158 2955 1213; x_wconf 83' lang='grc' dir='ltr'><strong>εί</strong></span> <span class='ocrx_word' id='word_1_175' title='bbox 2986 1155 3175 1233; x_wconf 80' lang='grc' dir='ltr'><strong>μηδείς</strong></span> <span class='ocrx_word' id='word_1_176' title='bbox 3215 1156 3358 1214; x_wconf 76' lang='grc' dir='ltr'><strong>ἐστιν</strong></span> <span class='ocrx_word' id='word_1_177' title='bbox 3387 1161 3416 1215; x_wconf 74' lang='grc' dir='ltr'>ὁ</span> <span class='ocrx_word' id='word_1_178' title='bbox 3445 1157 3684 1219; x_wconf 83' lang='grc' dir='ltr'><strong>διασπῶν</strong></span> <span class='ocrx_word' id='word_1_179' title='bbox 3712 1164 3772 1219; x_wconf 79' lang='grc' dir='ltr'>τὸ</span> 
     </span>
    </p>
   </div>
   <div class='ocr_carea' id='block_1_28' title="bbox 2124 1242 3771 1310">
    <p class='ocr_par' dir='ltr' id='par_1_28' title="bbox 2124 1242 3771 1310">
     <span class='ocr_line' id='line_1_28' title="bbox 2124 1242 3771 1310; baseline 0.006 -10"><span class='ocrx_word' id='word_1_180' title='bbox 2124 1243 2449 1301; x_wconf 88' lang='grc' dir='ltr'><strong>συνοικὲσιον</strong></span> <span class='ocrx_word' id='word_1_181' title='bbox 2481 1260 2496 1274; x_wconf 84' lang='grc'><strong><em>⁸</em></strong></span> <span class='ocrx_word' id='word_1_182' title='bbox 2533 1252 2626 1301; x_wconf 83' lang='grc' dir='ltr'><strong>τοῦ</strong></span> <span class='ocrx_word' id='word_1_183' title='bbox 2654 1242 2988 1304; x_wconf 81' lang='grc' dir='ltr'><strong>’Λποστόλου</strong></span> <span class='ocrx_word' id='word_1_184' title='bbox 3031 1248 3273 1309; x_wconf 79' lang='grc' dir='ltr'><strong>εἰπόντος</strong></span> <span class='ocrx_word' id='word_1_185' title='bbox 3312 1266 3329 1283; x_wconf 90' lang='grc'><strong><em>⁸</em></strong></span> <span class='ocrx_word' id='word_1_186' title='bbox 3384 1248 3511 1309; x_wconf 65' lang='grc' dir='ltr'><strong>Ἰὲᾶν</strong></span> <span class='ocrx_word' id='word_1_187' title='bbox 3541 1250 3595 1307; x_wconf 81' lang='grc' dir='ltr'>δὲ</span> <span class='ocrx_word' id='word_1_188' title='bbox 3624 1252 3771 1310; x_wconf 78' lang='grc' dir='ltr'><strong>ἄπο-</strong></span> 
     </span>
    </p>
   </div>
   <div class='ocr_carea' id='block_1_29' title="bbox 2120 1333 3767 1417">
    <p class='ocr_par' dir='ltr' id='par_1_29' title="bbox 2120 1333 3767 1417">
     <span class='ocr_line' id='line_1_29' title="bbox 2120 1333 3767 1417; baseline 0.005 -28"><span class='ocrx_word' id='word_1_189' title='bbox 2120 1333 2251 1411; x_wconf 75' lang='grc' dir='ltr'><strong>θάνῃ</strong></span> <span class='ocrx_word' id='word_1_190' title='bbox 2308 1336 2336 1390; x_wconf 81' lang='grc' dir='ltr'>ὁ</span> <span class='ocrx_word' id='word_1_191' title='bbox 2396 1334 2553 1411; x_wconf 70' lang='grc' dir='ltr'><strong>ἀνὴρ,</strong></span> <span class='ocrx_word' id='word_1_192' title='bbox 2622 1333 2870 1414; x_wconf 73' lang='grc' dir='ltr'><strong>ἐλευθέρα</strong></span> <span class='ocrx_word' id='word_1_193' title='bbox 2926 1337 3069 1394; x_wconf 67' lang='grc' dir='ltr'><strong>ἔστὶν</strong></span> <span class='ocrx_word' id='word_1_194' title='bbox 3124 1337 3171 1412; x_wconf 82' lang='grc' dir='ltr'>ᾧ</span> <span class='ocrx_word' id='word_1_195' title='bbox 3230 1335 3375 1394; x_wconf 86' lang='grc' dir='ltr'><strong>θέλει</strong></span> <span class='ocrx_word' id='word_1_196' title='bbox 3433 1342 3767 1417; x_wconf 77' lang='grc' dir='ltr'><strong>γαμηθῆναι,</strong></span> 
     </span>
    </p>
   </div>
   <div class='ocr_carea' id='block_1_30' title="bbox 2119 1422 2604 1503">
    <p class='ocr_par' dir='ltr' id='par_1_30' title="bbox 2119 1422 2604 1503">
     <span class='ocr_line' id='line_1_30' title="bbox 2119 1422 2604 1503; baseline 0.006 -26"><span class='ocrx_word' id='word_1_197' title='bbox 2119 1426 2283 1497; x_wconf 77' lang='grc' dir='ltr'><strong>μόνον</strong></span> <span class='ocrx_word' id='word_1_198' title='bbox 2321 1422 2376 1479; x_wconf 80' lang='grc' dir='ltr'><strong>ἐν</strong></span> <span class='ocrx_word' id='word_1_199' title='bbox 2411 1425 2604 1503; x_wconf 82' lang='grc' dir='ltr'><strong>Κυρίῳ,</strong></span> 
     </span>
    </p>
   </div>
   <div class='ocr_carea' id='block_1_31' title="bbox 2199 1512 3767 1597">
    <p class='ocr_par' dir='ltr' id='par_1_31' title="bbox 2199 1512 3767 1597">
     <span class='ocr_line' id='line_1_31' title="bbox 2199 1512 3767 1597; baseline 0.006 -30"><span class='ocrx_word' id='word_1_200' title='bbox 2199 1512 2269 1572; x_wconf 92' lang='grc' dir='ltr'><strong>ν’.</strong></span> <span class='ocrx_word' id='word_1_201' title='bbox 2318 1516 2608 1593; x_wconf 83' lang='grc' dir='ltr'><strong>Τριγαμίας</strong></span> <span class='ocrx_word' id='word_1_202' title='bbox 2643 1515 2806 1590; x_wconf 87' lang='grc' dir='ltr'><strong>νόμος</strong></span> <span class='ocrx_word' id='word_1_203' title='bbox 2851 1519 2947 1575; x_wconf 71' lang='grc' dir='ltr'><strong>οὐκ</strong></span> <span class='ocrx_word' id='word_1_204' title='bbox 3003 1515 3171 1592; x_wconf 74' lang='grc' dir='ltr'><strong>ἔστιν,</strong></span> <span class='ocrx_word' id='word_1_205' title='bbox 3231 1517 3373 1576; x_wconf 83' lang='grc' dir='ltr'><strong>ὥστε</strong></span> <span class='ocrx_word' id='word_1_206' title='bbox 3418 1521 3569 1595; x_wconf 81' lang='grc' dir='ltr'><strong>νόμῳ</strong></span> <span class='ocrx_word' id='word_1_207' title='bbox 3595 1521 3767 1597; x_wconf 80' lang='grc' dir='ltr'><strong>τρίτος</strong></span> 
     </span>
    </p>
   </div>
   <div class='ocr_carea' id='block_1_32' title="bbox 2117 1600 3768 1688">
    <p class='ocr_par' dir='ltr' id='par_1_32' title="bbox 2117 1600 3768 1688">
     <span class='ocr_line' id='line_1_32' title="bbox 2117 1600 3768 1688; baseline 0.005 -31"><span class='ocrx_word' id='word_1_208' title='bbox 2117 1600 2289 1678; x_wconf 72' lang='grc' dir='ltr'><strong>γάμος</strong></span> <span class='ocrx_word' id='word_1_209' title='bbox 2323 1607 2418 1662; x_wconf 72' lang='grc' dir='ltr'><strong>οὐκ</strong></span> <span class='ocrx_word' id='word_1_210' title='bbox 2460 1602 2644 1682; x_wconf 74' lang='grc' dir='ltr'><strong>ἄγεται</strong></span> <span class='ocrx_word' id='word_1_211' title='bbox 2678 1624 2693 1641; x_wconf 84' lang='grc'><em>’</em></span> <span class='ocrx_word' id='word_1_212' title='bbox 2730 1603 2795 1661; x_wconf 73' lang='grc' dir='ltr'><strong>τά</strong></span> <span class='ocrx_word' id='word_1_213' title='bbox 2825 1605 3006 1680; x_wconf 79' lang='grc' dir='ltr'><strong>μέντοι</strong></span> <span class='ocrx_word' id='word_1_214' title='bbox 3055 1617 3295 1683; x_wconf 77' lang='grc' dir='ltr'><strong>τοιαῦτα,</strong></span> <span class='ocrx_word' id='word_1_215' title='bbox 3331 1609 3406 1674; x_wconf 80' lang='grc' dir='ltr'><strong>ὡς</strong></span> <span class='ocrx_word' id='word_1_216' title='bbox 3448 1609 3768 1688; x_wconf 62' lang='lat' dir='ltr'><strong>participat:</strong></span> 
     </span>
    </p>
   </div>
   <div class='ocr_carea' id='block_1_33' title="bbox 2116 1689 3767 1772">
    <p class='ocr_par' dir='ltr' id='par_1_33' title="bbox 2116 1689 3767 1772">
     <span class='ocr_line' id='line_1_33' title="bbox 2116 1689 3767 1772; baseline 0.005 -25"><span class='ocrx_word' id='word_1_217' title='bbox 2116 1691 2215 1759; x_wconf 75' lang='grc' dir='ltr'><strong>τῆς</strong></span> <span class='ocrx_word' id='word_1_218' title='bbox 2275 1689 2598 1759; x_wconf 83' lang='grc' dir='ltr'><strong>Ἐκκλησίας</strong></span> <span class='ocrx_word' id='word_1_219' title='bbox 2684 1696 2893 1771; x_wconf 80' lang='grc' dir='ltr'><strong>ὁρῶμεν</strong></span> <span class='ocrx_word' id='word_1_220' title='bbox 2926 1714 2939 1731; x_wconf 81' lang='grc'><strong><em>⁸</em></strong></span> <span class='ocrx_word' id='word_1_221' title='bbox 3004 1692 3287 1772; x_wconf 70' lang='grc' dir='ltr'><strong>δημοσίαις</strong></span> <span class='ocrx_word' id='word_1_222' title='bbox 3348 1695 3404 1753; x_wconf 77' lang='grc' dir='ltr'>δὲ</span> <span class='ocrx_word' id='word_1_223' title='bbox 3456 1696 3767 1765; x_wconf 73' lang='grc' dir='ltr'><strong>καταδίκαις</strong></span> 
     </span>
    </p>
   </div>
   <div class='ocr_carea' id='block_1_34' title="bbox 393 1779 2011 1867">
    <p class='ocr_par' dir='ltr' id='par_1_34' title="bbox 393 1782 2010 1866">
     <span class='ocr_line' id='line_1_34' title="bbox 393 1782 2010 1866; baseline 0.004 -22"><span class='ocrx_word' id='word_1_224' title='bbox 393 1782 738 1846; x_wconf 83' lang='lat' dir='ltr'><strong>nationibus</strong></span> <span class='ocrx_word' id='word_1_225' title='bbox 771 1783 1024 1865; x_wconf 87' lang='lat' dir='ltr'><strong>publicis</strong></span> <span class='ocrx_word' id='word_1_226' title='bbox 1056 1804 1175 1846; x_wconf 88' lang='lat' dir='ltr'><strong>non</strong></span> <span class='ocrx_word' id='word_1_227' title='bbox 1206 1785 1565 1866; x_wconf 88' lang='lat' dir='ltr'><strong>subjicimus</strong></span> <span class='ocrx_word' id='word_1_228' title='bbox 1595 1795 1659 1850; x_wconf 90' lang='lat' dir='ltr'><strong>ut</strong></span> <span class='ocrx_word' id='word_1_229' title='bbox 1694 1786 1889 1849; x_wconf 88' lang='lat' dir='ltr'><strong>soluta</strong></span> <span class='ocrx_word' id='word_1_230' title='bbox 1918 1786 2010 1850; x_wconf 76' lang='lat' dir='ltr'><strong>fur</strong></span> 
     </span>
    </p>
   </div>
   <div class='ocr_carea' id='block_1_35' title="bbox 2148 1779 3766 1867">
    <p class='ocr_par' dir='ltr' id='par_1_35' title="bbox 2148 1779 3766 1867">
     <span class='ocr_line' id='line_1_35' title="bbox 2148 1779 3766 1867; baseline 0.005 -31"><span class='ocrx_word' id='word_1_231' title='bbox 2148 1780 2222 1862; x_wconf 74' lang='grc' dir='ltr'>ὖχ</span> <span class='ocrx_word' id='word_1_232' title='bbox 2263 1779 2666 1859; x_wconf 70' lang='grc' dir='ltr'><strong>ὑποϐάλλομεν,</strong></span> <span class='ocrx_word' id='word_1_233' title='bbox 2713 1786 2787 1849; x_wconf 82' lang='grc' dir='ltr'>ὡς</span> <span class='ocrx_word' id='word_1_234' title='bbox 2844 1783 2941 1853; x_wconf 75' lang='grc' dir='ltr'><strong>τῆς</strong></span> <span class='ocrx_word' id='word_1_235' title='bbox 3001 1785 3285 1860; x_wconf 74' lang='grc' dir='ltr'><strong>ἀνειμένης</strong></span> <span class='ocrx_word' id='word_1_236' title='bbox 3345 1789 3594 1866; x_wconf 74' lang='grc' dir='ltr'>πορνείας</span> <span class='ocrx_word' id='word_1_237' title='bbox 3623 1791 3766 1867; x_wconf 72' lang='grc' dir='ltr'><strong>αἱρε-</strong></span> 
     </span>
    </p>
   </div>
   <div class='ocr_carea' id='block_1_36' title="bbox 390 1874 1243 1954">
    <p class='ocr_par' dir='ltr' id='par_1_36' title="bbox 390 1874 1243 1954">
     <span class='ocr_line' id='line_1_36' title="bbox 390 1874 1243 1954; baseline 0.004 -20"><span class='ocrx_word' id='word_1_238' title='bbox 390 1874 693 1936; x_wconf 89' lang='lat' dir='ltr'><strong>nicatione</strong></span> <span class='ocrx_word' id='word_1_239' title='bbox 727 1874 911 1954; x_wconf 87' lang='lat' dir='ltr'><strong>magis</strong></span> <span class='ocrx_word' id='word_1_240' title='bbox 941 1874 1243 1953; x_wconf 88' lang='lat' dir='ltr'><strong>eligenda.</strong></span> 
     </span>
    </p>
   </div>
   <div class='ocr_carea' id='block_1_37' title="bbox 472 1962 2032 2048">
    <p class='ocr_par' dir='ltr' id='par_1_37' title="bbox 472 1962 2032 2048">
     <span class='ocr_line' id='line_1_37' title="bbox 472 1962 2032 2048; baseline 0.003 -22"><span class='ocrx_word' id='word_1_241' title='bbox 472 1964 575 2027; x_wconf 82' lang='lat'><strong>53.</strong></span> <span class='ocrx_word' id='word_1_242' title='bbox 609 1962 801 2028; x_wconf 84' lang='lat' dir='ltr'><strong>Vidua</strong></span> <span class='ocrx_word' id='word_1_243' title='bbox 857 1964 1077 2027; x_wconf 87' lang='lat' dir='ltr'><strong>ancilla</strong></span> <span class='ocrx_word' id='word_1_244' title='bbox 1123 1965 1376 2029; x_wconf 78' lang='lat' dir='ltr'><strong>fortasse</strong></span> <span class='ocrx_word' id='word_1_245' title='bbox 1406 1985 1527 2029; x_wconf 92' lang='lat' dir='ltr'><strong>non</strong></span> <span class='ocrx_word' id='word_1_246' title='bbox 1579 1966 1833 2030; x_wconf 91' lang='lat' dir='ltr'><strong>multum</strong></span> <span class='ocrx_word' id='word_1_247' title='bbox 1866 1966 2032 2048; x_wconf 87' lang='lat' dir='ltr'><strong>lapsa</strong></span> 
     </span>
    </p>
   </div>
   <div class='ocr_carea' id='block_1_38' title="bbox 390 2053 2027 2137">
    <p class='ocr_par' dir='ltr' id='par_1_38' title="bbox 390 2053 2027 2137">
     <span class='ocr_line' id='line_1_38' title="bbox 390 2053 2027 2137; baseline 0.001 -22"><span class='ocrx_word' id='word_1_248' title='bbox 390 2061 651 2134; x_wconf 82' lang='lat' dir='ltr'><strong>est,quae</strong></span> <span class='ocrx_word' id='word_1_249' title='bbox 669 2053 968 2117; x_wconf 87' lang='lat' dir='ltr'><strong>secundas</strong></span> <span class='ocrx_word' id='word_1_250' title='bbox 988 2054 1228 2136; x_wconf 85' lang='lat' dir='ltr'><strong>nuptias</strong></span> <span class='ocrx_word' id='word_1_251' title='bbox 1258 2074 1369 2136; x_wconf 91' lang='lat' dir='ltr'><strong>per</strong></span> <span class='ocrx_word' id='word_1_252' title='bbox 1386 2063 1593 2137; x_wconf 87' lang='lat' dir='ltr'><strong>raptus</strong></span> <span class='ocrx_word' id='word_1_253' title='bbox 1614 2054 1879 2137; x_wconf 84' lang='lat' dir='ltr'><strong>speciem</strong></span> <span class='ocrx_word' id='word_1_254' title='bbox 1902 2055 2027 2118; x_wconf 88' lang='lat' dir='ltr'><strong>ele-</strong></span> 
     </span>
    </p>
   </div>
   <div class='ocr_carea' id='block_1_39' title="bbox 392 2142 2028 2224">
    <p class='ocr_par' dir='ltr' id='par_1_39' title="bbox 392 2142 2028 2224">
     <span class='ocr_line' id='line_1_39' title="bbox 392 2142 2028 2224; baseline 0.001 -19"><span class='ocrx_word' id='word_1_255' title='bbox 392 2142 501 2224; x_wconf 79' lang='lat' dir='ltr'><strong>git.</strong></span> <span class='ocrx_word' id='word_1_256' title='bbox 534 2142 939 2216; x_wconf 83' lang='lat' dir='ltr'><strong>Quamobrem</strong></span> <span class='ocrx_word' id='word_1_257' title='bbox 997 2144 1074 2207; x_wconf 92' lang='lat' dir='ltr'><strong>ob</strong></span> <span class='ocrx_word' id='word_1_258' title='bbox 1132 2144 1191 2207; x_wconf 93' lang='lat' dir='ltr'><strong>id</strong></span> <span class='ocrx_word' id='word_1_259' title='bbox 1223 2145 1559 2208; x_wconf 87' lang='lat' dir='ltr'><strong>incusanda</strong></span> <span class='ocrx_word' id='word_1_260' title='bbox 1587 2164 1706 2209; x_wconf 92' lang='lat' dir='ltr'><strong>non</strong></span> <span class='ocrx_word' id='word_1_261' title='bbox 1742 2155 1855 2208; x_wconf 92' lang='lat' dir='ltr'><strong>est.</strong></span> <span class='ocrx_word' id='word_1_262' title='bbox 1893 2146 2028 2209; x_wconf 90' lang='lat' dir='ltr'><strong>Non</strong></span> 
     </span>
    </p>
   </div>
   <div class='ocr_carea' id='block_1_40' title="bbox 391 2233 2030 2317">
    <p class='ocr_par' dir='ltr' id='par_1_40' title="bbox 391 2233 2030 2317">
     <span class='ocr_line' id='line_1_40' title="bbox 391 2233 2030 2317; baseline 0.001 -21"><span class='ocrx_word' id='word_1_263' title='bbox 391 2233 553 2296; x_wconf 88' lang='lat' dir='ltr'><strong>enim</strong></span> <span class='ocrx_word' id='word_1_264' title='bbox 581 2241 909 2315; x_wconf 67' lang='lat' dir='ltr'><strong>praetextus</strong></span> <span class='ocrx_word' id='word_1_265' title='bbox 923 2235 1415 2317; x_wconf 86' lang='lat' dir='ltr'><strong>judicantur,sed</strong></span> <span class='ocrx_word' id='word_1_266' title='bbox 1440 2235 1905 2301; x_wconf 79' lang='lat' dir='ltr'><strong>voluntalelam</strong></span> <span class='ocrx_word' id='word_1_267' title='bbox 1930 2254 2030 2298; x_wconf 85' lang='lat' dir='ltr'><strong>au-</strong></span> 
     </span>
    </p>
   </div>
   <div class='ocr_carea' id='block_1_41' title="bbox 387 2326 1946 2407">
    <p class='ocr_par' dir='ltr' id='par_1_41' title="bbox 387 2326 1946 2407">
     <span class='ocr_line' id='line_1_41' title="bbox 387 2326 1946 2407; baseline 0.001 -22"><span class='ocrx_word' id='word_1_268' title='bbox 387 2332 529 2400; x_wconf 90' lang='lat' dir='ltr'><strong>tem,</strong></span> <span class='ocrx_word' id='word_1_269' title='bbox 567 2332 632 2386; x_wconf 92' lang='lat' dir='ltr'><strong>ut</strong></span> <span class='ocrx_word' id='word_1_270' title='bbox 659 2330 1042 2407; x_wconf 87' lang='lat' dir='ltr'><strong>perspicuum</strong></span> <span class='ocrx_word' id='word_1_271' title='bbox 1078 2337 1188 2399; x_wconf 86' lang='lat' dir='ltr'><strong>est,</strong></span> <span class='ocrx_word' id='word_1_272' title='bbox 1219 2337 1422 2389; x_wconf 89' lang='lat' dir='ltr'><strong>manet</strong></span> <span class='ocrx_word' id='word_1_273' title='bbox 1451 2326 1726 2406; x_wconf 71' lang='lat' dir='ltr'><strong>digamize</strong></span> <span class='ocrx_word' id='word_1_274' title='bbox 1748 2343 1946 2406; x_wconf 59' lang='lat' dir='ltr'><strong>paena,</strong></span> 
     </span>
    </p>
   </div>
   <div class='ocr_carea' id='block_1_42' title="bbox 466 2413 2031 2499">
    <p class='ocr_par' dir='ltr' id='par_1_42' title="bbox 466 2413 2031 2499">
     <span class='ocr_line' id='line_1_42' title="bbox 466 2413 2031 2499; baseline 0.002 -23"><span class='ocrx_word' id='word_1_275' title='bbox 466 2415 566 2477; x_wconf 87' lang='lat'><strong>67.</strong></span> <span class='ocrx_word' id='word_1_276' title='bbox 602 2413 747 2478; x_wconf 88' lang='lat' dir='ltr'><strong>Cum</strong></span> <span class='ocrx_word' id='word_1_277' title='bbox 809 2434 1020 2479; x_wconf 89' lang='lat' dir='ltr'><strong>sorore</strong></span> <span class='ocrx_word' id='word_1_278' title='bbox 1077 2417 1296 2494; x_wconf 83' lang='lat' dir='ltr'><strong>coitus,</strong></span> <span class='ocrx_word' id='word_1_279' title='bbox 1350 2417 1671 2480; x_wconf 75' lang='lat' dir='ltr'><strong>homicidae</strong></span> <span class='ocrx_word' id='word_1_280' title='bbox 1700 2425 1936 2499; x_wconf 87' lang='lat' dir='ltr'><strong>tempus</strong></span> <span class='ocrx_word' id='word_1_281' title='bbox 1966 2416 2031 2479; x_wconf 91' lang='lat' dir='ltr'><strong>in</strong></span> 
     </span>
    </p>
   </div>
   <div class='ocr_carea' id='block_1_43' title="bbox 384 2504 1059 2587">
    <p class='ocr_par' dir='ltr' id='par_1_43' title="bbox 384 2504 1059 2587">
     <span class='ocr_line' id='line_1_43' title="bbox 384 2504 1059 2587; baseline 0 -20"><span class='ocrx_word' id='word_1_282' title='bbox 384 2504 742 2586; x_wconf 60' lang='lat' dir='ltr'><strong>paenitentia</strong></span> <span class='ocrx_word' id='word_1_283' title='bbox 773 2505 1059 2587; x_wconf 88' lang='lat' dir='ltr'><strong>explebit.</strong></span> 
     </span>
    </p>
   </div>
   <div class='ocr_carea' id='block_1_44' title="bbox 465 2593 2025 2678">
    <p class='ocr_par' dir='ltr' id='par_1_44' title="bbox 465 2593 2025 2678">
     <span class='ocr_line' id='line_1_44' title="bbox 465 2593 2025 2678; baseline 0.003 -23"><span class='ocrx_word' id='word_1_284' title='bbox 465 2593 565 2655; x_wconf 90' lang='lat'><strong>68.</strong></span> <span class='ocrx_word' id='word_1_285' title='bbox 603 2594 992 2673; x_wconf 82' lang='lat' dir='ltr'><strong>Cognationis</strong></span> <span class='ocrx_word' id='word_1_286' title='bbox 1044 2594 1107 2657; x_wconf 91' lang='lat' dir='ltr'><strong>in</strong></span> <span class='ocrx_word' id='word_1_287' title='bbox 1139 2595 1417 2659; x_wconf 86' lang='lat' dir='ltr'><strong>humanis</strong></span> <span class='ocrx_word' id='word_1_288' title='bbox 1449 2596 1677 2677; x_wconf 88' lang='lat' dir='ltr'><strong>nuptiis</strong></span> <span class='ocrx_word' id='word_1_289' title='bbox 1706 2597 2025 2678; x_wconf 63' lang='lat' dir='ltr'><strong>prohibita</strong></span> 
     </span>
    </p>
   </div>
   <div class='ocr_carea' id='block_1_45' title="bbox 382 2683 2021 2767">
    <p class='ocr_par' dir='ltr' id='par_1_45' title="bbox 382 2683 2021 2767">
     <span class='ocr_line' id='line_1_45' title="bbox 382 2683 2021 2767; baseline 0.001 -20"><span class='ocrx_word' id='word_1_290' title='bbox 382 2683 757 2764; x_wconf 88' lang='lat' dir='ltr'><strong>conjunctio,</strong></span> <span class='ocrx_word' id='word_1_291' title='bbox 793 2685 841 2745; x_wconf 89' lang='lat' dir='ltr'><strong>si</strong></span> <span class='ocrx_word' id='word_1_292' title='bbox 873 2684 935 2746; x_wconf 91' lang='lat' dir='ltr'><strong>in</strong></span> <span class='ocrx_word' id='word_1_293' title='bbox 985 2686 1250 2766; x_wconf 85' lang='lat' dir='ltr'><strong>peccatis</strong></span> <span class='ocrx_word' id='word_1_294' title='bbox 1299 2685 1815 2767; x_wconf 89' lang='lat' dir='ltr'><strong>deprehendatur,</strong></span> <span class='ocrx_word' id='word_1_295' title='bbox 1845 2687 2021 2750; x_wconf 90' lang='lat' dir='ltr'><strong>adul-</strong></span> 
     </span>
    </p>
   </div>
   <div class='ocr_carea' id='block_1_46' title="bbox 386 2773 1159 2856">
    <p class='ocr_par' dir='ltr' id='par_1_46' title="bbox 386 2773 1159 2856">
     <span class='ocr_line' id='line_1_46' title="bbox 386 2773 1159 2856; baseline -0.005 -18"><span class='ocrx_word' id='word_1_296' title='bbox 386 2784 651 2838; x_wconf 89' lang='lat' dir='ltr'><strong>terorum</strong></span> <span class='ocrx_word' id='word_1_297' title='bbox 680 2792 889 2856; x_wconf 68' lang='lat' dir='ltr'><strong>poenas</strong></span> <span class='ocrx_word' id='word_1_298' title='bbox 918 2773 1159 2837; x_wconf 86' lang='lat' dir='ltr'><strong>subibit.</strong></span> 
     </span>
    </p>
   </div>
   <div class='ocr_carea' id='block_1_47' title="bbox 463 2861 2023 2944">
    <p class='ocr_par' dir='ltr' id='par_1_47' title="bbox 463 2861 2023 2944">
     <span class='ocr_line' id='line_1_47' title="bbox 463 2861 2023 2944; baseline 0.005 -19"><span class='ocrx_word' id='word_1_299' title='bbox 463 2864 604 2926; x_wconf 72' lang='lat'><strong>412</strong></span> <span class='ocrx_word' id='word_1_300' title='bbox 633 2864 736 2926; x_wconf 82' lang='lat'><strong>75.</strong></span> <span class='ocrx_word' id='word_1_301' title='bbox 771 2861 887 2936; x_wconf 88' lang='lat' dir='ltr'><strong>Qui</strong></span> <span class='ocrx_word' id='word_1_302' title='bbox 913 2881 1049 2927; x_wconf 90' lang='lat' dir='ltr'><strong>cum</strong></span> <span class='ocrx_word' id='word_1_303' title='bbox 1103 2882 1211 2926; x_wconf 85' lang='lat' dir='ltr'><strong>sua</strong></span> <span class='ocrx_word' id='word_1_304' title='bbox 1270 2881 1339 2926; x_wconf 82' lang='lat' dir='ltr'><strong>ex</strong></span> <span class='ocrx_word' id='word_1_305' title='bbox 1389 2873 1559 2944; x_wconf 89' lang='lat' dir='ltr'><strong>patre</strong></span> <span class='ocrx_word' id='word_1_306' title='bbox 1605 2865 1697 2929; x_wconf 88' lang='lat' dir='ltr'><strong>vel</strong></span> <span class='ocrx_word' id='word_1_307' title='bbox 1730 2884 1802 2929; x_wconf 81' lang='lat' dir='ltr'><strong>ex</strong></span> <span class='ocrx_word' id='word_1_308' title='bbox 1834 2876 2023 2933; x_wconf 89' lang='lat' dir='ltr'><strong>matre</strong></span> 
     </span>
    </p>
   </div>
   <div class='ocr_carea' id='block_1_48' title="bbox 385 2953 1658 3035">
    <p class='ocr_par' dir='ltr' id='par_1_48' title="bbox 385 2953 1658 3035">
     <span class='ocr_line' id='line_1_48' title="bbox 385 2953 1658 3035; baseline -0.002 -15"><span class='ocrx_word' id='word_1_309' title='bbox 385 2973 597 3020; x_wconf 88' lang='lat' dir='ltr'><strong>sorore</strong></span> <span class='ocrx_word' id='word_1_310' title='bbox 630 2953 894 3035; x_wconf 91' lang='lat' dir='ltr'><strong>pollutus</strong></span> <span class='ocrx_word' id='word_1_311' title='bbox 927 2961 1039 3030; x_wconf 90' lang='lat' dir='ltr'><strong>est,</strong></span> <span class='ocrx_word' id='word_1_312' title='bbox 1069 2965 1214 3029; x_wconf 89' lang='lat' dir='ltr'><strong>etc.,</strong></span> <span class='ocrx_word' id='word_1_313' title='bbox 1247 2960 1317 3017; x_wconf 84' lang='lat' dir='ltr'><strong>ut</strong></span> <span class='ocrx_word' id='word_1_314' title='bbox 1338 2971 1479 3035; x_wconf 84' lang='lat' dir='ltr'><strong>pag.</strong></span> <span class='ocrx_word' id='word_1_315' title='bbox 1516 2954 1658 3019; x_wconf 86' lang='lat'><strong>806.</strong></span> 
     </span>
    </p>
   </div>
   <div class='ocr_carea' id='block_1_49' title="bbox 464 3042 2024 3126">
    <p class='ocr_par' dir='ltr' id='par_1_49' title="bbox 464 3042 2024 3126">
     <span class='ocr_line' id='line_1_49' title="bbox 464 3042 2024 3126; baseline 0.001 -16"><span class='ocrx_word' id='word_1_316' title='bbox 464 3046 563 3109; x_wconf 79' lang='grc'><strong>⁸76.</strong></span> <span class='ocrx_word' id='word_1_317' title='bbox 596 3043 825 3107; x_wconf 81' lang='lat' dir='ltr'><strong>Eadem</strong></span> <span class='ocrx_word' id='word_1_318' title='bbox 858 3052 949 3106; x_wconf 93' lang='lat' dir='ltr'><strong>est</strong></span> <span class='ocrx_word' id='word_1_319' title='bbox 970 3043 1122 3106; x_wconf 87' lang='lat' dir='ltr'><strong>ratio</strong></span> <span class='ocrx_word' id='word_1_320' title='bbox 1153 3042 1230 3107; x_wconf 88' lang='lat' dir='ltr'><strong>de</strong></span> <span class='ocrx_word' id='word_1_321' title='bbox 1250 3043 1322 3106; x_wconf 91' lang='lat' dir='ltr'><strong>iis</strong></span> <span class='ocrx_word' id='word_1_322' title='bbox 1352 3058 1596 3126; x_wconf 88' lang='lat' dir='ltr'><strong>quoque</strong></span> <span class='ocrx_word' id='word_1_323' title='bbox 1624 3047 1725 3126; x_wconf 87' lang='lat' dir='ltr'><strong>qui</strong></span> <span class='ocrx_word' id='word_1_324' title='bbox 1752 3064 1891 3110; x_wconf 87' lang='lat' dir='ltr'><strong>suas</strong></span> <span class='ocrx_word' id='word_1_325' title='bbox 1915 3067 2024 3112; x_wconf 90' lang='lat' dir='ltr'><strong>nu-</strong></span> 
     </span>
    </p>
   </div>
   <div class='ocr_carea' id='block_1_50' title="bbox 378 3134 841 3215">
    <p class='ocr_par' dir='ltr' id='par_1_50' title="bbox 378 3134 841 3215">
     <span class='ocr_line' id='line_1_50' title="bbox 378 3134 841 3215; baseline -0.006 -16"><span class='ocrx_word' id='word_1_326' title='bbox 378 3154 483 3199; x_wconf 90' lang='lat' dir='ltr'><strong>rus</strong></span> <span class='ocrx_word' id='word_1_327' title='bbox 513 3134 841 3215; x_wconf 89' lang='lat' dir='ltr'><strong>accipiunt.</strong></span> 
     </span>
    </p>
   </div>
   <div class='ocr_carea' id='block_1_51' title="bbox 460 3222 2022 3293">
    <p class='ocr_par' dir='ltr' id='par_1_51' title="bbox 460 3222 2022 3293">
     <span class='ocr_line' id='line_1_51' title="bbox 460 3222 2022 3293; baseline 0.003 -6"><span class='ocrx_word' id='word_1_328' title='bbox 460 3224 565 3289; x_wconf 84' lang='lat'><strong>78.</strong></span> <span class='ocrx_word' id='word_1_329' title='bbox 598 3222 821 3287; x_wconf 86' lang='lat' dir='ltr'><strong>Eadem</strong></span> <span class='ocrx_word' id='word_1_330' title='bbox 853 3230 1053 3286; x_wconf 88' lang='lat' dir='ltr'><strong>autem</strong></span> <span class='ocrx_word' id='word_1_331' title='bbox 1083 3224 1275 3289; x_wconf 84' lang='lat' dir='ltr'><strong>forma</strong></span> <span class='ocrx_word' id='word_1_332' title='bbox 1320 3224 1675 3289; x_wconf 80' lang='lat' dir='ltr'><strong>observetur</strong></span> <span class='ocrx_word' id='word_1_333' title='bbox 1715 3235 1774 3290; x_wconf 91' lang='lat' dir='ltr'><strong>et</strong></span> <span class='ocrx_word' id='word_1_334' title='bbox 1806 3227 1867 3291; x_wconf 88' lang='lat' dir='ltr'><strong>in</strong></span> <span class='ocrx_word' id='word_1_335' title='bbox 1918 3246 2022 3293; x_wconf 88' lang='lat' dir='ltr'><strong>eos</strong></span> 
     </span>
    </p>
   </div>
   <div class='ocr_carea' id='block_1_52' title="bbox 384 3315 2024 3396">
    <p class='ocr_par' dir='ltr' id='par_1_52' title="bbox 384 3315 2024 3396">
     <span class='ocr_line' id='line_1_52' title="bbox 384 3315 2024 3396; baseline 0.002 -20"><span class='ocrx_word' id='word_1_336' title='bbox 384 3316 487 3396; x_wconf 88' lang='lat' dir='ltr'><strong>qui</strong></span> <span class='ocrx_word' id='word_1_337' title='bbox 519 3331 762 3376; x_wconf 88' lang='lat' dir='ltr'><strong>sorores</strong></span> <span class='ocrx_word' id='word_1_338' title='bbox 795 3315 944 3377; x_wconf 87' lang='lat' dir='ltr'><strong>duas</strong></span> <span class='ocrx_word' id='word_1_339' title='bbox 995 3315 1059 3377; x_wconf 89' lang='lat' dir='ltr'><strong>in</strong></span> <span class='ocrx_word' id='word_1_340' title='bbox 1112 3316 1563 3379; x_wconf 88' lang='lat' dir='ltr'><strong>matrimonium</strong></span> <span class='ocrx_word' id='word_1_341' title='bbox 1623 3316 1873 3394; x_wconf 88' lang='lat' dir='ltr'><strong>ducunt,</strong></span> <span class='ocrx_word' id='word_1_342' title='bbox 1905 3318 2024 3381; x_wconf 87' lang='lat' dir='ltr'><strong>etsi</strong></span> 
     </span>
    </p>
   </div>
   <div class='ocr_carea' id='block_1_53' title="bbox 378 3404 1060 3486">
    <p class='ocr_par' dir='ltr' id='par_1_53' title="bbox 378 3404 1060 3486">
     <span class='ocr_line' id='line_1_53' title="bbox 378 3404 1060 3486; baseline -0.001 -18"><span class='ocrx_word' id='word_1_343' title='bbox 378 3404 636 3468; x_wconf 86' lang='lat' dir='ltr'><strong>diversis</strong></span> <span class='ocrx_word' id='word_1_344' title='bbox 667 3404 1060 3486; x_wconf 86' lang='lat' dir='ltr'><strong>temporibus.</strong></span> 
     </span>
    </p>
   </div>
   <div class='ocr_carea' id='block_1_54' title="bbox 464 3494 2022 3574">
    <p class='ocr_par' dir='ltr' id='par_1_54' title="bbox 464 3494 2022 3574">
     <span class='ocr_line' id='line_1_54' title="bbox 464 3494 2022 3574; baseline -0.001 -12"><span class='ocrx_word' id='word_1_345' title='bbox 464 3495 565 3562; x_wconf 87' lang='lat'><strong>79.</strong></span> <span class='ocrx_word' id='word_1_346' title='bbox 598 3494 715 3569; x_wconf 86' lang='lat' dir='ltr'><strong>Qui</strong></span> <span class='ocrx_word' id='word_1_347' title='bbox 744 3503 940 3557; x_wconf 84' lang='lat' dir='ltr'><strong>autem</strong></span> <span class='ocrx_word' id='word_1_348' title='bbox 976 3494 1037 3556; x_wconf 91' lang='lat' dir='ltr'><strong>in</strong></span> <span class='ocrx_word' id='word_1_349' title='bbox 1066 3513 1207 3558; x_wconf 86' lang='lat' dir='ltr'><strong>suas</strong></span> <span class='ocrx_word' id='word_1_350' title='bbox 1231 3513 1518 3560; x_wconf 85' lang='lat' dir='ltr'><strong>novercas</strong></span> <span class='ocrx_word' id='word_1_351' title='bbox 1547 3495 2022 3574; x_wconf 90' lang='lat' dir='ltr'><strong>insaniunt,sunt</strong></span> 
     </span>
    </p>
   </div>
   <div class='ocr_carea' id='block_1_55' title="bbox 378 3584 2017 3669">
    <p class='ocr_par' dir='ltr' id='par_1_55' title="bbox 378 3584 2017 3669">
     <span class='ocr_line' id='line_1_55' title="bbox 378 3584 2017 3669; baseline 0.001 -20"><span class='ocrx_word' id='word_1_352' title='bbox 378 3585 577 3649; x_wconf 82' lang='lat' dir='ltr'><strong>eidem</strong></span> <span class='ocrx_word' id='word_1_353' title='bbox 610 3591 828 3648; x_wconf 81' lang='lat' dir='ltr'><strong>canent</strong></span> <span class='ocrx_word' id='word_1_354' title='bbox 856 3584 1124 3664; x_wconf 80' lang='lat' dir='ltr'><strong>obnoxii,</strong></span> <span class='ocrx_word' id='word_1_355' title='bbox 1157 3586 1251 3648; x_wconf 89' lang='lat' dir='ltr'><strong>cui</strong></span> <span class='ocrx_word' id='word_1_356' title='bbox 1282 3595 1340 3650; x_wconf 89' lang='lat' dir='ltr'><strong>et</strong></span> <span class='ocrx_word' id='word_1_357' title='bbox 1370 3585 1437 3666; x_wconf 88' lang='lat' dir='ltr'><strong>ii,</strong></span> <span class='ocrx_word' id='word_1_358' title='bbox 1470 3586 1574 3669; x_wconf 90' lang='lat' dir='ltr'><strong>qui</strong></span> <span class='ocrx_word' id='word_1_359' title='bbox 1617 3586 1929 3652; x_wconf 84' lang='lat' dir='ltr'><strong>insaniunt</strong></span> <span class='ocrx_word' id='word_1_360' title='bbox 1955 3587 2017 3650; x_wconf 90' lang='lat' dir='ltr'><strong>in</strong></span> 
     </span>
    </p>
   </div>
   <div class='ocr_carea' id='block_1_56' title="bbox 371 3696 808 3743">
    <p class='ocr_par' dir='ltr' id='par_1_56' title="bbox 371 3696 808 3743">
     <span class='ocr_line' id='line_1_56' title="bbox 371 3696 808 3743; baseline 0.005 -3"><span class='ocrx_word' id='word_1_361' title='bbox 371 3696 527 3742; x_wconf 59' lang='lat' dir='ltr'><strong>suas-</strong></span> <span class='ocrx_word' id='word_1_362' title='bbox 541 3696 808 3743; x_wconf 71' lang='lat'><strong>801&#39;01‘68.</strong></span> 
     </span>
    </p>
   </div>
   <div class='ocr_carea' id='block_1_57' title="bbox 453 3767 2012 3853">
    <p class='ocr_par' dir='ltr' id='par_1_57' title="bbox 453 3767 2012 3853">
     <span class='ocr_line' id='line_1_57' title="bbox 453 3767 2012 3853; baseline 0.001 -18"><span class='ocrx_word' id='word_1_363' title='bbox 453 3770 555 3835; x_wconf 89' lang='lat'><strong>80.</strong></span> <span class='ocrx_word' id='word_1_364' title='bbox 588 3768 990 3851; x_wconf 78' lang='lat' dir='ltr'><strong>Polygamiam</strong></span> <span class='ocrx_word' id='word_1_365' title='bbox 1022 3767 1228 3833; x_wconf 87' lang='lat' dir='ltr'><strong>Patres</strong></span> <span class='ocrx_word' id='word_1_366' title='bbox 1256 3768 1499 3834; x_wconf 85' lang='lat' dir='ltr'><strong>silentio</strong></span> <span class='ocrx_word' id='word_1_367' title='bbox 1542 3770 2012 3853; x_wconf 73' lang='lat' dir='ltr'><strong>praetermisere,</strong></span> 
     </span>
    </p>
   </div>
   <div class='ocr_carea' id='block_1_58' title="bbox 370 3859 2017 3941">
    <p class='ocr_par' dir='ltr' id='par_1_58' title="bbox 370 3859 2017 3941">
     <span class='ocr_line' id='line_1_58' title="bbox 370 3859 2017 3941; baseline 0.001 -18"><span class='ocrx_word' id='word_1_368' title='bbox 370 3868 435 3923; x_wconf 89' lang='lat' dir='ltr'><strong>ut</strong></span> <span class='ocrx_word' id='word_1_369' title='bbox 448 3859 800 3937; x_wconf 86' lang='lat' dir='ltr'><strong>belluinam,</strong></span> <span class='ocrx_word' id='word_1_370' title='bbox 813 3877 1178 3941; x_wconf 90' lang='lat' dir='ltr'><strong>prorsusque</strong></span> <span class='ocrx_word' id='word_1_371' title='bbox 1194 3859 1271 3922; x_wconf 87' lang='lat' dir='ltr'><strong>ab</strong></span> <span class='ocrx_word' id='word_1_372' title='bbox 1288 3860 1602 3923; x_wconf 89' lang='lat' dir='ltr'><strong>hominum</strong></span> <span class='ocrx_word' id='word_1_373' title='bbox 1625 3879 1853 3941; x_wconf 82' lang='lat' dir='ltr'><strong>genere</strong></span> <span class='ocrx_word' id='word_1_374' title='bbox 1872 3862 2017 3925; x_wconf 91' lang='lat' dir='ltr'><strong>alie-</strong></span> 
     </span>
    </p>
   </div>
   <div class='ocr_carea' id='block_1_59' title="bbox 370 3949 2011 4031">
    <p class='ocr_par' dir='ltr' id='par_1_59' title="bbox 370 3949 2011 4031">
     <span class='ocr_line' id='line_1_59' title="bbox 370 3949 2011 4031; baseline 0.001 -17"><span class='ocrx_word' id='word_1_375' title='bbox 370 3969 534 4014; x_wconf 90' lang='lat' dir='ltr'><strong>nam.</strong></span> <span class='ocrx_word' id='word_1_376' title='bbox 569 3949 653 4013; x_wconf 89' lang='lat' dir='ltr'><strong>Ea</strong></span> <span class='ocrx_word' id='word_1_377' title='bbox 682 3959 881 4013; x_wconf 90' lang='lat' dir='ltr'><strong>autem</strong></span> <span class='ocrx_word' id='word_1_378' title='bbox 916 3949 1091 4012; x_wconf 88' lang='lat' dir='ltr'><strong>nobis</strong></span> <span class='ocrx_word' id='word_1_379' title='bbox 1119 3949 1356 4013; x_wconf 89' lang='lat' dir='ltr'><strong>videtur</strong></span> <span class='ocrx_word' id='word_1_380' title='bbox 1386 3958 1695 4031; x_wconf 88' lang='lat' dir='ltr'><strong>peccatum</strong></span> <span class='ocrx_word' id='word_1_381' title='bbox 1726 3968 1861 4015; x_wconf 90' lang='lat' dir='ltr'><strong>esse</strong></span> <span class='ocrx_word' id='word_1_382' title='bbox 1882 3952 2011 4015; x_wconf 89' lang='lat' dir='ltr'><strong>for-</strong></span> 
     </span>
    </p>
   </div>
   <div class='ocr_carea' id='block_1_60' title="bbox 369 4039 2008 4122">
    <p class='ocr_par' dir='ltr' id='par_1_60' title="bbox 369 4039 2008 4122">
     <span class='ocr_line' id='line_1_60' title="bbox 369 4039 2008 4122; baseline 0.001 -18"><span class='ocrx_word' id='word_1_383' title='bbox 369 4041 673 4104; x_wconf 89' lang='lat' dir='ltr'><strong>nicatione</strong></span> <span class='ocrx_word' id='word_1_384' title='bbox 724 4041 941 4121; x_wconf 87' lang='lat' dir='ltr'><strong>majus.</strong></span> <span class='ocrx_word' id='word_1_385' title='bbox 999 4039 1378 4122; x_wconf 90' lang='lat' dir='ltr'><strong>Quapropter</strong></span> <span class='ocrx_word' id='word_1_386' title='bbox 1407 4048 1879 4103; x_wconf 89' lang='lat' dir='ltr'><strong>consentaneum</strong></span> <span class='ocrx_word' id='word_1_387' title='bbox 1914 4053 2008 4106; x_wconf 83' lang='lat' dir='ltr'><strong>est</strong></span> 
     </span>
    </p>
   </div>
   <div class='ocr_carea' id='block_1_61' title="bbox 366 4128 2008 4212">
    <p class='ocr_par' dir='ltr' id='par_1_61' title="bbox 366 4128 2008 4212">
     <span class='ocr_line' id='line_1_61' title="bbox 366 4128 2008 4212; baseline 0.002 -19"><span class='ocrx_word' id='word_1_388' title='bbox 366 4149 468 4193; x_wconf 89' lang='lat' dir='ltr'><strong>eos</strong></span> <span class='ocrx_word' id='word_1_389' title='bbox 499 4129 719 4212; x_wconf 89' lang='lat' dir='ltr'><strong>subjici</strong></span> <span class='ocrx_word' id='word_1_390' title='bbox 747 4128 1103 4205; x_wconf 88' lang='lat' dir='ltr'><strong>canonibus,</strong></span> <span class='ocrx_word' id='word_1_391' title='bbox 1137 4138 1201 4191; x_wconf 90' lang='lat' dir='ltr'><strong>ut</strong></span> <span class='ocrx_word' id='word_1_392' title='bbox 1228 4128 1462 4194; x_wconf 91' lang='lat' dir='ltr'><strong>scilicet</strong></span> <span class='ocrx_word' id='word_1_393' title='bbox 1505 4136 1816 4210; x_wconf 73' lang='lat' dir='ltr'><strong>postquam</strong></span> <span class='ocrx_word' id='word_1_394' title='bbox 1848 4150 2008 4197; x_wconf 88' lang='lat' dir='ltr'><strong>anno</strong></span> 
     </span>
    </p>
   </div>
   <div class='ocr_carea' id='block_1_62' title="bbox 366 4218 2005 4299">
    <p class='ocr_par' dir='ltr' id='par_1_62' title="bbox 366 4218 2005 4299">
     <span class='ocr_line' id='line_1_62' title="bbox 366 4218 2005 4299; baseline 0.002 -16"><span class='ocrx_word' id='word_1_395' title='bbox 366 4220 666 4299; x_wconf 86' lang='lat' dir='ltr'><strong>ﬂeverint,</strong></span> <span class='ocrx_word' id='word_1_396' title='bbox 703 4228 762 4284; x_wconf 92' lang='lat' dir='ltr'><strong>et</strong></span> <span class='ocrx_word' id='word_1_397' title='bbox 821 4219 1016 4281; x_wconf 90' lang='lat' dir='ltr'><strong>tribus</strong></span> <span class='ocrx_word' id='word_1_398' title='bbox 1074 4218 1357 4283; x_wconf 88' lang='lat' dir='ltr'><strong>substrati</strong></span> <span class='ocrx_word' id='word_1_399' title='bbox 1410 4218 1652 4297; x_wconf 86' lang='lat' dir='ltr'><strong>fuerint,</strong></span> <span class='ocrx_word' id='word_1_400' title='bbox 1687 4218 1776 4282; x_wconf 89' lang='lat' dir='ltr'><strong>sic</strong></span> <span class='ocrx_word' id='word_1_401' title='bbox 1804 4225 2005 4287; x_wconf 84' lang='lat' dir='ltr'><strong>susci-</strong></span> 
     </span>
    </p>
   </div>
   <div class='ocr_carea' id='block_1_63' title="bbox 361 4314 623 4394">
    <p class='ocr_par' dir='ltr' id='par_1_63' title="bbox 361 4314 623 4394">
     <span class='ocr_line' id='line_1_63' title="bbox 361 4314 623 4394; baseline 0.008 -20"><span class='ocrx_word' id='word_1_402' title='bbox 361 4314 623 4394; x_wconf 87' lang='lat' dir='ltr'><strong>piantur.</strong></span> 
     </span>
    </p>
   </div>
   <div class='ocr_carea' id='block_1_64' title="bbox 2114 1872 2344 1951">
    <p class='ocr_par' dir='ltr' id='par_1_64' title="bbox 2114 1872 2344 1951">
     <span class='ocr_line' id='line_1_64' title="bbox 2114 1872 2344 1951; baseline 0 -22"><span class='ocrx_word' id='word_1_403' title='bbox 2114 1872 2344 1951; x_wconf 84' lang='grc' dir='ltr'><strong>τώτερα,</strong></span> 
     </span>
    </p>
   </div>
   <div class='ocr_carea' id='block_1_65' title="bbox 2194 1952 3762 2046">
    <p class='ocr_par' dir='ltr' id='par_1_65' title="bbox 2194 1952 3762 2046">
     <span class='ocr_line' id='line_1_65' title="bbox 2194 1952 3762 2046; baseline 0.006 -30"><span class='ocrx_word' id='word_1_404' title='bbox 2194 1962 2300 2040; x_wconf 87' lang='grc' dir='ltr'><strong>νγ⁹.</strong></span> <span class='ocrx_word' id='word_1_405' title='bbox 2352 1952 2413 2020; x_wconf 61' lang='grc' dir='ltr'><strong>Ἠ</strong></span> <span class='ocrx_word' id='word_1_406' title='bbox 2460 1964 2608 2043; x_wconf 84' lang='grc' dir='ltr'><strong>χήρα</strong></span> <span class='ocrx_word' id='word_1_407' title='bbox 2656 1962 2819 2031; x_wconf 74' lang='grc' dir='ltr'>δούλη</span> <span class='ocrx_word' id='word_1_408' title='bbox 2863 1967 2924 2023; x_wconf 76' lang='grc' dir='ltr'><strong>οὗ</strong></span> <span class='ocrx_word' id='word_1_409' title='bbox 2963 1964 3106 2043; x_wconf 83' lang='grc' dir='ltr'>μέγα</span> <span class='ocrx_word' id='word_1_410' title='bbox 3137 1988 3186 2022; x_wconf 87' lang='grc' dir='ltr'><strong>τι</strong></span> <span class='ocrx_word' id='word_1_411' title='bbox 3217 1964 3493 2044; x_wconf 76' lang='grc' dir='ltr'><strong>ἔπταισεν,</strong></span> <span class='ocrx_word' id='word_1_412' title='bbox 3526 1968 3762 2046; x_wconf 68' lang='grc' dir='ltr'><strong>ἐὶομένη</strong></span> 
     </span>
    </p>
   </div>
   <div class='ocr_carea' id='block_1_66' title="bbox 2111 2049 3763 2135">
    <p class='ocr_par' dir='ltr' id='par_1_66' title="bbox 2111 2049 3763 2135">
     <span class='ocr_line' id='line_1_66' title="bbox 2111 2049 3763 2135; baseline 0.005 -28"><span class='ocrx_word' id='word_1_413' title='bbox 2111 2049 2354 2131; x_wconf 83' lang='grc' dir='ltr'><strong>δεύτερον</strong></span> <span class='ocrx_word' id='word_1_414' title='bbox 2398 2053 2572 2131; x_wconf 86' lang='grc' dir='ltr'>γάμον</span> <span class='ocrx_word' id='word_1_415' title='bbox 2629 2056 2684 2109; x_wconf 70' lang='grc' dir='ltr'><strong>ὲν</strong></span> <span class='ocrx_word' id='word_1_416' title='bbox 2742 2055 2991 2135; x_wconf 79' lang='grc' dir='ltr'><strong>σχήματι</strong></span> <span class='ocrx_word' id='word_1_417' title='bbox 3051 2055 3298 2134; x_wconf 73' lang='grc' dir='ltr'><strong>ἁρπαγῆς</strong></span> <span class='ocrx_word' id='word_1_418' title='bbox 3336 2077 3352 2090; x_wconf 76' lang='grc' dir='ltr'><strong>ο</strong></span> <span class='ocrx_word' id='word_1_419' title='bbox 3422 2058 3560 2114; x_wconf 82' lang='grc' dir='ltr'><strong>ὥστε</strong></span> <span class='ocrx_word' id='word_1_420' title='bbox 3612 2056 3763 2116; x_wconf 71' lang='grc' dir='ltr'>οὖδὲν</span> 
     </span>
    </p>
   </div>
   <div class='ocr_carea' id='block_1_67' title="bbox 2112 2140 3760 2228">
    <p class='ocr_par' dir='ltr' id='par_1_67' title="bbox 2112 2140 3760 2228">
     <span class='ocr_line' id='line_1_67' title="bbox 2112 2140 3760 2228; baseline 0.004 -30"><span class='ocrx_word' id='word_1_421' title='bbox 2112 2142 2298 2199; x_wconf 80' lang='grc' dir='ltr'><strong>τούτου</strong></span> <span class='ocrx_word' id='word_1_422' title='bbox 2357 2140 2537 2199; x_wconf 74' lang='grc' dir='ltr'><strong>ἕνεκεν</strong></span> <span class='ocrx_word' id='word_1_423' title='bbox 2582 2142 2928 2222; x_wconf 71' lang='grc' dir='ltr'><strong>ἐγκαλεῖσθαι</strong></span> <span class='ocrx_word' id='word_1_424' title='bbox 2960 2146 3071 2225; x_wconf 83' lang='grc' dir='ltr'><strong>χρή</strong></span> <span class='ocrx_word' id='word_1_425' title='bbox 3109 2159 3124 2176; x_wconf 77' lang='grc'><strong><em>⁸</em></strong></span> <span class='ocrx_word' id='word_1_426' title='bbox 3159 2150 3219 2205; x_wconf 79' lang='grc' dir='ltr'><strong>οὗ</strong></span> <span class='ocrx_word' id='word_1_427' title='bbox 3250 2147 3351 2225; x_wconf 75' lang='grc' dir='ltr'><strong>γὰρ</strong></span> <span class='ocrx_word' id='word_1_428' title='bbox 3405 2148 3472 2204; x_wconf 74' lang='grc' dir='ltr'><strong>τὰ</strong></span> <span class='ocrx_word' id='word_1_429' title='bbox 3495 2150 3760 2228; x_wconf 70' lang='grc' dir='ltr'><strong>σγήματα</strong></span> 
     </span>
    </p>
   </div>
   <div class='ocr_carea' id='block_1_68' title="bbox 2114 2231 3761 2313">
    <p class='ocr_par' dir='ltr' id='par_1_68' title="bbox 2114 2231 3761 2313">
     <span class='ocr_line' id='line_1_68' title="bbox 2114 2231 3761 2313; baseline 0.004 -25"><span class='ocrx_word' id='word_1_430' title='bbox 2114 2232 2374 2310; x_wconf 73' lang='grc' dir='ltr'><strong>κρίνεται,</strong></span> <span class='ocrx_word' id='word_1_431' title='bbox 2419 2231 2542 2289; x_wconf 88' lang='grc' dir='ltr'>αλλ’</span> <span class='ocrx_word' id='word_1_432' title='bbox 2584 2235 2620 2303; x_wconf 76' lang='grc' dir='ltr'>ἡ</span> <span class='ocrx_word' id='word_1_433' title='bbox 2652 2236 2955 2313; x_wconf 80' lang='grc' dir='ltr'><strong>προαίρεσις</strong></span> <span class='ocrx_word' id='word_1_434' title='bbox 2991 2250 3003 2263; x_wconf 89' lang='grc'><strong>·</strong></span> <span class='ocrx_word' id='word_1_435' title='bbox 3056 2234 3219 2303; x_wconf 75' lang='grc' dir='ltr'>δῆλον</span> <span class='ocrx_word' id='word_1_436' title='bbox 3250 2235 3304 2293; x_wconf 78' lang='grc' dir='ltr'>δὲ</span> <span class='ocrx_word' id='word_1_437' title='bbox 3336 2235 3420 2294; x_wconf 81' lang='grc' dir='ltr'><strong>ὅτι</strong></span> <span class='ocrx_word' id='word_1_438' title='bbox 3452 2240 3513 2294; x_wconf 84' lang='grc' dir='ltr'>τὸ</span> <span class='ocrx_word' id='word_1_439' title='bbox 3544 2244 3644 2305; x_wconf 78' lang='grc' dir='ltr'><strong>τῆς</strong></span> <span class='ocrx_word' id='word_1_440' title='bbox 3676 2236 3761 2294; x_wconf 74' lang='grc' dir='ltr'><strong>δι-</strong></span> 
     </span>
    </p>
   </div>
   <div class='ocr_carea' id='block_1_69' title="bbox 2113 2321 3036 2401">
    <p class='ocr_par' dir='ltr' id='par_1_69' title="bbox 2113 2321 3036 2401">
     <span class='ocr_line' id='line_1_69' title="bbox 2113 2321 3036 2401; baseline 0.001 -23"><span class='ocrx_word' id='word_1_441' title='bbox 2113 2322 2312 2400; x_wconf 84' lang='grc' dir='ltr'>γαμίας</span> <span class='ocrx_word' id='word_1_442' title='bbox 2346 2321 2525 2396; x_wconf 74' lang='grc' dir='ltr'><strong>μένειν</strong></span> <span class='ocrx_word' id='word_1_443' title='bbox 2557 2324 2723 2393; x_wconf 71' lang='grc' dir='ltr'>αὐτὴν</span> <span class='ocrx_word' id='word_1_444' title='bbox 2745 2322 3036 2401; x_wconf 80' lang='grc' dir='ltr'><strong>ἐπιτίμιον.</strong></span> 
     </span>
    </p>
   </div>
   <div class='ocr_carea' id='block_1_70' title="bbox 2193 2404 3756 2497">
    <p class='ocr_par' dir='ltr' id='par_1_70' title="bbox 2193 2404 3756 2497">
     <span class='ocr_line' id='line_1_70' title="bbox 2193 2404 3756 2497; baseline -0.003 -27"><span class='ocrx_word' id='word_1_445' title='bbox 2193 2411 2292 2483; x_wconf 83' lang='grc' dir='ltr'><strong>ξζ’.</strong></span> <span class='ocrx_word' id='word_1_446' title='bbox 2340 2404 2404 2469; x_wconf 76' lang='grc' dir='ltr'><em>Ἠ</em></span> <span class='ocrx_word' id='word_1_447' title='bbox 2433 2410 2782 2495; x_wconf 68' lang='grc' dir='ltr'>ἀδελφομιξία</span> <span class='ocrx_word' id='word_1_448' title='bbox 2828 2415 2915 2471; x_wconf 81' lang='grc' dir='ltr'><strong>τὸν</strong></span> <span class='ocrx_word' id='word_1_449' title='bbox 2974 2424 3067 2474; x_wconf 78' lang='grc' dir='ltr'><strong>τοῦ</strong></span> <span class='ocrx_word' id='word_1_450' title='bbox 3094 2415 3299 2496; x_wconf 71' lang='grc' dir='ltr'><strong>φονέως</strong></span> <span class='ocrx_word' id='word_1_451' title='bbox 3332 2418 3533 2497; x_wconf 86' lang='grc' dir='ltr'><strong>χρόνον</strong></span> <span class='ocrx_word' id='word_1_452' title='bbox 3563 2417 3756 2496; x_wconf 72' lang='grc' dir='ltr'><strong>ἐξομο-</strong></span> 
     </span>
    </p>
   </div>
   <div class='ocr_carea' id='block_1_71' title="bbox 2110 2498 2424 2580">
    <p class='ocr_par' dir='ltr' id='par_1_71' title="bbox 2110 2498 2424 2580">
     <span class='ocr_line' id='line_1_71' title="bbox 2110 2498 2424 2580; baseline 0.013 -23"><span class='ocrx_word' id='word_1_453' title='bbox 2110 2498 2312 2580; x_wconf 74' lang='grc' dir='ltr'><strong>λογήσε</strong></span> <span class='ocrx_word' id='word_1_454' title='bbox 2321 2526 2400 2561; x_wconf 88' lang='grc' dir='ltr'><strong>ται</strong></span> <span class='ocrx_word' id='word_1_455' title='bbox 2411 2548 2424 2561; x_wconf 95' lang='grc'><strong>.</strong></span> 
     </span>
    </p>
   </div>
   <div class='ocr_carea' id='block_1_72' title="bbox 2186 2592 3753 2676">
    <p class='ocr_par' dir='ltr' id='par_1_72' title="bbox 2186 2592 3753 2676">
     <span class='ocr_line' id='line_1_72' title="bbox 2186 2592 3753 2676; baseline 0.001 -23"><span class='ocrx_word' id='word_1_456' title='bbox 2186 2592 2297 2660; x_wconf 83' lang='grc' dir='ltr'><strong>ξη’.</strong></span> <span class='ocrx_word' id='word_1_457' title='bbox 2329 2596 2395 2650; x_wconf 82' lang='grc' dir='ltr'>Ἡ</span> <span class='ocrx_word' id='word_1_458' title='bbox 2439 2598 2535 2662; x_wconf 79' lang='grc' dir='ltr'><strong>τῆς</strong></span> <span class='ocrx_word' id='word_1_459' title='bbox 2568 2593 2938 2673; x_wconf 72' lang='grc' dir='ltr'><strong>ἀπειρημένης</strong></span> <span class='ocrx_word' id='word_1_460' title='bbox 2972 2597 3280 2676; x_wconf 71' lang='grc' dir='ltr'><strong>συγγενείας</strong></span> <span class='ocrx_word' id='word_1_461' title='bbox 3311 2599 3385 2661; x_wconf 75' lang='grc' dir='ltr'><strong>εἰς</strong></span> <span class='ocrx_word' id='word_1_462' title='bbox 3436 2598 3609 2676; x_wconf 81' lang='grc' dir='ltr'>γάμον</span> <span class='ocrx_word' id='word_1_463' title='bbox 3654 2600 3753 2655; x_wconf 76' lang='grc' dir='ltr'>ἀν-</span> 
     </span>
    </p>
   </div>
   <div class='ocr_carea' id='block_1_73' title="bbox 2104 2683 3756 2767">
    <p class='ocr_par' dir='ltr' id='par_1_73' title="bbox 2104 2683 3756 2767">
     <span class='ocr_line' id='line_1_73' title="bbox 2104 2683 3756 2767; baseline 0.003 -27"><span class='ocrx_word' id='word_1_464' title='bbox 2104 2683 2330 2761; x_wconf 84' lang='grc' dir='ltr'><strong>θρώπων</strong></span> <span class='ocrx_word' id='word_1_465' title='bbox 2373 2687 2650 2760; x_wconf 80' lang='grc' dir='ltr'><strong>σύστασις,</strong></span> <span class='ocrx_word' id='word_1_466' title='bbox 2697 2687 2741 2741; x_wconf 84' lang='grc' dir='ltr'><strong>εἰ</strong></span> <span class='ocrx_word' id='word_1_467' title='bbox 2806 2687 3077 2765; x_wconf 73' lang='grc' dir='ltr'><strong>φωραθείη</strong></span> <span class='ocrx_word' id='word_1_468' title='bbox 3137 2685 3192 2744; x_wconf 69' lang='grc' dir='ltr'><strong>ἐν</strong></span> <span class='ocrx_word' id='word_1_469' title='bbox 3248 2687 3599 2766; x_wconf 73' lang='grc' dir='ltr'><strong>ἁμαρτήμασι</strong></span> <span class='ocrx_word' id='word_1_470' title='bbox 3657 2711 3756 2767; x_wconf 86' lang='grc' dir='ltr'><strong>τε-</strong></span> 
     </span>
    </p>
   </div>
   <div class='ocr_carea' id='block_1_74' title="bbox 2105 2773 3407 2856">
    <p class='ocr_par' dir='ltr' id='par_1_74' title="bbox 2105 2773 3407 2856">
     <span class='ocr_line' id='line_1_74' title="bbox 2105 2773 3407 2856; baseline 0.004 -26"><span class='ocrx_word' id='word_1_471' title='bbox 2105 2773 2406 2856; x_wconf 65' lang='grc' dir='ltr'><strong>γενημὲνη³</strong></span> <span class='ocrx_word' id='word_1_472' title='bbox 2440 2775 2503 2835; x_wconf 80' lang='grc' dir='ltr'>τὰ</span> <span class='ocrx_word' id='word_1_473' title='bbox 2535 2780 2641 2832; x_wconf 88' lang='grc' dir='ltr'><strong>τῶν</strong></span> <span class='ocrx_word' id='word_1_474' title='bbox 2672 2780 2886 2856; x_wconf 82' lang='grc' dir='ltr'>μοιχῶν</span> <span class='ocrx_word' id='word_1_475' title='bbox 2917 2776 3159 2851; x_wconf 80' lang='grc' dir='ltr'><strong>ἐπιτίμια</strong></span> <span class='ocrx_word' id='word_1_476' title='bbox 3183 2775 3407 2844; x_wconf 78' lang='grc' dir='ltr'><strong>δέξεται.</strong></span> 
     </span>
    </p>
   </div>
   <div class='ocr_carea' id='block_1_75' title="bbox 2188 2855 3749 2946">
    <p class='ocr_par' dir='ltr' id='par_1_75' title="bbox 2188 2855 3749 2946">
     <span class='ocr_line' id='line_1_75' title="bbox 2188 2855 3749 2946; baseline 0.002 -27"><span class='ocrx_word' id='word_1_477' title='bbox 2188 2860 2287 2925; x_wconf 72' lang='grc' dir='ltr'><strong>σε’.</strong></span> <span class='ocrx_word' id='word_1_478' title='bbox 2338 2855 2398 2923; x_wconf 67' lang='grc' dir='ltr'>Ὀ</span> <span class='ocrx_word' id='word_1_479' title='bbox 2439 2862 2643 2945; x_wconf 68' lang='grc' dir='ltr'>ἀδελφῇ</span> <span class='ocrx_word' id='word_1_480' title='bbox 2700 2855 2804 2938; x_wconf 75' lang='grc' dir='ltr'>ἰδία</span> <span class='ocrx_word' id='word_1_481' title='bbox 2833 2865 2892 2923; x_wconf 80' lang='grc' dir='ltr'><strong>ἐκ</strong></span> <span class='ocrx_word' id='word_1_482' title='bbox 2951 2867 3154 2945; x_wconf 83' lang='grc' dir='ltr'><strong>πατρὸς</strong></span> <span class='ocrx_word' id='word_1_483' title='bbox 3218 2866 3343 2935; x_wconf 56' lang='lat' dir='ltr'><strong>illa</strong></span> <span class='ocrx_word' id='word_1_484' title='bbox 3372 2868 3577 2946; x_wconf 79' lang='grc' dir='ltr'><strong>μητρὸς</strong></span> <span class='ocrx_word' id='word_1_485' title='bbox 3607 2888 3749 2943; x_wconf 75' lang='grc' dir='ltr'><strong>συμ-</strong></span> 
     </span>
    </p>
   </div>
   <div class='ocr_carea' id='block_1_76' title="bbox 2105 2953 2630 3034">
    <p class='ocr_par' dir='ltr' id='par_1_76' title="bbox 2105 2953 2630 3034">
     <span class='ocr_line' id='line_1_76' title="bbox 2105 2953 2630 3034; baseline 0.015 -25"><span class='ocrx_word' id='word_1_486' title='bbox 2105 2954 2368 3034; x_wconf 72' lang='grc' dir='ltr'><strong>μιανθεὶς,</strong></span> <span class='ocrx_word' id='word_1_487' title='bbox 2401 2976 2457 3014; x_wconf 88' lang='grc' dir='ltr'><strong>κ.</strong></span> <span class='ocrx_word' id='word_1_488' title='bbox 2489 2979 2543 3014; x_wconf 89' lang='grc' dir='ltr'><strong>τ.</strong></span> <span class='ocrx_word' id='word_1_489' title='bbox 2575 2953 2630 3017; x_wconf 88' lang='grc' dir='ltr'><strong>λ.</strong></span> 
     </span>
    </p>
   </div>
   <div class='ocr_carea' id='block_1_77' title="bbox 2184 3038 3747 3127">
    <p class='ocr_par' dir='ltr' id='par_1_77' title="bbox 2184 3038 3747 3127">
     <span class='ocr_line' id='line_1_77' title="bbox 2184 3038 3747 3127; baseline 0.006 -27"><span class='ocrx_word' id='word_1_490' title='bbox 2184 3042 2319 3118; x_wconf 75' lang='grc' dir='ltr'><strong>ος’.</strong></span> <span class='ocrx_word' id='word_1_491' title='bbox 2369 3038 2426 3103; x_wconf 61' lang='grc'>⁸0</span> <span class='ocrx_word' id='word_1_492' title='bbox 2483 3045 2640 3110; x_wconf 77' lang='grc' dir='ltr'>αὒτὸς</span> <span class='ocrx_word' id='word_1_493' title='bbox 2686 3044 2852 3110; x_wconf 83' lang='grc' dir='ltr'>τύπος</span> <span class='ocrx_word' id='word_1_494' title='bbox 2909 3046 3007 3102; x_wconf 68' lang='grc' dir='ltr'><strong>καὶ</strong></span> <span class='ocrx_word' id='word_1_495' title='bbox 3074 3046 3192 3127; x_wconf 83' lang='grc' dir='ltr'><strong>περὶ</strong></span> <span class='ocrx_word' id='word_1_496' title='bbox 3236 3052 3343 3105; x_wconf 86' lang='grc' dir='ltr'><strong>τῶν</strong></span> <span class='ocrx_word' id='word_1_497' title='bbox 3386 3047 3484 3113; x_wconf 75' lang='grc' dir='ltr'>τὰς</span> <span class='ocrx_word' id='word_1_498' title='bbox 3541 3046 3747 3126; x_wconf 69' lang='grc' dir='ltr'>νύμφας</span> 
     </span>
    </p>
   </div>
   <div class='ocr_carea' id='block_1_78' title="bbox 2035 3132 2756 3212">
    <p class='ocr_par' dir='ltr' id='par_1_78' title="bbox 2035 3132 2756 3212">
     <span class='ocr_line' id='line_1_78' title="bbox 2035 3132 2756 3212; baseline -0.004 -21"><span class='ocrx_word' id='word_1_499' title='bbox 2035 3148 2078 3200; x_wconf 85' lang='lat' dir='ltr'>c</span> <span class='ocrx_word' id='word_1_500' title='bbox 2102 3134 2305 3192; x_wconf 79' lang='grc' dir='ltr'>ἑαυτῶν</span> <span class='ocrx_word' id='word_1_501' title='bbox 2348 3132 2756 3212; x_wconf 81' lang='grc' dir='ltr'><strong>λαμϐανόντων,</strong></span> 
     </span>
    </p>
   </div>
   <div class='ocr_carea' id='block_1_79' title="bbox 2184 3223 3747 3304">
    <p class='ocr_par' dir='ltr' id='par_1_79' title="bbox 2184 3223 3747 3304">
     <span class='ocr_line' id='line_1_79' title="bbox 2184 3223 3747 3304; baseline 0.002 -23"><span class='ocrx_word' id='word_1_502' title='bbox 2184 3226 2295 3293; x_wconf 85' lang='grc' dir='ltr'><strong>οη⁹.</strong></span> <span class='ocrx_word' id='word_1_503' title='bbox 2340 3225 2402 3284; x_wconf 71' lang='grc' dir='ltr'>Ὀ</span> <span class='ocrx_word' id='word_1_504' title='bbox 2447 3224 2607 3290; x_wconf 68' lang='grc' dir='ltr'><strong>αὐτὸς</strong></span> <span class='ocrx_word' id='word_1_505' title='bbox 2651 3223 2706 3281; x_wconf 76' lang='grc' dir='ltr'>δὲ</span> <span class='ocrx_word' id='word_1_506' title='bbox 2766 3226 3024 3304; x_wconf 76' lang='grc' dir='ltr'><strong>κρατείτω</strong></span> <span class='ocrx_word' id='word_1_507' title='bbox 3056 3227 3219 3290; x_wconf 82' lang='grc' dir='ltr'><strong>τύπος</strong></span> <span class='ocrx_word' id='word_1_508' title='bbox 3269 3227 3365 3284; x_wconf 79' lang='grc' dir='ltr'>καί</span> <span class='ocrx_word' id='word_1_509' title='bbox 3396 3227 3482 3285; x_wconf 69' lang='lat' dir='ltr'><strong>lani</strong></span> <span class='ocrx_word' id='word_1_510' title='bbox 3523 3233 3627 3283; x_wconf 87' lang='grc' dir='ltr'><strong>τῶν</strong></span> <span class='ocrx_word' id='word_1_511' title='bbox 3659 3226 3747 3284; x_wconf 69' lang='grc' dir='ltr'>δύο</span> 
     </span>
    </p>
   </div>
   <div class='ocr_carea' id='block_1_80' title="bbox 2101 3311 3747 3394">
    <p class='ocr_par' dir='ltr' id='par_1_80' title="bbox 2101 3311 3747 3394">
     <span class='ocr_line' id='line_1_80' title="bbox 2101 3311 3747 3394; baseline 0.002 -24"><span class='ocrx_word' id='word_1_512' title='bbox 2101 3311 2330 3394; x_wconf 76' lang='grc' dir='ltr'>ἀδελφὰς</span> <span class='ocrx_word' id='word_1_513' title='bbox 2388 3311 2771 3392; x_wconf 82' lang='grc' dir='ltr'>λαμϐανόντων</span> <span class='ocrx_word' id='word_1_514' title='bbox 2825 3315 2900 3380; x_wconf 82' lang='grc' dir='ltr'><strong>εἰς</strong></span> <span class='ocrx_word' id='word_1_515' title='bbox 2961 3315 3314 3391; x_wconf 79' lang='grc' dir='ltr'><strong>συνοικέσιον,</strong></span> <span class='ocrx_word' id='word_1_516' title='bbox 3367 3318 3412 3372; x_wconf 81' lang='grc' dir='ltr'><strong>εἰ</strong></span> <span class='ocrx_word' id='word_1_517' title='bbox 3463 3317 3552 3372; x_wconf 78' lang='grc' dir='ltr'><strong>καὶ</strong></span> <span class='ocrx_word' id='word_1_518' title='bbox 3608 3317 3747 3374; x_wconf 65' lang='grc' dir='ltr'><strong>κατὰ</strong></span> 
     </span>
    </p>
   </div>
   <div class='ocr_carea' id='block_1_81' title="bbox 2100 3399 2671 3485">
    <p class='ocr_par' dir='ltr' id='par_1_81' title="bbox 2100 3399 2671 3485">
     <span class='ocr_line' id='line_1_81' title="bbox 2100 3399 2671 3485; baseline 0.005 -26"><span class='ocrx_word' id='word_1_519' title='bbox 2100 3399 2381 3484; x_wconf 77' lang='grc' dir='ltr'>διαφόρους</span> <span class='ocrx_word' id='word_1_520' title='bbox 2416 3405 2671 3485; x_wconf 87' lang='grc' dir='ltr'><strong>χρόνους.</strong></span> 
     </span>
    </p>
   </div>
   <div class='ocr_carea' id='block_1_82' title="bbox 2178 3492 3741 3575">
    <p class='ocr_par' dir='ltr' id='par_1_82' title="bbox 2178 3492 3741 3575">
     <span class='ocr_line' id='line_1_82' title="bbox 2178 3492 3741 3575; baseline 0.003 -26"><span class='ocrx_word' id='word_1_521' title='bbox 2178 3493 2280 3556; x_wconf 82' lang='grc' dir='ltr'><strong>οϐ’.</strong></span> <span class='ocrx_word' id='word_1_522' title='bbox 2313 3497 2372 3553; x_wconf 90' lang='grc' dir='ltr'>Οἱ</span> <span class='ocrx_word' id='word_1_523' title='bbox 2400 3492 2455 3551; x_wconf 81' lang='grc' dir='ltr'>δὲ</span> <span class='ocrx_word' id='word_1_524' title='bbox 2486 3508 2609 3559; x_wconf 79' lang='grc' dir='ltr'><strong>ταῖς</strong></span> <span class='ocrx_word' id='word_1_525' title='bbox 2641 3508 2912 3575; x_wconf 80' lang='grc' dir='ltr'><strong>μητρυατς</strong></span> <span class='ocrx_word' id='word_1_526' title='bbox 2957 3495 3156 3552; x_wconf 77' lang='grc' dir='ltr'><strong>ἑαυτῶν</strong></span> <span class='ocrx_word' id='word_1_527' title='bbox 3199 3495 3633 3572; x_wconf 73' lang='grc' dir='ltr'><strong>Ξπιμαινόμενοι,</strong></span> <span class='ocrx_word' id='word_1_528' title='bbox 3666 3503 3741 3572; x_wconf 76' lang='grc' dir='ltr'><strong>τῷ</strong></span> 
     </span>
    </p>
   </div>
   <div class='ocr_carea' id='block_1_83' title="bbox 2100 3582 3739 3662">
    <p class='ocr_par' dir='ltr' id='par_1_83' title="bbox 2100 3582 3739 3662">
     <span class='ocr_line' id='line_1_83' title="bbox 2100 3582 3739 3662; baseline 0.001 -21"><span class='ocrx_word' id='word_1_529' title='bbox 2100 3582 2244 3660; x_wconf 80' lang='grc' dir='ltr'><strong>αὒτῷ</strong></span> <span class='ocrx_word' id='word_1_530' title='bbox 2297 3584 2605 3643; x_wconf 75' lang='grc' dir='ltr'><strong>ὑπόκεινται</strong></span> <span class='ocrx_word' id='word_1_531' title='bbox 2647 3587 2854 3662; x_wconf 79' lang='grc' dir='ltr'><strong>κανόνι,</strong></span> <span class='ocrx_word' id='word_1_532' title='bbox 2902 3589 2948 3661; x_wconf 80' lang='grc' dir='ltr'>ᾧ</span> <span class='ocrx_word' id='word_1_533' title='bbox 2995 3586 3083 3642; x_wconf 82' lang='grc' dir='ltr'><strong>καὶ</strong></span> <span class='ocrx_word' id='word_1_534' title='bbox 3114 3588 3162 3643; x_wconf 86' lang='grc' dir='ltr'>οἱ</span> <span class='ocrx_word' id='word_1_535' title='bbox 3191 3600 3319 3652; x_wconf 78' lang='grc' dir='ltr'><strong>ταῖς</strong></span> <span class='ocrx_word' id='word_1_536' title='bbox 3350 3588 3551 3644; x_wconf 80' lang='grc' dir='ltr'><strong>ἑαυτῶν</strong></span> <span class='ocrx_word' id='word_1_537' title='bbox 3579 3585 3739 3643; x_wconf 76' lang='grc' dir='ltr'>ἀδελ-</span> 
     </span>
    </p>
   </div>
   <div class='ocr_carea' id='block_1_84' title="bbox 2098 3674 2701 3757">
    <p class='ocr_par' dir='ltr' id='par_1_84' title="bbox 2098 3674 2701 3757">
     <span class='ocr_line' id='line_1_84' title="bbox 2098 3674 2701 3757; baseline 0.002 -25"><span class='ocrx_word' id='word_1_538' title='bbox 2098 3688 2228 3757; x_wconf 79' lang='grc' dir='ltr'><strong>φαῐς</strong></span> <span class='ocrx_word' id='word_1_539' title='bbox 2262 3674 2701 3753; x_wconf 77' lang='grc' dir='ltr'><strong>ἑπιμαινόμενοι.</strong></span> 
     </span>
    </p>
   </div>
   <div class='ocr_carea' id='block_1_85' title="bbox 2176 3765 3730 3848">
    <p class='ocr_par' dir='ltr' id='par_1_85' title="bbox 2176 3765 3730 3848">
     <span class='ocr_line' id='line_1_85' title="bbox 2176 3765 3730 3848; baseline 0.001 -24"><span class='ocrx_word' id='word_1_540' title='bbox 2176 3765 2259 3831; x_wconf 86' lang='grc' dir='ltr'><strong>π’.</strong></span> <span class='ocrx_word' id='word_1_541' title='bbox 2306 3769 2416 3836; x_wconf 75' lang='grc' dir='ltr'><strong>Τὴν</strong></span> <span class='ocrx_word' id='word_1_542' title='bbox 2470 3767 2525 3823; x_wconf 78' lang='grc' dir='ltr'>δὲ</span> <span class='ocrx_word' id='word_1_543' title='bbox 2580 3765 2918 3847; x_wconf 81' lang='grc' dir='ltr'><strong>πολυγαμίαν</strong></span> <span class='ocrx_word' id='word_1_544' title='bbox 2967 3769 3014 3824; x_wconf 79' lang='grc' dir='ltr'>οἱ</span> <span class='ocrx_word' id='word_1_545' title='bbox 3059 3767 3290 3848; x_wconf 79' lang='grc' dir='ltr'><strong>Πατὲρες</strong></span> <span class='ocrx_word' id='word_1_546' title='bbox 3320 3767 3730 3843; x_wconf 78' lang='grc' dir='ltr'><strong>ἀπεσιώπησαν,</strong></span> 
     </span>
    </p>
   </div>
   <div class='ocr_carea' id='block_1_86' title="bbox 2098 3855 3734 3938">
    <p class='ocr_par' dir='ltr' id='par_1_86' title="bbox 2098 3855 3734 3938">
     <span class='ocr_line' id='line_1_86' title="bbox 2098 3855 3734 3938; baseline -0.001 -25"><span class='ocrx_word' id='word_1_547' title='bbox 2098 3856 2169 3921; x_wconf 82' lang='grc' dir='ltr'><strong>ὼς</strong></span> <span class='ocrx_word' id='word_1_548' title='bbox 2200 3855 2476 3937; x_wconf 71' lang='grc' dir='ltr'><strong>κτηνωδη,</strong></span> <span class='ocrx_word' id='word_1_549' title='bbox 2507 3857 2597 3914; x_wconf 82' lang='grc' dir='ltr'><strong>καὶ</strong></span> <span class='ocrx_word' id='word_1_550' title='bbox 2646 3855 2923 3922; x_wconf 52' lang='grc' dir='ltr'><strong>παντελῶς</strong></span> <span class='ocrx_word' id='word_1_551' title='bbox 2969 3855 3254 3935; x_wconf 84' lang='grc' dir='ltr'>ἀλλοτρίαν</span> <span class='ocrx_word' id='word_1_552' title='bbox 3297 3865 3392 3916; x_wconf 80' lang='grc' dir='ltr'><strong>τοῦ</strong></span> <span class='ocrx_word' id='word_1_553' title='bbox 3420 3858 3600 3938; x_wconf 73' lang='grc' dir='ltr'><strong>γένους</strong></span> <span class='ocrx_word' id='word_1_554' title='bbox 3630 3860 3734 3913; x_wconf 77' lang='grc' dir='ltr'><strong>τῶν</strong></span> 
     </span>
    </p>
   </div>
   <div class='ocr_carea' id='block_1_87' title="bbox 2095 3944 3730 4027">
    <p class='ocr_par' dir='ltr' id='par_1_87' title="bbox 2095 3944 3730 4027">
     <span class='ocr_line' id='line_1_87' title="bbox 2095 3944 3730 4027; baseline 0 -25"><span class='ocrx_word' id='word_1_555' title='bbox 2095 3945 2385 4027; x_wconf 86' lang='grc' dir='ltr'><strong>ἀνθρώπων</strong></span> <span class='ocrx_word' id='word_1_556' title='bbox 2421 3961 2437 3976; x_wconf 89' lang='grc'>⁶</span> <span class='ocrx_word' id='word_1_557' title='bbox 2499 3948 2635 4023; x_wconf 77' lang='grc' dir='ltr'><strong>ἡμῖν</strong></span> <span class='ocrx_word' id='word_1_558' title='bbox 2694 3944 2749 4002; x_wconf 76' lang='grc' dir='ltr'>δὲ</span> <span class='ocrx_word' id='word_1_559' title='bbox 2801 3946 3141 4026; x_wconf 81' lang='grc' dir='ltr'><strong>παρίσταται,</strong></span> <span class='ocrx_word' id='word_1_560' title='bbox 3189 3944 3352 4005; x_wconf 75' lang='grc' dir='ltr'>πλέον</span> <span class='ocrx_word' id='word_1_561' title='bbox 3411 3970 3460 4004; x_wconf 86' lang='grc' dir='ltr'><strong>τι</strong></span> <span class='ocrx_word' id='word_1_562' title='bbox 3491 3947 3730 4027; x_wconf 79' lang='grc' dir='ltr'><strong>πορνείας</strong></span> 
     </span>
    </p>
   </div>
   <div class='ocr_carea' id='block_1_88' title="bbox 2095 4034 3726 4117">
    <p class='ocr_par' dir='ltr' id='par_1_88' title="bbox 2095 4034 3726 4117">
     <span class='ocr_line' id='line_1_88' title="bbox 2095 4034 3726 4117; baseline -0.001 -23"><span class='ocrx_word' id='word_1_563' title='bbox 2095 4036 2241 4094; x_wconf 83' lang='grc' dir='ltr'><strong>εἶναι</strong></span> <span class='ocrx_word' id='word_1_564' title='bbox 2271 4038 2333 4095; x_wconf 82' lang='grc' dir='ltr'><strong>τὸ</strong></span> <span class='ocrx_word' id='word_1_565' title='bbox 2361 4035 2656 4115; x_wconf 73' lang='grc' dir='ltr'><strong>ἁμάρτημα</strong></span> <span class='ocrx_word' id='word_1_566' title='bbox 2688 4055 2701 4071; x_wconf 88' lang='grc'><strong>·</strong></span> <span class='ocrx_word' id='word_1_567' title='bbox 2758 4034 3006 4104; x_wconf 85' lang='grc' dir='ltr'><strong>δηλονότι</strong></span> <span class='ocrx_word' id='word_1_568' title='bbox 3054 4038 3297 4097; x_wconf 62' lang='grc' dir='ltr'><strong>ἐνιαυτὸν</strong></span> <span class='ocrx_word' id='word_1_569' title='bbox 3329 4037 3726 4117; x_wconf 79' lang='grc' dir='ltr'><strong>προσκλαύσαν-</strong></span> 
     </span>
    </p>
   </div>
   <div class='ocr_carea' id='block_1_89' title="bbox 2091 4126 3729 4210">
    <p class='ocr_par' dir='ltr' id='par_1_89' title="bbox 2091 4126 3729 4210">
     <span class='ocr_line' id='line_1_89' title="bbox 2091 4126 3729 4210; baseline -0.002 -24"><span class='ocrx_word' id='word_1_570' title='bbox 2091 4149 2211 4210; x_wconf 72' lang='grc' dir='ltr'><strong>ἰταις²</strong></span> <span class='ocrx_word' id='word_1_571' title='bbox 2284 4130 2371 4186; x_wconf 80' lang='grc' dir='ltr'><strong>καὶ</strong></span> <span class='ocrx_word' id='word_1_572' title='bbox 2430 4126 2486 4183; x_wconf 81' lang='grc' dir='ltr'><strong>ἐν</strong></span> <span class='ocrx_word' id='word_1_573' title='bbox 2542 4128 2709 4207; x_wconf 82' lang='grc' dir='ltr'><strong>τρισὶν</strong></span> <span class='ocrx_word' id='word_1_574' title='bbox 2765 4126 3224 4206; x_wconf 76' lang='grc' dir='ltr'><strong>ἀκροασαμένους,</strong></span> <span class='ocrx_word' id='word_1_575' title='bbox 3294 4129 3385 4185; x_wconf 84' lang='grc' dir='ltr'><strong>καὶ</strong></span> <span class='ocrx_word' id='word_1_576' title='bbox 3458 4126 3513 4183; x_wconf 76' lang='grc' dir='ltr'>ἐν</span> <span class='ocrx_word' id='word_1_577' title='bbox 3567 4128 3729 4208; x_wconf 78' lang='grc' dir='ltr'><strong>τρισὶν</strong></span> 
     </span>
    </p>
   </div>
   <div class='ocr_carea' id='block_1_90' title="bbox 2089 4215 3078 4293">
    <p class='ocr_par' dir='ltr' id='par_1_90' title="bbox 2089 4215 3078 4293">
     <span class='ocr_line' id='line_1_90' title="bbox 2089 4215 3078 4293; baseline -0.001 -17"><span class='ocrx_word' id='word_1_578' title='bbox 2089 4220 2479 4293; x_wconf 75' lang='grc' dir='ltr'><strong>ὑποπεσόντας,</strong></span> <span class='ocrx_word' id='word_1_579' title='bbox 2511 4215 2649 4275; x_wconf 69' lang='grc' dir='ltr'><strong>οὕτω</strong></span> <span class='ocrx_word' id='word_1_580' title='bbox 2674 4215 2883 4285; x_wconf 81' lang='grc' dir='ltr'><strong>δεκτοὺς</strong></span> <span class='ocrx_word' id='word_1_581' title='bbox 2913 4221 3078 4282; x_wconf 80' lang='grc' dir='ltr'><strong>εἶναι,</strong></span> 
     </span>
    </p>
   </div>
   <div class='ocr_carea' id='block_1_91' title="bbox 360 4394 2011 4482">
    <p class='ocr_par' dir='ltr' id='par_1_91' title="bbox 360 4399 2005 4482">
     <span class='ocr_line' id='line_1_91' title="bbox 360 4399 2005 4482; baseline 0.003 -16"><span class='ocrx_word' id='word_1_582' title='bbox 360 4400 654 4482; x_wconf 72' lang='lat' dir='ltr'><strong>Eiusdem</strong></span> <span class='ocrx_word' id='word_1_583' title='bbox 702 4419 778 4465; x_wconf 79' lang='lat' dir='ltr'><strong>ea:</strong></span> <span class='ocrx_word' id='word_1_584' title='bbox 797 4399 1052 4479; x_wconf 78' lang='lat' dir='ltr'><strong>epistola</strong></span> <span class='ocrx_word' id='word_1_585' title='bbox 1073 4400 1156 4482; x_wconf 83' lang='lat' dir='ltr'><strong>ad</strong></span> <span class='ocrx_word' id='word_1_586' title='bbox 1178 4400 1514 4465; x_wconf 81' lang='lat' dir='ltr'><strong>Diodorum</strong></span> <span class='ocrx_word' id='word_1_587' title='bbox 1546 4402 1900 4469; x_wconf 83' lang='lat' dir='ltr'><strong>Tarsensem</strong></span> <span class='ocrx_word' id='word_1_588' title='bbox 1932 4406 2005 4471; x_wconf 80' lang='lat' dir='ltr'><strong>de</strong></span> 
     </span>
    </p>
   </div>
   <div class='ocr_carea' id='block_1_92' title="bbox 2148 4394 3721 4482">
    <p class='ocr_par' dir='ltr' id='par_1_92' title="bbox 2148 4394 3721 4482">
     <span class='ocr_line' id='line_1_92' title="bbox 2148 4394 3721 4482; baseline -0.001 -26"><span class='ocrx_word' id='word_1_589' title='bbox 2148 4405 2187 4457; x_wconf 67' lang='grc' dir='ltr'><strong>μῦ</strong></span> <span class='ocrx_word' id='word_1_590' title='bbox 2258 4399 2416 4458; x_wconf 71' lang='grc' dir='ltr'>αὐτοῦ</span> <span class='ocrx_word' id='word_1_591' title='bbox 2464 4398 2525 4456; x_wconf 77' lang='grc' dir='ltr'><strong>ἐκ</strong></span> <span class='ocrx_word' id='word_1_592' title='bbox 2582 4403 2678 4467; x_wconf 78' lang='grc' dir='ltr'><strong>τῆς</strong></span> <span class='ocrx_word' id='word_1_593' title='bbox 2738 4399 2891 4482; x_wconf 68' lang='grc' dir='ltr'><strong>πρὸς⁸</strong></span> <span class='ocrx_word' id='word_1_594' title='bbox 2948 4394 3212 4482; x_wconf 66' lang='grc' dir='ltr'><strong>Διόδωρον</strong></span> <span class='ocrx_word' id='word_1_595' title='bbox 3288 4396 3580 4482; x_wconf 81' lang='grc' dir='ltr'><strong>ἐπιστολῆς</strong></span> <span class='ocrx_word' id='word_1_596' title='bbox 3633 4399 3721 4482; x_wconf 65' lang='grc' dir='ltr'><strong>τὸν</strong></span> 
     </span>
    </p>
   </div>
   <div class='ocr_carea' id='block_1_93' title="bbox 442 4475 2011 4569">
    <p class='ocr_par' dir='ltr' id='par_1_93' title="bbox 442 4475 2002 4569">
     <span class='ocr_line' id='line_1_93' title="bbox 442 4475 2002 4569; baseline 0.004 -23"><span class='ocrx_word' id='word_1_597' title='bbox 442 4483 520 4569; x_wconf 59' lang='lat' dir='ltr'><strong>iis</strong></span> <span class='ocrx_word' id='word_1_598' title='bbox 541 4484 648 4569; x_wconf 67' lang='lat' dir='ltr'><strong>qui</strong></span> <span class='ocrx_word' id='word_1_599' title='bbox 672 4475 1083 4569; x_wconf 65' lang='grc' dir='ltr'><strong>ἀμαεέρνονεδ</strong></span> <span class='ocrx_word' id='word_1_600' title='bbox 1106 4481 1353 4569; x_wconf 73' lang='lat' dir='ltr'><strong>ducunt,</strong></span> <span class='ocrx_word' id='word_1_601' title='bbox 1370 4482 1483 4569; x_wconf 64' lang='grc' dir='ltr'><strong>Δνει</strong></span> <span class='ocrx_word' id='word_1_602' title='bbox 1505 4484 1839 4569; x_wconf 68' lang='lat' dir='ltr'><strong>de/eminis</strong></span> <span class='ocrx_word' id='word_1_603' title='bbox 1868 4505 2002 4569; x_wconf 69' lang='lat' dir='ltr'><strong>qua:</strong></span> 
     </span>
    </p>
   </div>
   <div class='ocr_carea' id='block_1_94' title="bbox 2148 4475 3722 4569">
    <p class='ocr_par' dir='ltr' id='par_1_94' title="bbox 2166 4475 3722 4560">
     <span class='ocr_line' id='line_1_94' title="bbox 2166 4475 3722 4560; baseline -0.002 -22"><span class='ocrx_word' id='word_1_604' title='bbox 2166 4488 2394 4560; x_wconf 72' lang='grc' dir='ltr'><strong>Ταρσοῦ³</strong></span> <span class='ocrx_word' id='word_1_605' title='bbox 2448 4480 2586 4538; x_wconf 73' lang='grc' dir='ltr'><strong>κατὰ</strong></span> <span class='ocrx_word' id='word_1_606' title='bbox 2643 4486 2748 4536; x_wconf 89' lang='grc' dir='ltr'><strong>τῶν</strong></span> <span class='ocrx_word' id='word_1_607' title='bbox 2836 4475 2925 4536; x_wconf 78' lang='grc' dir='ltr'><strong>δύο</strong></span> <span class='ocrx_word' id='word_1_608' title='bbox 2996 4475 3227 4560; x_wconf 62' lang='grc' dir='ltr'>ἀδελφὰς</span> <span class='ocrx_word' id='word_1_609' title='bbox 3291 4481 3632 4559; x_wconf 61' lang='grc' dir='ltr'>γαμούντων,</span> <span class='ocrx_word' id='word_1_610' title='bbox 3686 4479 3722 4548; x_wconf 70' lang='grc' dir='ltr'><strong>ἦ</strong></span> 
     </span>
    </p>
   </div>
   <div class='ocr_carea' id='block_1_95' title="bbox 438 4563 1922 4647">
    <p class='ocr_par' dir='ltr' id='par_1_95' title="bbox 438 4563 1922 4647">
     <span class='ocr_line' id='line_1_95' title="bbox 438 4563 1922 4647; baseline 0.003 -19"><span class='ocrx_word' id='word_1_611' title='bbox 438 4563 675 4647; x_wconf 58' lang='lat' dir='ltr'><strong>duabus</strong></span> <span class='ocrx_word' id='word_1_612' title='bbox 693 4563 1007 4647; x_wconf 57' lang='lat' dir='ltr'><strong>fratribus</strong></span> <span class='ocrx_word' id='word_1_613' title='bbox 1020 4564 1419 4647; x_wconf 72' lang='lat' dir='ltr'><strong>matrimonio</strong></span> <span class='ocrx_word' id='word_1_614' title='bbox 1441 4563 1922 4647; x_wconf 60' lang='lat' dir='ltr'><strong>coniunguntur.</strong></span> 
     </span>
    </p>
   </div>
   <div class='ocr_carea' id='block_1_96' title="bbox 438 4641 2002 4712">
    <p class='ocr_par' dir='ltr' id='par_1_96' title="bbox 438 4641 2002 4712">
     <span class='ocr_line' id='line_1_96' title="bbox 438 4641 2002 4712; baseline 0.001 -2"><span class='ocrx_word' id='word_1_615' title='bbox 438 4641 757 4710; x_wconf 82' lang='lat' dir='ltr'><strong>Venerunt</strong></span> <span class='ocrx_word' id='word_1_616' title='bbox 787 4643 963 4708; x_wconf 90' lang='lat' dir='ltr'><strong>nobis</strong></span> <span class='ocrx_word' id='word_1_617' title='bbox 992 4641 1214 4707; x_wconf 63' lang='lat' dir='ltr'><strong>litteris</strong></span> <span class='ocrx_word' id='word_1_618' title='bbox 1238 4645 1485 4708; x_wconf 89' lang='lat' dir='ltr'><strong>nomine</strong></span> <span class='ocrx_word' id='word_1_619' title='bbox 1503 4641 1750 4710; x_wconf 77' lang='lat' dir='ltr'><strong>Diodori</strong></span> <span class='ocrx_word' id='word_1_620' title='bbox 1778 4649 2002 4712; x_wconf 91' lang='lat' dir='ltr'><strong>inscri-</strong></span> 
     </span>
    </p>
   </div>
   <div class='ocr_carea' id='block_1_97' title="bbox 364 4734 1130 4822">
    <p class='ocr_par' dir='ltr' id='par_1_97' title="bbox 364 4734 1130 4822">
     <span class='ocr_line' id='line_1_97' title="bbox 364 4734 1130 4822; baseline -0.01 -19"><span class='ocrx_word' id='word_1_621' title='bbox 364 4745 505 4822; x_wconf 67' lang='lat' dir='ltr'><strong>ptae,</strong></span> <span class='ocrx_word' id='word_1_622' title='bbox 543 4747 689 4816; x_wconf 90' lang='lat' dir='ltr'><strong>etc.,</strong></span> <span class='ocrx_word' id='word_1_623' title='bbox 722 4744 791 4801; x_wconf 82' lang='lat' dir='ltr'><strong>ut</strong></span> <span class='ocrx_word' id='word_1_624' title='bbox 810 4753 958 4819; x_wconf 84' lang='lat' dir='ltr'><strong>pag.</strong></span> <span class='ocrx_word' id='word_1_625' title='bbox 992 4734 1130 4799; x_wconf 83' lang='grc'><strong>455.</strong></span> 
     </span>
    </p>
   </div>
   <div class='ocr_carea' id='block_1_98' title="bbox 444 4827 2005 4916">
    <p class='ocr_par' dir='ltr' id='par_1_98' title="bbox 444 4827 2005 4916">
     <span class='ocr_line' id='line_1_98' title="bbox 444 4827 2005 4916; baseline 0.003 -24"><span class='ocrx_word' id='word_1_626' title='bbox 444 4827 765 4911; x_wconf 71' lang='lat' dir='ltr'><strong>Theothli</strong></span> <span class='ocrx_word' id='word_1_627' title='bbox 797 4827 1247 4910; x_wconf 71' lang='lat' dir='ltr'><strong>archiepiscopi</strong></span> <span class='ocrx_word' id='word_1_628' title='bbox 1282 4827 1701 4895; x_wconf 67' lang='lat' dir='ltr'><strong>Alexandrini</strong></span> <span class='ocrx_word' id='word_1_629' title='bbox 1726 4832 1807 4895; x_wconf 88' lang='lat' dir='ltr'><strong>ad</strong></span> <span class='ocrx_word' id='word_1_630' title='bbox 1839 4834 2005 4916; x_wconf 88' lang='lat' dir='ltr'><strong>Aga-</strong></span> 
     </span>
    </p>
   </div>
   <div class='ocr_carea' id='block_1_99' title="bbox 355 4920 622 4985">
    <p class='ocr_par' dir='ltr' id='par_1_99' title="bbox 355 4920 622 4985">
     <span class='ocr_line' id='line_1_99' title="bbox 355 4920 622 4985; baseline -0.007 -1"><span class='ocrx_word' id='word_1_631' title='bbox 355 4920 622 4985; x_wconf 79' lang='lat' dir='ltr'><strong>thonem.</strong></span> 
     </span>
    </p>
   </div>
   <div class='ocr_carea' id='block_1_100' title="bbox 439 5008 2002 5093">
    <p class='ocr_par' dir='ltr' id='par_1_100' title="bbox 439 5008 2002 5093">
     <span class='ocr_line' id='line_1_100' title="bbox 439 5008 2002 5093; baseline 0.002 -18"><span class='ocrx_word' id='word_1_632' title='bbox 439 5010 733 5075; x_wconf 81' lang='lat' dir='ltr'><strong>Maximus</strong></span> <span class='ocrx_word' id='word_1_633' title='bbox 761 5010 979 5073; x_wconf 90' lang='lat' dir='ltr'><strong>asserit</strong></span> <span class='ocrx_word' id='word_1_634' title='bbox 1017 5027 1084 5074; x_wconf 89' lang='lat' dir='ltr'><strong>se</strong></span> <span class='ocrx_word' id='word_1_635' title='bbox 1112 5008 1399 5073; x_wconf 67' lang='lat' dir='ltr'><strong>Ecclesiae</strong></span> <span class='ocrx_word' id='word_1_636' title='bbox 1431 5010 1593 5092; x_wconf 80' lang='lat' dir='ltr'><strong>leges</strong></span> <span class='ocrx_word' id='word_1_637' title='bbox 1622 5011 2002 5093; x_wconf 77' lang='lat' dir='ltr'><strong>ignorantem</strong></span> 
     </span>
    </p>
   </div>
   <div class='ocr_carea' id='block_1_101' title="bbox 363 5098 2002 5186">
    <p class='ocr_par' dir='ltr' id='par_1_101' title="bbox 363 5098 2002 5186">
     <span class='ocr_line' id='line_1_101' title="bbox 363 5098 2002 5186; baseline 0.004 -26"><span class='ocrx_word' id='word_1_638' title='bbox 363 5098 576 5162; x_wconf 89' lang='lat' dir='ltr'><strong>illicito</strong></span> <span class='ocrx_word' id='word_1_639' title='bbox 613 5101 998 5166; x_wconf 85' lang='lat' dir='ltr'><strong>matrimonio</strong></span> <span class='ocrx_word' id='word_1_640' title='bbox 1027 5100 1416 5181; x_wconf 88' lang='lat' dir='ltr'><strong>conjunctum</strong></span> <span class='ocrx_word' id='word_1_641' title='bbox 1442 5120 1601 5178; x_wconf 89' lang='lat' dir='ltr'><strong>esse,</strong></span> <span class='ocrx_word' id='word_1_642' title='bbox 1635 5112 1695 5166; x_wconf 91' lang='lat' dir='ltr'><strong>et</strong></span> <span class='ocrx_word' id='word_1_643' title='bbox 1723 5102 1862 5186; x_wconf 87' lang='lat' dir='ltr'><strong>quia</strong></span> <span class='ocrx_word' id='word_1_644' title='bbox 1888 5104 2002 5168; x_wconf 86' lang='lat' dir='ltr'><strong>hoc</strong></span> 
     </span>
    </p>
   </div>
   <div class='ocr_carea' id='block_1_102' title="bbox 361 5188 1998 5274">
    <p class='ocr_par' dir='ltr' id='par_1_102' title="bbox 361 5188 1998 5274">
     <span class='ocr_line' id='line_1_102' title="bbox 361 5188 1998 5274; baseline 0.004 -24"><span class='ocrx_word' id='word_1_645' title='bbox 361 5205 496 5250; x_wconf 90' lang='lat' dir='ltr'><strong>cum</strong></span> <span class='ocrx_word' id='word_1_646' title='bbox 526 5188 681 5251; x_wconf 91' lang='lat' dir='ltr'><strong>male</strong></span> <span class='ocrx_word' id='word_1_647' title='bbox 703 5189 884 5253; x_wconf 88' lang='lat' dir='ltr'><strong>habet</strong></span> <span class='ocrx_word' id='word_1_648' title='bbox 906 5190 1064 5272; x_wconf 90' lang='lat' dir='ltr'><strong>quod</strong></span> <span class='ocrx_word' id='word_1_649' title='bbox 1086 5210 1204 5254; x_wconf 90' lang='lat' dir='ltr'><strong>non</strong></span> <span class='ocrx_word' id='word_1_650' title='bbox 1225 5201 1393 5255; x_wconf 89' lang='lat' dir='ltr'><strong>recte</strong></span> <span class='ocrx_word' id='word_1_651' title='bbox 1425 5199 1484 5254; x_wconf 94' lang='lat' dir='ltr'><strong>et</strong></span> <span class='ocrx_word' id='word_1_652' title='bbox 1514 5211 1583 5255; x_wconf 85' lang='lat' dir='ltr'><strong>ex</strong></span> <span class='ocrx_word' id='word_1_653' title='bbox 1606 5192 1821 5256; x_wconf 91' lang='lat' dir='ltr'><strong>ordine</strong></span> <span class='ocrx_word' id='word_1_654' title='bbox 1841 5201 1998 5274; x_wconf 84' lang='lat' dir='ltr'><strong>agat,</strong></span> 
     </span>
    </p>
   </div>
   <div class='ocr_carea' id='block_1_103' title="bbox 359 5277 1996 5365">
    <p class='ocr_par' dir='ltr' id='par_1_103' title="bbox 359 5277 1996 5365">
     <span class='ocr_line' id='line_1_103' title="bbox 359 5277 1996 5365; baseline 0.004 -26"><span class='ocrx_word' id='word_1_655' title='bbox 359 5277 807 5363; x_wconf 79' lang='lat' dir='ltr'><strong>afﬁrmavit,qui</strong></span> <span class='ocrx_word' id='word_1_656' title='bbox 837 5289 1046 5343; x_wconf 88' lang='lat' dir='ltr'><strong>contra</strong></span> <span class='ocrx_word' id='word_1_657' title='bbox 1077 5280 1241 5360; x_wconf 90' lang='lat' dir='ltr'><strong>leges</strong></span> <span class='ocrx_word' id='word_1_658' title='bbox 1270 5282 1408 5346; x_wconf 86' lang='lat' dir='ltr'><strong>facit</strong></span> <span class='ocrx_word' id='word_1_659' title='bbox 1431 5301 1539 5365; x_wconf 91' lang='lat' dir='ltr'><strong>per</strong></span> <span class='ocrx_word' id='word_1_660' title='bbox 1566 5283 1996 5363; x_wconf 86' lang='lat' dir='ltr'><strong>ignorantiam,</strong></span> 
     </span>
    </p>
   </div>
   <div class='ocr_carea' id='block_1_104' title="bbox 357 5367 1998 5439">
    <p class='ocr_par' dir='ltr' id='par_1_104' title="bbox 357 5367 1998 5439">
     <span class='ocr_line' id='line_1_104' title="bbox 357 5367 1998 5439; baseline 0.005 -9"><span class='ocrx_word' id='word_1_661' title='bbox 357 5386 424 5431; x_wconf 90' lang='lat' dir='ltr'><strong>se</strong></span> <span class='ocrx_word' id='word_1_662' title='bbox 442 5367 518 5431; x_wconf 88' lang='lat' dir='ltr'><strong>ab</strong></span> <span class='ocrx_word' id='word_1_663' title='bbox 542 5368 754 5432; x_wconf 87' lang='lat' dir='ltr'><strong>illicita</strong></span> <span class='ocrx_word' id='word_1_664' title='bbox 778 5370 908 5434; x_wconf 69' lang='lat' dir='ltr'><strong>vitae</strong></span> <span class='ocrx_word' id='word_1_665' title='bbox 928 5372 1219 5435; x_wconf 88' lang='lat' dir='ltr'><strong>societate</strong></span> <span class='ocrx_word' id='word_1_666' title='bbox 1248 5391 1319 5436; x_wconf 83' lang='lat' dir='ltr'><strong>ex</strong></span> <span class='ocrx_word' id='word_1_667' title='bbox 1350 5393 1650 5437; x_wconf 87' lang='lat' dir='ltr'><strong>consensu</strong></span> <span class='ocrx_word' id='word_1_668' title='bbox 1681 5373 1998 5439; x_wconf 86' lang='lat' dir='ltr'><strong>abstentu-</strong></span> 
     </span>
    </p>
   </div>
   <div class='ocr_carea' id='block_1_105' title="bbox 359 5458 1995 5547">
    <p class='ocr_par' dir='ltr' id='par_1_105' title="bbox 359 5458 1995 5547">
     <span class='ocr_line' id='line_1_105' title="bbox 359 5458 1995 5547; baseline 0.004 -24"><span class='ocrx_word' id='word_1_669' title='bbox 359 5474 521 5543; x_wconf 83' lang='lat' dir='ltr'><strong>rum,</strong></span> <span class='ocrx_word' id='word_1_670' title='bbox 557 5458 662 5523; x_wconf 90' lang='lat' dir='ltr'><strong>illa</strong></span> <span class='ocrx_word' id='word_1_671' title='bbox 687 5460 870 5526; x_wconf 88' lang='lat' dir='ltr'><strong>etiam</strong></span> <span class='ocrx_word' id='word_1_672' title='bbox 902 5462 1019 5524; x_wconf 90' lang='lat' dir='ltr'><strong>hoc</strong></span> <span class='ocrx_word' id='word_1_673' title='bbox 1044 5462 1303 5526; x_wconf 89' lang='lat' dir='ltr'><strong>volente.</strong></span> <span class='ocrx_word' id='word_1_674' title='bbox 1353 5463 1416 5527; x_wconf 92' lang='lat' dir='ltr'><strong>Si</strong></span> <span class='ocrx_word' id='word_1_675' title='bbox 1449 5483 1589 5545; x_wconf 82' lang='lat' dir='ltr'><strong>ergo</strong></span> <span class='ocrx_word' id='word_1_676' title='bbox 1621 5464 1995 5547; x_wconf 88' lang='lat' dir='ltr'><strong>probaveris,</strong></span> 
     </span>
    </p>
   </div>
   <div class='ocr_carea' id='block_1_106' title="bbox 2166 4568 2962 4651">
    <p class='ocr_par' dir='ltr' id='par_1_106' title="bbox 2166 4568 2962 4651">
     <span class='ocr_line' id='line_1_106' title="bbox 2166 4568 2962 4651; baseline -0.003 -24"><span class='ocrx_word' id='word_1_677' title='bbox 2166 4569 2417 4651; x_wconf 78' lang='grc' dir='ltr'><strong>ἀδελφοῖς</strong></span> <span class='ocrx_word' id='word_1_678' title='bbox 2444 4568 2556 4628; x_wconf 82' lang='grc' dir='ltr'><strong>δυσὶ</strong></span> <span class='ocrx_word' id='word_1_679' title='bbox 2587 4568 2962 4649; x_wconf 82' lang='grc' dir='ltr'><strong>γαμουμένων.</strong></span> 
     </span>
    </p>
   </div>
   <div class='ocr_carea' id='block_1_107' title="bbox 2168 4658 3719 4742">
    <p class='ocr_par' dir='ltr' id='par_1_107' title="bbox 2168 4658 3719 4742">
     <span class='ocr_line' id='line_1_107' title="bbox 2168 4658 3719 4742; baseline -0.003 -24"><span class='ocrx_word' id='word_1_680' title='bbox 2168 4660 2413 4742; x_wconf 73' lang='grc' dir='ltr'><strong>Ἀφίκετο</strong></span> <span class='ocrx_word' id='word_1_681' title='bbox 2469 4661 2607 4737; x_wconf 74' lang='grc' dir='ltr'>ἡμῖν</span> <span class='ocrx_word' id='word_1_682' title='bbox 2661 4660 2972 4739; x_wconf 74' lang='grc' dir='ltr'><strong>γράμματα,</strong></span> <span class='ocrx_word' id='word_1_683' title='bbox 3019 4658 3119 4727; x_wconf 80' lang='grc' dir='ltr'><strong>τὴν</strong></span> <span class='ocrx_word' id='word_1_684' title='bbox 3165 4659 3473 4741; x_wconf 72' lang='grc' dir='ltr'><strong>ἒπιγραφὴν</strong></span> <span class='ocrx_word' id='word_1_685' title='bbox 3532 4658 3719 4739; x_wconf 83' lang='grc' dir='ltr'>ἔχοντα</span> 
     </span>
    </p>
   </div>
   <div class='ocr_carea' id='block_1_108' title="bbox 2089 4748 2636 4831">
    <p class='ocr_par' dir='ltr' id='par_1_108' title="bbox 2089 4748 2636 4831">
     <span class='ocr_line' id='line_1_108' title="bbox 2089 4748 2636 4831; baseline 0.002 -25"><span class='ocrx_word' id='word_1_686' title='bbox 2089 4749 2376 4831; x_wconf 75' lang='grc' dir='ltr'><strong>Διοδώρου,</strong></span> <span class='ocrx_word' id='word_1_687' title='bbox 2410 4772 2463 4813; x_wconf 85' lang='grc' dir='ltr'><strong>κ.</strong></span> <span class='ocrx_word' id='word_1_688' title='bbox 2499 4772 2551 4810; x_wconf 89' lang='grc' dir='ltr'><strong>τ.</strong></span> <span class='ocrx_word' id='word_1_689' title='bbox 2583 4748 2636 4807; x_wconf 91' lang='grc' dir='ltr'>λ.</span> 
     </span>
    </p>
   </div>
   <div class='ocr_carea' id='block_1_109' title="bbox 2085 4837 3392 4922">
    <p class='ocr_par' dir='ltr' id='par_1_109' title="bbox 2085 4837 3392 4922">
     <span class='ocr_line' id='line_1_109' title="bbox 2085 4837 3392 4922; baseline -0.001 -24"><span class='ocrx_word' id='word_1_690' title='bbox 2085 4840 2342 4922; x_wconf 71' lang='grc' dir='ltr'><strong>Θεοφίλου</strong></span> <span class='ocrx_word' id='word_1_691' title='bbox 2434 4840 2863 4922; x_wconf 75' lang='grc' dir='ltr'><strong>ἀρχιεπισκόπου</strong></span> <span class='ocrx_word' id='word_1_692' title='bbox 2946 4837 3345 4922; x_wconf 71' lang='grc' dir='ltr'><strong>’ᾼλεξανδρείας</strong></span> <span class='ocrx_word' id='word_1_693' title='bbox 3376 4892 3392 4919; x_wconf 71' lang='grc'><strong><em>,</em></strong></span> 
     </span>
    </p>
   </div>
   <div class='ocr_carea' id='block_1_110' title="bbox 2527 4919 3283 5001">
    <p class='ocr_par' dir='ltr' id='par_1_110' title="bbox 2527 4919 3283 5001">
     <span class='ocr_line' id='line_1_110' title="bbox 2527 4919 3283 5001; baseline 0.004 -22"><span class='ocrx_word' id='word_1_694' title='bbox 2527 4919 2660 5000; x_wconf 80' lang='grc' dir='ltr'><strong>πρὸς</strong></span> <span class='ocrx_word' id='word_1_695' title='bbox 2691 4919 2940 5001; x_wconf 84' lang='grc' dir='ltr'><strong>Ἀγάθιον</strong></span> <span class='ocrx_word' id='word_1_696' title='bbox 2971 4920 3283 4991; x_wconf 68' lang='grc' dir='ltr'><strong>ἑπιστολῆς.</strong></span> 
     </span>
    </p>
   </div>
   <div class='ocr_carea' id='block_1_111' title="bbox 2168 5009 3711 5091">
    <p class='ocr_par' dir='ltr' id='par_1_111' title="bbox 2168 5009 3711 5091">
     <span class='ocr_line' id='line_1_111' title="bbox 2168 5009 3711 5091; baseline -0.002 -22"><span class='ocrx_word' id='word_1_697' title='bbox 2168 5010 2402 5091; x_wconf 82' lang='grc' dir='ltr'><strong>Ἀγνοῶν</strong></span> <span class='ocrx_word' id='word_1_698' title='bbox 2457 5012 2579 5076; x_wconf 81' lang='grc' dir='ltr'><strong>τοὺς</strong></span> <span class='ocrx_word' id='word_1_699' title='bbox 2636 5016 2735 5078; x_wconf 77' lang='grc' dir='ltr'><strong>τῆς</strong></span> <span class='ocrx_word' id='word_1_700' title='bbox 2794 5009 3119 5077; x_wconf 81' lang='grc' dir='ltr'><strong>Ἐκκλησίας</strong></span> <span class='ocrx_word' id='word_1_701' title='bbox 3203 5011 3402 5087; x_wconf 87' lang='grc' dir='ltr'><strong>νόμους</strong></span> <span class='ocrx_word' id='word_1_702' title='bbox 3462 5009 3711 5087; x_wconf 70' lang='grc' dir='ltr'><strong>Μάξιμος,</strong></span> 
     </span>
    </p>
   </div>
   <div class='ocr_carea' id='block_1_112' title="bbox 2083 5098 3714 5185">
    <p class='ocr_par' dir='ltr' id='par_1_112' title="bbox 2083 5098 3714 5185">
     <span class='ocr_line' id='line_1_112' title="bbox 2083 5098 3714 5185; baseline -0.004 -25"><span class='ocrx_word' id='word_1_703' title='bbox 2083 5102 2449 5185; x_wconf 84' lang='grc' dir='ltr'><strong>διισχυρίσατο</strong></span> <span class='ocrx_word' id='word_1_704' title='bbox 2519 5100 2813 5185; x_wconf 65' lang='grc' dir='ltr'><strong>παρανόμῳ</strong></span> <span class='ocrx_word' id='word_1_705' title='bbox 2889 5098 3181 5176; x_wconf 81' lang='grc' dir='ltr'><strong>συμϐιώσει</strong></span> <span class='ocrx_word' id='word_1_706' title='bbox 3266 5105 3525 5183; x_wconf 66' lang='grc' dir='ltr'><strong>συνῆερθαι</strong></span> <span class='ocrx_word' id='word_1_707' title='bbox 3562 5116 3577 5131; x_wconf 83' lang='grc'><strong>⁸</strong></span> <span class='ocrx_word' id='word_1_708' title='bbox 3633 5099 3714 5157; x_wconf 76' lang='grc' dir='ltr'><strong>καὶ</strong></span> 
     </span>
    </p>
   </div>
   <div class='ocr_carea' id='block_1_113' title="bbox 2083 5188 3709 5270">
    <p class='ocr_par' dir='ltr' id='par_1_113' title="bbox 2083 5188 3709 5270">
     <span class='ocr_line' id='line_1_113' title="bbox 2083 5188 3709 5270; baseline -0.003 -21"><span class='ocrx_word' id='word_1_709' title='bbox 2083 5192 2266 5262; x_wconf 79' lang='grc' dir='ltr'><strong>ἐπειδὴ</strong></span> <span class='ocrx_word' id='word_1_710' title='bbox 2308 5189 2521 5270; x_wconf 81' lang='grc' dir='ltr'><strong>θορυϐεῖ</strong></span> <span class='ocrx_word' id='word_1_711' title='bbox 2577 5193 2734 5250; x_wconf 70' lang='grc' dir='ltr'><strong>αὐτὸν</strong></span> <span class='ocrx_word' id='word_1_712' title='bbox 2793 5194 2853 5248; x_wconf 78' lang='grc' dir='ltr'><strong>τὸ</strong></span> <span class='ocrx_word' id='word_1_713' title='bbox 2884 5190 3179 5249; x_wconf 84' lang='grc' dir='ltr'><strong>ἀσύνακτον</strong></span> <span class='ocrx_word' id='word_1_714' title='bbox 3211 5192 3384 5267; x_wconf 79' lang='grc' dir='ltr'><strong>εἶναι,</strong></span> <span class='ocrx_word' id='word_1_715' title='bbox 3417 5188 3709 5249; x_wconf 77' lang='grc' dir='ltr'><strong>διεϐεϐαιώ-</strong></span> 
     </span>
    </p>
   </div>
   <div class='ocr_carea' id='block_1_114' title="bbox 2083 5280 3712 5362">
    <p class='ocr_par' dir='ltr' id='par_1_114' title="bbox 2083 5280 3712 5362">
     <span class='ocr_line' id='line_1_114' title="bbox 2083 5280 3712 5362; baseline -0.004 -20"><span class='ocrx_word' id='word_1_716' title='bbox 2083 5306 2237 5361; x_wconf 83' lang='grc' dir='ltr'><strong>σατο,</strong></span> <span class='ocrx_word' id='word_1_717' title='bbox 2269 5281 2453 5352; x_wconf 69' lang='grc' dir='ltr'><strong>ἐπειδὴ</strong></span> <span class='ocrx_word' id='word_1_718' title='bbox 2496 5283 2684 5362; x_wconf 74' lang='grc' dir='ltr'>ἀγνοίᾳ</span> <span class='ocrx_word' id='word_1_719' title='bbox 2734 5282 2808 5339; x_wconf 67' lang='lat' dir='ltr'><strong>rb</strong></span> <span class='ocrx_word' id='word_1_720' title='bbox 2840 5282 3148 5362; x_wconf 60' lang='grc' dir='ltr'><strong>παράνομον</strong></span> <span class='ocrx_word' id='word_1_721' title='bbox 3200 5280 3438 5362; x_wconf 78' lang='grc' dir='ltr'><strong>ἔδρασεν,</strong></span> <span class='ocrx_word' id='word_1_722' title='bbox 3478 5283 3533 5339; x_wconf 76' lang='grc' dir='ltr'><strong>ἐκ</strong></span> <span class='ocrx_word' id='word_1_723' title='bbox 3580 5303 3712 5355; x_wconf 85' lang='grc' dir='ltr'><strong>συμ-</strong></span> 
     </span>
    </p>
   </div>
   <div class='ocr_carea' id='block_1_115' title="bbox 2085 5370 3708 5457">
    <p class='ocr_par' dir='ltr' id='par_1_115' title="bbox 2085 5370 3708 5457">
     <span class='ocr_line' id='line_1_115' title="bbox 2085 5370 3708 5457; baseline -0.004 -25"><span class='ocrx_word' id='word_1_724' title='bbox 2085 5376 2281 5457; x_wconf 79' lang='grc' dir='ltr'>φωνίας</span> <span class='ocrx_word' id='word_1_725' title='bbox 2342 5375 2639 5455; x_wconf 69' lang='grc' dir='ltr'><strong>ἀπεχεσθαι</strong></span> <span class='ocrx_word' id='word_1_726' title='bbox 2683 5376 2782 5442; x_wconf 75' lang='grc' dir='ltr'><strong>τῆς</strong></span> <span class='ocrx_word' id='word_1_727' title='bbox 2840 5372 3154 5453; x_wconf 86' lang='grc' dir='ltr'><strong>παρανόμου</strong></span> <span class='ocrx_word' id='word_1_728' title='bbox 3197 5370 3549 5444; x_wconf 75' lang='grc' dir='ltr'><strong>συμϐιώσεως</strong></span> <span class='ocrx_word' id='word_1_729' title='bbox 3574 5370 3708 5428; x_wconf 62' lang='lat' dir='ltr'><strong>insl-</strong></span> 
     </span>
    </p>
   </div>
   <div class='ocr_carea' id='block_1_116' title="bbox 2082 5460 3709 5546">
    <p class='ocr_par' dir='ltr' id='par_1_116' title="bbox 2082 5460 3709 5546">
     <span class='ocr_line' id='line_1_116' title="bbox 2082 5460 3709 5546; baseline -0.004 -22"><span class='ocrx_word' id='word_1_730' title='bbox 2082 5488 2180 5536; x_wconf 79' lang='grc' dir='ltr'><strong>νης</strong></span> <span class='ocrx_word' id='word_1_731' title='bbox 2240 5466 2541 5546; x_wconf 82' lang='grc' dir='ltr'><strong>ἀγαπώσης</strong></span> <span class='ocrx_word' id='word_1_732' title='bbox 2583 5465 2671 5522; x_wconf 84' lang='grc' dir='ltr'><strong>καὶ</strong></span> <span class='ocrx_word' id='word_1_733' title='bbox 2714 5463 2873 5521; x_wconf 73' lang='grc' dir='ltr'><strong>τοῦτο</strong></span> <span class='ocrx_word' id='word_1_734' title='bbox 2907 5483 2923 5501; x_wconf 89' lang='grc'><strong>·</strong></span> <span class='ocrx_word' id='word_1_735' title='bbox 2978 5462 3067 5520; x_wconf 69' lang='grc' dir='ltr'><strong>ἐὰν</strong></span> <span class='ocrx_word' id='word_1_736' title='bbox 3118 5463 3288 5523; x_wconf 86' lang='grc' dir='ltr'><strong>τοίνυν</strong></span> <span class='ocrx_word' id='word_1_737' title='bbox 3317 5462 3603 5542; x_wconf 68' lang='grc' dir='ltr'><strong>δοκιμάσῃ(</strong></span> <span class='ocrx_word' id='word_1_738' title='bbox 3632 5460 3709 5518; x_wconf 75' lang='grc' dir='ltr'><strong>ὅτι</strong></span> 
     </span>
    </p>
   </div>
   <div class='ocr_carea' id='block_1_117' title="bbox 3482 4838 3715 4906">
    <p class='ocr_par' dir='ltr' id='par_1_117' title="bbox 3482 4838 3715 4906">
     <span class='ocr_line' id='line_1_117' title="bbox 3482 4838 3715 4906; baseline 0.026 -11"><span class='ocrx_word' id='word_1_739' title='bbox 3482 4838 3542 4897; x_wconf 77' lang='grc' dir='ltr'><strong>ἐκ</strong></span> <span class='ocrx_word' id='word_1_740' title='bbox 3620 4842 3715 4906; x_wconf 74' lang='grc' dir='ltr'><strong>τῆς</strong></span> 
     </span>
    </p>
   </div>
   <div class='ocr_carea' id='block_1_118' title="bbox 276 5549 2011 5642">
    <p class='ocr_par' dir='ltr' id='par_1_118' title="bbox 276 5549 1997 5642">
     <span class='ocr_line' id='line_1_118' title="bbox 276 5549 1997 5642; baseline 0.005 -28"><span class='ocrx_word' id='word_1_741' title='bbox 276 5630 281 5639; x_wconf 17' lang='grc' dir='ltr'><strong>Α</strong></span> <span class='ocrx_word' id='word_1_742' title='bbox 358 5549 519 5636; x_wconf 88' lang='lat' dir='ltr'><strong>quod</strong></span> <span class='ocrx_word' id='word_1_743' title='bbox 543 5550 657 5615; x_wconf 90' lang='lat' dir='ltr'><strong>hoc</strong></span> <span class='ocrx_word' id='word_1_744' title='bbox 675 5570 747 5617; x_wconf 80' lang='lat' dir='ltr'><strong>ex</strong></span> <span class='ocrx_word' id='word_1_745' title='bbox 769 5569 1073 5618; x_wconf 89' lang='lat' dir='ltr'><strong>consensu</strong></span> <span class='ocrx_word' id='word_1_746' title='bbox 1102 5551 1349 5632; x_wconf 80' lang='lat' dir='ltr'><strong>faciant,</strong></span> <span class='ocrx_word' id='word_1_747' title='bbox 1377 5561 1439 5617; x_wconf 90' lang='lat' dir='ltr'><strong>et</strong></span> <span class='ocrx_word' id='word_1_748' title='bbox 1468 5573 1589 5619; x_wconf 91' lang='lat' dir='ltr'><strong>non</strong></span> <span class='ocrx_word' id='word_1_749' title='bbox 1620 5555 1997 5642; x_wconf 81' lang='lat' dir='ltr'><strong>fallant,quia</strong></span> 
     </span>
    </p>
   </div>
   <div class='ocr_carea' id='block_1_119' title="bbox 2148 5549 3704 5642">
    <p class='ocr_par' dir='ltr' id='par_1_119' title="bbox 2148 5553 3704 5638">
     <span class='ocr_line' id='line_1_119' title="bbox 2148 5553 3704 5638; baseline -0.008 -17"><span class='ocrx_word' id='word_1_750' title='bbox 2148 5568 2235 5621; x_wconf 83' lang='grc' dir='ltr'><strong>ῢτο</strong></span> <span class='ocrx_word' id='word_1_751' title='bbox 2287 5563 2528 5617; x_wconf 79' lang='grc' dir='ltr'><strong>ποιοῦσιν</strong></span> <span class='ocrx_word' id='word_1_752' title='bbox 2600 5554 2661 5615; x_wconf 68' lang='grc' dir='ltr'><strong>ὲκ</strong></span> <span class='ocrx_word' id='word_1_753' title='bbox 2733 5553 3071 5638; x_wconf 70' lang='grc' dir='ltr'><strong>συμφωνίας,</strong></span> <span class='ocrx_word' id='word_1_754' title='bbox 3143 5554 3233 5613; x_wconf 72' lang='grc' dir='ltr'><strong>καὶ</strong></span> <span class='ocrx_word' id='word_1_755' title='bbox 3287 5555 3366 5637; x_wconf 71' lang='grc' dir='ltr'><strong>μὴ</strong></span> <span class='ocrx_word' id='word_1_756' title='bbox 3421 5554 3704 5632; x_wconf 68' lang='grc' dir='ltr'><strong>ἀπατῶσιν,</strong></span> 
     </span>
    </p>
   </div>
   <div class='ocr_carea' id='block_1_120' title="bbox 428 5722 954 5810">
    <p class='ocr_par' dir='ltr' id='par_1_120' title="bbox 428 5722 954 5810">
     <span class='ocr_line' id='line_1_120' title="bbox 428 5722 954 5810; baseline 0.002 -13"><span class='ocrx_word' id='word_1_757' title='bbox 428 5725 517 5797; x_wconf 82' lang='lat'><strong>91</strong></span> <span class='ocrx_word' id='word_1_758' title='bbox 544 5723 683 5802; x_wconf 78' lang='lat' dir='ltr'><strong>Cor.</strong></span> <span class='ocrx_word' id='word_1_759' title='bbox 710 5742 818 5810; x_wconf 83' lang='lat' dir='ltr'><strong>vn,</strong></span> <span class='ocrx_word' id='word_1_760' title='bbox 847 5722 954 5798; x_wconf 83' lang='lat'><strong>39.</strong></span> 
     </span>
    </p>
   </div>
  </div>
