3944 6222
150 296 242 368 901

956 277 1378 354 SYNTAGMA
1423 275 1747 347 GANONU?

1914 305 1946 328 -ο
1999 267 2156 342 TIT.
2204 273 2351 357 XII,
2391 259 2556 338 CAP.
2605 261 2721 337 ῘῘῘ.
2814 289 2816 292 ·

3367 265 3487 338 902

151 441 305 509 ἐπειδή
344 437 597 506 δεκαέτης
633 436 745 495 ἐστὶ
802 436 1024 517 χρόνος,
1083 437 1128 493 εί
1171 446 1394 499 σκοπεῖς
1455 433 1591 507 μετὰ
1619 450 1747 489 κατ-

1915 437 1933 491 ι
1964 436 2200 511 tempus
2233 425 2612 502 decennale;
2647 427 2697 490 si
2732 424 3082 490 consideres
3112 444 3217 490 eos
3258 425 3485 490 debere

146 533 432 616 ηχουμένων
477 529 665 592 αὖτοὺς
737 527 1054 606 συνάγεσθαι
1116 526 1269 597 τέως,
1327 524 1494 590 οὕτως
1538 521 1750 590 διοίκη-

148 613 259 683 σον’
312 624 352 678 εἰ
389 618 444 677 δὲ
499 623 718 695 συνορᾷς
772 615 851 673 ὅτι
910 619 1184 690 ἀπατῆσαι
1241 613 1620 692 βεϐούληνται,
1663 613 1750 670 καὶ

143 713 290 770 δεῖται
319 711 379 768 τα
404 708 524 766 κατ’
557 708 748 772 αὐτοὺς
797 705 874 762 ἔτι
926 706 1192 781 στύψεως,
1226 703 1358 782 ὅπερ
1389 706 1416 759 ὁ
1451 703 1580 766 Θεὸς
1609 703 1751 758 ὑπο-

144 801 301 859 ϐάλλει
341 821 450 879 σοι,
496 805 653 856 τοῦτο
691 796 938 870 ποίησον,
984 800 1266 874 πανταχοῦ
1297 794 1428 865 πρὸς
1458 792 1518 847 τὸ
1550 789 1752 870 ἐπέχον

141 891 468 970 ὀδηγούμενος
498 902 513 919 ⁸
577 887 664 944 ἐπὶ
720 887 821 965 γὰρ
877 891 986 942 τῶν
1054 885 1234 941 τόπων
1298 881 1607 962 τυγχάνων,
1654 882 1749 946 τὰς

144 981 330 1060 γνώμας
360 977 532 1034 αὒτῶν
563 975 768 1052 μᾶλλον
803 973 993 1031 εἰδέναι
1024 973 1266 1034 δύνασαι.

190 1062 261 1128 ”Ο
313 1067 585 1131 πολιτικὸς
631 1066 795 1141 νόμος
854 1064 914 1120 οὒ
962 1063 1178 1135 κολάζει
1209 1064 1306 1131 τὴν
1336 1061 1748 1140 δευτερογαμίαν

137 1159 168 1228 ἢ
215 1158 554 1236 πολυγαμίαν,
602 1154 871 1212 ἔκπτωσιν
901 1152 956 1210 δὲ
1003 1152 1204 1230 κερδῶν
1254 1152 1443 1231 ἐπάγει
1487 1163 1605 1215 τοῖς
1652 1172 1750 1228 γο-

140 1255 259 1306 νεῦσι
309 1246 800 1326 δευτερογαμοῦσιν,
867 1242 1109 1301 ὑπόντων
1181 1244 1366 1307 αὐτοῖς
1429 1240 1631 1298 παίδων
1687 1243 1750 1296 εκ

191 1339 212 1350 ε-
401 1335 410 1355 ν
1085 1334 1100 1351 \
1137 1330 1180 1350 In
1233 1334 1254 1351 ν
1501 1331 1514 1352 ρ
1635 1328 1658 1348 λ

137 1360 214 1394 του
263 1349 507 1417 προτέρου
549 1335 878 1395 συνοικεσίου
909 1347 924 1362 ⁸
985 1355 1104 1412 περι
1133 1349 1186 1388 οε
1216 1355 1291 1387 ων
1321 1335 1376 1387 ἓν
1409 1330 1601 1388 πλατει
1630 1345 1749 1386 οια-

137 1425 364 1502 λαμϐάνει
425 1429 452 1483 ὁ
498 1424 546 1482 θ’
573 1426 675 1485 τίτ.
725 1433 818 1482 τοῦ
860 1422 905 1479 ε’
949 1419 1091 1500 βιϐλ.
1139 1421 1231 1479 τοῦ
1281 1419 1413 1480 κώδ.
1446 1422 1533 1477 καὶ
1561 1422 1596 1489 ἡ
1628 1419 1748 1498 περὶ

136 1518 298 1596 γάμων
351 1516 524 1595 Νεαρά
556 1532 571 1547 ‘
627 1516 695 1571 Ἥ
748 1512 801 1569 δὲ
833 1513 965 1593 γυνῆ
992 1513 1124 1592 πρὸς
1154 1512 1361 1577 τούτοις
1393 1510 1746 1588 ἂναγκάζεται

135 1618 292 1680 μεῖναι
344 1607 433 1662 τὸν
483 1603 737 1678 πένθιμον
790 1604 1014 1683 χρόνον,
1046 1601 1326 1659 τουτέστιν
1365 1599 1625 1670 ἐνιαυτὸν,
1662 1597 1748 1655 διὰ

131 1695 217 1762 τὴν
267 1696 519 1775 σύγχυσιν
575 1693 672 1761 τῆς
726 1692 888 1772 γονῆς
923 1708 936 1722 ⁸
995 1691 1124 1770 ὅπερ
1169 1690 1256 1746 ἐπὶ
1310 1698 1404 1747 τοῦ
1433 1687 1619 1767 ἀνδρὸς
1653 1692 1748 1748 οὐκ

1835 523 2062 585 versari
2088 538 2224 582 cum
2249 519 2727 594 catechumenis,
2757 535 2916 579 nunc
2939 535 3042 579 eos
3064 519 3151 580 sic
3175 518 3481 600 dispensa.

1833 609 1938 674 Sin
1967 617 2170 672 autem
2202 608 2371 670 vides
2402 607 2564 689 quod
2590 607 2876 688 decipere
2899 607 3128 686 velit,et
3151 608 3484 670 acerbitate

1831 698 2028 762 adhuc
2062 699 2126 760 in
2158 718 2230 760 eo
2263 717 2414 780 opus
2457 697 2558 773 sit,
2594 697 2686 759 fac
2718 697 2776 757 id
2809 696 2968 777 quod
3003 695 3165 759 Deus
3198 696 3305 759 tibi
3337 717 3483 777 sug-

1832 789 2125 869 gesserit;
2161 789 2222 850 id
2254 807 2500 869 semper
2527 805 2790 868 sequens
2811 786 2971 867 quod
2995 787 3054 848 in
3081 805 3191 848 usu
3216 788 3484 850 estvim-

1834 897 1950 960 que
2005 879 2258 941 obtinet.
2324 877 2469 940 Nam
2531 896 2666 939 cum
2723 876 2798 938 iis
2852 876 2934 938 sis
2965 877 3026 938 in
3059 877 3234 950 locis,
3271 896 3480 942 eorum

1833 978 2069 1030 mentes
2102 966 2317 1030 melius
2349 967 2518 1028 nullo
2549 983 2920 1045 cognoscere
2953 974 3146 1047 potes.

1915 1057 2315 1121 TemlusAlﬁ
2340 1054 2542 1119 Civilis
2573 1056 2665 1117 lex
2690 1056 2913 1118 iterum
2941 1057 3233 1134 saepiusve
3263 1059 3486 1138 repeti-

1830 1155 1918 1210 tas
1937 1167 2056 1209 non
2084 1148 2258 1229 punit
2285 1147 2546 1228 nuptias.
2577 1145 2879 1225 [Interim]
2905 1156 3105 1209 tamen
3133 1148 3484 1227 parentibus

1830 1238 1934 1319 qui
1951 1237 2380 1318 superstitibus
2402 1254 2472 1300 ex
2498 1237 2696 1318 priore
2714 1237 2971 1316 conjuge
2999 1235 3208 1299 liberis
3239 1239 3482 1318 nuptias

1830 1335 2050 1401 terant,
2082 1326 2392 1388 lucrorum
2425 1325 2817 1387 amissionem
2853 1325 3111 1388 inducit.
3145 1329 3228 1388 De
3260 1329 3480 1408 quibus

1827 1415 1946 1480 late
1969 1425 2186 1479 tractat
2208 1416 2374 1490 tit.9,
2399 1416 2505 1479 lib.
2531 1415 2841 1490 5.Cod.,et
2861 1416 3104 1479 Novella
3129 1417 3205 1478 de
3228 1419 3475 1499 nuptiis.

1828 1507 1917 1569 Ad
1945 1509 2067 1570 inec
2082 1523 2220 1570 vero
2237 1507 2458 1569 mulier
2476 1515 2724 1588 propter
2747 1507 3231 1569 commistionem
3246 1509 3482 1588 sangui-

1829 1597 1947 1679 nis,
1981 1616 2206 1660 annum
2259 1596 2576 1676 lugubrem
2621 1607 2974 1676 exspectare
2998 1597 3232 1676 cogitur
3267 1621 3281 1656 :
3319 1599 3481 1678 quod

1829 1687 1892 1749 in
1916 1687 2060 1749 viris
2087 1690 2281 1749 locum
2309 1707 2428 1749 non
2452 1686 2656 1748 habet.
2689 1687 2830 1760 Quae
2851 1692 3047 1767 itaque
3073 1695 3203 1766 post
3225 1695 3478 1750 mortem

132 1783 251 1842 ἔστι.
281 1765 527 1860 Γαιῖοὗσα
568 1782 741 1840 τοίνυν
786 1783 889 1860 πρὸ
935 1780 1376 1859 συμπληρώσεως
1427 1782 1518 1837 τοῦ
1563 1779 1742 1836 ἐνιαυ-

1914 1777 1938 1839 ’ί
1960 1787 2099 1840 ante
2137 1777 2504 1858 completum
2539 1795 2762 1838 annum
2790 1765 3236 1851 nubit,infamis
3267 1778 3480 1840 reddi-

131 1881 209 1930 τοῦ
256 1875 380 1950 μετὰ
437 1874 666 1930 θάνατον
708 1881 803 1931 τοῦ
859 1871 1068 1951 ἀνδρὸς,
1104 1873 1410 1947 ὰτιμοῦται,
1442 1870 1528 1925 καὶ
1561 1873 1621 1928 οὗ
1649 1867 1742 1924 δύ-

1829 1877 1944 1930 tur:
1971 1867 2441 1948 dequeamplius
2462 1868 2680 1930 triente
2705 1866 3059 1928 substantiae
3075 1884 3197 1928 sua)
3211 1868 3480 1930 secundo

131 1985 260 2020 ναται
290 1962 449 2021 πλέον
495 1969 586 2020 τοῦ
629 1962 803 2041 τρίτου
833 1959 929 2029 τῆς
981 1960 1160 2023 οὐσίας
1215 1963 1380 2026 αὐτῆς
1428 1957 1628 2016 διδόναι
1668 1965 1746 2033 τῷ

1914 1956 2041 2018 ιΐὶίο
2073 1958 2325 2031 donare,
2359 1964 2459 2018 aut
2488 1956 2549 2017 in
2576 1963 2938 2019 testamento
2976 1956 3327 2038 relinquere
3359 1977 3479 2020 non

128 2048 323 2132 δευτέρῳ
347 2050 518 2132 ἀνδρὶ,
565 2051 600 2116 ἢ
652 2050 706 2106 ἐν
751 2048 980 2126 διαθήκῃ
1037 2047 1361 2105 καταλιπεῖν
1398 2067 1410 2080 °
1472 2049 1560 2104 καὶ
1609 2048 1744 2114 αύτή

123 2139 248 2197 οὖδὲν
282 2140 378 2207 ἔξει
440 2141 551 2198 ἀπὸ
608 2140 973 2217 κληρονομίας
1028 2138 1064 2207 ἢ
1127 2136 1392 2218 ληγάτου,
1439 2139 1474 2205 ἢ
1527 2137 1744 2199 mortis

123 2245 284 2292 causa
310 2230 511 2310 δωρεᾶς
545 2247 560 2263 ⁸
595 2229 734 2286 ἀλλὰ
762 2236 928 2286 ταῦτα
981 2225 1343 2302 λαμϐάνουσιν
1386 2229 1435 2283 οἱ
1471 2226 1742 2306 κληρονό-

122 2341 200 2394 μοι
248 2329 335 2380 τοῦ
384 2319 784 2382 καταλιπόντος
816 2338 832 2357 θ
883 2319 972 2375 καὶ
1015 2317 1070 2374 εἴ
1112 2341 1163 2374 τι
1196 2316 1482 2374 κατέλιπεν
1538 2316 1672 2392 αὒτῇ
1715 2319 1743 2373 ὁ

121 2414 302 2486 πρῶτος
378 2411 544 2486 ἀνὴρ,
634 2405 966 2483 λαμϐάνουσι
1023 2407 1160 2464 κατὰ
1218 2407 1421 2483 βαθμὸν
1479 2407 1544 2462 τὰ
1615 2404 1743 2462 δέκα

121 2500 375 2580 πρόσωπα,
430 2499 680 2562 ἀνιόντες
733 2498 822 2555 καὶ
880 2496 1156 2560 κατιόντες
1215 2497 1304 2552 καὶ
1373 2496 1434 2551 ἐκ
1491 2495 1740 2575 πλαγίου,

124 2585 266 2668 μέχρι
294 2588 533 2669 δευτέρου
565 2590 767 2666 βαθμοῦ
801 2605 815 2618 ·
875 2585 928 2653 ἐξ
977 2585 1253 2645 ἆδιαθέτου
1280 2584 1610 2665 κληρονομεῖ
1637 2589 1744 2642 τῶν

123 2684 366 2756 συγγενῶν
390 2679 563 2746 αὑτῆς
595 2679 761 2758 μέχρι
792 2679 953 2753 μόνου
988 2678 1162 2754 τρίτου
1211 2677 1439 2755 βαθμοῦ,
1494 2678 1584 2733 καί
1632 2677 1741 2736 πά-

125 2787 210 2832 σης
248 2766 383 2833 ἀξίας
418 2780 718 2844 στερεϊται,
753 2769 842 2823 καὶ
892 2771 996 2822 τῶν
1041 2765 1148 2821 ἀπὸ
1191 2771 1284 2822 τοῦ
1315 2765 1528 2841 πρώτου
1558 2763 1743 2844 ἀνδρὸς

1827 2055 2046 2128 potest.
2082 2045 2240 2119 Quin
2262 2045 2394 2127 ipsa
2416 2047 2596 2108 etiam
2623 2064 2692 2108 ex
2718 2045 3093 2120 haereditate,
3127 2054 3228 2108 aut
3256 2047 3478 2127 legato,

1823 2143 1925 2199 aut
1949 2138 2162 2198 mortis
2185 2135 2712 2198 causadonatione
2755 2135 2840 2196 nil
2878 2137 3272 2215 consequitur
3303 2156 3318 2198 :
3370 2139 3478 2200 sed

1827 2226 1952 2288 haec
1982 2226 2114 2305 ejus
2141 2225 2242 2306 qui
2271 2225 2518 2306 reliquit
2549 2224 2826 2286 haeredes
2860 2223 3130 2304 capiunt.
3165 2222 3232 2284 Et
3256 2225 3304 2285 si
3331 2227 3477 2306 quid

1824 2315 1936 2396 ipsi
1966 2317 2128 2394 prior
2150 2317 2402 2378 maritus
2418 2315 2757 2396 reliquerit,
2783 2314 3035 2396 capiunt
3059 2314 3232 2392 [illud
3257 2318 3476 2395 grada-

1825 2406 1930 2467 tim
1951 2405 2160 2468 decem
2188 2405 2613 2486 personae,hoc
2638 2404 3478 2470 estascendentesetdescen-

1828 2495 2070 2570 dentes;
2095 2503 2153 2558 et
2174 2514 2242 2557 ex
2267 2504 2615 2557 transverso
2639 2514 2830 2576 usque
2854 2495 2926 2556 ad
2970 2489 3477 2578 secundum‘gra-

1827 2585 1998 2646 dum.
2025 2586 2114 2647 Ab
2139 2586 2422 2647 intestato
2448 2604 2588 2648 vero
2614 2585 2886 2664 cognatis
2921 2584 3112 2665 ipsius
3135 2587 3207 2647 ad
3234 2589 3474 2652 tertium

1827 2675 2115 2738 duntaxat
2141 2694 2330 2757 usque
2349 2675 2601 2756 gradum
2624 2675 2918 2738 succedit.
2949 2674 3272 2757 [Denique]
3297 2679 3476 2742 etiam

1827 2765 1992 2827 omni
2019 2764 2338 2842 dignitate,
2372 2783 2632 2846 quaeque
2662 2783 2694 2825 a
2721 2764 2927 2845 priore
2952 2766 3166 2826 marito
3191 2766 3337 2848 [vel]
3370 2788 3478 2832 oc-

123 2856 186 2920 εἷς
223 2857 379 2926 αὐτὴν
413 2858 682 2917 ἐλθόντων
720 2857 979 2936 προφάσει
1011 2869 1292 2934 sponso",
1346 2854 1380 2922 ἢ
1439 2857 1575 2911 κατὰ
1614 2853 1747 2932 βού-

1914 2854 2072 2916 sione
2091 2853 2464 2934 sponsalium
2494 2853 2942 2927 munerum,vel
2967 2854 3476 2936 [ipsius]morien-

122 2942 260 3011 λησιν
310 2955 400 3006 τοῦ
453 2947 884 3017 τελευτήσαντος
919 2960 936 2977 ⁸
995 2942 1225 3020 μηδενὸς
1285 2949 1390 3000 τῶν
1455 2945 1746 3022 εἰρημένων

1929 2944 2235 3006 voluntate
2257 2943 2329 3005 ad
2355 2944 2518 3006 illam
2543 2943 2951 3024 pervenerint,
2979 2944 3269 3024 privatur.
3303 2947 3473 3023 Quod

121 3030 229 3091 δέκα
255 3038 556 3112 προσώπων
585 3034 982 3115 εὑρισκομένου,
1045 3033 1202 3113 χώρα
1250 3033 1328 3107 τῷ
1359 3034 1532 3110 φίσκῳ
1566 3051 1582 3068 ⁸
1630 3035 1747 3098 οὔτε

1914 3033 2106 3095 nullus
2126 3034 2420 3096 dictarum
2447 3035 2655 3096 decem
2688 3051 3082 3115 personarum
3107 3034 3470 3120 inveniatur,

122 3128 206 3191 τῆς
234 3128 357 3204 πρὸς
409 3129 593 3207 γάμου
650 3123 850 3205 δωρεᾶς
908 3122 1190 3182 ἀπολαύει.
1246 3125 1302 3179 Εἰ
1335 3121 1387 3179 δὲ
1422 3125 1511 3180 καὶ
1541 3123 1747 3205 κληρο-

1914 3143 2004 3188 :us
2026 3124 2134 3206 [lit]
2191 3125 2359 3188 ﬁsco.
2394 3123 2602 3206 Neque
2645 3124 2843 3206 [vero]
2869 3124 3199 3189 donatione
3230 3140 3476 3213 propter

123 3215 264 3289 νόμος
303 3217 539 3298 ἐγράφη,
608 3217 652 3272 εἷ
710 3215 806 3290 μὲν
853 3213 1071 3293 μερικῆ,
1110 3214 1173 3269 τὸ
1221 3212 1382 3291 μέρος
1416 3213 1579 3282 αὐτῆς
1606 3219 1750 3296 παρὰ

119 3317 220 3369 τοῖς
244 3306 704 3385 συγκληρονόμοις
739 3303 888 3381 μένει
919 3319 934 3334 ⁸
997 3305 1041 3360 εἰ
1099 3301 1154 3359 δέ
1199 3303 1344 3378 μόνη
1384 3303 1612 3386 ἐγράφη,
1675 3308 1748 3372 εἷς

119 3393 224 3458 τοὺς
271 3395 320 3462 ἔξ
375 3396 660 3454 ἂδιαθέτου
716 3397 744 3450 ὁ
802 3392 1001 3472 κλῆρος
1063 3391 1283 3473 ἔρχεται
1315 3408 1330 3423 ⁶
1401 3394 1445 3450 εἰ
1475 3392 1532 3450 δὲ
1562 3395 1751 3472 ἀτιμία

118 3478 299 3564 λύεται,
342 3483 588 3556 δεήσεως
633 3482 758 3563 παρ’
799 3486 968 3548 αὐτῆς
1021 3489 1098 3556 τῷ
1153 3481 1371 3559 βασιλεῖ
1399 3486 1749 3564 προσαγομέ-

120 3592 222 3646 νης,
276 3575 362 3630 καὶ
405 3573 868 3657 φιλοτιμουμένου
927 3579 1081 3630 τοῦτο
1110 3591 1127 3610 ⁸
1190 3571 1390 3629 παίδων
1434 3572 1488 3630 δὲ
1524 3575 1659 3652 αὒτῇ
1691 3575 1750 3633 ἐκ.

115 3667 192 3717 τοῦ
226 3665 481 3745 προτέρου
549 3663 884 3721 συνοικεσίου
941 3663 1208 3738 ὑπόντων,
1271 3667 1368 3722 οὒκ
1426 3662 1605 3728 ἄλλως
1649 3670 1749 3734 τῆς

116 3753 348 3822 τοιαύτης
377 3755 625 3823 τεύξεται
657 3753 990 3835 ῳιλοτιμίας,
1026 3754 1112 3810 καὶ
1161 3759 1267 3810 τῶν
1316 3753 1495 3810 ἄλλων
1549 3758 1748 3812 ποινῶν

117 3840 190 3896 καὶ
238 3847 332 3911 τῆς
373 3845 603 3922 ἀτιμίας
667 3841 1135 3923 ἀπαλλαγήσεται,
1196 3843 1240 3899 εἰ
1293 3845 1372 3918 μὴ
1430 3849 1528 3912 τῆς
1585 3843 1748 3912 οὔσης

118 3928 232 4007 αὗτῇ
270 3933 448 3998 οὗσίας
509 3936 570 3992 ἒν
623 3941 701 4009 τῷ
747 3931 1183 4012 δευτερογαμετν,
1232 3944 1350 3997 τοῖς
1381 3933 1541 3990 παισί
1571 3933 1749 4013 δωρή-

117 4038 244 4077 σεται
286 4025 424 4081 κατὰ
468 4029 680 4106 χρῆσιν
726 4025 812 4080 καὶ
867 4021 1205 4096 δεσποτείαν,
1264 4025 1337 4088 ὡς
1389 4021 1534 4100 βιϐλ,
1587 4023 1632 4080 ε’
1658 4027 1752 4081 τοῦ

116 4107 254 4190 κώδ.,
298 4114 403 4174 τίτ.
437 4114 512 4190 θ’,
565 4112 709 4176 διάτ.
758 4111 811 4169 α’
849 4113 937 4172 καὶ
981 4112 1060 4190 β’,
1111 4113 1200 4170 καὶ
1228 4115 1284 4169 ἒν
1315 4119 1384 4190 τῇ
1417 4117 1533 4194 περὶ
1561 4115 1750 4193 γάμων

117 4201 268 4279 Νειρᾷ
302 4219 318 4234 ⁸
366 4203 533 4262 ’Ἔστι
585 4201 642 4260 δὲ
687 4203 775 4261 καὶ
816 4201 1109 4268 ἀκινδύνως
1160 4203 1248 4260 καὶ
1306 4203 1550 4279 ἀζημίως
1604 4205 1750 4272 ἐντὸς

115 4297 192 4346 τοῦ
243 4294 500 4369 πενθίμόυ
556 4295 764 4375 χρόνου
814 4306 1037 4374 γαμεῖν,
1092 4292 1365 4350 τουτέστιν
1421 4293 1528 4350 ἀπὸ
1558 4293 1744 4352 κελεύ-

115 4396 233 4442 σιως
266 4397 280 4412 ⁸
312 4387 400 4440 καὶ
444 4382 537 4442 ὅτε
587 4383 642 4440 ἐν
679 4389 756 4458 τῷ
801 4383 1038 4459 πενθίμῳ
1085 4383 1268 4463 χρόνῳ
1313 4382 1470 4464 τέκῃ,
1503 4386 1575 4450 ὡς
1599 4382 1746 4461 βιϐλ.

1832 3215 2070 3295 nuptias
2087 3214 2330 3278 fruitur.
2367 3215 2561 3296 Atque
2584 3214 2634 3276 si
2659 3214 2848 3277 haeres
2871 3213 3054 3276 etiam
3086 3219 3308 3300 scripta
3336 3221 3474 3287 fue-

1829 3303 1991 3375 rit,si
2011 3303 2255 3385 quidem
2277 3323 2345 3366 ex
2373 3304 2707 3385 parte,ejus
2725 3305 2920 3385 portio
2943 3306 3099 3385 apud
3124 3309 3476 3378 cohaeredes

1832 3401 2071 3455 manet:
2099 3392 2195 3454 sin
2223 3412 2293 3455 ex
2333 3393 2572 3470 asse,ad
2621 3396 3050 3473 [successores]
3089 3397 3163 3458 ab
3194 3399 3475 3467 intestato

1830 3483 2157 3547 haereditas
2181 3483 2325 3546 abit.
2354 3483 2646 3546 Caeterum
2674 3484 2923 3546 infamia
2941 3483 3245 3562 aboletur,
3271 3490 3321 3552 si
3348 3492 3477 3573 ipsa

1833 3573 2182 3654 imperatori
2222 3592 2437 3653 preces
2461 3574 2696 3649 offerat,
2733 3573 3136 3655 illequeistud
3161 3577 3472 3658 largiatur.

1829 3663 2107 3744 Atsiipsi
2131 3663 2310 3726 liberi
2359 3682 2432 3725 ex
2481 3663 2682 3742 priore
2708 3664 3096 3727 matrimonio
3141 3671 3471 3751 supersint,

1832 3773 1952 3816 non
1975 3753 2148 3815 aliter
2162 3772 2232 3815 ea
2254 3752 2631 3832 benignitate
2656 3752 2944 3835 potietur,
2979 3772 3091 3817 nec
3115 3755 3252 3819 aliis
3283 3763 3475 3841 poenis

1831 3843 2199 3906 autinfamia
2226 3842 2610 3919 liberabitur,
2647 3856 2823 3925 qnam
2848 3844 2897 3905 si
2939 3845 3252 3909 semissem
3291 3852 3473 3915 subs-

1833 3933 2034 3996 tantia;
2054 3951 2201 4010 suaa,
2237 3951 2373 4024 nam
2400 3933 2792 4024 cuminuptias
2812 3935 3058 3998 iteraret
3083 3937 3313 4014 habuit,
3356 3943 3472 4024 [et]

1832 4024 2177 4087 ususfructu
2211 4032 2268 4086 et
2290 4023 2543 4086 dominii
2568 4024 2744 4104 [jure]
2769 4024 2888 4086 illis
2913 4025 3122 4088 donet:
3147 4028 3287 4090 ΔΜ
3323 4023 3474 4111 qua;

1834 4114 2218 4177 madmodum
2236 4112 2978 4190 lib.5.Cod.tit.9,const.1
3008 4123 3069 4179 et
3090 4117 3218 4194 λοι
3237 4123 3476 4187 novella

1834 4203 1910 4267 de
1934 4205 2161 4285 nuptiis
2179 4203 2484 4284 traditur.]
2508 4203 2816 4268 Interdum
2841 4213 3040 4268 tamen
3059 4208 3209 4271 citra
3231 4211 3475 4292 pericu-

1832 4294 1957 4356 lum
1982 4302 2040 4357 et
2063 4294 2348 4357 damnum
2373 4294 2533 4357 intra
2556 4313 2777 4356 annum
2803 4295 3118 4376 lugubrem
3155 4301 3325 4364 nubit
3352 4322 3366 4367 :
3401 4322 3478 4367 ex

1835 4385 2130 4466 principis
2160 4384 2444 4447 videlicet
2468 4385 2741 4465 jussu,et
2769 4386 3008 4466 quando
3031 4388 3091 4448 in
3114 4387 3350 4470 lugubri
3375 4412 3478 4455 an-

114 4466 159 4541 γ’
210 4473 310 4526 τῶν
366 4471 544 4550 διάτ.,
580 4474 685 4532 τίτ.
712 4471 787 4551 β’,
822 4470 964 4532 διάτ.
1000 4471 1061 4548 ι’,
1096 4471 1168 4527 ια’
1204 4492 1216 4506 ’
1253 4473 1371 4550 περὶ
1401 4471 1455 4528 δὲ
1485 4473 1746 4550 ἀθεμίτων

1942 4477 2175 4556 peperit
2208 4497 2221 4533 :
2258 4483 2323 4536 ut
2383 4474 2494 4538 lib.
2526 4476 2586 4538 3.
2619 4474 2781 4554 Dig.,
2818 4475 2908 4537 tit.
2943 4478 3004 4551 ἓ,
3040 4466 3255 4558 digest.
3297 4483 3388 4560 10,
3424 4482 3478 4546 ΙΙ

113 4559 187 4612 καὶ
212 4560 607 4639 κεκωλυμένων
669 4563 881 4642 γάμων,
937 4559 1284 4637 διαλαμϐάνει
1349 4563 1374 4618 δ
1432 4560 1479 4619 ε’
1524 4566 1612 4620 καὶ
1667 4565 1748 4639 ς’

111 4649 185 4702 καὶ
211 4650 237 4706 ὁ
261 4652 309 4722 ζ’
336 4655 439 4714 τίτ.
489 4662 590 4714 τοῦ
620 4651 666 4709 ε’
700 4650 843 4730 βιϐλ.
893 4658 987 4709 τοῦ
1019 4650 1177 4731 κώδ.,
1209 4653 1295 4709 καὶ
1321 4651 1465 4730 βιϐλ,
1499 4653 1613 4736 κγ’,
1639 4656 1745 4720 τίτ.

111 4733 177 4816 β’,
203 4735 338 4804 διᾶτ.
369 4742 491 4824 λη’,
527 4742 642 4820 να’,
676 4742 780 4824 π’,
806 4741 906 4813 EC.

409 4881 424 4897 .
497 4832 586 4896 1".
643 4867 724 4878 -ι
781 4835 906 4912 Περὶ
963 4832 1069 4889 τῶν
1147 4831 1485 4891 ὑπονοουπῶν
1543 4836 1748 4895 ἀποθα-

113 4927 210 4972 νεῖν
295 4923 410 4987 τοὺς
502 4921 703 5005 ἄνδρας
775 4921 947 4982 αὐτῶν
1034 4920 1595 5004 ἂπολιμπανομένους,
1653 4927 1750 4988 καί

112 5018 374 5083 γαμουσῶν
386 5060 398 5075 .

320 5100 557 5186 Συνόδου
590 5105 964 5180 οἰκουμενικῆς
993 5101 1157 5171 ἕκτης
1186 5104 1364 5162 κανὼν
1398 5105 1518 5186 4γ’.

183 5187 300 5268 ζ¹γ’,
365 5184 431 5250 Ἦ
494 5194 963 5276 ἀναχωρήσαντος
1021 5203 1116 5254 τοῦ
1153 5193 1338 5275 ἀνδρὸς
1396 5184 1487 5255 καὶ
1521 5198 1750 5281 ἀφανοῦς

116 5272 268 5367 όντος,
326 5285 434 5362 πρὸ
491 5292 595 5342 τοῦ
651 5288 934 5353 πεισθῆναι
981 5285 1236 5365 περὶτοῦ
1291 5286 1516 5346 θανάτου
1566 5293 1748 5367 αὐτοῦ,

118 5362 262 5459 ετξρῴ
303 5382 635 5433 συνοικοῦσα
690 5380 954 5456 μοιχᾶται
991 5393 1006 5410 ⁸
1058 5375 1314 5442 ὡσαύτως
1367 5378 1455 5435 καὶ
1484 5380 1748 5459 στρατιώ-

1835 4565 2106 4643 [docetur
2135 4565 2155 4645 ]
2187 4564 2270 4626 De
2321 4564 2552 4627 illicitis
2583 4583 2761 4647 porro
2790 4577 2847 4628 et
2883 4566 3217 4631 interdictis
3249 4573 3476 4654 nuptiis

1833 4661 2110 4722 tractant.
2145 4655 2239 4717 tit.
2274 4656 2335 4729 5,
2369 4659 2432 4728 6,
2459 4657 2521 4726 7,
2555 4655 2665 4717 lib.
2722 4654 2772 4719 ν
2802 4657 2975 4735 Cod.,
3012 4664 3072 4719 et
3103 4659 3207 4721 lib.
3243 4660 3342 4738 93,
3381 4663 3469 4724 tit.

1830 4746 1891 4822 ἓ,
1922 4745 2141 4826 digest.
2178 4744 2278 4823 38,
2315 4747 2416 4821 5|,
2452 4745 2552 4820 55,
2586 4747 2688 4807 67.

1913 4834 2074 4900 CAP.
2108 4833 2211 4898 lli.
2245 4869 2324 4880 —
2353 4836 2439 4898 De
2484 4834 2763 4913 feminis,
2797 4853 2932 4916 quae
2987 4837 3159 4901 viros
3189 4856 3331 4902 suos
3360 4841 3472 4905 ab-

1831 4934 2026 4990 sentes
2054 4925 2272 4990 obiisse
2303 4930 2591 5008 putantes
2623 4923 2879 4988 nubunt.

2106 5105 2374 5170 Consilii
2403 5105 2757 5170 cacumenici
2782 5123 2838 5169 v1
2867 5123 3067 5171 canon
3097 5107 3200 5173 93.

1914 5196 2013 5260 93.
2047 5195 2208 5259 Uxor
2227 5195 2282 5239 ¹⁰
2297 5196 2404 5257 viri
2431 5197 2531 5277 qui
2551 5197 2803 5258 secessit
2829 5205 2890 5260 et
2912 5216 3031 5260 non
3055 5208 3329 5286 apparet,
3365 5221 3477 5268 an-

1835 5295 2073 5368 tequam
2091 5286 2167 5348 de
2187 5287 2317 5366 ejus
2342 5294 2534 5349 morte
2560 5288 2783 5350 certior
2806 5287 2955 5352 facta
2977 5289 3258 5369 sit,alteri
3290 5295 3476 5360 coha-

1833 5377 2033 5440 bitans
2063 5376 2462 5444 adulteratur.
2513 5377 2808 5442 Similiter
2846 5391 2908 5444 et
2943 5381 3200 5446 militum
3231 5404 3477 5465 uxores,

116 5454 235 5525 τιδτς
272 5465 324 5521 αἱ
378 5470 490 5524 τῶν
538 5463 746 5547 ἀνδρῶν
789 5454 1004 5548 ἔφανῶν
1048 5465 1216 5525 ὄντων
1265 5454 1623 5551 γαμηθεῖσαι,
1675 5477 1747 5548 τῷ

1914 5485 1971 5533 ae
1993 5485 2113 5532 non
2133 5467 2570 5551 apparentibus
2596 5471 2834 5536 maritis
2862 5477 3283 5559 nupserunt,in
3307 5454 3476 5544 eam;

183 5634 236 5688 ¹⁰
261 5645 344 5711 Ex
373 5642 566 5717 Basil.
606 5663 740 5712 can.
773 5640 879 5735 3i,
915 5646 1017 5732 36,
1047 5647 1176 5718 46.‘
