4090 6204
457 251 599 341 eos

1664 248 1934 350 pnoru
1981 239 2503 352 PATRIARCHE
2554 275 2668 353 op;

3723 283 3832 359 904

473 423 612 487 dem
643 427 941 492 rationem
974 427 1248 491 incidunt
1277 446 1292 509 ;
1349 430 1856 512 quemadmodum
1889 440 1952 496 et
1982 450 2110 515 qua:

2208 436 2338 510 αὐτῷ
2367 435 2668 493 δπόκεινται
2700 433 2868 514 λόγῳ,
2901 434 3048 515 ᾧπερ
3078 436 3169 493 καὶ
3221 436 3273 492 αἱ
3331 432 3416 494 διὰ
3477 433 3579 504 τήν
3629 435 3833 504 ἀποδη-

474 523 726 597 propter
754 518 947 580 mariti
981 521 1823 599 peregrinationem,reditum
1860 542 1980 585 non
2006 543 2114 586 ex-

473 607 896 685 spectant.Sed
928 626 1026 670 res
1061 609 1158 671 hic
1192 609 1437 690 quidem
1471 612 1735 693 aliquam
1757 616 1989 676 veniam
2015 616 2117 675 ha-

473 695 762 770 bet,quod
783 697 859 758 sit
881 698 1073 778 major
1094 699 1226 778 ejus
1250 701 1462 762 mortis
1480 701 1770 782 suspicio.
1787 701 1868 765 Ea
1889 711 2110 778 autem,

471 801 604 863 quae
632 783 723 846 illi
779 787 883 867 qui
939 787 1009 850 ad
1073 796 1310 870 tempus
1367 791 1597 853 eratab
1624 810 1810 854 uxore
1837 791 2113 868 relictus,

470 875 675 963 nupsit
700 892 809 955 per
838 876 1268 955 ignorantiam,
1293 878 1516 942 deinde
1547 880 1801 942 dimissa
1833 890 1924 943 est
1955 882 2113 963 quod

471 962 638 1043 prior
658 965 731 1026 ad
757 968 951 1046 ipsum
975 967 1348 1044 redierit,est
1377 968 1618 1051 quidem
1654 962 1988 1046 fornicata,
2008 971 2115 1033 sed

474 1070 584 1132 per
617 1056 1052 1133 ignorantiam;
1093 1077 1126 1120 a
1165 1060 1551 1122 matrimonio
1573 1078 1714 1138 ergo
1741 1081 1858 1123 non
1877 1059 2116 1123 arcebi-

470 1150 589 1219 tur,
623 1146 850 1208 rectius
879 1149 1162 1224 autem,si
1193 1150 1280 1211 sic
1311 1149 1741 1214 manserit.Sin
1768 1158 1963 1212 autem
1998 1153 2117 1211 mi-

472 1233 561 1295 les
591 1234 895 1316 aliquanto
931 1247 1065 1319 post
1117 1248 1390 1318 tempore
1445 1241 1716 1315 redierit,
1770 1241 1940 1320 cujus
1971 1259 2120 1302 uxor

469 1334 721 1404 propter
749 1327 988 1406 longam
1023 1329 1186 1390 illius
1241 1330 1574 1392 absentiam
1606 1331 1779 1393 alteri
1814 1331 1938 1393 viro
1970 1349 2118 1392 con-

465 1417 670 1500 juncta
705 1423 818 1490 est,
848 1416 899 1477 is
929 1417 980 1478 si
1012 1417 1180 1493 velit,
1214 1426 1520 1499 propriam
1556 1438 1804 1481 uxorem
1839 1419 2113 1500 recipiat,

467 1499 584 1584 ipsi
637 1505 807 1567 venia
859 1515 1104 1587 propter
1132 1508 1531 1587 ignorantiam
1593 1509 1750 1585 data,
1806 1499 1984 1590 eique
2013 1509 2116 1590 qui

465 1593 629 1655 illam
664 1595 722 1656 in
757 1597 1039 1658 secundis
1069 1597 1296 1678 nuptiis
1325 1598 1569 1661 domum
1603 1599 1795 1665 duxit.

748 1685 889 1748 415
918 1686 1143 1749 Basilii
1171 1704 1435 1751 canones
1465 1690 1564 1765 3t,
1602 1687 1700 1764 36,
1731 1689 1830 1752 46.

2197 525 2321 599 μίαν
2351 532 2444 582 τοῦ
2486 524 2668 602 ἀνδρὸς
2700 528 2778 601 μὴ
2809 525 3158 600 ἀναμείνασαι
3191 525 3290 592 τὴν
3340 523 3601 583 ἐπάνοδον
3635 545 3648 560 °
3697 526 3832 595 πλὴν

2197 614 2317 693 ἔχει
2371 616 2490 674 τινὰ
2547 613 2874 693 συγγνώμην
2931 616 2992 671 τὸ
3052 621 3273 695 πρᾶγμα
3330 615 3576 691 ἐνταῦθα,
3635 614 3717 672 διὰ
3776 618 3833 673 τὸ

2199 702 2403 779 μᾶλλον
2462 706 2592 783 πρὸς
2649 706 2876 762 θάνατον
2933 704 3077 762 εἶναι
3138 705 3239 772 τὴν
3269 705 3523 763 ὑπόνοιαν
3555 723 3569 738 ο
3615 707 3650 774 ἡ
3682 703 3735 761 δὲ
3765 712 3836 780 τῷ

2197 791 2595 874 καταλειφθέντι
2652 795 2785 871 πρὸς
2829 795 3012 873 καιρὸν
3066 794 3210 870 παρὰ
3258 800 3352 863 τῆς
3413 796 3664 873 γυδαικὸς
3706 795 3834 852 κατά

2197 882 2416 960 ἄγνοιαν
2460 882 2777 962 γημαμένη,
2810 887 2932 944 εἶτα
2965 884 3244 963 ἀφεθεῖσα,
3279 883 3365 941 διὰ
3419 887 3480 941 τὸ
3532 884 3837 942 ἐπανελθεῖν

2197 975 2331 1050 πρὸς
2364 974 2518 1032 αὐτὸν
2586 975 2677 1041 τὴν
2730 972 3013 1054 προτέραν,
3074 973 3358 1052 έπόρνευσε
3411 973 3532 1054 μὲν,
3569 975 3624 1031 ἐν
3654 974 3836 1053 ἀγνοίᾳ

2199 1059 2278 1140 δὲ,
2341 1062 2515 1140 γάμου
2574 1070 2702 1139 γοῦν
2757 1064 2853 1120 οὐκ
2903 1064 3250 1142 εἶρχθήσεται
3286 1082 3300 1097 ⁸
3367 1063 3590 1120 κάλλιον
3655 1062 3711 1119 δὲ
3753 1064 3836 1119 ἐὰν

2201 1151 2356 1228 μείνῃ
2389 1151 2582 1214 οὕτως.
2630 1155 2688 1210 Εἰ
2719 1150 2773 1209 δέ
2817 1173 2878 1231 γε
2908 1155 2936 1209 ὁ
2969 1153 3303 1232 στρατιώτης
3335 1152 3616 1211 ἐπανέλθοι
3662 1153 3838 1233 χρόνῳ

2197 1241 2354 1320 ποτὲ,
2391 1242 2450 1298 οὗ
2492 1243 2526 1309 ἡ
2574 1243 2706 1319 γυνή
2739 1240 2824 1298 διὰ
2853 1241 3078 1308 τὴνὲπῖ
3127 1241 3264 1300 πολὺ
3311 1242 3512 1299 ὶκείνου
3555 1240 3839 1317 ἀπόλειψιν

2198 1331 2362 1409 ἑτέρῳ
2407 1332 2644 1410 συνήιρθη
2687 1328 2864 1408 ἀνδρί,
2901 1330 3051 1398 οὗτος
3100 1333 3145 1388 εί
3203 1346 3565 1411 προαιρεῖται,
3613 1331 3715 1399 τὴν
3759 1333 3838 1388 oi-

2198 1421 2346 1478 κείαν
2417 1422 2561 1483 αὖθις
2627 1419 2950 1478 ἀπολαϐέτω
3013 1434 3271 1502 γυναῖκα,
3336 1423 3664 1501 συγγνώμης
3710 1421 3838 1497 αὗτῇ

2199 1510 2284 1566 ἐπὶ
2328 1516 2395 1586 τῇ
2437 1509 2625 1587 ἀγνοίᾴ
2666 1507 2970 1585 διδομένης,
3012 1512 3104 1566 καί
3163 1511 3240 1585 τῷ
3295 1513 3498 1578 ταύτην
3542 1511 3836 1566 ἒίσοικισα-

2199 1599 2344 1676 μένῳ
2371 1601 2508 1656 κατά
2537 1598 2782 1676 δεύτερον
2812 1600 2987 1676 γάμον
3017 1597 3185 1678 ἀνδρί,

2531 1689 2809 1746 Βασιλείου
2846 1690 3014 1746 κανὼν
3045 1688 3157 1764 λα’,
3191 1687 3328 1764 λς’,
3363 1686 3510 1764 μς’.

549 1775 649 1836 31.
687 1775 866 1856 Cujus
897 1777 987 1838 vir
1017 1776 1320 1854 discessit,
1348 1796 1459 1841 nec
1490 1787 1822 1859 comparet,
1858 1796 1926 1840 ea
1954 1787 2110 1841 ante-

2276 1778 2389 1840 λα’.
2453 1770 2516 1837 Ἠ
2572 1779 3032 1859 ἀναχωρήσαντος
3074 1787 3167 1837 τευ
3223 1776 3405 1858 ἀνδρὸς
3448 1780 3537 1835 καὶ
3609 1780 3837 1858 ἀφανοῦς

466 1885 641 1948 quam
673 1867 748 1928 de
807 1868 941 1948 ejus
995 1878 1186 1931 morte
1242 1870 1466 1931 certior
1508 1870 1662 1933 facta
1693 1869 1794 1947 sit,
1829 1887 1947 1931 una
1977 1887 2111 1931 cum

465 1956 583 2020 alio
607 1957 880 2018 habitans
908 1959 1263 2020 mcechatur.

545 2047 648 2112 36.
679 2047 930 2109 Militum
963 2065 1346 2130 uxores,quae
1373 2048 1604 2110 maritis
1633 2049 1758 2112 suis
1790 2068 1908 2112 non
1941 2067 2112 2111 com-

465 2137 837 2220 parentibus,
871 2147 1228 2220 nupserunt,
1274 2140 1493 2202 rationi
1542 2139 1737 2201 eidem
1770 2139 2110 2218 subjiciun-

465 2237 588 2304 tur,
624 2229 719 2291 cui
752 2237 810 2290 et
839 2229 976 2306 illae,
1011 2247 1147 2310 quae
1169 2228 1245 2291 ob
1278 2230 1821 2310 peregrinationem
1858 2231 2110 2293 marito-

465 2338 630 2398 rum,
666 2320 927 2382 reditum
965 2337 1085 2382 non
1117 2329 1548 2400 exspectavere
1585 2341 1598 2379 :
1643 2320 1748 2382 sed
1786 2328 1980 2382 tamen
2011 2338 2109 2382 res

466 2410 819 2472 nonnullam
874 2411 973 2472 hic
1022 2411 1257 2472 veniam
1309 2410 1590 2485 admittit,
1621 2409 1779 2491 quod
1812 2412 2006 2491 major
2033 2410 2109 2474 sit

464 2499 674 2560 mortis
704 2497 992 2578 suspicio.

544 2588 646 2648 46.
681 2587 824 2660 Quae
853 2589 974 2649 viro
999 2588 1071 2651 ad
1097 2595 1334 2670 tempus
1359 2587 1433 2650 ab
1465 2607 1656 2651 uxore
1687 2588 1976 2652 derelicto
2008 2591 2106 2652 in-

2195 1869 2372 1944 ὄντος,
2430 1871 2533 1948 πρὸ
2590 1877 2684 1926 τοῦ
2744 1872 3026 1936 πεισθῆναι
3077 1869 3200 1948 περὶ
3246 1876 3341 1927 τοῦ
3397 1870 3630 1928 θανάτου
3686 1873 3844 1928 αὐτοῦ

2195 1959 2361 2038 ἑτέρῳ
2401 1960 2788 2038 συνοικήσασα,
2837 1964 3124 2038 μοιχᾶται.

2275 2049 2414 2123 λς’,
2462 2047 2852 2128 Στρατιώτιδες
2895 2052 2948 2105 αἱ
2989 2054 3099 2104 τῶν
3167 2045 3370 2127 ἀνδρῶν
3415 2048 3635 2127 ἀφανῶν
3679 2048 3842 2104 ὄντων

2193 2142 2549 2218 γαμηθεῖσαι,
2584 2143 2663 2212 τῷ
2705 2138 2847 2212 αὒτῷ
2891 2138 3198 2195 δπόκεινται
3241 2137 3407 2217 λόγῳ,
3468 2145 3618 2216 ᾧπερ
3663 2139 3754 2195 καὶ
3796 2139 3844 2193 αἱ

2194 2228 2279 2285 διὰ
2329 2230 2428 2297 τὴν
2471 2227 2778 2304 ἀποδημίαν
2823 2234 2930 2285 τῶν
2973 2225 3174 2306 ἀνδρῶν
3219 2228 3297 2304 μὴ
3347 2227 3704 2302 ἀναμείνασαι
3751 2227 3843 2295 τὴν

2193 2317 2450 2377 ἐπάνοδον
2482 2338 2500 2357 °
2534 2318 2680 2386 πλὴν
2723 2319 2842 2398 ἔχει
2887 2319 3004 2376 τινὰ
3042 2321 3368 2397 συγγνώμην
3401 2318 3462 2374 τὸ
3493 2323 3722 2395 πρᾶγμα
3753 2317 3840 2372 έν-

2191 2413 2382 2484 ταῦθα,
2414 2408 2497 2467 διὰ
2541 2411 2604 2466 τὸ
2661 2408 2868 2486 μᾶλλον
2918 2409 3051 2487 πρὸς
3091 2409 3319 2470 θάνατον
3362 2407 3507 2465 εἶναι
3550 2407 3656 2475 τῂν
3705 2408 3839 2464 ὑπό-

2190 2523 2361 2565 νοιαν,

2271 2589 2419 2666 pg...
2461 2591 2537 2646 Ἥ
2595 2587 2650 2645 δὲ
2705 2593 2784 2662 τῷ
2842 2586 3246 2668 καταλειφθέντι
3290 2588 3422 2666 πρὸς
3463 2587 3658 2666 καιρὸν
3700 2584 3836 2662 παρά

460 2676 662 2739 sciens
686 2677 914 2759 nupsit,
943 2681 993 2739 si
1021 2678 1244 2741 deinde
1266 2678 1513 2740 dimissa
1534 2678 1814 2760 est,quod
1839 2680 2003 2760 prior
2031 2681 2105 2742 ad

2208 2685 2288 2748 τῆς
2318 2680 2570 2758 γυναικὸς
2614 2679 2749 2736 κατᾶ
2795 2676 3015 2758 ἄγνοιαν
3048 2677 3366 2756 γημαμένη,
3401 2677 3528 2734 εἶτα
3577 2677 3836 2757 ἀφεθεῖσα

458 2767 658 2848 ipsum
693 2786 936 2830 reversa
959 2768 1059 2844 sit,
1093 2767 1388 2831 fornicata
1419 2768 1666 2850 quidem
1698 2775 1813 2844 est,
1845 2769 1953 2831 sed
1987 2772 2104 2831 im-

2208 2770 2274 2828 ἴιά
2321 2772 2384 2826 τὸ
2427 2769 2741 2827 ἐπανελθεῖν
2786 2770 2916 2848 πρὸς
2959 2770 3117 2828 αὐτὸν
3160 2767 3261 2834 τὴν
3317 2767 3602 2846 προτέραν,
3669 2767 3833 2846 ἐπορ-

461 2857 750 2939 prudens.
784 2860 834 2920 A
895 2859 1276 2922 matrimonio
1310 2876 1452 2939 ergo
1489 2877 1607 2921 non
1638 2857 1963 2938 arcebitur,
1999 2860 2106 2923 sed

2208 2881 2338 2916 νευσε
2382 2859 2502 2936 μὲν,
2535 2860 2591 2916 έν
2621 2859 2810 2939 ἀγνοία
2838 2858 2894 2914 δέ
2926 2875 2942 2891 ⁶
2977 2859 3156 2938 γάμου
3187 2857 3278 2915 οὖν
3308 2859 3401 2915 οὒκ
3432 2859 3781 2938 εἷρχθήσεται
3814 2871 3828 2886 ⁸

461 2949 678 3012 melius
709 2959 798 3013 est
831 2949 881 3011 si
912 2950 1001 3012 sic
1034 2956 1406 3030 permaneat.

2208 2949 2408 3030 ιάλλιον
2440 2948 2494 3006 δὲ
2525 2949 2617 3006 ἐὰν
2648 2949 2806 3026 μείνῃ
2838 2948 3031 3010 οὕτως.

541 3039 686 3112 Quae
717 3039 792 3102 de
824 3029 1099 3121 repudi’is
1129 3038 1372 3100 disserit
1401 3038 1637 3100 novella
1690 3041 1830 3113 H7,
1863 3037 1944 3099 ait
1979 3059 1992 3102 :
2045 3039 2105 3101 Si

2270 3029 2334 3096 Ἠ
2392 3041 2511 3118 περὶ
2557 3037 2845 3118 ῥεπουδίων
2889 3036 3255 3117 διαλεγομένη
3301 3035 3380 3116 ρδ¹
3428 3037 3607 3116 Νεαρά
3653 3038 3832 3117 φησὶν,

459 3129 655 3205 miles,
705 3130 1036 3238 scholaris,
1073 3128 1424 3238 foederatus,
1475 3127 1702 3190 aliusve
1765 3125 2104 3229 [quispiam]

2208 3130 2262 3194 bc
2309 3128 2399 3186 ἐὰν
2442 3129 2802 3210 στρατιώτης,
2850 3128 2885 3196 ἢ
2939 3127 3258 3208 σχολάριος,
3317 3128 3354 3196 ἢ
3406 3126 3745 3208 φοιδεράτος,
3801 3126 3834 3194 ἢ

2208 3219 2284 3238 .m
2389 3220 2412 3238 ι
2523 3219 2543 3238 κ
2675 3219 2809 3238 ,ηρ
2891 3217 2932 3238 (υ
3047 3218 3123 3238 ιιι
3252 3220 3265 3238 ι
3417 3218 3472 3238 θ’
3663 3217 3678 3238 .

458 3227 721 3282 armatus
740 3220 798 3280 in
825 3217 1312 3300 expeditionibus
1330 3217 1918 3299 degat,quotcunque
1936 3217 2108 3279 annis

2208 3219 2358 3283 ίλλος
2389 3219 2639 3295 ἔνοπλος,
2674 3219 2728 3277 ἐν
2758 3217 3012 3293 ἓξπεδίτῳ
3043 3218 3216 3296 διάγει
3246 3218 3614 3288 ὁσουσδήποτε
3660 3217 3839 3274 ἐνιαυ-

464 3308 791 3390 [abfuerit,]
854 3310 1051 3390 ipsum
1085 3309 1218 3388 ejus
1268 3327 1420 3372 uxor
1462 3317 1833 3390 exspectato,
1872 3308 2109 3370 tametsi

2208 3311 2337 3386 ;οὺς,
2388 3310 2720 3388 περιμενέτω
2790 3309 2949 3366 αὐτὸν
2999 3310 3034 3377 ἡ
3094 3308 3255 3366 αὐτοῦ
3299 3307 3539 3387 γαμετὴ,
3612 3307 3714 3363 κᾶν
3767 3307 3839 3381 μὴ

461 3399 658 3462 nullas
709 3399 782 3462 ab
843 3400 972 3481 ipso
1033 3399 1258 3462 litteras
1309 3399 1587 3481 accipiat.
1623 3399 1792 3472 Quod
1827 3398 1880 3460 si
1911 3399 2106 3480 ipsum

2208 3400 2486 3479 γράμματα
2556 3398 2593 3468 ἢ
2646 3399 2928 3480 ἀπόκρισιν
2984 3396 3194 3464 ἐδέξατο
3259 3396 3384 3472 παρ’
3445 3397 3606 3456 αὑτοῦ
3637 3416 3651 3431 ’
3699 3398 3746 3452 εἰ
3786 3395 3838 3451 δὲ

458 3489 798 3553 decessisse
855 3489 1144 3562 audierit,
1198 3508 1275 3553 ne
1328 3489 1540 3568 [adhuc
1570 3487 1840 3570 quidem]
1875 3489 2105 3565 nubito,

2208 3490 2406 3548 ἰκούσει
2464 3488 2626 3546 αὐτὸν
2668 3489 3012 3566 τελευτῆσαι,
3071 3489 3148 3564 μὴ
3196 3488 3458 3567 γαμείτω,
3497 3489 3542 3543 εί
3578 3487 3660 3562 μὴ
3704 3487 3837 3564 πρό-

459 3578 576 3640 nisi
635 3579 802 3662 prius
863 3578 999 3662 [vel]
1056 3599 1163 3663 per
1211 3599 1302 3662 se,
1363 3580 1454 3642 vel
1489 3598 1595 3660 per
1626 3586 1906 3660 parentes
1935 3596 2100 3656 suos,

2208 3602 2338 3660 τερον
2395 3577 2464 3636 δι’
2521 3581 2743 3655 ἑαυτῆς,
2803 3580 2837 3647 ἢ
2897 3584 3004 3636 τῶν
3055 3579 3257 3656 γονέων
3321 3579 3510 3650 αὐτῆς,
3578 3576 3614 3644 ἢ
3665 3576 3838 3653 ἑτέρου

458 3669 720 3733 aliumve
777 3670 896 3732 fide
943 3669 1191 3750 dignum
1254 3670 1549 3751 primores
1598 3677 1656 3732 et
1709 3669 2102 3732 cbartularios

2208 3669 2498 3737 ιξιοπίστου
2558 3672 2682 3734 τοὺς
2727 3669 2951 3748 πριόρας
3005 3673 3098 3724 τοῦ
3127 3667 3370 3747 ἀριθμοῦ,
3411 3669 3502 3723 καὶ
3535 3668 3658 3731 τοὺς
3691 3688 3833 3746 χαρ-

457 3761 722 3835 numeri,
757 3759 819 3822 in
851 3779 968 3842 quo
1000 3760 1125 3841 ille]
1161 3760 1418 3822 militare
1449 3760 1673 3841 [solet],
1701 3767 1760 3821 et
1791 3758 2101 3821 tribunum

2208 3759 2496 3840 τουλαρίους
2527 3759 2582 3816 ἐν
2636 3763 2681 3834 ᾧ
2729 3759 3096 3836 στρατεύεται,
3149 3755 3247 3814 καί
3273 3755 3550 3837 τριϐοὖνον
3580 3757 3828 3835 ἐρωτήσῃ

455 3849 869 3930 interrogarit,
901 3868 976 3912 an
1010 3867 1223 3914 revera
1253 3857 1520 3912 mortuus
1549 3854 1646 3930 sit,
1682 3858 1740 3911 et
1761 3848 1849 3910 illi
1874 3867 2100 3930 propo-

2208 3853 2231 3908 ,ἶ
2262 3856 2329 3929 τῇ
2357 3850 2581 3923 ἀληθείᾳ
2609 3848 2926 3916 ἓτελεύτησε
2961 3863 2976 3879 ⁸
3039 3847 3283 3905 κάκεῖνοι
3315 3853 3420 3905 τῶν
3451 3847 3620 3925 ἁγίων
3655 3846 3830 3922 Εὐαγ-

453 3938 585 4002 sitis
613 3941 1012 4003 sacrosanctis
1038 3939 1378 4020 Evangeliis
1399 3939 1596 4019 ipsum
1636 3946 1934 4002 mortuum
1969 3956 2102 4001 esse

2208 3942 2378 4021 τελίων
2437 3939 2804 4020 προκειμένων
2859 3939 3196 3997 κατάθωνται
3251 3938 3412 3997 αὐτὸν
3457 3942 3776 4004 τελευτῆσαι
3809 3949 3823 3966 ⁸

452 4029 516 4091 in
560 4031 964 4094 instrumento
1036 4030 1449 4111 deposuerint.
1516 4028 1648 4110 [Ea]
1709 4036 1908 4090 autem
1968 4036 2101 4091 acta

2208 4033 2271 4088 :at‘t
2315 4032 2412 4100 τὴν
2444 4028 2630 4110 πρᾶξιν
2660 4031 2695 4098 ἡ
2727 4029 2859 4110 γυνὴ
2917 4026 3262 4109 λαμϐανέτω,
3306 4027 3396 4085 καὶ
3444 4028 3583 4104 μετά
3633 4049 3694 4084 το
3725 4025 3824 4082 λα-

452 4120 672 4182 mulier
703 4122 918 4200 capito,
948 4139 1018 4183 ac
1041 4121 1183 4182 dein
1207 4119 1450 4202 [adhuc]
1483 4137 1704 4182 annum
1729 4125 2094 4199 exspectato,

2208 4120 2300 4179 ξεῖν
2343 4119 2550 4198 μενέτω
2593 4119 2858 4196 ἐνιαυτὸν,
2921 4121 3006 4176 καὶ
3063 4121 3186 4176 τότε
3244 4118 3486 4196 νομίμως
3534 4117 3775 4196 γαμείτω
3807 4133 3822 4151 ο

454 4217 702 4292 tumque
723 4210 1033 4292 [denique]
1068 4210 1334 4290 legitime
1367 4209 1596 4272 nubito.
1627 4209 1685 4271 Si
1717 4226 1860 4270 vero
1890 4215 2100 4270 contra

2210 4213 2226 4268 ί
2263 4211 2319 4267 δὲ
2363 4211 2505 4286 παρὰ
2548 4210 2752 4277 ταύτην
2794 4211 2894 4278 τὴν
2925 4208 3178 4275 διὰστιξιν
3236 4210 3501 4286 γαμήσει,
3559 4208 3652 4264 καὶ
3695 4205 3822 4272 αὗτῆ

453 4298 572 4361 hoc
596 4301 1012 4379 praescriptum
1047 4300 1345 4379 nupserit,
1380 4305 1442 4360 et
1493 4298 1645 4379 ipsa,
1679 4306 1738 4360 et
1768 4297 1871 4379 qui
1902 4297 2097 4379 ipsam

2208 4302 2270 4358 Lai
2302 4302 2328 4357 ὁ
2359 4296 2538 4357 λαϐὼν
2584 4300 2776 4375 αὐτὴν,
2821 4298 2894 4366 ὠς
2953 4300 3144 4378 μοιχοὶ
3174 4304 3557 4377 τιμωροῦνται.
3595 4297 3652 4354 Εἰ
3681 4294 3738 4352 δὲ
3780 4295 3824 4350 oi

455 4388 715 4463 duxit,ut
735 4389 1380 4471 adulteri,puniuntur.
1405 4388 1482 4450 At
1498 4391 1544 4450 si
1570 4388 1673 4470 qui
1693 4388 2101 4469 deposuerunt

2208 4390 2532 4468 ιαταθέμενοι
2588 4389 2844 4470 δειχθῶσι
2903 4391 3252 4466 ψευσάμενοι,
3311 4388 3820 4467 ἀποστρατεύονται,

452 4473 691 4540 mentiti
713 4496 845 4541 esse
865 4477 1443 4560 probentur,militia
1469 4479 1866 4556 privantur,et
1887 4478 2097 4542 decem

2208 4483 2274 4538 Lati
2303 4480 2428 4538 δέκα
2458 4480 2654 4560 λιτρῶν
2689 4481 2880 4549 ποινὴν
2925 4477 3162 4536 διδόασιν
3196 4481 3242 4553 ᾧ
3283 4479 3445 4536 ε’ίπον
3488 4478 3784 4535 ἀποθανεῖν
3805 4489 3820 4503 ⁸

451 4567 743 4677 librarium
772 4567 950 4651 [auri]
986 4568 1395 4677 multamrda‘nt
1421 4569 2098 4677 [illi]hquem‘rnortuum

2208 4572 2270 4630 ιαὶ
2328 4572 2446 4652 ἔχει
2477 4567 2681 4648 ἄδειαν,
2715 4572 2759 4627 εί
2800 4569 3077 4647 βοῦλοιτο,
3115 4569 3212 4638 τήν
3241 4566 3374 4625 ἰδίαν
3405 4565 3698 4625 ἀναλαϐεῖν
3727 4588 3824 4646 γα·

449 4677 586 4722 esse
617 4659 926 4738 dixerunt,
980 4667 1160 4740 atque
1218 4659 1327 4741 [is]
1386 4661 1434 4721 si
1486 4659 1648 4735 velit,
1682 4659 1822 4722 4l6
1849 4679 2098 4724 uxorem

2208 4662 2377 4732 ιετήν.
2447 4662 2502 4719 Εἰ
2560 4659 2613 4717 δὲ
2658 4658 2953 4741 σχολάριος
3013 4658 3101 4732 ἧν,
3132 4659 3276 4738 παρά
3318 4659 3427 4716 τῶν
3472 4658 3700 4737 πρώτων
3730 4662 3824 4725 τῆς

448 4769 622 4813 suam
660 4750 998 4832 recipiendi
1047 4750 1394 4812 facultatem
1440 4750 1641 4812 habet.
1705 4751 1766 4814 Si
1811 4752 2103 4817 scholaris

2208 4750 2394 4832 ’χολῆς
2441 4753 2526 4808 καὶ
2575 4759 2664 4810 τοῦ
2694 4751 3008 4830 ἀκτουαρίου
3037 4751 3071 4819 ἡ
3101 4748 3366 4830 λεχθεῖσα
3397 4748 3625 4828 γινέσθω
3655 4748 3825 4807 κατά-

452 4851 604 4922 erat,
633 4861 665 4904 a
691 4841 1056 4924 primoribus
1086 4841 1312 4906 scholae
1337 4851 1395 4904 et
1425 4841 1695 4904 actuario
1727 4841 1888 4904 dicta
1918 4841 2104 4923 depo-

2213 4861 2324 4905 εσις
2359 4860 2376 4878 θ
2409 4841 2453 4897 εί
2483 4839 2538 4897 δὲ
2568 4838 2902 4922 φοιδεράτος,
2944 4839 3088 4919 παρά
3118 4840 3210 4896 τοῦ
3233 4839 3480 4903 ὀπτίονος
3504 4841 3689 4902 αὐτοῦ.

452 4932 591 4994 sitio
623 4934 723 4996 ﬁat
759 4953 773 4994 :
809 4935 901 4995 sin
933 4932 1294 5007 iwderatus,
1327 4932 1399 4994 ab
1433 4932 1624 5012 ipsius
1646 4933 1915 5013 optione.

533 5024 707 5088 CAP.
738 5023 837 5087 IV.
878 5058 950 5069 -
984 5024 1070 5086 De
1096 5025 1174 5087 iis
1205 5029 1315 5105 qui
1343 5024 1684 5086 divortium
1708 5023 1975 5100 faciunt.

893 5112 1329 5193 Apostolorum
1359 5129 1561 5175 canon
1593 5110 1654 5174 5.

531 5202 592 5266 5.
626 5201 990 5283 Episcopus,
1026 5204 1116 5266 vel
1138 5203 1455 5286 presbyter
1477 5201 1569 5266 vel
1603 5201 1917 5280 diaconus,
1953 5209 2094 5282 etc.,

451 5299 520 5357 ut
547 5308 692 5374 pag.
725 5293 870 5356 739.

764 5382 1027 5447 Conciliz'
1059 5383 1433 5465 Gangrensis
1467 5402 1666 5449 canon
1695 5383 1792 5446 14.

530 5482 632 5547 t4.
664 5479 726 5545 Si
758 5501 881 5564 qua
909 5482 1130 5546 mulier
1148 5483 1833 5565 relinquitmaritum,et
1853 5483 1977 5546 vult
1997 5500 2093 5547 re-

449 5572 695 5654 cedere,
731 5573 1187 5640 matrimonium
1236 5573 1595 5655 abhorrens,
1627 5575 1708 5640 sit
1749 5574 2088 5641 anathema.

2263 5024 2513 5081 ΚΕΦΑΛ.
2554 5017 2636 5079 Δ³.
2668 5050 2747 5065 -
2777 5019 2901 5098 Περὶ
2933 5024 3038 5075 τῶν
3070 5015 3546 5098 διαζευγνυμένων,

2664 5109 3015 5167 Ἀποστόλων
3047 5110 3222 5165 κανὼν
3263 5107 3331 5169 ε’,

2262 5201 2332 5264 ε’.
2368 5199 2721 5279 Ἐπίσκοπος,
2754 5199 2791 5269 ἢ
2818 5197 3193 5279 πρεσϐύτερος,
3228 5198 3263 5268 ἢ
3294 5196 3565 5274 διάκονος,
3599 5220 3656 5259 κ.
3686 5218 3734 5257 τ.
3771 5196 3820 5258 λ.

2583 5379 2811 5440 Συνόδου
2843 5381 3087 5462 Γάγγρας
3119 5379 3296 5438 κανὼν
3329 5376 3422 5443 ιδ’,

2261 5479 2352 5545 ιδ’.
2408 5480 2478 5540 E’t’
2537 5503 2616 5546 τις
2677 5483 2811 5560 γυνὴ
2862 5479 3267 5558 καταλιμπάνει
3333 5481 3424 5536 τὸν
3485 5476 3668 5559 ἄνδρα,
3729 5474 3824 5536 καί

2174 5571 2496 5653 ἀναχωρεῖν
2550 5570 2722 5631 ἐθέλοι
2777 5569 3176 5654 βδελυττομένη
3222 5571 3313 5629 τὸν
3360 5569 3559 5652 γάμον,
3592 5570 3823 5650 ἀνάθεμα

2174 5662 2337 5730 ἴστω.
