4090 6204
559 292 676 361 907
1745 291 2009 357 PHOTII
2051 290 2574 357 PATRIABCHE
2615 291 2730 357 GP.
3785 296 3885 370 908

551 442 736 507 alium
768 443 958 508 virum
993 441 1269 506 accessit.
1297 443 1408 517 Qui
1441 449 1638 506 autem
1673 442 1920 506 relictus
1951 451 2062 519 est,
2097 441 2158 504 di

2254 445 2325 501 κεί
2372 443 2460 502 ἐπ’
2503 444 2667 506 ἄλλον
2709 445 2870 515 ἦλθεν
2933 445 3090 525 ἄνδρα
3127 464 3140 478 ⁸
3191 450 3218 506 6
3269 447 3323 505 δὲ
3382 448 3736 529 καταλειφθεὶς
3774 475 3885 532 συγ-

552 555 704 616 gnus
737 544 826 598 est
869 535 1065 615 venia,
1100 543 1160 596 et
1188 550 1324 612 quae
1350 553 1469 596 una
1501 553 1634 596 cum
1687 554 1756 597 eo
1787 534 2037 608 habitat,
2075 553 2166 596 n01

2281 537 2546 612 γνωστὸς,
2593 538 2688 593 καί
2749 539 2782 606 ἡ
2841 541 3155 597 συνοικοῦσα
3199 542 3276 598 τῶ
3327 541 3549 614 τοιούτῳ
3577 541 3633 596 οὗ
3663 545 3882 620 κατακρί-

551 624 1012 686 condemnatur.
1046 625 1185 685 418
1215 625 1332 687 Sed
1365 625 1415 687 si
1447 624 1556 700 vir,
1593 626 1691 706 qui
1723 625 1796 687 ab
1850 644 2035 686 uxore
2066 624 2158 685 dis

2282 645 2423 680 νεται
2452 641 2465 654 ⁸
2518 628 2562 683 εί
2609 625 2793 702 μέντοι
2840 629 2866 682 6
2907 627 3042 706 ἀνὴρ
3088 631 3114 684 6
3159 629 3399 692 ἀποστὰς
3430 630 3525 697 τῆς
3557 635 3789 707 γυναικὸς
3816 632 3884 689 ἐπ’

549 713 754 788 cessit,
788 715 1048 778 accessit
1077 715 1151 776 ad
1182 715 1387 790 aliam,
1423 724 1515 776 est
1545 724 1603 776 et
1634 715 1765 795 ipse
1793 715 2158 794 adulter,qui

2280 712 2450 780 ἄλλην
2481 713 2632 790 ἦλθε,
2667 717 2755 772 καὶ
2787 717 2943 780 αὐτὸς
2977 717 3178 796 μοιχός
3205 737 3220 754 °
3255 716 3387 775 διότι
3421 732 3570 775 ποιεῖ
3601 719 3755 786 αύτὴν
3781 745 3884 793 μοι·

545 800 686 864 facit
716 814 780 863 ut
805 803 936 884 ipsa
983 804 1346 867 adulterium
1400 805 1772 880 committat;
1823 812 1876 864 et
1916 822 2050 883 quae
2081 821 2166 862 un.

2279 806 2564 882 χευθῆναι,
2625 807 2709 861 καὶ
2768 806 2802 872 ἡ
2862 813 3176 862 συνοικοῦσα
3240 807 3385 881 αὐτῷ
3456 806 3728 888 μοιχαλὶς,
3777 808 3884 866 διότι

547 908 684 952 cum
717 891 848 971 ipso
880 892 1129 968 habitat,
1164 901 1255 955 est
1313 892 1605 967 adultera,
1639 893 1779 974 quia
1809 892 2074 954 alienum
2106 893 2159 952 vi

2280 891 2562 971 ἀλλότριον
2593 890 2752 973 ἄνδρα
2780 895 2912 973 πρὸς
2946 895 3138 964 ἑαυτὴν
3170 896 3522 971 μετέστησεν.

548 998 683 1041 rum
717 981 791 1042 ad
816 999 882 1044 se
915 982 1198 1045 traduxit.

531 1125 536 1130 .
629 1068 732 1134 35.
765 1069 830 1132 In
873 1078 1086 1134 marito
1118 1072 1190 1134 ab
1219 1092 1406 1135 uxore
1430 1072 1720 1135 derelicto
1754 1070 2166 1132 considerandi

2356 1067 2457 1129 λε’.
2510 1068 2631 1128 Ἐπὶ
2673 1068 2728 1126 δὲ
2769 1077 2863 1127 τοῦ
2934 1073 3380 1153 καταλειφθέντος
3450 1074 3638 1153 ἀνδρὸς
3679 1076 3770 1132 ὑπὸ
3809 1083 3888 1143 τῆς

545 1159 956 1223 derelictiouis
988 1180 1207 1225 causa:
1255 1181 1325 1224 ac
1375 1163 1427 1224 si
1465 1181 1593 1224 eam
1643 1168 1866 1241 praeter
1896 1163 2166 1223 rationen

2276 1163 2554 1239 γυναικὸς,
2589 1161 2688 1228 τὴν
2711 1162 2882 1217 αἰτίαν
2926 1163 3038 1242 χρὴ
3071 1176 3297 1220 σκοπεῖν
3330 1170 3429 1231 τῆς
3464 1165 3886 1242 ἒγκαταλείψεως,

545 1252 875 1313 secessisse
911 1251 1266 1327 constiterit,
1320 1252 1421 1314 ille
1470 1251 1712 1332 quidem
1747 1251 1963 1329 dignus
1992 1251 2162 1311 venia

2273 1249 2372 1306 κᾶν
2419 1257 2559 1331 φανῇ
2617 1250 2828 1328 ἀλόγως
2873 1251 3299 1331 ἆναχωρήσασα,
3350 1257 3377 1310 6
3436 1254 3536 1328 μὲν
3594 1255 3888 1332 συγγνώμης

544 1339 672 1402 ΙΠΒο
726 1358 865 1402 vero
923 1343 1129 1403 multa.
1166 1340 1356 1404 Venia
1413 1349 1609 1402 autem
1667 1340 1744 1420 ei,
1808 1349 1875 1402 ut
1906 1337 2166 1401 Ecclesia

2273 1339 2413 1396 ἔστὶν
2456 1339 2625 1418 ἄξιος,
2669 1342 2704 1407 ἡ
2749 1338 2803 1395 δὲ
2849 1340 3117 1415 ἐπιτιμίου
3155 1359 3168 1374 ⁸
3218 1344 3251 1403 ἡ
3297 1340 3352 1398 δὲ
3397 1343 3690 1420 συγγνώμη
3743 1345 3889 1418 τούτῳ

543 1430 968 1505 communicet,
1001 1430 1264 1492 dabitur.

2270 1430 2402 1507 πρὸς
2431 1431 2492 1486 τὸ
2524 1442 2803 1486 κοινωνεῖν
2830 1431 2896 1506 τῇ
2927 1428 3221 1503 Ἐκκλησία
3255 1429 3560 1502 δοθήσεται,

623 1520 726 1583 48.
760 1519 903 1592 Quae
931 1539 964 1582 a
991 1521 1201 1582 marito
1235 1520 1442 1584 relicta
1473 1527 1583 1594 est,
1616 1537 1750 1580 mea
1779 1519 2026 1597 quidem
2056 1537 2161 1581 sen

2353 1515 2478 1592 μη’,
2557 1508 2620 1572 Ἠ
2679 1515 2734 1572 δὲ
2793 1516 3280 1599 ὄγκαταλειφθεϊσα
3339 1522 3481 1600 παρὰ
3549 1528 3646 1578 τοῦ
3701 1519 3885 1599 ἀνδρὸς.

544 1610 754 1682 tentia,
791 1627 1033 1671 manere
1064 1609 1262 1672 debet.
1302 1611 1366 1672 Si
1399 1609 1558 1671 enim
1587 1608 1880 1670 Dominus
1912 1607 2079 1670 dixit:
2114 1608 2164 1670 S

2269 1607 2406 1663 κατὰ
2437 1606 2534 1673 τὴν
2563 1604 2700 1680 ἐμὴν
2731 1606 2956 1684 γνώμην
2990 1607 3169 1682 μένειν
3211 1607 3410 1687 ὀφείλει
3445 1609 3656 1688 ἄγαμος
3691 1627 3706 1644 ⁸
3739 1611 3779 1666 εἶ
3804 1612 3889 1689 γὰρ

539 1701 675 1777 quis
696 1699 1007 1778 relinquat
1031 1717 1305 1779 uxorem,
1321 1706 1566 1776 emcepta
1590 1699 2015 1776 fornicationis
2036 1717 2166 1761 σιιιι⁴

2271 1698 2298 1752 6
2345 1696 2531 1772 Κύριος
2603 1699 2758 1753 εἴπεν
2792 1711 2806 1725 ⁸

2881 1695 3008 1753 Ἐάν
3070 1719 3152 1762 τις
3211 1698 3482 1774 καταλίπῃ
3543 1711 3769 1776 γυναῖκα
3807 1700 3888 1755 ὲκ-

537 1804 628 1861 sa,
683 1786 839 1865 facit
895 1805 1028 1849 eam
1089 1787 1504 1851 maechrari!2
1537 1808 1549 1849 :
1586 1805 1654 1847 ex
1708 1804 1778 1847 eo
1843 1787 1998 1866 quod
2053 1805 2166 1848 ean

2269 1786 2358 1850 τὸς
2428 1784 2590 1863 λόγου
2677 1787 2949 1862 πορνείας,
3031 1800 3182 1844 ποιεῖ
3279 1788 3444 1855 αὐτὴν
3531 1793 3883 1868 μοιχευθῆναι,

537 1875 869 1937 adulteram
901 1885 1090 1956 vocet,
1114 1877 1414 1957 praeclusit
1440 1877 1493 1938 ei
1525 1876 2013 1956 conjunctionem
2048 1895 2182 1937 cum

535 1965 676 2028 alio.
707 1965 1020 2036 Quomodo
1051 1965 1215 2026 enim
1248 1966 1436 2047 possit
1466 1966 1554 2026 vir
1582 1965 1823 2045 quidem
1860 1983 1992 2026 esse
2014 1984 2178 2047 reus,

534 2063 601 2116 ut
657 2055 939 2117 adulterii
992 2073 1195 2130 causa,
1251 2056 1470 2118 mulier
1517 2074 1656 2116 vero
1693 2055 2019 2135 inculpata,
2053 2074 2184 2135 quae

534 2144 806 2207 adultera
841 2163 876 2206 a
931 2145 1184 2207 Domino
1237 2146 1314 2208 ob
1369 2145 1851 2225 conjunctiouem
1896 2163 2030 2207 cum
2063 2146 2181 2208 alio

538 2235 840 2316 appellata
861 2243 951 2296 est
973 2235 998 2295 Υ

612 2416 712 2477 77.
747 2415 860 2488 Qui
891 2415 1178 2496 relinquit
1221 2415 1488 2494 legitime
1519 2414 1634 2476 sibi
1666 2415 2006 2495 copulatam
2043 2432 2178 2475 mu-

529 2502 767 2584 lierem,
805 2511 865 2565 et
905 2504 1082 2566 aliam
1113 2504 1375 2580 ducit,ex
1405 2503 1641 2564 Domini
1680 2504 1981 2565 sententia
2004 2502 2177 2564 adul-

532 2592 667 2653 terii
697 2592 1016 2672 subjicitur
1059 2592 1312 2672 judicio.
1349 2591 1463 2655 Sed
1498 2599 1784 2654 statutum
1816 2599 1907 2653 est
1936 2591 2176 2652 Patrum

529 2689 880 2743 nostrorum
935 2680 1293 2756 canonibus,
1331 2690 1392 2741 ut
1424 2681 1462 2740 ii
1501 2699 1657 2741 anno
1689 2682 1893 2756 ﬂeant,
1936 2681 2178 2742 biennio

528 2770 800 2845 audiant,
833 2772 1092 2833 triennio
1124 2770 1615 2845 substernantur,
1651 2770 1908 2851 septimo
1939 2773 2177 2830 consis-

529 2870 658 2924 tant
688 2880 823 2924 cum
859 2860 1161 2938 ﬁdelibus,
1198 2869 1256 2922 et
1288 2861 1367 2921 ita
1392 2859 1696 2922 oblatione
1718 2861 1885 2938 digni
1918 2859 2182 2923 habean-

529 2959 648 3029 tur,
680 2952 731 3013 si
762 2971 898 3014 cum
933 2951 1214 3031 lacrymis
1246 2950 1655 3031 pwnitentiam
1689 2949 1941 3028 egerint.

2268 1875 2330 1930 ἐκ
2398 1880 2490 1930 τοῦ
2568 1873 2862 1954 μοιχαλίδα
2949 1875 3115 1942 αὒτήν
3213 1877 3499 1956 ὀνομάσαι,
3597 1877 3889 1934 ἀπέκλεισεν

2267 1964 2431 2031 αὐτὴν
2504 1964 2602 2032 τῆς
2667 1966 2798 2042 πρὸς
2858 1963 3038 2044 ἕτερον
3101 1968 3377 2031 κοινωνίας
3411 1983 3425 1996 ⁸
3495 1972 3614 2030 πῶς
3665 1971 3759 2045 γὰρ
3809 1967 3890 2024 δύ-

2265 2071 2416 2111 ναται
2461 2055 2489 2109 6
2522 2054 2620 2128 μὲν
2653 2054 2784 2129 ἀνὴρ
2819 2054 3104 2118 ὅπεύθυνος
3143 2059 3283 2112 εἶναι
3315 2058 3388 2118 ὡς
3421 2056 3676 2135 μοιχείας
3706 2057 3886 2125 αἴτιος,

2264 2143 2299 2209 ἡ
2344 2140 2398 2197 δὲ
2445 2143 2577 2220 γυνὴ
2624 2141 2955 2220 ἀνέγκλητος
3002 2147 3167 2219 εἶναι,
3220 2146 3252 2211 ἡ
3314 2147 3574 2224 μοιχαλὶς
3621 2144 3760 2224 παρά
3810 2149 3890 2202 τοῦ

2267 2232 2457 2309 Κυρίου
2488 2229 2573 2287 διὰ
2631 2231 2731 2298 τὴν
2773 2232 2906 2300 πρὸς
2966 2231 3144 2312 ἕτερον
3203 2231 3364 2312 ἄνδρα
3415 2235 3695 2290 κοινωνίαν
3739 2255 3889 2312 προσ-

2265 2324 2617 2400 αγορευθεῖσα
2647 2339 2664 2396 ;

2343 2409 2443 2481 οζ’.
2508 2401 2565 2468 Ὀ
2630 2410 2813 2486 μέντοι
2878 2409 3297 2486 καταλιμπάνων
3349 2412 3450 2479 τὴν
3495 2413 3737 2486 νομίμως
3776 2435 3886 2468 συν-

2262 2503 2524 2578 αφθετσαν
2555 2502 2697 2574 αὒτῷ
2727 2513 2980 2578 γυναῖκα,
3045 2502 3132 2558 καὶ
3191 2501 3375 2580 ἑτέραν
3432 2501 3726 2576 ἀγόμενος,
3771 2504 3886 2558 κατὰ

2261 2590 2361 2656 τὴν
2404 2596 2497 2645 τοῦ
2543 2590 2730 2666 Κυρίου
2763 2589 3056 2671 ἀπόφασιν,
3088 2594 3166 2664 τῷ
3193 2597 3289 2658 τῆς
3332 2592 3587 2670 μοιχείας
3633 2592 3885 2648 ὑπόκειται

2260 2678 2474 2756 κρίματι
2510 2694 2523 2710 ⁸
2571 2679 2941 2736 κεκανόνισται
2973 2681 3028 2735 δὲ
3072 2681 3214 2752 παρὰ
3264 2687 3368 2738 τῶν
3428 2680 3680 2758 Πατέρων
3723 2685 3882 2756 ἡμῶν,

2259 2769 2382 2831 τοὺς
2438 2769 2707 2834 τοιούτους
2788 2772 3027 2826 ἐνιαυτὸν
3097 2771 3465 2848 προσκλαίειν,
3541 2769 3738 2827 διετίαν
3793 2771 3882 2827 ἒπ-

2261 2861 2572 2936 ακροᾶσθαι,
2618 2859 2849 2933 τριετίαν
2898 2859 3243 2934 ὑποπίπτειν,
3279 2866 3354 2933 τῷ
3407 2857 3624 2934 ὲϐδόμῷ
3653 2861 3882 2915 συνίστα-

2261 2949 2379 3003 σθαι
2412 2959 2533 3018 τοῖς
2562 2948 2805 3022 πιστοῖς,
2840 2949 2925 3004 καὶ
2971 2949 3112 3006 οὕτω
3151 2955 3251 3016 τῆς
3281 2955 3589 3029 προσφορᾶς
3623 2948 3883 3016 καταξιοῦ-

2261 3039 2403 3111 σθαι,
2435 3037 2526 3093 ἰὰν
2556 3038 2690 3112 μετὰ
2719 3035 2954 3116 δακρύων
2987 3041 3419 3114 μετανοήσωσιν.

615 3131 859 3192 Textus.
882 3130 969 3199 De
992 3128 1399 3208 disjunctione
1423 3128 1939 3190 matrimoniorum
1975 3129 2166 3192 multis

2342 3127 2463 3204 Περὶ
2492 3124 2794 3197 διαζεύξεως
2832 3128 3030 3204 γάμου,
3078 3128 3132 3184 ἐν
3163 3127 3391 3192 πολλοῖς
3425 3131 3618 3193 τόποις
3664 3131 3690 3184 6
3733 3128 3879 3185 πολι-

527 3217 680 3280 locis
697 3218 888 3280 civilis
904 3218 1043 3279 419
1061 3219 1150 3279 lex
1171 3217 1435 3291 disserit,
1472 3217 1728 3278 maxime
1751 3227 1950 3279 autem
1978 3217 2036 3278 in
2065 3219 2171 3282 lib.

529 3306 898 3388 xxv,tit.2,et
919 3307 1088 3382 lib.v,
1110 3308 1245 3370 cod.
1271 3309 1355 3371 tit.
1381 3315 1403 3368 t
1425 3309 1456 3368 7
1485 3315 1544 3368 et
1567 3305 1809 3368 Novella
1831 3307 1905 3368 de
1931 3308 2171 3388 nuptiis.

526 3395 856 3458 Perfectius
898 3405 1096 3458 autem
1138 3396 1384 3458 Novella
1426 3397 1541 3458 117
1570 3396 1661 3475 [ιιι
1686 3397 1849 3476 quae]
1894 3415 2176 3476 expresse

528 3504 738 3548 causas
761 3484 1004 3567 exponit
1027 3486 1100 3546 ob
1125 3505 1273 3566 quas
1296 3486 1452 3566 [aut]
1498 3485 1750 3546 maritus
1779 3495 1879 3546 aut
1903 3505 2052 3547 uxor
2073 3505 2176 3549 re-

525 3574 775 3656 pudium
803 3576 1039 3636 mittere
1064 3576 1317 3656 possint.
1353 3576 1552 3655 Atque
1598 3575 1868 3653 [maritus
1901 3576 2172 3657 quidem]

522 3665 725 3726 dotem
753 3664 1034 3746 lucratur,
1069 3665 1201 3744 ejus
1238 3665 1571 3725 dominium
1600 3663 1808 3726 liberis
1833 3683 1902 3727 ex
1937 3685 2006 3727 eo
2041 3685 2170 3728 ma-

521 3754 805 3815 trimonio
828 3755 1251 3834 superstitibus
1275 3754 1698 3828 servaturus,si
1733 3755 1897 3833 [cum
1935 3755 2169 3832 mulier]

520 3843 752 3924 aliquos
805 3844 1206 3924 imperatoria:
1267 3844 1600 3923 majestatis
1654 3843 1927 3904 insidiari
1957 3844 2162 3921 sciret,

523 3932 638 4012 [id]
675 3933 885 3994 marito
921 3953 1032 3995 suo
1087 3953 1204 3994 non
1254 3933 1724 3994 manifestaverit
1759 3951 1771 3994 :
1820 3932 1981 3993 illam
2019 3935 2166 4010 [ma—

519 4021 701 4102 ritus]
734 4023 808 4084 de
839 4023 1136 4085 adulterio
1167 4023 1564 4098 accusaverit,
1601 4031 1659 4082 et
1709 4021 2033 4082 convicerit
2068 4045 2080 4081 :
2115 4022 2166 4084 si

519 4130 880 4192 quocunque
912 4112 1089 4173 modo
1121 4112 1250 4172 vita
1278 4112 1476 4172 mariti
1507 4110 1756 4172 insidias
1788 4110 2168 4174 collocaverit

518 4208 621 4261 aut
645 4200 773 4260 aliis
796 4201 856 4260 id
882 4200 1246 4280 [agentibus]
1269 4199 1508 4270 conscia
1553 4200 1636 4260 illi
1676 4219 1792 4260 non
1825 4201 2164 4263 manifesta-

517 4289 692 4349 verit:
721 4289 766 4348 si
793 4288 966 4368 [una]
994 4309 1128 4350 cum
1163 4290 1468 4350 extraneis
1494 4288 1635 4348 viris
1658 4289 1900 4350 nolente
1947 4291 2163 4353 marito

519 4375 702 4456 agitet
723 4379 1010 4453 convivia,
1043 4388 1143 4441 aut
1188 4398 1321 4440 cum
1357 4378 1452 4456 [iis
1479 4378 1564 4459 se]
1599 4379 1749 4440 lavet
1787 4399 1800 4439 :
1835 4378 1884 4440 si
1918 4379 2164 4442 nolente

516 4465 733 4529 marito
757 4475 922 4530 extra
945 4468 1103 4530 aedes
1128 4477 1508 4543 maneat,non
1547 4469 1806 4549 [tamen]
1841 4470 1995 4550 apud
2023 4488 2162 4532 suos

513 4644 705 4727 ipsam
743 4648 1058 4727 expulerit.
1094 4648 1307 4710 Mulier
1361 4657 1559 4710 autem
1607 4648 1786 4709 mittit
1814 4649 2156 4728 repudium.

514 4733 1025 4817 donationemque
1049 4746 1293 4819 propter
1307 4738 1704 4819 nuptias,ejus
1726 4738 2059 4800 dominium
2085 4756 2159 4802 ex

513 4843 586 4888 eo
612 4826 992 4888 matrimonio
1011 4828 1432 4909 superstitibus
1455 4826 1660 4889 liberis
1696 4837 2022 4904 servatura,
2055 4829 2157 4890 lti-

593 4978 647 5020 ”
668 4979 876 5043 Matth.
902 4999 961 5057 v,
998 4978 1100 5044 32.

585 5144 709 5216 (32)
724 5147 906 5219 Leges
930 5148 1226 5221 civiles,ad
1251 5147 1560 5221 divortium
1587 5147 1741 5221 quod
1764 5150 1982 5218 attinet,
2007 5150 2156 5210 haud

512 5232 650 5295 raro
677 5233 1030 5295 repugnasse
1055 5220 1170 5295 iuri
1210 5220 1628 5295 ecclesiastico,
1669 5221 1786 5278 imo
1817 5233 1870 5279 et
1902 5239 2156 5295 evange-

509 5287 642 5365 lico,
677 5287 856 5344 nimis
889 5290 1001 5347 heu
1037 5287 1399 5365 exploratum
1433 5292 1898 5365 est._Cateroqui
1928 5309 2030 5365 pro
2050 5287 2156 5353 do-

511 5361 697 5416 ctrina
719 5371 1098 5435 et_c_onstante
1120 5363 1428 5420 traditione
1452 5361 1835 5421 ecclesiastica
1863 5361 2148 5435 legantur,

509 5432 844 5508 compen_dii
875 5433 1080 5508 gratia,
1115 5447 1238 5508 quae
1261 5435 1423 5508 docte
1441 5435 1787 5508 scribuntur
1830 5432 2149 5508 iniiusigni

505 5499 705 5576 opere;
744 5499 1036 5576 Tradition
1068 5499 1150 5561 νοιὶ
1170 5503 1399 5576 Ιιίειοὶνε
1419 5505 1484 5560 de
1515 5503 1738 5576 I‘Eglise
1765 5521 1864 5564 sur
1889 5507 1936 5564 le
1963 5499 2149 5566 sae-re-

503 5573 740 5631 mentdu
762 5575 1016 5648 mariage,
1054 5586 1094 5659 ιε
1134 5575 1234 5642 ΙΙΙ,
1284 5591 1340 5656 p.
1374 5577 1500 5641 166,
1552 5573 1712 5704 εέίιὲι.
1741 5580 2149 5704 praecipuzque

503 5659 561 5704 υ.
595 5645 722 5704 224.
760 5647 933 5704 verba
962 5647 1306 5704 Nazianzem
1339 5663 1411 5704 ex
1437 5655 1582 5704 orat.
1679 5650 1701 5703 t
1737 5664 1750 5699 :
1795 5647 1912 5704 ιιω
1931 5667 1999 5704 au
2064 5668 2148 5704 m

501 5659 561 5720 ι).
595 5645 722 5714 224,
760 5645 1306 5706 verba‘Nazianzeni
1339 5663 1411 5704 ex
1437 5655 1582 5704 orat.
1633 5645 1701 5704 Bt
1737 5645 1753 5699 ξ
1795 5645 2148 5724 ιιωὶιιιὶᾰεη

517 4519 729 4529 um---
760 4519 1508 4543 -..-.......--..._..v...,..v..
1580 4519 1774 4531 .......,..
1841 4519 1871 4530 ..
1923 4519 2162 4532 -..υηνυ

517 4563 819 4633 parentes,
857 4565 1023 4618 extra
1053 4577 1224 4638 quam
1261 4559 1311 4619 si
1343 4559 1469 4639 ipse
1518 4519 1667 4620 cLitra
1713 4519 1911 4620 diéta;
1953 4577 2160 4622 causas

2265 4519 2466 4545 "t'"'"
2524 4519 2606 4529 ’⁷⁷
2652 4519 2834 4547 “"t'"
2941 4519 3021 4526 ’⁷⁷
3075 4519 3153 4543 (⁷⁷⁷⁸
3201 4519 3524 4544 Γ“””Τ”“⁷⁷
3580 4519 3623 4525 “””

2254 4569 2336 4618 τοῦ
2391 4559 2546 4616 οἴκου
2589 4559 2745 4635 μείνῃ
2797 4558 2939 4636 παρὰ
2981 4571 3099 4620 τοῖς
3167 4564 3410 4635 γονεῦσιν
3456 4562 3623 4624 αὐτῆς

2257 3216 2403 3280 τικδς
2451 3213 2750 3294 διαλέγεται
2812 3219 2976 3292 νόμος
3027 3214 3179 3296 (32),
3226 3219 3314 3274 καὶ
3361 3217 3601 3293 μάλιστα
3644 3216 3785 3294 βιϐλ,
3816 3215 3882 3274 κε’

2257 3306 2361 3363 τίτ.
2409 3305 2484 3381 β’,
2518 3308 2613 3362 καί
2643 3304 2787 3382 βιϐλ.
2823 3305 2870 3362 ε’
2899 3314 2989 3363 τοῦ
3034 3306 3192 3382 κώδ.,
3227 3308 3331 3370 τίτ,
3365 3308 3455 3382 ιζ’,
3490 3308 3580 3364 καὶ
3606 3308 3661 3364 ἐν
3694 3315 3758 3384 τῇ
3784 3308 3885 3386 περὶ

2257 3396 2445 3473 γάμων
2493 3401 2668 3474 Νεαρᾷ
2706 3412 2719 3426 ⁸
2765 3396 3094 3474 τελειότερον
3138 3395 3192 3452 δὲ
3239 3398 3272 3464 ἡ
3325 3397 3424 3476 ριζ⁹
3479 3407 3682 3475 Νεαρα,
3728 3398 3885 3474 ῥητῶς

2256 3483 2568 3560 ἐκτιθεμένη
2599 3485 2692 3550 τὰς
2745 3486 2912 3549 αἰτίας
2971 3490 3069 3542 καθ
3119 3487 3180 3550 ἃς
3212 3488 3239 3543 6
3271 3486 3404 3560 ἀνὴρ
3439 3487 3468 3555 ἢ
3503 3488 3534 3554 ἡ
3569 3487 3708 3565 γυνὴ
3739 3484 3879 3546 δυνασ-

2256 3595 2343 3629 ται
2385 3571 2654 3651 ῥεπουδίου
2713 3572 3094 3649 στελλομένου,
3162 3574 3393 3654 εὐλόγως
3457 3573 3615 3633 λῦσαι
3659 3576 3750 3631 τὸν
3790 3575 3881 3651 71"-

2257 3678 2398 3736 μον⁸
2447 3664 2542 3718 είσὶ
2587 3660 2641 3718 δὲ
2688 3662 2849 3719 αἰτίαι
2889 3663 3006 3719 καθ’
3052 3665 3114 3728 ἃς
3159 3665 3186 3720 6
3231 3662 3365 3739 ἀνὴρ
3410 3663 3648 3743 εὐλόγως
3689 3662 3879 3719 στέλλει

2255 3750 2554 3831 ρεπούδιον,
2586 3752 2674 3808 καὶ
2716 3752 2815 3819 τὴν
2873 3765 3076 3830 προῖκα
3118 3751 3400 3832 κερδαίνει,
3454 3754 3554 3820 την
3587 3753 3882 3809 δεσποτείαν

2254 3843 2416 3909 αὐτῆς
2447 3841 2724 3922 ῳλάττων
2755 3854 2874 3903 τοῖς
2917 3841 2978 3896 ἔκ
3005 3849 3097 3898 τοῦ
3141 3841 3299 3899 αὐτοῦ
3350 3843 3527 3920 γάμου
3573 3844 3758 3898 παισὶν
3801 3840 3879 3896 εἷ’-

2249 3952 2346 4008 περ
2392 3931 2552 4004 εἰσίν,
2587 3930 2676 3987 ἐὰν
2709 3929 2910 3988 σύνοιδέ
2965 3953 3114 3994 τινας
3160 3930 3604 3996 ἐπιϐουλεύοντας
3666 3935 3733 4006 τῇ
3787 3931 3877 4005 βαι-

2247 4020 2440 4094 σιλείᾳ,
2475 4022 2562 4077 καὶ
2603 4027 2680 4095 τῷ
2721 4019 2836 4093 ἰδίῳ
2878 4021 2955 4096 μὴ
3000 4022 3284 4100 φανερώσῃ
3338 4019 3485 4097 ἀνδρί
3519 4040 3533 4055 ·
3605 4021 3697 4076 έαν
3726 4021 3874 4084 αὖτῆς

2248 4112 2366 4188 περὶ
2401 4111 2650 4190 μοιχείας
2681 4115 2961 4188 κατηγορῇ
3005 4111 3094 4166 καὶ
3143 4108 3395 4186 ἀποδείξῃ
3432 4127 3445 4139 ⁸
3483 4109 3575 4165 ἐὰν
3607 4110 3662 4166 ἐν
3694 4105 3876 4183 οἱῳδή-

2247 4221 2376 4256 ποτε
2407 4199 2589 4278 τρόπῳ
2631 4205 2699 4275 τῇ
2745 4201 2856 4274 ζωῇ
2889 4205 2978 4256 τοῦ
3009 4197 3192 4278 ἀνδρὸς
3244 4196 3627 4275 ἓπιὸουλεύσῃ,
3674 4198 3708 4265 ἢ
3738 4204 3876 4254 τοῦτο

2247 4288 2444 4367 ἑτέροις
2510 4288 2962 4366 συγγινώσκουσα,
3035 4289 3112 4364 μὴ
3189 4288 3471 4369 φανερώσῃ
3547 4291 3696 4362 αύτῴ
3727 4305 3741 4320 ⁸
3799 4286 3876 4342 liv

2247 4379 2523 4445 ἐξωτικοτς
2555 4377 2769 4457 ἀνδράσι
2818 4379 3158 4455 συμποσιάζῃ
3209 4378 3246 4444 ἢ
3276 4378 3603 4446 συλλούηται
3640 4380 3718 4454 μὴ
3757 4378 3874 4452 βου-

2244 4468 2470 4545 λομένου
2514 4479 2606 4529 τοῦ
2651 4468 2835 4547 ἀνδρός
2870 4484 2884 4499 ⁸
2939 4468 3026 4526 ἐὰν
3075 4468 3153 4543 μὴ
3201 4467 3529 4544 βουλομένου
3579 4473 3757 4539 αὐτοῦ,
3789 4466 3875 4532 ἔξω

3665 4573 3678 4588 ⁸
3727 4556 3874 4630 είμή

2243 4650 2398 4711 αὐτὸς
2432 4649 2599 4730 χωρὶς
2630 4654 2738 4705 τῶν
2789 4646 3084 4724 εἰρημένων
3130 4647 3314 4702 αἰτιῶν
3368 4647 3535 4713 αὖτὴν
3588 4646 3756 4721 ἐξωθῇ
3786 4664 3802 4681 °
3845 4647 3874 4711 ἡ

2242 4738 2295 4796 δὲ
2325 4741 2455 4818 γυνῆ
2499 4737 2708 4796 στέλλει
2740 4734 3037 4816 ῥεπούδιον,
3075 4737 3164 4792 καὶ
3189 4736 3289 4803 τὴν
3336 4739 3438 4811 πρὸ
3470 4738 3650 4816 γάμου
3683 4735 3873 4815 δωρεὰν

2241 4828 2524 4911 κερδαίνει,
2581 4829 2682 4896 τὴν
2737 4825 3049 4884 δεσποτείαν
3094 4823 3438 4906 φυλάττουσα
3485 4837 3606 4890 τοῖς
3673 4824 3734 4882 ἐκ
3795 4832 3877 4883 τοῦ

2237 5167 2423 5212 omnes
2453 5149 2516 5209 ob
2570 5164 2763 5207 causa:
2813 5147 3076 5221 ιὶὺιειιιιηι⁸
3105 5146 3199 5205 dat
3234 5148 3460 5221 repudii
3492 5165 3509 5203 :
3541 5156 3596 5204 at
3629 5149 3876 5206 Christus

2237 5241 2343 5280 non
2372 5224 2438 5281 ob
2468 5238 2673 5279 omnem
2701 5236 2950 5289 causam,
2982 5218 3077 5292 sed
3093 5218 3361 5292 separari
3393 5229 3600 5278 tantum
3632 5222 3703 5276 ab
3734 5221 3878 5292 adut-

2237 5301 2566 5378 tera‘uxore'
2585 5293 2856 5378 permittit
2882 5310 2902 5350 :
2932 5295 2988 5345 Ὀ
3014 5290 3108 5378 μὲν
3130 5290 3297 5378 νόμος
3319 5292 3465 5378 εκατεὶς
3497 5296 3671 5378 πᾶσαν
3707 5291 3872 5376 αἰτίαν

2235 5367 2297 5419 τὸ
2359 5359 2684 5450 ἀποστρίέιον
2746 5360 2955 5430 δίδωσι,
3016 5359 3249 5450 Χριστὸς
3315 5359 3359 5415 δ’
3411 5363 3472 5415 οὐ
3528 5363 3674 5450 ’κατέ
3714 5366 3874 5448 πᾶσαν

2235 5436 2434 5505 αἰτίαν,
2495 5433 2632 5509 ἀλλὰ
2686 5438 2965 5509 συγχωρεῖ
3021 5433 3121 5509 μὲν
3175 5433 3351 5509 μόνον⁸
3393 5433 3731 5509 χωρίζεσθαι
3788 5435 3876 5500 τῆς

2234 5510 2461 5578 πόρνης.
2500 5507 2655 5565 Idem
2709 5505 3229 5564 in'rra'dicondum
3284 5506 3354 5564 ad
3385 5505 3447 5564 ea
3482 5505 3605 5578 Quae
3633 5506 3708 5563 de
3741 5519 3873 5562 cou-

2234 5562 2885 5640 cubiuatureieruntur
2915 5591 2987 5636 ex
3020 5577 3266 5651 legibus.

4007 1833 4013 1948 l

4007 2039 4014 2220 l
