4090 6204
248 348 371 427 909

1060 360 1479 433 SYNTAGMA
1522 350 1923 430 CANONUM.
1966 396 2041 411 -
2105 354 2263 429 TIT.
2310 360 2484 445 XIII,
2530 364 2695 430 CAP.
2742 359 2846 429 Iv.

3499 358 3619 430 910

249 510 412 571 αὖτοῦ
442 512 617 589 γάμο)
648 515 852 592 παισὶν,
884 513 1040 593 εἴπερ
1073 516 1223 595 εἰσὶν,
1257 515 1348 571 ἐάν
1380 538 1430 573 τι
1473 515 1606 573 κατὰ
1650 513 1745 581 τῆς
1778 516 1882 591 βα-

1978 511 2253 591 :ratur,si
2284 524 2494 576 contra
2517 511 2893 591 majestatem
2917 509 3366 592 imperatoriam
3392 512 3617 593 [mari-

248 599 454 666 σιλεξας
484 601 836 672 βουλεύσηται
871 618 885 632 ⁸
933 603 969 671 ἢ
1030 610 1187 659 τοῦτο
1229 603 1478 668 συνειδὼς
1535 603 1759 683 ἑτέροις,
1807 604 1886 678 μὴ

248 691 533 768 φανερώσῃ
578 695 645 766 τῇ
687 690 929 767 βασιλείᾳ
981 690 1046 747 δι*
1101 692 1290 751 ἑαυτοῦ
1342 693 1375 761 ἢ
1428 692 1494 749 δι’
1528 694 1748 771 ἑτέρου⁸
1796 691 1886 748 ἐὰν

244 776 541 851 οἰῳδήποτε
586 780 769 858 τρόπῳ
795 779 863 856 τῇ
906 784 1020 851 ζωῆ
1052 779 1219 848 αὐτῆς
1249 781 1630 858 ἒπιϐουλεύσῃ,
1662 781 1697 850 ἢ
1728 788 1885 838 τοῦτο

243 866 492 933 συνειδὼς
533 869 763 946 ἑτέροις,
815 870 892 945 μὴ
936 870 1218 948 φανερώσῃ
1278 873 1413 947 αύτῇ
1471 872 1559 927 καὶ
1611 868 1884 947 σπουδέσῃ

239 958 383 1015 κατὰ
426 958 545 1023 τοὺς
590 959 784 1033 νόμους
842 958 1119 1026 ἐκδικῆσαι
1153 975 1168 992 ⁸
1201 960 1293 1016 εὰν
1339 967 1405 1036 τῇ
1436 962 1751 1039 σωφροσύνῃ
1784 958 1882 1014 αύ-

243 1051 347 1113 τῆς
406 1048 478 1107 εἰς
539 1048 599 1104 τὸ
644 1052 1002 1127 μοιχευθῆναι
1034 1047 1309 1126 σπουδάσῃ
1341 1047 1711 1106 ἱπιϐουλεῦσαι
1744 1064 1759 1080 ⁸
1796 1048 1887 1105 ἐὰν

243 1138 626 1215 κατηγορήσας
672 1141 836 1205 αὐτῆς
893 1139 921 1194 6
964 1138 1097 1216 ἀνὴρ
1153 1139 1277 1215 περῖ
1314 1140 1587 1218 μοιχείας,
1625 1139 1702 1214 μὴ
1743 1138 1885 1195 ἀπο-

243 1223 390 1301 δείξῃ
417 1241 430 1255 ⁸
483 1224 569 1283 ἐπὶ
611 1226 798 1283 τούτου
842 1224 897 1281 δὲ
943 1229 1001 1282 οὐ
1033 1227 1196 1301 μόνον
1222 1229 1319 1295 τὴν
1348 1231 1450 1306 πρὸ
1482 1229 1657 1306 γάμου
1688 1226 1888 1304 δωρεάν

246 1316 275 1371 6
339 1315 476 1394 ἀνὴρ
529 1322 840 1390 ζημιοῦται,
912 1314 1049 1374 ἀλλά
1105 1319 1196 1373 καὶ
1246 1316 1423 1396 ἕτερον
1477 1316 1653 1390 τρίτον
1695 1314 1882 1389 αὐτῆς,

243 1407 312 1460 ἒκ
352 1408 453 1470 τῆς
510 1403 678 1471 ἄλλης
741 1407 899 1461 αύτοῦ
956 1406 1299 1483 περιουσίας·
1348 1407 1436 1463 καὶ
1485 1406 1579 1462 τὰς
1631 1404 1888 1483 τιμωρίας

248 1495 559 1573 ὑφίσταται,
591 1494 652 1557 ἃς
684 1492 906 1569 ἔμελλεν
933 1496 968 1560 ἡ
1000 1495 1135 1572 γυνή
1173 1494 1636 1571 καταδικαζομένη
1663 1494 1889 1571 ὑφίστὰ-

253 1586 375 1640 σθαι
409 1601 425 1618 ⁸
473 1581 564 1637 ἰᾶν
622 1581 773 1661 ἑτέρᾳ
832 1589 1051 1658 συνοικῇ
1106 1583 1161 1639 ὲν
1217 1590 1295 1657 τῷ
1348 1586 1491 1658 αὒτῷ
1561 1582 1702 1655 οἴκῳ
1746 1582 1779 1649 ἢ
1821 1583 1889 1659 τῇ

254 1677 392 1749 αὖτῇ
423 1672 600 1746 πόλει,
633 1678 721 1729 καὶ
756 1673 882 1750 παρ’
913 1672 1100 1747 αύτῆς,
1131 1674 1166 1741 ἢ
1197 1671 1265 1729 δι’
1314 1673 1496 1747 ἐτέρου
1524 1672 1888 1747 ὑπομνησθεὶς

255 1763 335 1838 μὴ
379 1762 679 1840 ἀπόσχοιτο
714 1776 728 1791 ⁸
776 1762 866 1818 καὶ
922 1760 1008 1818 ἐπὶ
1048 1762 1237 1819 τούτου
1278 1759 1333 1817 δὶ
1376 1761 1556 1835 ἕτερον
1599 1758 1889 1840 μὲροςίτῆς

1971 605 2082 681 tus]
2109 602 2429 666 consilium
2457 600 2910 682 captaverit,vel
2934 602 3068 681 ejus
3086 603 3388 679 conscius,
3427 605 3617 686 maje-

1969 693 2105 755 stati
2129 711 2249 754 nun
2274 691 2747 754 manifestaverit
2766 709 2875 771 per
2896 690 3095 772 ipsum
3120 692 3219 755 vel
3245 711 3351 773 per
3380 693 3562 756 alium
3599 716 3614 754 :

1970 783 2110 843 420
2131 782 2182 844 si
2203 781 2479 862 quolibet
2502 780 2681 843 modo
2707 780 2956 843 maritus
2983 781 3190 844 uxoris
3212 783 3346 845 vitm
3367 783 3619 846 insidias

1972 871 2376 953 posuerit,aut
2398 870 2534 933 aliis
2558 870 2633 932 de
2650 872 2765 932 hoc
2778 869 3473 935 consultantibussciens
3486 892 3621 953 pru-

1969 962 2242 1042 densque
2265 979 2383 1022 non
2406 959 2884 1021 manifestaverit
2901 960 3164 1041 ipsi,nec
3184 962 3517 1024 secundum
3539 964 3620 1026 le-

1970 1068 2074 1129 ges
2094 1050 2408 1112 vindicare
2429 1047 2734 1112 studuerit
2760 1070 2774 1110 :
2793 1049 2843 1110 si
2872 1052 3131 1112 castitati
3161 1051 3380 1132 ipsius,
3415 1060 3479 1114 ut
3508 1054 3621 1115 ad-

1971 1139 2194 1201 ulterio
2219 1139 2545 1220 polluatur,
2572 1138 2851 1200 insidiari
2878 1140 3197 1202 lentaverit
3225 1141 3309 1203 :si
3342 1142 3618 1215 maritus,

1968 1227 2073 1289 ubi
2098 1248 2346 1291 uxorem
2367 1229 2442 1289 de
2466 1228 2768 1290 adulterio
2784 1230 3476 1312 accusaverit,[crimen]
3502 1251 3621 1294 non

1970 1317 2455 1399 probaverit.His
2475 1335 2617 1379 vero
2642 1317 2719 1379 de
2743 1318 2981 1397 [causis]
3002 1323 3250 1381 maritus
3281 1339 3403 1382 non
3423 1321 3621 1383 solum

1969 1407 2300 1469 donatione
2333 1415 2585 1488 propter
2619 1408 2862 1488 nuptias
2889 1408 3419 1484 multatur,verum
3442 1412 3620 1473 etiam

1972 1496 2227 1561 alterum
2253 1497 2384 1577 ejus
2408 1496 2689 1559 trientem
2718 1516 2791 1558 ex
2809 1497 2947 1559 aliis
2966 1497 3092 1559 suis
3114 1497 3291 1561 bonis
3316 1500 3618 1581 [amittitz]

1975 1584 2168 1666 [cum]
2192 1594 2251 1648 et
2273 1603 2481 1665 pmnas
2501 1586 2943 1667 sustinet,quas
2966 1587 3187 1649 mulier
3216 1588 3496 1652 damnata
3515 1607 3621 1652 su-

1973 1683 2248 1737 stentura
2270 1674 2583 1737 fuisset.Si
2607 1674 2914 1756 [maritus]
2933 1676 3106 1737 alteri
3129 1677 3187 1737 in
3211 1677 3421 1739 eadem
3441 1678 3621 1741 domo

1976 1765 2261 1828 eademve
2282 1766 2520 1828 civitate
2543 1765 2873 1841 cobabitet,
2899 1774 2960 1827 et
2980 1766 3055 1828 ab
3079 1784 3263 1829 uxore
3282 1774 3383 1828 aut
3402 1767 3478 1830 ab
3502 1768 3622 1830 alio

254 1854 357 1930 πρὸ
402 1852 576 1931 γάμου
633 1850 834 1930 δωρεᾶς
879 1850 1159 1931 κερδαίνει,
1210 1852 1305 1907 γαῖ
1345 1853 1504 1909 αύτοῦ
1549 1851 1650 1918 τὴν
1691 1849 1890 1907 δεσπο-

1978 1854 2321 1917 admonitus
2351 1874 2471 1918 non
2519 1855 2822 1918 abstineat
2855 1875 2871 1917 :
2905 1855 3086 1918 etiam
3137 1856 3213 1919 de
3244 1857 3355 1919 hac
3390 1859 3620 1940 [causa]

257 1945 403 2000 τείαν
464 1941 799 2021 φυλάττουσα
856 1954 976 2005 τοῖς
1020 1939 1113 1997 ἐπὶ
1158 1942 1332 2018 γάμου
1388 1942 1566 1997 παισίν
1598 1956 1613 1973 ⁸
1653 1940 1744 1995 ἐὰν
1804 1938 1892 1996 οὗδ

252 2033 400 2111 παρὰ
453 2031 644 2095 ταύτας
674 2030 768 2093 τὰς
799 2030 968 2094 αἰτίας
998 2029 1133 2108 ἀνὴρ
1169 2030 1353 2105 στείλη
1385 2026 1681 2106 ῥεπούδιον,
1715 2026 1891 2084 ἀπόλ-

254 2123 338 2180 λει
384 2121 482 2189 τὴν
527 2118 725 2198 δωρεὰν
766 2120 856 2175 καὶ
902 2116 1034 2176 ἄλλο
1064 2119 1240 2197 τρίτον
1273 2120 1435 2187 αὐτῆς
1472 2136 1489 2155 ⁸
1523 2119 1567 2174 εἰ
1602 2116 1656 2174 δὲ
1687 2120 1721 2185 ἡ
1754 2117 1889 2195 γυνή

252 2209 441 2286 στείλη
496 2205 693 2286 ἄλογον
737 2206 1036 2286 ῥεπούδιον,
1081 2206 1303 2263 ἀπόλλει
1375 2207 1473 2274 τὴν
1527 2218 1750 2285 προῖκα,
1801 2206 1890 2261 καὶ

253 2301 390 2379 πρὸς
447 2298 652 2359 τούτοις
738 2296 1082 2372 μοναστηρίῳ
1166 2294 1488 2371 ἐμϐάλλεται
1547 2294 1721 2351 πᾶσαν
1790 2294 1891 2361 τὴν

246 2389 395 2461 ζωὴν
440 2392 628 2463 αὖτῆς,
675 2388 767 2443 καὶ
820 2386 887 2441 τὰ
945 2384 1235 2464 πράγματα
1292 2386 1456 2453 αὐτῆς
1520 2382 1839 2462 διαιροῦνται
1874 2401 1887 2415 ⁸

247 2481 339 2535 καὶ
382 2480 429 2533 οἱ
475 2476 572 2551 μὲν
637 2472 831 2540 παῖδες
881 2472 1246 2546 λαμϐάνουσιν
1304 2475 1523 2551 ούγγίας
1589 2472 1670 2552 η’,
1716 2474 1778 2528 τὸ
1835 2470 1889 2528 δὲ

249 2567 609 2643 μοναστήριον
668 2565 887 2643 οὖγγίας
950 2561 993 2619 δ’
1029 2582 1043 2599 ’
1079 2564 1121 2619 εἰ
1153 2562 1206 2618 δὲ
1238 2563 1334 2618 οὒκ
1364 2564 1463 2619 εἶσὶ
1517 2562 1708 2627 παῖδες
1753 2559 1890 2617 ἀλλὰ

248 2668 433 2735 γονεῖς
493 2655 572 2730 μὴ
629 2653 1030 2717 σοναινέσαντες
1096 2657 1175 2725 τῷ
1240 2650 1520 2732 ῥεπουδίῳ,
1579 2653 1725 2708 αὐτοὶ
1792 2649 1889 2725 μὲν

249 2742 608 2820 λαμϐάνουσιν
652 2742 867 2821 οὒγγίας
912 2740 984 2812 δ’,
1028 2742 1090 2799 τὸ
1151 2739 1206 2796 δὲ
1266 2742 1627 2820 μονάστήριον
1674 2742 1734 2798 ού
1751 2738 1888 2817 (γίας

247 2836 307 2901 η’
342 2852 355 2867 ⁸
405 2835 449 2889 εί
491 2831 545 2888 δὲ
579 2833 898 2909 συνῄνεσαν,
933 2830 1067 2898 ὅλην
1097 2831 1195 2899 τὴν
1227 2832 1407 2888 οὒσίαν
1436 2832 1499 2887 τὸ
1527 2830 1888 2906 μοναστηριον

249 2919 537 2999 λαμϐάνει·
572 2919 790 2977 δυνατὸν
818 2919 871 2976 δὲ
903 2927 1068 2977 ταῦτα
1097 2918 1276 2997 λέγειν
1305 2920 1394 2977 καὶ
1425 2919 1511 2976 ἰπὶ
1542 2917 1726 2996 ἀνδρὸς
1753 2916 1885 2973 ἀλό-

254 3033 362 3088 γως
420 3008 917 3090 ῥεπουδιατεύοντος
977 3010 1037 3068 ἐκ
1064 3009 1162 3076 τῆς
1208 3008 1306 3088 ριζ⁹
1342 3016 1569 3087 Νεαρᾶς,
1624 3008 1889 3085 λεγούσης

251 3102 380 3165 ἴσας
412 3101 555 3158 εἶναι
581 3100 675 3163 τὰς
706 3101 893 3164 ποινὰς
921 3106 1028 3156 τῶν
1059 3097 1270 3175 ἀλόγων
1306 3096 1595 3176 ῥεπουδίων
1629 3101 1643 3128 ⁸
1678 3098 1766 3154 καὶ
1798 3098 1890 3153 τὸν

1978 1943 2260 2005 trientem
2294 1945 2640 2007 donationis
2671 1952 2813 2007 ante
2842 1945 3085 2026 nuptias
3134 1945 3389 2008 alterum
3426 1945 3619 2029 [uxor]

1973 2034 2661 2113 lucratur,donationem
2698 2035 2831 2114 ejus
2853 2035 3230 2096 matrimonii
3252 2035 3462 2097 liberis
3485 2055 3623 2099 ser-

1972 2122 2269 2185 vatura.Si
2291 2124 2475 2203 igitur
2491 2134 2661 2186 extra
2682 2124 2790 2186 has
2807 2141 3020 2185 causas
3035 2123 3285 2185 maritus
3298 2125 3621 2204 repudium

1974 2212 2629 2288 miserit,donationem
2644 2212 3199 2294 [propternuptias]
3215 2211 3268 2292 ej
3279 2214 3625 2294 usquealte-

1973 2321 2102 2363 rum
2128 2303 2406 2364 trientem
2433 2301 2770 2382 perdit.Sin
2796 2301 3018 2364 mulier
3038 2303 3190 2363 citra
3209 2304 3504 2365 rationem
3527 2321 3623 2367 re-

1972 2392 2220 2472 pudium
2247 2391 2677 2467 mittat,dotem
2693 2390 2963 2473 perditet
2983 2391 3238 2472 insuper
3257 2410 3622 2473 peromnem

1971 2486 2150 2543 vitam
2174 2499 2342 2543 suam
2376 2481 2437 2542 in
2474 2480 2912 2543 monasterium
2953 2481 3305 2561 conjicitur,
3342 2481 3624 2563 bonaque

1972 2570 2103 2649 ejus
2133 2569 2269 2649 [ita]
2306 2569 2682 2646 dividuntur,
2712 2577 2776 2631 ut
2805 2569 2988 2631 liberi
3031 2578 3168 2632 octo
3216 2571 3453 2648 uncias,
3488 2590 3623 2633 mo-

1971 2660 2304 2721 nasterium
2357 2678 2499 2722 vero
2554 2669 2817 2740 quatuor
2852 2658 3074 2740 capiat.
3109 2659 3185 2721 At
3215 2660 3265 2721 si
3290 2660 3472 2723 liberi
3503 2678 3625 2723 non

1970 2749 2218 2823 fuerint,
2260 2759 2543 2828 parentes
2596 2755 2797 2810 autem
2849 2749 3039 2828 [sint,]
3072 2747 3176 2830 qui
3208 2749 3468 2830 repudio
3501 2767 3623 2815 non

1971 2838 2416 2907 consenserint.
2477 2837 2567 2898 illi
2625 2837 2835 2900 uncias
2865 2846 3145 2919 quatuor,
3182 2841 3618 2903 monasterium

1971 2938 2105 2991 octo
2136 2928 2320 3009 capit.
2353 2928 2459 2992 Sin
2489 2943 2632 2990 vero
2692 2927 3148 3003 consenserint,
3186 2930 3621 2992 monasterium

1974 3018 2319 3080 universam
2352 3016 2753 3079 substantiam
2808 3017 3086 3099 percipit.
3136 3017 3391 3080 Possunt
3420 3027 3623 3082 autem

1973 3107 2103 3168 haec
2136 3110 2313 3169 etiam
2349 3107 2424 3167 de
2458 3107 2587 3167 viro
2616 3106 2768 3168 citra
2799 3124 3042 3168 causam
3084 3108 3448 3188 repudiante
3478 3108 3618 3187 dici,

257 3189 420 3268 ἄνδρα
463 3191 660 3266 ὁμοίως
717 3192 1032 3247 ὑποκεῖσθαι
1109 3201 1227 3254 τοῖς
1286 3188 1422 3244 κατὰ
1483 3188 1732 3265 γυναικὸς
1775 3188 1890 3263 ὁρι-

1978 3196 2219 3277 [idque]
2254 3214 2322 3257 ex
2354 3195 2597 3257 Novella
2623 3197 2905 3277 117,quae
2929 3214 3137 3277 prenas
3161 3199 3620 3261 temerariorum

256 3285 462 3338 σθετσιν
495 3298 513 3317 ⁸
558 3280 800 3355 ἀζημίως
846 3278 1113 3336 διαλύεται
1179 3278 1380 3355 γάμος,
1423 3275 1514 3331 ἐὰν
1559 3279 1586 3331 6
1632 3274 1766 3353 ἀνὴρ
1807 3276 1894 3332 ἐπὶ

258 3374 492 3454 τριετίαν
542 3375 679 3450 μετᾶ
722 3372 818 3443 τήν
865 3373 1043 3452 ἀρχὴν
1082 3381 1176 3431 τοῦ
1217 3372 1392 3449 γάμου
1455 3369 1533 3445 μὴ
1588 3367 1785 3444 δυνηθῇ
1827 3373 1896 3444 τῇ

253 3468 468 3544 γαμετῇ
513 3462 878 3542 συγγενέσθαι,
914 3464 1007 3518 καῖ
1053 3460 1137 3518 διὰ
1192 3462 1255 3518 τὸ
1299 3460 1555 3535 μονάσαι,
1605 3459 1690 3514 οιαὶ
1731 3458 1822 3515 ἑὰν
1865 3460 1893 3515 6

254 3554 388 3631 ἀνὴρ
461 3552 812 3631 αἰχμάλωτος
879 3550 1128 3630 γένηται,
1187 3550 1276 3607 καὶ
1334 3547 1534 3617 ἄδηλον
1589 3548 1744 3624 μείνῃ
1801 3546 1893 3603 ὲπῖ

259 3642 567 3703 πενταετίαν
600 3644 643 3699 εί
672 3647 758 3719 ζῇ.

332 3922 405 3980 T6
475 3917 530 3976 δὲ
585 3919 720 3977 κατὰ
780 3918 1075 3978 σοναίνεσιν
1144 3917 1277 3997 πρὸς
1334 3917 1397 3974 τὸ
1446 3915 1892 3996 συμφωνούμενον

252 4011 399 4069 λύειν
442 4011 532 4067 τὶν
579 4012 777 4087 γάμον,
839 4006 1029 4085 εἴρητο
1074 4010 1171 4083 μὲν
1204 4006 1389 4083 πρώην
1425 4021 1439 4037 ⁸
1476 4004 1705 4083 ἀνῃρέθη
1736 4006 1791 4060 δὲ
1832 4004 1893 4062 ἐκ

252 4102 350 4169 τῆς
395 4098 683 4178 εἰρημένης
716 4096 814 4178 ριζ’
849 4103 1080 4175 Νεαρᾶς,
1112 4098 1259 4159 αὖθις
1293 4094 1346 4152 δὲ
1400 4094 1747 4161 ἀνεκαινίσθη
1791 4096 1892 4151 ὑπὸ

253 4190 628 4249 Ἰουστινιανοῦ
669 4193 762 4245 τοῦ
804 4186 1069 4265 βασιλέως
1104 4201 1118 4217 ⁸
1167 4184 1258 4243 καί
1299 4186 1399 4253 τὴν
1467 4184 1728 4261 ἄπροικον
1786 4206 1889 4261 γα-

253 4278 429 4356 μετὴν
473 4281 500 4334 6
543 4277 677 4356 ἀνὴρ
732 4275 943 4354 ἀλόγως
977 4273 1279 4351 εκϐάλλων,
1312 4272 1522 4332 δίδωσιν
1552 4275 1688 4351 αύτῇ
1711 4275 1773 4330 τὸ
1805 4274 1891 4335 τέ-

252 4391 446 4447 ταρτον
508 4367 602 4435 τῆς
654 4365 815 4426 αὺτοῦ
876 4365 1178 4445 περιουσίας
1234 4364 1331 4433 τῆς
1388 4368 1621 4442 καθαρᾶς
1655 4383 1669 4399 ·
1734 4365 1777 4420 εί
1839 4363 1894 4421 δὲ

252 4455 434 4535 συμϐἦ
495 4455 692 4521 παῖδας
752 4459 893 4512 εἶναι
940 4453 1190 4518 πλείονας
1235 4460 1341 4510 τῶν
1384 4459 1565 4531 τριῶν,
1602 4452 1660 4509 ού
1700 4454 1764 4509 τὸ
1807 4452 1889 4509 τέ·

1976 3285 2366 3365 repudiatum
2391 3285 2747 3366 aequales,et
2765 3287 2954 3347 virum
2969 3286 3280 3349 statutisin
3305 3287 3622 3351 mulierem

1978 3373 2234 3455 [pinnis]
2259 3392 2332 3435 ex
2363 3392 2535 3455 inquo
2559 3374 2883 3437 obnoxium
2914 3393 3077 3451 esse,
3102 3375 3274 3438 dicit.
3299 3374 3617 3454 Caeterum,

1978 3466 2109 3527 sine
2138 3463 2357 3525 damno
2386 3463 2639 3526 solvitur
2661 3466 3146 3541 matrimonium,
3167 3465 3219 3526 si
3241 3466 3494 3528 maritus
3517 3485 3626 3546 per

1978 3553 2306 3617 triennium
2342 3560 2476 3634 post
2503 3552 2719 3616 initum
2755 3553 3211 3615 matrimonium
3243 3572 3379 3615 cum
3438 3573 3625 3616 uxore

1979 3651 2144 3708 coire
2189 3661 2310 3705 non
2369 3642 2655 3723 potuerit,
2713 3650 2963 3723 propter
3011 3648 3195 3705 vitam
3229 3643 3622 3707 monasticam

1979 3733 2259 3807 etiam,et
2287 3731 2338 3793 si
2373 3731 2626 3793 maritus
2657 3730 2732 3793 ab
2775 3729 3056 3794 hostibus
3086 3739 3296 3814 captus
3320 3730 3523 3814 fuerit,
3556 3750 3626 3795 ac

1977 3841 2052 3886 an
2084 3822 2235 3884 vivat
2263 3821 2336 3884 ad
2365 3820 2850 3902 quinquennium
2882 3820 3222 3900 ignoretur.

2064 3910 2485 3983 Textusﬂuod
2508 3928 2691 3992 porro
2714 3928 3019 3973 consensu
3043 3912 3173 3972 421
3212 3910 3501 3990 conjuges
3529 3910 3627 3971 in-

1974 4009 2066 4064 ter
2093 4019 2160 4063 se
2197 4000 2648 4063 matrimonium
2702 3999 2992 4062 dirimere
3044 4000 3340 4081 [possint]
3394 4000 3622 4062 dictum

1974 4091 2088 4153 fuit
2120 4092 2290 4172 olim,
2326 4089 2683 4168 abrogatum
2737 4097 2936 4152 autem
2989 4097 3081 4152 est
3113 4107 3220 4171 per
3248 4086 3475 4152 dictam
3509 4088 3625 4150 H7

1974 4180 2305 4252 Novellam,
2335 4178 2441 4240 sed
2462 4179 2849 4261 postmodum
2873 4187 3228 4241 renovatum
3254 4177 3331 4240 ab
3355 4180 3625 4259 impera-

1977 4277 2104 4332 tore
2124 4269 2583 4332 Justino.Plane
2605 4269 2711 4346 qui
2736 4267 2987 4329 maritus
3020 4266 3347 4331 indotatam
3379 4284 3628 4329 uxorem

1977 4360 2127 4422 citra
2157 4357 2450 4420 rationem
2477 4356 2671 4438 ejicit,
2704 4358 2803 4420 dat
2825 4357 2911 4420 illi
2946 4376 3111 4438 purae
3140 4356 3489 4418 substantia:
3505 4373 3629 4418 suae

1978 4447 2391 4530 quadrantem.
2428 4448 2510 4510 At
2537 4447 2585 4508 si
2618 4447 2773 4509 forte
2804 4447 3011 4529 plures
3053 4445 3247 4509 tribus
3277 4445 3454 4508 liberi
3478 4447 3623 4520 sint,

252 4570 445 4627 ταρτον
500 4545 640 4603 ἀλλὰ
684 4543 871 4608 παιδὸς
944 4545 1061 4609 ἑνὸς
1121 4542 1410 4621 ἀναλογίαν
1470 4536 1777 4618 λαμϐάνει*
1836 4543 1890 4599 ού

1979 4557 2096 4600 non
2129 4537 2674 4618 quadrantem,sed
2710 4537 2887 4599 unius
2916 4537 3247 4600 liberorum
3279 4535 3626 4617 portionem

251 4636 467 4696 δύναται
525 4635 581 4693 δὲ
633 4638 694 4694 τὸ
743 4634 1020 4711 διδόμενον
1081 4636 1238 4710 αύτῇ,
1309 4630 1643 4711 ὑπερϐαίνειν
1697 4633 1791 4699 τὰς
1850 4633 1896 4711 ρ’

249 4735 346 4786 τοῦ
387 4733 590 4808 χρυσοῦ
620 4724 826 4804 λίτρας⁸
859 4728 965 4804 ούχ
995 4724 1275 4781 ὑπόκειται
1303 4720 1359 4779 δὲ
1391 4723 1597 4787 τούτοις
1633 4724 1668 4790 ἡ
1699 4721 1895 4799 ἄπροι-

252 4839 345 4884 κος
407 4816 564 4896 γυνὴ,
627 4815 842 4895 ἀλόγως
898 4817 991 4872 τοῦ
1044 4811 1232 4895 ἀνδρός
1294 4812 1675 4892 ἀναχωροῦσα,
1730 4813 1805 4878 ὡς
1861 4813 1895 4880 ἠ

252 4907 394 4976 αὕτη
425 4906 523 4987 ριζ⁹
559 4906 755 4986 Νεαρά,

335 5092 599 5145 Τοσοῦτον
657 5083 712 5142 δὲ
769 5083 1044 5141 ἀκώλυτός
1096 5081 1241 5139 ὶστιν
1284 5084 1319 5151 ἡ
1359 5082 1463 5138 τῶν
1492 5080 1680 5159 γάμων
1709 5077 1895 5136 διάλυ-

252 5197 362 5252 σις,
396 5174 479 5234 ὅτι
524 5174 742 5257 εἴρηται
774 5172 920 5251 βιϐλ.
969 5170 1081 5252 με’,
1128 5173 1233 5235 τίτ,
1281 5169 1360 5251 α’,
1401 5169 1539 5229 διάτ.
1580 5170 1672 5245 ιε’,
1705 5171 1779 5232 ὡς
1809 5167 1898 5257 ἐάν

248 5285 333 5329 τις
391 5272 499 5323 τῶν
556 5256 939 5325 συνοικούντων
994 5262 1239 5341 ὁμολογῇ
1280 5261 1493 5334 ποινὴν,
1526 5261 1589 5316 hx
1634 5260 1729 5316 τοῦ
1768 5256 1894 5336 παρ’

251 5356 428 5413 αἰτίαν
510 5357 673 5414 αύτοῦ
746 5353 965 5422 λυθῆναι
1039 5354 1131 5411 τὸν
1202 5352 1399 5430 γάμον,
1471 5352 1565 5407 οὒκ
1624 5347 1840 5427 ἔρῤωται
1877 5367 1893 5386 ⁸

252 5447 415 5524 ἀρκεῖ
471 5447 570 5524 γὰρ
627 5445 663 5512 ἣ
722 5449 797 5517 τῷ
840 5443 987 5520 νόμῳ
1030 5443 1116 5500 ἐπὶ
1158 5447 1263 5498 τῶν
1307 5438 1563 5498 τοιούτων
1624 5438 1897 5514 ὡρισμένη

252 5538 421 5605 ποινή
458 5552 469 5564 ⁸
518 5538 563 5592 εί
608 5535 684 5611 μὴ
728 5533 829 5612 ἄρα
872 5536 960 5591 καὶ
1018 5534 1053 5600 τη
1095 5532 1432 5609 ἒπερώτησις
1474 5531 1740 5596 τοσαύτην
1794 5549 1899 5585 πε-

253 5625 431 5706 ριέχει
465 5641 479 5655 ⁸
536 5626 625 5681 καὶ
654 5621 794 5685 διάτ.
842 5621 954 5702 ρλδ’
997 5629 1091 5679 τοῦ
1131 5625 1290 5681 αὐτου
1332 5620 1437 5684 τίτ.
1489 5618 1570 5676 ὅτι
1616 5618 1676 5674 οὗ
1721 5617 1899 5681 καλῶς

254 5713 514 5799 ἕπερωτῶ
568 5733 688 5774 τινα
744 5712 943 5781 ποινὴν
994 5713 1056 5770 ἔκ
1103 5719 1197 5773 τοῦ
1243 5710 1321 5791 μὴ
1379 5709 1691 5791 γαμηθῆναί
1750 5730 1843 5787 μοι
1879 5725 1894 5742 ⁸

1984 4627 2129 4706 [illa]
2165 4627 2405 4707 accipit.
2436 4625 2569 4688 Non
2620 4633 2819 4708 potest
2859 4637 3060 4689 autem
3119 4627 3277 4706 quod
3310 4624 3398 4687 illi
3427 4624 3626 4702 datur,

1979 4723 2223 4779 centum
2258 4713 2393 4777 auri
2450 4715 2634 4777 libras
2684 4714 3007 4778 excedere.
3041 4713 3194 4775 Huic
3221 4711 3499 4792 [dationi]
3534 4719 3627 4771 ta-

1980 4823 2121 4869 men
2153 4823 2283 4886 quaa
2314 4804 2518 4866 dotem
2578 4823 2699 4866 non
2748 4803 2956 4866 intulit
2988 4802 3228 4874 mulier,
3260 4800 3313 4863 si
3343 4800 3492 4861 citra
3522 4817 3624 4861 ra-

1979 4895 2205 4957 tionem
2239 4913 2272 4957 a
2303 4894 2517 4957 marito
2575 4894 2831 4956 divertat
2884 4892 3207 4974 (quomodo
3252 4888 3468 4952 eadem
3509 4888 3625 4950 H7

1979 4984 2226 5047 Novella
2254 4983 2521 5064 [tradit])
2550 5003 2673 5047 non
2698 4991 2789 5045 est
2817 4981 3102 5045 obnoxia.

2067 5073 2530 5152 Textus.Usque
2552 5074 2704 5136 adeo
2726 5081 2925 5134 autem
2951 5068 3472 5133 matrimoniorum
3498 5067 3625 5132 dis-

1983 5164 2205 5227 solutio
2226 5164 2507 5244 impediri
2533 5161 2964 5243 nequit,utlib.
2992 5178 3127 5237 xcv,
3157 5158 3630 5240 tit.1,digest.19

1979 5255 2231 5317 dicatur:
2258 5253 2424 5327 Quod
2449 5253 2501 5314 si
2522 5252 2658 5333 quis
2677 5252 3005 5331 conjugum
3028 5267 3263 5331 pmnam
3288 5250 3630 5331 spoponde‘

1978 5344 2141 5419 rit,si
2170 5346 2345 5424 culpa
2364 5362 2468 5404 sua
2492 5341 2814 5404 divortium
2840 5341 2963 5414 ﬁat,
2995 5338 3361 5421 [promissio]
3388 5358 3508 5402 non
3532 5358 3630 5401 va-

1981 5435 2087 5497 let.
2122 5432 2357 5495 Sufficit
2379 5432 2539 5493 enim
2573 5433 2633 5493 in
2666 5431 2890 5493 talibus
2921 5449 2952 5493 a
2981 5432 3112 5511 lege
3143 5431 3466 5493 constituta
3496 5448 3627 5511 poe-

1984 5544 2099 5589 na:
2138 5523 2252 5585 nisi
2297 5523 2347 5585 si
2392 5521 2699 5603 stipulatio
2734 5521 3110 5584 tantumdem
3147 5520 3631 5602 comprehendat

1983 5622 2045 5678 et
2074 5614 2346 5696 ejusdem
2382 5614 2472 5676 tit.
2505 5612 2734 5693 digest.
2762 5613 2901 5677 134.
2928 5610 3058 5675 Non
3080 5620 3251 5674 recte
3279 5612 3535 5692 stipulor
3553 5609 3628 5673 ab

1983 5705 2180 5791 aliqua
2202 5722 2466 5789 poenam,
2488 5703 2539 5775 si
2561 5702 2710 5775 mihi
2732 5721 2853 5773 non
2877 5701 3291 5786 nubat,neque
3318 5701 3464 5771 item
3497 5716 3630 5786 quae
