4090 6204
292 294 430 371 913

1117 297 1539 367 SYNTAGMA
1580 293 1980 364 GANONUM.
2033 325 2113 344 --
2161 296 2318 361 TIT.
2366 293 2547 378 XIII,
2592 295 2757 361 CAP.
2805 296 2883 362 V.

3561 293 3680 362 914

290 450 508 508 τούτων
551 444 607 503 δὲ
649 446 678 503 ὁ
721 442 883 524 λόγος
952 442 1012 502 οὗ
1060 441 1259 524 ῥᾴδιος,
1304 445 1339 513 ἦ
1383 442 1438 500 δὲ
1501 425 1752 514 συνήθειά
1807 440 1910 500 οὔτε

2028 440 2243 504 horum
2278 441 2520 523 quidem
2551 441 2704 505 ratio
2737 459 2856 506 non
2886 437 3101 516 facilis,
3137 437 3244 504 sed
3290 448 3671 513 consuetudo

293 540 669 617 κεκράτηκεν.

384 626 494 705 κβ’.
530 627 662 688 Τοὺς
687 623 738 691 ἐξ
765 623 1011 703 ἀρπᾶγῆς
1033 623 1262 704 ἔχοντας
1286 621 1736 702 γυναῖκας,εἰμέν
1759 621 1944 686 ἄλλοις

283 714 885 795 προμεμνηστευμὲνας
963 719 1078 771 εἷεν
1135 715 1494 794 αφῃρημένοι,
1552 716 1613 772 οὗ
1683 712 1940 792 πρότερον

285 807 414 887 χρὴ
473 803 896 885 παραδέχεσθαι,
940 803 1058 874 πρὶν
1101 803 1136 872 ἢ
1180 801 1466 882 ἀφελέσθαι
1524 801 1683 864 αὐτὰς
1741 805 1938 876 αὐτῶν,

281 897 387 952 καὶ
443 893 530 952 ἐπ’
587 892 790 966 ἐξυυσίᾳ
878 897 986 948 τῶν
1069 892 1123 958 ἐξ
1201 892 1380 972 ἀρχῆς
1451 889 1941 966 μνηστευσαμένων

280 985 548 1058 ποιῆσαι,
583 982 698 1040 εἴτε
748 981 1026 1059 βούλοιντο
1069 978 1256 1039 λαϐεῖν
1299 981 1485 1061 αὐτὰς,
1532 979 1646 1037 εἴτε
1689 980 1939 1048 ἀποστῆ-

279 1096 380 1131 ναι
417 1089 434 1105 ⁶
481 1075 527 1130 εἱ
567 1071 622 1129 δὲ
666 1071 1039 1153 σχολάζουσάν
1081 1093 1164 1134 τις
1221 1069 1402 1150 λάϐοι,
1453 1071 1795 1150 ἀφαιρεῖσθαι
1839 1070 1938 1142 μὲν

280 1161 382 1220 δεῖ
429 1165 520 1220 καὶ
575 1176 692 1225 τοῖς
759 1163 974 1224 οἰκείοις
1040 1161 1406 1234 ἀποκαθιστᾷν
1438 1177 1452 1192 ⁶
1521 1159 1827 1237 ἐπιτρέπειν
1881 1159 1939 1216 δὲ

280 1259 364 1329 τῇ
408 1252 600 1331 γνώμῃ
640 1255 746 1309 τῶν
777 1252 1012 1330 οἰκείων,
1046 1250 1160 1306 εἴτε
1205 1250 1389 1328 γονεῖς
1427 1249 1565 1330 εἷεν,
1617 1247 1732 1306 εἵτὲ
1773 1247 1937 1306 ἀδελ-

2028 531 2116 593 εἱο
2147 531 2420 595 invaluit.

2105 620 2204 684 22.
2241 622 2356 695 Qui
2388 639 2457 683 ex
2517 627 2689 702 raptu
2749 619 3037 683 mulieres
3085 620 3335 699 habent,
3368 623 3670 707 siquidem

2023 709 2158 773 aliis
2182 712 2306 791 jam
2344 710 2676 790 desponsae
2705 710 3112 792 abripuerint,
3143 719 3284 774 ante
3313 713 3668 782 admittendi

2025 819 2143 862 non
2177 809 2337 882 sunt,
2372 819 2549 881 quam
2581 799 2654 862 ab
2688 800 2778 862 eis
2806 799 3018 864 ablatae
3047 801 3166 863 sint
3195 811 3254 863 et
3283 821 3492 866 eorum
3525 809 3669 884 qui-

2031 888 2142 951 bus
2167 890 2242 952 ab
2276 890 2447 952 initio
2473 889 2791 970 desponsae
2841 899 3032 966 erant,
3068 895 3347 972 potestati
3388 894 3674 972 redditas,

2022 988 2220 1042 utrum
2257 997 2358 1042 eas
2415 979 2601 1042 velint
2652 979 2931 1061 accipere
2990 1000 3064 1043 an
3094 981 3412 1046 desistere.
3445 983 3503 1047 Si
3537 989 3672 1068 quis

2023 1077 2219 1132 autem
2249 1077 2555 1131 vacantem
2591 1069 2917 1149 acceperit,
2953 1069 3189 1133 auferre
3212 1070 3454 1152 quidem
3487 1093 3672 1154 opor-

2023 1167 2130 1230 tet,
2163 1159 2414 1239 suisque
2450 1157 2795 1234 restituere,
2831 1166 2888 1221 et
2919 1161 3184 1241 ipsorum
3217 1161 3502 1224 voluntati
3526 1183 3670 1245 per-

2021 1247 2279 1320 mittere,
2314 1248 2438 1308 sive
2469 1247 2590 1308 sint
2622 1255 2924 1329 parentes,
2950 1249 3074 1311 sive
3103 1249 3348 1325 fratres,
3384 1251 3512 1315 sive
3543 1255 3674 1335 qui-

281 1342 408 1416 φοί,
470 1342 585 1399 εἴτε
639 1344 929 1399 οἰτινεσοῦν
988 1346 1323 1418 προεστῶτες
1389 1345 1487 1407 τῆς
1560 1339 1728 1416 κόρης
1760 1357 1777 1376 ·
1836 1337 1910 1396 κᾶη

2017 1336 2104 1398 vis
2135 1337 2239 1398 alii
2275 1337 2488 1416 puellae
2519 1335 2933 1400 moderatores
2971 1359 2983 1400 :
3019 1355 3087 1401 ac
3116 1339 3167 1399 si
3201 1338 3255 1402 ei
3289 1340 3531 1420 quidem
3559 1351 3672 1406 tra-

281 1433 396 1506 μὲν
437 1431 661 1489 ἕλωνται
705 1435 850 1504 αὒτῷ
907 1429 1259 1509 παραδοῦναι,
1319 1427 1568 1486 ἵστασθαι
1629 1430 1687 1486 τὸ
1751 1450 1910 1485 συνοι-

2017 1425 2162 1488 dere
2189 1427 2399 1503 velint,
2455 1433 2695 1506 oportet
2743 1427 3188 1489 matrimonium
3237 1430 3664 1496 constituere:

279 1522 475 1579 κέσιον
513 1542 528 1558 ο
587 1521 678 1578 ἐὰν
726 1519 780 1576 δὲ
838 1521 1156 1591 ἀνανεόωσι,
1202 1519 1282 1594 μὴ
1325 1519 1594 1595 βιάζεσθαι
1627 1534 1641 1550 ⁹
1675 1519 1767 1575 τὸν
1796 1518 1910 1594 μένε

2015 1516 2108 1576 sin
2167 1523 2367 1577 autem
2421 1515 2760 1591 renuerint,
2814 1534 3194 1597 nequaquam
3251 1521 3363 1579 vim
3415 1519 3666 1585 inferre.

277 1633 374 1669 τοι
445 1611 506 1668 ἐκ
588 1609 844 1691 διαφορᾶς
929 1607 1043 1666 εἴτε
1130 1607 1381 1686 λαθραίας
1439 1605 1553 1665 εἴτε
1625 1607 1910 1685 βιαιοτέρας

2015 1605 2165 1667 Eum
2199 1614 2397 1667 autem
2447 1605 2549 1685 qui
2601 1623 2670 1667 ex
2717 1613 2950 1687 stupro,
2985 1607 3113 1670 sive
3139 1607 3349 1669 latenti
3381 1611 3505 1671 sive
3535 1612 3667 1674 vio-

273 1703 522 1778 γῦναϊκα
553 1699 775 1780 ἔχοντα,
819 1698 1030 1777 ἀνάγκη
1086 1699 1148 1755 τὸ
1207 1699 1302 1765 τῆς
1360 1698 1609 1774 πορνείας
1637 1697 1907 1776 ἐπιγνῶνα

2015 1693 2199 1768 lento,
2253 1713 2500 1756 uxorem
2563 1693 2770 1771 habet,
2827 1713 3079 1758 necesse
3133 1704 3222 1758 est
3251 1697 3666 1764 fornicationis

277 1760 622 1864 iﬂltlptov?
663 1760 774 1846 ἔστί
829 1787 884 1844 δὲ
937 1760 1030 1844 ἐν-
1083 1760 1365 1865 τέσσαρσιν
1435 1760 1754 1866 ’ὡρισμένηι
1805 1800 1910 1844 τοῖς

2015 1801 2246 1864 poenam
2281 1801 2634 1862 agnoscere.
2669 1760 2775 1846 Est
2804 1791 3007 1846 autem
3058 1785 3120 1845 in
3170 1794 3436 1866 quatuor
3489 1791 3663 1854 annis

277 1879 639 1955 πορνεύουσιν
683 1880 720 1946 ἠ
763 1879 1073 1955 ἐπιτίμησις
1106 1897 1120 1910 ⁸
1188 1879 1299 1958 χρὴ
1353 1883 1432 1950 τῷ
1487 1877 1684 1955 πρώτῳ
1725 1876 1910 1934 ἐκϐάλ-

2015 1872 2305 1953 praeﬁnita
2352 1872 2796 1935 fornicantibus
2847 1891 3045 1954 pinna.
3079 1876 3335 1955 Oportet
3367 1894 3472 1937 eos
3505 1896 3662 1941 anno

274 1966 472 2025 λεσθαι
526 1974 636 2025 τῶν
689 1973 1036 2048 προσευχῶν,
1093 1968 1187 2024 καὶ
1237 1965 1559 2044 προσκλαίεν
1613 1967 1804 2032 αὐτοὺς
1856 1971 1910 2045 τῆ

2015 1963 2205 2042 primo
2238 1981 2272 2024 a
2301 1962 2585 2042 precibus
2611 1962 2858 2044 expelli,
2893 1971 2952 2025 et
2980 1965 3127 2026 ﬂere
3159 1964 3231 2025 ad
3265 1964 3428 2027 fores
3456 1969 3658 2031 eccle-

269 2059 412 2136 θύρᾴ
496 2063 598 2125 τῆς
678 2056 968 2125 ἐκκλησίας
1005 2071 1020 2087 ⁸
1095 2062 1173 2130 τῷ
1231 2055 1458 2135 δευτέρῳ
1523 2053 1781 2135 δεχθῆναι
1851 2057 1924 2122 εἰς

271 2148 543 2224 ἀκρόασιν
574 2164 588 2179 ⁶
622 2155 701 2222 τῷ
728 2147 889 2224 τρίτῳ
917 2149 992 2211 εἰς
1052 2145 1340 2215 μετάνοιαν
1373 2160 1388 2176 ⁵
1435 2149 1513 2218 τῷ
1569 2145 1806 2223 τετάρτῳ
1847 2147 1923 2210 εἰς

271 2237 539 2293 σύστασιν
569 2238 705 2312 μετὰ
733 2244 828 2294 τοῦ
880 2235 1037 2310 λαοῦ,
1095 2233 1470 2314 ἀπεχομένους
1519 2239 1621 2302 τῆς
1678 2255 1922 2315 προσφο-

271 2331 406 2405 ρᾶς,
467 2326 593 2385 εἶτα
648 2330 840 2392 αότοὺς
907 2324 1284 2398 ἐπιτρέπεσθαι
1347 2325 1448 2392 τὴν
1491 2325 1770 2383 κοινωνίαν
1826 2332 1923 2383 τοῦ

270 2415 504 2494 ἀγαθοῦ.

360 2506 472 2566 κε’.
517 2506 579 2564 '0
624 2507 724 2574 τὴν
782 2505 1168 2587 διεφθαρμένην
1214 2504 1300 2582 ὑφ’
1345 2505 1535 2564 ἑαυτοῦ
1564 2505 1642 2569 εἰς
1688 2519 1921 2584 γυναῖκα

271 2593 557 2676 κατέχων,
591 2595 652 2652 τὸ
681 2596 781 2661 μὲν
809 2595 896 2652 ἐπὶ
923 2601 992 2671 τῇ
1024 2598 1188 2675 φθορᾷ
1218 2593 1484 2669 ἐπιτίμιον
1527 2595 1914 2673 ὑποστήσεται,

268 2684 380 2750 τὴν
409 2681 463 2739 δὲ
493 2697 724 2762 γυναῖκα
752 2685 912 2765 ἔχειν
943 2684 1455 2763 συγχωρηθήσεται.

359 2772 499 2848 κζ’.
543 2775 610 2831 Ἥ
641 2777 858 2852 πορνεία
900 2775 1076 2851 γάμος
1119 2777 1215 2832 οὒκ
1243 2773 1410 2852 ἔστιν,
1439 2775 1561 2833 ἀλλ’
1592 2774 1710 2834 οὐδὲ
1739 2776 1916 2856 γάμου

270 2859 425 2942 ἀρχή
459 2878 475 2894 ⁸
543 2862 684 2919 ὥστε
742 2863 833 2919 ἐὰν
892 2863 928 2939 ᾖ
1005 2860 1224 2921 δυνατὸν
1278 2862 1400 2926 τοὺς
1460 2865 1596 2923 κατὰ
1665 2867 1914 2944 πορνείαν

266 2951 701 3026 συναπτομένους
779 2954 1124 3032 χωρίζεσθαι,
1195 2958 1346 3009 τοῦτο
1412 2953 1696 3030 κράτιστον
1729 2970 1746 2987 ⁸
1821 2955 1912 3014 ἐὰν

264 3038 326 3097 δὲ
374 3040 666 3120 στέργωσιν
704 3042 766 3099 ἐκ
808 3042 1006 3104 παντὸς
1052 3042 1249 3116 τρόπου
1298 3044 1361 3099 τὸ
1417 3042 1776 3120 συνοικέσιον,
1851 3048 1913 3104 τὸ

2007 2051 2112 2114 sia;
2142 2070 2156 2116 :
2190 2051 2460 2115 secundo
2521 2051 2594 2112 ad
2653 2051 3025 2115 auditionem
3075 2053 3334 2128 admitti,
3375 2056 3551 2118 tertio
3583 2059 3659 2120 ad

2005 2142 2423 2222 paenitentiam
2461 2159 2476 2203 :
2509 2142 2653 2203 424
2693 2149 2902 2222 quarto
2952 2142 3023 2204 ad
3056 2142 3335 2204 standum
3369 2162 3490 2205 una
3520 2164 3656 2207 cum

2007 2230 2633 2310 populo,abstinentes
2662 2231 2734 2291 ab
2762 2229 3069 2293 oblatione
3102 2251 3116 2293 :
3151 2230 3372 2294 deinde
3403 2232 3492 2295 eis
3519 2251 3654 2315 per-

2004 2319 2157 2382 mitti
2191 2319 2334 2383 boni
2360 2320 2877 2383 communionem.

2083 2499 2184 2562 25.
2219 2498 2330 2573 Qui
2362 2518 2397 2562 a
2424 2515 2492 2563 se
2523 2505 2855 2580 stupratam
2892 2516 2998 2580 pro
3021 2517 3213 2562 uxore
3239 2499 3490 2579 detinet,
3527 2510 3652 2566 stu-

2001 2591 2092 2668 pri
2126 2589 2368 2667 quidem
2430 2607 2665 2670 pmnam
2720 2587 2974 2666 subibit,
3029 2589 3136 2651 sed
3169 2589 3226 2652 ei
3277 2590 3486 2654 licebit
3513 2611 3645 2656 eam

2001 2697 2245 2741 uxorem
2273 2679 2522 2740 habere.

2081 2767 2179 2830 96.
2215 2767 2553 2830 Fornicatio
2605 2767 3050 2830 matrimonium
3105 2785 3224 2831 non
3274 2781 3388 2849 est,
3429 2771 3536 2834 sed
3568 2791 3646 2836 ne

1998 2856 2364 2920 matrimonii
2389 2857 2636 2935 quidem
2664 2857 2925 2920 initium.
2957 2857 3154 2930 Quare
3180 2858 3232 2920 si
3258 2859 3388 2922 ﬁeri
3421 2869 3640 2940 potest,

1999 2956 2063 3009 ut
2115 2947 2219 3026 qui
2277 2965 2386 3025 per
2413 2947 2875 3010 fornicationem
2924 2947 3231 3028 conjuncti
3263 2957 3428 3025 sunt,
3461 2969 3642 3032 sepa-

1995 3044 2226 3111 rentur,
2259 3037 2321 3098 id
2367 3037 2610 3118 quidem
2669 3038 2964 3118 optimum
3017 3044 3130 3098 est.
3185 3036 3290 3101 Sin
3323 3047 3520 3102 autem
3553 3041 3640 3104 eis

267 3129 376 3205 μὲν
432 3136 530 3199 τῆς
601 3132 852 3210 πορνείας
923 3129 1192 3207 ἐπιτίμιον
1277 3133 1704 3211 γνωριζέτωσαν,
1777 3135 1909 3217 ἀφι-

2015 3127 2240 3188 πηηίηο
2266 3126 2496 3206 placeat
2539 3127 2912 3217 conjugium,
2953 3126 3366 3217 fornicationis
3395 3129 3640 3210 quidem

266 3218 508 3277 έσθωσαν
539 3218 594 3277 δὲ
623 3221 716 3279 ’ίνα
748 3221 826 3297 μὴ
852 3220 1045 3301 χεῖρόν
1075 3243 1131 3277 τι
1162 3220 1410 3300 γένηται.

351 3397 427 3460 λ’,
465 3398 588 3476 Περὶ
616 3403 724 3456 τῶν
753 3398 1122 3476 ἁρπαζόντων,
1156 3402 1356 3458 κανόνα
1387 3399 1486 3476 μὲν
1539 3399 1768 3458 παλαιὸν
1813 3403 1909 3461 οὒκ

261 3487 496 3567 ἔχομεν,
530 3486 664 3545 ἰδίαν
704 3486 760 3544 δὲ
800 3489 1024 3567 γνώμην
1055 3489 1446 3569 ἐποιησάμεθα,
1498 3489 1614 3568 τρία
1669 3489 1765 3559 ἔτη
1819 3493 1904 3551 καί

260 3577 456 3640 αὖτοὺς
528 3579 617 3633 καὶ
681 3579 803 3642 τοὺς
876 3580 1304 3657 συναρπάζοντας
1374 3582 1584 3654 αὐτοῖς,
1645 3579 1746 3645 ἔξω
1799 3582 1906 3639 τῶν

260 3668 446 3745 εὐχῶν
502 3667 737 3744 γίνεσθαι
771 3685 787 3702 ⁶
875 3670 938 3724 τὸ
1022 3667 1077 3724 δέ
1151 3669 1229 3743 μὴ
1314 3668 1502 3744 βιαίως
1585 3671 1900 3746 γενόμενον,

259 3757 544 3812 ἀνεύθυνόν
599 3755 742 3812 ἐστιν
822 3757 948 3814 ὅταν
1026 3757 1105 3832 μὴ
1175 3757 1340 3836 φθορὰ
1395 3757 1453 3833 ᾗ,
1515 3755 1653 3830 μηδὲ
1723 3757 1904 3828 κλοπή

256 3845 540 3921 ἡγουμένη
595 3845 687 3902 τοῦ
757 3847 1072 3924 πράγματος
1102 3863 1116 3877 ’
1196 3845 1504 3912 αὖτεξουσία
1564 3844 1620 3903 δὲ
1662 3850 1696 3916 ἡ
1753 3850 1905 3928 χήρα

257 3935 354 3990 καὶ
408 3933 493 3991 ἐπ’
539 3935 674 4003 αὒτῆ
719 3937 780 3993 τὸ
822 3935 1181 4005 ἀκολουθῆσαι
1217 3953 1232 3969 ·
1268 3935 1408 3994 ὥστε
1448 3937 1556 3995 τῶν
1599 3939 1905 4018 σχημάτων

259 4025 404 4099 ἡμῖν
431 4023 492 4080 οὗ
519 4023 881 4104 φροντιστέον,

335 4199 440 4265 λδ’,
473 4202 574 4264 Τὰς
611 4203 989 4284 μοιχευθείσας
1037 4205 1124 4261 καὶ
1177 4203 1618 4283 ἐξαγορευούσας,
1667 4225 1722 4262 α·
1754 4229 1808 4270 τ.
1837 4207 1890 4267 λ.

336 4288 440 4361 λζ’.
477 4293 622 4349 Μετά
650 4295 712 4350 τὸ
741 4293 1096 4374 ἀφαιρεθῆναι
1127 4294 1230 4362 τὴν
1261 4294 1545 4372 ἀλλοτρίαν
1567 4296 1595 4352 ὁ
1615 4297 1891 4373 γαμήσας,

246 4378 348 4435 ἐπί
377 4381 478 4452 μὲν
507 4386 571 4456 τῇ
603 4381 791 4459 πρώτῃ
823 4384 1077 4463 μοιχείᾳ,
1134 4381 1530 4460 ἐγκληθήσεται
1564 4399 1581 4416 ⁸
1626 4385 1714 4442 ἐπὶ
1741 4383 1796 4441 δὲ
1826 4391 1894 4463 τῇ

243 4466 487 4544 δευτέρᾳ,
523 4469 800 4534 ἀνεύθυνος
833 4471 981 4530 ἔσται
999 4513 1012 4528 .
1375 4516 1378 4518 ν

331 4556 437 4620 λθ’.
472 4551 533 4616 Ἠ
568 4567 646 4634 τῷ
675 4583 767 4636 μοι
776 4565 863 4642 χῷ
891 4567 1126 4637 συζῶσα,
1160 4561 1425 4643 μοιχαλίς
1457 4561 1569 4620 ἐστι
1601 4562 1774 4620 πάντα
1804 4565 1896 4622 τὸν

245 4649 470 4728 χρόνον.

332 4737 444 4812 μθ’,
493 4741 555 4796 Αἱ
583 4739 716 4816 πρὸς
765 4740 1008 4819 ἀνάγκην
1050 4741 1334 4820 γενόμεναι
1387 4743 1592 4820 φθοραὶ,
1625 4741 1894 4801 ἀνεόθυνοι

247 4827 491 4884 ἔστωσαν
525 4845 542 4863 ⁸
598 4829 736 4886 ὥστε
794 4833 882 4888 καὶ
931 4833 966 4900 ἡ
1031 4831 1197 4898 δούλη
1262 4836 1307 4888 εἰ
1350 4829 1570 4899 ἐϐιάσθη
1614 4833 1758 4911 παρὰ
1800 4840 1894 4890 τοὸ

248 4917 448 4974 οἰκείου
481 4915 760 4994 δεσπότου,
795 4919 1070 4984 ἀνεύθυνος
1101 4921 1274 4983 ἐστιν.

331 5005 445 5073 νη’,
475 4999 531 5065 ’0
563 5009 885 5088 μοιχεύσας,
918 5011 974 5066 ἓν
1004 5009 1128 5070 δέκα
1158 5012 1248 5067 καὶ
1276 5009 1434 5068 πέντε
1465 5009 1637 5069 ἔτεσιν
1670 5012 1894 5068 ἀκοινω-

250 5119 412 5164 νητος
457 5095 604 5154 ἔσται
649 5099 754 5155 τῶν
799 5101 1175 5176 ἁγιασμάτων,
1209 5100 1264 5156 ἐν
1315 5099 1532 5179 τέσσαρι
1589 5100 1688 5176 μὲν
1717 5122 1893 5181 προσ-

252 5185 450 5243 κλαίων
480 5186 676 5266 ἔτεσιν,
741 5187 798 5244 ἐν
840 5187 998 5245 πέντε
1056 5189 1112 5246 δὲ
1161 5189 1526 5270 ἀκροώμενος,
1562 5189 1616 5248 ἐν
1655 5191 1887 5269 τέσσαρ-

250 5298 334 5331 σιν
389 5275 730 5349 ὕποπίπτων,
798 5278 852 5334 ἐν
920 5277 1032 5336 δυσὶ
1076 5280 1363 5354 συνεστὼς,
1411 5277 1533 5337 ἄνευ
1583 5282 1885 5345 κοινωνίας,

331 5363 431 5427 νθ’.
459 5356 516 5423 Ὀ
540 5364 730 5445 πόρνος
760 5365 814 5422 ἐν
845 5367 980 5425 ἑπτὰ
1010 5367 1181 5426 ἔτεσιν
1211 5368 1573 5436 ἀκοινώνητος
1602 5368 1749 5426 ἔσται
1781 5377 1888 5426 τῶν

248 5455 614 5535 ἀγιασμάτων,
659 5453 752 5512 δύο
793 5455 1156 5538 προσκλαίων,
1225 5460 1314 5514 καὶ
1367 5457 1458 5514 δύο
1515 5457 1882 5538 ἀκροώμενος,

251 5544 338 5600 καί
385 5542 473 5602 δύο
523 5546 861 5626 ὑποπίπτων,
927 5548 1013 5604 καὶ
1077 5548 1150 5604 ἑνὶ
1220 5548 1488 5613 συνεστώς
1523 5563 1537 5579 ⁶
1589 5548 1753 5626 μόνον
1809 5554 1886 5624 τῷ

250 5632 420 5714 ὀγδόῳ
447 5631 772 5717 δεχθήσεται
795 5637 872 5703 εἰς
900 5637 1206 5700 κοινωνίαν.

1993 3234 2227 3296 poenam
2260 3224 2626 3294 agnoscant;
2673 3217 2782 3280 sed
2831 3215 3081 3279 minime
3111 3225 3510 3300 separentur,
3563 3237 3641 3282 ne

1991 3306 2139 3384 quid
2170 3305 2435 3369 deterius
2461 3306 2718 3369 accidat.

2073 3394 2168 3457 30.
2201 3395 2286 3458 De
2319 3396 2393 3458 iis
2423 3397 2524 3478 qui
2555 3397 2824 3478 rapiunt,
2859 3413 3154 3459 canonem
3198 3397 3450 3474 quidem
3486 3398 3640 3461 anti-

1993 3503 2172 3566 quum
2208 3503 2324 3547 non
2382 3485 2703 3560 habemus,
2758 3486 2866 3548 sed
2915 3487 3221 3567 propriam
3273 3490 3634 3551 sententiam

1991 3573 2374 3654 proferimus,
2407 3583 2474 3636 ut
2520 3582 2583 3637 et
2631 3575 2744 3654 ipsi
2793 3585 2853 3637 et
2895 3575 3000 3656 qui
3033 3592 3150 3636 una
3180 3592 3315 3636 cum
3349 3576 3500 3655 ipsis
3531 3595 3638 3638 ra-

1989 3663 2182 3744 piunt,
2216 3663 2407 3725 tribus
2437 3664 2612 3726 annis
2639 3664 2759 3726 sint
2791 3672 2957 3726 extra
2988 3663 3408 3744 preces.Quod
3433 3672 3634 3727 autem

1988 3751 2279 3815 violenter
2304 3771 2422 3815 non
2456 3753 2559 3828 sit,
2599 3771 2789 3833 poenae
2839 3753 2990 3814 nulli
3043 3752 3372 3814 obnoxium
3418 3761 3533 3830 est,
3582 3756 3635 3816 si

1988 3860 2100 3904 nec
2127 3851 2395 3922 stuprum
2431 3862 2540 3906 nec
2570 3843 2795 3906 furtum
2827 3860 2955 3905 rem
2985 3841 3498 3921 praecesserit.Est
3531 3850 3636 3906 au-

1988 3940 2105 3995 tem
2147 3932 2323 3994 vidua
2355 3932 2446 3994 sui
2489 3933 2669 4013 juris,
2722 3941 2781 3995 et
2810 3931 3106 4010 sequendi
3139 3939 3406 4012 potestas
3449 3951 3636 4013 penes

1985 4021 2176 4102 ipsam
2209 4030 2322 4084 est.
2377 4023 2573 4094 Quare
2621 4022 3071 4084 simulationum
3121 4039 3191 4084 ac
3241 4029 3631 4102 praetextuum

1985 4129 2124 4174 cura
2153 4111 2316 4173 nulla
2345 4110 2520 4173 nobis
2550 4110 2830 4174 habenda
2864 4119 2976 4174 est.

2058 4200 2160 4264 34.
2188 4201 2468 4263 Mulieres
2490 4202 2787 4264 adulterio
2803 4202 3322 4280 pollutas,etc.,ut
3341 4200 3630 4282 pag.806.

2060 4288 2159 4354 37.
2192 4291 2308 4364 Qui
2369 4291 2570 4354 aliena
2626 4290 2745 4355 sibi
2803 4291 3000 4352 ablata
3052 4309 3299 4354 uxorem
3335 4291 3527 4366 duxit,
3560 4291 3629 4352 in

1977 4381 2169 4460 prima
2198 4379 2440 4460 quidem
2474 4379 2760 4443 adulterii
2792 4381 3023 4444 crimen
3053 4379 3397 4455 sustinebit,
3432 4379 3496 4441 in
3527 4397 3629 4441 se—

1913 4470 2169 4535 Dcunda
2197 4488 2340 4533 vero
2366 4489 2511 4534 reus
2542 4490 2661 4533 non
2695 4479 2931 4551 agetur.

2055 4559 2154 4620 39.
2191 4560 2330 4632 Qum
2361 4561 2498 4622 vivit
2527 4579 2662 4623 cum
2686 4561 2984 4635 adultero,
3031 4559 3309 4623 adultera
3338 4568 3430 4623 est
3459 4559 3628 4622 omni

1978 4657 2276 4727 tempore.

2055 4741 2158 4803 49.
2191 4741 2408 4820 Stupra
2457 4759 2590 4822 quas
2641 4760 2750 4821 per
2793 4742 2910 4803 vim
2947 4741 3317 4816 inferuntur,
3353 4759 3473 4802 non
3506 4739 3630 4800 sint

1977 4832 2342 4893 accusationi
2374 4831 2657 4897 obnoxia.
2691 4833 2890 4906 Quare
2920 4831 3102 4894 etiam
3141 4847 3334 4902 serva,
3370 4828 3423 4891 si
3451 4828 3539 4889 vis
3571 4827 3627 4888 ei

1907 4920 1910 4922 ⁷
1975 4937 2008 4981 a
2035 4922 2282 5002 pr0prio
2314 4921 2462 4984 hero
2493 4921 2655 4984 illata
2687 4922 2786 4995 sit,
2821 4920 3012 4982 libera
3045 4927 3137 4983 est
3162 4937 3195 4981 a
3220 4917 3420 4998 culpa.

2055 5011 2156 5073 58.
2190 5010 2302 5084 Qui
2336 5012 2666 5073 moechatus
2715 5018 2827 5086 est,
2887 5028 2997 5090 per
3048 5007 3397 5091 quindecim
3430 5023 3627 5068 annos

1975 5107 2487 5164 sacramentorum
2520 5119 2638 5162 non
2666 5102 2781 5162 erit
2810 5099 3148 5179 particeps:
3175 5105 3428 5178 quatuor
3451 5095 3626 5158 annis

1971 5194 2150 5265 ﬂens,
2188 5191 2455 5271 quinque
2502 5189 2782 5264 audiens,
2835 5197 3090 5270 quatuor
3121 5188 3484 5268 substratus,
3516 5204 3628 5266 per

1972 5282 2124 5344 dUOS
2155 5286 2492 5342 consistens
2522 5281 2654 5342 sine
2686 5279 3136 5342 communione.

2048 5369 2190 5430 425
2219 5369 2320 5431 59.
2347 5368 2700 5432 Fornicator
2724 5377 2962 5450 septem
3005 5367 3180 5431 annis
3208 5375 3586 5431 sacramento

1969 5477 2102 5522 rum
2133 5476 2252 5520 non
2303 5458 2418 5520 erit
2462 5458 2787 5539 particeps,
2821 5457 3056 5522 duobus
3088 5460 3263 5534 ﬂens,
3299 5465 3358 5521 et
3386 5455 3620 5526 duobus

1967 5548 2242 5626 audiens,
2277 5557 2336 5611 et
2360 5548 2597 5611 duobus
2627 5550 3053 5625 substratus,et
3085 5568 3206 5611 uno
3249 5548 3618 5612 consistens:

1969 5646 2196 5705 tantum
2230 5646 2434 5703 octavo
2463 5639 2540 5705 ad
2565 5639 3055 5707 communionem
3085 5638 3473 5705 admittetur.
