4090 6204
481 273 596 347 915
1657 281 1924 345 PHOTII
1974 281 2124 344 PAT

2219 281 2491 345 ARCHIE
2531 281 2644 346 GP.
3731 278 3856 347 916

551 426 653 490 62.
686 422 797 501 Qui
831 427 1263 508 turpitudinem
1289 428 1350 490 in
1384 427 1654 490 maribus
1682 428 2176 508 patravit,tem-A

2279 428 2380 504 ξβ’.
2435 422 2492 488 εΟ
2553 431 2651 497 τὴν
2696 431 3089 509 ἀσχημοσύνην
3134 430 3187 486 ἐν
3231 445 3351 493 τοῖς
3394 429 3612 508 ἅρῥεσιν
3644 427 3856 485 ἐπιδει-

470 537 584 597 pus
613 519 773 580 illius
804 520 904 601 qui
935 519 1218 581 adulterii
1252 519 1451 581 scelus
1484 519 1750 600 admisit,
1783 521 1837 581 ei
1866 519 2116 596 dispen-

2219 521 2482 600 ινόμενος,
2513 523 2604 577 τὸν
2626 520 2822 599 χρόνον
2851 530 2944 580 τοῦ
2973 520 3027 578 ἓν
3061 526 3129 597 τῇ
3154 521 3376 600 μοιχεία
3407 525 3852 598 παρανομοῦντος

468 607 716 670 sabitur.

549 699 653 759 77.
687 697 796 770 Qui
821 698 1134 780 relinquit,
1163 707 1310 772 etc.,
1342 706 1410 763 ut
1440 717 1583 781 pag.
1608 700 1750 763 907.

863 788 915 852 G
953 791 1194 871 regorii
1225 791 1490 870 Nyssent
1537 807 1668 870 cap.
1705 789 1764 850 3.

549 877 772 940 Eorum
804 887 1004 942 autem
1037 899 1169 959 quae
1221 880 1293 941 ad
1327 880 1723 958 cupiditatem
1757 887 1818 940 et
1847 879 2118 958 volupta-

475 973 595 1031 tem
630 969 778 1030 ﬁunt
809 976 1220 1048 peccatorum,
1253 978 1396 1044 etc.,
1423 975 1491 1032 ut
1522 988 1666 1049 pag.
1705 968 1845 1029 807.

555 1057 891 1122 TextusDe
913 1059 1665 1136 stupro,adulterio,atque
1692 1056 2120 1138 praedicatione

473 1155 687 1210 tractat
711 1148 882 1210 lexin
908 1149 1081 1210 lib.1x
1105 1148 1240 1210 cod.
1269 1149 1501 1222 tit.9,et
1523 1147 1632 1210 lib.
1654 1147 2040 1222 XLVlll,lilul0
2061 1149 2119 1221 5,

468 1239 612 1301 talia
633 1239 1123 1318 delinquentibus
1167 1257 1401 1319 poenam
1447 1238 1742 1300 inducens
1781 1235 2118 1315 capitalem.

473 1327 589 1390 Ubi
621 1328 850 1409 [etiam]
884 1329 1122 1405 dicitur,
1157 1328 1315 1408 quod
1358 1328 1638 1390 adulterii
1671 1325 1970 1388 accusatio
2004 1342 2121 1384 non

475 1417 668 1480 solum
701 1419 775 1480 ob
799 1427 1133 1497 stupratam
1175 1417 1500 1497 legitimam
1535 1419 1880 1496 conjugem,
1915 1432 2120 1476 verum

475 1508 653 1570 etiam
687 1508 760 1569 de
791 1508 1059 1570 instabili
1084 1516 1260 1588 atque
1287 1506 1604 1586 illegitimo
1637 1505 2025 1567 matrimonio
2066 1503 2127 1564 et

473 1597 884 1678 sponsalibus,
922 1606 978 1658 et
1011 1597 1085 1658 de
1117 1596 1519 1659 concubinatu
1553 1597 1919 1657 instituatur.

563 1686 1075 1749 TemtusProinde
1095 1686 1408 1748 fornicatio
1433 1705 1551 1746 non
1573 1685 1850 1746 laudatur
1876 1684 2122 1760 quidem

2205 611 2711 684 οἶκονομηθήσεται,

2285 701 2395 771 οζ’.
2425 693 2482 758 Ὀ
2512 700 2694 776 μέντοι
2724 699 3174 775 καταλιμπάνων,
3209 724 3264 759 κ.
3299 724 3351 761 τ.
3387 699 3443 762 λ,

2625 791 2916 868 Γρηγορίου
2942 792 3154 858 Νύσσης
3194 813 3315 871 χείρ.
3351 791 3424 868 γ’.

2283 888 2399 939 Τῶν
2443 879 2495 937 δὲ
2562 879 2628 935 δι’
2693 880 2972 955 ἐπιθυμίαν
3028 902 3086 937 τε
3145 884 3234 938 καὶ
3292 879 3492 948 ἡδονὴν
3548 876 3856 956 γινομένων

2203 969 2605 1049 ἁμαρτημάτων
2637 971 2858 1036 τοιαύτη
2889 969 3029 1026 ἐστὶν
3060 973 3093 1038 ἡ
3127 969 3407 1048 διαίρεσις,
3443 992 3496 1028 κ.
3533 991 3580 1024 τ.
3619 967 3672 1028 λ,

2287 1063 2565 1135 Κείμενον.
2615 1062 2738 1138 Περὶ
2771 1064 2962 1140 φθορᾶς
2993 1063 3081 1116 καὶ
3113 1063 3368 1140 μοιχείας
3398 1062 3486 1115 καὶ
3536 1057 3857 1135 ἆῤῥενοκοι-

2205 1152 2320 1216 τίας
2353 1150 2698 1223 διαλαμϐάνει
2732 1152 2758 1205 ὁ
2792 1151 2979 1225 νόμος,
3013 1148 3159 1226 βιϐλ.
3193 1149 3242 1206 θ’
3270 1157 3364 1206 τοῦ
3387 1147 3547 1224 κώδ,,
3572 1146 3859 1217 τίτ.θ’,καὶ

2205 1239 2349 1316 βιϐλ,
2385 1239 2508 1318 μη’,
2539 1241 2643 1300 τίτ.
2677 1237 2744 1314 ε’,
2792 1237 3091 1318 κεφαλικήν
3124 1252 3239 1302 τοῖς
3285 1245 3453 1293 ταῦτα
3485 1233 3855 1309 πλημμελοῦ-

2205 1353 2288 1386 σιν
2331 1330 2547 1408 ἐπάγων
2592 1328 2849 1405 τιμωρίαν
2884 1344 2897 1358 ⁸
2955 1327 3076 1384 ἔνθα
3107 1325 3321 1405 εῗρηται
3355 1327 3436 1383 ὅτι
3469 1328 3530 1382 τὸ
3563 1325 3853 1402 μοιχικὸν,

2211 1423 2270 1477 οὒ
2311 1420 2473 1494 μόνον
2532 1419 2615 1476 ἐπὶ
2660 1423 2824 1496 φθορᾷ
2881 1419 3108 1494 νομίμου
3151 1417 3392 1496 γαμετῆς
3421 1429 3678 1492 κινεῖται,
3715 1412 3857 1467 ἀλλὰ

2209 1512 2298 1566 καὶ
2363 1509 2456 1564 ἰπὶ
2529 1508 2824 1564 ἀσυστάτου
2884 1510 2971 1564 καὶ
3029 1507 3278 1583 ἀθεμίτου
3337 1507 3512 1584 γάμου
3555 1505 3646 1560 καί
3701 1526 3854 1578 μνη-

2209 1600 2385 1663 στείας
2431 1599 2517 1654 καὶ
2549 1597 2947 1672 παλλακισμοῦ.

2291 1689 2570 1762 Κείμενον.
2617 1685 2682 1743 Ἠ
2729 1687 2911 1761 μέντοι
2957 1687 3176 1758 πορνεία
3235 1689 3330 1743 οὒκ
3384 1685 3690 1742 ἒπαινεῖται
3752 1683 3854 1757 μὲν

475 1795 511 1839 a
541 1775 700 1836 civili
727 1775 1088 1856 lege,neque
1121 1785 1318 1837 tamen
1356 1774 1736 1853 prohibetur.
1765 1773 2002 1836 Etenim
2038 1773 2122 1833 di-

2219 1779 2347 1856 παρὰ
2377 1785 2454 1850 τῷ
2485 1775 2747 1848 πολιτικῷ
2779 1779 2952 1852 νόμῳ,
2981 1778 3075 1833 οὒκ
3106 1777 3468 1854 ἀπηγόρευται
3516 1774 3571 1830 δέ
3606 1794 3620 1809 ο
3661 1773 3852 1848 ἀμέλει

479 1865 634 1927 citur
659 1863 766 1925 lib.
788 1881 893 1938 xu,
928 1865 1020 1928 tit.
1054 1865 1114 1938 5,
1141 1865 1266 1943 dig.
1293 1866 1333 1926 4
1358 1882 1371 1924 :
1399 1863 1565 1936 Quod
1593 1863 1898 1924 meretrici
1926 1862 2120 1937 datur,

479 1972 604 2016 non
637 1954 929 2015 redditur.
961 1957 1108 2020 Cum
1149 1954 1308 2015 enim
1345 1953 1630 2015 meretrix
1663 1952 1769 2026 sit,
1799 1971 1917 2012 non
1951 1959 2125 2031 turpe

476 2052 568 2108 est
590 2043 778 2122 ipsam
801 2045 1352 2122 accipere,tametsi
1379 2043 1758 2104 meretricem
1788 2061 1923 2104 esse
1955 2050 2127 2118 turpe

473 2135 573 2196 sit.
599 2132 670 2194 Et
692 2133 1001 2206 lib.xxx1x,
1031 2135 1120 2196 tit.
1149 2133 1434 2212 5,digest.
1464 2133 1688 2212 6,quod
1723 2133 1899 2192 etiam
1933 2131 2008 2191 ob
2039 2131 2122 2191 in.

476 2223 791 2284 honestam
823 2241 1065 2285 causam
1099 2228 1262 2284 recte
1288 2221 1760 2287 donetur.veluti
1790 2221 1888 2299 [si]
1924 2238 2124 2281 mere-

477 2312 616 2373 trici
650 2311 989 2392 [quippiam
1019 2311 1224 2392 detur]
1262 2329 1276 2373 :
1313 2321 1492 2391 atque
1537 2310 1642 2394 [id]
1693 2320 1887 2372 ratum
1921 2310 2017 2372 sit.
2055 2311 2128 2371 Et

477 2400 588 2462 lib.
610 2417 793 2474 XLVII,
817 2401 907 2464 tit.
937 2401 996 2474 2,
1025 2400 1243 2478 digest.
1269 2401 1369 2463 39.
1406 2401 1521 2473 Qui
1552 2401 1813 2462 alienam
1847 2399 2124 2462 ancillam

481 2490 864 2551 meretricem
921 2489 1140 2570 rapuit,
1180 2497 1286 2550 aut
1337 2490 1575 2562 celavit,
1612 2508 1811 2569 neque
1844 2496 2122 2568 tanquam

480 2577 827 2657 plagiarius,
863 2596 1060 2657 neque
1093 2586 1373 2658 tanquam
1408 2578 1506 2640 fur
1534 2577 1931 2640 tenetur.Non
1963 2578 2123 2638 enim

477 2667 644 2739 furti,
701 2666 807 2726 sed
867 2665 1137 2728 libidinis
1199 2684 1380 2727 causa
1426 2666 1483 2728 id
1537 2667 1699 2728 fecit.
1734 2665 1879 2727 Nam
1915 2667 1962 2726 si
1993 2667 2125 2745 quis

480 2757 643 2818 fores
676 2755 1012 2816 meretricis
1073 2755 1399 2834 effregerit,
1435 2763 1494 2817 et
1549 2757 1653 2818 alii
1688 2757 1965 2834 ingressi,
2005 2775 2123 2816 non

482 2846 734 2926 [autem]
769 2845 842 2907 ab
875 2846 1000 2925 ipso
1059 2844 1314 2919 inducti,
1346 2864 1444 2907 res
1477 2845 1608 2925 ejus
1641 2845 1816 2908 furati
1847 2845 2070 2907 fuerint
2105 2863 2117 2904 :

481 2937 590 3016 [is]
626 2954 743 2996 non
769 2943 1011 2996 tenetur
1042 2942 1328 3016 tanquam
1364 2935 1479 2996 fur.

566 3027 812 3087 Τρωίας.
848 3023 1001 3085 Dicit
1031 3041 1170 3085 vero
1202 3023 1385 3084 etiam
1420 3023 1525 3086 lib.
1577 3040 1801 3086 xxxvm
1859 3023 2010 3084 tituli
2060 3024 2123 3105 8,

2207 1868 2421 1944 εἴρηται
2479 1863 2625 1942 βιϐλ.
2674 1867 2772 1942 ιβ’,
2804 1866 2907 1928 τίτ,
2956 1864 3023 1939 ε’,
3083 1864 3222 1923 διάτ.
3257 1863 3330 1943 δ’,
3365 1865 3444 1921 ὅτι
3473 1866 3536 1920 τὸ
3569 1863 3854 1937 διδόμενον

2206 1956 2403 2035 πόρνῃ,
2463 1955 2557 2010 οὒκ
2615 1953 2925 2012 ἀποδίδοται
2963 1970 2976 1984 ⁸
3041 1953 3227 2021 ἐπειδὴ
3297 1955 3399 2032 γάρ
3462 1954 3575 2010 ἐστι
3649 1954 3851 2028 πόρνη,

2207 2048 2302 2102 οὒκ
2347 2045 2488 2102 ἔστιν
2534 2045 2760 2124 αἰσχρὸν
2791 2045 2852 2101 τὸ
2896 2042 3083 2100 λαϐεῖν
3129 2045 3316 2122 αὑτὴν,
3377 2046 3419 2099 εἷ
3470 2047 3567 2099 καὶ
3625 2041 3857 2121 αἰσχρόν

2210 2135 2414 2191 ἔστιτὸ
2445 2139 2585 2189 εἶναι
2636 2133 2799 2200 αὐτὴν
2854 2134 3056 2210 πόρνην
3088 2150 3108 2170 ⁶
3167 2133 3255 2188 καὶ
3305 2130 3450 2208 βιϐλ.
3486 2129 3592 2205 λθ’,
3631 2133 3732 2190 τίτ.
3781 2131 3856 2204 ε’,

2207 2224 2348 2286 διάτ.
2393 2223 2498 2301 ς’,
2531 2221 2611 2278 ὅτι
2644 2223 2738 2278 καῖ
2767 2221 2854 2278 διά
2884 2222 3114 2297 ἄσεμνον
3169 2223 3340 2278 αίτίαν
3400 2223 3601 2300 γίνεται
3669 2219 3859 2283 καλῶς

2207 2312 2397 2391 δωρεὰ,
2433 2314 2558 2368 οἷον
2601 2314 2676 2376 εἷς
2707 2312 2936 2391 πόρνην,
2968 2314 3056 2368 καὶ
3105 2310 3327 2389 ἕῤῥωται
3365 2330 3377 2344 ⁸
3437 2313 3523 2368 καὶ
3553 2310 3704 2388 βιϐλ.
3740 2311 3858 2386 pit-13’,

2209 2405 2310 2461 τίτ.
2357 2403 2408 2480 β’
2453 2400 2592 2460 διάτ.
2638 2401 2746 2482 λθ’,
2793 2401 2933 2459 ὅτιὸ
2977 2401 3228 2480 ἁρπάζων
3259 2402 3293 2470 ἢ
3343 2401 3701 2480 ἀποκρύπτων
3751 2400 3861 2457 ἆλο

2207 2492 2418 2567 λοτρίαν
2474 2491 2668 2558 δούλην
2712 2493 2917 2569 πόρνην
2982 2495 3164 2566 οὖσαν,
3215 2490 3332 2549 οὔτε
3399 2493 3472 2555 ὠς
3523 2489 3854 2568 ἀνδραποδι-

2207 2588 2362 2660 στὴς,
2422 2579 2540 2638 οὕτε
2588 2584 2662 2645 ὡς
2715 2581 2953 2648 κλέπτης
3013 2581 3259 2659 ἐνέχεται
3295 2598 3310 2612 ⁸
3355 2582 3415 2639 οὐ
3459 2582 3558 2658 γὰρ
3609 2580 3846 2656 κλοπῆς,

2207 2671 2328 2728 ἀλλ’
2388 2669 2582 2740 ἡδονῆς
2627 2672 2789 2750 χάριν
2834 2671 3054 2736 ἐποίησε
3097 2678 3253 2726 τοῦτο
3289 2687 3307 2706 ⁶
3360 2673 3402 2726 εἰ
3440 2671 3540 2747 γὰρ
3570 2671 3665 2725 καί
3697 2673 3852 2745 θυρί-

2207 2758 2300 2822 δας
2323 2781 2404 2823 τις
2439 2758 2650 2839 κλάσει,
2686 2761 2773 2815 καὶ
2827 2757 3148 2822 εἰσελθόντες
3198 2759 3370 2837 ἕτεροι
3414 2759 3490 2834 μὴ
3529 2758 3656 2835 παρ’
3691 2761 3852 2814 αξιτοῦ

2207 2847 2545 2928 εἰσαχθέντες
2624 2848 2884 2924 κλέψουσι
2963 2849 3028 2905 τὰ
3113 2850 3410 2927 πράγματα
3498 2848 3688 2919 αὐτῆς,
3753 2848 3853 2903 οὒκ

2207 2937 2454 3014 ἐνέχεται
2489 2940 2562 3001 ὡς
2596 2937 2832 3005 κλέπτης
2844 2987 2856 3001 ,

2291 3027 2567 3102 Κείμενον,
2603 3027 2759 3104 Λέγει
2793 3027 2846 3083 δὲ
2877 3028 2965 3084 καὶ
2995 3026 3142 3104 βιϐλ.
3189 3030 3303 3102 λη’,
3355 3029 3458 3088 τίτ.
3519 3024 3600 3104 η’,
3662 3025 3747 3083 ὅτι
3805 3029 3858 3084 οἱ

482 3113 640 3194 quod
670 3114 808 3173 426
839 3113 1010 3191 vulgo
1045 3113 1280 3192 quaesiti
1337 3132 1457 3173 non
1519 3114 1695 3174 modo
1761 3119 1960 3180 matri,
2017 3113 2120 3174 sed

2219 3129 2585 3193 πορνογεννεῖς
2617 3116 2676 3172 οὒ
2707 3117 2868 3191 μόνον
2898 3117 2993 3185 τῆς
3026 3119 3259 3195 μητρὸς,
3294 3115 3432 3172 ἀλλὰ
3462 3117 3550 3172 καὶ
3580 3123 3687 3172 τῶν
3717 3119 3860 3173 κατὰ

479 3201 660 3262 etiam
685 3201 950 3279 cognatis
976 3202 1914 3281 maternigenerissuccedant,et
1931 3201 2122 3283 [ipsis]

478 3289 553 3351 ab
578 3289 670 3350 bis
700 3289 1346 3352 succedatur.lllustris
1375 3300 1573 3352 autem
1598 3291 1867 3370 [mulier]
1894 3310 2024 3371 quae
2047 3292 2122 3352 li-

480 3379 658 3440 beros
691 3378 994 3456 legitimos
1032 3388 1092 3440 et
1115 3380 1352 3458 spurios
1373 3379 1550 3442 habet
1579 3399 1591 3439 :
1623 3399 1740 3441 non
1768 3381 1962 3460 potesi
1985 3400 2122 3462 spu-

476 3467 816 3548 riis,neque
843 3468 1000 3530 inter
1021 3469 1204 3548 vivos,
1238 3487 1432 3548 neque
1455 3488 1587 3530 cum
1636 3471 1906 3540 moritur,
1943 3471 2124 3551 quid-

477 3575 652 3638 quam
685 3557 1076 3638 suppeditare
1113 3580 1124 3618 :
1187 3558 1490 3637 quomodo
1539 3559 1645 3620 lib.
1678 3576 1760 3632 v1,
1797 3562 1862 3622 Ο.
1898 3559 1986 3621 tit.
2022 3561 2124 3638 57,

2207 3205 2414 3283 μητέρα
2445 3213 2712 3283 συγγενῶν
2754 3205 3189 3285 κληρονομοῦσι,
3254 3208 3340 3262 καὶ
3386 3205 3474 3261 ὁπ’
3508 3209 3680 3264 αὐτῶν
3711 3207 3862 3273 κλη-

2208 3301 2556 3374 ρονομοῦνται
2594 3314 2606 3327 '
2641 3298 2674 3362 ἡ
2706 3293 2760 3350 δὲ
2797 3296 3101 3371 ἰλλουστρία
3133 3296 3393 3370 νομίμους
3421 3294 3624 3374 ἔχουσα
3657 3296 3864 3360 παῖδας

2209 3398 2607 3463 πορνογεδνεῖς,
2668 3384 2816 3443 οὐδὲν
2873 3386 3086 3443 δύναται
3137 3399 3445 3464 παρασχεῖν
3505 3399 3624 3448 τοῖς
3655 3409 3865 3452 πορνο-

2207 3473 2464 3552 γεννέσιν,
2513 3471 2630 3528 οὔτε
2685 3479 2855 3551 ζῶσα,
2916 3475 3034 3530 οὔτε
3066 3474 3394 3547 τελευτῶσα,
3440 3477 3514 3536 ὡς
3563 3473 3713 3550 pm.
3779 3476 3863 3549 ς’

2209 3569 2300 3620 τοῦ
2355 3560 2515 3635 κώδ.,
2553 3563 2652 3623 τίτ,
2699 3563 2798 3636 νζ’,
2833 3561 2970 3624 διάτ,
3007 3565 3052 3618 ε’
3083 3580 3097 3594 ⁸
3138 3565 3164 3620 ὃ
3196 3563 3251 3619 δὲ
3284 3565 3388 3619 ἀπὸ
3420 3566 3692 3642 πορνείας,
3731 3567 3856 3620 οὔτε

477 3652 672 3708 const.
705 3648 768 3708 5.
793 3645 1045 3725 [tradit.]
1072 3645 1261 3708 Plune
1282 3647 1453 3723 vulgo
1478 3657 1804 3726 conceptus
1823 3666 2017 3728 neque
2037 3668 2125 3728 pa-

2219 3652 2424 3729 λέγεται
2455 3651 2606 3731 ἔχειν
2663 3653 2890 3730 πατέρα,
2946 3655 3017 3716 ὡς
3049 3652 3194 3729 βιϐλ,
3229 3655 3306 3732 α’,
3340 3658 3442 3711 τίτ.
3487 3653 3575 3729 κγ’
3609 3673 3624 3686 ·
3665 3655 3690 3708 δ
3722 3653 3860 3726 μέν..

476 3742 627 3796 trem
652 3734 880 3796 habere
904 3735 1128 3796 dicitur
1165 3755 1178 3796 :
1214 3735 1721 3815 quemadmodum
1757 3736 1858 3797 lib.
1896 3756 1934 3812 ι,
1961 3738 2123 3809 ιὶι.5,

2219 3763 2292 3798 τοι
2322 3739 2699 3816 παλλακισμὸς
2747 3743 2972 3817 νόμιμός
3031 3743 3168 3816 ἐστι,
3228 3743 3477 3805 κάκείνας
3509 3742 3661 3822 ἔχειν
3693 3740 3856 3798 δυιά-

479 3823 602 3901 dig.
635 3823 736 3887 23.
765 3823 950 3885 Porro
976 3823 1410 3886 concubinatus
1446 3825 1752 3904 legitimus
1783 3835 1894 3905 est,
1932 3834 1992 3887 et
2027 3845 2125 3887 eas

2219 3835 2344 3905 μεθα
2375 3828 2656 3894 παλλακὰς
2702 3829 2823 3888 ἄνευ
2883 3831 3253 3910 ἐγκλήματος,
3313 3834 3444 3910 πρὸς
3476 3831 3538 3896 ἃς
3569 3832 3629 3887 οὗ
3658 3831 3856 3906 πλημ-

475 3913 608 4001 sine
630 3913 883 3975 crimine
906 3914 1274 3975 concubinas
1298 3913 1524 3975 habere
1549 3915 1959 3993 possumus,in
1980 3933 2125 3994 quas

2219 3919 2462 3977 υελεῖται
2517 3920 2792 4001 ἀθέμιτον,
2867 3923 2988 3979 οἷον
3053 3923 3153 3990 τὴν
3231 3922 3516 3990 παλλαιιὴν
3575 3924 3669 3978 τοῦ
3721 3922 3854 3978 ἰδίου

449 4000 685 4066 .illicita
707 4020 827 4062 non
853 4003 1334 4064 committuntur:
1365 4003 1545 4064 veluti
1574 4003 1680 4082 [lit]
1709 4003 1768 4063 in
1792 4003 2125 4065 concubina

2219 4011 2411 4082 πατρὸς
2468 4009 2502 4074 ἢ
2561 4000 2808 4092 πάππου,
2870 4012 2904 4080 ἢ
2936 4013 3034 4078 τὴν
3075 4011 3334 4089 θυγατέρα
3377 4015 3477 4078 τῆς
3525 4009 3656 4073 ἰδίας
3689 4009 3851 4066 ἀδελ-

480 4091 791 4180 patris,vel
813 4091 907 4152 avi
927 4100 1027 4152 aut
1047 4092 1108 4152 in
1135 4091 1256 4154 ﬁlia
1273 4091 1496 4153 sororis
1534 4109 1546 4149 :
1575 4101 1635 4152 ut
1661 4092 1904 4164 lib.xxv,
1944 4094 2032 4152 tit.
2064 4095 2125 4166 7,

2219 4099 2340 4176 φῆς,
2374 4100 2446 4161 ὡς
2477 4097 2621 4176 βιϐλ.
2658 4101 2762 4174 κε’,
2827 4103 2926 4160 τίτ.
2991 4099 3063 4176 ζ’,
3126 4103 3214 4156 καὶ
3261 4098 3404 4175 βιϐΛ.
3440 4099 3554 4180 κγ’,
3605 4101 3707 4162 τίτ,
3773 4101 3849 4175 β’,

477 4179 659 4241 etlib.
688 4196 858 4256 xxm,
909 4179 1058 4254 titQ,
1083 4180 1302 4260 digest.
1337 4181 1438 4253 55,
1476 4187 1534 4242 et
1561 4180 1664 4241 lib.
1701 4197 1904 4260 XLVIII,
1937 4182 2024 4242 tit.
2063 4183 2122 4255 5,

2219 4185 2348 4245 Βιατ.
2395 4187 2493 4260 νε’,
2550 4191 2637 4244 καὶ
2680 4187 2826 4264 βιϐλ,
2876 4189 3000 4266 μη’,
3053 4190 3160 4251 τίτ,
3199 4189 3277 4268 α’,
3323 4189 3459 4248 διᾶτ.
3497 4179 3550 4244 ια
3587 4209 3603 4226 ο
3636 4188 3853 4245 παλλα-

478 4267 696 4345 digest.
732 4271 802 4330 11
855 4269 1155 4350 [docent.]
1214 4271 1279 4332 In
1325 4270 1733 4332 concubinatu
1766 4281 1962 4333 autem
1995 4291 2125 4334 esse

2219 4276 2454 4332 κεύονται
2498 4274 2551 4331 δὲ
2595 4279 2644 4332 αἱ
2701 4277 3042 4356 ἀπελεύθεροι
3101 4280 3188 4334 καὶ
3246 4283 3482 4356 εὐγενεῖς
3536 4277 3738 4352 ἄσημοι
3777 4299 3791 4314 ·
3827 4282 3855 4334 ὁ

477 4365 729 4447 possunt
759 4358 1082 4438 libertina),
1117 4367 1178 4422 et
1219 4359 1494 4438 ingenuae
1517 4361 1776 4422 obscuro
1797 4361 1927 4423 loco
1953 4371 2122 4424 natae.

2219 4367 2309 4443 γὰρ
2385 4370 2574 4442 εὔγενῆ
2634 4368 2720 4423 καὶ
2801 4370 3004 4441 σεμνὴν
3093 4367 3595 4446 παλλακευόμενος,
3657 4369 3851 4447 χοῇζει

479 4445 593 4518 Qui
643 4463 780 4553 vero
834 4447 1157 4526 ingenuam
1220 4449 1548 4530 [eamdem]
1601 4451 2036 4531 houestamque
2067 4453 2124 4512 in

2219 4456 2328 4528 περὶ
2383 4457 2567 4512 τούτου
2626 4470 2808 4513 ποιεῖν
2867 4458 3237 4536 ἐκμαρτύριον,
3287 4458 3401 4513 ἐπεὶ
3460 4459 3702 4535 γαμετὴν
3751 4460 3849 4514 αὖ·

476 4534 880 4598 concubinalu
911 4536 1116 4611 habet,
1153 4539 1660 4600 contestationem
1690 4557 1871 4621 super
1892 4541 2006 4603 hoc
2034 4542 2124 4602 fa-

2219 4546 2310 4612 τὴν
2363 4544 2481 4624 ἔχει
2519 4566 2532 4580 '
2603 4548 2689 4601 καὶ
2769 4549 2802 4612 ἢ
2863 4554 3016 4604 τοῦτο
3079 4550 3526 4624 παραιτούμενος,
3602 4547 3851 4621 ἀθέμιτον

478 4642 621 4688 cere
648 4624 1125 4708 debetzalioquin
1152 4647 1394 4690 uxorem
1418 4631 1602 4707 ipsam
1629 4629 1924 4706 habet;ch
1949 4633 1992 4691 si
2020 4633 2125 4692 hoc

2219 4636 2346 4711 πρὸς
2393 4636 2556 4701 αὐτὴν
2607 4635 2952 4711 πλημμελεῖ,
2989 4639 3048 4694 οὗ
3108 4638 3203 4710 μὲν
3233 4638 3324 4692 καὶ
3353 4638 3631 4716 μοιχείαν,
3666 4637 3852 4703 ἐπειδὴ

474 4725 1026 4798 recusat,stuprum
1051 4736 1185 4779 cum
1213 4737 1282 4780 ea
1302 4719 1645 4796 committit,
1674 4740 1808 4781 nam
1835 4721 2127 4783 concubi-

478 4815 658 4870 natus
691 4826 916 4870 nomen
948 4826 982 4869 a
1014 4807 1253 4886 legibus
1283 4811 1628 4886 agnoscitur
1658 4831 1674 4885 ;
1710 4811 1866 4872 unde
1911 4811 2016 4873 lib.
2047 4829 2126 4890 vr,

478 4895 614 4960 cod.
651 4896 740 4957 tit.
783 4896 1089 4978 67,const.
1124 4902 1183 4979 5,
1233 4899 1478 4974 dicitur,
1541 4900 1700 4980 quod
1748 4900 2014 4980 [mulier]
2051 4901 2125 4962 li-

477 4984 787 5065 bera,qua2
819 4985 1084 5066 legitime
1118 5008 1254 5050 cum
1291 4989 1537 5050 homine
1589 4989 1781 5050 libero
1814 4990 1871 5049 in
1901 5009 2126 5050 concu—

478 5072 686 5135 binatu
711 5083 823 5147 est,
859 5076 1135 5156 [liberos]
1193 5097 1262 5139 ex
1312 5078 1416 5138 illa
1466 5079 1904 5140 consuetudine
1936 5088 2128 5156 natos,

481 5181 615 5224 cum
651 5162 934 5240 legitimis
966 5167 1176 5228 liberis
1239 5168 1512 5229 hmredcs
1548 5167 1822 5228 habitura
1854 5169 1949 5229 sit.
1987 5168 2128 5230 Bre-

484 5253 656 5323 viter,
691 5254 987 5331 permulta
1020 5253 1135 5337 [de]
1196 5257 1669 5319 concubinarum
1728 5257 1956 5330 liberis,
2009 5261 2130 5320 sive

481 5341 815 5420 illegitimis
865 5352 922 5403 et
954 5345 1330 5409 naturalibus
1378 5349 1474 5408 lex
1506 5346 1565 5407 in
1597 5347 1733 5411 cod.
1783 5356 1841 5408 et
1872 5348 2132 5410 Novellis

480 5431 919 5510 complectitur,
955 5433 1202 5508 docens,
1239 5437 1482 5516 quinam
1519 5436 1664 5515 [illi]
1699 5438 1837 5510 sint,
1873 5447 1928 5500 et
1976 5458 2130 5518 quo-

479 5519 657 5582 modo
688 5520 840 5602 patri
878 5521 1131 5599 legitimi
1161 5525 1316 5600 ﬁeri,
1351 5535 1409 5587 et
1445 5526 1688 5602 quando
1740 5545 1810 5589 ac
1841 5535 2130 5607 quantum

475 5629 545 5677 ex
572 5609 842 5692 paternis
875 5610 1052 5677 bonis
1083 5615 1400 5697 percipere
1431 5615 1685 5698 possint.

2213 4727 2274 4780 τὸ
2304 4729 2401 4790 τῆς
2435 4723 2714 4792 παλλακῆς
2761 4725 2930 4800 ὄνομα
2987 4739 3103 4790 τοῖς
3159 4725 3342 4800 νόμοις
3378 4725 3640 4802 ἔγνωσται
3676 4741 3691 4756 ⁶
3733 4725 3853 4781 ὅθεν

2213 4811 2427 4890 εἴρηται
2455 4811 2602 4888 βιϐλ.
2635 4812 2714 4887 ς’
2758 4824 2851 4873 τοῦ
2909 4814 3066 4889 κώδ,,
3125 4816 3226 4874 τίτ.
3289 4815 3390 4886 νζ’,
3434 4812 3575 4873 διάτ,
3604 4813 3675 4892 ε’,
3705 4814 3787 4869 δτι
3819 4817 3851 4882 ἡ

2211 4900 2453 4978 ἐλευθέρᾳ
2511 4903 2749 4978 νομίμως
2812 4903 3066 4978 ἐλευθέρῳ
3125 4902 3585 4982 παλλακευθεῖσα,
3635 4905 3758 4965 τοὺς
3794 4904 3851 4958 ἐκ

2212 4991 2308 5058 τῆς
2339 4992 2591 5059 τοιαύτης
2640 4993 2918 5070 συναφείας
2967 4992 3283 5072 τεχθέντας,
3316 4992 3422 5057 ἕξει
3477 4991 3850 5070 κληρονόμους

2215 5082 2348 5158 μετὰ
2409 5089 2515 5139 τῶν
2560 5085 2800 5157 νομίμων
2844 5081 3044 5139 παίδων
3082 5099 3096 5114 ’
3131 5081 3225 5138 καί
3260 5082 3442 5144 ἁπλῶς
3475 5084 3650 5138 εἰπεῖν
3679 5081 3853 5138 πολλὰ

2213 5174 2472 5244 περὶτῶν
2532 5171 2637 5228 ἀπὸ
2690 5171 2984 5229 παλλακῶν
3041 5171 3397 5247 τικτομένων,
3458 5170 3622 5247 ἤγουν
3685 5173 3850 5226 νόθων

2212 5264 2302 5318 καὶ
2361 5267 2620 5341 φυσικῶν,
2654 5264 2680 5317 ὁ
2726 5263 2888 5336 νόμος
2944 5263 2998 5316 ἐν
3051 5267 3127 5334 τῷ
3175 5259 3306 5322 κώδ.
3342 5264 3429 5317 ναὶ
3461 5274 3581 5323 ταῖς
3616 5270 3849 5335 Νεαραῖς

2215 5348 2588 5424 διαλαμϐάνει,
2647 5350 2908 5406 διδάσκων
2972 5351 3105 5413 τίνες
3151 5351 3272 5422 εἶσὶ,
3328 5351 3412 5405 καὶ
3457 5356 3573 5414 πῶς
3606 5348 3850 5405 δύνανται

2211 5439 2453 5519 γενέσθαι
2513 5448 2590 5513 τῷ
2672 5440 2834 5519 πατρί
2894 5441 3132 5517 γνήσιοι,
3203 5442 3289 5495 καὶ
3345 5441 3474 5494 πότε
3533 5440 3618 5494 καὶ
3678 5441 3850 5496 πόσον

2211 5529 2451 5588 δύνανται
2483 5528 2668 5587 λαϐεῖν
2696 5530 2804 5589 τῶν
2833 5532 2926 5588 τοῦ
2956 5533 3152 5608 πατρὸς
3185 5529 3541 5608 πραγμάτων,
