4090 6204
241 331 358 398 917

967 333 1388 399 SYNTAGMA
1431 330 1827 398 CANONUM.
1874 359 1955 375 -
1983 327 2141 392 TIT.
2188 296 2356 408 xm,
2399 327 2564 390 CAP.
2615 325 2913 390 Vl-VIII.

3497 323 3618 390 918

324 467 602 542 Κείμενον.
669 464 772 524 Καΐ
846 465 1035 533 δούλας
1079 465 1132 523 δὲ
1176 465 1308 532 ἰδίας
1353 465 1614 542 δυνάμεθα
1657 467 1868 526 παλλα-

2045 464 2564 530 Tewlas.Proinde
2595 472 2652 526 et
2681 463 2934 526 ancillas
2966 468 3205 525 nostras
3231 462 3294 524 in
3326 463 3618 526 concubi-

239 559 505 614 κεύεσθαι·
542 556 758 634 εἴρηται
791 557 890 634 γὰρ
920 556 1065 632 βιόλ,
1099 556 1182 630 ς’
1207 558 1312 615 τίτ.
1338 554 1442 636 ς’,
1470 556 1610 616 διάτ.
1635 556 1710 638 δ’,
1743 557 1824 614 ὅτι
1850 559 1868 612 i

1978 566 2111 618 natu
2145 556 2367 618 habere
2423 571 2770 636 possumus.
2821 552 3058 616 Dicitur
3090 571 3348 632 namque
3379 553 3488 616 lib.
3528 570 3614 628 vx,

235 655 314 721 τῷ
344 646 579 723 δεσπότῃ
625 646 788 726 μέχρι
837 645 1091 714 τελευτῆς
1123 649 1280 704 αὐτο.)
1312 646 1770 728 παλλακευθεϊσα,
1805 647 1882 723 μὴ

235 737 442 816 ἔχοντα
473 737 714 814 γαμετὴν
747 735 1001 810 νόμιμον,
1056 736 1346 814 ἁρπάζεται
1406 737 1542 810 μετὰ
1585 742 1692 791 τῶν
1749 738 1882 793 παί-

234 823 341 881 δων
372 825 537 890 αὖτῆς
570 827 642 888 εἷς
676 824 967 902 εὒγὲνειαν,
1015 827 1102 881 καὶ
1161 823 1423 899 λαμϐάνει
1483 825 1544 880 τό
1597 825 1882 882 πεκούλιον

233 915 370 993 ὅπερ
429 916 591 994 εἶχεν
643 914 699 970 ὲν
755 921 832 988 τῷ
888 919 1141 986 τελευτᾷν
1197 915 1288 970 τὸν
1333 911 1600 979 δεσπότην
1648 917 1777 992 πρὸς
1820 917 1880 971 τὸ

233 1004 470 1079 νόμιμον
529 1003 723 1081 μέτρον
759 1019 774 1035 ⁸
838 1005 927 1059 καὶ
987 1006 1082 1060 οὒκ
1137 1003 1323 1082 ἔχουσι
1372 1003 1492 1058 κατ’
1545 1003 1707 1071 αὐτῆς
1767 1027 1880 1061 πα-

228 1095 494 1172 τρωνικὸν
553 1092 756 1149 δίκαιον
817 1095 864 1148 οἱ
925 1091 1138 1167 παῖδες,
1189 1092 1224 1158 ἥ
1270 1096 1316 1149 οἱ
1369 1091 1719 1171 κληρονόμοι,
1753 1093 1787 1160 ἤ
1833 1096 1879 1149 oi

229 1196 517 1260 συγγενεῖς
563 1190 654 1240 τοῦ
695 1180 1118 1251 τελευτήσαντος
1154 1198 1167 1212 ⁸
1213 1182 1301 1238 καὶ
1331 1179 1476 1256 βιϐλ,
1533 1180 1580 1252 ζ’
1637 1189 1730 1239 τοῦ
1773 1183 1874 1238 αὒ-

226 1282 323 1330 τοῦ
377 1270 535 1344 κώδ.,
569 1273 674 1332 τίτ.
711 1270 801 1344 ιε’,
836 1269 976 1333 διάτ.
1010 1271 1060 1347 γ’
1093 1272 1276 1349 φησὶν,
1311 1269 1392 1325 ὅτι
1433 1285 1460 1324 ο
1490 1269 1684 1337 δούλην
1729 1269 1874 1328 παλ-

225 1360 406 1427 λακὴν
466 1359 637 1439 μέχρι
698 1359 954 1426 τελευτῆς
1013 1360 1294 1439 ἐσχηκὼς,
1357 1358 1572 1416 δύναται
1645 1363 1870 1437 περιὼν,

225 1448 365 1525 ὅπερ
397 1448 564 1505 ἐθέλει
624 1462 804 1506 ποιεῖν
865 1446 948 1505 ἐπ’
1008 1448 1165 1524 αὐτῇ,
1217 1449 1308 1504 καὶ
1353 1461 1472 1512 τοῖς
1531 1450 1604 1512 ὡς
1649 1451 1788 1513 εἰκὸς
1821 1448 1872 1515 ἐξ

226 1539 401 1605 αὖτῆς
459 1542 732 1617 τεχθεϊσι,
787 1540 875 1598 καὶ
940 1538 992 1593 ἐν
1050 1537 1330 1609 τελευταίᾳ
1387 1536 1640 1613 βουλήσει
1699 1561 1872 1595 κατα-

224 1629 523 1702 λεμπανειν
584 1627 752 1700 ἄλλῳ,
815 1627 849 1693 ἥ
913 1627 1089 1704 ῥητῶς
1148 1634 1226 1701 τῷ
1283 1626 1608 1705 κληρονόμῳ
1643 1644 1657 1658 ⁶
1723 1630 1765 1684 εἰ
1817 1626 1872 1683 δὲ

222 1721 537 1788 τελευτήσει
596 1717 762 1791 μηδὲν
823 1718 1008 1790 εἰπὼν,
1071 1715 1462 1794 ἆναρπάζονται
1535 1718 1608 1782 εἷς
1657 1717 1872 1774 ἐλευθε-

1965 646 2060 708 tit.
2093 647 2579 725 4,const.4,quaa
2612 643 2884 723 [ancilla]
2907 641 3137 703 domini
3169 643 3258 703 sui
3287 642 3614 718 legitimam

1965 754 2215 797 uxorem
2242 755 2358 796 non
2382 734 2688 818 habentis,
2707 751 2899 813 usque
2920 732 2993 793 ad
3020 739 3272 793 mortem
3299 733 3430 811 ejus
3461 751 3618 794 cun-

1965 825 2184 887 cubina
2214 825 2412 898 fuerit,
2450 825 2636 903 [eam]
2670 841 2802 882 cum
2857 820 3065 882 liberis
3093 821 3217 881 suis
3241 820 3300 882 in
3330 821 3615 898 ingenui-

1967 922 2144 976 tatem
2171 914 2322 994 rapi,
2358 921 2416 974 et
2453 930 2637 992 supra
2663 910 2988 988 legitimam
3044 910 3379 989 portionem
3425 929 3613 990 pecu-

1962 1003 2138 1078 lium,
2172 1003 2332 1084 quod
2359 1004 2492 1063 427
2515 1020 2648 1063 cum
2671 1000 2954 1061 dominus
2974 1007 3311 1061 moreretur
3329 998 3615 1079 habebat,

1963 1112 2177 1171 capere
2213 1113 2227 1154 :
2255 1091 2720 1172 nequeliberos,
2754 1088 3167 1163 authaeredes,
3195 1097 3296 1150 aut
3329 1099 3619 1167 cognatos

1960 1182 2223 1244 defuncti
2258 1181 2319 1242 in
2353 1181 2632 1260 illamjus
2656 1185 3011 1258 patronatus
3040 1177 3290 1241 habere.
3318 1176 3387 1238 Et
3420 1178 3616 1242 lib.vu

1959 1271 2233 1349 ejusdem
2269 1270 2402 1332 cod.
2433 1271 2522 1331 tit.
2559 1269 2657 1341 t5,
2694 1276 2883 1329 consl.
2920 1269 2982 1347 3,
3015 1267 3098 1328 ait
3137 1285 3150 1326 :
3187 1266 3301 1338 Qui
3331 1267 3612 1330 ancillam

1956 1359 2030 1421 ad
2066 1370 2320 1421 mortem
2357 1378 2548 1440 usque
2581 1359 2637 1418 in
2671 1356 3074 1419 concubinatu
3124 1356 3307 1418 habet
3341 1378 3353 1419 :
3417 1365 3615 1435 potest

1957 1447 2097 1510 dum
2127 1448 2294 1524 vivit,
2329 1449 2405 1510 de
2428 1449 2556 1522 illa,
2591 1459 2650 1508 et
2673 1445 2775 1526 qui
2808 1446 2963 1508 forte
2996 1465 3066 1508 ex
3093 1447 3223 1526 ipsa
3255 1446 3377 1508 nati
3407 1455 3608 1524 erunt,

1956 1538 2113 1618 quod
2142 1539 2326 1600 visum
2349 1539 2852 1612 fuerit,statuere,
2888 1545 2946 1597 et
2968 1535 3027 1596 in
3062 1535 3270 1596 ultima
3300 1535 3610 1597 voluntate

1957 1627 2311 1689 nominatim
2334 1628 2437 1689 alii
2458 1625 2684 1689 h'eredi
2707 1623 3084 1704 relinquere.
3110 1625 3228 1687 Sed
3255 1625 3305 1686 si
3339 1625 3606 1686 moriens

1957 1716 2104 1778 nihil
2134 1717 2444 1792 dixerit,in
2470 1717 2811 1778 libertatem
2836 1714 3091 1793 [illa|,et
3114 1713 3215 1793 qui
3247 1714 3402 1774 forte
3434 1730 3506 1774 ex
3540 1731 3611 1776 ea

223 1809 344 1885 ρίαν
400 1808 490 1863 καὶ
549 1810 596 1863 οἱ
649 1809 724 1871 ὡς
769 1808 910 1871 εἰκὸς
963 1805 1247 1885 τεχθέντες
1283 1825 1296 1838 ⁶
1357 1809 1523 1862 ταῦτα
1585 1810 1639 1862 liv
1691 1809 1736 1882 ᾦ
1793 1808 1868 1876 μὴ

1978 1806 2337 1882 IatiIuerint,
2367 1805 2730 1886 eripiuntur:
2755 1803 3081 1864 dummodo
3107 1803 3355 1882 [tamen]
3389 1801 3608 1864 defun-

221 1897 393 1976 ἔσχεν
423 1899 450 1952 ὁ
485 1895 807 1968 τελευτήσας
861 1898 1100 1972 νόμιμον
1158 1897 1402 1973 γαμετήν
1434 1913 1445 1927 ·
1509 1897 1536 1952 ὁ
1579 1897 1679 1975 γὰρ
1711 1896 1870 1972 νόμι-

221 2009 330 2057 μον
385 1985 532 2065 ἔχων
589 1985 854 2062 γαμετὴν,
944 1985 1065 2042 οὕτε
1126 1983 1422 2063 ἐλευθέραν,
1490 1985 1604 2042 οὔτε
1672 1984 1868 2054 δούλην

219 2074 440 2132 δύναται
519 2073 993 2132 παλλακεύεσθαιο
1085 2077 1146 2131 τὸ
1201 2073 1254 2130 δὲ
1330 2077 1588 2154 μοιχικὸν
1636 2089 1867 2133 κινεῖται

218 2165 324 2221 καῖ
383 2166 500 2241 περὶ
551 2168 746 2244 φθορᾶς
806 2163 1117 2239 παλλακῆς,
1153 2166 1224 2228 ὡς
1256 2162 1402 2240 βιϐλ.
1457 2163 1578 2243 μη’,
1634 2165 1733 2224 τίτ.
1797 2164 1867 2239 ε’,

219 2252 364 2312 διάτ.
410 2253 505 2332 ιβ’,
544 2253 618 2330 ιγ’
649 2269 662 2284 ⁸
700 2251 958 2321 παλλακὴ
989 2251 1043 2308 δὲ
1075 2253 1218 2309 ἔστιν
1267 2255 1296 2321 ἦ
1341 2253 1584 2328 νομίμως
1613 2253 1722 2310 τινὶ
1769 2277 1867 2311 συ-

215 2348 366 2414 ζῶσα
399 2345 566 2422 χωρὶς
611 2343 786 2420 γάμου
822 2358 835 2372 '
901 2345 935 2410 ἡ
990 2341 1043 2398 δὲ
1093 2345 1257 2409 ἦττον
1312 2342 1630 2422 τιμιωτέρα,
1685 2364 1865 2424 παρα-

215 2453 390 2496 κοιτις
422 2431 662 2512 λέγεται,
697 2434 768 2497 ὡς
801 2431 946 2510 βιϐλ.
985 2432 1056 2509 ν’,
1093 2434 1196 2495 τίτ,
1233 2430 1332 2509 ιβ’,
1368 2429 1508 2494 διάτ.
1540 2430 1683 2512 ρμδ’,

307 2704 556 2761 ΚΕΦΑΛ,
592 2697 694 2773 ς’,
737 2735 799 2744 -
840 2699 966 2756 Ἐὰν
1000 2699 1134 2777 γυνὴ
1165 2697 1360 2758 λα’ίοιοῦ
1385 2703 1672 2778 μοιχευθῇ.

626 2789 855 2849 Συνόὸου
885 2789 1147 2867 Ἀγκύρας
1181 2790 1355 2845 κανὼν
1385 2788 1460 2852 κ’,

300 2879 375 2938 κ’.
409 2878 536 2938 Ἐάν
567 2901 712 2943 τινος
736 2880 870 2958 γυνὴ
902 2881 1168 2958 μοιχευθῇ
1202 2877 1231 2945 ἥ
1260 2878 1531 2958 μοιχεύσῃ
1560 2877 1857 2954 τις,κ.τ.λ,

539 3065 768 3125 Συνόδου
795 3067 1214 3144 Νεοκαισαρείᾶς
1245 3067 1420 3124 καιὼν
1453 3065 1536 3132 η’.

1954 1903 2085 1957 ctus
2108 1895 2436 1975 legitimam
2471 1914 2718 1958 uxorem
2748 1913 2866 1955 non
2891 1892 3192 1955 habuerit.
3234 1891 3471 1953 Etenim
3504 1895 3608 1971 qui

1953 2004 2197 2046 uxorem
2233 1985 2440 2057 habet,
2474 2003 2671 2066 neque
2734 1983 3016 2063 liberam,
3051 2000 3250 2062 neque
3279 1999 3510 2043 servam
3543 1981 3608 2044 in

1953 2075 2352 2136 concubinatu
2375 2074 2601 2136 habere
2624 2072 3033 2155 potest.Plane
3052 2069 3334 2132 adulterii
3359 2088 3606 2132 accusa-
3683 2077 3700 2088 ‘

1953 2166 2034 2225 tio
2065 2164 2139 2225 ob
2170 2173 2500 2244 stupratam
2559 2161 2960 2225 concubinam
2994 2160 3177 2223 etiam
3210 2159 3550 2220 instituitur
3584 2180 3598 2222 :

1951 2252 2586 2332 quomodolib.x1.vm,
2627 2250 2718 2313 tit.
2743 2251 2804 2326 5,
2845 2249 3066 2327 digest.
3105 2250 3181 2309 12
3212 2244 3311 2327 [et]
3351 2247 3420 2307 l3
3456 2245 3602 2326 [do-

1949 2343 2141 2422 cent.]
2176 2341 2470 2404 Cancrum
2498 2339 2836 2402 concubina
2858 2349 2974 2419 est,
2999 2355 3132 2418 qua)
3164 2335 3432 2414 legitime
3463 2353 3600 2396 cum

1947 2431 2145 2512 aliquo
2177 2433 2307 2494 sine
2340 2431 2568 2512 nuptiis
2623 2429 2765 2490 vivit
2810 2445 2824 2491 :
2863 2437 2924 2489 et
2955 2445 3084 2507 puae
3117 2422 3318 2486 minus
3349 2425 3604 2487 honesta

1949 2530 2062 2592 est,
2089 2521 2280 2600 pellex
2311 2531 2558 2585 vocatur
2593 2541 2606 2582 :
2636 2527 2701 2581 ut
2732 2517 2837 2580 lib.
2871 2534 2934 2597 ι),
2971 2516 3060 2580 tit.
3099 2517 3196 2590 10,
3231 2513 3452 2589 digest.
3485 2515 3602 2577 144

1948 2609 2283 2690 [traditur].

2027 2699 2190 2762 CAP.
2227 2699 2322 2762 VI.
2363 2734 2433 2744 —-
2469 2699 2636 2773 Quid
2666 2699 2720 2760 si
2779 2696 2925 2758 laici
2956 2711 3120 2757 uxor
3148 2693 3262 2772 ﬁat
3289 2691 3599 2756 adultera.

2282 2791 2549 2853 Conciiii
2578 2787 2904 2867 Ancyrani
2937 2802 3136 2847 canon
3160 2784 3262 2847 20.

2022 2879 2121 2941 20.
2159 2881 2217 2942 Si
2244 2879 2502 2960 alicujus
2555 2895 2703 2939 uxor
2732 2875 3067 2938 adulterata
3099 2873 3300 2948 fuerit,
3347 2877 3496 2947 etc.,
3527 2879 3598 2935 ut

1940 2980 2090 3048 pag.
2127 2969 2267 3030 911.

2191 3058 2460 3122 Consilii
2488 3057 3003 3122 Neocwsariensis
3034 3069 3234 3117 canon
3266 3052 3324 3116 8.

299 3156 379 3223 η’.
415 3159 549 3228 Γυνή
577 3179 718 3223 τινος
765 3142 1126 3237 μοιχευθεῖσα
1171 3162 1366 3215 λαΐκοῦ
1393 3155 1571 3230 ὄντος,
1610 3177 1665 3216 κ.
1702 3177 1752 3216 τ.
1803 3155 1856 3218 λ.

2022 3149 2084 3240 _8.
2120 3147 2183 3211 Si
2211 3148 2465 3229 alicujus
2488 3166 2657 3222 uxor,
2695 3142 3284 3240 θὶουΑιιιριιῃᾷξξῦὗἶ

297 3246 592 3322 Ἀνάγνωθι
618 3247 683 3302 τὰ
740 3246 1158 3325 παραγραφὲντα
1190 3246 1246 3302 ἐν
1277 3249 1352 3320 τῷ
1382 3244 1492 3322 λβ’,
1527 3266 1647 3324 κεφ.
1683 3252 1775 3303 τοῦ
1806 3245 1858 3302 α’

211 3327 317 3388 τίτ.
352 3327 445 3384 τοῦ
475 3327 734 3404 παρόντος
768 3329 1169 3405 συντάγματος.

302 3423 553 3476 ΚΕΦΑΛ.
616 3414 695 3478 Ζ’.
752 3450 827 3460 -
878 3417 1002 3494 Περὶ
1045 3420 1263 3496 φθορᾶς,
1310 3415 1400 3472 καὶ
1443 3415 1620 3494 γάμου
1651 3415 1854 3496 χήρας,

215 3505 309 3561 καὶ
339 3506 414 3568 τίς
444 3505 658 3586 λέγεται
691 3507 862 3585 χήρα.

662 3593 941 3651 Βασιλείου
965 3595 1144 3650 κανὼν
1176 3591 1275 3670 ιη’,
1309 3591 1416 3653 κδ’.

301 3681 402 3748 ιη’.
438 3682 559 3760 Περὶ
592 3689 698 3740 τῶν
731 3684 1066 3740 ἐκπεσουσῶν
1099 3683 1392 3761 παρθένων,
1428 3705 1482 3743 κ.
1517 3705 1569 3742 τ.
1605 3684 1656 3743 λ.

296 3771 401 3835 κδ’,
440 3773 622 3850 Χήραν
652 3774 751 3840 τὴν
781 3771 1198 3852 καταλεγεῖσαν,
1227 3795 1283 3834 κ.
1314 3795 1365 3836 τ,
1399 3773 1453 3836 λ.

300 3957 556 4015 ΚΕΦΑΛ,
616 3949 704 4007 Η’.
767 3983 835 3994 ο·-
891 3951 1016 4027 Περὶ
1073 3951 1179 4008 τῶν
1241 3951 1326 4008 ἐπὶ
1382 3950 1542 4028 γάμῴ
1593 3961 1855 4028 γυναῖκας

214 4041 585 4118 ἁρπαζόντων,
665 4042 700 4110 ἦ
779 4039 1135 4116 βιαζομένων,
1209 4039 1239 4107 ἤ
1323 4039 1642 4120 φθειρόντων
1713 4061 1856 4119 παρ-

211 4130 412 4205 θένους,
447 4131 536 4187 καὶ
570 4131 688 4207 περὶ
719 4129 1040 4205 συνιστόρων
1072 4132 1270 4192 αὐτῶν.

683 4219 1032 4276 Ἀποστόλων
1065 4222 1238 4276 κανὼν
1283 4218 1355 4290 Et,”
1367 4266 1382 4281 ,

299 4307 396 4379 εξό
435 4308 505 4365 Εἴ
535 4329 614 4374 τις
656 4308 911 4388 παρθένον
942 4309 1308 4385 ἆμνήστευτον
1353 4308 1678 4385 βιασάμενος
1710 4308 1856 4390 ἔχει,

212 4419 267 4460 κ,
301 4419 345 4455 τ.
387 4397 442 4460 λ.

543 4485 771 4544 Συνόδου
801 4486 1064 4566 Ἀγκύρας
1095 4488 1270 4543 κανὼν
1304 4485 1400 4560 ια’,
1426 4487 1529 4549 κε’.

300 4575 396 4639 ια’,
431 4577 534 4643 Τὰς
567 4578 978 4644 μνηστευθείσας
1009 4577 1194 4656 κόρας,
1226 4599 1279 4639 κ,
1313 4599 1363 4634 τ.
1398 4575 1453 4640 λ,

293 4667 396 4727 κε’.
435 4666 915 4742 Μνηστευσάμενός
948 4690 1030 4731 τις
1061 4668 1252 4746 κόρην,
1282 4689 1336 4727 κ.
1372 4690 1424 4728 τ.
1458 4666 1513 4730 λ.

550 4843 780 4902 Συνόδοοι
815 4841 1162 4910 Χαλκηδόνος
1192 4847 1370 4902 κανὼν
1402 4845 1506 4916 κζ’.

298 4935 406 5008 κζ’.
443 4945 572 5000 Τοὺς
604 4935 939 5014 ἁρπάζοντας
969 4946 1254 5015 γυναῖκας,
1287 4957 1342 4996 κ.
1375 4957 1428 4998 τ,
1463 4934 1517 4996 λ.

441 5112 668 5170 Συνόδου
696 5116 1073 5189 οἶκουμενικῆς
1105 5113 1268 5181 ἕκτης
1301 5114 1475 5170 κανὼν
1511 5113 1628 5190 ζβ’.

300 5203 416 5279 4’β’.
451 5203 584 5266 Τοὺς
630 5203 961 5282 ἁρπάζοντας
992 5216 1275 5281 γυναῖκας,
1310 5227 1363 5267 κ,
1399 5226 1448 5262 τ.
1485 5203 1540 5266 λ,

598 5379 875 5438 Βασιλείου
901 5383 1081 5439 κανὼν
1111 5381 1220 5460 κβ’,
1255 5381 1329 5463 λ’,
1368 5381 1472 5460 κγ’.

297 5470 409 5550 κβ’.
445 5471 578 5539 Τοὺς
606 5471 658 5540 ἐξ
702 5471 951 5551 ἁρπαγῆς
995 5471 1227 5553 ἔχοντας
1280 5486 1566 5559 γυναῖκας,
1609 5495 1665 5540 κ,
1697 5495 1751 5539 τ.
1797 5473 1852 5534 λ.

2021 3237 2177 3331 Lege
2203 3257 2334 3331 qua}
2365 3240 2642 3301 adnotata
2672 3245 2809 3299 sunt
2841 3235 2902 3296 in
2939 3253 3072 3316 cap.
3105 3231 3208 3310 32,
3245 3233 3336 3295 tit.
3365 3230 3425 3306 1,
3451 3247 3598 3311 pra:-

1941 3327 2130 3379 sentis
2161 3327 2385 3399 operis.

2023 3406 2184 3470 CAP.
2225 3407 2348 3471 Vll.
2387 3442 2459 3452 —
2497 3405 2585 3469 De
2616 3415 2856 3484 stupro,
2889 3412 2950 3468 el
2999 3404 3072 3466 de
3120 3403 3330 3466 viduae
3360 3401 3598 3483 nuptiis

1939 3504 1996 3559 et
2026 3515 2309 3578 quamam
2343 3497 2586 3559 dicatur
2613 3497 2825 3558 vidua.

2380 3585 2606 3647 Basilii
2635 3601 2897 3646 canones
2934 3583 3028 3659 18,
3063 3582 3164 3644 24.

2024 3674 2124 3738 18.
2160 3677 2246 3738 De
2278 3675 2462 3756 lapsis
2495 3673 2851 3752 virginibus,
2885 3681 3032 3747 etc.,
3063 3678 3133 3733 ut
3161 3687 3306 3750 pag.
3347 3668 3492 3730 858.

2022 3764 2121 3826 2-1.
2154 3765 2405 3825 Viduam
2439 3781 2574 3846 quae
2603 3769 2663 3824 in
2706 3762 3018 3824 viduarum
3054 3775 3406 3833 numerum,
3446 3764 3590 3833 etc.,

1941 3861 2010 3918 ut
2036 3872 2176 3934 pag.
2209 3855 2348 3918 898.

2019 3946 2159 4004 49.8
2215 3943 2383 4006 CAP.
2437 3942 2592 4006 VIII.
2629 3977 2704 3988 —
2763 3941 2847 4003 De
2903 3943 2985 4003 iis
3045 3941 3151 4019 qui
3199 3935 3594 4000 matrimonii

1939 4052 2127 4096 causa
2158 4035 2473 4115 rapuerint
2503 4030 2922 4106 mulieres,vel
2953 4030 3280 4092 violentum
3307 4034 3594 4107 stuprum

1939 4124 2282 4206 virginibus
2312 4123 2597 4202 inferunt
2627 4130 2687 4184 el
2718 4122 2788 4184 dc
2819 4121 3075 4184 consciis
3103 4119 3396 4199 ipsorum.

2361 4214 2797 4294 Apostolorum
2831 4227 3026 4274 canon
3058 4209 3158 4271 67.

2019 4309 2096 4367 6'7
2134 4305 2283 4385 [66].
2322 4303 2380 4366 Si
2413 4301 2547 4384 quis
2581 4301 2872 4382 virginem
2919 4318 3038 4361 non
3073 4297 3500 4378 desponsatam
3535 4294 3594 4357 vi

1941 4394 2114 4458 allata
2146 4394 2352 4469 habet,
2377 4401 2523 4474 etc.,
2555 4400 2623 4454 ut
2651 4410 2796 4473 pag.
2827 4390 2970 4453 786.

2169 4483 2434 4548 Cnncilii
2459 4484 2786 4562 Ancyrani
2817 4495 3082 4543 canones
3109 4477 3208 4558 l8,
3241 4474 3342 4540 25.

1875 4549 1916 4600 C
2021 4576 2119 4638 18.
2154 4577 2556 4655 Desponsatas
2587 4549 2722 4633 aliis
2755 4570 3006 4652 puellas,
3042 4549 3260 4640 etc.,ut
3291 4564 3591 4645 pag.786.

2019 4665 2118 4728 25.
2154 4664 2408 4736 Quidam
2463 4662 2559 4725 cui
2613 4669 2740 4723 erat
2785 4659 2982 4740 puella
3015 4657 3402 4736 desponsata,
3444 4661 3588 4727 etc.,

1937 4754 2340 4836 ulpag.786.

2183 4842 2448 4906 Concilii
2483 4838 2988 4903 Chalcedonensis
3016 4850 3211 4898 canon
3236 4831 3338 4892 27.

2015 4934 2114 4997 27.
2151 4934 2268 4996 Eos
2298 4933 2397 5015 qui
2431 4931 2676 4992 nomine
2703 4927 2970 5008 conjugii
3003 4923 3291 4986 mulieres
3322 4919 3592 4999 rapiunt,

1939 5033 2084 5105 etc.,
2109 5033 2178 5086 ut
2209 5041 2353 5104 pag.
2379 5021 2522 5084 750.

2219 5101 2479 5178 Concilti
2507 5108 2856 5174 acamenici
2885 5123 2943 5168 v1
2974 5121 3168 5168 canon
3202 5101 3302 5164 92.

2015 5205 2115 5267 92.
2151 5205 2270 5266 Eos
2301 5203 2406 5281 qui
2441 5201 2684 5262 nomine
2747 5192 3116 5258 matrimonii
3168 5191 3464 5254 mulieres
3493 5205 3594 5250 ra-

1941 5295 2135 5376 piunt,
2172 5301 2317 5368 etc.,
2350 5298 2415 5354 ut
2438 5308 2580 5371 pag.
2613 5289 2758 5352 786.

2299 5380 2519 5444 Basilii
2551 5397 2810 5443 canones
2841 5376 2947 5449 22,
2981 5373 3080 5438 30.
3118 5373 3220 5436 53.

2021 5473 2121 5536 22.
2156 5470 2268 5544 Qui
2319 5489 2389 5534 ex
2442 5477 2616 5554 raptu
2672 5468 2960 5532 mulieres
3009 5461 3264 5545 habent,
3322 5465 3472 5535 etc.,
3527 5465 3598 5521 ut

1929 5581 2074 5652 pag.
2105 5561 2247 5628 914.
