4090 6204
541 280 658 348 919
1735 286 2001 349 PHOTII
2045 288 2156 350 PA'.

2264 287 2562 352 [ARCHE
2611 290 2724 352 GP.
3771 291 3879 358 920

622 417 724 482 30.
756 417 842 481 De
873 418 950 482 iis
981 417 1086 500 qui
1147 419 1391 500 rapiunt
1422 435 1714 480 canonem
1753 421 1996 500 quidem
2029 419 2190 482 anti-
2212 429 2237 477 Α

2355 420 2430 484 λ’.
2479 423 2604 501 Περὶ
2633 428 2738 478 τῶν
2769 420 3139 500 ἁρπαζόντων,
3173 420 3372 478 κανόνα
3405 419 3499 498 μὶν
3542 420 3762 481 παλαιὸν
3801 427 3878 483 οὒκ

541 529 726 591 quum
755 529 877 572 non
911 508 1227 584 habemus,
1261 517 1406 588 etc.,
1442 517 1509 571 ut
1537 528 1688 590 pag.
1720 511 1861 573 914.

1162 528 1227 584 IS,
1261 517 1406 588 etc.,
1442 517 1509 571 ut
1537 528 1688 590 pag.
1720 511 1861 573 914.
2277 509 2504 591 ἔχομεν,
2538 535 2598 572 κ.
2635 535 2686 574 τ,
2721 511 2777 575 λ,

624 602 726 663 53.
762 600 954 660 Vidua
983 599 1205 661 ancilla
1236 600 1513 679 fortasse,
1569 607 1714 675 etc.,
1763 607 1835 661 ut
1865 619 2012 681 pag.
2049 601 2188 662 899.

1612 607 1714 675 tc.,
1763 607 1835 661 ut
1865 619 2012 681 pag.
2049 601 2188 662 899.
2355 602 2463 679 νγ’,
2502 595 2562 659 Ἡ
2596 602 2742 682 χήρα
2775 600 2964 675 δούλη,
2996 623 3047 660 κ.
3086 624 3136 658 τ.
3174 601 3227 665 λ,

620 690 778 769 Lege
809 708 941 772 quae
973 697 1255 752 annotata
1283 698 1421 752 sunt
1450 690 1513 752 in
1545 707 1677 771 cap.
1727 689 1805 751 32
1841 692 1928 752 tit.
1967 692 1993 750 1
2035 707 2191 769 pra}-

2356 691 2651 770 Ἀνάγνωθι
2684 693 2750 748 τὰ
2781 691 3276 769 παραγεγραμμὲνα
3309 693 3363 747 ἐν
3394 698 3468 764 τῷ
3497 690 3546 748 λ’
3579 715 3700 772 κεφ.
3733 702 3813 750 τοῦ
3841 697 3876 751 θ’

542 779 736 842 sentis
767 781 997 860 operis.

2275 782 2377 839 τίτ.
2411 783 2599 840 τούτου
2631 785 2725 838 τοῦ
2752 783 3147 860 συντάγματος.

620 871 765 932 429
796 871 959 935 CAP.
994 871 1094 935 IX.
1127 906 1204 916 —
1235 871 1325 934 De
1356 872 1434 933 iis
1465 871 1575 949 qui
1611 877 1836 949 praeter
1860 876 2194 950 parentum

2360 879 2610 930 ΚΕΦΑΛ.
2673 871 2755 932 ε’,
2839 906 2906 916 -
2978 875 3104 946 Περὶ
3165 874 3269 928 τῶν
3331 872 3476 950 παρὰ
3532 874 3748 952 γνώμην
3800 877 3884 930 τῶν

543 969 652 1026 aut
681 962 1078 1026 dominorum
1109 964 1473 1025 sententiam
1506 962 1764 1023 nubunt.

2279 961 2485 1018 οἰκείων
2519 961 2721 1040 γονέων
2765 963 2800 1029 ἢ
2831 960 3108 1018 δεσποτῶν
3141 964 3482 1038 γαμούντων,

912 1055 1138 1119 Basilii
1168 1073 1427 1118 canones
1456 1056 1555 1133 38,
1591 1056 1692 1134 40,
1728 1053 1828 1116 42.

2621 1054 2896 1112 Βασιλείου
2936 1056 3114 1112 κανὼν
3156 1055 3274 1131 λη’,
3323 1055 3404 1131 μ’,
3453 1056 3570 1132 μβ’.

627 1151 730 1215 38.
763 1150 1007 1224 Puellae,
1043 1168 1176 1230 quae
1209 1158 1424 1229 praeter
1454 1148 1638 1229 patris
1671 1147 2037 1210 sententiam
2091 1167 2193 1209 se-

2357 1146 2472 1214 λη’.
2519 1153 2580 1204 Αἱ
2613 1149 2766 1227 κόραι
2812 1152 2865 1205 αἱ
2908 1151 3054 1226 παρὰ
3085 1151 3309 1226 γνώμην
3361 1152 3570 1228 Πατρὸς
3620 1151 3887 1221 ἄκολουθή-

549 1247 700 1304 cutaa
731 1251 894 1315 sunt,
936 1240 1312 1301 fornicamur
1349 1259 1362 1300 :
1408 1236 1820 1300 reconciliatis
1852 1245 2049 1299 autem
2085 1255 2155 1316 pa

2276 1261 2458 1308 σασαι,
2514 1239 2829 1314 πορνεύουσι
2867 1258 2880 1273 ·
2947 1238 3342 1316 διαλλαγέντων
3411 1240 3464 1296 δὲ
3512 1247 3620 1296 τῶν
3694 1244 3886 1317 γαιέων,

544 1330 819 1394 rentibus
849 1328 1084 1391 videtur
1113 1347 1212 1391 res
1239 1327 1572 1390 remedium
1602 1327 1880 1406 accipere
1910 1349 1925 1403 ;
1957 1347 2075 1387 non
2111 1335 2159 1386 ta

2275 1327 2427 1386 30x53
2485 1329 2765 1404 θεραπείαν
2824 1326 3118 1404 λαμϐάνειν
3189 1331 3249 1385 τὸ
3294 1331 3518 1408 γεγονός
3556 1349 3573 1365 ⁸
3623 1331 3716 1386 οὒκ
3769 1333 3890 1395 93%:

549 1438 689 1482 men
722 1420 919 1482 statim
962 1425 1023 1480 in
1083 1417 1572 1480 communionem
1630 1417 2053 1491 restituuntur,
2087 1434 2164 1478 εει

2275 1415 2330 1473 δὲ
2371 1419 2444 1481 εἰς
2489 1417 2586 1484 τὴν
2635 1418 2914 1474 κοινωνίαν
2958 1418 3436 1492 ἁποκαθίστανται,
3486 1418 3610 1475 ἀλλ’
3657 1418 3889 1493 ἐπιτιμη-

549 1510 809 1572 triennio
843 1509 1187 1590 punientur.

2277 1505 2532 1590 θήσονται
2563 1507 2680 1582 τρία
2708 1506 2826 1573 ἔτη.

627 1600 729 1662 40.
763 1586 908 1670 Quae
936 1607 1153 1678 praeter
1184 1598 1312 1659 heri
1343 1596 1705 1659 sententiam
1740 1614 1804 1658 se
1837 1597 2192 1674 virotradit,

2358 1594 2441 1667 μ’.
2505 1586 2568 1651 Ἠ
2613 1597 2754 1672 παρὰ
2800 1596 3026 1673 γνώμην
3073 1602 3167 1652 τοῦ
3211 1594 3473 1652 δεσπότου
3529 1594 3676 1675 ἀνδρὶ
3727 1597 3889 1663 ἑαυτὴν

552 1688 849 1750 fornicata
879 1693 973 1750 est
999 1709 1014 1768 ;
1040 1706 1170 1768 qua:
1191 1705 1330 1747 vero
1357 1694 1566 1766 postea
1592 1685 1970 1747 matrimonio
2005 1685 2167 1746 liberi

2279 1683 2577 1759 ἐκδιδοῦσα,
2639 1685 2954 1763 ἐπόρνευσεν
2990 1704 3004 1718 ·
3053 1687 3085 1752 ἡ
3133 1683 3187 1738 δὲ
3233 1687 3368 1759 μετὰ
3425 1693 3594 1741 ταῦτα
3640 1685 3891 1762 πεπαῤῥη-

548 1795 657 1840 usa
685 1777 1010 1858 est,nupsit
1039 1799 1050 1839 :
1075 1794 1261 1856 quare
1283 1776 1431 1838 illud
1457 1775 1699 1855 quidem
1726 1775 2041 1838 fornicatio
2067 1783 2157 1835 est

2279 1775 2554 1848 σιασμὲνῳ
2611 1775 2770 1851 γάμῳ
2828 1774 3181 1854 χρησαμένη,
3238 1775 3532 1851 ἐγήματο’
3589 1776 3713 1832 οὔτε
3743 1776 3891 1832 ἐκεῖνο

551 1866 668 1928 hoc
727 1885 866 1928 vero
911 1865 1379 1927 matrimonium.
1439 1865 1584 1925 Nam
1624 1873 1794 1943 pacta
1825 1883 2057 1942 eorum,
2092 1882 2166 1944 qu

2280 1865 2378 1939 μὲν
2409 1864 2651 1940 πορνεία,
2693 1874 2849 1922 τοῦτο
2894 1862 2948 1919 δὲ
2998 1864 3168 1940 γάμος
3203 1882 3220 1900 ⁸
3267 1866 3318 1919 αἱ
3378 1867 3478 1943 γὰρ
3524 1869 3778 1931 συνθῆκαι
3805 1867 3890 1920 tth

555 1965 697 2018 sunt
727 1956 788 2017 in
815 1957 1059 2017 alterius
1091 1963 1409 2035 potestate,
1452 1954 1602 2016 nihil
1629 1954 1852 2016 habent
1884 1955 2063 2016 firmi.

1683 1954 1852 2016 abem.
1884 1955 2063 2016 firmi.
2279 1952 2627 2032 ὕπεξουσίων,
2659 1951 2807 2009 οὖδὲν
2840 1953 3030 2033 ’έχουσι
3061 1951 3298 2028 βέϐαιον,

635 2047 738 2110 42.
773 2045 1147 2108 Matrimonia
1168 2045 1300 2106 sine
1329 2045 1400 2106 iis
1431 2045 1534 2125 qui
1570 2053 1923 2124 potestatem
1953 2043 2194 2122 habent,

2363 2043 2482 2119 μβ’,
2543 2045 2602 2100 Οἱ
2659 2042 2780 2099 ἄνευ
2840 2050 2948 2099 τῶν
3035 2045 3372 2120 κρατούντων
3430 2044 3625 2120 γάμοι,
3685 2046 3898 2121 πορνεῖα(

555 2136 983 2199 fornicationes
1013 2145 1174 2197 sunt.
1213 2133 1414 2214 Neque
1445 2153 1586 2212 ergo
1619 2135 1847 2194 vivente
1874 2140 2061 2212 patre,
2087 2150 2170 2192 ne

2283 2136 2468 2190 εἷσινο
2530 2135 2647 2190 οὒτε
2721 2133 2812 2189 οὖν
2869 2135 3071 2208 πατρὸς
3145 2139 3366 2206 ζῶντος,
3447 2133 3570 2189 οὔτε
3632 2133 3887 2203 δεσπότου,

559 2243 677 2305 que
703 2226 873 2300 hero,
907 2224 1009 2305 qui
1040 2223 1404 2286 conveniunt
1455 2233 1621 2285 extra
1651 2221 2174 2302 reprehensionem

2283 2226 2329 2278 οἱ
2385 2224 2654 2287 συνιόντες
2713 2223 2982 2279 ἀνεύθυνοί
3041 2225 3171 2278 εἰσιν
3211 2242 3224 2256 ·
3293 2223 3434 2280 ὥστε
3493 2222 3588 2281 ἐὰν
3633 2225 3897 2282 ἐπινεύσω-

557 2322 719 2390 sunt,
765 2313 1269 2394 quemadmodum
1330 2313 1382 2374 si
1439 2320 1705 2375 annuant
1742 2309 2172 2373 cohabitationi

2284 2334 2368 2367 σιν
2430 2315 2478 2369 οἱ
2553 2315 2721 2388 κύριοι
2807 2314 2903 2380 τὴν
2989 2315 3319 2388 συνοίκησιν,
3393 2313 3514 2369 τότε
3587 2311 3898 2388 λαμϐάνειὸ

557 2422 706 2484 quos
737 2422 924 2484 penes
956 2404 1134 2483 hujus
1163 2403 1251 2464 rei
1285 2411 1374 2464 est
1404 2402 1744 2477 arbitrium,
1782 2409 1919 2464 tunc
1952 2399 2172 2460 firmita

1211 2403 1251 2464 ei
1285 2411 1374 2464 est
1404 2402 1744 2477 arbitrium,
1782 2409 1919 2464 tunc
1952 2399 2200 2460 firmita-
2284 2401 2457 2480 γέμος
2490 2403 2553 2458 τὸ
2584 2399 2826 2478 βέϐαιοι.

559 2501 679 2554 tem
710 2494 972 2572 conjugii
1003 2493 1226 2573 accipit
1257 2491 1646 2554 cohabitatio.

641 2581 1031 2653 Toxlus.Qua3
1050 2583 1224 2662 quive
1251 2582 1311 2642 in
1335 2583 1580 2643 alterius
1605 2587 1896 2660 potestate
1916 2585 2198 2644 suntmon

2363 2583 2427 2637 Ἠ
2458 2579 2738 2646 ὑπεξουσία
2769 2582 2802 2649 ἢ
2835 2584 2862 2638 ὁ
2893 2581 3235 2658 ὑπεξαύσιος,
3288 2583 3346 2639 οὒ
3394 2580 3643 2638 δύνανται
3688 2582 3891 2657 νομίμως

561 2680 810 2751 possunt
835 2671 1101 2750 legitime
1150 2670 1605 2733 matrimonium
1646 2672 2030 2742 contrahere,
2079 2689 2176 2730 non

2283 2683 2506 2748 γαμεῖν,
2555 2672 2631 2745 μὴ
2688 2679 3056 2736 συναινοῦντος
3108 2679 3199 2728 τοῦ
3269 2673 3494 2750 ἔχοντος
3577 2674 3757 2735 αὖτοὺς
3808 2674 3892 2726 ὐπ-

558 2763 973 2821 consentiente
1025 2778 1096 2821 eo
1144 2761 1242 2840 qui
1291 2759 1425 2821 illos
1456 2758 1518 2820 in
1551 2765 1842 2839 potestate
1873 2758 2052 2818 habet
2087 2775 2100 2815 :
2141 2779 2171 2818 u

2283 2759 2568 2833 εξουσίους,
2601 2762 2674 2824 ὡς
2706 2757 2852 2836 βιϐλ,
2885 2759 2929 2815 ε’
2961 2768 3055 2818 τοῦ
3085 2759 3244 2840 κώδ.,
3277 2761 3382 2821 τίτ,
3418 2758 3488 2840 δ’,
3524 2763 3615 2818 καὶ
3644 2760 3779 2838 βιὸλ,
3800 2759 3887 2835 κγ’,

557 2849 666 2912 lib.
693 2867 729 2910 ν
769 2848 906 2911 cod.
957 2848 1045 2910 tit.
1099 2850 1157 2921 4,
1190 2857 1247 2909 et
1277 2847 1382 2910 lib.
1434 2865 1600 2924 xxm,
1637 2847 1728 2907 tit.
1762 2846 1798 2906 2
1832 2846 2149 2926 [traditur]

2283 2849 2388 2910 τίτ.
2438 2849 2489 2924 β’
2527 2867 2541 2879 “
2603 2851 2647 2905 εἰ
2701 2851 2778 2924 μὴ
2809 2865 3096 2929 γεγονυῖαν
3127 2852 3228 2918 τὴν
3259 2850 3522 2928 θυγατέρα
3557 2853 3641 2908 κε’
3677 2851 3892 2907 ἐνιαυτῶν

557 2947 726 3000 extra
755 2957 934 3015 quam
973 2939 1021 2999 si
1055 2937 1230 3018 [quis]
1263 2937 1444 2998 ﬁliam
1481 2937 1679 3015 viginti
1711 2936 1979 3016 quinque
2013 2955 2170 2997 anno

2285 2938 2568 3016 ὑπερέθετο
2631 2938 2803 3009 ζεῦξαι
2839 2955 2852 2969 ⁸
2923 2942 3045 2997 τότε
3111 2941 3211 3018 γὰρ
3253 2941 3448 3008 ἑαυτὴν
3491 2940 3746 3020 ἐλευθέρῳ
3795 2947 3891 3010 ζεῦ-

555 3035 753 3089 natam
787 3025 869 3104 [in
904 3026 1370 3104 matrimonium]
1431 3027 1668 3087 elocare
1718 3025 1975 3087 ditlerat.
2033 3027 2170 3087 Tunt

2284 3027 2364 3094 ξαι
2408 3027 2646 3104 δύναται,
2705 3031 2776 3094 ὡς
2846 3032 2880 3098 ἡ
2943 3032 3062 3108 περὶ
3146 3032 3250 3088 τῶν
3323 3031 3409 3087 ἐπὶ
3483 3030 3670 3110 κλήρῳ
3723 3031 3892 3109 ἄχαρι-

557 3117 720 3178 enim
743 3116 885 3195 [illa]
910 3115 1117 3176 liberze
1135 3115 1496 3177 conditionis
1516 3115 1745 3176 homini
1771 3115 2037 3194 seipsum
2064 3117 2205 3192 [ma-
2289 3124 2450 3174 στιῶν
2479 3119 2586 3194 ρβ’,

559 3204 871 3374 ιτίὖιοιιὶο]
897 3205 1154 3285 jungere
1186 3213 1419 3285 potest:
1457 3203 1960 3284 quemadmodum
1994 3223 2126 3284 quae
2157 3205 2232 3266 de
2263 3205 2694 3287 ingratitudine
2728 3208 3032 3270 haeredum
3064 3207 3338 3290 [spectat]
3374 3208 3626 3272 Novella
3659 3211 3766 3270 112
3793 3208 3900 3288 [do-

561 3311 630 3355 ce
696 3343 708 3356 .

561 3301 708 3356 cetl.

637 3383 800 3446 CAP.
834 3385 913 3446 Χ.
946 3418 1025 3429 -
1056 3383 1146 3446 De
1165 3384 1419 3462 feminis
1448 3401 1587 3463 quae
1616 3391 1838 3463 partus
1866 3401 2008 3446 suos
2043 3385 2202 3445 inte-

2372 3392 2624 3448 ΚΕΦΑΛ.
2674 3399 2717 3452 Ι.
2762 3421 2840 3432 -
2884 3388 3009 3467 Περὶ
3065 3392 3431 3466 πορνευουσῶν
3462 3392 3552 3447 καὶ
3605 3391 3893 3467 ἆναιρςυσῶν

563 3477 801 3536 rimunt
830 3492 909 3534 ea:
934 3476 1353 3549 fornicatione
1381 3481 1730 3551 conceptos.

1091 3476 1353 3536 icatione
1381 3481 1730 3551 conceptos.
2290 3477 2355 3532 τὰ
2390 3479 2706 3553 τικτόμενα.

896 3567 1164 3630 Concilii
1198 3568 1517 3648 Ancyrani
1548 3584 1746 3629 canon
1775 3567 1877 3630 2t.

2675 3568 2904 3626 Συνόδου
2935 3570 3199 3650 Ἀγκύρας
3232 3573 3408 3630 κανὼν
3440 3571 3555 3632 κα³.

638 3666 738 3724 2t.
777 3663 859 3723 De
891 3659 1274 3735 mulieribus,
1311 3678 1442 3740 quae
1467 3668 1604 3720 sunt
1625 3660 2026 3732 fornicatm,et
2052 3659 2208 3722 fetus

2373 3662 2615 3743 κα’,Περὶ
2643 3671 2750 3720 τῶν
2780 3670 3046 3740 γυναικῶν
3075 3667 3181 3722 τῶν
3212 3665 3645 3743 ἐκπορνευουσῶν
3673 3667 3756 3722 καὶ
3784 3663 3897 3718 ἄναι-

558 3753 622 3814 in
652 3757 821 3812 utero
855 3749 1184 3830 perimunt,
1219 3757 1278 3810 et
1321 3750 1546 3810 fetuum
1582 3749 1906 3811 necatoriis
1941 3748 2173 3810 medica

2292 3753 2497 3828 ρουσῶν
2566 3754 2630 3808 τὰ
2694 3754 3026 3832 γεννώμενα,
3103 3755 3201 3812 καί
3278 3755 3686 3826 σπουδαζουσῶν
3741 3755 3891 3832 φθόρια

559 3839 780 3901 mentis
811 3839 1108 3901 faciendis
1141 3839 1283 3901 dant
1315 3857 1581 3918 operam,
1606 3838 1772 3917 prior
1801 3838 2046 3918 quidem
2070 3839 2174 3899 451

2293 3854 2499 3920 ποιεῖν,
2545 3843 2573 3897 ὁ
2609 3843 2706 3916 μὲν
2751 3845 3005 3920 πρότερος
3066 3844 3186 3923 ὅρος
3231 3845 3427 3925 μέχρις
3487 3844 3668 3911 ἐξόδου
3707 3841 3889 3912 ἐκώλυε,

559 3929 829 3992 deﬁnitio
866 3946 1058 4007 usque
1086 3928 1159 3988 ad
1218 3928 1351 3988 vitae
1381 3927 1604 3988 exitum
1643 3928 2024 4004 prohibebat.
2066 3936 2123 3988 et
2153 3947 2174 3989 ε

2294 3931 2380 3986 καὶ
2423 3932 2593 4004 τούτῳ
2650 3933 2974 3988 συντίθενται
3009 3950 3024 3966 ⁶
3083 3933 3586 4014 φιλανθρωπότερον
3649 3933 3698 3989 δέ
3739 3955 3782 3987 τι
3820 3930 3889 3984 εὖ·

561 4018 801 4098 quidam
830 4014 1390 4079 assentiuntur.Sed
1421 4015 1796 4079 humanitate
1819 4025 2020 4079 tamen
2046 4026 2176 4078 uten

2296 4042 2496 4100 ροντες,
2531 4022 2801 4099 ὡρίσαμεν
2827 4020 3052 4090 δεκαετῆ
3105 4026 3302 4104 χρόνον
3353 4026 3492 4081 κατὰ
3546 4025 3670 4088 τοὺς
3699 4021 3890 4100 βαθμοὺς

561 4116 672 4184 tes,
709 4107 1113 4181 decrevimus,
1150 4113 1212 4167 ut
1235 4105 1600 4168 decennium
1634 4124 1743 4186 per
1769 4107 1989 4184 gradus
2022 4109 2176 4187 prmﬂ

1488 4106 1600 4166 ium
1634 4124 1743 4186 per
1769 4107 1989 4184 gratius
2022 4109 2213 4187 prmﬁ-
2294 4112 2414 4174 τοὺς
2437 4111 2766 4189 ὡρισμένους
2800 4111 3103 4192 πληρῶσαι.

562 4199 721 4262 nitos
755 4199 1069 4278 impleant.

844 4289 1110 4352 Concilii
1131 4293 1486 4352 aecumem'ci
1517 4307 1573 4352 vr
1599 4308 1796 4352 canon
1828 4291 1932 4354 91.

2517 4293 2744 4351 Συνόδου
2783 4296 3158 4370 οἱκουμενικῆς
3190 4297 3349 4363 ἕκτης
3377 4298 3554 4354 κανὼν
3591 4298 3619 4373 ζ
3638 4298 3711 4359 α’,

647 4385 749 4447 9|.
781 4382 894 4444 Eas
927 4402 1056 4463 quae
1086 4383 1230 4444 dant
1277 4383 1656 4444 abortionem
1701 4383 1982 4445 facientia
2015 4384 2210 4446 medi-

2376 4385 2494 4461 4α’.
2547 4387 2651 4450 Τὰς
2709 4385 2773 4441 τὰ
2831 4386 3191 4466 ἀμϐλώθρίδια
3235 4386 3480 4452 διδούσας
3524 4391 3789 4467 φάρμακα,
3829 4384 3892 4438 καὶ

565 4481 927 4546 camenta,et
957 4491 1088 4552 quae
1118 4473 1271 4533 fetus
1304 4474 1584 4536 necantia
1612 4491 1849 4537 venena
1878 4474 2180 4555 accipiunt

2293 4475 2386 4539 τὰς
2433 4473 2734 4555 δεχομένας
2779 4476 2844 4533 τὰ
2913 4475 3276 4555 ἐμϐρυοκτόνα
3335 4477 3664 4558 δηλητήρια,
3709 4484 3776 4551 τῷ
3823 4479 3892 4529 τοῦ

563 4561 887 4628 homicidae
907 4563 1104 4644 poenis
1125 4561 1506 4642 subjicimus.

2295 4565 2498 4644 φονέως
2529 4566 2781 4642 ἐπιτιμίῳ
2811 4565 3313 4642 καθυποϐάλλομεν,

964 4655 1198 4719 Basilii
1229 4675 1491 4720 canones
1520 4657 1580 4732 2,
1616 4658 1677 4732 8,
1704 4658 1804 4720 52.
2238 4653 2281 4703 ο

2238 4653 2281 4703 D
2702 4659 2982 4716 Βασιλείου
3015 4661 3190 4716 κανὼν
3219 4661 3296 4736 β’,
3329 4660 3410 4735 η’,
3447 4661 3552 4737 νβ’.

641 4750 854 4825 2.Οιιω
877 4749 950 4812 de
976 4748 1273 4810 industria
1298 4751 1484 4812 fetum
1505 4751 1986 4832 corrupit,ca3dis
2011 4770 2216 4832 pmuas

2377 4751 2450 4827 β’.
2516 4756 2579 4809 Ἣ
2625 4755 2879 4833 φθείρασα
2951 4753 3070 4810 κατ’
3143 4753 3512 4828 ἐπιτήδευσιν,
3584 4754 3738 4835 φόνου
3777 4749 3893 4810 δίκην

562 4842 694 4906 luit.
729 4843 817 4904 De
838 4840 1092 4902 formato
1135 4847 1333 4901 autem
1367 4849 1466 4901 aut
1508 4839 1753 4902 informi
1780 4841 2062 4902 subtilius
2094 4861 2170 4902 no

2297 4841 2533 4921 ὑπέχει·
2609 4843 2956 4922 ἀκριϐολογία
3000 4845 3099 4922 γὰρ
3145 4844 3636 4923 ὲκμεμορφωμὲιου
3691 4843 3769 4897 καὶ
3820 4839 3892 4893 ἀν-

562 4930 949 5012 inquirimus.
985 4928 1094 4991 Hic
1133 4929 1294 4990 enim
1330 4948 1450 4990 non
1483 4929 1542 4990 id
1580 4930 1756 4991 modo
1780 4931 1937 5010 quod
1961 4931 2177 4991 nascitt

2298 4929 2649 4996 εξεικονίστου
2679 4934 2803 5012 παρ’
2835 4936 2970 5008 ἡμῖν
3024 4938 3120 4991 οὒκ
3169 4933 3311 4990 ἔστιν
3347 4949 3361 4964 ⁸
3398 4934 3619 4990 ἐνταῦθα
3661 4953 3754 5009 γαρ
3781 4925 3893 4984 ἐκδι-

563 5039 700 5082 rum
729 5029 878 5093 erat,
914 5017 1390 5093 vindicatur,sed
1429 5019 1607 5080 etiam
1643 5019 1746 5079 illa
1777 5020 1925 5098 ipsa,
1952 5039 2080 5100 quae
2102 5019 2178 5080 sit

2298 5034 2476 5076 κεῖται
2507 5022 2565 5077 οὗ
2607 5024 2768 5096 μόνον
2819 5025 2878 5079 τὸ
2909 5023 3330 5102 γεννησόμενον,
3395 5021 3532 5078 ἄλλα
3587 5025 3672 5079 καὶ
3712 5019 3825 5082 αὖτή
3868 5018 3891 5076 ἡ

563 5107 824 5171 insidias
857 5108 1106 5188 paravit,
1139 5109 1419 5189 quoniam
1455 5115 1518 5169 ut
1551 5109 1874 5188 plurimum
1909 5111 2178 5170 intereur

2298 5111 2459 5185 ἑαυτῇ
2494 5110 2910 5168 ἐπιϐουλεύσασα
2945 5131 2959 5146 ·
3009 5110 3140 5168 διότι
3201 5114 3271 5178 ὡς
3331 5111 3416 5167 ἐπὶ
3450 5111 3585 5168 πολὺ
3638 5105 3894 5170 ἐναποθνή·

568 5199 632 5260 ἱιι
667 5197 965 5276 ejusmodi
995 5197 1248 5276 inceptis
1272 5197 1561 5258 mulieres
1601 5196 1731 5258 Huc
1764 5207 1958 5259 autem
1993 5201 2168 5259 acced

2307 5222 2491 5255 σκουσι
2535 5216 2658 5265 ταῖς
2721 5204 2991 5262 τοιαύταις
3053 5203 3461 5281 ἐπιχειρήσεσιν
3519 5204 3565 5257 αἱ
3631 5209 3894 5277 γυναῖκες·

569 5298 632 5350 et
663 5287 814 5347 fetus
835 5285 1135 5358 interitus,
1184 5287 1377 5348 caules
1407 5288 1616 5365 altera,
1651 5289 1860 5349 saltem
1897 5290 1946 5349 si
1977 5289 2184 5350 consili

2307 5291 2558 5366 πρόσεστι
2598 5291 2652 5345 δὲ
2699 5292 2869 5364 τούτῳ
2913 5295 3001 5348 καὶ
3045 5295 3078 5360 ἡ
3124 5294 3288 5371 φθορὰ
3344 5293 3438 5347 τοῦ
3504 5289 3744 5364 ἐμϐρύου,
3801 5285 3893 5340 ἓτε-

571 5393 779 5438 eorum
801 5375 902 5456 qui
924 5375 1050 5436 haec
1073 5376 1315 5453 audent,
1333 5379 1483 5439 ratio
1511 5379 2082 5458 habeatur.0portet
2103 5397 2174 5440 au

2301 5400 2391 5456 ρος
2435 5379 2593 5456 φόνος
2638 5380 2774 5435 κατα
2820 5402 2879 5457 γε
2924 5382 3022 5448 τὴν
3054 5381 3288 5437 ἐπίνοιαν
3333 5387 3437 5435 τῶν
3478 5383 3637 5435 ταῦτα
3693 5372 3895 5447 τολμών-

572 5473 693 5527 tem
727 5483 845 5526 non
873 5464 945 5526 ad
972 5463 1198 5526 obitum
1225 5485 1418 5546 usque
1444 5468 1854 5546 paenitentiam
1885 5487 2086 5529 earum
2116 5487 2185 5530 ex

2303 5491 2404 5526 των
2439 5486 2452 5499 ·
2514 5467 2599 5525 δεῖ
2641 5470 2822 5544 μέντοι
2867 5472 2945 5545 μὴ
3008 5471 3172 5550 μέχρι
3220 5475 3317 5535 τῆς
3371 5467 3547 5534 ἐξόδου
3603 5465 3892 5544 παρατείνειν

574 5553 849 5631 tendere,
885 5553 989 5616 sed
1023 5553 1227 5616 decem
1262 5555 1500 5636 quidem
1536 5575 1830 5618 annorum
1867 5576 2189 5620 mensuran

2299 5563 2471 5619 αὑτῶν
2517 5559 2615 5627 τὴν
2677 5558 3090 5639 ὲξθμολόγησιν,
3165 5558 3304 5616 ἀλλὰ
3363 5557 3609 5640 δέχεσθαι
3671 5557 3762 5630 μὲν
3814 5553 3892 5607 τῶν
