  <div class='ocr_page' id='page_1' title='image "/cluster/home/n/w/nwhite01/storage/ocr_20150623/104/hvd.32044073502163/480.png"; bbox 0 0 3944 6222; ppageno 0'>
   <div class='ocr_carea' id='block_1_1' title="bbox 131 324 3470 412">
    <p class='ocr_par' dir='ltr' id='par_1_1' title="bbox 131 324 3470 412">
     <span class='ocr_line' id='line_1_1' title="bbox 131 324 3470 412; baseline -0.001 -12"><span class='ocrx_word' id='word_1_1' title='bbox 131 329 228 401; x_wconf 75' lang='grc'><strong>921</strong></span> <span class='ocrx_word' id='word_1_2' title='bbox 817 330 1238 399; x_wconf 86' lang='lat' dir='ltr'><strong>SYNTAGMA</strong></span> <span class='ocrx_word' id='word_1_3' title='bbox 1297 332 1694 400; x_wconf 77' lang='lat' dir='ltr'><strong>CANONUM.</strong></span> <span class='ocrx_word' id='word_1_4' title='bbox 1740 363 1821 379; x_wconf 93' lang='lat'>-</span> <span class='ocrx_word' id='word_1_5' title='bbox 1871 330 2029 399; x_wconf 89' lang='lat' dir='ltr'>TIT.</span> <span class='ocrx_word' id='word_1_6' title='bbox 2077 331 2244 410; x_wconf 87' lang='lat' dir='ltr'>XIII,</span> <span class='ocrx_word' id='word_1_7' title='bbox 2291 331 2454 395; x_wconf 83' lang='lat' dir='ltr'><strong>CAP.</strong></span> <span class='ocrx_word' id='word_1_8' title='bbox 2503 331 2611 412; x_wconf 82' lang='lat' dir='ltr'><strong>IX,</strong></span> <span class='ocrx_word' id='word_1_9' title='bbox 2658 329 2736 395; x_wconf 89' lang='lat' dir='ltr'><strong>X.</strong></span> <span class='ocrx_word' id='word_1_10' title='bbox 3351 324 3470 397; x_wconf 70' lang='lat'><strong>922</strong></span> 
     </span>
    </p>
   </div>
   <div class='ocr_carea' id='block_1_2' title="bbox 130 462 1687 551">
    <p class='ocr_par' dir='ltr' id='par_1_2' title="bbox 130 462 1687 551">
     <span class='ocr_line' id='line_1_2' title="bbox 130 462 1687 551; baseline 0 -27"><span class='ocrx_word' id='word_1_11' title='bbox 130 464 241 524; x_wconf 78' lang='grc' dir='ltr'>δέκα</span> <span class='ocrx_word' id='word_1_12' title='bbox 268 462 392 522; x_wconf 76' lang='grc' dir='ltr'>ἑτῶν</span> <span class='ocrx_word' id='word_1_13' title='bbox 444 463 505 520; x_wconf 75' lang='grc' dir='ltr'>τὸ</span> <span class='ocrx_word' id='word_1_14' title='bbox 564 462 759 544; x_wconf 80' lang='grc' dir='ltr'><strong>μέτρον</strong></span> <span class='ocrx_word' id='word_1_15' title='bbox 796 485 810 500; x_wconf 94' lang='grc'><strong>⁸</strong></span> <span class='ocrx_word' id='word_1_16' title='bbox 865 468 1057 545; x_wconf 69' lang='grc' dir='ltr'>ὁρίζειν</span> <span class='ocrx_word' id='word_1_17' title='bbox 1095 465 1148 523; x_wconf 73' lang='grc' dir='ltr'>δὲ</span> <span class='ocrx_word' id='word_1_18' title='bbox 1210 466 1289 542; x_wconf 73' lang='grc' dir='ltr'><strong>μὴ</strong></span> <span class='ocrx_word' id='word_1_19' title='bbox 1337 467 1542 551; x_wconf 78' lang='grc' dir='ltr'>χρόνῳ,</span> <span class='ocrx_word' id='word_1_20' title='bbox 1599 467 1687 526; x_wconf 80' lang='grc' dir='ltr'><strong>ἀλ)</strong></span> 
     </span>
    </p>
   </div>
   <div class='ocr_carea' id='block_1_3' title="bbox 1902 462 3459 551">
    <p class='ocr_par' dir='ltr' id='par_1_3' title="bbox 1902 467 3459 550">
     <span class='ocr_line' id='line_1_3' title="bbox 1902 467 3459 550; baseline -0.001 -20"><span class='ocrx_word' id='word_1_21' title='bbox 1902 467 2143 549; x_wconf 86' lang='lat' dir='ltr'><strong>cipiant,</strong></span> <span class='ocrx_word' id='word_1_22' title='bbox 2175 467 2495 530; x_wconf 82' lang='lat' dir='ltr'><strong>deﬁniatur</strong></span> <span class='ocrx_word' id='word_1_23' title='bbox 2524 471 2724 529; x_wconf 89' lang='lat' dir='ltr'><strong>autem</strong></span> <span class='ocrx_word' id='word_1_24' title='bbox 2760 468 2990 528; x_wconf 75' lang='lat' dir='ltr'><strong>curatio</strong></span> <span class='ocrx_word' id='word_1_25' title='bbox 3013 483 3133 528; x_wconf 90' lang='lat' dir='ltr'><strong>non</strong></span> <span class='ocrx_word' id='word_1_26' title='bbox 3163 471 3459 550; x_wconf 85' lang='lat' dir='ltr'><strong>tempore,</strong></span> 
     </span>
    </p>
   </div>
   <div class='ocr_carea' id='block_1_4' title="bbox 128 554 1685 638">
    <p class='ocr_par' dir='ltr' id='par_1_4' title="bbox 128 554 1190 638">
     <span class='ocr_line' id='line_1_4' title="bbox 128 554 1190 638; baseline 0.002 -26"><span class='ocrx_word' id='word_1_27' title='bbox 128 559 288 635; x_wconf 84' lang='grc' dir='ltr'>τρόπῳ</span> <span class='ocrx_word' id='word_1_28' title='bbox 309 554 404 638; x_wconf 15' lang='grc' dir='ltr'>,τῆς</span> <span class='ocrx_word' id='word_1_29' title='bbox 435 556 720 626; x_wconf 85' lang='grc' dir='ltr'>μετανοίας</span> <span class='ocrx_word' id='word_1_30' title='bbox 750 554 850 622; x_wconf 79' lang='grc' dir='ltr'>τὴν</span> <span class='ocrx_word' id='word_1_31' title='bbox 881 559 1190 634; x_wconf 84' lang='grc' dir='ltr'>θεραπείαν,</span> 
     </span>
    </p>
   </div>
   <div class='ocr_carea' id='block_1_5' title="bbox 1007 554 2564 638">
    <p class='ocr_par' dir='ltr' id='par_1_5' title="bbox 1010 557 2564 638">
     <span class='ocr_line' id='line_1_5' title="bbox 1010 557 2564 638; baseline 0.005 -26"><span class='ocrx_word' id='word_1_32' title='bbox 1010 559 1190 620; x_wconf 84' lang='grc' dir='ltr'>πείαν.</span> <span class='ocrx_word' id='word_1_33' title='bbox 1822 559 1928 620; x_wconf 87' lang='lat' dir='ltr'><strong>sed</strong></span> <span class='ocrx_word' id='word_1_34' title='bbox 1964 558 2332 638; x_wconf 75' lang='lat' dir='ltr'><strong>poenitentiae</strong></span> <span class='ocrx_word' id='word_1_35' title='bbox 2362 557 2564 620; x_wconf 89' lang='lat' dir='ltr'><strong>modo.</strong></span> 
     </span>
    </p>
   </div>
   <div class='ocr_carea' id='block_1_6' title="bbox 197 636 1754 730">
    <p class='ocr_par' dir='ltr' id='par_1_6' title="bbox 197 636 1742 730">
     <span class='ocr_line' id='line_1_6' title="bbox 197 636 1742 730; baseline 0.003 -28"><span class='ocrx_word' id='word_1_36' title='bbox 197 644 270 713; x_wconf 89' lang='grc' dir='ltr'><strong>η’.</strong></span> <span class='ocrx_word' id='word_1_37' title='bbox 305 636 359 703; x_wconf 65' lang='grc' dir='ltr'>Ὀ</span> <span class='ocrx_word' id='word_1_38' title='bbox 386 644 532 721; x_wconf 78' lang='grc' dir='ltr'>ἀξίνῃ</span> <span class='ocrx_word' id='word_1_39' title='bbox 562 647 706 725; x_wconf 79' lang='grc' dir='ltr'>παρὰ</span> <span class='ocrx_word' id='word_1_40' title='bbox 736 648 827 703; x_wconf 84' lang='grc' dir='ltr'>τὸν</span> <span class='ocrx_word' id='word_1_41' title='bbox 861 648 1024 722; x_wconf 77' lang='grc' dir='ltr'>θυμὸν</span> <span class='ocrx_word' id='word_1_42' title='bbox 1057 649 1196 705; x_wconf 84' lang='grc' dir='ltr'><strong>κατά</strong></span> <span class='ocrx_word' id='word_1_43' title='bbox 1224 649 1324 717; x_wconf 73' lang='grc' dir='ltr'><strong>τῆς</strong></span> <span class='ocrx_word' id='word_1_44' title='bbox 1359 649 1550 706; x_wconf 75' lang='grc' dir='ltr'>ἑαυτοῦ</span> <span class='ocrx_word' id='word_1_45' title='bbox 1571 672 1742 730; x_wconf 87' lang='grc' dir='ltr'>γαμε-</span> 
     </span>
    </p>
   </div>
   <div class='ocr_carea' id='block_1_7' title="bbox 1932 636 3489 730">
    <p class='ocr_par' dir='ltr' id='par_1_7' title="bbox 1932 636 3489 722">
     <span class='ocr_line' id='line_1_7' title="bbox 1932 636 3489 722; baseline 0.003 -14"><span class='ocrx_word' id='word_1_46' title='bbox 1932 636 1979 709; x_wconf 65' lang='grc' dir='ltr'>ιζ</span> <span class='ocrx_word' id='word_1_47' title='bbox 1997 649 2112 722; x_wconf 86' lang='lat' dir='ltr'><strong>Qui</strong></span> <span class='ocrx_word' id='word_1_48' title='bbox 2144 648 2218 710; x_wconf 90' lang='lat' dir='ltr'><strong>ob</strong></span> <span class='ocrx_word' id='word_1_49' title='bbox 2247 647 2621 710; x_wconf 85' lang='lat' dir='ltr'><strong>iracundiam</strong></span> <span class='ocrx_word' id='word_1_50' title='bbox 2667 648 2863 709; x_wconf 89' lang='lat' dir='ltr'><strong>securi</strong></span> <span class='ocrx_word' id='word_1_51' title='bbox 2886 649 3180 712; x_wconf 87' lang='lat' dir='ltr'><strong>adversus</strong></span> <span class='ocrx_word' id='word_1_52' title='bbox 3217 661 3489 713; x_wconf 82' lang='lat' dir='ltr'><strong>uxorem‘</strong></span> 
     </span>
    </p>
   </div>
   <div class='ocr_carea' id='block_1_8' title="bbox 125 734 1682 818">
    <p class='ocr_par' dir='ltr' id='par_1_8' title="bbox 125 734 1682 818">
     <span class='ocr_line' id='line_1_8' title="bbox 125 734 1682 818; baseline 0.001 -25"><span class='ocrx_word' id='word_1_53' title='bbox 125 742 214 803; x_wconf 75' lang='grc' dir='ltr'><strong>τῆς</strong></span> <span class='ocrx_word' id='word_1_54' title='bbox 267 735 632 818; x_wconf 83' lang='grc' dir='ltr'>χρησάμενος,</span> <span class='ocrx_word' id='word_1_55' title='bbox 680 737 867 814; x_wconf 80' lang='grc' dir='ltr'>φονεύς</span> <span class='ocrx_word' id='word_1_56' title='bbox 906 736 1050 794; x_wconf 75' lang='grc' dir='ltr'>ἐστιν</span> <span class='ocrx_word' id='word_1_57' title='bbox 1084 753 1100 769; x_wconf 91' lang='grc'><strong>⁸</strong></span> <span class='ocrx_word' id='word_1_58' title='bbox 1153 736 1334 803; x_wconf 87' lang='grc' dir='ltr'>καλῶς</span> <span class='ocrx_word' id='word_1_59' title='bbox 1381 734 1440 795; x_wconf 75' lang='grc' dir='ltr'><strong>δέ</strong></span> <span class='ocrx_word' id='word_1_60' title='bbox 1498 761 1566 815; x_wconf 88' lang='grc' dir='ltr'><strong>με</strong></span> <span class='ocrx_word' id='word_1_61' title='bbox 1629 742 1682 796; x_wconf 77' lang='lat' dir='ltr'>6r</span> 
     </span>
    </p>
   </div>
   <div class='ocr_carea' id='block_1_9' title="bbox 1913 734 3470 818">
    <p class='ocr_par' dir='ltr' id='par_1_9' title="bbox 1913 737 3470 812">
     <span class='ocr_line' id='line_1_9' title="bbox 1913 737 3470 812; baseline 0.001 -13"><span class='ocrx_word' id='word_1_62' title='bbox 1913 755 1992 798; x_wconf 71' lang='lat' dir='ltr'><strong>im</strong></span> <span class='ocrx_word' id='word_1_63' title='bbox 2017 757 2167 799; x_wconf 90' lang='lat' dir='ltr'><strong>usus</strong></span> <span class='ocrx_word' id='word_1_64' title='bbox 2193 745 2306 812; x_wconf 86' lang='lat' dir='ltr'><strong>est,</strong></span> <span class='ocrx_word' id='word_1_65' title='bbox 2333 745 2424 798; x_wconf 87' lang='lat' dir='ltr'><strong>est</strong></span> <span class='ocrx_word' id='word_1_66' title='bbox 2450 737 2969 800; x_wconf 82' lang='lat' dir='ltr'><strong>bomicida.Recte</strong></span> <span class='ocrx_word' id='word_1_67' title='bbox 2995 745 3193 800; x_wconf 87' lang='lat' dir='ltr'><strong>autem</strong></span> <span class='ocrx_word' id='word_1_68' title='bbox 3229 757 3324 800; x_wconf 91' lang='lat' dir='ltr'><strong>me</strong></span> <span class='ocrx_word' id='word_1_69' title='bbox 3356 740 3470 801; x_wconf 92' lang='lat' dir='ltr'><strong>ad-</strong></span> 
     </span>
    </p>
   </div>
   <div class='ocr_carea' id='block_1_10' title="bbox 127 824 1684 908">
    <p class='ocr_par' dir='ltr' id='par_1_10' title="bbox 127 824 1684 908">
     <span class='ocr_line' id='line_1_10' title="bbox 127 824 1684 908; baseline 0.003 -26"><span class='ocrx_word' id='word_1_70' title='bbox 127 826 343 902; x_wconf 84' lang='grc' dir='ltr'>μένησας</span> <span class='ocrx_word' id='word_1_71' title='bbox 373 826 457 881; x_wconf 84' lang='grc' dir='ltr'><strong>καὶ</strong></span> <span class='ocrx_word' id='word_1_72' title='bbox 485 824 642 892; x_wconf 77' lang='grc' dir='ltr'>ἀξίως</span> <span class='ocrx_word' id='word_1_73' title='bbox 692 831 791 893; x_wconf 76' lang='grc' dir='ltr'><strong>τῆς</strong></span> <span class='ocrx_word' id='word_1_74' title='bbox 838 827 1028 883; x_wconf 76' lang='grc' dir='ltr'>ἑαυτοῦ</span> <span class='ocrx_word' id='word_1_75' title='bbox 1076 828 1360 908; x_wconf 80' lang='grc' dir='ltr'>συνέσεως,</span> <span class='ocrx_word' id='word_1_76' title='bbox 1413 832 1587 887; x_wconf 82' lang='grc' dir='ltr'>είπεῖν</span> <span class='ocrx_word' id='word_1_77' title='bbox 1619 852 1684 886; x_wconf 88' lang='grc' dir='ltr'><strong>πε</strong></span> 
     </span>
    </p>
   </div>
   <div class='ocr_carea' id='block_1_11' title="bbox 1910 824 3467 908">
    <p class='ocr_par' dir='ltr' id='par_1_11' title="bbox 1910 826 3467 905">
     <span class='ocr_line' id='line_1_11' title="bbox 1910 826 3467 905; baseline 0.006 -21"><span class='ocrx_word' id='word_1_78' title='bbox 1910 827 2199 899; x_wconf 75' lang='grc' dir='ltr'>ιηυίείί,θῐ</span> <span class='ocrx_word' id='word_1_79' title='bbox 2226 829 2311 888; x_wconf 92' lang='lat' dir='ltr'><strong>uti</strong></span> <span class='ocrx_word' id='word_1_80' title='bbox 2348 834 2504 887; x_wconf 90' lang='lat' dir='ltr'><strong>luam</strong></span> <span class='ocrx_word' id='word_1_81' title='bbox 2537 826 2893 905; x_wconf 80' lang='lat' dir='ltr'><strong>sapientiam</strong></span> <span class='ocrx_word' id='word_1_82' title='bbox 2926 828 3153 900; x_wconf 77' lang='lat' dir='ltr'><strong>decuit,</strong></span> <span class='ocrx_word' id='word_1_83' title='bbox 3185 835 3251 891; x_wconf 85' lang='lat' dir='ltr'><strong>ut</strong></span> <span class='ocrx_word' id='word_1_84' title='bbox 3280 828 3467 893; x_wconf 81' lang='lat' dir='ltr'><strong>fusius</strong></span> 
     </span>
    </p>
   </div>
   <div class='ocr_carea' id='block_1_12' title="bbox 124 913 1681 996">
    <p class='ocr_par' dir='ltr' id='par_1_12' title="bbox 124 913 1681 994">
     <span class='ocr_line' id='line_1_12' title="bbox 124 913 1681 994; baseline 0.002 -22"><span class='ocrx_word' id='word_1_85' title='bbox 124 916 306 972; x_wconf 84' lang='grc' dir='ltr'>τούτων</span> <span class='ocrx_word' id='word_1_86' title='bbox 363 914 689 994; x_wconf 74' lang='grc' dir='ltr'><strong>πλατύτερον</strong></span> <span class='ocrx_word' id='word_1_87' title='bbox 723 935 737 950; x_wconf 98' lang='grc'><strong>⁸</strong></span> <span class='ocrx_word' id='word_1_88' title='bbox 785 913 920 973; x_wconf 81' lang='grc' dir='ltr'><strong>διότι</strong></span> <span class='ocrx_word' id='word_1_89' title='bbox 952 915 1158 974; x_wconf 67' lang='grc' dir='ltr'>πολλαί</span> <span class='ocrx_word' id='word_1_90' title='bbox 1202 917 1257 973; x_wconf 82' lang='grc' dir='ltr'>ἐν</span> <span class='ocrx_word' id='word_1_91' title='bbox 1298 933 1418 983; x_wconf 88' lang='grc' dir='ltr'>τοῖς</span> <span class='ocrx_word' id='word_1_92' title='bbox 1474 920 1681 978; x_wconf 78' lang='grc' dir='ltr'>ἐκουσίο</span> 
     </span>
    </p>
   </div>
   <div class='ocr_carea' id='block_1_13' title="bbox 1912 913 3469 996">
    <p class='ocr_par' dir='ltr' id='par_1_13' title="bbox 1924 917 3469 996">
     <span class='ocr_line' id='line_1_13' title="bbox 1924 917 3469 996; baseline 0.001 -18"><span class='ocrx_word' id='word_1_93' title='bbox 1924 917 2020 979; x_wconf 89' lang='lat' dir='ltr'><strong>his</strong></span> <span class='ocrx_word' id='word_1_94' title='bbox 2051 917 2673 996; x_wconf 87' lang='lat' dir='ltr'><strong>dicerem,propterea</strong></span> <span class='ocrx_word' id='word_1_95' title='bbox 2705 919 2862 995; x_wconf 90' lang='lat' dir='ltr'><strong>quod</strong></span> <span class='ocrx_word' id='word_1_96' title='bbox 2890 918 3076 980; x_wconf 84' lang='lat' dir='ltr'><strong>multa</strong></span> <span class='ocrx_word' id='word_1_97' title='bbox 3099 920 3160 980; x_wconf 92' lang='lat' dir='ltr'><strong>in</strong></span> <span class='ocrx_word' id='word_1_98' title='bbox 3189 918 3469 980; x_wconf 83' lang='lat' dir='ltr'><strong>volunta-</strong></span> 
     </span>
    </p>
   </div>
   <div class='ocr_carea' id='block_1_14' title="bbox 125 1004 1682 1088">
    <p class='ocr_par' dir='ltr' id='par_1_14' title="bbox 125 1004 1682 1088">
     <span class='ocr_line' id='line_1_14' title="bbox 125 1004 1682 1088; baseline 0.004 -28"><span class='ocrx_word' id='word_1_99' title='bbox 125 1007 208 1060; x_wconf 88' lang='grc' dir='ltr'><strong>καί</strong></span> <span class='ocrx_word' id='word_1_100' title='bbox 262 1017 376 1069; x_wconf 78' lang='grc' dir='ltr'>τοῖς</span> <span class='ocrx_word' id='word_1_101' title='bbox 431 1004 699 1068; x_wconf 86' lang='grc' dir='ltr'>ἀκουσίοις</span> <span class='ocrx_word' id='word_1_102' title='bbox 743 1005 985 1086; x_wconf 72' lang='grc' dir='ltr'>διαφοραί</span> <span class='ocrx_word' id='word_1_103' title='bbox 1019 1025 1033 1040; x_wconf 93' lang='grc'><strong>⁸</strong></span> <span class='ocrx_word' id='word_1_104' title='bbox 1070 1007 1322 1065; x_wconf 86' lang='grc' dir='ltr'>ἀκούσιον</span> <span class='ocrx_word' id='word_1_105' title='bbox 1365 1010 1460 1084; x_wconf 78' lang='grc' dir='ltr'>μὲν</span> <span class='ocrx_word' id='word_1_106' title='bbox 1492 1010 1593 1088; x_wconf 82' lang='grc' dir='ltr'><strong>γάρ</strong></span> <span class='ocrx_word' id='word_1_107' title='bbox 1625 1009 1682 1067; x_wconf 79' lang='grc' dir='ltr'>ἐσ</span> 
     </span>
    </p>
   </div>
   <div class='ocr_carea' id='block_1_15' title="bbox 1912 1004 3469 1088">
    <p class='ocr_par' dir='ltr' id='par_1_15' title="bbox 1912 1005 3469 1070">
     <span class='ocr_line' id='line_1_15' title="bbox 1912 1005 3469 1070; baseline 0.001 -2"><span class='ocrx_word' id='word_1_108' title='bbox 1912 1025 1926 1068; x_wconf 74' lang='lat'><strong>5</strong></span> <span class='ocrx_word' id='word_1_109' title='bbox 1958 1015 2016 1069; x_wconf 90' lang='lat' dir='ltr'><strong>et</strong></span> <span class='ocrx_word' id='word_1_110' title='bbox 2037 1006 2458 1069; x_wconf 89' lang='lat' dir='ltr'><strong>involuntariis</strong></span> <span class='ocrx_word' id='word_1_111' title='bbox 2489 1005 2983 1068; x_wconf 88' lang='lat' dir='ltr'><strong>discrimina.Est</strong></span> <span class='ocrx_word' id='word_1_112' title='bbox 3001 1007 3161 1068; x_wconf 91' lang='lat' dir='ltr'><strong>enim</strong></span> <span class='ocrx_word' id='word_1_113' title='bbox 3187 1007 3469 1070; x_wconf 91' lang='lat' dir='ltr'><strong>involun-</strong></span> 
     </span>
    </p>
   </div>
   <div class='ocr_carea' id='block_1_16' title="bbox 121 1093 1678 1179">
    <p class='ocr_par' dir='ltr' id='par_1_16' title="bbox 121 1093 1678 1176">
     <span class='ocr_line' id='line_1_16' title="bbox 121 1093 1678 1176; baseline 0.003 -26"><span class='ocrx_word' id='word_1_114' title='bbox 121 1093 376 1157; x_wconf 76' lang='grc' dir='ltr'><strong>παντελῶς</strong></span> <span class='ocrx_word' id='word_1_115' title='bbox 433 1097 521 1152; x_wconf 88' lang='grc' dir='ltr'><strong>καὶ</strong></span> <span class='ocrx_word' id='word_1_116' title='bbox 565 1096 743 1174; x_wconf 81' lang='grc' dir='ltr'><strong>πόρρω</strong></span> <span class='ocrx_word' id='word_1_117' title='bbox 787 1105 880 1155; x_wconf 80' lang='grc' dir='ltr'>τοῦ</span> <span class='ocrx_word' id='word_1_118' title='bbox 929 1095 1312 1176; x_wconf 75' lang='grc' dir='ltr'><strong>κατάρξαντος,</strong></span> <span class='ocrx_word' id='word_1_119' title='bbox 1345 1099 1405 1156; x_wconf 86' lang='grc' dir='ltr'><strong>τὸ</strong></span> <span class='ocrx_word' id='word_1_120' title='bbox 1461 1100 1678 1157; x_wconf 85' lang='grc' dir='ltr'>ἀκοντίσ</span> 
     </span>
    </p>
   </div>
   <div class='ocr_carea' id='block_1_17' title="bbox 1908 1093 3465 1179">
    <p class='ocr_par' dir='ltr' id='par_1_17' title="bbox 1908 1095 3465 1179">
     <span class='ocr_line' id='line_1_17' title="bbox 1908 1095 3465 1179; baseline 0.001 -21"><span class='ocrx_word' id='word_1_121' title='bbox 1908 1097 2037 1158; x_wconf 83' lang='lat' dir='ltr'><strong>ium</strong></span> <span class='ocrx_word' id='word_1_122' title='bbox 2059 1096 2400 1176; x_wconf 89' lang='lat' dir='ltr'><strong>omnino,et</strong></span> <span class='ocrx_word' id='word_1_123' title='bbox 2420 1095 2598 1174; x_wconf 85' lang='lat' dir='ltr'><strong>longe</strong></span> <span class='ocrx_word' id='word_1_124' title='bbox 2621 1115 2655 1156; x_wconf 95' lang='lat' dir='ltr'><strong>a</strong></span> <span class='ocrx_word' id='word_1_125' title='bbox 2677 1095 2928 1157; x_wconf 89' lang='lat' dir='ltr'><strong>consilio</strong></span> <span class='ocrx_word' id='word_1_126' title='bbox 2953 1099 3084 1177; x_wconf 83' lang='lat' dir='ltr'><strong>ejus</strong></span> <span class='ocrx_word' id='word_1_127' title='bbox 3101 1101 3201 1179; x_wconf 87' lang='lat' dir='ltr'><strong>qui</strong></span> <span class='ocrx_word' id='word_1_128' title='bbox 3217 1098 3465 1179; x_wconf 82' lang='lat' dir='ltr'><strong>incepit,</strong></span> 
     </span>
    </p>
   </div>
   <div class='ocr_carea' id='block_1_18' title="bbox 121 1183 1678 1270">
    <p class='ocr_par' dir='ltr' id='par_1_18' title="bbox 121 1183 1678 1270">
     <span class='ocr_line' id='line_1_18' title="bbox 121 1183 1678 1270; baseline 0.004 -32"><span class='ocrx_word' id='word_1_129' title='bbox 121 1183 246 1240; x_wconf 86' lang='grc' dir='ltr'>λίθον</span> <span class='ocrx_word' id='word_1_130' title='bbox 300 1185 384 1240; x_wconf 72' lang='grc' dir='ltr'><strong>ἒπὶ</strong></span> <span class='ocrx_word' id='word_1_131' title='bbox 440 1184 570 1241; x_wconf 90' lang='grc' dir='ltr'>κύνα</span> <span class='ocrx_word' id='word_1_132' title='bbox 613 1185 648 1253; x_wconf 73' lang='grc' dir='ltr'>ἢ</span> <span class='ocrx_word' id='word_1_133' title='bbox 712 1183 946 1265; x_wconf 79' lang='grc' dir='ltr'>δένδρον,</span> <span class='ocrx_word' id='word_1_134' title='bbox 1008 1188 1098 1243; x_wconf 85' lang='grc' dir='ltr'><strong>καὶ</strong></span> <span class='ocrx_word' id='word_1_135' title='bbox 1155 1187 1430 1267; x_wconf 84' lang='grc' dir='ltr'>ἀνθρώπου</span> <span class='ocrx_word' id='word_1_136' title='bbox 1487 1203 1678 1270; x_wconf 78' lang='grc' dir='ltr'>τυχεῖν</span> 
     </span>
    </p>
   </div>
   <div class='ocr_carea' id='block_1_19' title="bbox 1910 1183 3467 1270">
    <p class='ocr_par' dir='ltr' id='par_1_19' title="bbox 1910 1185 3467 1266">
     <span class='ocr_line' id='line_1_19' title="bbox 1910 1185 3467 1266; baseline 0.001 -18"><span class='ocrx_word' id='word_1_137' title='bbox 1910 1185 2295 1260; x_wconf 88' lang='lat' dir='ltr'><strong>notum,dum</strong></span> <span class='ocrx_word' id='word_1_138' title='bbox 2322 1185 2718 1265; x_wconf 89' lang='lat' dir='ltr'><strong>lapisjacitur</strong></span> <span class='ocrx_word' id='word_1_139' title='bbox 2740 1187 2797 1247; x_wconf 92' lang='lat' dir='ltr'><strong>in</strong></span> <span class='ocrx_word' id='word_1_140' title='bbox 2823 1205 3030 1249; x_wconf 90' lang='lat' dir='ltr'><strong>canem</strong></span> <span class='ocrx_word' id='word_1_141' title='bbox 3047 1198 3146 1250; x_wconf 86' lang='lat' dir='ltr'><strong>aut</strong></span> <span class='ocrx_word' id='word_1_142' title='bbox 3165 1187 3467 1266; x_wconf 84' lang='lat' dir='ltr'><strong>arborem,</strong></span> 
     </span>
    </p>
   </div>
   <div class='ocr_carea' id='block_1_20' title="bbox 121 1274 1678 1360">
    <p class='ocr_par' dir='ltr' id='par_1_20' title="bbox 121 1274 1678 1360">
     <span class='ocr_line' id='line_1_20' title="bbox 121 1274 1678 1360; baseline 0.006 -33"><span class='ocrx_word' id='word_1_143' title='bbox 121 1275 151 1340; x_wconf 85' lang='grc' dir='ltr'><strong>ἡ</strong></span> <span class='ocrx_word' id='word_1_144' title='bbox 178 1274 268 1345; x_wconf 75' lang='grc' dir='ltr'>μὲν</span> <span class='ocrx_word' id='word_1_145' title='bbox 297 1275 394 1352; x_wconf 78' lang='grc' dir='ltr'>γὰρ</span> <span class='ocrx_word' id='word_1_146' title='bbox 439 1274 580 1351; x_wconf 79' lang='grc' dir='ltr'>ὁρμὴ</span> <span class='ocrx_word' id='word_1_147' title='bbox 607 1278 674 1342; x_wconf 78' lang='grc' dir='ltr'>ἦν</span> <span class='ocrx_word' id='word_1_148' title='bbox 705 1275 768 1331; x_wconf 81' lang='grc' dir='ltr'><strong>τὸ</strong></span> <span class='ocrx_word' id='word_1_149' title='bbox 799 1276 980 1353; x_wconf 78' lang='grc' dir='ltr'>θηρίον</span> <span class='ocrx_word' id='word_1_150' title='bbox 1030 1277 1353 1360; x_wconf 84' lang='grc' dir='ltr'>ἀμύνασθαι,</span> <span class='ocrx_word' id='word_1_151' title='bbox 1398 1280 1433 1348; x_wconf 74' lang='grc' dir='ltr'><strong>ἢ</strong></span> <span class='ocrx_word' id='word_1_152' title='bbox 1476 1282 1569 1336; x_wconf 83' lang='grc' dir='ltr'>τὸν</span> <span class='ocrx_word' id='word_1_153' title='bbox 1603 1302 1678 1358; x_wconf 75' lang='grc' dir='ltr'>και</span> 
     </span>
    </p>
   </div>
   <div class='ocr_carea' id='block_1_21' title="bbox 1910 1274 3467 1360">
    <p class='ocr_par' dir='ltr' id='par_1_21' title="bbox 1910 1275 3467 1355">
     <span class='ocr_line' id='line_1_21' title="bbox 1910 1275 3467 1355; baseline 0.001 -17"><span class='ocrx_word' id='word_1_154' title='bbox 1910 1280 2128 1339; x_wconf 85' lang='lat' dir='ltr'><strong>minem</strong></span> <span class='ocrx_word' id='word_1_155' title='bbox 2161 1275 2870 1355; x_wconf 82' lang='lat' dir='ltr'><strong>attingere.Propositum</strong></span> <span class='ocrx_word' id='word_1_156' title='bbox 2901 1278 3059 1340; x_wconf 92' lang='lat' dir='ltr'><strong>enim</strong></span> <span class='ocrx_word' id='word_1_157' title='bbox 3085 1279 3194 1340; x_wconf 79' lang='lat' dir='ltr'><strong>fuit</strong></span> <span class='ocrx_word' id='word_1_158' title='bbox 3214 1279 3467 1340; x_wconf 88' lang='lat' dir='ltr'><strong>bestiam</strong></span> 
     </span>
    </p>
   </div>
   <div class='ocr_carea' id='block_1_22' title="bbox 122 1362 1679 1447">
    <p class='ocr_par' dir='ltr' id='par_1_22' title="bbox 122 1362 1679 1446">
     <span class='ocr_line' id='line_1_22' title="bbox 122 1362 1679 1446; baseline 0.006 -29"><span class='ocrx_word' id='word_1_159' title='bbox 122 1363 210 1417; x_wconf 77' lang='grc' dir='ltr'>πὸν</span> <span class='ocrx_word' id='word_1_160' title='bbox 251 1376 567 1419; x_wconf 85' lang='grc' dir='ltr'>κατασεῖσαι</span> <span class='ocrx_word' id='word_1_161' title='bbox 605 1379 618 1394; x_wconf 87' lang='grc'><strong>⁸</strong></span> <span class='ocrx_word' id='word_1_162' title='bbox 695 1362 869 1431; x_wconf 79' lang='grc' dir='ltr'>ὑπέϐη</span> <span class='ocrx_word' id='word_1_163' title='bbox 929 1362 984 1420; x_wconf 82' lang='grc' dir='ltr'><strong>δὲ</strong></span> <span class='ocrx_word' id='word_1_164' title='bbox 1037 1367 1358 1442; x_wconf 73' lang='grc' dir='ltr'>αὐτομάτως</span> <span class='ocrx_word' id='word_1_165' title='bbox 1412 1375 1480 1446; x_wconf 78' lang='grc' dir='ltr'><strong>τῇ</strong></span> <span class='ocrx_word' id='word_1_166' title='bbox 1549 1369 1679 1436; x_wconf 82' lang='grc' dir='ltr'>πλη·</span> 
     </span>
    </p>
   </div>
   <div class='ocr_carea' id='block_1_23' title="bbox 1910 1362 3467 1447">
    <p class='ocr_par' dir='ltr' id='par_1_23' title="bbox 1910 1366 3467 1445">
     <span class='ocr_line' id='line_1_23' title="bbox 1910 1366 3467 1445; baseline 0.001 -17"><span class='ocrx_word' id='word_1_167' title='bbox 1910 1366 2179 1445; x_wconf 76' lang='lat' dir='ltr'><strong>)pulsare</strong></span> <span class='ocrx_word' id='word_1_168' title='bbox 2210 1373 2312 1426; x_wconf 86' lang='lat' dir='ltr'><strong>aut</strong></span> <span class='ocrx_word' id='word_1_169' title='bbox 2337 1367 2600 1427; x_wconf 79' lang='lat' dir='ltr'><strong>fructum</strong></span> <span class='ocrx_word' id='word_1_170' title='bbox 2636 1375 2923 1430; x_wconf 82' lang='lat' dir='ltr'><strong>excutere</strong></span> <span class='ocrx_word' id='word_1_171' title='bbox 2950 1390 2963 1427; x_wconf 89' lang='lat'><strong>:</strong></span> <span class='ocrx_word' id='word_1_172' title='bbox 2993 1369 3099 1430; x_wconf 88' lang='lat' dir='ltr'><strong>sed</strong></span> <span class='ocrx_word' id='word_1_173' title='bbox 3125 1369 3309 1430; x_wconf 89' lang='lat' dir='ltr'><strong>ictum</strong></span> <span class='ocrx_word' id='word_1_174' title='bbox 3340 1368 3467 1429; x_wconf 82' lang='lat' dir='ltr'><strong>for-</strong></span> 
     </span>
    </p>
   </div>
   <div class='ocr_carea' id='block_1_24' title="bbox 121 1450 1678 1539">
    <p class='ocr_par' dir='ltr' id='par_1_24' title="bbox 121 1450 1678 1531">
     <span class='ocr_line' id='line_1_24' title="bbox 121 1450 1678 1531; baseline 0.006 -24"><span class='ocrx_word' id='word_1_175' title='bbox 121 1452 244 1508; x_wconf 79' lang='grc' dir='ltr'>κατὰ</span> <span class='ocrx_word' id='word_1_176' title='bbox 306 1450 535 1530; x_wconf 79' lang='grc' dir='ltr'>πάροδον</span> <span class='ocrx_word' id='word_1_177' title='bbox 622 1456 649 1509; x_wconf 98' lang='lat'><strong>6</strong></span> <span class='ocrx_word' id='word_1_178' title='bbox 719 1455 1046 1531; x_wconf 76' lang='grc' dir='ltr'>παραπεσὼν</span> <span class='ocrx_word' id='word_1_179' title='bbox 1080 1470 1094 1486; x_wconf 89' lang='grc'><strong>⁸</strong></span> <span class='ocrx_word' id='word_1_180' title='bbox 1178 1457 1316 1514; x_wconf 82' lang='grc' dir='ltr'>ὥστε</span> <span class='ocrx_word' id='word_1_181' title='bbox 1376 1459 1438 1514; x_wconf 78' lang='grc' dir='ltr'>τὸ</span> <span class='ocrx_word' id='word_1_182' title='bbox 1493 1466 1678 1517; x_wconf 58' lang='grc' dir='ltr'>τοιοῠτι</span> 
     </span>
    </p>
   </div>
   <div class='ocr_carea' id='block_1_25' title="bbox 1914 1450 3471 1539">
    <p class='ocr_par' dir='ltr' id='par_1_25' title="bbox 1915 1454 3471 1539">
     <span class='ocr_line' id='line_1_25' title="bbox 1915 1454 3471 1539; baseline 0.001 -23"><span class='ocrx_word' id='word_1_183' title='bbox 1915 1463 1970 1516; x_wconf 93' lang='lat' dir='ltr'><strong>to</strong></span> <span class='ocrx_word' id='word_1_184' title='bbox 2003 1455 2188 1517; x_wconf 88' lang='lat' dir='ltr'><strong>subiit</strong></span> <span class='ocrx_word' id='word_1_185' title='bbox 2223 1455 2326 1536; x_wconf 87' lang='lat' dir='ltr'><strong>qui</strong></span> <span class='ocrx_word' id='word_1_186' title='bbox 2360 1454 2658 1517; x_wconf 89' lang='lat' dir='ltr'><strong>transiens</strong></span> <span class='ocrx_word' id='word_1_187' title='bbox 2689 1458 2978 1532; x_wconf 89' lang='lat' dir='ltr'><strong>occurrit,</strong></span> <span class='ocrx_word' id='word_1_188' title='bbox 3013 1476 3197 1539; x_wconf 88' lang='lat' dir='ltr'><strong>quare</strong></span> <span class='ocrx_word' id='word_1_189' title='bbox 3228 1459 3342 1520; x_wconf 88' lang='lat' dir='ltr'><strong>hoc</strong></span> <span class='ocrx_word' id='word_1_190' title='bbox 3372 1457 3471 1518; x_wconf 73' lang='lat' dir='ltr'><strong>inu</strong></span> 
     </span>
    </p>
   </div>
   <div class='ocr_carea' id='block_1_26' title="bbox 120 1540 1677 1628">
    <p class='ocr_par' dir='ltr' id='par_1_26' title="bbox 120 1540 1671 1624">
     <span class='ocr_line' id='line_1_26' title="bbox 120 1540 1671 1624; baseline 0.006 -29"><span class='ocrx_word' id='word_1_191' title='bbox 120 1540 350 1598; x_wconf 69' lang='grc' dir='ltr'>ἀκούσιον</span> <span class='ocrx_word' id='word_1_192' title='bbox 384 1559 397 1574; x_wconf 90' lang='grc'><strong>⁸</strong></span> <span class='ocrx_word' id='word_1_193' title='bbox 461 1542 709 1599; x_wconf 85' lang='grc' dir='ltr'>ἀκούσιον</span> <span class='ocrx_word' id='word_1_194' title='bbox 777 1543 988 1618; x_wconf 82' lang='grc' dir='ltr'>μέντοι,</span> <span class='ocrx_word' id='word_1_195' title='bbox 1039 1546 1126 1602; x_wconf 83' lang='grc' dir='ltr'><strong>καὶ</strong></span> <span class='ocrx_word' id='word_1_196' title='bbox 1170 1546 1223 1601; x_wconf 71' lang='grc' dir='ltr'><strong>εἴ</strong></span> <span class='ocrx_word' id='word_1_197' title='bbox 1267 1569 1348 1611; x_wconf 87' lang='grc' dir='ltr'><strong>τις</strong></span> <span class='ocrx_word' id='word_1_198' title='bbox 1407 1547 1671 1624; x_wconf 88' lang='grc' dir='ltr'>βουλόμεν</span> 
     </span>
    </p>
   </div>
   <div class='ocr_carea' id='block_1_27' title="bbox 1909 1540 3466 1628">
    <p class='ocr_par' dir='ltr' id='par_1_27' title="bbox 1909 1544 3466 1628">
     <span class='ocr_line' id='line_1_27' title="bbox 1909 1544 3466 1628; baseline 0.001 -23"><span class='ocrx_word' id='word_1_199' title='bbox 1909 1545 2223 1606; x_wconf 81' lang='lat' dir='ltr'><strong>iuntarinm</strong></span> <span class='ocrx_word' id='word_1_200' title='bbox 2275 1553 2386 1606; x_wconf 89' lang='lat' dir='ltr'><strong>est.</strong></span> <span class='ocrx_word' id='word_1_201' title='bbox 2442 1545 2517 1606; x_wconf 88' lang='lat' dir='ltr'><strong>Et</strong></span> <span class='ocrx_word' id='word_1_202' title='bbox 2547 1544 2694 1607; x_wconf 90' lang='lat' dir='ltr'><strong>illud</strong></span> <span class='ocrx_word' id='word_1_203' title='bbox 2730 1563 2973 1628; x_wconf 89' lang='lat' dir='ltr'><strong>quoque</strong></span> <span class='ocrx_word' id='word_1_204' title='bbox 3003 1546 3466 1608; x_wconf 88' lang='lat' dir='ltr'><strong>involuntarium</strong></span> 
     </span>
    </p>
   </div>
   <div class='ocr_carea' id='block_1_28' title="bbox 121 1629 1678 1716">
    <p class='ocr_par' dir='ltr' id='par_1_28' title="bbox 121 1629 1678 1716">
     <span class='ocr_line' id='line_1_28' title="bbox 121 1629 1678 1716; baseline 0.004 -30"><span class='ocrx_word' id='word_1_205' title='bbox 121 1629 411 1708; x_wconf 71' lang='grc' dir='ltr'>ἐπιστρέψαι</span> <span class='ocrx_word' id='word_1_206' title='bbox 446 1634 592 1712; x_wconf 81' lang='grc' dir='ltr'>τινὰ,</span> <span class='ocrx_word' id='word_1_207' title='bbox 625 1632 806 1708; x_wconf 68' lang='grc' dir='ltr'>ἱμάντι</span> <span class='ocrx_word' id='word_1_208' title='bbox 837 1633 873 1701; x_wconf 76' lang='grc' dir='ltr'>ἢ</span> <span class='ocrx_word' id='word_1_209' title='bbox 919 1633 1092 1711; x_wconf 74' lang='grc' dir='ltr'>ῥάϐδῳ</span> <span class='ocrx_word' id='word_1_210' title='bbox 1133 1637 1210 1711; x_wconf 72' lang='grc' dir='ltr'>μὴ</span> <span class='ocrx_word' id='word_1_211' title='bbox 1241 1635 1488 1716; x_wconf 78' lang='grc' dir='ltr'>σκληρῶς</span> <span class='ocrx_word' id='word_1_212' title='bbox 1519 1639 1678 1696; x_wconf 71' lang='grc' dir='ltr'>τύπτε</span> 
     </span>
    </p>
   </div>
   <div class='ocr_carea' id='block_1_29' title="bbox 1914 1629 3471 1716">
    <p class='ocr_par' dir='ltr' id='par_1_29' title="bbox 1917 1633 3471 1716">
     <span class='ocr_line' id='line_1_29' title="bbox 1917 1633 3471 1716; baseline 0.001 -21"><span class='ocrx_word' id='word_1_213' title='bbox 1917 1634 1989 1708; x_wconf 90' lang='lat' dir='ltr'><strong>,si</strong></span> <span class='ocrx_word' id='word_1_214' title='bbox 2013 1634 2150 1716; x_wconf 88' lang='lat' dir='ltr'><strong>quis</strong></span> <span class='ocrx_word' id='word_1_215' title='bbox 2169 1633 2376 1696; x_wconf 91' lang='lat' dir='ltr'><strong>volens</strong></span> <span class='ocrx_word' id='word_1_216' title='bbox 2397 1633 2660 1714; x_wconf 84' lang='lat' dir='ltr'><strong>aliquem</strong></span> <span class='ocrx_word' id='word_1_217' title='bbox 2684 1635 2997 1714; x_wconf 74' lang='lat' dir='ltr'><strong>castigare,</strong></span> <span class='ocrx_word' id='word_1_218' title='bbox 3022 1637 3152 1698; x_wconf 92' lang='lat' dir='ltr'><strong>loro</strong></span> <span class='ocrx_word' id='word_1_219' title='bbox 3181 1636 3272 1696; x_wconf 89' lang='lat' dir='ltr'><strong>vel</strong></span> <span class='ocrx_word' id='word_1_220' title='bbox 3303 1641 3471 1713; x_wconf 79' lang='lat' dir='ltr'><strong>virga</strong></span> 
     </span>
    </p>
   </div>
   <div class='ocr_carea' id='block_1_30' title="bbox 121 1720 1678 1806">
    <p class='ocr_par' dir='ltr' id='par_1_30' title="bbox 121 1720 1678 1806">
     <span class='ocr_line' id='line_1_30' title="bbox 121 1720 1678 1806; baseline 0.006 -31"><span class='ocrx_word' id='word_1_221' title='bbox 121 1720 350 1778; x_wconf 77' lang='grc' dir='ltr'>ἀποθάνοι</span> <span class='ocrx_word' id='word_1_222' title='bbox 408 1721 463 1778; x_wconf 81' lang='grc' dir='ltr'><strong>δὲ</strong></span> <span class='ocrx_word' id='word_1_223' title='bbox 524 1725 551 1778; x_wconf 92' lang='lat'><strong>6</strong></span> <span class='ocrx_word' id='word_1_224' title='bbox 626 1726 958 1797; x_wconf 71' lang='grc' dir='ltr'>τυπτόμενος</span> <span class='ocrx_word' id='word_1_225' title='bbox 993 1743 1008 1760; x_wconf 91' lang='grc'><strong>⁸</strong></span> <span class='ocrx_word' id='word_1_226' title='bbox 1089 1728 1124 1794; x_wconf 75' lang='grc' dir='ltr'>ἡ</span> <span class='ocrx_word' id='word_1_227' title='bbox 1183 1727 1282 1804; x_wconf 68' lang='grc' dir='ltr'><strong>γὰρ</strong></span> <span class='ocrx_word' id='word_1_228' title='bbox 1336 1728 1582 1806; x_wconf 74' lang='grc' dir='ltr'>πρόθεσις</span> <span class='ocrx_word' id='word_1_229' title='bbox 1643 1729 1678 1784; x_wconf 64' lang='grc' dir='ltr'><strong>ἐπ</strong></span> 
     </span>
    </p>
   </div>
   <div class='ocr_carea' id='block_1_31' title="bbox 1915 1720 3472 1806">
    <p class='ocr_par' dir='ltr' id='par_1_31' title="bbox 1915 1723 3472 1804">
     <span class='ocr_line' id='line_1_31' title="bbox 1915 1723 3472 1804; baseline 0.001 -19"><span class='ocrx_word' id='word_1_230' title='bbox 1915 1743 1939 1785; x_wconf 69' lang='grc' dir='ltr'>[ι</span> <span class='ocrx_word' id='word_1_231' title='bbox 1969 1724 2120 1784; x_wconf 88' lang='lat' dir='ltr'><strong>dura</strong></span> <span class='ocrx_word' id='word_1_232' title='bbox 2152 1741 2287 1784; x_wconf 92' lang='lat' dir='ltr'><strong>eum</strong></span> <span class='ocrx_word' id='word_1_233' title='bbox 2323 1723 2643 1803; x_wconf 82' lang='lat' dir='ltr'><strong>percutiat,</strong></span> <span class='ocrx_word' id='word_1_234' title='bbox 2669 1726 2957 1786; x_wconf 87' lang='lat' dir='ltr'><strong>moriatur</strong></span> <span class='ocrx_word' id='word_1_235' title='bbox 2979 1733 3176 1787; x_wconf 89' lang='lat' dir='ltr'><strong>autem</strong></span> <span class='ocrx_word' id='word_1_236' title='bbox 3203 1724 3303 1802; x_wconf 88' lang='lat' dir='ltr'><strong>qui</strong></span> <span class='ocrx_word' id='word_1_237' title='bbox 3327 1742 3472 1804; x_wconf 86' lang='lat' dir='ltr'><strong>per-</strong></span> 
     </span>
    </p>
   </div>
   <div class='ocr_carea' id='block_1_32' title="bbox 121 1812 1678 1894">
    <p class='ocr_par' dir='ltr' id='par_1_32' title="bbox 121 1812 1678 1894">
     <span class='ocr_line' id='line_1_32' title="bbox 121 1812 1678 1894; baseline 0.006 -29"><span class='ocrx_word' id='word_1_238' title='bbox 121 1813 264 1866; x_wconf 73' lang='grc' dir='ltr'>ταῦθα</span> <span class='ocrx_word' id='word_1_239' title='bbox 304 1826 615 1886; x_wconf 83' lang='grc' dir='ltr'>σκοπεῖται,</span> <span class='ocrx_word' id='word_1_240' title='bbox 651 1813 730 1868; x_wconf 80' lang='grc' dir='ltr'><strong>ὅτι</strong></span> <span class='ocrx_word' id='word_1_241' title='bbox 781 1812 1071 1889; x_wconf 85' lang='grc' dir='ltr'>βελτιῶσαι</span> <span class='ocrx_word' id='word_1_242' title='bbox 1124 1815 1384 1882; x_wconf 70' lang='grc' dir='ltr'>ἠϐούλετο</span> <span class='ocrx_word' id='word_1_243' title='bbox 1431 1820 1524 1874; x_wconf 68' lang='grc' dir='ltr'><strong>τὸν</strong></span> <span class='ocrx_word' id='word_1_244' title='bbox 1555 1819 1678 1894; x_wconf 71' lang='grc' dir='ltr'>ἁμαε</span> 
     </span>
    </p>
   </div>
   <div class='ocr_carea' id='block_1_33' title="bbox 1908 1812 3465 1894">
    <p class='ocr_par' dir='ltr' id='par_1_33' title="bbox 1908 1813 3465 1894">
     <span class='ocr_line' id='line_1_33' title="bbox 1908 1813 3465 1894; baseline 0 -20"><span class='ocrx_word' id='word_1_245' title='bbox 1908 1831 2029 1875; x_wconf 76' lang='lat' dir='ltr'><strong>ssus</strong></span> <span class='ocrx_word' id='word_1_246' title='bbox 2058 1823 2174 1876; x_wconf 89' lang='lat' dir='ltr'><strong>est.</strong></span> <span class='ocrx_word' id='word_1_247' title='bbox 2207 1815 2339 1873; x_wconf 71' lang='lat'><strong>431</strong></span> <span class='ocrx_word' id='word_1_248' title='bbox 2379 1814 2755 1894; x_wconf 87' lang='lat' dir='ltr'><strong>Propositum</strong></span> <span class='ocrx_word' id='word_1_249' title='bbox 2791 1815 2949 1876; x_wconf 89' lang='lat' dir='ltr'><strong>enim</strong></span> <span class='ocrx_word' id='word_1_250' title='bbox 2983 1815 3083 1876; x_wconf 89' lang='lat' dir='ltr'><strong>hic</strong></span> <span class='ocrx_word' id='word_1_251' title='bbox 3114 1813 3465 1876; x_wconf 84' lang='lat' dir='ltr'><strong>considera-</strong></span> 
     </span>
    </p>
   </div>
   <div class='ocr_carea' id='block_1_34' title="bbox 119 1901 1676 1983">
    <p class='ocr_par' dir='ltr' id='par_1_34' title="bbox 119 1901 1676 1974">
     <span class='ocr_line' id='line_1_34' title="bbox 119 1901 1676 1974; baseline 0.006 -21"><span class='ocrx_word' id='word_1_252' title='bbox 119 1901 348 1974; x_wconf 76' lang='grc' dir='ltr'>τάνοντα,</span> <span class='ocrx_word' id='word_1_253' title='bbox 395 1905 495 1960; x_wconf 72' lang='grc' dir='ltr'><strong>οὐκ</strong></span> <span class='ocrx_word' id='word_1_254' title='bbox 536 1901 750 1958; x_wconf 78' lang='grc' dir='ltr'>ἀνελεῖν</span> <span class='ocrx_word' id='word_1_255' title='bbox 786 1918 800 1934; x_wconf 97' lang='grc'><strong>⁸</strong></span> <span class='ocrx_word' id='word_1_256' title='bbox 853 1904 908 1958; x_wconf 80' lang='grc' dir='ltr'>ἒν</span> <span class='ocrx_word' id='word_1_257' title='bbox 958 1917 1076 1969; x_wconf 87' lang='grc' dir='ltr'>τοῖς</span> <span class='ocrx_word' id='word_1_258' title='bbox 1135 1905 1402 1967; x_wconf 83' lang='grc' dir='ltr'>ἀκουσίοις</span> <span class='ocrx_word' id='word_1_259' title='bbox 1460 1908 1569 1964; x_wconf 80' lang='grc' dir='ltr'>ἐστὶ</span> <span class='ocrx_word' id='word_1_260' title='bbox 1630 1931 1676 1964; x_wconf 87' lang='grc' dir='ltr'>κ‹</span> 
     </span>
    </p>
   </div>
   <div class='ocr_carea' id='block_1_35' title="bbox 1914 1901 3471 1983">
    <p class='ocr_par' dir='ltr' id='par_1_35' title="bbox 1914 1901 3471 1983">
     <span class='ocr_line' id='line_1_35' title="bbox 1914 1901 3471 1983; baseline 0 -19"><span class='ocrx_word' id='word_1_261' title='bbox 1914 1923 1938 1977; x_wconf 67' lang='grc' dir='ltr'><strong>ι,</strong></span> <span class='ocrx_word' id='word_1_262' title='bbox 1971 1903 2110 1983; x_wconf 88' lang='lat' dir='ltr'><strong>quia</strong></span> <span class='ocrx_word' id='word_1_263' title='bbox 2141 1911 2491 1982; x_wconf 89' lang='lat' dir='ltr'><strong>peccantem</strong></span> <span class='ocrx_word' id='word_1_264' title='bbox 2526 1905 2836 1983; x_wconf 86' lang='lat' dir='ltr'><strong>corrigere</strong></span> <span class='ocrx_word' id='word_1_265' title='bbox 2863 1902 3073 1979; x_wconf 90' lang='lat' dir='ltr'><strong>voluit,</strong></span> <span class='ocrx_word' id='word_1_266' title='bbox 3109 1922 3230 1965; x_wconf 90' lang='lat' dir='ltr'><strong>non</strong></span> <span class='ocrx_word' id='word_1_267' title='bbox 3264 1901 3471 1964; x_wconf 84' lang='lat' dir='ltr'><strong>interi-</strong></span> 
     </span>
    </p>
   </div>
   <div class='ocr_carea' id='block_1_36' title="bbox 120 1991 1677 2077">
    <p class='ocr_par' dir='ltr' id='par_1_36' title="bbox 120 1991 1677 2077">
     <span class='ocr_line' id='line_1_36' title="bbox 120 1991 1677 2077; baseline 0.006 -33"><span class='ocrx_word' id='word_1_268' title='bbox 120 2002 278 2067; x_wconf 83' lang='grc' dir='ltr'>κεῖνο,</span> <span class='ocrx_word' id='word_1_269' title='bbox 309 1991 368 2046; x_wconf 77' lang='grc' dir='ltr'>τὸ</span> <span class='ocrx_word' id='word_1_270' title='bbox 425 1991 764 2065; x_wconf 78' lang='grc' dir='ltr'>ἀμυνόμενόν</span> <span class='ocrx_word' id='word_1_271' title='bbox 821 2014 941 2049; x_wconf 87' lang='grc' dir='ltr'>τινα</span> <span class='ocrx_word' id='word_1_272' title='bbox 983 1991 1039 2047; x_wconf 74' lang='grc' dir='ltr'>ἐν</span> <span class='ocrx_word' id='word_1_273' title='bbox 1087 1994 1270 2074; x_wconf 73' lang='grc' dir='ltr'>μάχῃ,</span> <span class='ocrx_word' id='word_1_274' title='bbox 1306 1993 1466 2076; x_wconf 76' lang='grc' dir='ltr'>ξύλῳ,</span> <span class='ocrx_word' id='word_1_275' title='bbox 1499 1997 1534 2065; x_wconf 76' lang='grc' dir='ltr'>ἢ</span> <span class='ocrx_word' id='word_1_276' title='bbox 1564 2019 1677 2077; x_wconf 68' lang='grc' dir='ltr'>χεις</span> 
     </span>
    </p>
   </div>
   <div class='ocr_carea' id='block_1_37' title="bbox 1912 1991 3469 2077">
    <p class='ocr_par' dir='ltr' id='par_1_37' title="bbox 1912 1993 3469 2072">
     <span class='ocr_line' id='line_1_37' title="bbox 1912 1993 3469 2072; baseline 0.001 -20"><span class='ocrx_word' id='word_1_277' title='bbox 1912 2010 2012 2054; x_wconf 70' lang='grc' dir='ltr'>τε.</span> <span class='ocrx_word' id='word_1_278' title='bbox 2047 1994 2428 2055; x_wconf 82' lang='lat' dir='ltr'><strong>Recensetur</strong></span> <span class='ocrx_word' id='word_1_279' title='bbox 2460 2002 2518 2054; x_wconf 91' lang='lat' dir='ltr'><strong>et</strong></span> <span class='ocrx_word' id='word_1_280' title='bbox 2547 1993 2691 2055; x_wconf 88' lang='lat' dir='ltr'><strong>illud</strong></span> <span class='ocrx_word' id='word_1_281' title='bbox 2721 1994 2878 2054; x_wconf 91' lang='lat' dir='ltr'><strong>inter</strong></span> <span class='ocrx_word' id='word_1_282' title='bbox 2901 1993 3469 2072; x_wconf 84' lang='lat' dir='ltr'><strong>involuntaria,cum</strong></span> 
     </span>
    </p>
   </div>
   <div class='ocr_carea' id='block_1_38' title="bbox 122 2076 1679 2163">
    <p class='ocr_par' dir='ltr' id='par_1_38' title="bbox 122 2076 1676 2163">
     <span class='ocr_line' id='line_1_38' title="bbox 122 2076 1676 2163; baseline 0.008 -31"><span class='ocrx_word' id='word_1_283' title='bbox 122 2076 332 2157; x_wconf 71' lang='grc' dir='ltr'>ἀφειδῶς</span> <span class='ocrx_word' id='word_1_284' title='bbox 377 2079 464 2136; x_wconf 81' lang='grc' dir='ltr'>ἐπὶ</span> <span class='ocrx_word' id='word_1_285' title='bbox 527 2082 592 2136; x_wconf 78' lang='grc' dir='ltr'><strong>τὰ</strong></span> <span class='ocrx_word' id='word_1_286' title='bbox 647 2081 826 2159; x_wconf 87' lang='grc' dir='ltr'>καίρια</span> <span class='ocrx_word' id='word_1_287' title='bbox 883 2083 982 2148; x_wconf 80' lang='grc' dir='ltr'>τὴν</span> <span class='ocrx_word' id='word_1_288' title='bbox 1037 2083 1258 2160; x_wconf 77' lang='grc' dir='ltr'>πληγὴν</span> <span class='ocrx_word' id='word_1_289' title='bbox 1310 2084 1552 2163; x_wconf 73' lang='grc' dir='ltr'>ἐνεγκεῖν</span> <span class='ocrx_word' id='word_1_290' title='bbox 1595 2076 1676 2144; x_wconf 71' lang='grc' dir='ltr'>ὥσ</span> 
     </span>
    </p>
   </div>
   <div class='ocr_carea' id='block_1_39' title="bbox 1913 2076 3470 2163">
    <p class='ocr_par' dir='ltr' id='par_1_39' title="bbox 1913 2081 3470 2163">
     <span class='ocr_line' id='line_1_39' title="bbox 1913 2081 3470 2163; baseline 0.001 -22"><span class='ocrx_word' id='word_1_291' title='bbox 1913 2081 1955 2141; x_wconf 88' lang='lat' dir='ltr'><strong>is</strong></span> <span class='ocrx_word' id='word_1_292' title='bbox 1986 2083 2043 2142; x_wconf 90' lang='lat' dir='ltr'><strong>in</strong></span> <span class='ocrx_word' id='word_1_293' title='bbox 2078 2100 2272 2161; x_wconf 83' lang='lat' dir='ltr'><strong>pugna</strong></span> <span class='ocrx_word' id='word_1_294' title='bbox 2304 2082 2567 2162; x_wconf 84' lang='lat' dir='ltr'><strong>aliquem</strong></span> <span class='ocrx_word' id='word_1_295' title='bbox 2601 2081 2758 2160; x_wconf 86' lang='lat' dir='ltr'><strong>ligno</strong></span> <span class='ocrx_word' id='word_1_296' title='bbox 2789 2083 2880 2143; x_wconf 92' lang='lat' dir='ltr'><strong>vel</strong></span> <span class='ocrx_word' id='word_1_297' title='bbox 2915 2100 3094 2144; x_wconf 88' lang='lat' dir='ltr'><strong>manu</strong></span> <span class='ocrx_word' id='word_1_298' title='bbox 3141 2082 3470 2163; x_wconf 85' lang='lat' dir='ltr'><strong>repellens,</strong></span> 
     </span>
    </p>
   </div>
   <div class='ocr_carea' id='block_1_40' title="bbox 119 2171 1676 2251">
    <p class='ocr_par' dir='ltr' id='par_1_40' title="bbox 119 2171 1676 2250">
     <span class='ocr_line' id='line_1_40' title="bbox 119 2171 1676 2250; baseline 0.006 -28"><span class='ocrx_word' id='word_1_299' title='bbox 119 2175 335 2225; x_wconf 82' lang='grc' dir='ltr'>κακῶσαι</span> <span class='ocrx_word' id='word_1_300' title='bbox 393 2171 578 2244; x_wconf 78' lang='grc' dir='ltr'>αὐτὸν,</span> <span class='ocrx_word' id='word_1_301' title='bbox 613 2172 714 2250; x_wconf 76' lang='grc' dir='ltr'>οὐχ</span> <span class='ocrx_word' id='word_1_302' title='bbox 772 2171 912 2227; x_wconf 81' lang='grc' dir='ltr'>ὥστε</span> <span class='ocrx_word' id='word_1_303' title='bbox 972 2172 1249 2239; x_wconf 84' lang='grc' dir='ltr'>παντελῶς</span> <span class='ocrx_word' id='word_1_304' title='bbox 1309 2175 1546 2232; x_wconf 79' lang='grc' dir='ltr'>ἀνελεῖν·</span> <span class='ocrx_word' id='word_1_305' title='bbox 1598 2176 1676 2232; x_wconf 74' lang='grc' dir='ltr'>ἀλ]</span> 
     </span>
    </p>
   </div>
   <div class='ocr_carea' id='block_1_41' title="bbox 1916 2171 3473 2251">
    <p class='ocr_par' dir='ltr' id='par_1_41' title="bbox 1916 2171 3473 2251">
     <span class='ocr_line' id='line_1_41' title="bbox 1916 2171 3473 2251; baseline 0.001 -21"><span class='ocrx_word' id='word_1_306' title='bbox 1916 2189 1941 2230; x_wconf 85' lang='lat' dir='ltr'><strong>ri</strong></span> <span class='ocrx_word' id='word_1_307' title='bbox 1974 2189 2152 2250; x_wconf 90' lang='lat' dir='ltr'><strong>parce</strong></span> <span class='ocrx_word' id='word_1_308' title='bbox 2187 2172 2248 2231; x_wconf 91' lang='lat' dir='ltr'><strong>in</strong></span> <span class='ocrx_word' id='word_1_309' title='bbox 2285 2172 2630 2250; x_wconf 67' lang='lat' dir='ltr'><strong>praecipuas</strong></span> <span class='ocrx_word' id='word_1_310' title='bbox 2659 2180 2863 2251; x_wconf 86' lang='lat' dir='ltr'><strong>partes</strong></span> <span class='ocrx_word' id='word_1_311' title='bbox 2907 2171 3093 2232; x_wconf 91' lang='lat' dir='ltr'><strong>ictum</strong></span> <span class='ocrx_word' id='word_1_312' title='bbox 3123 2179 3382 2250; x_wconf 84' lang='lat' dir='ltr'><strong>torquet,</strong></span> <span class='ocrx_word' id='word_1_313' title='bbox 3409 2179 3473 2232; x_wconf 93' lang='lat' dir='ltr'><strong>ut</strong></span> 
     </span>
    </p>
   </div>
   <div class='ocr_carea' id='block_1_42' title="bbox 121 2256 1678 2343">
    <p class='ocr_par' dir='ltr' id='par_1_42' title="bbox 121 2256 1678 2343">
     <span class='ocr_line' id='line_1_42' title="bbox 121 2256 1678 2343; baseline 0.006 -31"><span class='ocrx_word' id='word_1_314' title='bbox 121 2263 257 2340; x_wconf 57' lang='grc' dir='ltr'>τούτο</span> <span class='ocrx_word' id='word_1_315' title='bbox 297 2256 399 2325; x_wconf 68' lang='grc' dir='ltr'><strong>ἤδη</strong></span> <span class='ocrx_word' id='word_1_316' title='bbox 460 2260 801 2337; x_wconf 87' lang='grc' dir='ltr'>προσεγγίζει</span> <span class='ocrx_word' id='word_1_317' title='bbox 844 2267 920 2335; x_wconf 82' lang='grc' dir='ltr'>τῷ</span> <span class='ocrx_word' id='word_1_318' title='bbox 966 2263 1190 2336; x_wconf 77' lang='grc' dir='ltr'>ἑκουσίῳ</span> <span class='ocrx_word' id='word_1_319' title='bbox 1220 2280 1236 2296; x_wconf 91' lang='grc'><strong>⁸</strong></span> <span class='ocrx_word' id='word_1_320' title='bbox 1271 2267 1298 2320; x_wconf 89' lang='lat'><strong>6</strong></span> <span class='ocrx_word' id='word_1_321' title='bbox 1356 2266 1455 2343; x_wconf 82' lang='grc' dir='ltr'><strong>γὰρ</strong></span> <span class='ocrx_word' id='word_1_322' title='bbox 1499 2268 1678 2322; x_wconf 68' lang='grc' dir='ltr'>τοσούι</span> 
     </span>
    </p>
   </div>
   <div class='ocr_carea' id='block_1_43' title="bbox 1914 2256 3471 2343">
    <p class='ocr_par' dir='ltr' id='par_1_43' title="bbox 1914 2257 3471 2338">
     <span class='ocr_line' id='line_1_43' title="bbox 1914 2257 3471 2338; baseline 0.003 -19"><span class='ocrx_word' id='word_1_323' title='bbox 1914 2277 1957 2319; x_wconf 78' lang='lat' dir='ltr'><strong>in</strong></span> <span class='ocrx_word' id='word_1_324' title='bbox 1994 2258 2189 2338; x_wconf 73' lang='lat' dir='ltr'><strong>laedat,</strong></span> <span class='ocrx_word' id='word_1_325' title='bbox 2223 2279 2340 2320; x_wconf 90' lang='lat' dir='ltr'><strong>non</strong></span> <span class='ocrx_word' id='word_1_326' title='bbox 2403 2269 2465 2321; x_wconf 92' lang='lat' dir='ltr'><strong>ut</strong></span> <span class='ocrx_word' id='word_1_327' title='bbox 2522 2261 2770 2322; x_wconf 90' lang='lat' dir='ltr'><strong>omnino</strong></span> <span class='ocrx_word' id='word_1_328' title='bbox 2825 2259 3174 2321; x_wconf 83' lang='lat' dir='ltr'><strong>interﬁciat.</strong></span> <span class='ocrx_word' id='word_1_329' title='bbox 3212 2257 3327 2322; x_wconf 89' lang='lat' dir='ltr'><strong>Sed</strong></span> <span class='ocrx_word' id='word_1_330' title='bbox 3357 2261 3471 2324; x_wconf 87' lang='lat' dir='ltr'><strong>hoc</strong></span> 
     </span>
    </p>
   </div>
   <div class='ocr_carea' id='block_1_44' title="bbox 119 2347 1676 2436">
    <p class='ocr_par' dir='ltr' id='par_1_44' title="bbox 119 2348 1672 2436">
     <span class='ocr_line' id='line_1_44' title="bbox 119 2348 1672 2436; baseline 0.007 -36"><span class='ocrx_word' id='word_1_331' title='bbox 119 2348 443 2424; x_wconf 77' lang='grc' dir='ltr'>χρησάμενος</span> <span class='ocrx_word' id='word_1_332' title='bbox 494 2349 702 2427; x_wconf 75' lang='grc' dir='ltr'>ὀργάνῳ</span> <span class='ocrx_word' id='word_1_333' title='bbox 755 2352 884 2426; x_wconf 74' lang='grc' dir='ltr'>πρὸς</span> <span class='ocrx_word' id='word_1_334' title='bbox 943 2350 1164 2427; x_wconf 72' lang='grc' dir='ltr'>ἄμυναν,</span> <span class='ocrx_word' id='word_1_335' title='bbox 1201 2353 1236 2421; x_wconf 75' lang='grc' dir='ltr'><strong>ἢ</strong></span> <span class='ocrx_word' id='word_1_336' title='bbox 1268 2356 1294 2408; x_wconf 89' lang='lat'><strong>6</strong></span> <span class='ocrx_word' id='word_1_337' title='bbox 1327 2355 1404 2429; x_wconf 77' lang='grc' dir='ltr'>μὴ</span> <span class='ocrx_word' id='word_1_338' title='bbox 1443 2377 1672 2436; x_wconf 71' lang='grc' dir='ltr'>πεφεισμ</span> 
     </span>
    </p>
   </div>
   <div class='ocr_carea' id='block_1_45' title="bbox 1915 2347 3472 2436">
    <p class='ocr_par' dir='ltr' id='par_1_45' title="bbox 1915 2347 3472 2428">
     <span class='ocr_line' id='line_1_45' title="bbox 1915 2347 3472 2428; baseline 0.001 -21"><span class='ocrx_word' id='word_1_339' title='bbox 1915 2347 2067 2408; x_wconf 88' lang='lat' dir='ltr'><strong>idem</strong></span> <span class='ocrx_word' id='word_1_340' title='bbox 2091 2348 2328 2410; x_wconf 83' lang='lat' dir='ltr'><strong>accedit</strong></span> <span class='ocrx_word' id='word_1_341' title='bbox 2350 2349 2422 2410; x_wconf 89' lang='lat' dir='ltr'><strong>ad</strong></span> <span class='ocrx_word' id='word_1_342' title='bbox 2439 2347 2983 2420; x_wconf 89' lang='lat' dir='ltr'><strong>voluntarium.Qui</strong></span> <span class='ocrx_word' id='word_1_343' title='bbox 3000 2350 3162 2410; x_wconf 91' lang='lat' dir='ltr'><strong>enim</strong></span> <span class='ocrx_word' id='word_1_344' title='bbox 3179 2348 3472 2428; x_wconf 54' lang='lat' dir='ltr'><strong>eiusmodi</strong></span> 
     </span>
    </p>
   </div>
   <div class='ocr_carea' id='block_1_46' title="bbox 122 2436 1679 2523">
    <p class='ocr_par' dir='ltr' id='par_1_46' title="bbox 122 2436 1679 2523">
     <span class='ocr_line' id='line_1_46' title="bbox 122 2436 1679 2523; baseline 0.009 -37"><span class='ocrx_word' id='word_1_345' title='bbox 122 2456 210 2495; x_wconf 83' lang='grc' dir='ltr'>νως</span> <span class='ocrx_word' id='word_1_346' title='bbox 236 2436 330 2502; x_wconf 75' lang='grc' dir='ltr'>τὴν</span> <span class='ocrx_word' id='word_1_347' title='bbox 356 2437 583 2516; x_wconf 73' lang='grc' dir='ltr'>πληγὴν</span> <span class='ocrx_word' id='word_1_348' title='bbox 626 2438 942 2519; x_wconf 83' lang='grc' dir='ltr'>ἐπαγαγὼν,</span> <span class='ocrx_word' id='word_1_349' title='bbox 992 2437 1154 2506; x_wconf 76' lang='grc' dir='ltr'>δῆλός</span> <span class='ocrx_word' id='word_1_350' title='bbox 1187 2442 1296 2499; x_wconf 74' lang='grc' dir='ltr'>ἐστι</span> <span class='ocrx_word' id='word_1_351' title='bbox 1331 2443 1415 2498; x_wconf 79' lang='grc' dir='ltr'><strong>διὰ</strong></span> <span class='ocrx_word' id='word_1_352' title='bbox 1445 2446 1506 2501; x_wconf 80' lang='grc' dir='ltr'>τὸ</span> <span class='ocrx_word' id='word_1_353' title='bbox 1535 2467 1679 2523; x_wconf 76' lang='grc' dir='ltr'>κεκρε</span> 
     </span>
    </p>
   </div>
   <div class='ocr_carea' id='block_1_47' title="bbox 1917 2436 3474 2523">
    <p class='ocr_par' dir='ltr' id='par_1_47' title="bbox 1922 2437 3474 2518">
     <span class='ocr_line' id='line_1_47' title="bbox 1922 2437 3474 2518; baseline 0.001 -20"><span class='ocrx_word' id='word_1_354' title='bbox 1922 2438 2224 2499; x_wconf 90' lang='lat' dir='ltr'><strong>trumento</strong></span> <span class='ocrx_word' id='word_1_355' title='bbox 2254 2438 2327 2499; x_wconf 90' lang='lat' dir='ltr'><strong>ad</strong></span> <span class='ocrx_word' id='word_1_356' title='bbox 2355 2456 2422 2499; x_wconf 90' lang='lat' dir='ltr'><strong>se</strong></span> <span class='ocrx_word' id='word_1_357' title='bbox 2450 2438 2900 2501; x_wconf 80' lang='lat' dir='ltr'><strong>defendendum</strong></span> <span class='ocrx_word' id='word_1_358' title='bbox 2935 2457 3080 2500; x_wconf 91' lang='lat' dir='ltr'><strong>usus</strong></span> <span class='ocrx_word' id='word_1_359' title='bbox 3107 2445 3220 2518; x_wconf 87' lang='lat' dir='ltr'><strong>est,</strong></span> <span class='ocrx_word' id='word_1_360' title='bbox 3255 2438 3345 2499; x_wconf 88' lang='lat' dir='ltr'><strong>vel</strong></span> <span class='ocrx_word' id='word_1_361' title='bbox 3377 2437 3474 2517; x_wconf 88' lang='lat' dir='ltr'><strong>qui</strong></span> 
     </span>
    </p>
   </div>
   <div class='ocr_carea' id='block_1_48' title="bbox 120 2525 1677 2613">
    <p class='ocr_par' dir='ltr' id='par_1_48' title="bbox 120 2525 1677 2613">
     <span class='ocr_line' id='line_1_48' title="bbox 120 2525 1677 2613; baseline 0.009 -35"><span class='ocrx_word' id='word_1_362' title='bbox 120 2525 290 2591; x_wconf 74' lang='grc' dir='ltr'>τῆσθαι</span> <span class='ocrx_word' id='word_1_363' title='bbox 354 2529 458 2584; x_wconf 78' lang='grc' dir='ltr'><strong>ὑπὸ</strong></span> <span class='ocrx_word' id='word_1_364' title='bbox 521 2530 613 2584; x_wconf 77' lang='grc' dir='ltr'>τοῦ</span> <span class='ocrx_word' id='word_1_365' title='bbox 683 2531 879 2594; x_wconf 80' lang='grc' dir='ltr'>πάθους</span> <span class='ocrx_word' id='word_1_366' title='bbox 956 2528 1183 2610; x_wconf 75' lang='grc' dir='ltr'>ἀφειδῶς</span> <span class='ocrx_word' id='word_1_367' title='bbox 1240 2540 1334 2589; x_wconf 79' lang='grc' dir='ltr'><strong>τοῦ</strong></span> <span class='ocrx_word' id='word_1_368' title='bbox 1399 2533 1677 2613; x_wconf 84' lang='grc' dir='ltr'>ἀνθρώπου</span> 
     </span>
    </p>
   </div>
   <div class='ocr_carea' id='block_1_49' title="bbox 1920 2525 3477 2613">
    <p class='ocr_par' dir='ltr' id='par_1_49' title="bbox 1920 2525 3477 2607">
     <span class='ocr_line' id='line_1_49' title="bbox 1920 2525 3477 2607; baseline 0 -19"><span class='ocrx_word' id='word_1_369' title='bbox 1920 2546 1942 2588; x_wconf 81' lang='lat'>1</span> <span class='ocrx_word' id='word_1_370' title='bbox 1974 2544 2154 2606; x_wconf 87' lang='lat' dir='ltr'><strong>parce</strong></span> <span class='ocrx_word' id='word_1_371' title='bbox 2183 2528 2369 2591; x_wconf 89' lang='lat' dir='ltr'><strong>ictum</strong></span> <span class='ocrx_word' id='word_1_372' title='bbox 2405 2528 2645 2602; x_wconf 80' lang='lat' dir='ltr'><strong>inﬂixit,</strong></span> <span class='ocrx_word' id='word_1_373' title='bbox 2681 2528 2869 2607; x_wconf 90' lang='lat' dir='ltr'><strong>liquet</strong></span> <span class='ocrx_word' id='word_1_374' title='bbox 2899 2546 3036 2589; x_wconf 90' lang='lat' dir='ltr'><strong>eum</strong></span> <span class='ocrx_word' id='word_1_375' title='bbox 3079 2527 3212 2588; x_wconf 91' lang='lat' dir='ltr'><strong>ideo</strong></span> <span class='ocrx_word' id='word_1_376' title='bbox 3245 2525 3477 2588; x_wconf 89' lang='lat' dir='ltr'><strong>homini</strong></span> 
     </span>
    </p>
   </div>
   <div class='ocr_carea' id='block_1_50' title="bbox 121 2615 1678 2698">
    <p class='ocr_par' dir='ltr' id='par_1_50' title="bbox 121 2615 1678 2697">
     <span class='ocr_line' id='line_1_50' title="bbox 121 2615 1678 2697; baseline 0.008 -29"><span class='ocrx_word' id='word_1_377' title='bbox 121 2615 298 2686; x_wconf 79' lang='grc' dir='ltr'>ὁμοίως</span> <span class='ocrx_word' id='word_1_378' title='bbox 331 2618 418 2672; x_wconf 86' lang='grc' dir='ltr'><strong>καὶ</strong></span> <span class='ocrx_word' id='word_1_379' title='bbox 448 2621 478 2673; x_wconf 86' lang='lat'><strong>6</strong></span> <span class='ocrx_word' id='word_1_380' title='bbox 514 2616 649 2693; x_wconf 78' lang='grc' dir='ltr'>ξύλῳ</span> <span class='ocrx_word' id='word_1_381' title='bbox 680 2619 839 2697; x_wconf 87' lang='grc' dir='ltr'>βαρεῖ</span> <span class='ocrx_word' id='word_1_382' title='bbox 869 2620 956 2676; x_wconf 79' lang='grc' dir='ltr'><strong>καὶ</strong></span> <span class='ocrx_word' id='word_1_383' title='bbox 990 2623 1014 2676; x_wconf 75' lang='lat'><strong>6</strong></span> <span class='ocrx_word' id='word_1_384' title='bbox 1071 2620 1197 2694; x_wconf 92' lang='grc' dir='ltr'>λίθῳ</span> <span class='ocrx_word' id='word_1_385' title='bbox 1240 2623 1437 2697; x_wconf 85' lang='grc' dir='ltr'>μείζονι</span> <span class='ocrx_word' id='word_1_386' title='bbox 1487 2629 1586 2692; x_wconf 78' lang='grc' dir='ltr'><strong>τῆς</strong></span> <span class='ocrx_word' id='word_1_387' title='bbox 1643 2624 1678 2680; x_wconf 57' lang='grc' dir='ltr'><strong>δέ</strong></span> 
     </span>
    </p>
   </div>
   <div class='ocr_carea' id='block_1_51' title="bbox 1920 2615 3477 2698">
    <p class='ocr_par' dir='ltr' id='par_1_51' title="bbox 1920 2615 3477 2698">
     <span class='ocr_line' id='line_1_51' title="bbox 1920 2615 3477 2698; baseline -0.001 -21"><span class='ocrx_word' id='word_1_388' title='bbox 1920 2636 1940 2677; x_wconf 79' lang='grc' dir='ltr'><strong>ι</strong></span> <span class='ocrx_word' id='word_1_389' title='bbox 1973 2617 2343 2697; x_wconf 86' lang='lat' dir='ltr'><strong>pepercisse,</strong></span> <span class='ocrx_word' id='word_1_390' title='bbox 2373 2618 2538 2698; x_wconf 89' lang='lat' dir='ltr'><strong>quod</strong></span> <span class='ocrx_word' id='word_1_391' title='bbox 2573 2618 2664 2679; x_wconf 90' lang='lat' dir='ltr'><strong>ira</strong></span> <span class='ocrx_word' id='word_1_392' title='bbox 2693 2617 2881 2678; x_wconf 83' lang='lat' dir='ltr'><strong>victus</strong></span> <span class='ocrx_word' id='word_1_393' title='bbox 2913 2617 3114 2678; x_wconf 86' lang='lat' dir='ltr'><strong>fuerit.</strong></span> <span class='ocrx_word' id='word_1_394' title='bbox 3153 2616 3256 2678; x_wconf 91' lang='lat' dir='ltr'><strong>Sic</strong></span> <span class='ocrx_word' id='word_1_395' title='bbox 3287 2622 3346 2677; x_wconf 90' lang='lat' dir='ltr'><strong>et</strong></span> <span class='ocrx_word' id='word_1_396' title='bbox 3374 2615 3477 2696; x_wconf 88' lang='lat' dir='ltr'><strong>qui</strong></span> 
     </span>
    </p>
   </div>
   <div class='ocr_carea' id='block_1_52' title="bbox 120 2701 1677 2788">
    <p class='ocr_par' dir='ltr' id='par_1_52' title="bbox 120 2701 1677 2788">
     <span class='ocr_line' id='line_1_52' title="bbox 120 2701 1677 2788; baseline 0.01 -32"><span class='ocrx_word' id='word_1_397' title='bbox 120 2701 305 2776; x_wconf 68' lang='grc' dir='ltr'>νέμεως</span> <span class='ocrx_word' id='word_1_398' title='bbox 345 2712 442 2773; x_wconf 78' lang='grc' dir='ltr'>τῆς</span> <span class='ocrx_word' id='word_1_399' title='bbox 476 2707 816 2782; x_wconf 81' lang='grc' dir='ltr'>ἀνθρωπίνης</span> <span class='ocrx_word' id='word_1_400' title='bbox 867 2711 1243 2788; x_wconf 83' lang='grc' dir='ltr'>χρησάμενος,</span> <span class='ocrx_word' id='word_1_401' title='bbox 1299 2725 1420 2775; x_wconf 80' lang='grc' dir='ltr'>τοῖς</span> <span class='ocrx_word' id='word_1_402' title='bbox 1471 2714 1677 2771; x_wconf 73' lang='grc' dir='ltr'>ἀκουσίε</span> 
     </span>
    </p>
   </div>
   <div class='ocr_carea' id='block_1_53' title="bbox 1910 2701 3467 2788">
    <p class='ocr_par' dir='ltr' id='par_1_53' title="bbox 1910 2705 3467 2788">
     <span class='ocr_line' id='line_1_53' title="bbox 1910 2705 3467 2788; baseline 0 -21"><span class='ocrx_word' id='word_1_403' title='bbox 1910 2707 1980 2767; x_wconf 79' lang='grc' dir='ltr'>ιτί</span> <span class='ocrx_word' id='word_1_404' title='bbox 2013 2706 2198 2785; x_wconf 83' lang='lat' dir='ltr'><strong>ligno,</strong></span> <span class='ocrx_word' id='word_1_405' title='bbox 2234 2717 2296 2768; x_wconf 91' lang='lat' dir='ltr'><strong>et</strong></span> <span class='ocrx_word' id='word_1_406' title='bbox 2326 2707 2431 2783; x_wconf 89' lang='lat' dir='ltr'><strong>qui</strong></span> <span class='ocrx_word' id='word_1_407' title='bbox 2467 2706 2670 2785; x_wconf 87' lang='lat' dir='ltr'><strong>lapide</strong></span> <span class='ocrx_word' id='word_1_408' title='bbox 2703 2707 2933 2786; x_wconf 82' lang='lat' dir='ltr'><strong>majore</strong></span> <span class='ocrx_word' id='word_1_409' title='bbox 2982 2723 3158 2788; x_wconf 89' lang='lat' dir='ltr'><strong>quam</strong></span> <span class='ocrx_word' id='word_1_410' title='bbox 3196 2724 3301 2786; x_wconf 91' lang='lat' dir='ltr'><strong>pro</strong></span> <span class='ocrx_word' id='word_1_411' title='bbox 3324 2705 3467 2767; x_wconf 88' lang='lat' dir='ltr'><strong>viri-</strong></span> 
     </span>
    </p>
   </div>
   <div class='ocr_carea' id='block_1_54' title="bbox 123 2791 1680 2883">
    <p class='ocr_par' dir='ltr' id='par_1_54' title="bbox 123 2791 1628 2883">
     <span class='ocr_line' id='line_1_54' title="bbox 123 2791 1628 2883; baseline 0.009 -37"><span class='ocrx_word' id='word_1_412' title='bbox 123 2791 489 2868; x_wconf 76' lang='grc' dir='ltr'>ἒναριθμεῖται,</span> <span class='ocrx_word' id='word_1_413' title='bbox 547 2797 681 2853; x_wconf 78' lang='grc' dir='ltr'>ἄλλο</span> <span class='ocrx_word' id='word_1_414' title='bbox 727 2798 824 2873; x_wconf 83' lang='grc' dir='ltr'>μέν</span> <span class='ocrx_word' id='word_1_415' title='bbox 867 2821 917 2855; x_wconf 89' lang='grc' dir='ltr'><strong>τι</strong></span> <span class='ocrx_word' id='word_1_416' title='bbox 963 2801 1349 2883; x_wconf 77' lang='grc' dir='ltr'>προελόμενος,</span> <span class='ocrx_word' id='word_1_417' title='bbox 1400 2802 1532 2859; x_wconf 81' lang='grc' dir='ltr'>ἄλλο</span> <span class='ocrx_word' id='word_1_418' title='bbox 1574 2802 1628 2859; x_wconf 76' lang='grc' dir='ltr'><strong>δέ</strong></span> 
     </span>
    </p>
   </div>
   <div class='ocr_carea' id='block_1_55' title="bbox 1908 2791 3465 2883">
    <p class='ocr_par' dir='ltr' id='par_1_55' title="bbox 1908 2796 3465 2872">
     <span class='ocr_line' id='line_1_55' title="bbox 1908 2796 3465 2872; baseline 0.001 -16"><span class='ocrx_word' id='word_1_419' title='bbox 1908 2814 1935 2856; x_wconf 94' lang='lat' dir='ltr'><strong>s</strong></span> <span class='ocrx_word' id='word_1_420' title='bbox 1967 2796 2242 2856; x_wconf 87' lang='lat' dir='ltr'><strong>humanis</strong></span> <span class='ocrx_word' id='word_1_421' title='bbox 2264 2814 2408 2858; x_wconf 91' lang='lat' dir='ltr'><strong>usus</strong></span> <span class='ocrx_word' id='word_1_422' title='bbox 2426 2799 2606 2871; x_wconf 88' lang='lat' dir='ltr'><strong>est,in</strong></span> <span class='ocrx_word' id='word_1_423' title='bbox 2631 2797 3053 2860; x_wconf 88' lang='lat' dir='ltr'><strong>involuntariis</strong></span> <span class='ocrx_word' id='word_1_424' title='bbox 3084 2806 3465 2872; x_wconf 88' lang='lat' dir='ltr'><strong>numeratur,</strong></span> 
     </span>
    </p>
   </div>
   <div class='ocr_carea' id='block_1_56' title="bbox 119 2885 1676 2971">
    <p class='ocr_par' dir='ltr' id='par_1_56' title="bbox 119 2886 1676 2971">
     <span class='ocr_line' id='line_1_56' title="bbox 119 2886 1676 2971; baseline 0.008 -34"><span class='ocrx_word' id='word_1_425' title='bbox 119 2886 327 2952; x_wconf 75' lang='grc' dir='ltr'>ποιήσας</span> <span class='ocrx_word' id='word_1_426' title='bbox 361 2901 376 2916; x_wconf 87' lang='grc'><strong>⁸</strong></span> <span class='ocrx_word' id='word_1_427' title='bbox 440 2887 548 2942; x_wconf 76' lang='grc' dir='ltr'><strong>ὑπὸ</strong></span> <span class='ocrx_word' id='word_1_428' title='bbox 607 2889 708 2965; x_wconf 80' lang='grc' dir='ltr'>γὰρ</span> <span class='ocrx_word' id='word_1_429' title='bbox 768 2888 860 2945; x_wconf 77' lang='grc' dir='ltr'>τοῦ</span> <span class='ocrx_word' id='word_1_430' title='bbox 916 2893 1083 2964; x_wconf 88' lang='grc' dir='ltr'>θυμοῦ</span> <span class='ocrx_word' id='word_1_431' title='bbox 1138 2891 1390 2958; x_wconf 89' lang='grc' dir='ltr'>τοιαύτην</span> <span class='ocrx_word' id='word_1_432' title='bbox 1420 2892 1612 2971; x_wconf 67' lang='grc' dir='ltr'>ἤνεγκε</span> <span class='ocrx_word' id='word_1_433' title='bbox 1641 2919 1676 2953; x_wconf 91' lang='grc' dir='ltr'>τ·</span> 
     </span>
    </p>
   </div>
   <div class='ocr_carea' id='block_1_57' title="bbox 1913 2885 3470 2971">
    <p class='ocr_par' dir='ltr' id='par_1_57' title="bbox 1916 2885 3470 2966">
     <span class='ocr_line' id='line_1_57' title="bbox 1916 2885 3470 2966; baseline 0.003 -23"><span class='ocrx_word' id='word_1_434' title='bbox 1916 2885 2018 2965; x_wconf 86' lang='lat' dir='ltr'><strong>qui</strong></span> <span class='ocrx_word' id='word_1_435' title='bbox 2047 2885 2210 2947; x_wconf 89' lang='lat' dir='ltr'><strong>aliud</strong></span> <span class='ocrx_word' id='word_1_436' title='bbox 2243 2885 2521 2963; x_wconf 88' lang='lat' dir='ltr'><strong>voluerit,</strong></span> <span class='ocrx_word' id='word_1_437' title='bbox 2554 2887 2713 2948; x_wconf 89' lang='lat' dir='ltr'><strong>aliud</strong></span> <span class='ocrx_word' id='word_1_438' title='bbox 2769 2885 3007 2948; x_wconf 85' lang='lat' dir='ltr'><strong>fecerit.</strong></span> <span class='ocrx_word' id='word_1_439' title='bbox 3043 2888 3191 2948; x_wconf 88' lang='lat' dir='ltr'><strong>Nam</strong></span> <span class='ocrx_word' id='word_1_440' title='bbox 3227 2903 3346 2966; x_wconf 81' lang='lat' dir='ltr'><strong>prte</strong></span> <span class='ocrx_word' id='word_1_441' title='bbox 3377 2886 3470 2948; x_wconf 92' lang='lat' dir='ltr'><strong>ira</strong></span> 
     </span>
    </p>
   </div>
   <div class='ocr_carea' id='block_1_58' title="bbox 118 2971 1675 3058">
    <p class='ocr_par' dir='ltr' id='par_1_58' title="bbox 118 2971 1645 3058">
     <span class='ocr_line' id='line_1_58' title="bbox 118 2971 1645 3058; baseline 0.01 -33"><span class='ocrx_word' id='word_1_442' title='bbox 118 2971 314 3050; x_wconf 81' lang='grc' dir='ltr'>πληγήν</span> <span class='ocrx_word' id='word_1_443' title='bbox 351 2992 364 3006; x_wconf 85' lang='grc'><strong>⁸</strong></span> <span class='ocrx_word' id='word_1_444' title='bbox 426 2978 572 3033; x_wconf 81' lang='grc' dir='ltr'>ὥστε</span> <span class='ocrx_word' id='word_1_445' title='bbox 655 2976 900 3035; x_wconf 75' lang='grc' dir='ltr'>ἀνελθεῖν</span> <span class='ocrx_word' id='word_1_446' title='bbox 959 2980 1051 3034; x_wconf 81' lang='grc' dir='ltr'><strong>τὸν</strong></span> <span class='ocrx_word' id='word_1_447' title='bbox 1115 2980 1414 3058; x_wconf 84' lang='grc' dir='ltr'>πληγέντα,</span> <span class='ocrx_word' id='word_1_448' title='bbox 1475 2985 1645 3040; x_wconf 90' lang='grc' dir='ltr'>καίτοι</span> 
     </span>
    </p>
   </div>
   <div class='ocr_carea' id='block_1_59' title="bbox 1910 2971 3467 3058">
    <p class='ocr_par' dir='ltr' id='par_1_59' title="bbox 1910 2975 3467 3057">
     <span class='ocr_line' id='line_1_59' title="bbox 1910 2975 3467 3057; baseline 0.001 -23"><span class='ocrx_word' id='word_1_449' title='bbox 1910 2993 2006 3035; x_wconf 89' lang='lat' dir='ltr'><strong>om</strong></span> <span class='ocrx_word' id='word_1_450' title='bbox 2034 2975 2210 3037; x_wconf 79' lang='lat' dir='ltr'><strong>talem</strong></span> <span class='ocrx_word' id='word_1_451' title='bbox 2237 2977 2464 3051; x_wconf 89' lang='lat' dir='ltr'><strong>intulit,</strong></span> <span class='ocrx_word' id='word_1_452' title='bbox 2493 2987 2556 3039; x_wconf 94' lang='lat' dir='ltr'><strong>ut</strong></span> <span class='ocrx_word' id='word_1_453' title='bbox 2578 2978 2753 3038; x_wconf 90' lang='lat' dir='ltr'><strong>etiam</strong></span> <span class='ocrx_word' id='word_1_454' title='bbox 2784 2994 3136 3057; x_wconf 89' lang='lat' dir='ltr'><strong>percussum</strong></span> <span class='ocrx_word' id='word_1_455' title='bbox 3161 2975 3467 3037; x_wconf 82' lang='lat' dir='ltr'><strong>interﬁce-</strong></span> 
     </span>
    </p>
   </div>
   <div class='ocr_carea' id='block_1_60' title="bbox 117 3061 1674 3148">
    <p class='ocr_par' dir='ltr' id='par_1_60' title="bbox 117 3061 1674 3148">
     <span class='ocr_line' id='line_1_60' title="bbox 117 3061 1674 3148; baseline 0.009 -32"><span class='ocrx_word' id='word_1_456' title='bbox 117 3061 297 3130; x_wconf 79' lang='grc' dir='ltr'>σπονδὴ</span> <span class='ocrx_word' id='word_1_457' title='bbox 379 3065 446 3132; x_wconf 75' lang='grc' dir='ltr'>ἦν</span> <span class='ocrx_word' id='word_1_458' title='bbox 511 3068 654 3141; x_wconf 69' lang='grc' dir='ltr'>αύτῷ</span> <span class='ocrx_word' id='word_1_459' title='bbox 713 3069 990 3144; x_wconf 74' lang='grc' dir='ltr'>συντρίψαι</span> <span class='ocrx_word' id='word_1_460' title='bbox 1049 3071 1239 3148; x_wconf 76' lang='grc' dir='ltr'>τυχὸν,</span> <span class='ocrx_word' id='word_1_461' title='bbox 1328 3071 1449 3148; x_wconf 75' lang='grc' dir='ltr'>οὒχὶ</span> <span class='ocrx_word' id='word_1_462' title='bbox 1514 3072 1568 3128; x_wconf 70' lang='grc' dir='ltr'>δὲ</span> <span class='ocrx_word' id='word_1_463' title='bbox 1653 3097 1674 3130; x_wconf 69' lang='grc' dir='ltr'><strong>κ</strong></span> 
     </span>
    </p>
   </div>
   <div class='ocr_carea' id='block_1_61' title="bbox 1915 3061 3472 3148">
    <p class='ocr_par' dir='ltr' id='par_1_61' title="bbox 1915 3065 3472 3146">
     <span class='ocr_line' id='line_1_61' title="bbox 1915 3065 3472 3146; baseline -0.001 -19"><span class='ocrx_word' id='word_1_464' title='bbox 1915 3085 1958 3136; x_wconf 36' lang='grc' dir='ltr'>γ;</span> <span class='ocrx_word' id='word_1_465' title='bbox 1987 3083 2326 3146; x_wconf 89' lang='lat' dir='ltr'><strong>quanquam</strong></span> <span class='ocrx_word' id='word_1_466' title='bbox 2360 3066 2514 3128; x_wconf 88' lang='lat' dir='ltr'><strong>forte</strong></span> <span class='ocrx_word' id='word_1_467' title='bbox 2546 3068 2604 3128; x_wconf 91' lang='lat' dir='ltr'><strong>in</strong></span> <span class='ocrx_word' id='word_1_468' title='bbox 2635 3068 2838 3128; x_wconf 91' lang='lat' dir='ltr'><strong>animo</strong></span> <span class='ocrx_word' id='word_1_469' title='bbox 2871 3065 3130 3128; x_wconf 84' lang='lat' dir='ltr'><strong>habebat</strong></span> <span class='ocrx_word' id='word_1_470' title='bbox 3163 3085 3298 3128; x_wconf 89' lang='lat' dir='ltr'><strong>eum</strong></span> <span class='ocrx_word' id='word_1_471' title='bbox 3333 3083 3472 3127; x_wconf 89' lang='lat' dir='ltr'><strong>con-</strong></span> 
     </span>
    </p>
   </div>
   <div class='ocr_carea' id='block_1_62' title="bbox 115 3152 1672 3258">
    <p class='ocr_par' dir='ltr' id='par_1_62' title="bbox 115 3152 1672 3258">
     <span class='ocr_line' id='line_1_62' title="bbox 115 3152 1672 3240; baseline 0.01 -36"><span class='ocrx_word' id='word_1_472' title='bbox 115 3152 366 3219; x_wconf 77' lang='grc' dir='ltr'>παντελῶς</span> <span class='ocrx_word' id='word_1_473' title='bbox 422 3160 732 3212; x_wconf 82' lang='grc' dir='ltr'>θανατῶσαι</span> <span class='ocrx_word' id='word_1_474' title='bbox 769 3174 784 3188; x_wconf 92' lang='grc'><strong>⁸</strong></span> <span class='ocrx_word' id='word_1_475' title='bbox 850 3160 878 3212; x_wconf 86' lang='lat'><strong>6</strong></span> <span class='ocrx_word' id='word_1_476' title='bbox 936 3157 1118 3231; x_wconf 66' lang='grc' dir='ltr'>μέντοι</span> <span class='ocrx_word' id='word_1_477' title='bbox 1178 3157 1310 3238; x_wconf 74' lang='grc' dir='ltr'>ξίφει</span> <span class='ocrx_word' id='word_1_478' title='bbox 1366 3163 1672 3240; x_wconf 78' lang='grc' dir='ltr'>χρησάμεν(</span> 
     </span>
     <span class='ocr_line' id='line_1_63' title="bbox 118 3238 1395 3258; baseline 0 0"><span class='ocrx_word' id='word_1_479' title='bbox 118 3238 134 3254; x_wconf 59' lang='grc' dir='ltr'><em>η</em></span> <span class='ocrx_word' id='word_1_480' title='bbox 186 3240 208 3258; x_wconf 80' lang='grc' dir='ltr'><strong><em>ν</em></strong></span> <span class='ocrx_word' id='word_1_481' title='bbox 345 3251 368 3258; x_wconf 80' lang='grc'><strong>-</strong></span> <span class='ocrx_word' id='word_1_482' title='bbox 579 3246 590 3258; x_wconf 77' lang='grc' dir='ltr'><em>ι</em></span> <span class='ocrx_word' id='word_1_483' title='bbox 787 3245 840 3258; x_wconf 58' lang='lat' dir='ltr'><strong>an</strong></span> <span class='ocrx_word' id='word_1_484' title='bbox 922 3248 932 3258; x_wconf 75' lang='grc' dir='ltr'>ι</span> <span class='ocrx_word' id='word_1_485' title='bbox 1059 3246 1082 3258; x_wconf 79' lang='grc' dir='ltr'><strong><em>υ</em></strong></span> <span class='ocrx_word' id='word_1_486' title='bbox 1386 3253 1395 3258; x_wconf 92' lang='grc'>.</span> 
     </span>
    </p>
   </div>
   <div class='ocr_carea' id='block_1_63' title="bbox 1904 3152 3461 3258">
    <p class='ocr_par' dir='ltr' id='par_1_63' title="bbox 1904 3155 3461 3230">
     <span class='ocr_line' id='line_1_64' title="bbox 1904 3155 3461 3230; baseline 0 -15"><span class='ocrx_word' id='word_1_487' title='bbox 1904 3172 2043 3229; x_wconf 82' lang='lat' dir='ltr'><strong>&#39;ere,</strong></span> <span class='ocrx_word' id='word_1_488' title='bbox 2078 3174 2197 3216; x_wconf 90' lang='lat' dir='ltr'><strong>non</strong></span> <span class='ocrx_word' id='word_1_489' title='bbox 2229 3165 2427 3217; x_wconf 88' lang='lat' dir='ltr'><strong>autem</strong></span> <span class='ocrx_word' id='word_1_490' title='bbox 2464 3157 2707 3218; x_wconf 91' lang='lat' dir='ltr'><strong>omnino</strong></span> <span class='ocrx_word' id='word_1_491' title='bbox 2745 3155 3242 3230; x_wconf 90' lang='lat' dir='ltr'><strong>interimere.Qui</strong></span> <span class='ocrx_word' id='word_1_492' title='bbox 3265 3161 3461 3216; x_wconf 85' lang='lat' dir='ltr'><strong>autem</strong></span> 
     </span>
    </p>
   </div>
   <div class='ocr_carea' id='block_1_64' title="bbox 115 3238 1672 3328">
    <p class='ocr_par' dir='ltr' id='par_1_64' title="bbox 115 3238 1672 3327">
     <span class='ocr_line' id='line_1_65' title="bbox 115 3238 1672 3327; baseline 0.007 -30"><span class='ocrx_word' id='word_1_493' title='bbox 115 3238 402 3313; x_wconf 79' lang='grc' dir='ltr'>ἧῷτινιοῦν</span> <span class='ocrx_word' id='word_1_494' title='bbox 431 3246 693 3324; x_wconf 89' lang='grc' dir='ltr'>τοιούτῳ,</span> <span class='ocrx_word' id='word_1_495' title='bbox 751 3245 998 3321; x_wconf 72' lang='grc' dir='ltr'>οὐδεμίαν</span> <span class='ocrx_word' id='word_1_496' title='bbox 1058 3246 1177 3327; x_wconf 77' lang='grc' dir='ltr'>ἔχει</span> <span class='ocrx_word' id='word_1_497' title='bbox 1233 3253 1553 3327; x_wconf 78' lang='grc' dir='ltr'>παραίτησιν</span> <span class='ocrx_word' id='word_1_498' title='bbox 1589 3270 1602 3284; x_wconf 94' lang='grc'><strong>⁸</strong></span> <span class='ocrx_word' id='word_1_499' title='bbox 1652 3276 1672 3308; x_wconf 63' lang='grc' dir='ltr'><strong>α</strong></span> 
     </span>
    </p>
   </div>
   <div class='ocr_carea' id='block_1_65' title="bbox 1914 3238 3471 3328">
    <p class='ocr_par' dir='ltr' id='par_1_65' title="bbox 1914 3244 3471 3328">
     <span class='ocr_line' id='line_1_66' title="bbox 1914 3244 3471 3328; baseline 0 -23"><span class='ocrx_word' id='word_1_500' title='bbox 1914 3262 1971 3305; x_wconf 86' lang='lat' dir='ltr'><strong>se</strong></span> <span class='ocrx_word' id='word_1_501' title='bbox 2002 3245 2093 3306; x_wconf 87' lang='lat' dir='ltr'><strong>vel</strong></span> <span class='ocrx_word' id='word_1_502' title='bbox 2127 3263 2332 3325; x_wconf 80' lang='lat' dir='ltr'><strong>quaws</strong></span> <span class='ocrx_word' id='word_1_503' title='bbox 2363 3264 2430 3307; x_wconf 90' lang='lat' dir='ltr'><strong>re</strong></span> <span class='ocrx_word' id='word_1_504' title='bbox 2480 3247 2658 3309; x_wconf 89' lang='lat' dir='ltr'><strong>simili</strong></span> <span class='ocrx_word' id='word_1_505' title='bbox 2713 3265 2856 3308; x_wconf 91' lang='lat' dir='ltr'><strong>usus</strong></span> <span class='ocrx_word' id='word_1_506' title='bbox 2885 3256 3000 3328; x_wconf 90' lang='lat' dir='ltr'><strong>est,</strong></span> <span class='ocrx_word' id='word_1_507' title='bbox 3035 3246 3258 3309; x_wconf 89' lang='lat' dir='ltr'><strong>nullam</strong></span> <span class='ocrx_word' id='word_1_508' title='bbox 3292 3244 3471 3307; x_wconf 90' lang='lat' dir='ltr'><strong>habet</strong></span> 
     </span>
    </p>
   </div>
   <div class='ocr_carea' id='block_1_66' title="bbox 1328 3071 1740 3151">
    <p class='ocr_par' dir='ltr' id='par_1_66' title="bbox 1328 3071 1740 3151">
     <span class='ocr_line' id='line_1_67' title="bbox 1328 3071 1740 3151; baseline 0.007 -24"><span class='ocrx_word' id='word_1_509' title='bbox 1328 3071 1449 3151; x_wconf 76' lang='grc' dir='ltr'>οὒχὶ</span> <span class='ocrx_word' id='word_1_510' title='bbox 1514 3072 1568 3128; x_wconf 70' lang='grc' dir='ltr'>δὲ</span> <span class='ocrx_word' id='word_1_511' title='bbox 1653 3076 1740 3130; x_wconf 85' lang='grc' dir='ltr'><strong>καὶ</strong></span> 
     </span>
    </p>
   </div>
   <div class='ocr_carea' id='block_1_67' title="bbox 117 3329 1739 3418">
    <p class='ocr_par' dir='ltr' id='par_1_67' title="bbox 117 3329 1739 3418">
     <span class='ocr_line' id='line_1_68' title="bbox 117 3329 1739 3418; baseline 0.01 -35"><span class='ocrx_word' id='word_1_512' title='bbox 117 3329 327 3401; x_wconf 73' lang='grc' dir='ltr'>μάλιστα</span> <span class='ocrx_word' id='word_1_513' title='bbox 357 3336 384 3389; x_wconf 86' lang='lat'><strong>6</strong></span> <span class='ocrx_word' id='word_1_514' title='bbox 429 3337 535 3402; x_wconf 76' lang='grc' dir='ltr'>τὴν</span> <span class='ocrx_word' id='word_1_515' title='bbox 570 3332 752 3402; x_wconf 83' lang='grc' dir='ltr'>ἀξίνην</span> <span class='ocrx_word' id='word_1_516' title='bbox 787 3336 1071 3402; x_wconf 76' lang='grc' dir='ltr'>ἀκοντίσας</span> <span class='ocrx_word' id='word_1_517' title='bbox 1110 3356 1122 3370; x_wconf 89' lang='grc'><strong>⁸</strong></span> <span class='ocrx_word' id='word_1_518' title='bbox 1178 3341 1266 3395; x_wconf 86' lang='grc' dir='ltr'><strong>καὶ</strong></span> <span class='ocrx_word' id='word_1_519' title='bbox 1317 3341 1416 3418; x_wconf 75' lang='grc' dir='ltr'><strong>γὰρ</strong></span> <span class='ocrx_word' id='word_1_520' title='bbox 1461 3340 1576 3398; x_wconf 77' lang='grc' dir='ltr'>οὐδὲ</span> <span class='ocrx_word' id='word_1_521' title='bbox 1633 3342 1739 3399; x_wconf 79' lang='grc' dir='ltr'>ἀπὸ</span> 
     </span>
    </p>
   </div>
   <div class='ocr_carea' id='block_1_68' title="bbox 119 3422 1740 3508">
    <p class='ocr_par' dir='ltr' id='par_1_68' title="bbox 119 3422 1740 3508">
     <span class='ocr_line' id='line_1_69' title="bbox 119 3422 1740 3508; baseline 0.012 -35"><span class='ocrx_word' id='word_1_522' title='bbox 119 3422 281 3508; x_wconf 73' lang='grc' dir='ltr'>χειρὸς</span> <span class='ocrx_word' id='word_1_523' title='bbox 309 3424 556 3500; x_wconf 76' lang='grc' dir='ltr'>φαίνεται</span> <span class='ocrx_word' id='word_1_524' title='bbox 610 3423 844 3496; x_wconf 81' lang='grc' dir='ltr'>πλήξας,</span> <span class='ocrx_word' id='word_1_525' title='bbox 877 3425 1014 3481; x_wconf 79' lang='grc' dir='ltr'>ὥστε</span> <span class='ocrx_word' id='word_1_526' title='bbox 1059 3428 1120 3482; x_wconf 85' lang='grc' dir='ltr'>τὸ</span> <span class='ocrx_word' id='word_1_527' title='bbox 1167 3427 1358 3507; x_wconf 78' lang='grc' dir='ltr'>μέτρον</span> <span class='ocrx_word' id='word_1_528' title='bbox 1389 3430 1488 3497; x_wconf 73' lang='grc' dir='ltr'>τῆς</span> <span class='ocrx_word' id='word_1_529' title='bbox 1523 3429 1740 3508; x_wconf 74' lang='grc' dir='ltr'>πληγῆς</span> 
     </span>
    </p>
   </div>
   <div class='ocr_carea' id='block_1_69' title="bbox 119 3505 1738 3596">
    <p class='ocr_par' dir='ltr' id='par_1_69' title="bbox 119 3505 1738 3596">
     <span class='ocr_line' id='line_1_70' title="bbox 119 3505 1738 3596; baseline 0.007 -33"><span class='ocrx_word' id='word_1_530' title='bbox 119 3505 190 3562; x_wconf 71' lang='grc' dir='ltr'><strong>ἔπ’</strong></span> <span class='ocrx_word' id='word_1_531' title='bbox 231 3512 366 3585; x_wconf 75' lang='grc' dir='ltr'>αὒτῴ</span> <span class='ocrx_word' id='word_1_532' title='bbox 401 3514 582 3585; x_wconf 83' lang='grc' dir='ltr'>εἶναι,</span> <span class='ocrx_word' id='word_1_533' title='bbox 616 3512 736 3569; x_wconf 83' lang='grc' dir='ltr'>ἀλλ’</span> <span class='ocrx_word' id='word_1_534' title='bbox 770 3515 1050 3580; x_wconf 80' lang='grc' dir='ltr'>ἠκοντισεν</span> <span class='ocrx_word' id='word_1_535' title='bbox 1086 3533 1102 3552; x_wconf 90' lang='grc'><strong>⁸</strong></span> <span class='ocrx_word' id='word_1_536' title='bbox 1136 3516 1275 3573; x_wconf 81' lang='grc' dir='ltr'>ὥστε</span> <span class='ocrx_word' id='word_1_537' title='bbox 1330 3519 1423 3574; x_wconf 89' lang='grc' dir='ltr'><strong>καί</strong></span> <span class='ocrx_word' id='word_1_538' title='bbox 1468 3525 1544 3592; x_wconf 86' lang='grc' dir='ltr'>τῷ</span> <span class='ocrx_word' id='word_1_539' title='bbox 1586 3521 1738 3596; x_wconf 72' lang='grc' dir='ltr'>βάρει</span> 
     </span>
    </p>
   </div>
   <div class='ocr_carea' id='block_1_70' title="bbox 119 3598 1738 3689">
    <p class='ocr_par' dir='ltr' id='par_1_70' title="bbox 119 3598 1738 3689">
     <span class='ocr_line' id='line_1_71' title="bbox 119 3598 1738 3689; baseline 0.007 -35"><span class='ocrx_word' id='word_1_540' title='bbox 119 3607 199 3655; x_wconf 74' lang='grc' dir='ltr'>τοῦ</span> <span class='ocrx_word' id='word_1_541' title='bbox 236 3598 469 3681; x_wconf 82' lang='grc' dir='ltr'>σιδήρου,</span> <span class='ocrx_word' id='word_1_542' title='bbox 511 3603 602 3658; x_wconf 80' lang='grc' dir='ltr'><strong>καὶ</strong></span> <span class='ocrx_word' id='word_1_543' title='bbox 631 3609 696 3679; x_wconf 78' lang='grc' dir='ltr'><strong>τῇ</strong></span> <span class='ocrx_word' id='word_1_544' title='bbox 748 3602 920 3679; x_wconf 76' lang='grc' dir='ltr'>ἀκμῇ,</span> <span class='ocrx_word' id='word_1_545' title='bbox 972 3607 1057 3660; x_wconf 82' lang='grc' dir='ltr'><strong>καὶ</strong></span> <span class='ocrx_word' id='word_1_546' title='bbox 1086 3611 1153 3682; x_wconf 77' lang='grc' dir='ltr'><strong>τῇ</strong></span> <span class='ocrx_word' id='word_1_547' title='bbox 1183 3604 1267 3664; x_wconf 78' lang='grc' dir='ltr'><strong>διὰ</strong></span> <span class='ocrx_word' id='word_1_548' title='bbox 1299 3607 1551 3664; x_wconf 88' lang='grc' dir='ltr'>πλείστου</span> <span class='ocrx_word' id='word_1_549' title='bbox 1581 3616 1738 3689; x_wconf 76' lang='grc' dir='ltr'>φορᾷ,</span> 
     </span>
    </p>
   </div>
   <div class='ocr_carea' id='block_1_71' title="bbox 119 3686 1741 3774">
    <p class='ocr_par' dir='ltr' id='par_1_71' title="bbox 119 3686 1741 3774">
     <span class='ocr_line' id='line_1_72' title="bbox 119 3686 1741 3774; baseline 0.01 -35"><span class='ocrx_word' id='word_1_550' title='bbox 119 3686 334 3765; x_wconf 71' lang='grc' dir='ltr'>ὀλεθρίαν</span> <span class='ocrx_word' id='word_1_551' title='bbox 387 3692 699 3769; x_wconf 79' lang='grc' dir='ltr'>ἀναγκαίως</span> <span class='ocrx_word' id='word_1_552' title='bbox 760 3694 860 3758; x_wconf 78' lang='grc' dir='ltr'><strong>τὴν</strong></span> <span class='ocrx_word' id='word_1_553' title='bbox 916 3693 1138 3771; x_wconf 71' lang='grc' dir='ltr'>πληγὴν</span> <span class='ocrx_word' id='word_1_554' title='bbox 1215 3695 1455 3774; x_wconf 79' lang='grc' dir='ltr'>γενέσθαι</span> <span class='ocrx_word' id='word_1_555' title='bbox 1490 3714 1503 3728; x_wconf 82' lang='grc'><strong>⁸</strong></span> <span class='ocrx_word' id='word_1_556' title='bbox 1581 3686 1741 3755; x_wconf 72' lang='grc' dir='ltr'>ἓκού-</span> 
     </span>
    </p>
   </div>
   <div class='ocr_carea' id='block_1_72' title="bbox 123 3775 1744 3865">
    <p class='ocr_par' dir='ltr' id='par_1_72' title="bbox 123 3775 1744 3865">
     <span class='ocr_line' id='line_1_73' title="bbox 123 3775 1744 3865; baseline 0.007 -36"><span class='ocrx_word' id='word_1_557' title='bbox 123 3795 220 3829; x_wconf 81' lang='grc' dir='ltr'>σιον</span> <span class='ocrx_word' id='word_1_558' title='bbox 272 3775 324 3832; x_wconf 76' lang='grc' dir='ltr'><strong>δὲ</strong></span> <span class='ocrx_word' id='word_1_559' title='bbox 397 3780 568 3835; x_wconf 77' lang='grc' dir='ltr'>πάλιν</span> <span class='ocrx_word' id='word_1_560' title='bbox 612 3780 914 3854; x_wconf 77' lang='grc' dir='ltr'>παντελῶς,</span> <span class='ocrx_word' id='word_1_561' title='bbox 962 3784 1049 3838; x_wconf 74' lang='grc' dir='ltr'>καὶ</span> <span class='ocrx_word' id='word_1_562' title='bbox 1109 3782 1360 3857; x_wconf 65' lang='grc' dir='ltr'>οὔδεμίαν</span> <span class='ocrx_word' id='word_1_563' title='bbox 1419 3786 1744 3865; x_wconf 77' lang='grc' dir='ltr'>ἀμφιϐολίαν</span> 
     </span>
    </p>
   </div>
   <div class='ocr_carea' id='block_1_73' title="bbox 118 3860 1744 3950">
    <p class='ocr_par' dir='ltr' id='par_1_73' title="bbox 118 3860 1744 3950">
     <span class='ocr_line' id='line_1_74' title="bbox 118 3860 1744 3950; baseline 0.006 -27"><span class='ocrx_word' id='word_1_564' title='bbox 118 3860 252 3940; x_wconf 69' lang='grc' dir='ltr'>ἕχον,</span> <span class='ocrx_word' id='word_1_565' title='bbox 284 3867 404 3923; x_wconf 71' lang='grc' dir='ltr'>οἶόν</span> <span class='ocrx_word' id='word_1_566' title='bbox 435 3868 557 3925; x_wconf 79' lang='grc' dir='ltr'>ἐστι</span> <span class='ocrx_word' id='word_1_567' title='bbox 587 3871 648 3924; x_wconf 78' lang='grc' dir='ltr'>τὸ</span> <span class='ocrx_word' id='word_1_568' title='bbox 683 3876 786 3926; x_wconf 84' lang='grc' dir='ltr'><strong>τῶν</strong></span> <span class='ocrx_word' id='word_1_569' title='bbox 831 3870 1044 3946; x_wconf 78' lang='grc' dir='ltr'>λῃστῶν</span> <span class='ocrx_word' id='word_1_570' title='bbox 1073 3873 1172 3928; x_wconf 71' lang='grc' dir='ltr'>καῖ</span> <span class='ocrx_word' id='word_1_571' title='bbox 1199 3876 1261 3929; x_wconf 83' lang='grc' dir='ltr'>τὸ</span> <span class='ocrx_word' id='word_1_572' title='bbox 1295 3880 1401 3929; x_wconf 90' lang='grc' dir='ltr'><strong>τῶν</strong></span> <span class='ocrx_word' id='word_1_573' title='bbox 1431 3875 1744 3950; x_wconf 87' lang='grc' dir='ltr'>πολεμικῶν</span> 
     </span>
    </p>
   </div>
   <div class='ocr_carea' id='block_1_74' title="bbox 119 3948 1745 4040">
    <p class='ocr_par' dir='ltr' id='par_1_74' title="bbox 119 3948 1745 4040">
     <span class='ocr_line' id='line_1_75' title="bbox 119 3948 1745 4040; baseline 0.009 -35"><span class='ocrx_word' id='word_1_574' title='bbox 119 3948 294 4040; x_wconf 57' lang='grc' dir='ltr'>ξοόδων</span> <span class='ocrx_word' id='word_1_575' title='bbox 322 3976 338 3994; x_wconf 79' lang='grc' dir='ltr'><strong>ο</strong></span> <span class='ocrx_word' id='word_1_576' title='bbox 391 3958 548 4014; x_wconf 75' lang='grc' dir='ltr'>οὗτοι</span> <span class='ocrx_word' id='word_1_577' title='bbox 593 3959 692 4033; x_wconf 78' lang='grc' dir='ltr'>μὲν</span> <span class='ocrx_word' id='word_1_578' title='bbox 733 3959 833 4037; x_wconf 77' lang='grc' dir='ltr'><strong>γὰρ</strong></span> <span class='ocrx_word' id='word_1_579' title='bbox 876 3959 962 4022; x_wconf 76' lang='grc' dir='ltr'>διὰ</span> <span class='ocrx_word' id='word_1_580' title='bbox 1010 3964 1269 4040; x_wconf 56' lang='grc' dir='ltr'>Λρήματα</span> <span class='ocrx_word' id='word_1_581' title='bbox 1323 3966 1622 4039; x_wconf 80' lang='grc' dir='ltr'>ἀναιροῦσι,</span> <span class='ocrx_word' id='word_1_582' title='bbox 1655 3967 1745 4022; x_wconf 81' lang='grc' dir='ltr'><strong>τὸν</strong></span> 
     </span>
    </p>
   </div>
   <div class='ocr_carea' id='block_1_75' title="bbox 117 4037 1746 4129">
    <p class='ocr_par' dir='ltr' id='par_1_75' title="bbox 117 4037 1746 4129">
     <span class='ocr_line' id='line_1_76' title="bbox 117 4037 1746 4129; baseline 0.01 -35"><span class='ocrx_word' id='word_1_583' title='bbox 117 4037 323 4129; x_wconf 75' lang='grc' dir='ltr'>ἔλεγχον</span> <span class='ocrx_word' id='word_1_584' title='bbox 378 4047 788 4126; x_wconf 65' lang='grc' dir='ltr'>ἀποφεύγοντες</span> <span class='ocrx_word' id='word_1_585' title='bbox 827 4065 840 4078; x_wconf 84' lang='grc'><strong>⁸</strong></span> <span class='ocrx_word' id='word_1_586' title='bbox 890 4049 943 4104; x_wconf 68' lang='grc' dir='ltr'><strong>οἵ</strong></span> <span class='ocrx_word' id='word_1_587' title='bbox 1118 4053 1173 4107; x_wconf 66' lang='grc' dir='ltr'>ἓν</span> <span class='ocrx_word' id='word_1_588' title='bbox 1217 4065 1336 4117; x_wconf 91' lang='grc' dir='ltr'>τοῖς</span> <span class='ocrx_word' id='word_1_589' title='bbox 1372 4037 1632 4129; x_wconf 77' lang='grc' dir='ltr'>πολέμοις</span> <span class='ocrx_word' id='word_1_590' title='bbox 1661 4055 1746 4110; x_wconf 76' lang='grc' dir='ltr'><strong>ἐπὶ</strong></span> 
     </span>
    </p>
   </div>
   <div class='ocr_carea' id='block_1_76' title="bbox 117 4128 1744 4224">
    <p class='ocr_par' dir='ltr' id='par_1_76' title="bbox 117 4128 1744 4224">
     <span class='ocr_line' id='line_1_77' title="bbox 117 4128 1744 4224; baseline 0.01 -40"><span class='ocrx_word' id='word_1_591' title='bbox 117 4128 285 4205; x_wconf 69' lang='grc' dir='ltr'>φόνους</span> <span class='ocrx_word' id='word_1_592' title='bbox 341 4134 632 4216; x_wconf 79' lang='grc' dir='ltr'>ἔρχονται,</span> <span class='ocrx_word' id='word_1_593' title='bbox 688 4137 808 4193; x_wconf 71' lang='grc' dir='ltr'>οὔτε</span> <span class='ocrx_word' id='word_1_594' title='bbox 867 4137 1125 4215; x_wconf 69' lang='grc' dir='ltr'>φοϐῆσαι,</span> <span class='ocrx_word' id='word_1_595' title='bbox 1197 4139 1317 4197; x_wconf 68' lang='grc' dir='ltr'>οὔτε</span> <span class='ocrx_word' id='word_1_596' title='bbox 1377 4148 1744 4224; x_wconf 72' lang='grc' dir='ltr'>σωφρονῆσαι,</span> 
     </span>
    </p>
   </div>
   <div class='ocr_carea' id='block_1_77' title="bbox 115 4216 1746 4313">
    <p class='ocr_par' dir='ltr' id='par_1_77' title="bbox 115 4216 1746 4313">
     <span class='ocr_line' id='line_1_78' title="bbox 115 4216 1746 4313; baseline 0.012 -43"><span class='ocrx_word' id='word_1_597' title='bbox 115 4216 216 4274; x_wconf 83' lang='grc' dir='ltr'>ἀλλ’</span> <span class='ocrx_word' id='word_1_598' title='bbox 271 4221 485 4281; x_wconf 78' lang='grc' dir='ltr'>ἀνελεῖν</span> <span class='ocrx_word' id='word_1_599' title='bbox 554 4232 678 4289; x_wconf 68' lang='grc' dir='ltr'>τοὺς</span> <span class='ocrx_word' id='word_1_600' title='bbox 755 4226 1194 4303; x_wconf 79' lang='grc' dir='ltr'>ἐναντιουμένους</span> <span class='ocrx_word' id='word_1_601' title='bbox 1258 4229 1319 4287; x_wconf 82' lang='grc' dir='ltr'>ὲκ</span> <span class='ocrx_word' id='word_1_602' title='bbox 1377 4216 1746 4313; x_wconf 35' lang='grc' dir='ltr'>τοῦμφανερού</span> 
     </span>
    </p>
   </div>
   <div class='ocr_carea' id='block_1_78' title="bbox 1826 3333 3474 3416">
    <p class='ocr_par' dir='ltr' id='par_1_78' title="bbox 1826 3333 3474 3416">
     <span class='ocr_line' id='line_1_79' title="bbox 1826 3333 3474 3416; baseline 0 -22"><span class='ocrx_word' id='word_1_603' title='bbox 1826 3333 2269 3396; x_wconf 85' lang='lat' dir='ltr'><strong>excusationem</strong></span> <span class='ocrx_word' id='word_1_604' title='bbox 2309 3342 2408 3396; x_wconf 92' lang='lat' dir='ltr'><strong>:et</strong></span> <span class='ocrx_word' id='word_1_605' title='bbox 2442 3339 2719 3410; x_wconf 84' lang='lat' dir='ltr'><strong>maxime,</strong></span> <span class='ocrx_word' id='word_1_606' title='bbox 2754 3337 2856 3416; x_wconf 92' lang='lat' dir='ltr'><strong>qui</strong></span> <span class='ocrx_word' id='word_1_607' title='bbox 2887 3342 3147 3398; x_wconf 89' lang='lat' dir='ltr'><strong>securim</strong></span> <span class='ocrx_word' id='word_1_608' title='bbox 3174 3335 3474 3414; x_wconf 88' lang='lat' dir='ltr'><strong>jaculatus</strong></span> 
     </span>
    </p>
   </div>
   <div class='ocr_carea' id='block_1_79' title="bbox 1825 3423 3470 3503">
    <p class='ocr_par' dir='ltr' id='par_1_79' title="bbox 1825 3423 3470 3503">
     <span class='ocr_line' id='line_1_80' title="bbox 1825 3423 3470 3503; baseline 0.001 -20"><span class='ocrx_word' id='word_1_609' title='bbox 1825 3431 1935 3484; x_wconf 90' lang='lat' dir='ltr'><strong>est.</strong></span> <span class='ocrx_word' id='word_1_610' title='bbox 1971 3423 2350 3485; x_wconf 81' lang='lat' dir='ltr'><strong>Manifestum</strong></span> <span class='ocrx_word' id='word_1_611' title='bbox 2376 3433 2466 3485; x_wconf 92' lang='lat' dir='ltr'><strong>est</strong></span> <span class='ocrx_word' id='word_1_612' title='bbox 2486 3425 2646 3485; x_wconf 91' lang='lat' dir='ltr'><strong>enim</strong></span> <span class='ocrx_word' id='word_1_613' title='bbox 2672 3427 2838 3487; x_wconf 91' lang='lat' dir='ltr'><strong>illum</strong></span> <span class='ocrx_word' id='word_1_614' title='bbox 2869 3444 3047 3486; x_wconf 90' lang='lat' dir='ltr'><strong>manu</strong></span> <span class='ocrx_word' id='word_1_615' title='bbox 3073 3444 3190 3485; x_wconf 91' lang='lat' dir='ltr'><strong>non</strong></span> <span class='ocrx_word' id='word_1_616' title='bbox 3217 3442 3470 3503; x_wconf 88' lang='lat' dir='ltr'><strong>percus-</strong></span> 
     </span>
    </p>
   </div>
   <div class='ocr_carea' id='block_1_80' title="bbox 1826 3511 3466 3592">
    <p class='ocr_par' dir='ltr' id='par_1_80' title="bbox 1826 3511 3466 3592">
     <span class='ocr_line' id='line_1_81' title="bbox 1826 3511 3466 3592; baseline 0 -18"><span class='ocrx_word' id='word_1_617' title='bbox 1826 3511 2000 3591; x_wconf 85' lang='lat' dir='ltr'><strong>sisse,</strong></span> <span class='ocrx_word' id='word_1_618' title='bbox 2037 3513 2119 3573; x_wconf 89' lang='lat' dir='ltr'><strong>ita</strong></span> <span class='ocrx_word' id='word_1_619' title='bbox 2149 3520 2214 3572; x_wconf 89' lang='lat' dir='ltr'><strong>ut</strong></span> <span class='ocrx_word' id='word_1_620' title='bbox 2246 3513 2427 3573; x_wconf 89' lang='lat' dir='ltr'><strong>ictum</strong></span> <span class='ocrx_word' id='word_1_621' title='bbox 2463 3513 2537 3574; x_wconf 89' lang='lat' dir='ltr'><strong>ad</strong></span> <span class='ocrx_word' id='word_1_622' title='bbox 2569 3512 2885 3576; x_wconf 88' lang='lat' dir='ltr'><strong>arbitrium</strong></span> <span class='ocrx_word' id='word_1_623' title='bbox 2912 3513 3210 3574; x_wconf 87' lang='lat' dir='ltr'><strong>moderari</strong></span> <span class='ocrx_word' id='word_1_624' title='bbox 3243 3520 3466 3592; x_wconf 88' lang='lat' dir='ltr'><strong>posset:</strong></span> 
     </span>
    </p>
   </div>
   <div class='ocr_carea' id='block_1_81' title="bbox 1824 3603 3472 3681">
    <p class='ocr_par' dir='ltr' id='par_1_81' title="bbox 1824 3603 3472 3681">
     <span class='ocr_line' id='line_1_82' title="bbox 1824 3603 3472 3681; baseline 0 -18"><span class='ocrx_word' id='word_1_625' title='bbox 1824 3604 1929 3664; x_wconf 90' lang='lat' dir='ltr'><strong>sed</strong></span> <span class='ocrx_word' id='word_1_626' title='bbox 1954 3603 2258 3681; x_wconf 88' lang='lat' dir='ltr'><strong>jaculatus</strong></span> <span class='ocrx_word' id='word_1_627' title='bbox 2292 3611 2404 3677; x_wconf 90' lang='lat' dir='ltr'><strong>est,</strong></span> <span class='ocrx_word' id='word_1_628' title='bbox 2440 3610 2519 3664; x_wconf 88' lang='lat' dir='ltr'><strong>ita</strong></span> <span class='ocrx_word' id='word_1_629' title='bbox 2551 3613 2613 3664; x_wconf 91' lang='lat' dir='ltr'><strong>ut</strong></span> <span class='ocrx_word' id='word_1_630' title='bbox 2645 3612 2703 3664; x_wconf 90' lang='lat' dir='ltr'><strong>et</strong></span> <span class='ocrx_word' id='word_1_631' title='bbox 2755 3604 3046 3680; x_wconf 84' lang='lat' dir='ltr'><strong>gravitate</strong></span> <span class='ocrx_word' id='word_1_632' title='bbox 3079 3604 3224 3664; x_wconf 79' lang='lat' dir='ltr'><strong>ferri</strong></span> <span class='ocrx_word' id='word_1_633' title='bbox 3257 3613 3312 3664; x_wconf 90' lang='lat' dir='ltr'><strong>et</strong></span> <span class='ocrx_word' id='word_1_634' title='bbox 3343 3603 3472 3665; x_wconf 91' lang='lat' dir='ltr'><strong>acie</strong></span> 
     </span>
    </p>
   </div>
   <div class='ocr_carea' id='block_1_82' title="bbox 1828 3693 3475 3773">
    <p class='ocr_par' dir='ltr' id='par_1_82' title="bbox 1828 3693 3475 3773">
     <span class='ocr_line' id='line_1_83' title="bbox 1828 3693 3475 3773; baseline 0.001 -20"><span class='ocrx_word' id='word_1_635' title='bbox 1828 3701 1888 3753; x_wconf 91' lang='lat' dir='ltr'><strong>et</strong></span> <span class='ocrx_word' id='word_1_636' title='bbox 1914 3703 2076 3756; x_wconf 92' lang='lat' dir='ltr'><strong>motu</strong></span> <span class='ocrx_word' id='word_1_637' title='bbox 2099 3712 2130 3754; x_wconf 94' lang='lat' dir='ltr'><strong>e</strong></span> <span class='ocrx_word' id='word_1_638' title='bbox 2155 3693 2510 3773; x_wconf 83' lang='lat' dir='ltr'><strong>longinquo,</strong></span> <span class='ocrx_word' id='word_1_639' title='bbox 2548 3694 2700 3754; x_wconf 90' lang='lat' dir='ltr'><strong>ictus</strong></span> <span class='ocrx_word' id='word_1_640' title='bbox 2724 3693 3072 3754; x_wconf 78' lang='lat' dir='ltr'><strong>necessario</strong></span> <span class='ocrx_word' id='word_1_641' title='bbox 3094 3693 3330 3754; x_wconf 85' lang='lat' dir='ltr'><strong>lethalis</strong></span> <span class='ocrx_word' id='word_1_642' title='bbox 3360 3694 3475 3754; x_wconf 83' lang='lat' dir='ltr'><strong>ﬁe-</strong></span> 
     </span>
    </p>
   </div>
   <div class='ocr_carea' id='block_1_83' title="bbox 1827 3782 3477 3857">
    <p class='ocr_par' dir='ltr' id='par_1_83' title="bbox 1827 3782 3477 3857">
     <span class='ocr_line' id='line_1_84' title="bbox 1827 3782 3477 3857; baseline 0.001 -14"><span class='ocrx_word' id='word_1_643' title='bbox 1827 3782 2180 3844; x_wconf 80' lang='lat' dir='ltr'><strong>ret.Rursus</strong></span> <span class='ocrx_word' id='word_1_644' title='bbox 2203 3792 2400 3844; x_wconf 88' lang='lat' dir='ltr'><strong>autem</strong></span> <span class='ocrx_word' id='word_1_645' title='bbox 2427 3783 2675 3844; x_wconf 89' lang='lat' dir='ltr'><strong>omnino</strong></span> <span class='ocrx_word' id='word_1_646' title='bbox 2699 3790 2788 3844; x_wconf 90' lang='lat' dir='ltr'><strong>est</strong></span> <span class='ocrx_word' id='word_1_647' title='bbox 2810 3782 3312 3857; x_wconf 83' lang='lat' dir='ltr'><strong>voluntarium,ac</strong></span> <span class='ocrx_word' id='word_1_648' title='bbox 3335 3782 3477 3845; x_wconf 90' lang='lat' dir='ltr'><strong>nul-</strong></span> 
     </span>
    </p>
   </div>
   <div class='ocr_carea' id='block_1_84' title="bbox 1828 3872 3483 3953">
    <p class='ocr_par' dir='ltr' id='par_1_84' title="bbox 1828 3872 3483 3953">
     <span class='ocr_line' id='line_1_85' title="bbox 1828 3872 3483 3953; baseline 0.002 -21"><span class='ocrx_word' id='word_1_649' title='bbox 1828 3872 1943 3932; x_wconf 92' lang='lat' dir='ltr'><strong>lam</strong></span> <span class='ocrx_word' id='word_1_650' title='bbox 1969 3872 2198 3934; x_wconf 89' lang='lat' dir='ltr'><strong>habens</strong></span> <span class='ocrx_word' id='word_1_651' title='bbox 2223 3873 2853 3953; x_wconf 86' lang='lat' dir='ltr'><strong>dubitationem,quod</strong></span> <span class='ocrx_word' id='word_1_652' title='bbox 2886 3873 2950 3934; x_wconf 83' lang='lat' dir='ltr'><strong>ﬁt</strong></span> <span class='ocrx_word' id='word_1_653' title='bbox 2969 3890 3001 3935; x_wconf 91' lang='lat' dir='ltr'><strong>a</strong></span> <span class='ocrx_word' id='word_1_654' title='bbox 3025 3873 3389 3948; x_wconf 86' lang='lat' dir='ltr'><strong>latronibus,</strong></span> <span class='ocrx_word' id='word_1_655' title='bbox 3421 3881 3483 3935; x_wconf 90' lang='lat' dir='ltr'><strong>et</strong></span> 
     </span>
    </p>
   </div>
   <div class='ocr_carea' id='block_1_85' title="bbox 1828 3961 3480 4043">
    <p class='ocr_par' dir='ltr' id='par_1_85' title="bbox 1828 3961 3480 4043">
     <span class='ocr_line' id='line_1_86' title="bbox 1828 3961 3480 4043; baseline 0.001 -21"><span class='ocrx_word' id='word_1_656' title='bbox 1828 3961 1890 4022; x_wconf 91' lang='lat' dir='ltr'><strong>in</strong></span> <span class='ocrx_word' id='word_1_657' title='bbox 1913 3961 2147 4023; x_wconf 91' lang='lat' dir='ltr'><strong>bellicis</strong></span> <span class='ocrx_word' id='word_1_658' title='bbox 2171 3963 2726 4026; x_wconf 86' lang='lat' dir='ltr'><strong>incursionibus.Hi</strong></span> <span class='ocrx_word' id='word_1_659' title='bbox 2743 3963 2902 4024; x_wconf 89' lang='lat' dir='ltr'><strong>enim</strong></span> <span class='ocrx_word' id='word_1_660' title='bbox 2927 3970 3175 4043; x_wconf 86' lang='lat' dir='ltr'><strong>prapter</strong></span> <span class='ocrx_word' id='word_1_661' title='bbox 3197 3963 3480 4043; x_wconf 87' lang='lat' dir='ltr'><strong>pecunias</strong></span> 
     </span>
    </p>
   </div>
   <div class='ocr_carea' id='block_1_86' title="bbox 1831 4052 3478 4131">
    <p class='ocr_par' dir='ltr' id='par_1_86' title="bbox 1831 4052 3478 4131">
     <span class='ocr_line' id='line_1_87' title="bbox 1831 4052 3478 4131; baseline -0.001 -17"><span class='ocrx_word' id='word_1_662' title='bbox 1831 4052 2206 4127; x_wconf 89' lang='lat' dir='ltr'><strong>interimunt,</strong></span> <span class='ocrx_word' id='word_1_663' title='bbox 2243 4061 2521 4114; x_wconf 83' lang='lat' dir='ltr'><strong>caventes</strong></span> <span class='ocrx_word' id='word_1_664' title='bbox 2564 4071 2640 4114; x_wconf 90' lang='lat' dir='ltr'><strong>ne</strong></span> <span class='ocrx_word' id='word_1_665' title='bbox 2671 4055 3108 4115; x_wconf 87' lang='lat' dir='ltr'><strong>convincantur</strong></span> <span class='ocrx_word' id='word_1_666' title='bbox 3144 4073 3157 4112; x_wconf 91' lang='lat'><strong>:</strong></span> <span class='ocrx_word' id='word_1_667' title='bbox 3189 4060 3253 4115; x_wconf 88' lang='lat' dir='ltr'><strong>et</strong></span> <span class='ocrx_word' id='word_1_668' title='bbox 3283 4053 3382 4131; x_wconf 91' lang='lat' dir='ltr'><strong>qui</strong></span> <span class='ocrx_word' id='word_1_669' title='bbox 3417 4053 3478 4113; x_wconf 93' lang='lat' dir='ltr'><strong>in</strong></span> 
     </span>
    </p>
   </div>
   <div class='ocr_carea' id='block_1_87' title="bbox 1829 4139 3479 4216">
    <p class='ocr_par' dir='ltr' id='par_1_87' title="bbox 1829 4139 3479 4216">
     <span class='ocr_line' id='line_1_88' title="bbox 1829 4139 3479 4216; baseline 0 -14"><span class='ocrx_word' id='word_1_670' title='bbox 1829 4139 2004 4202; x_wconf 90' lang='lat' dir='ltr'><strong>bellis</strong></span> <span class='ocrx_word' id='word_1_671' title='bbox 2029 4141 2100 4202; x_wconf 91' lang='lat' dir='ltr'><strong>ad</strong></span> <span class='ocrx_word' id='word_1_672' title='bbox 2128 4141 2356 4203; x_wconf 85' lang='lat' dir='ltr'><strong>caedem</strong></span> <span class='ocrx_word' id='word_1_673' title='bbox 2383 4141 2780 4215; x_wconf 85' lang='lat' dir='ltr'><strong>feruntur,his</strong></span> <span class='ocrx_word' id='word_1_674' title='bbox 2801 4159 2914 4203; x_wconf 91' lang='lat' dir='ltr'><strong>nec</strong></span> <span class='ocrx_word' id='word_1_675' title='bbox 2943 4151 3317 4216; x_wconf 91' lang='lat' dir='ltr'><strong>terrere,nec</strong></span> <span class='ocrx_word' id='word_1_676' title='bbox 3342 4159 3479 4202; x_wconf 86' lang='lat' dir='ltr'><strong>cas-</strong></span> 
     </span>
    </p>
   </div>
   <div class='ocr_carea' id='block_1_88' title="bbox 1829 4230 3479 4312">
    <p class='ocr_par' dir='ltr' id='par_1_88' title="bbox 1829 4230 3479 4312">
     <span class='ocr_line' id='line_1_89' title="bbox 1829 4230 3479 4312; baseline -0.001 -20"><span class='ocrx_word' id='word_1_677' title='bbox 1829 4231 2154 4308; x_wconf 84' lang='lat' dir='ltr'><strong>tigare,sed</strong></span> <span class='ocrx_word' id='word_1_678' title='bbox 2186 4231 2565 4293; x_wconf 89' lang='lat' dir='ltr'><strong>adversarios</strong></span> <span class='ocrx_word' id='word_1_679' title='bbox 2595 4231 2943 4294; x_wconf 76' lang='lat' dir='ltr'><strong>interficere</strong></span> <span class='ocrx_word' id='word_1_680' title='bbox 2969 4240 3178 4312; x_wconf 88' lang='lat' dir='ltr'><strong>aperte</strong></span> <span class='ocrx_word' id='word_1_681' title='bbox 3207 4230 3479 4310; x_wconf 86' lang='lat' dir='ltr'><strong>proposi-</strong></span> 
     </span>
    </p>
   </div>
   <div class='ocr_carea' id='block_1_89' title="bbox 115 4314 1672 4402">
    <p class='ocr_par' dir='ltr' id='par_1_89' title="bbox 115 4314 1672 4391">
     <span class='ocr_line' id='line_1_90' title="bbox 115 4314 1672 4391; baseline 0.011 -31"><span class='ocrx_word' id='word_1_682' title='bbox 115 4314 503 4389; x_wconf 83' lang='grc' dir='ltr'>προαιρούμενοι</span> <span class='ocrx_word' id='word_1_683' title='bbox 543 4329 559 4344; x_wconf 87' lang='grc'><strong>⁸</strong></span> <span class='ocrx_word' id='word_1_684' title='bbox 616 4317 704 4372; x_wconf 71' lang='grc' dir='ltr'>ναὶ</span> <span class='ocrx_word' id='word_1_685' title='bbox 755 4317 941 4391; x_wconf 81' lang='grc' dir='ltr'>μέντοι</span> <span class='ocrx_word' id='word_1_686' title='bbox 987 4318 1084 4374; x_wconf 73' lang='grc' dir='ltr'><strong>κᾶν</strong></span> <span class='ocrx_word' id='word_1_687' title='bbox 1117 4317 1186 4374; x_wconf 80' lang='grc' dir='ltr'>δι’</span> <span class='ocrx_word' id='word_1_688' title='bbox 1220 4319 1394 4387; x_wconf 78' lang='grc' dir='ltr'>ἄλλην</span> <span class='ocrx_word' id='word_1_689' title='bbox 1426 4323 1545 4378; x_wconf 79' lang='grc' dir='ltr'>τινὰ</span> <span class='ocrx_word' id='word_1_690' title='bbox 1577 4324 1672 4378; x_wconf 73' lang='grc' dir='ltr'>αἱτί</span> 
     </span>
    </p>
   </div>
   <div class='ocr_carea' id='block_1_90' title="bbox 1921 4314 3478 4402">
    <p class='ocr_par' dir='ltr' id='par_1_90' title="bbox 1921 4320 3478 4402">
     <span class='ocr_line' id='line_1_91' title="bbox 1921 4320 3478 4402; baseline -0.001 -21"><span class='ocrx_word' id='word_1_691' title='bbox 1921 4339 1950 4381; x_wconf 87' lang='lat' dir='ltr'><strong>n</strong></span> <span class='ocrx_word' id='word_1_692' title='bbox 1977 4322 2296 4401; x_wconf 90' lang='lat' dir='ltr'><strong>est.Atque</strong></span> <span class='ocrx_word' id='word_1_693' title='bbox 2321 4323 2550 4382; x_wconf 87' lang='lat' dir='ltr'><strong>etiamsi</strong></span> <span class='ocrx_word' id='word_1_694' title='bbox 2578 4321 2710 4400; x_wconf 72' lang='lat' dir='ltr'><strong>Quis</strong></span> <span class='ocrx_word' id='word_1_695' title='bbox 2734 4329 2984 4402; x_wconf 82' lang='lat' dir='ltr'><strong>propter</strong></span> <span class='ocrx_word' id='word_1_696' title='bbox 3014 4321 3272 4402; x_wconf 84' lang='lat' dir='ltr'><strong>aliquam</strong></span> <span class='ocrx_word' id='word_1_697' title='bbox 3301 4320 3478 4382; x_wconf 89' lang='lat' dir='ltr'><strong>aliam</strong></span> 
     </span>
    </p>
   </div>
   <div class='ocr_carea' id='block_1_91' title="bbox 117 4401 1674 4491">
    <p class='ocr_par' dir='ltr' id='par_1_91' title="bbox 117 4401 1674 4491">
     <span class='ocr_line' id='line_1_92' title="bbox 117 4401 1674 4491; baseline 0.012 -41"><span class='ocrx_word' id='word_1_698' title='bbox 117 4401 390 4480; x_wconf 67' lang='grc' dir='ltr'>περίεργον,</span> <span class='ocrx_word' id='word_1_699' title='bbox 427 4405 721 4483; x_wconf 69' lang='grc' dir='ltr'>φάρμακόθ</span> <span class='ocrx_word' id='word_1_700' title='bbox 775 4428 856 4470; x_wconf 87' lang='grc' dir='ltr'><strong>τις</strong></span> <span class='ocrx_word' id='word_1_701' title='bbox 913 4408 1205 4486; x_wconf 78' lang='grc' dir='ltr'>ἐγκεράσῃ,</span> <span class='ocrx_word' id='word_1_702' title='bbox 1267 4409 1430 4487; x_wconf 81' lang='grc' dir='ltr'>ἀνέλῃ</span> <span class='ocrx_word' id='word_1_703' title='bbox 1461 4409 1541 4491; x_wconf 71' lang='grc' dir='ltr'>δὲ,</span> <span class='ocrx_word' id='word_1_704' title='bbox 1588 4413 1674 4468; x_wconf 77' lang='grc' dir='ltr'>ἑκο</span> 
     </span>
    </p>
   </div>
   <div class='ocr_carea' id='block_1_92' title="bbox 1924 4401 3481 4491">
    <p class='ocr_par' dir='ltr' id='par_1_92' title="bbox 1924 4401 3481 4489">
     <span class='ocr_line' id='line_1_93' title="bbox 1924 4401 3481 4489; baseline -0.001 -17"><span class='ocrx_word' id='word_1_705' title='bbox 1924 4429 2065 4472; x_wconf 85' lang='lat' dir='ltr'><strong>isam</strong></span> <span class='ocrx_word' id='word_1_706' title='bbox 2090 4412 2395 4474; x_wconf 90' lang='lat' dir='ltr'><strong>curiosum</strong></span> <span class='ocrx_word' id='word_1_707' title='bbox 2418 4413 2810 4489; x_wconf 86' lang='lat' dir='ltr'><strong>pharmacum</strong></span> <span class='ocrx_word' id='word_1_708' title='bbox 2837 4401 3171 4487; x_wconf 85' lang='lat' dir='ltr'><strong>miscuerit,</strong></span> <span class='ocrx_word' id='word_1_709' title='bbox 3197 4419 3257 4474; x_wconf 92' lang='lat' dir='ltr'><strong>et</strong></span> <span class='ocrx_word' id='word_1_710' title='bbox 3286 4411 3481 4471; x_wconf 86' lang='lat' dir='ltr'><strong>inter-</strong></span> 
     </span>
    </p>
   </div>
   <div class='ocr_carea' id='block_1_93' title="bbox 117 4493 1674 4582">
    <p class='ocr_par' dir='ltr' id='par_1_93' title="bbox 117 4493 1674 4579">
     <span class='ocr_line' id='line_1_94' title="bbox 117 4493 1674 4579; baseline 0.01 -36"><span class='ocrx_word' id='word_1_711' title='bbox 117 4508 214 4543; x_wconf 80' lang='grc' dir='ltr'>σιον</span> <span class='ocrx_word' id='word_1_712' title='bbox 241 4493 487 4568; x_wconf 84' lang='grc' dir='ltr'>τιθέμεθα</span> <span class='ocrx_word' id='word_1_713' title='bbox 532 4497 600 4552; x_wconf 79' lang='grc' dir='ltr'>τὸ</span> <span class='ocrx_word' id='word_1_714' title='bbox 643 4503 907 4572; x_wconf 74' lang='grc' dir='ltr'>τοιοῦτον,</span> <span class='ocrx_word' id='word_1_715' title='bbox 957 4499 1077 4554; x_wconf 74' lang='grc' dir='ltr'>οἷον</span> <span class='ocrx_word' id='word_1_716' title='bbox 1132 4507 1374 4556; x_wconf 79' lang='grc' dir='ltr'>ποιοῦσιν</span> <span class='ocrx_word' id='word_1_717' title='bbox 1407 4502 1460 4558; x_wconf 79' lang='grc' dir='ltr'>αἱ</span> <span class='ocrx_word' id='word_1_718' title='bbox 1493 4515 1674 4579; x_wconf 61' lang='grc' dir='ltr'>γυναῖν</span> 
     </span>
    </p>
   </div>
   <div class='ocr_carea' id='block_1_94' title="bbox 1920 4493 3477 4582">
    <p class='ocr_par' dir='ltr' id='par_1_94' title="bbox 1925 4500 3477 4582">
     <span class='ocr_line' id='line_1_95' title="bbox 1925 4500 3477 4582; baseline -0.001 -20"><span class='ocrx_word' id='word_1_719' title='bbox 1925 4502 2060 4577; x_wconf 91' lang='lat' dir='ltr'><strong>erit,</strong></span> <span class='ocrx_word' id='word_1_720' title='bbox 2095 4502 2154 4561; x_wconf 91' lang='lat' dir='ltr'><strong>id</strong></span> <span class='ocrx_word' id='word_1_721' title='bbox 2214 4520 2322 4582; x_wconf 90' lang='lat' dir='ltr'><strong>pro</strong></span> <span class='ocrx_word' id='word_1_722' title='bbox 2382 4501 2722 4563; x_wconf 87' lang='lat' dir='ltr'><strong>voluntario</strong></span> <span class='ocrx_word' id='word_1_723' title='bbox 2753 4502 3072 4577; x_wconf 89' lang='lat' dir='ltr'><strong>ducimus;</strong></span> <span class='ocrx_word' id='word_1_724' title='bbox 3107 4511 3167 4562; x_wconf 89' lang='lat' dir='ltr'><strong>ut</strong></span> <span class='ocrx_word' id='word_1_725' title='bbox 3197 4519 3356 4581; x_wconf 67' lang='lat' dir='ltr'><strong>saepe</strong></span> <span class='ocrx_word' id='word_1_726' title='bbox 3385 4500 3477 4561; x_wconf 87' lang='lat' dir='ltr'><strong>fa-</strong></span> 
     </span>
    </p>
   </div>
   <div class='ocr_carea' id='block_1_95' title="bbox 118 4576 1675 4672">
    <p class='ocr_par' dir='ltr' id='par_1_95' title="bbox 118 4576 1650 4669">
     <span class='ocr_line' id='line_1_96' title="bbox 118 4576 1650 4669; baseline 0.012 -40"><span class='ocrx_word' id='word_1_727' title='bbox 118 4576 362 4645; x_wconf 76' lang='grc' dir='ltr'>πολλάκις</span> <span class='ocrx_word' id='word_1_728' title='bbox 420 4583 738 4659; x_wconf 80' lang='grc' dir='ltr'>ἐπαοιδαῖς,</span> <span class='ocrx_word' id='word_1_729' title='bbox 779 4608 886 4642; x_wconf 78' lang='grc' dir='ltr'>τισι</span> <span class='ocrx_word' id='word_1_730' title='bbox 937 4589 1027 4643; x_wconf 80' lang='grc' dir='ltr'><strong>καὶ</strong></span> <span class='ocrx_word' id='word_1_731' title='bbox 1085 4587 1469 4665; x_wconf 81' lang='grc' dir='ltr'>καταδέσμοις,</span> <span class='ocrx_word' id='word_1_732' title='bbox 1521 4593 1650 4669; x_wconf 77' lang='grc' dir='ltr'>πρὸς</span> 
     </span>
    </p>
   </div>
   <div class='ocr_carea' id='block_1_96' title="bbox 1923 4576 3480 4672">
    <p class='ocr_par' dir='ltr' id='par_1_96' title="bbox 1931 4576 3480 4672">
     <span class='ocr_line' id='line_1_97' title="bbox 1931 4576 3480 4672; baseline -0.001 -20"><span class='ocrx_word' id='word_1_733' title='bbox 1931 4601 1991 4652; x_wconf 93' lang='lat' dir='ltr'><strong>nt</strong></span> <span class='ocrx_word' id='word_1_734' title='bbox 2023 4576 2336 4668; x_wconf 77' lang='lat' dir='ltr'><strong>mulieres,</strong></span> <span class='ocrx_word' id='word_1_735' title='bbox 2394 4610 2526 4671; x_wconf 85' lang='lat' dir='ltr'><strong>quae</strong></span> <span class='ocrx_word' id='word_1_736' title='bbox 2579 4591 2936 4672; x_wconf 84' lang='lat' dir='ltr'><strong>quibusdam</strong></span> <span class='ocrx_word' id='word_1_737' title='bbox 2971 4576 3480 4652; x_wconf 82' lang='lat' dir='ltr'><strong>incantationibus</strong></span> 
     </span>
    </p>
   </div>
   <div class='ocr_carea' id='block_1_97' title="bbox 120 4666 1677 4760">
    <p class='ocr_par' dir='ltr' id='par_1_97' title="bbox 120 4666 1677 4760">
     <span class='ocr_line' id='line_1_98' title="bbox 120 4666 1677 4760; baseline 0.01 -39"><span class='ocrx_word' id='word_1_738' title='bbox 120 4666 299 4760; x_wconf 43' lang='grc' dir='ltr'>ἑαυτῶν</span> <span class='ocrx_word' id='word_1_739' title='bbox 368 4674 590 4753; x_wconf 68' lang='grc' dir='ltr'>φίλτρον</span> <span class='ocrx_word' id='word_1_740' title='bbox 656 4676 941 4755; x_wconf 72' lang='grc' dir='ltr'>ἐπάγεσθαι</span> <span class='ocrx_word' id='word_1_741' title='bbox 999 4678 1351 4756; x_wconf 87' lang='grc' dir='ltr'>πειρώμεναι,</span> <span class='ocrx_word' id='word_1_742' title='bbox 1409 4683 1498 4737; x_wconf 84' lang='grc' dir='ltr'>καὶ</span> <span class='ocrx_word' id='word_1_743' title='bbox 1555 4666 1677 4758; x_wconf 73' lang='grc' dir='ltr'>προξ</span> 
     </span>
    </p>
   </div>
   <div class='ocr_carea' id='block_1_98' title="bbox 1922 4666 3479 4760">
    <p class='ocr_par' dir='ltr' id='par_1_98' title="bbox 1922 4666 3479 4760">
     <span class='ocr_line' id='line_1_99' title="bbox 1922 4666 3479 4760; baseline -0.003 -18"><span class='ocrx_word' id='word_1_744' title='bbox 1922 4680 2194 4742; x_wconf 83' lang='lat' dir='ltr'><strong>amuletis</strong></span> <span class='ocrx_word' id='word_1_745' title='bbox 2225 4681 2298 4742; x_wconf 87' lang='lat' dir='ltr'><strong>ad</strong></span> <span class='ocrx_word' id='word_1_746' title='bbox 2322 4666 2429 4742; x_wconf 86' lang='lat' dir='ltr'><strong>sui</strong></span> <span class='ocrx_word' id='word_1_747' title='bbox 2477 4666 2746 4742; x_wconf 72' lang='lat' dir='ltr'><strong>amorem</strong></span> <span class='ocrx_word' id='word_1_748' title='bbox 2783 4681 3017 4760; x_wconf 89' lang='lat' dir='ltr'><strong>aliquos</strong></span> <span class='ocrx_word' id='word_1_749' title='bbox 3050 4681 3357 4741; x_wconf 86' lang='lat' dir='ltr'><strong>attrahere</strong></span> <span class='ocrx_word' id='word_1_750' title='bbox 3383 4697 3479 4738; x_wconf 92' lang='lat' dir='ltr'><strong>co-</strong></span> 
     </span>
    </p>
   </div>
   <div class='ocr_carea' id='block_1_99' title="bbox 121 4751 1678 4851">
    <p class='ocr_par' dir='ltr' id='par_1_99' title="bbox 121 4751 1678 4844">
     <span class='ocr_line' id='line_1_100' title="bbox 121 4751 1678 4844; baseline 0.01 -34"><span class='ocrx_word' id='word_1_751' title='bbox 121 4751 280 4814; x_wconf 77' lang='grc' dir='ltr'>δοῦσαι</span> <span class='ocrx_word' id='word_1_752' title='bbox 337 4763 531 4827; x_wconf 72' lang='grc' dir='ltr'>αὖτοῖς</span> <span class='ocrx_word' id='word_1_753' title='bbox 590 4765 871 4844; x_wconf 73' lang='grc' dir='ltr'>φάρμακα,</span> <span class='ocrx_word' id='word_1_754' title='bbox 928 4767 1190 4822; x_wconf 86' lang='grc' dir='ltr'>σκότωσιν</span> <span class='ocrx_word' id='word_1_755' title='bbox 1242 4769 1566 4843; x_wconf 80' lang='grc' dir='ltr'>ἐμποιοῦντα</span> <span class='ocrx_word' id='word_1_756' title='bbox 1619 4793 1678 4826; x_wconf 87' lang='grc' dir='ltr'><strong>τα</strong></span> 
     </span>
    </p>
   </div>
   <div class='ocr_carea' id='block_1_100' title="bbox 1922 4751 3479 4851">
    <p class='ocr_par' dir='ltr' id='par_1_100' title="bbox 1922 4751 3479 4851">
     <span class='ocr_line' id='line_1_101' title="bbox 1922 4751 3479 4851; baseline -0.002 -21"><span class='ocrx_word' id='word_1_757' title='bbox 1922 4779 2069 4845; x_wconf 78' lang='lat' dir='ltr'><strong>ntur,</strong></span> <span class='ocrx_word' id='word_1_758' title='bbox 2105 4771 2372 4851; x_wconf 86' lang='lat' dir='ltr'><strong>dantque</strong></span> <span class='ocrx_word' id='word_1_759' title='bbox 2402 4771 2540 4830; x_wconf 70' lang='grc'>452</span> <span class='ocrx_word' id='word_1_760' title='bbox 2578 4773 2665 4831; x_wconf 89' lang='lat' dir='ltr'><strong>eis</strong></span> <span class='ocrx_word' id='word_1_761' title='bbox 2691 4751 3014 4847; x_wconf 75' lang='lat' dir='ltr'><strong>pharuiaca</strong></span> <span class='ocrx_word' id='word_1_762' title='bbox 3045 4767 3348 4829; x_wconf 88' lang='lat' dir='ltr'><strong>mentibus</strong></span> <span class='ocrx_word' id='word_1_763' title='bbox 3381 4776 3479 4827; x_wconf 88' lang='lat' dir='ltr'><strong>te-</strong></span> 
     </span>
    </p>
   </div>
   <div class='ocr_carea' id='block_1_101' title="bbox 121 4842 1678 4938">
    <p class='ocr_par' dir='ltr' id='par_1_101' title="bbox 121 4842 1674 4938">
     <span class='ocr_line' id='line_1_102' title="bbox 121 4842 1674 4938; baseline 0.012 -41"><span class='ocrx_word' id='word_1_764' title='bbox 121 4842 348 4914; x_wconf 77' lang='grc' dir='ltr'>διανοίαις</span> <span class='ocrx_word' id='word_1_765' title='bbox 387 4872 399 4884; x_wconf 93' lang='grc'><strong>⁸</strong></span> <span class='ocrx_word' id='word_1_766' title='bbox 451 4856 506 4909; x_wconf 82' lang='grc' dir='ltr'>αἱ</span> <span class='ocrx_word' id='word_1_767' title='bbox 553 4865 794 4913; x_wconf 81' lang='grc' dir='ltr'>τοιαῦται</span> <span class='ocrx_word' id='word_1_768' title='bbox 840 4855 1152 4927; x_wconf 83' lang='grc' dir='ltr'>ἀνελοῦσαι,</span> <span class='ocrx_word' id='word_1_769' title='bbox 1186 4859 1230 4913; x_wconf 78' lang='grc' dir='ltr'><strong>εἰ</strong></span> <span class='ocrx_word' id='word_1_770' title='bbox 1278 4859 1368 4914; x_wconf 85' lang='grc' dir='ltr'>καί</span> <span class='ocrx_word' id='word_1_771' title='bbox 1427 4859 1560 4916; x_wconf 76' lang='grc' dir='ltr'>ἄλλο</span> <span class='ocrx_word' id='word_1_772' title='bbox 1605 4882 1674 4938; x_wconf 81' lang='grc' dir='ltr'><strong>πρ</strong></span> 
     </span>
    </p>
   </div>
   <div class='ocr_carea' id='block_1_102' title="bbox 1926 4842 3483 4938">
    <p class='ocr_par' dir='ltr' id='par_1_102' title="bbox 1926 4842 3483 4936">
     <span class='ocr_line' id='line_1_103' title="bbox 1926 4842 3483 4936; baseline -0.004 -16"><span class='ocrx_word' id='word_1_773' title='bbox 1926 4842 2574 4922; x_wconf 60' lang='grc' dir='ltr'>ιτεεόίΐυηι]ἒηῑὶα.Ηθε</span> <span class='ocrx_word' id='word_1_774' title='bbox 2593 4842 2815 4936; x_wconf 54' lang='grc' dir='ltr'><strong>θῖςόβὶ</strong></span> <span class='ocrx_word' id='word_1_775' title='bbox 2834 4855 3483 4927; x_wconf 83' lang='lat' dir='ltr'><strong>interfecerint,etiam-</strong></span> 
     </span>
    </p>
   </div>
   <div class='ocr_carea' id='block_1_103' title="bbox 121 4931 1678 5026">
    <p class='ocr_par' dir='ltr' id='par_1_103' title="bbox 121 4931 1678 5026">
     <span class='ocr_line' id='line_1_104' title="bbox 121 4931 1678 5026; baseline 0.01 -37"><span class='ocrx_word' id='word_1_776' title='bbox 121 4931 374 5016; x_wconf 71' lang='grc' dir='ltr'>ελόμεναι,</span> <span class='ocrx_word' id='word_1_777' title='bbox 409 4941 548 4999; x_wconf 74' lang='grc' dir='ltr'>ἄλλο</span> <span class='ocrx_word' id='word_1_778' title='bbox 595 4943 874 5018; x_wconf 76' lang='grc' dir='ltr'>ἐποίησαν,</span> <span class='ocrx_word' id='word_1_779' title='bbox 910 4944 1056 5019; x_wconf 67' lang='grc' dir='ltr'>ὅμως</span> <span class='ocrx_word' id='word_1_780' title='bbox 1109 4945 1194 5002; x_wconf 84' lang='grc' dir='ltr'><strong>διὰ</strong></span> <span class='ocrx_word' id='word_1_781' title='bbox 1239 4949 1297 5002; x_wconf 77' lang='grc' dir='ltr'>τὸ</span> <span class='ocrx_word' id='word_1_782' title='bbox 1351 4949 1629 5026; x_wconf 89' lang='grc' dir='ltr'>περίεργον</span> <span class='ocrx_word' id='word_1_783' title='bbox 1648 4931 1678 5004; x_wconf 46' lang='grc' dir='ltr'><strong>’γ</strong></span> 
     </span>
    </p>
   </div>
   <div class='ocr_carea' id='block_1_104' title="bbox 1923 4931 3480 5026">
    <p class='ocr_par' dir='ltr' id='par_1_104' title="bbox 1923 4931 3480 5025">
     <span class='ocr_line' id='line_1_105' title="bbox 1923 4931 3480 5025; baseline -0.003 -15"><span class='ocrx_word' id='word_1_784' title='bbox 1923 4950 2072 5011; x_wconf 66' lang='lat' dir='ltr'><strong>aliud</strong></span> <span class='ocrx_word' id='word_1_785' title='bbox 2106 4951 2404 5025; x_wconf 87' lang='lat' dir='ltr'><strong>volentes,</strong></span> <span class='ocrx_word' id='word_1_786' title='bbox 2440 4949 2600 5010; x_wconf 85' lang='lat' dir='ltr'><strong>aliud</strong></span> <span class='ocrx_word' id='word_1_787' title='bbox 2664 4931 2938 5019; x_wconf 59' lang='lat' dir='ltr'><strong>fecerint,</strong></span> <span class='ocrx_word' id='word_1_788' title='bbox 2989 4955 3185 5007; x_wconf 90' lang='lat' dir='ltr'><strong>tamen</strong></span> <span class='ocrx_word' id='word_1_789' title='bbox 3236 4953 3480 5024; x_wconf 88' lang='lat' dir='ltr'><strong>propter</strong></span> 
     </span>
    </p>
   </div>
   <div class='ocr_carea' id='block_1_105' title="bbox 122 5022 1679 5119">
    <p class='ocr_par' dir='ltr' id='par_1_105' title="bbox 122 5022 1679 5114">
     <span class='ocr_line' id='line_1_106' title="bbox 122 5022 1679 5114; baseline 0.001 -22"><span class='ocrx_word' id='word_1_790' title='bbox 122 5022 547 5106; x_wconf 73' lang='grc' dir='ltr'>ἀπηγορευμένον</span> <span class='ocrx_word' id='word_1_791' title='bbox 607 5037 706 5101; x_wconf 78' lang='grc' dir='ltr'><strong>τῆς</strong></span> <span class='ocrx_word' id='word_1_792' title='bbox 749 5033 1164 5114; x_wconf 73' lang='grc' dir='ltr'>ἒπιτηδεύσεως,</span> <span class='ocrx_word' id='word_1_793' title='bbox 1219 5039 1276 5092; x_wconf 69' lang='grc' dir='ltr'>ἓν</span> <span class='ocrx_word' id='word_1_794' title='bbox 1324 5051 1446 5101; x_wconf 85' lang='grc' dir='ltr'>τοῖς</span> <span class='ocrx_word' id='word_1_795' title='bbox 1492 5039 1679 5095; x_wconf 73' lang='grc' dir='ltr'>ἓκουσίι</span> 
     </span>
    </p>
   </div>
   <div class='ocr_carea' id='block_1_106' title="bbox 1920 5022 3477 5119">
    <p class='ocr_par' dir='ltr' id='par_1_106' title="bbox 1920 5022 3477 5119">
     <span class='ocr_line' id='line_1_107' title="bbox 1920 5022 3477 5119; baseline -0.003 -20"><span class='ocrx_word' id='word_1_796' title='bbox 1920 5040 2134 5099; x_wconf 76' lang='grc' dir='ltr'>ε·ἱοευηι</span> <span class='ocrx_word' id='word_1_797' title='bbox 2192 5047 2248 5100; x_wconf 90' lang='lat' dir='ltr'><strong>et</strong></span> <span class='ocrx_word' id='word_1_798' title='bbox 2307 5022 2679 5119; x_wconf 87' lang='lat' dir='ltr'><strong>prohibitum</strong></span> <span class='ocrx_word' id='word_1_799' title='bbox 2743 5041 3087 5116; x_wconf 88' lang='lat' dir='ltr'><strong>opusinter</strong></span> <span class='ocrx_word' id='word_1_800' title='bbox 3112 5022 3477 5096; x_wconf 82' lang='lat' dir='ltr'><strong>voluntarios</strong></span> 
     </span>
    </p>
   </div>
   <div class='ocr_carea' id='block_1_107' title="bbox 123 5118 1680 5205">
    <p class='ocr_par' dir='ltr' id='par_1_107' title="bbox 123 5118 1680 5203">
     <span class='ocr_line' id='line_1_108' title="bbox 123 5118 1680 5203; baseline 0.012 -37"><span class='ocrx_word' id='word_1_801' title='bbox 123 5118 377 5186; x_wconf 60' lang='grc' dir='ltr'><strong>¹φονεύουσι</strong></span> <span class='ocrx_word' id='word_1_802' title='bbox 420 5120 872 5200; x_wconf 80' lang='grc' dir='ltr'>καταλογίζονται</span> <span class='ocrx_word' id='word_1_803' title='bbox 909 5145 923 5158; x_wconf 87' lang='grc'><strong>⁸</strong></span> <span class='ocrx_word' id='word_1_804' title='bbox 973 5126 1059 5181; x_wconf 83' lang='grc' dir='ltr'><strong>καὶ</strong></span> <span class='ocrx_word' id='word_1_805' title='bbox 1120 5129 1168 5182; x_wconf 73' lang='grc' dir='ltr'>αἱ</span> <span class='ocrx_word' id='word_1_806' title='bbox 1217 5129 1391 5182; x_wconf 67' lang='grc' dir='ltr'>τοίθυν</span> <span class='ocrx_word' id='word_1_807' title='bbox 1421 5129 1487 5184; x_wconf 78' lang='grc' dir='ltr'>τὰ</span> <span class='ocrx_word' id='word_1_808' title='bbox 1517 5126 1680 5203; x_wconf 52' lang='lat' dir='ltr'><strong>suam</strong></span> 
     </span>
    </p>
   </div>
   <div class='ocr_carea' id='block_1_108' title="bbox 1923 5118 3480 5205">
    <p class='ocr_par' dir='ltr' id='par_1_108' title="bbox 1923 5118 3480 5205">
     <span class='ocr_line' id='line_1_109' title="bbox 1923 5118 3480 5205; baseline -0.002 -17"><span class='ocrx_word' id='word_1_809' title='bbox 1923 5129 2164 5190; x_wconf 85' lang='lat' dir='ltr'><strong>micidas</strong></span> <span class='ocrx_word' id='word_1_810' title='bbox 2226 5118 2606 5205; x_wconf 86' lang='lat' dir='ltr'><strong>reputantur.</strong></span> <span class='ocrx_word' id='word_1_811' title='bbox 2667 5125 2874 5204; x_wconf 88' lang='lat' dir='ltr'><strong>Itaque</strong></span> <span class='ocrx_word' id='word_1_812' title='bbox 2931 5132 2991 5186; x_wconf 89' lang='lat' dir='ltr'><strong>et</strong></span> <span class='ocrx_word' id='word_1_813' title='bbox 3048 5141 3179 5204; x_wconf 65' lang='lat' dir='ltr'><strong>quae</strong></span> <span class='ocrx_word' id='word_1_814' title='bbox 3211 5125 3480 5202; x_wconf 84' lang='lat' dir='ltr'><strong>praebent</strong></span> 
     </span>
    </p>
   </div>
   <div class='ocr_carea' id='block_1_109' title="bbox 120 5201 1677 5298">
    <p class='ocr_par' dir='ltr' id='par_1_109' title="bbox 120 5201 1677 5294">
     <span class='ocr_line' id='line_1_110' title="bbox 120 5201 1677 5294; baseline 0.012 -41"><span class='ocrx_word' id='word_1_815' title='bbox 120 5201 263 5276; x_wconf 71' lang='grc' dir='ltr'>θρίὸια</span> <span class='ocrx_word' id='word_1_816' title='bbox 290 5205 528 5267; x_wconf 72' lang='grc' dir='ltr'>διδοῦσαι</span> <span class='ocrx_word' id='word_1_817' title='bbox 588 5214 864 5290; x_wconf 66' lang='grc' dir='ltr'>φάρμακα,</span> <span class='ocrx_word' id='word_1_818' title='bbox 903 5215 1201 5294; x_wconf 72' lang='grc' dir='ltr'>φονεύτριαί</span> <span class='ocrx_word' id='word_1_819' title='bbox 1234 5218 1331 5272; x_wconf 82' lang='grc' dir='ltr'>εἱσι</span> <span class='ocrx_word' id='word_1_820' title='bbox 1363 5219 1450 5274; x_wconf 86' lang='grc' dir='ltr'><strong>καὶ</strong></span> <span class='ocrx_word' id='word_1_821' title='bbox 1479 5217 1629 5275; x_wconf 76' lang='grc' dir='ltr'>αὐταὶ</span> <span class='ocrx_word' id='word_1_822' title='bbox 1660 5240 1677 5272; x_wconf 68' lang='grc' dir='ltr'><strong>ιι</strong></span> 
     </span>
    </p>
   </div>
   <div class='ocr_carea' id='block_1_110' title="bbox 1918 5201 3475 5298">
    <p class='ocr_par' dir='ltr' id='par_1_110' title="bbox 1918 5201 3475 5294">
     <span class='ocr_line' id='line_1_111' title="bbox 1918 5201 3475 5294; baseline -0.001 -16"><span class='ocrx_word' id='word_1_823' title='bbox 1918 5235 2156 5279; x_wconf 88' lang='lat' dir='ltr'><strong>armaca</strong></span> <span class='ocrx_word' id='word_1_824' title='bbox 2189 5201 2463 5278; x_wconf 71' lang='lat' dir='ltr'><strong>abortum</strong></span> <span class='ocrx_word' id='word_1_825' title='bbox 2498 5214 2744 5287; x_wconf 87' lang='lat' dir='ltr'><strong>cientia,</strong></span> <span class='ocrx_word' id='word_1_826' title='bbox 2779 5201 2921 5275; x_wconf 80' lang='lat' dir='ltr'><strong>sunt</strong></span> <span class='ocrx_word' id='word_1_827' title='bbox 2951 5221 3012 5275; x_wconf 90' lang='lat' dir='ltr'><strong>et</strong></span> <span class='ocrx_word' id='word_1_828' title='bbox 3043 5201 3185 5294; x_wconf 79' lang='lat' dir='ltr'><strong>ipsae</strong></span> <span class='ocrx_word' id='word_1_829' title='bbox 3216 5201 3475 5276; x_wconf 84' lang='lat' dir='ltr'><strong>homici-</strong></span> 
     </span>
    </p>
   </div>
   <div class='ocr_carea' id='block_1_111' title="bbox 124 5291 1681 5385">
    <p class='ocr_par' dir='ltr' id='par_1_111' title="bbox 124 5291 1286 5383">
     <span class='ocr_line' id='line_1_112' title="bbox 124 5291 1286 5383; baseline 0.022 -41"><span class='ocrx_word' id='word_1_830' title='bbox 124 5291 164 5342; x_wconf 74' lang='grc' dir='ltr'>αἱ</span> <span class='ocrx_word' id='word_1_831' title='bbox 187 5291 470 5374; x_wconf 75' lang='grc' dir='ltr'>δεχόμεναι</span> <span class='ocrx_word' id='word_1_832' title='bbox 504 5301 576 5356; x_wconf 73' lang='grc' dir='ltr'><strong>τα</strong></span> <span class='ocrx_word' id='word_1_833' title='bbox 605 5291 933 5382; x_wconf 69' lang='grc' dir='ltr'>ἐμϐροκτόνα</span> <span class='ocrx_word' id='word_1_834' title='bbox 964 5291 1286 5383; x_wconf 71' lang='grc' dir='ltr'>δηλητήρια.</span> 
     </span>
    </p>
   </div>
   <div class='ocr_carea' id='block_1_112' title="bbox 1919 5291 3476 5385">
    <p class='ocr_par' dir='ltr' id='par_1_112' title="bbox 1919 5291 3476 5385">
     <span class='ocr_line' id='line_1_113' title="bbox 1919 5291 3476 5385; baseline -0.002 -18"><span class='ocrx_word' id='word_1_835' title='bbox 1919 5338 1943 5380; x_wconf 46' lang='grc' dir='ltr'>ξ,</span> <span class='ocrx_word' id='word_1_836' title='bbox 2005 5313 2158 5368; x_wconf 88' lang='lat' dir='ltr'><strong>sicut</strong></span> <span class='ocrx_word' id='word_1_837' title='bbox 2218 5316 2278 5367; x_wconf 90' lang='lat' dir='ltr'><strong>et</strong></span> <span class='ocrx_word' id='word_1_838' title='bbox 2335 5323 2466 5385; x_wconf 82' lang='lat' dir='ltr'><strong>quae</strong></span> <span class='ocrx_word' id='word_1_839' title='bbox 2519 5322 2752 5367; x_wconf 88' lang='lat' dir='ltr'><strong>venena</strong></span> <span class='ocrx_word' id='word_1_840' title='bbox 2789 5304 2974 5366; x_wconf 79' lang='lat' dir='ltr'><strong>fetum</strong></span> <span class='ocrx_word' id='word_1_841' title='bbox 3009 5291 3288 5366; x_wconf 85' lang='lat' dir='ltr'><strong>necautia</strong></span> <span class='ocrx_word' id='word_1_842' title='bbox 3314 5309 3476 5366; x_wconf 86' lang='lat' dir='ltr'><strong>acci-</strong></span> 
     </span>
    </p>
   </div>
   <div class='ocr_carea' id='block_1_113' title="bbox 254 5394 2865 5482">
    <p class='ocr_par' dir='ltr' id='par_1_113' title="bbox 254 5394 2865 5482">
     <span class='ocr_line' id='line_1_114' title="bbox 254 5394 2865 5482; baseline -0.007 -8"><span class='ocrx_word' id='word_1_843' title='bbox 254 5465 263 5482; x_wconf 82' lang='lat'><strong>,</strong></span> <span class='ocrx_word' id='word_1_844' title='bbox 331 5471 346 5482; x_wconf 84' lang='grc'><strong>,</strong></span> <span class='ocrx_word' id='word_1_845' title='bbox 1826 5396 2018 5474; x_wconf 86' lang='lat' dir='ltr'><strong>piunt.</strong></span> <span class='ocrx_word' id='word_1_846' title='bbox 2055 5395 2194 5456; x_wconf 76' lang='lat' dir='ltr'><strong>Haec</strong></span> <span class='ocrx_word' id='word_1_847' title='bbox 2227 5395 2472 5475; x_wconf 85' lang='lat' dir='ltr'><strong>quidem</strong></span> <span class='ocrx_word' id='word_1_848' title='bbox 2508 5394 2625 5455; x_wconf 89' lang='lat' dir='ltr'><strong>huc</strong></span> <span class='ocrx_word' id='word_1_849' title='bbox 2649 5411 2865 5474; x_wconf 88' lang='lat' dir='ltr'><strong>usque.</strong></span> 
     </span>
    </p>
   </div>
   <div class='ocr_carea' id='block_1_114' title="bbox 189 5471 1746 5564">
    <p class='ocr_par' dir='ltr' id='par_1_114' title="bbox 189 5471 1741 5564">
     <span class='ocr_line' id='line_1_115' title="bbox 189 5471 1741 5564; baseline 0.013 -41"><span class='ocrx_word' id='word_1_850' title='bbox 312 5471 394 5564; x_wconf 15' lang='grc' dir='ltr'>,Ἠ</span> <span class='ocrx_word' id='word_1_851' title='bbox 438 5485 536 5535; x_wconf 81' lang='grc' dir='ltr'>τοῦ</span> <span class='ocrx_word' id='word_1_852' title='bbox 583 5482 855 5556; x_wconf 77' lang='grc' dir='ltr'>κυήματος</span> <span class='ocrx_word' id='word_1_853' title='bbox 902 5483 1038 5539; x_wconf 76' lang='grc' dir='ltr'>κατὰ</span> <span class='ocrx_word' id='word_1_854' title='bbox 1079 5485 1173 5541; x_wconf 78' lang='grc' dir='ltr'><strong>τὸν</strong></span> <span class='ocrx_word' id='word_1_855' title='bbox 1224 5483 1343 5542; x_wconf 80' lang='grc' dir='ltr'>ὁδὸν</span> <span class='ocrx_word' id='word_1_856' title='bbox 1397 5484 1741 5564; x_wconf 65' lang='grc' dir='ltr'>ἀμελήσασα,</span> 
     </span>
    </p>
   </div>
   <div class='ocr_carea' id='block_1_115' title="bbox 1917 5471 3474 5564">
    <p class='ocr_par' dir='ltr' id='par_1_115' title="bbox 1917 5471 3474 5563">
     <span class='ocr_line' id='line_1_116' title="bbox 1917 5471 3474 5563; baseline -0.002 -17"><span class='ocrx_word' id='word_1_857' title='bbox 1917 5486 2006 5546; x_wconf 77' lang='grc'><strong>52.</strong></span> <span class='ocrx_word' id='word_1_858' title='bbox 2046 5484 2188 5557; x_wconf 82' lang='lat' dir='ltr'><strong>Quae</strong></span> <span class='ocrx_word' id='word_1_859' title='bbox 2219 5471 2403 5547; x_wconf 77' lang='lat' dir='ltr'><strong>fetum</strong></span> <span class='ocrx_word' id='word_1_860' title='bbox 2433 5485 2494 5546; x_wconf 88' lang='lat' dir='ltr'><strong>in</strong></span> <span class='ocrx_word' id='word_1_861' title='bbox 2520 5485 2613 5546; x_wconf 88' lang='lat' dir='ltr'><strong>via</strong></span> <span class='ocrx_word' id='word_1_862' title='bbox 2645 5471 2874 5546; x_wconf 43' lang='lat' dir='ltr'><strong>edi—tum</strong></span> <span class='ocrx_word' id='word_1_863' title='bbox 2930 5482 3220 5563; x_wconf 80' lang='lat' dir='ltr'><strong>neglexit,</strong></span> <span class='ocrx_word' id='word_1_864' title='bbox 3255 5481 3306 5544; x_wconf 87' lang='lat' dir='ltr'><strong>si</strong></span> <span class='ocrx_word' id='word_1_865' title='bbox 3336 5501 3474 5544; x_wconf 91' lang='lat' dir='ltr'><strong>cum</strong></span> 
     </span>
    </p>
   </div>
   <div class='ocr_carea' id='block_1_116' title="bbox 126 5559 1683 5661">
    <p class='ocr_par' dir='ltr' id='par_1_116' title="bbox 126 5559 1683 5661">
     <span class='ocr_line' id='line_1_117' title="bbox 126 5559 1683 5661; baseline 0.014 -49"><span class='ocrx_word' id='word_1_866' title='bbox 126 5559 274 5661; x_wconf 76' lang='grc' dir='ltr'><strong>εἰ</strong></span> <span class='ocrx_word' id='word_1_867' title='bbox 304 5563 577 5644; x_wconf 78' lang='grc' dir='ltr'>δυναμένη</span> <span class='ocrx_word' id='word_1_868' title='bbox 621 5572 1020 5649; x_wconf 85' lang='grc' dir='ltr'>περισώσασθαι</span> <span class='ocrx_word' id='word_1_869' title='bbox 1077 5577 1499 5657; x_wconf 69' lang='grc' dir='ltr'>κατεφρόνησεν,</span> <span class='ocrx_word' id='word_1_870' title='bbox 1545 5578 1580 5646; x_wconf 74' lang='grc' dir='ltr'><strong>ἢ</strong></span> <span class='ocrx_word' id='word_1_871' title='bbox 1611 5599 1683 5634; x_wconf 89' lang='grc' dir='ltr'>συ·</span> 
     </span>
    </p>
   </div>
   <div class='ocr_carea' id='block_1_117' title="bbox 1913 5559 3470 5661">
    <p class='ocr_par' dir='ltr' id='par_1_117' title="bbox 1913 5559 3470 5656">
     <span class='ocr_line' id='line_1_118' title="bbox 1913 5559 3470 5656; baseline -0.002 -20"><span class='ocrx_word' id='word_1_872' title='bbox 1913 5593 2064 5638; x_wconf 71' lang='lat' dir='ltr'><strong>&#39;vare</strong></span> <span class='ocrx_word' id='word_1_873' title='bbox 2091 5575 2826 5656; x_wconf 88' lang='lat' dir='ltr'><strong>posset,contempsit,aut</strong></span> <span class='ocrx_word' id='word_1_874' title='bbox 2847 5559 3158 5655; x_wconf 73' lang='lat' dir='ltr'><strong>peccatum</strong></span> <span class='ocrx_word' id='word_1_875' title='bbox 3195 5572 3338 5635; x_wconf 83' lang='lat' dir='ltr'><strong>inde</strong></span> <span class='ocrx_word' id='word_1_876' title='bbox 3368 5589 3470 5633; x_wconf 91' lang='lat' dir='ltr'><strong>ce-</strong></span> 
     </span>
    </p>
   </div>
   <div class='ocr_carea' id='block_1_118' title="bbox 123 5653 1680 5748">
    <p class='ocr_par' dir='ltr' id='par_1_118' title="bbox 123 5653 1621 5746">
     <span class='ocr_line' id='line_1_119' title="bbox 123 5653 1621 5746; baseline 0.014 -42"><span class='ocrx_word' id='word_1_877' title='bbox 123 5653 357 5732; x_wconf 62' lang='grc' dir='ltr'>καλύψειν</span> <span class='ocrx_word' id='word_1_878' title='bbox 439 5657 545 5730; x_wconf 77' lang='grc' dir='ltr'><strong>τήν</strong></span> <span class='ocrx_word' id='word_1_879' title='bbox 630 5661 887 5741; x_wconf 81' lang='grc' dir='ltr'>ἁμαρτίαν</span> <span class='ocrx_word' id='word_1_880' title='bbox 970 5653 1259 5726; x_wconf 31' lang='grc' dir='ltr'>ἓντεῠθενῃ</span> <span class='ocrx_word' id='word_1_881' title='bbox 1313 5666 1621 5746; x_wconf 77' lang='grc' dir='ltr'>νομίζουσα,</span> 
     </span>
    </p>
   </div>
   <div class='ocr_carea' id='block_1_119' title="bbox 1915 5653 3472 5748">
    <p class='ocr_par' dir='ltr' id='par_1_119' title="bbox 1915 5653 3472 5748">
     <span class='ocr_line' id='line_1_120' title="bbox 1915 5653 3472 5748; baseline -0.004 -16"><span class='ocrx_word' id='word_1_882' title='bbox 1915 5684 2075 5732; x_wconf 87' lang='lat' dir='ltr'><strong>uram</strong></span> <span class='ocrx_word' id='word_1_883' title='bbox 2102 5683 2168 5732; x_wconf 89' lang='lat' dir='ltr'><strong>se</strong></span> <span class='ocrx_word' id='word_1_884' title='bbox 2201 5653 2591 5748; x_wconf 72' lang='lat' dir='ltr'><strong>existimans,</strong></span> <span class='ocrx_word' id='word_1_885' title='bbox 2611 5674 2712 5732; x_wconf 85' lang='lat' dir='ltr'><strong>aut</strong></span> <span class='ocrx_word' id='word_1_886' title='bbox 2751 5653 3020 5731; x_wconf 85' lang='lat' dir='ltr'><strong>belluina</strong></span> <span class='ocrx_word' id='word_1_887' title='bbox 3051 5671 3110 5729; x_wconf 86' lang='lat' dir='ltr'><strong>et</strong></span> <span class='ocrx_word' id='word_1_888' title='bbox 3138 5663 3472 5727; x_wconf 79' lang='lat' dir='ltr'><strong>inhumana</strong></span> 
     </span>
    </p>
   </div>
  </div>
