3944 6222
503 319 620 389 923
1697 328 1956 394 PHOTII
1995 329 2117 392 PA’l

2231 330 2507 394 ARCHIE
2557 331 2671 397 CP.
2707 360 2710 364 '
3703 335 3783 405 924

494 461 852 542 cogitatione
869 468 1355 544 utens,tanquam
1378 463 1438 526 in
1461 463 2110 544 homicidiojudicetur

2231 460 2358 528 Ξλως
2387 462 2632 543 θηριώδει
2666 464 2760 522 καὶ
2813 465 3153 545 ἀπανθρώπῳ
3211 464 3457 544 λογισμῷ
3507 467 3786 546 χρησαμένη,

493 555 598 616 Sin
621 563 816 614 autem
843 572 978 615 eum
1003 555 1204 618 fovere
1231 575 1347 618 non
1375 559 1583 638 potuit,
1619 565 1678 617 et
1714 563 1966 635 pr0pter
1987 551 2117 614 soli-

2231 554 2294 615 ὣς
2325 555 2411 609 επὶ
2443 556 2587 634 φόνῳ
2648 555 2901 631 κρινέσθω
2934 575 2946 588 ⁸
3003 559 3047 612 εἰ
3098 556 3154 613 δὲ
3187 559 3281 614 οὒκ
3309 555 3542 624 ἠδυνήθη
3572 574 3789 634 περιστεῖ-

494 643 760 704 tudiuem
789 664 1110 726 rerumque
1144 648 1625 710 necessariarum
1675 649 1941 732 inopiam
1983 653 2117 714 fetu:

2231 643 2330 714 λαι,
2395 646 2481 699 καὶ
2541 642 2625 700 διὰ
2676 646 2904 724 ἐρημίαν
2964 648 3054 702 καὶ
3114 648 3338 726 ἀπορίαν
3399 651 3504 703 τῶν
3554 647 3788 727 ἀναγκαίων

493 733 736 808 interiit,
775 738 942 797 matri
976 747 1065 798 est
1092 738 1549 815 ignoscendum.

574 823 816 888 Τρωίας.
852 827 1080 889 Dicitur
1109 829 1216 890 lib.
1250 847 1458 903 vauI,
1493 831 1581 892 tit.
1623 834 1715 905 ll,
1752 832 1876 910 dig.
1908 831 2138 910 Lquod

492 931 623 992 quas
653 915 788 977 data
816 936 998 998 opera
1025 918 1360 991 abortierit,
1397 921 1457 981 in
1489 923 1823 1000 temporale
1857 921 2136 983 exsilium

493 1004 690 1066 detur.
727 1008 889 1069 idem
915 1010 1090 1069 etiam
1117 1008 1225 1072 lib.
1252 1027 1460 1078 XLVIII.
1496 1013 1583 1072 tit.
1623 1018 1681 1085 8,
1715 1011 1982 1090 dig.8.ln
2009 1011 2129 1090 dig.

488 1115 630 1157 vero
655 1097 752 1170 39,
779 1099 845 1158 tit
872 1104 965 1178 19,
996 1099 1099 1159 lib.
1128 1118 1329 1173 xnvuI,
1363 1100 1774 1180 dicitur,quod
1800 1121 1932 1180 qum
1955 1120 2135 1163 acce-

489 1189 605 1265 ptis
632 1188 902 1266 pecuniis
933 1197 1163 1268 partum
1214 1189 1503 1268 abegerit,
1540 1193 1737 1269 capite
1784 1193 2080 1269 plectatur
2119 1212 2132 1252 :

490 1295 621 1354 qua:
655 1295 791 1339 vero
817 1289 946 1358 post
969 1280 1287 1340 divortium
1313 1281 1464 1341 odio
1487 1282 1684 1341 mariti
1708 1280 1765 1340 id
1791 1281 2025 1353 fecerit,
2061 1280 2134 1342 ad

489 1372 723 1444 tempus
755 1369 1031 1429 exsulare
1055 1369 1329 1446 jubetur.
1357 1369 1429 1429 Et
1471 1369 1702 1444 dig.38,
1733 1369 2007 1448 ejusdem
2038 1369 2131 1433 tit.

489 1454 952 1526 Quiabortionis
987 1459 1260 1536 poculum
1281 1459 1598 1531 dedeIit,si
1621 1459 1752 1518 vilis
1777 1459 1878 1532 sit,
1904 1460 1964 1518 in
2000 1477 2132 1520 me-

487 1546 693 1607 tallum
718 1547 1058 1610 damnatur:
1086 1549 1134 1609 si
1155 1550 1472 1620 honestus,
1492 1547 1713 1608 amissa
1745 1556 1908 1626 parte
1937 1547 2134 1608 bono-

485 1649 616 1692 rum
652 1635 972 1712 relegatur.
1004 1637 1066 1697 Si
1097 1637 1228 1715 quis
1259 1654 1396 1696 vero
1427 1635 1570 1695 inde
1601 1645 1887 1696 enecatus
1927 1635 2129 1705 fuerit,

485 1738 787 1782 summum
869 1725 1232 1802 supplicium
1320 1725 1634 1801 inﬂigitur.
1696 1725 1946 1805 [Atque]
2005 1725 2133 1786 haec

489 1809 740 1887 [etiam],
778 1812 1014 1873 tametsi
1061 1814 1208 1874 citra
1257 1812 1460 1874 dolum
1489 1813 1824 1875 abortionis
1855 1813 2125 1876 medica-

491 1907 756 1960 mentum
791 1900 996 1963 datum
1030 1903 1128 1966 sit.

566 1987 732 2050 CAP.
766 1988 865 2050 XI.
894 2026 972 2036 —
1002 1993 1086 2054 De
1141 1993 1636 2073 vituperantibus
1666 1995 1944 2074 nuptias,
1979 2011 2122 2055 car-

480 2095 618 2139 nem
653 2097 1003 2160 mnumque.

902 2173 1341 2252 Apostolorum
1371 2189 1572 2235 canon
1601 2173 1704 2235 51.

562 2259 629 2319 51
673 2261 820 2340 [50].
857 2260 919 2324 Si
950 2263 1085 2342 quis
1115 2263 1434 2344 episcopus
1464 2263 1555 2324 vel
1592 2264 1926 2346 presbyter,
1975 2273 2118 2342 etc.,

479 2355 545 2410 ut
577 2367 720 2429 pag.
752 2353 895 2415 731.

477 2438 620 2499 455
653 2441 918 2503 Concilii
949 2441 1327 2520 Gangrensis
1357 2461 1616 2505 canones
1649 2445 1704 2520 1,
1730 2446 1791 2517 2,
1826 2446 1886 2519 4,
1919 2445 1980 2515 9,
2016 2445 2116 2508 10.

557 2529 615 2588 1.
647 2530 709 2589 Si
743 2530 878 2605 quis
912 2531 1364 2591 matrimonium
1396 2531 1701 2611 vituperet
1733 2542 1791 2593 et
1834 2552 1961 2594 eam
1991 2552 2122 2612 quae

475 2632 610 2677 cum
645 2616 858 2676 marito
893 2635 999 2677 suo
1055 2618 1300 2691 dormit,
1357 2638 1488 2698 qua;
1537 2627 1627 2679 est
1659 2619 1854 2681 fidelis
1885 2629 1944 2682 et
1973 2622 2120 2682 reli-

473 2703 661 2783 giosa,
693 2705 1012 2766 abhorreat
1044 2714 1103 2766 et
1150 2707 1484 2779 insimulet,
1524 2716 1803 2783 tanquam
1838 2729 1970 2789 quae
2003 2730 2122 2772 non

477 2793 659 2874 possit
689 2812 941 2873 regnum
977 2795 1083 2858 Dei
1115 2796 1372 2874 ingredi,
1409 2796 1483 2856 sit
1512 2797 1857 2861 anathema.

553 2884 613 2946 2.
652 2882 706 2946 Si
740 2885 871 2962 quis
903 2903 1036 2946 eum
1082 2885 1183 2966 qui
1212 2904 1452 2947 carnem
1488 2895 1706 2966 prmter
1735 2889 2116 2966 sanguinem,

475 2982 534 3035 et
565 2972 1065 3054 idolothytum,et
1087 2976 1468 3051 suifocatum,
1501 2995 1635 3037 cum
1674 2977 1895 3056 pietate
1915 2987 1972 3039 et
2004 2979 2122 3040 {ide

475 3063 760 3142 comedit,
792 3065 1178 3137 condemnat,
1217 3073 1492 3145 tanquam
1531 3083 1666 3126 eum
1701 3067 1797 3146 qui
1835 3068 1990 3147 quod
2022 3067 2123 3130 illa

475 3161 765 3226 vescatur,
801 3171 966 3233 spem
1002 3173 1120 3215 non
1153 3153 1390 3227 habeat,
1422 3155 1499 3216 sit
1525 3158 1865 3219 anathema.

553 3243 612 3304 4.
649 3242 707 3304 Si
739 3243 875 3323 quis
933 3244 1010 3305 de
1069 3244 1416 3323 presbytero
1474 3251 1576 3322 qui
1628 3265 1874 3308 uxorem
1923 3247 2111 3322 duxit,

472 3332 821 3405 contendat,
884 3352 1003 3394 non
1062 3342 1366 3411 oportere,
1417 3353 1488 3396 eo
1539 3353 1710 3396 sacra
1741 3335 2114 3410 celebrante,

469 3419 762 3482 oblationi
786 3423 1257 3496 communicare,
1292 3424 1370 3486 sit
1402 3425 1748 3488 anathema.

544 3512 604 3574 9.
641 3510 702 3573 Si
733 3512 866 3591 quis
899 3517 1060 3592 virgo
1093 3520 1187 3578 sit.
1223 3514 1314 3574 vel
1361 3513 1703 3590 continens,
1736 3534 1770 3576 a
1801 3514 2116 3576 matrimo-

466 3599 566 3662 nio
599 3607 882 3677 tanquam
919 3602 1328 3664 abominando
1359 3603 1750 3677 recedens,et
1781 3623 1898 3664 non
1933 3622 2114 3682 prop-

466 3694 558 3748 ter
585 3688 778 3766 ipsam
804 3690 1161 3767 virginitatis
1193 3691 1710 3772 pulchritudinem
1741 3701 1799 3753 et
1827 3692 2112 3755 sanctita-

467 3784 608 3842 tem.
645 3779 726 3840 sit
756 3782 1102 3842 anathema.

546 3867 644 3932 10.
681 3868 744 3931 Si
800 3869 933 3950 quis
993 3886 1200 3930 eorum
1254 3871 1355 3948 qui
1416 3878 1553 3931 sunt
1584 3871 1844 3948 virgines
1873 3879 2115 3952 propter

463 3959 815 4038 Dominum,
855 3959 1100 4021 insultet
1133 3959 1192 4019 in
1227 3976 1330 4020 eos
1389 3962 1490 4040 qui
1541 3979 1757 4023 uxores
1792 3962 2108 4035 duxerunt,

461 4049 784 4110 anathema
813 4048 911 4112 sit.

889 4138 1118 4200 Basilii
1145 4155 1409 4201 canones
1439 4139 1539 4210 98,
1576 4140 1676 4202 85.

537 4224 637 4286 ‘28.
677 4225 828 4288 [llud
861 4226 1102 4306 quidem
1139 4226 1288 4287 mihi
1311 4228 1500 4288 visum
1537 4236 1630 4288 est
1659 4226 2115 4300 ridiculum,vo-

458 4332 596 4374 vere
628 4313 895 4392 aliquem
931 4333 995 4374 se
1026 4333 1059 4374 a
1103 4315 1301 4374 suillis
1346 4314 1633 4376 carnibus
1665 4314 2108 4377 abstenturum.

457 4401 861 4474 Quamobrem
887 4403 1134 4479 dignare
1161 4421 1264 4464 eos
1286 4403 1508 4465 docere
1534 4413 1594 4464 ut
1617 4403 1689 4465 ab
1713 4404 1941 4483 ineptis
1962 4405 2111 4468 votis

457 4499 517 4554 et
545 4492 857 4570 promissis
886 4491 1252 4571 abstineant,
1316 4493 1420 4554 sed
1481 4512 1657 4554 usum
1711 4492 2108 4556 nihilominus

454 4579 905 4643 inditl‘erentem
944 4599 1078 4642 esse
1105 4579 1446 4644 sine.Nulla
1478 4582 1639 4644 enim
1674 4582 1778 4645 Dei
1803 4589 2102 4655 creatura,

456 4689 587 4752 quae
619 4691 752 4733 cum
783 4672 1110 4750 gratiarum
1144 4672 1382 4733 actione
1414 4672 2107 4752 percipitur,rejicieuda

455 4770 546 4824 est
574 4760 657 4827 Ξῦ.
713 4762 910 4834 Quare
964 4769 1165 4823 votum
1218 4771 1308 4824 est
1357 4762 1709 4839 ridiculum,
1744 4761 2107 4824 abstinentia

453 4870 574 4913 non
608 4852 976 4916 necessaria.

513 4941 866 5023 85.Lepidis
889 4950 1090 5004 autem
1108 4940 1430 5003 Encratitis
1447 4939 1519 5002 ad
1537 4941 1880 5022 praeclaram
1896 4958 2103 5003 eorum

2221 730 2472 810 διεφθάρη
2504 735 2564 789 τὸ
2595 737 2875 814 γεννηθὲν,
2909 739 3227 814 συγγνωστὴ
3259 739 3290 804 ἡ
3325 738 3532 813 μήτηρ.

2306 823 2534 900 Εἴρηται
2564 822 2705 900 βιϐλ.
2749 825 2860 903 μζ’,
2889 827 2992 887 τίτ.
3027 826 3123 900 ια’,
3157 825 3295 885 διάτ.
3331 823 3404 902 δ’,
3440 825 3517 883 ὅτι
3552 825 3579 892 ἣ
3607 823 3789 890 ἐπίτηδες

2219 912 2555 991 ὶκτρώσασα,
2618 917 2955 992 προσκαίρως
3026 915 3315 993 ἒξορίζεται
3358 932 3370 945 ·
3442 917 3502 973 τὸ
3581 915 3685 970 absit
3726 914 3788 969 ιιιί

2218 998 2362 1076 βιϐλ.
2398 999 2520 1075 μη’,
2554 1003 2656 1064 τίτ.
2706 1001 2786 1073 η’,
2834 1002 2972 1062 διάτ.
3008 1002 3065 1070 η’
3106 1023 3117 1036 '
3176 1004 3230 1060 ὲν
3273 1003 3328 1060 δὲ
3375 1011 3444 1080 τῇ
3488 1003 3561 1060 λθ⁹
3589 1002 3789 1063 διατ,τοῦ

2221 1089 2284 1146 ιθ’
2332 1091 2432 1152 τίτ,
2481 1098 2574 1148 τοῦ
2617 1091 2712 1167 μη’
2745 1091 2892 1168 βιϐλ,
2942 1093 3135 1170 φησίν,
3171 1092 3252 1149 ὅτι
3297 1095 3386 1150 ἐπὶ
3439 1094 3685 1174 χρήμασιν
3720 1090 3788 1146 ἐκ·

2219 1178 2487 1256 τρώσασα,
2545 1181 2850 1260 κεφαλικῶς
2900 1195 3267 1258 τιμωρεῖται·
3332 1185 3367 1251 ἡ
3412 1181 3466 1238 δὲ
3509 1183 3631 1256 μετά
3653 1179 3787 1250 811:3-

2219 1290 2334 1345 γιον
2368 1271 2501 1346 πρὸς
2537 1283 2696 1344 μῖσος
2753 1278 2845 1327 τοῦ
2898 1269 3083 1348 ἀνδρὸς
3135 1279 3287 1328 τοῦτο
3346 1273 3630 1342 ποιήσασα,
3664 1290 3788 1345 προσ-

2219 1357 2414 1433 καίρως
2474 1357 2759 1436 ἐξορίζεται
2795 1377 2807 1390 ⁸
2872 1360 2961 1415 καὶ
3018 1359 3158 1419 διάτ.
3225 1358 3315 1426 Αη’
3378 1368 3471 1416 τοῦ
3537 1364 3674 1416 αὑτοῦ
3717 1359 3788 1414 τίς.

2219 1446 2300 1501 ὃτι
2369 1448 2396 1501 ὁ
2455 1452 2604 1521 πόμα
2665 1445 2910 1510 δεδωκὼς
2972 1450 3106 1524 πρὸς
3163 1447 3573 1526 ἀμϐλωθρίδιον,
3626 1444 3790 1506 tituli;

2219 1535 2314 1608 μὲν
2373 1535 2446 1591 ὢν
2525 1535 2927 1616 μεταλλίζεται,
3021 1539 3196 1612 τίμιος
3269 1536 3324 1594 δὲ
3381 1538 3650 1614 ὲξορίζεται
3695 1533 3790 1608 μετᾶ

2217 1631 2440 1699 μερικῆς
2501 1625 2812 1698 δημεύσεως
2847 1646 2863 1663 ·
2927 1627 3138 1706 ἐσχάτη
3205 1625 3257 1682 δὲ
3305 1626 3536 1702 τιμωρία
3569 1625 3789 1698 ἒπάγεται,

2216 1713 2304 1768 ἐάν
2337 1736 2413 1779 τις
2445 1715 2704 1771 ἀπέθανεν
2734 1715 2793 1771 ἐκ
2838 1717 3023 1772 τούτου
3060 1733 3075 1749 ·
3135 1726 3331 1792 ταῦτα,
3364 1716 3464 1772 κᾶν
3508 1716 3656 1795 χωρὶς
3681 1712 3788 1768 δόλον

2152 1823 2188 1872 Β
2213 1805 2273 1859 τὸ
2308 1806 2456 1880 πόμα
2486 1803 2733 1866 δέδωκεν,

2291 1989 2545 2046 ΚΕΦΑΛ.
2607 1983 2714 2043 ΙΑ’.
2776 2018 2854 2028 —
2915 1985 3049 2063 Περὶ
3096 1990 3203 2040 τῶν
3261 1983 3673 2062 βδελυττομένων
3725 1979 3787 2034 τον

2207 2072 2379 2150 γάμον
2411 2074 2498 2129 καὶ
2529 2072 2687 2154 κρέας
2721 2075 2809 2130 καί
2836 2079 3012 2136 οἶνον,

2684 2163 3034 2221 ’Λποστόλων
3065 2167 3241 2222 κανὼν
3271 2165 3358 2221 να⁹
3371 2214 3383 2226 .

2285 2251 2391 2314 va’.
2429 2252 2495 2310 Εἴ
2517 2275 2606 2328 ,τις
2639 2253 2929 2318 ἐπίσκοπος
2962 2255 2994 2322 ἢ
3025 2252 3406 2334 πρεσϐύτερος,
3443 2277 3495 2316 κ.
3529 2275 3573 2312 τ.
3605 2251 3652 2312 λ.

2403 2431 2633 2489 Συνόδου
2669 2433 2909 2511 Γάγγρὰς
2943 2433 3115 2490 κανὼν
3150 2432 3227 2509 α’,
3259 2432 3339 2510 β’,
3377 2433 3448 2512 δ’,
3479 2432 3548 2508 θ’,
3579 2431 3634 2491 ι’.

2285 2521 2361 2584 α’,
2411 2522 2478 2578 Εἴ
2513 2524 2718 2593 τιςζτὸν
2753 2523 2922 2599 γάμον
2957 2522 3247 2602 μέμφοιτο,
3291 2525 3384 2580 καὶ
3427 2524 3522 2590 τὴν
3556 2517 3778 2577 καθεύδου-

2205 2632 2301 2666 σαν
2332 2611 2467 2684 μετὰ
2526 2612 2619 2668 τοῦ
2675 2609 2860 2689 ἀνδρὸς
2921 2611 3108 2686 αὖτῆς,
3173 2611 3336 2670 οὖσαν
3397 2612 3586 2677 πιστὴν
3612 2605 3780 2663 καὶεῦ-

2204 2697 2367 2779 λαϐῇ,
2400 2698 2739 2776 βδελύσσοιτο
2773 2700 2806 2767 ἢ
2841 2699 3133 2781 μέμφοιτο,
3164 2700 3237 2764 ὥς
3300 2701 3367 2757 ἂν
3414 2702 3488 2777 μὴ
3523 2696 3776 2772 δυναμένους

2205 2792 2276 2853 εἱς
2307 2788 2579 2862 βασιλείαν
2610 2788 2888 2864 εἰσελθεῖν,
2924 2791 3160 2864 ἀνάθεμα
3191 2788 3358 2852 ἔστω.

2282 2879 2358 2953 β’.
2397 2879 2462 2934 Εἴ
2492 2901 2570 2936 τις
2601 2879 2837 2935 ἐσθίοντα
2867 2880 3019 2956 κρέα,
3076 2881 3246 2959 χωρὶς
3300 2881 3534 2955 αἳματος
3563 2878 3638 2933 καὶ
3663 2871 3776 2930 εἰδω-

2202 2966 2421 3024 λοθύτου
2477 2969 2563 3024 καὶ
2619 2979 2838 3027 πνικτοῦ
2916 2969 3037 3043 μετ’
3111 2969 3392 3034 εὐλαϐείας
3466 2970 3547 3025 καὶ
3607 2966 3778 3022 πίστεως

2203 3060 2530 3136 κατακρίνοι,
2590 3060 2662 3122 ὡς
2722 3057 2781 3114 ἃν
2827 3057 2911 3114 διὰ
2968 3063 3028 3116 τὸ
3061 3057 3496 3135 μεταλαμϐάνειν
3538 3051 3693 3114 ἐλπίδα
3724 3050 3776 3124 μὴ

2135 3179 2176 3232 C
2202 3150 2424 3229 ἔχοντα,
2458 3150 2695 3223 ἀνάθεμα
2725 3148 2885 3212 ἔστω,

2280 3238 2348 3297 δ’.
2386 3239 2452 3296 Εἴ
2481 3261 2562 3303 τις
2606 3237 2929 3317 διακρίνοιτο
2988 3239 3130 3318 φαρά
3189 3239 3540 3318 πρεσϐυτέρου
3579 3253 3774 3314 γεγαμη-

2196 3328 2376 3401 κότος,
2425 3330 2502 3403 μὴ
2560 3335 2760 3408 χρῆναι
2817 3331 3295 3407 λειτουργήσαντος
3325 3331 3483 3388 αὺτοῦ
3536 3327 3775 3406 προσφορᾶς

2198 3416 2656 3493 μεταλαμϐάνειν,
2685 3419 2922 3493 ἀνάθεμα
2952 3419 3114 3480 ἔστω.

2278 3503 2350 3567 θ’.
2411 3507 2479 3563 Εἴ
2535 3528 2616 3569 τις
2694 3509 3007 3583 παρθενεύοι
3073 3507 3109 3574 ἥ
3189 3507 3581 3586 ἐγκρατεύοιτο,
3627 3505 3686 3562 ὡς
3730 3500 3771 3551 ἓν

2197 3594 2498 3672 βδελυκτῶν
2557 3603 2662 3652 τῶν
2710 3598 2894 3675 γάμων
2945 3597 3338 3676 ἀναχωρήσας,
3374 3599 3464 3654 καὶ
3491 3597 3562 3663 μὴ
3588 3592 3645 3648 δι’
3680 3586 3770 3643 σύτο

2196 3687 2254 3742 τὸ
2289 3684 2453 3742 καλὸν
2485 3687 2571 3743 καὶ
2604 3686 2756 3763 ἅγιον
2787 3691 2886 3753 τῆς
2917 3689 3224 3765 παρθενίας,
3259 3687 3496 3762 ἀνάθεμα
3525 3685 3663 3742 ἔστω.

2277 3864 2336 3926 ι’,
2373 3862 2439 3920 Εἴ
2463 3886 2543 3927 τις
2575 3870 2681 3920 τῶν
2713 3865 3142 3941 παρθενευόντων
3173 3861 3258 3920 διὰ
3289 3866 3384 3921 τὸν
3443 3865 3634 3941 Κύριον,
3670 3872 3763 3910 ιιιτ·

2196 3954 2470 4031 επαίροιτο
2502 3959 2608 4009 τῶν
2638 3954 3057 4032 γεγαμηκότων,
3092 3954 3334 4029 ἀνάθεμα
3372 3953 3532 4014 ἔστω.

2621 4131 2898 4189 Βασιλείου
2927 4133 3104 4189 κανὼν
3133 4129 3254 4205 κη’,
3288 4132 3407 4191 ns’.

2276 4213 2392 4289 κη’.
2438 4222 2651 4280 Ἐκεῖνο
2682 4243 2743 4299 γε
2774 4223 2880 4296 μὴν
2912 4221 3132 4298 γελοῖον
3170 4223 3475 4300 κατεφάνη,
3504 4221 3559 4274 τὸ
3585 4205 3766 4314 εὖξασθιί

2194 4334 2312 4368 τινα
2359 4313 2509 4368 δείων
2553 4311 2851 4392 ἀπέχεσθαι
2902 4311 3069 4389 κρεῶν
3107 4331 3120 4344 ⁸
3168 4311 3306 4367 ὥστε
3361 4308 3662 4374 καταξίωσον
3708 4308 3769 4400 διῖ

2195 4399 2404 4458 δάσκειν
2488 4401 2676 4464 αὖτοὺς
2764 4407 2869 4457 τῶν
2948 4398 3279 4456 ἀπαιδεύτων
3358 4399 3654 4478 προσευχῶν
3708 4398 3769 4478 itii

2131 4490 2531 4590 οέπαγγελιῶν
2588 4490 2933 4570 ἀπέχεσθαι’
2999 4490 3098 4555 τὴν
3151 4490 3336 4563 μέντοι
3397 4494 3607 4570 χρῆσιν,
3653 4475 3768 4534 ἀδιέ·

2191 4603 2350 4659 φορόν
2395 4581 2538 4636 εἶναι
2596 4581 2950 4659 συγχώρησον
2985 4599 2999 4613 ⁸
3060 4578 3208 4635 οὖδὲν
3269 4581 3373 4658 γὰρ
3431 4580 3612 4651 κτίσμα
3672 4575 3768 4659 Θεῦξ)

2188 4667 2498 4736 ἀπόϐλητον
2557 4669 2674 4742 μετ’
2718 4670 3058 4748 εὐχαριστίας
3101 4666 3509 4743 λαμϐανόμενον
3540 4681 3552 4695 ⁶
3600 4661 3708 4718 ὥστε
3742 4655 3765 4717 ἦ

2189 4759 2330 4838 εὐχὴ
2356 4758 2776 4836 καταγέλαστος,
2811 4763 2916 4838 οὐχ
2945 4761 2978 4826 ἡ
3011 4759 3200 4837 ἀποχὴ
3234 4758 3519 4837 ἀναγκαία.

2268 4935 2380 4996 πε’.
2412 4948 2538 5000 Τοῖς
2571 4935 2622 4994 δὲ
2655 4942 2895 5014 κομψοῖς
2928 4936 3300 5015 Ἐγκρατίταις
3357 4938 3488 5015 πρὸς
3530 4936 3585 4990 τὸ
3611 4923 3759 5015 σεμνὸν

452 5013 994 5107 quaestionem,cur
1013 5049 1120 5094 nos
1144 5031 1324 5092 etiam
1347 5049 1465 5091 nou
1482 5013 1763 5091 omnibus
1778 5030 2099 5110 vescimur,

2231 5028 2360 5084 ὒτῶν
2403 5026 2715 5105 πρόϐλημα,
2777 5025 2862 5082 διὰ
2910 5029 2958 5085 τί
3015 5030 3104 5083 καὶ
3160 5029 3265 5106 οὐχ
3312 5029 3474 5102 ἡμεῖς
3506 5025 3655 5080 πάντα
3691 5013 3760 5068 έσ-

451 5116 567 5176 hoc
600 5117 775 5182 detur
806 5121 1229 5202 responsi,nos
1267 5120 1448 5182 etiam
1485 5127 1868 5182 excrementa
1902 5108 2106 5181 nostra

2231 5116 2367 5189 ἴομεν
2425 5115 2603 5171 ἐκεῖνο
2656 5113 2938 5193 λεγέσ6ω⁹
3013 5114 3094 5172 ὅτι
3165 5126 3250 5171 καὶ
3318 5117 3382 5171 τὰ
3444 5108 3762 5204 περιττώμξξι

449 5208 830 5269 aversari.Ac
853 5191 1141 5289 quantum
1169 5209 1414 5290 quidem
1442 5209 1514 5270 ad
1539 5208 1917 5287 dignitatem,
1941 5208 2108 5270 olera

2231 5211 2343 5279 μῶν
2379 5203 2772 5280 βδελυσσόμεθα
2806 5224 2820 5240 ⁶
2884 5207 3019 5261 κατά
3064 5205 3164 5278 μὲν
3207 5203 3305 5282 γάρ
3340 5205 3439 5271 τὴν
3489 5201 3638 5268 ἀξίαν,
3689 5191 3763 5244 λά·

452 5291 660 5394 herbae
677 5296 848 5357 nobis
863 5307 1002 5359 sunt
1025 5317 1265 5361 carnes:
1296 5307 1582 5378 quantum
1612 5316 1747 5359 vero
1770 5297 1840 5358 ad
1865 5297 2104 5359 utilium

2231 5317 2337 5370 ανα
2366 5296 2565 5374 χόρτου
2595 5298 2730 5370 ἡμῖν
2763 5296 2874 5352 ἐστι
2906 5296 2972 5352 τὰ
3005 5295 3153 5373 κρέα·
3188 5296 3325 5352 κατὰ
3355 5293 3408 5350 δὲ
3440 5293 3529 5362 τὴν
3559 5294 3764 5394 τῶνμσυξ·

447 5379 1413 5473 discretionemquemadmodum
1433 5389 1563 5449 etin
1578 5387 1848 5450 oleribus
1864 5386 2107 5449 noxium

2232 5385 2456 5461 ερόντων
2487 5383 2768 5463 διάκρισιν,
2803 5388 2876 5451 ὡς
2935 5387 3018 5442 καὶ
3079 5387 3133 5440 ὲν
3182 5384 3440 5464 λαχάνοις
3473 5384 3530 5437 τὸ
3558 5379 3762 5473 βλαὸερὸν

445 5487 480 5532 a
509 5469 735 5534 salubri
801 5491 1179 5553 separamus,
1215 5477 1300 5539 ita
1356 5490 1418 5540 et
1453 5479 1512 5542 in
1546 5477 1692 5540 454
1722 5477 2003 5542 carnibus
2036 5475 2109 5540 ab

2231 5486 2286 5556 οὐ
2315 5473 2656 5547 καταλλήλου
2714 5480 3015 5556 χωρίζομεν
3049 5490 3062 5508 '
3117 5474 3256 5534 οὕτω
3286 5476 3370 5532 καὶ
3401 5473 3454 5534 ἰν
3487 5481 3590 5532 τοῖς
3623 5469 3763 5541 κρέασι

529 5669 594 5726 35
621 5666 650 5737 Ι
676 5665 832 5736 Tim.
869 5685 951 5751 Iv,
982 5672 1046 5740 4.
