4090 6204
219 340 341 407 925
904 339 1326 410 smman
1369 336 1769 407 GANONUM.
1814 369 1893 385 —
1941 338 2098 403 TIT.
2159 338 2331 420 xm,
2374 337 2540 402 CAP.
2606 332 2902 399 XI-XIII.
3468 308 3588 399 O26

220 487 319 544 τοῦ
374 478 647 562 χρησίμου
698 480 760 537 τὸ
802 479 1064 561 βλαϐερὰν
1107 481 1468 564 διακρίνομεν,
1517 483 1632 541 ἐπεὶ
1675 481 1835 563 λάχα‹

1969 481 2078 543 ιιίιί
2112 481 2352 543 noxium
2384 477 2933 543 secernimus.Nam
2968 482 3135 539 certe
3155 483 3217 538 et
3240 474 3434 539 cicuta
3454 477 3584 539 olus

221 571 312 627 νόν
368 573 482 627 ἔστι
525 572 614 627 καὶ
664 572 727 627 τὸ
783 569 1029 646 κώνειον,
1089 570 1270 650 ὥσπερ
1325 573 1481 652 κρέας
1527 573 1637 630 ἐστὶ
1681 574 1769 630 καὶ
1802 595 1830 629 τ

1967 580 2060 652 3st,
2103 572 2257 633 sicut
2287 574 2465 633 etiam
2500 588 2637 632 caro
2670 576 2760 631 est
2803 568 3103 630 vnltnrina
3134 585 3316 646 caro;
3351 567 3456 628 sed
3489 574 3582 629 ta-

220 660 447 735 γύπειον
480 675 498 696 ⁶
561 658 682 716 ἀλλ’
741 658 888 736 ὅμως
950 659 1069 718 οὔτε
1113 663 1419 739 ὑοσκύαμον
1471 663 1631 743 φάγοι
1677 661 1739 717 ἅν
1782 685 1829 720 τι

1966 679 2085 722 nen
2118 679 2231 723 nec
2261 662 2679 742 hyoscyamum
2716 677 2897 720 sanus
2930 659 3250 738 quisquam
3284 656 3581 729 comedet.

220 756 347 807 νοῦν
377 748 525 830 ἔχων
560 767 573 782 ⁸
608 748 726 807 οὔτε
755 752 915 814 κυνὸς
944 748 1163 826 ἅψαιτο,
1220 754 1297 827 μὴ
1354 752 1597 830 μεγάλης
1629 752 1835 830 ἀνάγκη

1972 769 2062 812 nec
2090 768 2243 812 cane
2273 759 2571 823 vescetur,
2607 749 2720 811 nisi
2754 755 3007 827 urgente
3055 764 3290 808 summa
3322 748 3587 809 necessi-

221 838 651 916 κατεπειγούσης
687 854 701 868 ⁸
736 840 809 903 ὡς
840 837 868 894 ὅ
899 861 959 916 γε
989 841 1174 919 φαγὼν
1204 843 1299 897 οὒκ
1328 842 1598 917 ἠνόμησε,

1951 849 2069 902 tate
2106 860 2119 899 :
2154 841 2255 920 qui
2286 849 2484 901 tamen
2514 840 2800 913 comedit,
2836 857 2954 898 non
2989 847 3216 917 peccat.

311 933 564 990 ΚΕΦΑΛ.
602 928 706 989 [8⁸.
755 961 833 972 -
888 929 1017 984 Πεοὶ
1073 928 1282 987 λα’ίκῶν
1335 931 1554 996 ἑαυτοὺς
1611 932 1866 1009 ἀκρωτη-

2031 929 2195 992 CAP.
2228 929 2356 993 Xll.
2393 962 2464 974 —-
2502 929 2588 991 De
2615 930 2793 991 taicis
2820 936 3001 990 semet
3036 925 3488 989 mutilaatibus.

224 1017 547 1096 ριαζόντων.

2269 1019 2695 1099 Apostolorum
2718 1035 2989 1080 canones
3019 1017 3119 1091 92,
3154 1017 3255 1077 24.

628 1106 978 1164 Ἀποστόλων
1009 1109 1184 1164 κανὼν
1217 1107 1330 1187 κβ’,
1362 1106 1470 1174 κδ’,
2030 1110 2108 1171 22
2136 1110 2243 1190 ΙΕὶΙξ

2030 1110 2108 1171 22
2136 1110 2396 1190 [9t].Qui
2421 1110 2685 1189 seipsum
2712 1107 3248 1180 mutilaverit.etc.,
3274 1114 3339 1169 ut
3359 1126 3421 1187 ρ.
3446 1106 3584 1169 502.

308 1194 393 1271 κβ’
456 1187 514 1254 'o
545 1197 615 1253 ἆκ
840 1196 853 1215 ’
988 1198 1011 1252 ἐ
1119 1199 1133 1217 κ
1409 1197 1441 1254 λ

403 1240 417 1255 .
618 1218 960 1274 ρωτηριασας
1018 1218 1200 1271 αυτον,
1234 1220 1290 1261 κ,
1325 1220 1375 1257 τ.
1450 1242 1465 1257 ο

2030 1198 2110 1261 24
2131 1187 2252 1281 ['23]
2274 1198 2487 1261 Laicus
2517 1187 2619 1280 qui
2641 1198 2907 1280 seipsum
2936 1196 3322 1273 mutilaverit,
3352 1203 3496 1272 etc.,
3522 1204 3589 1258 ut

309 1282 414 1344 κδ’.
450 1287 654 1350 Λαῒκὸς
686 1287 873 1341 ἑαυτὸν
904 1286 1339 1364 ἀκρωτηριάσας,
1371 1309 1426 1351 κ.
1460 1310 1510 1347 τ.
1548 1287 1603 1349 λ.

644 1309 654 1350 ;
686 1287 873 1341 ea.»th
904 1286 1339 1364 ἀκρωτηριάσας,
1371 1309 1426 1351 κ.
1460 1310 1510 1347 τ.
1548 1287 1603 1349 λ.
1949 1308 2088 1371 pag.
2119 1289 2259 1354 738.

646 1373 877 1432 Συνὸδου
910 1376 1129 1439 Νικαίας
1163 1377 1337 1433 κανὼν
1369 1375 1445 1439 α’.
2352 1378 2612 1441 Consilii
2641 1376 2882 1439 Νἰοωηὶ
2906 1394 3107 1439 canon
3141 1376 3196 1438 t.

309 1463 466 1528 α’,Εἴ
485 1487 564 1530 τις
597 1464 652 1520 ἐν
684 1466 825 1537 νόσῳ
853 1466 956 1521 ὑπὸ
987 1469 1181 1541 ίατρῶν
1208 1468 1629 1546 ἔχειρουργήθη,
1654 1488 1709 1530 κ,
1733 1490 1785 1529 τ.
1810 1468 1863 1530 λ.

2036 1475 2088 1529 1.
2119 1467 2331 1550 Siquis
2353 1468 2411 1528 in
2440 1467 2648 1529 morbo
2674 1486 2707 1529 a
2730 1466 2982 1529 medicis
3007 1467 3243 1529 excisus
3262 1465 3583 1540 fuerit,etc.

311 1551 605 1632 Ἀνάγνωθι
633 1554 701 1611 τὰ
730 1555 1226 1632 παραγεγραμμένα
1257 1556 1312 1611 ἐν
1342 1563 1416 1629 τῷ
1447 1554 1514 1612 ιδ’
1537 1578 1659 1637 κεφ.
1692 1564 1783 1614 τοῦ
1814 1557 1866 1614 α’

2030 1559 2187 1637 Lege
2217 1576 2348 1639 quae
2377 1566 2656 1620 annotata
2679 1565 2818 1618 sunt
2850 1557 2909 1617 in
2943 1575 3076 1637 cap.
3110 1559 3207 1637 14,
3241 1557 3327 1616 tit.
3366 1559 3388 1616 1
3430 1573 3588 1636 prae-

223 1666 335 1705 τιτ.
368 1650 461 1701 τοῦ
490 1644 752 1722 παρόντος
786 1645 1183 1721 συντάγματος,

786 1645 1183 1721 συντάγματος.
1951 1649 2139 1711 sentis
2169 1650 2394 1728 operis.

312 1738 565 1794 ΚΕΦΑΛ.
613 1732 725 1793 ΙΓ¹.
772 1761 851 1777 --
899 1735 1022 1811 Περὶ
1065 1733 1274 1790 λα’ίκῶν
1315 1734 1599 1793 ἐσθιόντων
1642 1734 1866 1793 εἰδωλό-

2031 1736 2196 1801 CAP.
2228 1737 2381 1801 XIII.
2416 1773 2490 1783 —
2524 1736 2611 1799 De
2657 1737 2833 1797 laicis
2873 1735 3216 1816 irlolothyta
3246 1733 3587 1806 edentibus,

227 1826 379 1902 θυτα,
415 1822 451 1890 ἢ
481 1822 637 1899 κρέας
666 1823 723 1879 ὲν
766 1822 986 1904 α’ἷματι,
1024 1823 1060 1892 ἢ
1088 1825 1307 1905 πνικτὰ,
1359 1825 1394 1893 ἢ
1453 1824 1784 1903 θηριάλωτα,
1831 1829 1842 1882 i

1977 1828 2041 1890 vel
2060 1846 2307 1891 carnem
2359 1847 2491 1891 cum
2522 1833 2841 1911 sanguine,
2874 1826 2966 1889 vel
2994 1845 3031 1891 a
3071 1828 3212 1905 fera
3241 1832 3478 1904 captum
3504 1823 3592 1885 vel

228 1916 551 1988 θνησιμαϊα.

1949 1919 2367 1981 morticinum.

699 1999 1049 2059 Ἀποστόλων
1079 2003 1254 2060 κανὼν
1286 2002 1390 2082 ξγ’.

2378 2007 2799 2088 Apostolorum
2829 2024 3021 2069 canon
3052 2005 3152 2067 63.

312 2087 542 2181 ξγζ-ΕἰξΔ
576 2110 655 2153 τις
701 2086 1016 2181 ἐπίσκοπος,
1079 2090 1115 2160 ἢ
1160 2090 1537 2171 πρεσϐύτερος,
1584 2092 1621 2161 ἢ
1678 2092 1867 2154 διάκφ·
1926 2106 1927 2109 η

2030 2099 2107 2161 63
2155 2099 2315 2181 [62].
2349 2086 2578 2178 Siquis
2630 2097 2954 2177 episcopus
3005 2096 3095 2156 vel
3128 2094 3472 2175 presbyter,
3500 2091 3594 2153 vel

228 2200 342 2258 νος,
418 2179 452 2248 ἢ
500 2178 639 2243 ὅλως
718 2189 808 2238 τοῦ
861 2178 1166 2259 καταλόγου
1228 2188 1322 2239 τοῦ
1364 2182 1653 2261 ἱερατικοῦ,
1718 2184 1843 2263 φάγι

1975 2178 2236 2251 Iiaconus
2263 2178 2357 2249 vel
2390 2187 2633 2248 omnino
2665 2204 2732 2247 ex
2765 2184 3119 2247 sacerdotali
3163 2183 3435 2263 catalogo
3483 2200 3590 2243 c0-

225 2270 379 2348 κρέα,
414 2292 470 2333 κ,
504 2293 556 2329 τ.
592 2268 647 2327 λ.

1951 2278 2209 2341 mederit
2230 2294 2468 2348 carnes,
2503 2282 2646 2349 etc.,
2680 2280 2748 2337 ut
2776 2292 2922 2353 pag.
2954 2274 3100 2335 746.

616 2357 847 2418 Συνόδου
878 2357 1142 2437 Ἀγκύρας
1173 2361 1351 2417 κανὼν
1388 2360 1465 2437 γ’.

2296 2365 2563 2428 Concilii
2585 2365 2910 2444 Ancyram"
2940 2381 3139 2425 canon
3172 2364 3230 2424 3.

309 2449 390 2528 β’.
419 2450 552 2514 Τοὺς
583 2449 878 2529 φεύγοντας
911 2451 998 2505 καὶ
1030 2448 1457 2529 συλληφθέντας,
1489 2473 1545 2512 κ.
1576 2473 1626 2511 τ.
1661 2450 1716 2511 λ.

2029 2461 2089 2521 3.
2124 2455 2239 2518 Eos
2271 2456 2688 2538 quitugientes
2722 2452 3146 2534 comprehensi
3171 2457 3330 2528 sunt,
3358 2458 3503 2527 etc.,
3529 2458 3595 2514 ut

1945 2564 2092 2628 pag.
2131 2548 2257 2610 758.

642 2625 870 2687 Συνόδου
899 2628 1144 2706 Γάγγρας
1170 2629 1342 2685 συνὼν
1375 2626 1452 2704 β’.

1945 2564 2092 2628 pag.
2131 2548 2270 2610 758.

2286 2634 2554 2698 Concilii
2583 2633 2959 2712 Gangrensis
2976 2649 3171 2694 canon
3201 2635 3262 2693 2.

311 2717 393 2795 β’.
422 2714 495 2775 Εἴ
521 2715 871 2806 τιςᾲέσθίοντα
901 2717 1031 2795 κρέα
1063 2718 1231 2799 χωρὶς
1264 2717 1521 2793 α’ίματος,
1557 2741 1611 2781 κ.
1644 2740 1696 2779 τ.
1728 2720 1783 2783 λ,

2028 2726 2085 2787 2.
2123 2724 2183 2789 Si
2218 2723 2351 2806 quis
2384 2744 2517 2787 eum
2554 2724 2653 2803 qui
2687 2740 2953 2796 carnem,
2992 2730 3132 2795 etc.,
3167 2726 3235 2783 ut
3260 2736 3410 2799 pag.
3444 2718 3586 2781 923.

456 2804 683 2863 Συνόδο)
714 2813 1096 2882 οικουμενικῆς
1124 2808 1287 2875 ἕκτης
1321 2810 1499 2865 κανὼν
1532 2807 1630 2881 ξζ’,

2136 2804 2277 2875 433
2312 2815 2570 2877 Concilii
2599 2813 2947 2875 acumenici
2976 2828 3032 2873 vx
3057 2827 3251 2872 canon
3284 2810 3382 2871 67.

309 2894 406 2969 ξζῇ
439 2898 564 2953 Θεία
592 2897 734 2972 ἡμῖν
764 2897 948 2976 Γραφὴ
979 2897 1304 2977 ἐνετείλατο,
1336 2920 1391 2960 κ.
1426 2922 1477 2959 τ.
1513 2897 1568 2962 λ.

2030 2905 2131 2967 67.
2162 2905 2373 2968 Divina
2417 2901 2592 2963 nobis
2638 2899 2951 2982 Scriptura
2987 2899 3312 2972 mandavit,
3348 2907 3489 2972 etc.,
3521 2904 3590 2959 ut

227 3076 520 3157 Γρηγορίου
592 3082 684 3132 τοῦ
754 3082 1169 3154 Θαυματουργοῦ
1255 3075 1314 3132 ἒκ
1383 3080 1482 3146 τῆς
1558 3078 1678 3157 περὶ
1761 3083 1837 3134 τῶ

1973 2994 2710 3167 ζιαᾳηιαιιινθί
2738 3097 2814 3167 ea:
2843 3078 3097 3161 epistola
3121 3078 3195 3142 de
3221 3081 3298 3142 iis
3329 3078 3437 3161 qui
3461 3077 3588 3141 ido-

579 3163 894 3223 εἰδωλόθυτα
925 3165 1205 3245 φαγόντων
1241 3166 1415 3222 κανὼν
1445 3164 1520 3229 α’,
1883 3209 1926 3259 c

1620 3257 1628 3259 _
1854 3209 1926 3259 Ac
2045 3251 2058 3259 ‘
2122 3250 2169 3259 ﬁ
2317 3162 2543 3259 tethyta
2575 3162 2894 3223 comedunt
2924 3177 3123 3259 canon
3160 3166 3211 3259 ι..

313 3253 389 3313 α’.
428 3254 498 3312 Οὔ
554 3254 619 3310 τὰ
671 3255 928 3331 βρώματα
971 3256 1114 3328 ἡμᾶς
1175 3256 1359 3332 βαρεῖ,
1410 3256 1516 3334 ἱερὲ
1560 3257 1774 3332 πάππα,
1823 3248 1925 3313 εἰ*

2035 3251 2093 3311 1.
2122 3250 2251 3312 Non
2281 3251 2402 3313 cibi
2451 3270 2558 3313 nos
2602 3259 2870 3328 gravant,
2918 3249 3299 3311 sanctissime
3331 3267 3507 3330 papa,
3540 3248 3591 3309 si

229 3345 427 3426 ἔφαγον
472 3346 517 3400 οἱ
561 3342 903 3424 αἰχμάλωτοι
947 3351 1137 3422 ταῦτα,
1181 3343 1318 3422 ἆίπερ
1377 3350 1723 3420 παρετίθεσαν
1770 3347 1844 3402 αὖ·

1974 3342 2168 3421 τοι)ιὶιί
2200 3360 2269 3403 ea
2312 3340 2691 3403 comederint
2734 3359 2869 3417 quin
2900 3338 3000 3419 Qui
3036 3342 3092 3399 in
3118 3358 3221 3401 eos
3252 3338 3589 3399 dominium

232 3450 352 3498 τοῖς
384 3437 431 3491 οἱ
458 3440 775 3511 κρατοῦντες
834 3435 1007 3490 αὐτῶν
1040 3453 1058 3472 ο
1107 3433 1342 3506 μάλιστα
1373 3433 1560 3502 ἐπειδὴ
1590 3435 1676 3499 εἴς
1708 3434 1847 3512 λόγοι

1977 3430 2225 3492 ὠίίηθηῑ
2284 3431 2373 3491 eis
2430 3438 2861 3511 apposuerunt,
2913 3428 3174 3491 maxime
3204 3429 3442 3509 quando
3477 3446 3592 3489 una

235 3522 378 3598 παρά
419 3522 656 3592 πάντων,
710 3522 833 3585 τοὺς
881 3521 1318 3600 καταδραμόντας
1366 3525 1433 3580 τὰ
1460 3523 1696 3600 ἡμέτερα
1730 3523 1850 3601 μέρτ

1977 3519 2028 3581 Ie
2059 3519 2338 3580 omnibus
2368 3519 2524 3580 fama
2549 3527 2661 3591 est,
2689 3517 2983 3579 Barbaros
3010 3518 3113 3596 qui
3145 3518 3205 3579 in
3240 3526 3471 3579 nostras
3501 3534 3592 3577 re-

234 3609 551 3690 βαρϐάρους,
599 3608 839 3674 εἰδώλοις
884 3613 964 3686 μὴ
1007 3612 1325 3669 τεθυκέναι·
1375 3615 1401 3669 ὁ
1446 3611 1499 3668 δὲ
1540 3610 1849 3670 Ἀπόστολόδ

1975 3609 2163 3686 ςίοηθε
2211 3609 2593 3670 incursiones
2641 3609 2941 3681 fecerunt,
2980 3606 3158 3667 idolis
3204 3625 3324 3667 non
3355 3605 3590 3666 sacriﬁ-

232 3724 396 3782 φησιν
429 3716 442 3730 ⁸
518 3701 593 3758 Τὰ
649 3701 908 3778 βρώματα
985 3707 1053 3776 τῇ
1120 3699 1322 3781 κοιλία,
1377 3703 1465 3758 καὶ
1523 3701 1700 3775 κοιλία
1754 3715 1846 3758 τοτ

1981 3714 2144 3760 :asse.
2181 3698 2338 3761 Dicit
2367 3707 2565 3759 autem
2618 3696 2983 3777 Apostolus:
3043 3695 3222 3759 Escce
3261 3698 3485 3770 ventri,
3537 3700 3596 3756 et

232 3789 531 3868 βρώμασιν,
577 3789 605 3843 ὃ
662 3788 716 3843 δὲ
772 3790 902 3853 Θεὸς
951 3788 1045 3845 καῖ
1104 3797 1304 3856 ταῦτην
1357 3790 1450 3847 καί
1512 3798 1676 3847 ταὺτα
1736 3813 1847 3847 κατι

1980 3796 2162 3849 tenter
2211 3793 2405 3861 escis;
2456 3787 2613 3849 Deus
2650 3793 2852 3848 autem
2903 3792 2960 3847 et
3009 3785 3173 3847 hunc
3225 3791 3282 3847 et
3320 3786 3430 3847 has
3459 3784 3595 3845 des-

232 3879 459 3955 αργήσει
498 3890 513 3905 ’
569 3874 708 3931 ἀλλὰ
765 3878 852 3932 καὶ
910 3880 938 3933 ὁ
1008 3878 1199 3957 Σωτὴρ
1272 3880 1298 3935 ὁ
1356 3880 1530 3936 πάντα
1583 3879 1847 3957 καθαρίζω

1988 3884 2119 3939 ruet
2153 3877 2231 3941 36.
2266 3876 2382 3940 Sed
2416 3879 2695 3940 Servator
2725 3894 2962 3956 quoque
2993 3893 3203 3936 omnes
3235 3871 3402 3937 cibos
3434 3891 3603 3934 mun-

231 3967 297 4022 τὰ
329 3966 611 4042 βρώματα,
645 3969 705 4024 o6
734 3967 795 4023 τὸ
836 3967 1309 4049 εἰσπορευόμενον,
1363 3971 1518 4049 φησὶ,
1571 3982 1749 4027 κοινοῖ
1783 3971 1845 4026 τὸ

1983 3967 2108 4029 lans
2142 3987 2155 4030 :
2187 3969 2328 4032 Non
2358 3968 2515 4048 quod
2546 3971 2738 4028 intrat
2763 3965 2983 4044 inquit,
3020 3966 3383 4046 coinquinat
3404 3964 3598 4026 homi-

231 4053 530 4133 ἄνθρωπον,
564 4053 704 4111 ἀλλὰ
737 4056 793 4111 τὸ
825 4055 1275 4133 ἐκπορευόμενον.

1957 4075 2128 4138 nem,
2158 4057 2263 4120 sed
2292 4057 2451 4139 quod
2482 4056 2796 4134 egreditur
2822 4055 2907 4118 27.

736 4142 1018 4201 Βασιλείου
1048 4147 1227 4201 κανὼν
1257 4145 1379 4209 πα’.

2489 4147 2715 4208 Basilii
2742 4162 2931 4207 canon
2960 4144 3058 4207 81.

310 4232 431 4293 πα’.
466 4229 689 4301 Ἐπειδὴ
720 4230 775 4287 δὲ
810 4231 1003 4289 πολλοὶ
1035 4232 1089 4289 ἐν
1121 4241 1189 4311 τῇ
1220 4236 1326 4292 τῶν
1373 4234 1660 4315 Βαρϐάρων
1702 4257 1877 4293 κατα-

2040 4236 2139 4300 81.
2183 4234 2471 4308 Quoniam
2505 4244 2702 4296 autem
2740 4235 2911 4296 multi
2943 4241 3003 4295 in
3051 4233 3449 4296 Barbarorum
3503 4232 3596 4293 in-

230 4321 401 4401 δρομῃ
456 4318 772 4398 παρέϐησαν
817 4322 916 4389 τὴν
961 4325 1034 4387 εἰς
1084 4326 1214 4380 Θεὸν
1258 4326 1459 4399 πίστιν,
1494 4324 1681 4402 ὅρκους
1731 4325 1845 4384 ἐθνι

1985 4325 2243 4387 ιυιιείοηθ
2297 4325 2476 4387 ﬁdem
2531 4326 2587 4385 in
2652 4326 2837 4388 Deum
2870 4323 3189 4399 violarunt,
3223 4329 3600 4384 sacramenta

229 4413 353 4476 κοὺς
411 4409 751 4480 τελέσαντες,
812 4413 899 4467 καὶ
982 4413 1247 4487 ἀθεμίτων
1305 4419 1465 4470 τινῶν
1524 4416 1844 4492 γευσάμενοι

1982 4414 2202 4490 gentilia
2229 4416 2525 4494 jurantes,
2580 4423 2637 4475 et
2666 4413 2920 4475 nefanda
2948 4412 3216 4495 quaedam
3270 4418 3597 4491 gustantes,

230 4507 337 4557 τῶν
398 4504 451 4556 εν
502 4500 625 4561 τοῖς
672 4497 913 4566 εἰδώλοις
963 4515 1079 4565 τοῖς
1114 4507 1373 4582 μαγικοῖς
1407 4505 1845 4583 προσενεχθέντω

1986 4523 2091 4583 tua:
2122 4504 2269 4583 ipsis
2299 4498 2641 4582 in'magicis
2700 4502 3001 4565 idolorum
3053 4502 3297 4583 templis
3329 4500 3601 4580 apposita

230 4593 442 4662 αὐτοῖς,
504 4591 649 4645 οὗτοι
723 4589 860 4645 κατᾶ
920 4592 1040 4656 τοὺς
1094 4589 1197 4659 ἤδη
1256 4593 1398 4668 παρὰ
1455 4599 1562 4649 τῶν
1622 4594 1843 4670 Πατέρω

1986 4573 2234 4667 υθνθξίἰε
2253 4573 2582 4654 εθουηᾱῦῐη
2604 4611 2863 4653 canones
2881 4593 3005 4671 jam
3027 4611 3060 4654 a
3084 4573 3601 4654 Patribus'n'ostris

229 4680 384 4753 ἡμῶν
444 4675 817 4758 ἐξενεχθέντας
863 4681 1117 4755 κανόνας,
1163 4683 1207 4737 εἰ
1259 4682 1357 4757 μὲν
1400 4682 1642 4760 ἀνάγκην
1705 4681 1844 4763 χαλε

1985 4681 2149 4742 ιάἱιοε
2181 4682 2589 4762 dispensetur.
2626 4680 2767 4742 Nam
2797 4681 2897 4760 qui
2920 4681 3034 4741 vim
3062 4698 3299 4758 gravem
3336 4696 3445 4758 per
3477 4688 3600 4737 tor-

230 4768 335 4836 πὴν
393 4766 452 4824 ἐκ
522 4768 772 4843 βασάνων
855 4771 1264 4850 ὑπομείναντες,
1337 4773 1425 4827 καὶ
1485 4772 1563 4848 μὴ
1626 4771 1843 4851 φέροντε

1987 4780 2158 4832 nenta
2188 4770 2556 4845 sustinuere,
2585 4789 2693 4833 nec
2724 4771 2990 4832 ferentes
3023 4768 3285 4839 labores,
3318 4766 3391 4827 ad
3425 4784 3602 4844 nega~

229 4857 351 4921 τοὺς
404 4858 623 4929 πόνους,
683 4860 771 4915 καὶ
816 4860 1145 4925 αἰκισθέντες
1202 4862 1333 4935 πρὸς
1381 4862 1481 4928 τὴν
1512 4861 1734 4939 ἄρνησιν
1765 4861 1844 4930 ἧλ·

1983 4861 2183 4921 ioncm
2218 4860 2388 4921 tracti
2436 4868 2597 4934 sunt,
2634 4858 2827 4923 tribus
2857 4857 3030 4919 annis
3058 4876 3173 4918 non
3207 4854 3597 4934 recipiantur,

230 4950 347 5027 θον,
409 4947 464 5003 ἐν
520 4950 688 5022 τρισὶν
746 4948 918 5005 ἔτεσιν
976 4948 1228 5014 ἀδέκτους
1286 4955 1454 5030 εἶναι,
1488 4953 1575 5008 καὶ
1632 4950 1686 5007 ὲν
1730 4949 1841 5011 δυσὶ

1982 4959 2014 5010 et
2045 4948 2281 5012 duobus
2310 4949 2581 5023 audiant,
2639 4955 2699 5009 et
2728 4946 2828 5009 ubi
2859 4946 3035 5007 annis
3086 4944 3282 5006 tribus
3312 4942 3597 5005 substrati

229 5037 547 5115 ἀκροᾶσθαι,
607 5038 695 5094 καὶ
744 5038 799 5093 ἐν
858 5040 1026 5117 τρισὶν
1082 5042 1475 5115 ὑποπεσόντας,
1542 5039 1708 5104 οῧτως
1780 5041 1844 5097 δεη

1985 5040 2199 5113 uerint,
2237 5039 2323 5099 sic
2383 5038 2455 5099 ad
2517 5035 3004 5098 communionem
3038 5032 3456 5095 admittuntur.
3490 5030 3600 5103 Qui

230 5127 390 5190 κτοὺς
439 5126 683 5204 γενέσθαι
727 5129 802 5193 εἰς
858 5128 959 5197 τήν
1004 5130 1287 5186 κοινωνίαν
1323 5145 1336 5160 ⁸
1385 5132 1426 5185 εἰ
1461 5128 1517 5186 δὲ
1547 5129 1670 5186 ἄνευ
1700 5129 1836 5208 ἀνάγ

1979 5148 2098 5192 πετο
2130 5131 2256 5190 sine
2299 5146 2511 5206 magna
2540 5126 2595 5187 vi
2630 5125 2810 5187 ﬁdem
2858 5125 2918 5185 in
2952 5125 3140 5186 Deum
3178 5122 3594 5203 prodiderunt,

230 5237 331 5283 κης
387 5214 636 5294 μεγάλης
696 5216 984 5294 προδόντες
1044 5220 1143 5286 τὴν
1204 5221 1277 5281 εἰς
1335 5221 1465 5276 Θεὸν
1522 5220 1723 5295 πίστιν,
1786 5242 1845 5276 κα

1980 5236 2356 5295 nensamque
2379 5216 2702 5296 attigerunt
2726 5213 3260 5286 dzemoniorum,et
3280 5211 3594 5290 gentilium

231 5303 502 5380 ἁψάμενοι
543 5303 641 5389 τῆς
698 5306 966 5383 τραπέζης
1025 5314 1131 5363 τῶν
1161 5305 1475 5389 δαιμονίων,
1511 5310 1598 5364 γαὶ
1631 5308 1846 5383 ομόσαν‹

1983 5302 2966 5386 acramentajurarunt,ejiciantur
2982 5302 3226 5385 quidem
3263 5301 3454 5363 tribus
3484 5320 3598 5363 an-

228 5414 318 5455 τες
374 5393 561 5473 ὅρκους
626 5382 997 5471 Ἑλληνικοὺς,
1046 5382 1396 5455 ἐκϐάλλεσθαι
1460 5382 1558 5474 μὲν
1606 5382 1673 5455 ἐν
1704 5399 1840 5475 τρισὶ

1979 5398 2072 5472 Iis,
2103 5382 2632 5459 duobus-audiant:
2659 5382 2761 5457 ubi
2783 5413 2923 5456 vero
2948 5382 3120 5455 annis
3145 5391 3335 5454 tribus
3358 5392 3416 5453 in
3445 5390 3594 5454 sub-

229 5482 396 5563 ἔτεσι,
429 5486 517 5541 καὶ
548 5485 601 5540 ἓν
647 5482 792 5542 δυσὶν
852 5485 1021 5545 ἔτεσιν
1074 5487 1389 5565 ἀκροᾶσθαι,
1446 5490 1504 5545 ἓν
1562 5488 1844 5547 δποπτώσε

1979 5486 2247 5552 ιιηιὶοηθ
2269 5486 2597 5563 oraverint,
2632 5493 2689 5548 et
2712 5502 2820 5566 per
2842 5483 2991 5548 alios
3015 5490 3137 5546 tres
3161 5501 3296 5546 cum
3313 5480 3594 5547 ﬁdelibus

308 5677 372 5733 Ξθ
396 5676 422 5749 Ι
449 5678 587 5747 Cor.
618 5697 701 5769 v1,
734 5682 833 5749 13.
917 5683 979 5740 π
1005 5685 1216 5759 Matth.
1245 5703 1355 5771 xv,
1389 5689 1487 5755 tt.
