4090 6204
499 284 617 354 827
1685 286 1955 352 PHOTII
1994 285 2512 351 PATRIARCHE
2551 286 2670 351 CP.
3753 286 3879 356 928

499 419 574 484 ad
604 423 934 484 orationem
991 418 1286 501 steterint,
1321 423 1406 483 sic
1451 418 1844 483 admittuntur
1875 421 1950 485 ad
1986 421 2114 486 bon:

2259 438 2267 480 ι
2310 421 2628 501 εὖξαμένους
2663 422 2718 481 ἐν
2748 422 2914 503 τρισὶν
2968 421 3168 504 ἔτεσιν,
3225 419 3314 480 καὶ
3371 421 3426 481 ἐν
3484 422 3674 489 ἄλλοις
3728 423 3874 505 τρισὶ

503 511 1012 576 communionem.

2266 513 2509 578 »στάντας
2539 525 2657 580 τοῖς
2707 526 2926 578 πιστοῖς
2955 515 3030 580 εἷς
3087 512 3186 583 τήν
3230 510 3442 596 δέησιν,
3475 513 3615 573 οὕτω
3658 511 3881 582 δεκτοὺς

2217 606 2360 661 εἶναι
2392 603 2458 680 τῇ
2489 610 2582 662 τοῦ
2613 603 2815 683 ἀγαθοῦ
2847 604 3125 677 κοινωνία,

576 689 717 752 4:56
741 687 907 755 CAP.
925 688 1079 754 XIV.
1115 724 1190 736 —
1213 690 1296 752 De
1327 690 1482 753 laico
1507 691 1617 770 qui
1641 689 1774 772 regi
1795 689 2130 756 maledicit.

2297 697 2553 758 ΚΕΦΑΛ,
2588 690 2699 752 ῙΔ’.
2731 723 2806 737 -
2838 693 2966 771 Περὶ
2995 693 3193 751 λα’ίκοῠ
3225 691 3529 770 ὑϐρίζοντος
3563 693 3815 774 βασιλέα.

927 779 1343 861 Apostolorum
1367 795 1565 842 canon
1601 779 1703 843 84.

2677 780 3026 840 Ἀποστόλων
3059 782 3238 841 κανὼν
3272 780 3385 844 τπδ’,

575 870 654 932 84
683 870 806 951 [83]
838 870 1120 953 Quisquis
1150 887 1355 948 regem
1386 869 1479 933 vel
1512 869 1872 951 principem,
1911 877 2134 948 etc.,ut

1800 888 1872 947 ω,
1911 877 2134 948 θῑο,,αι
2292 868 2405 936 πδ’,
2437 870 2629 936 ’Ὅστις
2662 870 2863 952 ὑϐρίσει
2893 870 3147 949 βασιλέα,
3183 895 3240 932 κ.
3272 895 3326 936 τ.
3359 870 3415 933 λ.

486 977 636 1042 pag.
670 961 812 1024 739.

917 1050 1130 1115 Photii
1155 1049 1379 1132 synodi
1409 1066 1603 1112 canon
1631 1050 1694 1113 3.

2525 1050 2632 1119 Τῆς
2661 1051 2750 1108 ἐπὶ
2779 1049 2989 1108 Φωτίου
3023 1048 3248 1110 συνόδου
3268 1050 3448 1108 κανὼν
3480 1048 3556 1131 γ’,

573 1137 630 1204 3.
666 1139 729 1204 Si
754 1141 884 1222 quis
914 1141 1100 1204 laicus
1130 1141 1239 1204 Dei
1269 1159 1338 1202 ac
1384 1140 1821 1220 imperatorum
1843 1146 2128 1231 contem-

2291 1147 2368 1228 γ’.
2415 1147 2484 1207 Εἴ
2537 1170 2620 1212 τις
2691 1153 2798 1206 τῶν
2857 1146 3067 1206 λαϊκῶν
3135 1151 3490 1231 αὖθεντήσας,
3555 1151 3646 1211 καὶ
3686 1175 3871 1210 κατα-

491 1249 644 1293 nens
676 1231 980 1321 mandata,
1010 1230 1476 1321 tremendasque
1515 1228 1804 1321 deridens
1843 1226 2106 1292 Ecclesia

2255 1226 2485 1318 ρονήσας
2530 1239 2630 1321 μὲν
2673 1245 2780 1295 τῶν
2827 1240 2981 1296 θείων
3023 1240 3114 1296 καὶ
3157 1226 3870 1320 βασιλικῶίπροσταγμά-

489 1321 940 1383 constitutiones
970 1320 1276 1410 legesque,
1299 1318 1514 1381 audeat
1533 1319 1884 1410 episcopum
1917 1337 2104 1410 quem

2257 1351 2342 1410 ιον,
2379 1319 2754 1404 καταγελάσας
2799 1327 2854 1385 δὲ
2900 1329 2989 1386 καὶ
3046 1334 3154 1385 τῶν
3204 1330 3440 1410 φρικτῶν
3487 1335 3586 1398 τῆς
3614 1318 3872 1399 Ἐκκλη-

491 1410 626 1472 dam
657 1411 750 1472 vel
809 1409 1046 1473 caedere
1096 1410 1188 1472 vel
1241 1409 1304 1472 in
1357 1426 1662 1472 carcerem
1698 1408 1962 1484 tradere,
1997 1408 2106 1471 sint

2255 1408 2335 1484 ίαςν
2382 1421 2598 1494 θεσμῶν
2654 1441 2712 1475 τε
2773 1419 2862 1475 καὶ
2921 1419 3124 1494 νόμων,
3180 1408 3506 1495 τολμήσειεν
3565 1419 3870 1477 ἐπίσκοπόν

491 1517 694 1583 causa,
724 1500 818 1564 vel
849 1502 986 1563 ﬁcta
1015 1501 1089 1564 de
1119 1518 1316 1578 causa,
1350 1499 1671 1562 anathema
1700 1497 1800 1563 sit.

2252 1531 2326 1564 ινα
2383 1509 2570 1584 τύψαι,
2627 1507 2664 1576 ἥ
2716 1507 3027 1589 φυλακίσαι,
3089 1512 3124 1580 ἥ
3183 1511 3357 1590 χωρῖς
3413 1511 3612 1584 αἰτίας,
3671 1508 3711 1576 ἤ
3763 1514 3867 1569 καί

2209 1596 2664 1672 συμπλασάμενος
2695 1598 2889 1673 αἰτίαν,
2923 1600 2951 1654 ὁ
2982 1606 3221 1664 τοιοῦτος
3250 1597 3490 1672 ἀνάθεμα
3520 1597 3681 1658 ἔστω.

563 1681 719 1762 Lege
741 1699 875 1764 qua:
905 1687 1042 1742 sunt
1062 1684 1344 1742 annotata
1367 1677 1430 1739 in
1455 1695 1586 1759 cap.
1619 1677 1719 1758 36,
1755 1677 1845 1739 tit.
1882 1677 1940 1756 9,
1977 1696 2124 1758 pra;-

2287 1686 2584 1765 Ἀνάγνωθι
2614 1687 2681 1744 τὰ
2711 1687 3208 1767 παραγεγραμμένα
3240 1688 3293 1745 ἐν
3321 1688 3400 1764 τῷ
3420 1684 3534 1762 λς*
3558 1695 3785 1767 κεφ.τοῦ
3813 1690 3866 1746 θ’

437 1835 442 1839 ς
490 1771 679 1836 sentis
709 1770 934 1852 operis.

2145 1793 2183 1843 Β
2205 1777 2309 1836 τίτ.
2341 1787 2435 1837 τοῦ
2464 1778 2729 1856 παρόντος
2759 1779 3162 1855 συντάγματος.

568 1860 729 1923 CAP.
763 1859 895 1924 XV.
930 1894 1008 1905 —
1031 1860 1118 1922 De
1149 1858 1498 1922 orthodoxis
1527 1856 1804 1946 eulogias
1829 1858 2124 1939 recipien-

2289 1872 2542 1925 ΚΕΦΑΛ.
2602 1867 2714 1928 ιε’.
2775 1899 2847 1912 —
2913 1867 3041 1946 Περὶ
3097 1866 3391 1946 όρθσδόξων
3465 1865 3863 1943 λαμϐανόντων

491 1950 651 2014 tibus
703 1951 777 2012 ab
829 1949 1139 2011 haereticis
1187 1957 1294 2009 aut
1337 1947 1591 2036 Judmis,
1638 1946 1738 2036 cel
1765 1945 2106 2036 Iudaeorum

2246 1954 2450 2032 Βλογίας
2515 1954 2620 2013 ἀπὸ
2691 1945 3066 2034 αἱρετικῶννῖἱ
3152 1954 3450 2036 Ἰουδαίων³
3511 1955 3547 2022 ἥ
3630 1979 3861 2035 συνεορ-

483 2040 662 2119 festis
703 2037 1322 2102 communicantibus.
1365 2035 1450 2099 Et
1496 2034 1654 2116 quod
1682 2034 1948 2098 Sabbato
1997 2054 2098 2099 nm

2246 2045 2472 2117 ιζόντων
2529 2043 2804 2111 Ἰουδαίοις
2839 2061 2853 2076 ⁸
2924 2047 3014 2102 καὶ
3086 2044 3168 2103 ὅτι
3214 2046 3274 2102 οὗ
3323 2034 3590 2110 δεῖ-τοῖς
3634 2034 3861 2104 Σαϐϐα-

483 2129 564 2192 sit
580 2128 968 2209 feriundum,
997 2125 1099 2188 sed
1140 2133 1328 2206 prout
1359 2125 1494 2204 ﬁeri
1521 2127 1744 2204 poterit
1774 2125 1874 2187 die
1903 2124 2098 2189 Domi-

2244 2155 2314 2195 otc
2369 2132 2688 2213 σχολάζειν,
2773 2132 2914 2190 ἀλλὰ
2980 2134 3119 2191 κατὰ
3185 2134 3247 2190 τὸ
3306 2131 3528 2190 δυνατὸν
3595 2141 3666 2212 τῇ
3740 2145 3859 2194 Κυ-

481 2220 644 2280 m'ca.
679 2220 756 2279 Et
786 2219 857 2280 de
888 2219 964 2280 iis
992 2217 1099 2296 qui
1146 2217 1215 2278 in
1262 2216 1682 2278 hwreticorum
1728 2216 2096 2279 monasterii.

2245 2228 2359 2299 ,ακῇ
2391 2241 2408 2260 ⁶
2468 2223 2557 2279 καὶ
2600 2222 2727 2300 περί
2796 2227 2904 2280 τῶν
2981 2221 3298 2302 εὐχομένων
3369 2223 3424 2280 ἐν
3467 2224 3860 2303 μοναστηρίοις

483 2307 580 2370 vel
608 2307 876 2371 ecclesiis
903 2313 1112 2370 orant.

2203 2311 2233 2380 ἤ
2266 2310 2578 2380 ἐκκλησίαις
2611 2313 2914 2390 αἱρετικῶν,

799 2396 1236 2478 Apostolorum
1260 2409 1520 2458 canones
1549 2396 1650 2469 65,
1686 2393 1785 2456 70.

2621 2399 2975 2458 ’Λποστόλων
3009 2401 3187 2458 κανὼν
3217 2399 3318 2474 ξε’,
3349 2399 3424 2463 o’.

560 2486 639 2548 65
667 2486 814 2566 [63].
849 2487 911 2549 Si
941 2486 1076 2567 quis
1108 2483 1366 2548 clericus
1396 2483 1488 2546 vel
1548 2483 1737 2545 laicus
1779 2482 1842 2545 in
1871 2483 2112 2548 Iudaeo-

2277 2490 2378 2558 ξε’.
2412 2489 2482 2549 Εἴ
2509 2513 2591 2554 τις
2626 2488 2886 2569 κληρικὸς
2927 2489 2956 2557 ἦ
3011 2489 3208 2557 λα’ίκὸς
3239 2489 3464 2549 εἰσέλθοι
3494 2491 3569 2556 εἷς
3597 2513 3853 2572 συναγω-

475 2594 633 2649 rum,
670 2584 813 2651 etc.,
846 2583 915 2639 ut
941 2594 1083 2656 pag.
1121 2574 1267 2636 738.

2197 2581 2301 2660 γὴν
2331 2578 2626 2654 Ἰουδαίων,
2660 2603 2717 2643 κ,
2751 2602 2805 2643 τ,
2839 2579 2893 2643 λ,

561 2663 636 2726 70
664 2664 816 2746 [69].
852 2663 917 2727 Si
966 2665 1100 2744 quis
1160 2662 1477 2744 episcopus
1503 2662 1593 2724 vel
1648 2661 1988 2743 presbyter,
2022 2666 2113 2728 vel

2277 2667 2324 2727 θ’
2369 2669 2439 2728 Εἴ
2481 2692 2562 2734 τις
2606 2669 2923 2749 ἐπίσκοπος,
2959 2667 2995 2736 ἥ
3028 2667 3410 2750 πρεσϐυτίρος,
3441 2673 3476 2741 ἥ
3505 2668 3775 2747 διάκονος,
3817 2672 3850 2740 ῖς

477 2753 766 2817 diaconus
790 2755 882 2816 vel
916 2757 1160 2816 omnino
1193 2771 1268 2816 ex
1307 2751 1663 2816 sacerdotali
1692 2752 1981 2834 catalogo,
2012 2757 2092 2835 je-

2238 2761 2334 2822 λως
2379 2765 2472 2816 τοό
2531 2757 2834 2837 καταλόγου
2877 2757 2985 2815 τῶν
3047 2758 3346 2837 κληρικῶν,
3408 2759 3652 2828 νηστεόοι
3702 2763 3853 2837 μετᾶ

470 2845 796 2924 junetcum
825 2845 1071 2920 Judmis,
1109 2853 1252 2919 etc.,
1283 2851 1351 2905 ut
1371 2860 1518 2923 pag.
1548 2843 1694 2905 738.

1134 2853 1252 2919 ηε..
1283 2851 1351 2905 ιιι
1371 2860 1518 2923 pag.
1548 2843 1694 2905 738.
2197 2846 2487 2923 Ἰουδαίων,
2521 2869 2576 2911 κ,
2609 2870 2662 2910 τ.
2696 2847 2749 2907 λ.

479 2934 740 3000 Concilii
788 2936 1114 2998 Laodiceni
1151 2949 1410 3077 cggozgs
1463 2933 1521 3009 9,
1576 2931 1676 3008 29,
1725 2932 1826 3008 32,
1874 2931 1974 3011 3i,
2009 2932 2094 3012 3³7ἔ

2227 2936 2423 2995 ιυνόδου
2491 2935 2804 3004 Λαοδικείας
2866 2937 3174 3074 aizvcbvm’O’,
3240 2936 3347 3013 κθ’,
3395 2936 3504 3015 λβ³,
3552 2937 3656 3016 λδ’,
3725 2940 3842 3021 λζ’,

2911 3041 2946 3085 η
2979 3067 2992 3085 ,
3121 3065 3136 3080 .

1261 3061 1277 3089 ,
1312 3061 1412 3075 νυ.
2875 3066 2876 3072 η

2875 3061 2946 3085 ιιι.
2979 3067 2992 3092 ’
3028 3061 3088 3074 σιν
3121 3065 3135 3080 ⁸

552 3107 611 3172 9.
644 3103 1114 3169 Concedendum
1141 3121 1302 3180 esse,
1335 3109 1479 3180 etc.,
1507 3107 1575 3165 ut
1598 3119 1745 3182 pag.
1777 3101 1922 3166 883.
2129 3156 2167 3189 η

2272 3107 2343 3171 θ’.
2403 3109 2529 3187 Περὶ
2583 3115 2678 3165 τοῦ
2736 3107 2816 3185 μὴ
2891 3120 3205 3189 συγχωρεῖν
3286 3107 3358 3171 εἷς
3431 3107 3497 3164 τὰ
3556 3110 3845 3184 κοιμητή-

547 3285 684 3346 437
716 3283 818 3348 29.
851 3284 1019 3358 Quod
1051 3304 1168 3346 non
1219 3289 1456 3364 oportet
1503 3280 1876 3347 Christianos
1900 3282 2108 3363 judai-

2230 3221 2281 3256 ια
2337 3221 2393 3262 κ,
2429 3221 2482 3260 τ,
2517 3196 2572 3261 λ.

2271 3247 2378 3352 εἷθ’.
2413 3286 2536 3345 ’Ότι
2567 3288 2626 3344 οὒ
2654 3285 2738 3344 δετ
2770 3286 3123 3368 Χριστιανοὺς
3184 3283 3520 3362 Ἰουδαΐζειν,
3569 3309 3626 3351 κ,
3671 3310 3731 3348 τ.
3779 3287 3845 3353 λ,

468 3392 628 3454 lare,
659 3383 802 3451 etc.,
834 3384 904 3437 ut
928 3392 1070 3454 pag.
1101 3372 1244 3436 643.

547 3464 647 3527 32.
673 3464 841 3538 Quod
877 3483 998 3525 non
1027 3471 1260 3544 oportet
1281 3460 1704 3524 haereticorum
1738 3459 2108 3524 benedictio-

2269 3465 2377 3544 λβ’,
2431 3468 2556 3528 ’Ὀτι
2600 3467 2661 3526 οὗ
2729 3463 2813 3524 δεῖ
2879 3466 3159 3544 αἱρετικῶν
3218 3463 3465 3544 εὐλογίας
3510 3463 3842 3543 λαμϐάνειν,

2129 3156 2171 3207 C

469 3573 579 3618 nes
605 3555 904 3635 accipere,
939 3561 1081 3629 etc.,
1116 3561 1184 3617 ut
1205 3573 1354 3635 pag.
1389 3553 1530 3616 882.
2189 3578 2245 3617 κ.
2281 3581 2332 3618 τ.
2368 3557 2422 3621 λ,

545 3645 647 3710 34.
707 3644 875 3717 Quod
925 3663 1046 3706 non
1102 3650 1339 3725 oportet
1397 3659 1638 3703 omnem
1703 3639 2103 3704 Christianum

2268 3645 2372 3711 λδ’,
2423 3647 2548 3706 ’Ότι
2594 3649 2652 3705 οὒ
2695 3645 2782 3703 δεῖ
2823 3645 2998 3707 πάντα
3049 3646 3365 3724 Χριστιανὸν
3419 3645 3841 3725 ἐγκαταλείπειν

463 3734 682 3798 Christi
716 3742 1006 3814 martyres
1035 3733 1573 3814 relinquere,etc.,
1606 3738 1676 3792 ut
1701 3749 1843 3811 pag.
1878 3731 2018 3793 883.

1392 3739 1573 3813 ,etc.,
1606 3738 1676 3792 ut
1701 3749 1843 3811 pag.
1878 3731 2018 3793 883.
2186 3736 2453 3816 μάρτυρας
2490 3743 2740 3816 Χριστοῦ,
2778 3757 2834 3798 κ.
2869 3757 2921 3798 τ.
2951 3733 3006 3798 λ,

544 3828 645 3888 37.
680 3823 847 3896 Quod
873 3842 993 3886 non
1025 3831 1261 3902 oportet
1291 3840 1421 3903 quae
1448 3839 1482 3882 a
1529 3819 1750 3882 Judaais
1782 3819 1873 3882 vel
1903 3821 2101 3882 haere-

2265 3825 2371 3898 λζ’.
2405 3827 2529 3886 ’τοτι
2559 3829 2618 3884 οὗ
2647 3825 2729 3882 δεῖ
2779 3824 2924 3903 παρὰ
2978 3829 3086 3880 τῶν
3131 3823 3411 3901 αἱρετικῶν
3471 3822 3508 3890 ἤ
3550 3822 3839 3882 Ἰουδαίων

462 3915 597 3979 ticis
627 3915 942 3976 mittuntur
974 3912 1183 3976 festiva
1230 3912 1531 3993 accipere,
1591 3927 1785 3990 neque
1817 3928 1932 3972 una
1963 3929 2077 3971 cun

2220 3916 2600 3992 ἅπεμπόμενα
2658 3913 2976 3990 ἑορταστικᾶ
3030 3910 3349 3989 λαμϐάνειν,
3413 3911 3551 3990 μηδὲ
3597 3935 3835 3992 συνετρ-

461 4004 551 4064 eis
580 4002 793 4066 festum
827 4021 1030 4083 agere.

980 4021 1030 4067 Β.
2179 4006 2356 4076 τάζειν
2385 4008 2595 4069 αὐτοῖς.

548 4091 646 4157 38.
671 4093 838 4166 Quod
865 4112 985 4154 non
1016 4099 1256 4173 oportet
1279 4110 1313 4154 a
1339 4088 1563 4153 Judaeis
1593 4105 1797 4168 azyma
1825 4088 2099 4170 accipere

2260 4093 2377 4162 λη’.
2422 4095 2548 4153 "Ott
2606 4093 2667 4152 οὗ
2719 4091 2805 4150 δεῖ
2856 4092 2999 4170 παρᾶ
3028 4091 3136 4149 τῶν
3171 4087 3438 4150 Ἰουδαίων
3472 4089 3645 4170 ἄζυμα
3671 4090 3833 4170 λαμ·-

464 4181 547 4243 vel
582 4201 788 4244 eorum
823 4181 1233 4263 impietatibus
1262 4178 1733 4242 communicare.

2177 4180 2376 4258 ϐάνειν,
2431 4182 2460 4251 ἥ
2493 4195 2775 4241 κοινωνεῖν
2803 4194 2927 4244 ταῖς
2960 4179 3225 4244 ἀσεϐείαις
3259 4179 3457 4243 αὐτῶν.

538 4272 636 4334 39.
669 4272 839 4344 Quod
867 4290 982 4332 non
1018 4277 1253 4350 oportet
1280 4269 1434 4331 festa
1457 4285 1636 4346 agere
1659 4284 1791 4329 cum
1817 4264 2096 4344 gentibus

2258 4271 2363 4332 λθ⁹.
2395 4272 2518 4333 ’Ότι
2551 4272 2610 4330 οὒ
2642 4272 2725 4329 δεῖ
2753 4271 2876 4335 τοῖς
2909 4270 3078 4330 ἔθνεσι
3113 4271 3474 4348 συνεορτάζειν
3516 4270 3605 4329 καὶ
3636 4293 3838 4330 κοινωο

461 4367 522 4422 et
549 4378 754 4423 earum
787 4360 1079 4440 impietati
1105 4358 1581 4421 communicare.

1258 4358 1581 4421 nunicare.
2177 4375 2290 4420 νεϊν
2321 4369 2390 4440 τῇ
2419 4362 2670 4430 ἀθεότητι
2700 4361 2873 4418 αὐτῶν

701 4450 963 4514 Concilii
993 4449 1498 4530 Carthaginensis
1525 4466 1724 4512 canon
1749 4448 1850 4511 60.
2117 4518 2158 4530 _

2117 4518 2158 4530 _
2525 4449 2753 4508 Συνόδου
2789 4449 3160 4529 Καρθαγέννης
3195 4451 3372 4508 κανὼν
3401 4447 3468 4516 ξ’.

539 4541 625 4603 Dc
643 4557 1032 4621 paganorum
1061 4518 1384 4602 conviviis.
2112 4518 2154 4575 ο

2112 4518 2164 4575 D
2259 4542 2382 4620 Περὶ
2411 4540 2502 4598 τοῦ
2533 4541 2820 4620 castigem
2850 4518 2916 4596 τὰ
2948 4518 3053 4596 tti
3082 4538 3361 4606 Ἐλλήνων
3395 4540 3697 4615 συμπόσια.

455 4632 582 4695 60.1
589 4631 711 4693 llud
731 4633 906 4694 etiam
923 4629 1246 4712 petendum
1259 4629 1331 4697 23.
1354 4627 1709 4709 utquoniam
1728 4634 1932 4690 contra
1946 4646 2068 4708 prro

2258 4630 2328 4696 ξ’.
2389 4633 2621 4690 Κάκεῐνο
2673 4629 2749 4687 ἔτι
2795 4631 2904 4706 μὴν
2955 4627 3042 4686 δεῖ
3101 4629 3320 4697 αἰτῆσαι
3367 4629 3511 4708 παρὰ
3547 4629 3656 4686 τῶν
3686 4636 3835 4708 Χρι-

455 4730 626 4801 cepta
673 4721 873 4784 divina
902 4719 1173 4784 convivia
1203 4719 1405 4790 multis
1434 4719 1496 4781 in
1527 4717 1678 4780 locis
1709 4725 2067 4780 exercentur

2214 4725 2403 4778 τιανῶν
2438 4719 2726 4800 βασιλέων,
2771 4717 2966 4788 ἐπειδὴ
3012 4718 3156 4797 παρὰ
3201 4719 3267 4775 τὰ
3325 4721 3447 4775 θεῖα
3503 4719 3829 4798 παραγγέλ-

457 4829 588 4891 quae
620 4809 691 4872 ab
722 4828 932 4872 errore
965 4809 1170 4890 gentili
1203 4816 1453 4870 attracta
1483 4815 1641 4887 sunt,
1676 4807 1754 4868 ita
1785 4813 1848 4868 ut
1879 4825 2072 4869 nunc:

2219 4833 2320 4868 ατα
2344 4812 2402 4866 ἐν
2434 4809 2658 4874 πολλοῖς
2687 4809 2873 4872 τόποις
2905 4807 3177 4884 συμπόσια
3207 4807 3376 4872 οῧτως
3421 4806 3830 4890 ἐπιτελοῦνται,

456 4901 697 4980 paganis
727 4899 1054 4962 Christiani
1086 4899 1157 4961 ad
1191 4899 1316 4959 haec
1345 4895 1711 4960 celebranda
1761 4905 2048 4975 cogantur

2214 4922 2235 4956 ι
2277 4901 2375 4966 τῆς
2423 4899 2631 4967 ἐθνικῆς
2687 4898 2894 4967 πλάνης
2939 4897 3393 4977 προσενεχθέντα,
3439 4897 3512 4960 ὡς
3557 4897 3646 4954 καὶ
3683 4905 3829 4974 Χρι-

454 5006 522 5049 ex
547 5007 662 5066 qua
685 5007 749 5050 re
772 4989 1145 5069 temporibus
1167 4986 1642 5049 Christianorum
1663 4985 2069 5066 imperatorun

2217 4989 2418 5054 τιανοὺς
2448 5001 2567 5051 τοῖς
2609 4986 2846 5054 Ἕλλησι
2901 4985 3068 5065 λοίθρα
3128 4985 3588 5063 προσσυνάγεσθαι
3630 4987 3721 5041 ἐπὶ
3751 4994 3832 5063 τῇ

455 5079 794 5156 persecutio
817 5079 1004 5141 altera
1023 5077 1151 5138 ﬁeri
1173 5076 1405 5138 occulte
1424 5076 1694 5136 videatur
1717 5092 1730 5134 :
1757 5074 1937 5136 vetari
1955 5075 2070 5136 tali:

2214 5076 2373 5133 ούτων
2404 5076 2620 5152 τελετῇ,
2652 5074 2748 5130 ’ίνα
2795 5073 3084 5132 κελεύσωσι
3131 5076 3198 5130 τὰ
3240 5081 3460 5130 τοιαῦτα
3518 5072 3829 5142 κωλυθῆναι

451 5163 729 5244 jubeant,
754 5177 812 5230 et
834 5169 908 5230 de
925 5166 1264 5230 civitatibus
1286 5176 1343 5228 et
1364 5166 1440 5228 de
1465 5163 1954 5247 possessionibus
1978 5168 2066 5226 imi

2215 5166 2262 5221 αὶ
2307 5165 2366 5221 ἐκ
2423 5165 2529 5222 τῖόν
2583 5162 2795 5222 πόλεων
2848 5165 2937 5221 καὶ
2995 5163 3055 5221 ἐκ
3111 5163 3218 5220 τῶν
3269 5165 3541 5243 κτήσεων,
3575 5162 3830 5239 μάλιστα

457 5257 651 5332 posita
699 5275 872 5336 paena
929 5255 1293 5337 prohibere:
1353 5255 1611 5317 maxime
1639 5273 1773 5317 cum
1808 5254 2072 5316 etiamin

2216 5276 2256 5310 τι
2286 5255 2372 5310 καὶ
2415 5253 2470 5310 ἐν
2501 5259 2684 5320 αὐτοῖς
2714 5265 2834 5316 τοῖς
2888 5253 3148 5332 γενεσίοις
3201 5257 3304 5309 τῶν
3345 5251 3624 5329 μακαρίων
3670 5275 3831 5330 μαρ-

451 5339 760 5407 Natalibus
783 5345 1263 5408 beatissimorum
1297 5353 1621 5426 martyrum
1646 5362 1752 5425 per
1772 5343 2066 5407 nonnulla:

2214 5345 2339 5420 Spwv
2393 5343 2493 5398 ἀνά
2535 5365 2684 5406 τινας
2743 5340 2930 5404 πόλεις
2991 5341 3079 5399 καὶ
3132 5344 3207 5404 εἷς
3268 5342 3455 5406 αὖτοὺς
3491 5341 3612 5406 τοὺς
3645 5343 3829 5420 ἱεροὺς

452 5432 744 5512 civitates,
781 5445 839 5500 et
866 5435 928 5498 in
969 5436 1118 5518 ipsis
1148 5436 1296 5500 locis
1329 5437 1514 5500 sacris
1549 5435 1687 5500 talia
1711 5434 2067 5499 committere

2216 5434 2365 5501 ίποδς
2422 5441 2640 5493 τοιαῦτα
2683 5430 3036 5510 πλημμελεῖν
3091 5430 3195 5510 οὔχ
3239 5430 3562 5511 ὑφορῶνται·
3621 5433 3679 5487 ἐν
3725 5435 3831 5496 αἶς

529 5634 588 5689 ³8
617 5635 800 5707 Cone.
825 5635 1012 5703 Atrio.
1044 5653 1102 5704 c.
1137 5637 1242 5705 2'7.
