3944 6222
147 301 251 373 929
755 295 1178 367 SYNTAGMA
1225 291 1623 365 CANONUM'.
1672 330 1750 344 —
1793 288 1956 361 'I'IT.
2005 290 2174 374 XIII,
2225 292 2391 362 CAP.
2438 292 2841 363 XIV-XVIII.
3371 289 3489 365 930

143 452 375 531 ἡμέραις,
420 449 447 505 ὃ
475 447 566 505 καὶ
605 445 782 528 λέγειν
820 447 1051 528 αἰσχύνη
1109 446 1271 519 ἐστὶν,
1333 447 1592 526 ὀρχήσεις
1653 467 1700 522 με

1930 462 1968 504 n
1996 443 2416 509 reformident.
2451 442 2677 518 Quibus
2711 443 2924 506 diebus
2955 444 3160 520 etiam,
3180 446 3340 526 quod
3368 465 3483 527 pu-

148 543 294 618 σαρᾶς
342 541 416 605 εἷς
457 539 575 604 τοὺς
621 539 813 619 ἀγροὺς
858 539 945 593 καὶ
1008 539 1082 602 είς
1141 538 1235 599 τὰς
1293 536 1551 601 πλατειας
1595 537 1705 593 ἑκτε

1927 552 2001 595 ris
2033 541 2124 596 est
2144 534 2726 610 dicere,saltationes
2749 534 3245 598 sceleratissimas
3275 555 3381 616 per
3404 537 3484 598 vi-

145 631 329 705 λοῦσιν,
363 629 497 686 ὥστε
529 634 594 705 τῇ
637 635 743 685 τῶν
791 625 1198 684 οἱκοδεσποινῶν
1258 630 1414 703 τιμῇ,
1448 627 1542 682 καί
1574 624 1702 682 ἄλλο

1920 631 2134 704 satque
2156 623 2384 702 plateas
2409 630 2731 686 exerceant
2766 645 2778 687 :
2801 631 2866 685 ut
2888 625 3238 686 matronalis
3263 626 3477 704 honor,

141 718 489 800 ἀναριθμήτων
547 724 814 796 γυναικῶν
862 723 930 793 τῇ
967 714 1108 772 αἰδοῖ
1139 721 1244 773 τῶν
1278 713 1516 779 εὐλαϐῶς
1548 718 1623 777 εἰς
1653 715 1698 772 τί

1923 713 2449 774 innumerabilium
2485 713 2842 774 feminarum
2878 712 3090 793 pudor,
3127 714 3341 776 devote
3369 732 3476 778 ve-

139 809 276 887 ἁγίαν
314 807 512 884 ἡμέραν
542 806 1016 886 παραγενομένων,
1063 805 1285 882 λάγναις
1344 803 1554 883 ὕϐρεσιν
1587 805 1696 885 ἐφοε

1923 804 2128 864 entium
2182 802 2256 863 ad
2289 803 2759 864 sacratissimum
2792 802 2975 876 diem,
3032 803 3268 882 injuriis
3298 805 3480 866 lasci-

137 904 251 973 μᾷν,
281 899 351 960 ὡς
406 897 490 954 οιαὶ
541 896 710 964 αὒτῆς
766 895 865 964 τῆς
921 896 1074 974 ἁγίας
1122 897 1353 960 πίστεως
1387 893 1581 975 σχεδὸν
1614 915 1694 973 (ρει

1919 890 2132 954 intibus
2161 899 2472 973 appetatur
2500 913 2516 966 ;
2549 899 2615 952 ut
2649 893 2822 954 etiam
2865 891 3053 971 ipsius
3081 901 3302 955 sanctae
3332 893 3476 955 reli-

135 991 298 1065 γεσθαι
328 985 422 1054 τὴν
449 985 822 1064 προσέλευσιν.

1831 980 2026 1058 gionis
2057 981 2174 1061 (33)
2213 997 2369 1062 pene
2389 979 2650 1057 fugiatur
2679 997 2980 1042 accessus.

204 1075 482 1156 Ἀνᾶγνωθι
556 1077 623 1132 τὰ
677 1075 1170 1154 παραγεγραμμένοι
1226 1074 1282 1130 ἄν
1337 1079 1416 1146 τῷ
1496 1073 1560 1130 ιε’
1622 1094 1744 1151 κεφ.

1914 1069 2052 1129 438
2081 1071 2234 1149 Lege
2263 1087 2398 1150 quae
2423 1076 2702 1132 aunotata
2734 1077 2873 1130 sunt
2897 1073 2957 1130 in
2983 1088 3116 1149 cap.
3159 1069 3251 1148 t5,
3289 1070 3379 1136 tit.
3413 1072 3471 1147 3,

132 1169 211 1224 τοῦ
261 1164 310 1244 γ’
357 1167 459 1228 τίτ.
516 1165 612 1222 τοῦ
662 1165 924 1244 παρόντος
981 1164 1375 1245 συντάγματος,
1409 1164 1498 1221 καὶ
1535 1161 1582 1219 δ’
1617 1185 1689 1219 κε‹

1410 1164 1498 1221 καὶ
1535 1161 1582 1219 δ’
1617 1185 1738 1243 κεφ.
1832 1159 2140 1240 ρνωεεηιὶε
2171 1158 2393 1239 operis,
2429 1166 2488 1220 et
2518 1176 2649 1240 cap.
2685 1161 2746 1234 4,
2786 1159 2874 1224 tit.
2907 1160 2967 1222 7.

128 1263 210 1314 τοῦ
234 1253 278 1327 ζ’
302 1256 402 1316 τίτ.

202 1348 438 1406 ΚΕΦΛΛ,
493 1342 620 1416 ις’,
667 1377 745 1390 —
804 1343 936 1423 Περί
994 1342 1203 1400 λα’ίκῶν
1262 1343 1607 1422 πειρωμένων
1663 1344 1743 1419 μὴ

1915 1336 2075 1402 CAP.
2108 1336 2261 1412 XVI.
2294 1372 2373 1384 —
2407 1338 2492 1400 De
2523 1337 2704 1400 laicis
2733 1340 2843 1418 qui
2864 1338 3013 1401 dant
3042 1356 3284 1419 operam
3317 1358 3472 1420 quo-

130 1435 256 1491 εἶναι
307 1436 426 1498 τοὺς
485 1432 778 1510 κληρικοὺς
828 1439 935 1490 τῶν
1009 1435 1380 1512 μοναστηρίων
1440 1435 1529 1490 καί
1587 1455 1687 1490 πτιι

1910 1433 2034 1490 'nus
2062 1428 2269 1491 clerici
2308 1429 2839 1504 monasteriorum,
2874 1429 3467 1512 ptochodoehiorum,

131 1525 278 1603 χείων
329 1522 422 1580 καί
481 1523 837 1602 μαρτυρείων,
899 1524 1000 1580 Sno
1058 1523 1157 1590 τὴν
1231 1521 1463 1588 ἐξουσίαν
1520 1523 1575 1579 ἐν
1618 1546 1683 1581 τα

1931 1520 2371 1598 martyriorum
2446 1521 2517 1581 in
2574 1524 2869 1597 potestate
2926 1521 3151 1583 urbani
3207 1524 3475 1602 episcopi

129 1611 327 1670 πόλεσιν
354 1611 689 1674 ὶπισκόπων.

412 1613 689 1674 τισκόπων.
1822 1608 1969 1672 sint.

462 1699 693 1758 Συνόδου
724 1699 1072 1770 Χαλκηδόνος
1103 1703 1281 1760 κανὼν
1310 1702 1389 1771 η’.

2072 1700 2335 1762 Concilit‘
2369 1698 2892 1762 Chalcedonensis
2920 1717 3118 1762 canon
3147 1701 3206 1765 8.

193 1788 267 1859 η’.
299 1794 354 1850 Ol
382 1791 635 1869 κληρικοὶ
665 1797 774 1849 τῶν
803 1795 1092 1874 πτωχείων
1126 1793 1211 1850 καὶ
1241 1813 1413 1869 μονασ
1425 1793 1614 1873 τηρίων
1643 1793 1738 1852 καί

1914 1788 1964 1852 Β.
1997 1789 2218 1851 Clerici
2249 1789 2632 1871 ptocborum.
2663 1789 3189 1864 monasteriorum,
3225 1796 3371 1866 etc.,
3404 1797 3471 1853 ut

126 1884 444 1963 μαρτυρείων,
476 1902 536 1943 κ.
567 1903 622 1944 τ.
652 1879 708 1945 λ,

574 1903 622 1944 τ.
652 1879 708 1945 λ.
1813 1896 1957 1960 pag.
1993 1880 2131 1942 558.

193 1976 428 2033 ΚΕΦΑΛ.
524 1970 627 2030 1Ζ⁹.
688 2003 766 2014 —
828 1972 950 2050 Περὶ
1029 1971 1238 2029 λα’ίκῶν
1310 1973 1739 2049 προστιθεμένων

1910 1969 2067 2033 CAP.
2101 1967 2282 2032 XVII.
2317 2005 2396 2021 ——-
2425 1970 2511 2031 De
2543 1971 2722 2031 laicis
2749 1971 2856 2050 qui
2886 1970 3196 2032 adhaerent
3219 1971 3467 2050 presby-

121 2073 221 2125 τοῖς
290 2059 691 2140 ἀφοριζομένοις
777 2059 814 2127 ἥ
903 2062 1257 2140 ἀποσχίζουσι
1334 2059 1678 2140 πρεσϐυτέροι

1913 2060 1966 2119 ιε
1991 2060 2329 2138 segregatis
2360 2060 2456 2121 vel
2485 2058 2909 2131 schismaticis,
2944 2060 3055 2139 qui
3093 2061 3226 2121 sine
3244 2060 3467 2138 episco-

118 2150 194 2204 καὶ
256 2151 416 2229 χωρὶς
501 2149 610 2206 τῶν
695 2146 1018 2208 ἓπισκόπωνί
1088 2153 1284 2226 αὒτῶν,
1389 2153 1675 2232 θυσιαστήρ

1663 2173 1736 2208 κα
1812 2165 2046 2229 parum
2073 2165 2320 2210 suorum
2348 2147 2529 2210 venia
2553 2149 2786 2210 altaria
2815 2149 3220 2212 constituunt.

118 2257 479 2317 πηγγυμενοις.

561 2327 910 2388 Ἀποστόλων
942 2331 1119 2389 κανὼν
1152 2328 1267 2390 λα’.

2241 2327 2664 2406 Apostolorum
2694 2343 2887 2389 canon
2919 2327 3017 2388 3t.

183 2416 283 2482 λα’.
328 2417 394 2477 Εἴ
446 2441 535 2484 τις
595 2417 948 2499 πρεσϐύτερος
1006 2421 1418 2500 καταφρονήσας
1460 2419 1553 2477 τοῦ
1601 2420 1734 2480 ἰδίου

1897 2414 1966 2479 31
2007 2413 2164 2496 [30].
2198 2413 2262 2477 Si
2318 2415 2452 2497 quis
2488 2416 2802 2496 presbyter
2832 2423 3178 2496 contempto
3210 2418 3454 2498 proprio

115 2503 402 2583 ἔπισκόπου,
438 2532 492 2568 κ.
531 2530 586 2572 τ.
619 2508 676 2569 λ.

1815 2505 2122 2586 episcopo,
2156 2511 2299 2580 etc.,
2332 2512 2400 2566 ut
2425 2521 2570 2584 pag.
2604 2505 2745 2568 583.

180 2597 456 2678 Ἀνάγνωθι
500 2600 573 2656 τὰ
599 2598 1093 2680 παραγεγραμμένα
1124 2599 1179 2659 ἐν
1210 2604 1288 2674 τῷ
1341 2597 1408 2656 ιδ’
1453 2621 1582 2680 κεφ.
1637 2607 1731 2660 τοῦ

1898 2593 2048 2673 Lege
2076 2611 2209 2673 quas
2237 2601 2519 2656 annotata
2547 2602 2686 2656 sunt
2716 2593 2777 2655 in
2810 2612 2942 2675 cap.
2982 2594 3054 2658 14
3077 2594 3173 2659 tit.
3211 2595 3455 2677 9,.praa-

117 2683 160 2763 γ⁹
185 2686 277 2749 τίτ,
304 2696 396 2746 τοῦ
421 2686 689 2765 παρόντος
719 2688 1113 2764 συντάγματος.

719 2688 1113 2764 συντάγματος.
1809 2683 2000 2746 sentis
2024 2684 2249 2764 operis.

185 2782 416 2841 ΚΕΦΑΔ.
463 2776 585 2836 ΙΗ’.
640 2811 720 2823 -
764 2781 889 2856 Περὶ
953 2776 1243 2858 ἐπιόρκων,
1300 2779 1390 2835 καὶ
1443 2778 1498 2835 ἐν
1553 2781 1726 2846 ποίοις

1897 2771 2051 2837 CAP.
2085 2771 2289 2836 XVIII.
2324 2809 2398 2822 —
2433 2772 2528 2836 De
2575 2773 2893 2854 perjuriz‘s,
2951 2781 3014 2837 et
3065 2775 3454 2853 quandonam

118 2861 186 2920 δεῖ
207 2867 318 2930 τοὺς
350 2867 646 2942 ὀμνύοντας
677 2867 757 2943 μὴ
789 2868 1056 2945 εὐορκεῖν,

1797 2865 2086 2944 iurantes
2113 2864 2432 2945 contingat
2456 2880 2580 2926 non
2609 2869 2769 2926 recte
2794 2866 3031 2941 iurare.

182 2953 438 3012 Βασιλείου
464 2956 650 3013 κανὼν
685 2954 748 3030 ι’,
783 2954 877 3030 ιζ’,
912 2957 1018 3034 κθ⁹,
1054 2953 1152 3032 ξδ’,
1185 2955 1301 3033 πβ’.

2031 2952 2262 3015 Basilii
2292 2969 2556 3015 canones
2589 2958 2687 3027 ιιι,
2721 2952 2820 3028 1⁸7,
2853 2953 2954 3028 29,
2987 2953 3089 3034 64,
3123 2953 3221 3018 82.

181 3041 236 3105 ι’.
268 3046 326 3103 Ol
366 3047 660 3122 ὀμνύοντες
691 3045 770 3122 μὴ
802 3043 1193 3126 καταδέχεσθαι
1221 3045 1322 3114 τὴν
1361 3047 1720 3126 χειροτονίαν,

1898 3041 1988 3106 ΙΟ.
2019 3042 2129 3116 Qui
2154 3043 2363 3123 jurant
2401 3059 2468 3104 se
2499 3041 2937 3104 ordinationem
2971 3061 3088 3104 non
3118 3051 3455 3125 acceptatu-

119 3151 162 3193 lt.
191 3154 235 3194 τ.
263 3133 317 3220 λ..

1745 3150 1932 3220 cras,
1964 3141 2110 3206 etc.,
2142 3141 2210 3195 ut
2233 3149 2382 3214 pag.
2417 3131 2557 3195 503.

181 3221 258 3294 ιζ’,
291 3214 611 3305 Ἠρώτησας
643 3226 790 3301 ἡμᾶς
822 3223 939 3302 περὶ
966 3223 1241 3303 Βιάνορος,
1275 3248 1331 3289 κ.
1363 3247 1415 3288 τ.
1449 3225 1505 3290 λ.

1894 3223 1991 3284 17.
2042 3220 2435 3301 Interrogasti
2484 3239 2595 3282 nos
2647 3221 2724 3284 de
2774 3221 3029 3285 Bianore
3077 3221 3449 3304 presbytero,

1809 3318 1952 3385 etc.,
1986 3319 2052 3373 ut
2079 3329 2221 3392 pag.
2264 3312 2401 3374 ⁸774.

178 3401 273 3468 κθ’,
324 3387 624 3483 ἸΑρκοντας
669 3403 854 3480 μέντοι
891 3404 1108 3479 ὀμνύειν
1153 3403 1239 3461 ἐπὶ
1286 3405 1347 3462 τὸ
1405 3418 1723 3464 κακοποιεῖν

1896 3387 2466 3474 29.Οιίο(1’1ιοιηίηοε
2488 3407 2780 3482 potestate
2801 3400 3032 3480 praediti
3049 3401 3277 3480 jurant,
3310 3402 3453 3464 459

113 3490 211 3554 τώς
248 3493 609 3571 ἀρχομένους,
666 3494 756 3550 καὶ
813 3493 950 3550 πάνυ
978 3493 1355 3572 θεραπεύεσθαι
1394 3500 1664 3573 προσῆκεν

1895 3490 2054 3553 male
2076 3489 2150 3552 iis
2172 3489 2389 3572 quibus
2408 3499 2671 3571 praesunt
2694 3490 2978 3566 facturos,
3014 3490 3161 3552 illud
3185 3501 3242 3552 et
3259 3493 3451 3553 maxi-

113 3580 171 3634 ὧν
192 3583 222 3650 ἡ
246 3584 492 3662 θεραπεία
520 3582 707 3659 διττὴ,
738 3583 834 3660 μία
864 3583 960 3658 μὲν
995 3583 1072 3660 μὴ
1102 3583 1315 3658 ὀμνύειν
1347 3585 1536 3648 αὐτοὺς
1575 3583 1670 3642 διδς

1893 3588 2191 3643 ιουτειιιω
2215 3585 2477 3660 oportet.
2511 3577 2744 3642 Medela
2765 3586 2963 3640 autem
2987 3597 3195 3640 eorum
3214 3587 3305 3641 est
3332 3579 3450 3640 du-

113 3674 295 3728 σκεσθαι
327 3675 639 3754 προχείρως
676 3692 690 3707 ·
729 3673 883 3751 ἑτέρα
934 3671 1012 3749 δὲ,
1074 3674 1152 3750 μὴ
1197 3673 1467 3748 ἐπιμένειν
1511 3673 1566 3732 ἐν
1599 3691 1665 3732 τα

1874 3689 1963 3734 ex:
1988 3688 2106 3732 una
2127 3669 2396 3749 quidem,
2430 3675 2494 3730 ut
2513 3669 2841 3731 doceantur
2862 3686 2982 3730 non
3002 3667 3174 3729 facile
3193 3669 3431 3748 iurare;

114 3773 342 3836 πονηραῖς
410 3764 651 3842 κρίσεσιν
685 3782 700 3800 ’
745 3761 885 3819 ὥστε
937 3761 1082 3841 ὅρκῳ
1141 3764 1463 3843 προληφθείς
1524 3786 1603 3829 τις
1650 3786 1671 3821 ε

1889 3776 1992 3821 era
2014 3775 2263 3835 vero,ne
2283 3765 2343 3820 in
2365 3757 2534 3820 malis
2557 3756 2828 3819 consiliis
2850 3757 3194 3837 persistant.
3216 3755 3444 3820 Idcirco

113 3851 388 3912 κακοποιίαν
443 3852 658 3927 ἑτέρου,
702 3851 802 3919 τὴν
846 3850 932 3908 ἐπὶ
979 3852 1048 3927 τῇ
1095 3851 1386 3929 προπετείᾳ
1437 3860 1530 3911 τοῦ
1559 3852 1670 3932 ὅρκι

1893 3850 1902 3909 i
1915 3847 2311 3929 jurejurando
2333 3847 2406 3909 ad
2430 3847 2676 3909 alterius
2700 3846 3057 3908 maleﬁcium
3072 3863 3450 3927 praeoccupa-

115 3938 366 4006 μετάνοιαν
439 3938 847 4016 ἑπιδεικνύσθω,
937 3940 1016 4016 μὴ
1099 3939 1280 4016 μέντοι
1364 3944 1666 4023 προσχήμα

1890 3947 2037 4016 sest,
2073 3939 2123 4000 is
2145 3955 2268 4000 sum
2287 3937 2348 3998 in
2367 3935 2632 4018 jurando
2655 3934 3010 3997 temeritatis
3036 3935 3447 4015 paenitentiam

112 4023 373 4107 εὒλαϐείας,
434 4031 536 4099 τὴν
599 4028 862 4106 πονηρίαν
918 4028 1106 4087 ἑαυτοῦ
1185 4027 1480 4106 βεϐαιούτω
1514 4051 1529 4066 ·
1603 4036 1669 4092 ob1

1888 4028 2102 4104 tendat,
2133 4047 2252 4091 non
2270 4035 2470 4090 autem
2497 4043 2604 4107 per
2624 4043 2863 4088 causam
2891 4025 3127 4106 pietatis
3147 4025 3226 4086 im
3238 4025 3445 4106 probi-

112 4113 193 4189 γὰρ
241 4105 444 4196 Ἡρώδῃ
532 4105 817 4197 συνέφερεν
881 4105 1230 4196 εὖορκήσαντι
1261 4165 1281 4194 ,
1359 4119 1418 4184 ὃς
1475 4119 1570 4177 ’ίνα
1641 4145 1669 4196 μ

1887 4137 1982 4180 em
2005 4137 2172 4181 suam
2197 4105 2537 4180 conﬁrmet.
2569 4114 2776 4195 Neque
2802 4105 2963 4177 enim
2999 4105 3444 4195 Herodijusju-

112 4198 374 4289 ξπιορκήσῃ
430 4205 619 4287 δῆθεν,
702 4208 892 4288 φονεὺς
968 4207 1181 4287 ἐγένετο
1240 4209 1334 4266 τοῦ
1391 4210 1666 4288 προφήτου

1893 4209 2054 4270 idum
2070 4207 2425 4271 observasse
2437 4204 2789 4289 profuit,qui
2809 4204 3200 4281 videlicet,ne
3221 4205 3450 4286 pejera-

112 4287 225 4379 ἅπαξ
251 4294 342 4368 μὲν
374 4298 402 4353 ὁ
430 4295 598 4377 ὅρκος
630 4287 1017 4375 ἀπηγόρευται,
1069 4296 1256 4372 πολλῷ
1303 4296 1359 4354 δέ
1416 4287 1519 4356 που
1576 4300 1669 4356 εἱκί

1890 4345 1915 4373 ,,
1946 4299 2302 4379 prophetam
2329 4287 2551 4360 occidit
2571 4295 2655 4360 99.
2690 4295 2950 4358 Omnino
2983 4293 3226 4372 quidem
3242 4295 3447 4375 jusju-

111 4378 186 4433 τὸν
209 4379 290 4439 ἰπὶ
313 4393 465 4460 κακῷ
509 4385 798 4464 γενόμενον
843 4387 1253 4465 κατακεκρίσθαι
1289 4407 1304 4423 ·
1357 4386 1494 4444 ὥστε
1547 4409 1668 4464 μετε

1888 4378 2448 4470 ιάίυωίρτοδίθὶιυηι
2473 4396 2564 4450 est
2591 4388 2694 4450 30:
2739 4385 2847 4449 sed
2875 4385 3060 4448 multo
3086 4385 3274 4465 magis
3296 4403 3445 4448 con-

113 4484 294 4560 υρονετν
335 4475 447 4554 χρὴ
477 4475 574 4532 τὸν
635 4475 921 4551 ὀμνύοντα,
968 4476 1093 4555 οὒχὶ
1136 4473 1447 4547 σπουδάζειν
1475 4474 1670 4553 βεϐαιιοί

1892 4486 2156 4541 itaneum
2173 4486 2354 4554 est,ut
2371 4478 2528 4560 quod
2550 4477 2623 4539 ad
2643 4477 2863 4540 malum
2878 4476 3449 4556 interponitur,con-

113 4555 242 4648 σξιτοὺ
292 4564 348 4620 τὸ
404 4563 626 4622 ἀνόσιον
658 4580 674 4595 ⁶
748 4563 990 4630 ἐξέτασον
1064 4565 1165 4644 γὰρ
1229 4564 1558 4643 πλατύτερον
1621 4569 1670 4624 τί

1890 4567 2351 4641 mnetur.Quare
2375 4555 2424 4628 is
2446 4567 2550 4648 qui
2566 4567 2808 4648 juravit,
2834 4555 3191 4627 sententiam
3214 4555 3447 4628 mutare

113 4643 305 4707 ἀτοπίαν
336 4671 354 4690 ⁶
413 4654 469 4710 εἴ
499 4675 584 4719 τις
634 4654 878 4730 ὀμόσειεν
929 4643 1183 4732 ἑξορύξειν
1239 4655 1362 4720 τοὺς
1419 4655 1670 4736 ὀφθαλμοὶ

1891 4657 2134 4735 bet,non
2157 4657 2217 4718 id
2240 4657 2437 4718 studio
2456 4643 2682 4719 habere
2705 4664 2767 4718 ut
2789 4655 3094 4736 propri-um
3115 4654 3284 4716 nefas
3305 4672 3448 4715 con-

112 4742 186 4792 τοῦ
233 4737 476 4822 ἀδελφοῦ,
527 4744 572 4799 εἰ
630 4741 796 4799 καλὸν
852 4745 929 4816 τῷ
957 4743 1181 4817 τοιούτῳ
1207 4745 1278 4810 εἷς
1314 4743 1466 4823 ἔργον
1493 4745 1669 4824 ἄγαγεΔ

1884 4754 2026 4812 met.
2054 4746 2171 4808 Fac
2201 4745 2367 4809 enim
2401 4745 2578 4808 latius
2610 4743 2960 4808 consideres
2989 4743 3441 4805 absurditatem.

111 4825 213 4882 αὗτό
242 4844 255 4858 '
308 4829 362 4886 εἴ
389 4854 475 4897 τις
505 4840 784 4913 φονεῦσαι,
821 4831 876 4887 εἴ
919 4853 1006 4897 τις
1042 4830 1182 4897 ὅλως
1213 4831 1280 4890 δι’
1312 4833 1470 4913 ὅρκου
1498 4834 1668 4893 ἐντολι

1895 4835 2031 4918 quis
2043 4836 2203 4916 juret
2223 4836 2584 4898 eﬁ'ossurum
2606 4852 2672 4895 se
2693 4833 2901 4896 oculos
2932 4831 3156 4906 fratris,
3180 4849 3256 4893 an
3290 4848 3445 4911 prai-

110 4931 204 5005 ‘tm
253 4919 655 4999 παραϐήσεσθαι
687 4939 703 4958 ⁶
745 4921 934 4998 ὤμοσα
964 4922 1065 5001 γὰρ
1121 4923 1210 4980 καὶ
1240 4921 1442 4990 ἔστησα
1469 4926 1591 5005 οὒχὶ
1621 4927 1667 4982 τί

1889 4945 2028 4988 .rum
2056 4935 2146 4988 est
2167 4925 2466 5005 ejusmodi
2482 4923 2906 5004 jusjurandum
2930 4921 3005 4983 ad
3037 4939 3186 5001 opus
3218 4921 3446 5003 perdu-

108 5001 358 5084 ἁμαρτίαν,
391 5011 532 5068 ἀλλὰ
594 5019 684 5070 τοῦ
744 5010 1070 5092 φυλάξασθαι
1114 5013 1182 5069 τὰ
1223 5015 1454 5093 κρίματα
1629 5013 1665 5071 δι

1889 5018 1989 5079 re?
2019 5017 2070 5077 si
2130 5001 2264 5098 quis
2318 5031 2384 5076 se
2414 5001 2920 5076 interfecturum?
2951 5011 3001 5072 si
3036 5012 3170 5092 quis
3198 5001 3446 5075 omnino

111 5098 360 5184 κιιοσύνης
414 5123 508 5160 σου
541 5117 557 5131 ⁶
617 5100 796 5178 ὥσπερ
856 5100 911 5157 δὲ
959 5101 1057 5168 τὴν
1112 5101 1335 5172 ἐντολήν
1368 5102 1662 5180 ἆμεταθέτο

1888 5106 2151 5168 mdatum
2174 5103 2420 5184 aliquod
2457 5113 2970 5182 transgressurum
2993 5099 3024 5162 Ἰ
3051 5100 3252 5164 Juravi
3283 5103 3445 5165 enim

113 5183 299 5258 ιρίμασι
353 5195 599 5269 προσῆκε
655 5188 1017 5268 βεϐαιοῦσθαι,
1095 5191 1238 5249 οὕτω
1294 5193 1394 5260 τὴν
1449 5193 1670 5274 ἁμαρτία

1888 5193 2086 5270 statui,
2120 5212 2240 5255 non
2276 5183 2606 5273 peccatum
2643 5200 2902 5273 patrare,
2935 5190 3043 5254 sed
3075 5209 3315 5255 servare
3339 5193 3445 5272 ju-

112 5277 341 5344 παντοίως
371 5281 598 5351 καθήκει
627 5281 939 5359 ἂκυροῡσθαι
969 5282 1059 5339 καὶ
1085 5281 1446 5361 ἀφανίζεσθᾶιι.

1889 5285 1956 5346 :ia
1975 5283 2227 5364 justitiai
2257 5288 2372 5343 tuae
2400 5280 2475 5342 ³1.
2513 5281 3033 5355 Quemadmodum
3093 5281 3256 5344 enim
3288 5301 3446 5363 prae-

113 5372 319 5442 ceptum
345 5367 818 5432 immutabilibus
838 5369 1107 5434 consiliis
1139 5370 1617 5435 conﬁrmandum
1637 5382 1752 5452 est,
1787 5374 1868 5437 ita
1891 5377 2198 5456 peccatum
2229 5372 2475 5436 omnino
2499 5373 2805 5436 inﬁrmare
2827 5380 2884 5436 et
2913 5371 3118 5435 delere
3143 5375 3438 5440 convenit.

173 5465 227 5518 η
249 5468 450 5537 latth.
479 5489 606 5559 xxv,
639 5478 738 5542 ιο.
819 5475 884 5528 30
914 5477 1120 5541 Matth.
1155 5495 1212 5556 ν,
1240 5477 1341 5542 34.
1426 5478 1483 5530 δι
1519 5478 1673 5540 Psal.
1708 5493 1730 5540 ε

526 5489 606 5559 ιν,
639 5478 738 5542 t0.
819 5475 884 5528 30
914 5477 1120 5541 Matth.
1155 5495 1212 5556 ν,
1240 5477 1341 5542 34.
1426 5478 1483 5530 δι
1519 5478 1673 5540 Psal.
1708 5493 1910 5556 cxvm,
1946 5475 2083 5541 106.

116 5569 295 5719 ωὲῗῖἆ)
340 5578 573 5660 Graece,
605 5588 830 5648 sanctas
882 5582 1046 5669 ﬁdet,
1080 5583 1194 5648 hoc
1227 5590 1340 5666 est,
1371 5582 1642 5650 locorum
1672 5601 2008 5664 sacrorum,
2045 5583 2105 5647 in
2137 5580 2352 5670 quibus
2379 5581 2726 5667 religiosum
2757 5583 2980 5651 cultum
3021 5583 3230 5652 ﬁdeles
3260 5601 3442 5653 exer-
