3944 6222
492 318 598 389 931
1674 319 1944 386 PHOTII
1983 319 2507 387 PATRIARCHE
2545 320 2662 386 op.
2956 272 2963 273 θ
3254 260 3269 271 δ
3670 314 3758 392 932

567 472 668 536 64.
700 471 983 553 Perjurus
1011 470 1186 534 annis
1217 468 1427 533 decem
1461 487 1579 532 non
1612 470 1729 533 erit
1752 476 2124 533 communio~

2295 469 2391 537 ξδ’.
2443 463 2501 530 Ὀ
2546 472 2789 553 ἐπίορκος
2820 473 2874 532 ἒν
2909 473 3035 532 δέκα
3068 474 3237 534 ἔτεσιν
3282 475 3609 544 ἀκοινώνητος
3632 476 3757 551 ἔσται,

487 563 582 625 nis
607 566 904 644 particeps
930 584 943 624 :
970 562 1144 624 annis
1165 561 1397 623 duobus
1421 560 1595 638 ﬂens,
1632 561 1826 623 tribus
1858 561 2044 623 audiei

2214 559 2355 620 δυσὶν
2405 563 2545 619 ἓτεσι
2605 563 2969 643 προσκλαίων,
3003 568 3171 645 τρισὶν
3216 566 3555 644 ἀκροώμενος,
3593 566 3759 645 τέσσαρ-

488 662 743 733 quatuor
794 652 1148 720 subslratus,
1214 670 1331 712 uno
1380 651 1718 713 consistens
1766 657 2038 732 tantum;

2215 674 2296 708 σιν
2345 652 2657 709 ὑποπίπτων
2694 669 2708 684 ⁸
2760 656 2999 712 ἒνιαδτὸν
3054 658 3316 721 συνεστὼς
3368 654 3540 731 μόνον,
3584 658 3654 711 καὶ
3674 658 3758 711 τότε

487 750 626 803 tunc
652 742 1076 803 communione
1109 741 1329 820 dignus
1352 739 1694 803 habebitur.

1423 739 1694 802 .bebitur.
2212 746 2312 808 τῆς
2343 742 2620 805 κοινωνίας
2652 742 2980 818 ἀξιούμενος,

567 832 666 893 8‘2.
701 830 770 892 Et
800 830 875 892 de
908 831 1191 911 perjuris,
1228 840 1369 903 elc.,
1399 839 1469 892 ul
1491 848 1632 910 pag.
1666 830 1807 896 806.

2292 831 2407 907 πβ’.
2445 834 2542 889 Καὶ
2573 834 2689 910 περὶ
2718 840 2824 889 τῶν
2856 834 3316 914 ἐπιορκησάντων,
3343 857 3397 894 κ.
3430 858 3479 897 τ.
3510 833 3559 895 λ.

572 923 815 983 Textus.
850 922 989 980 440
1029 923 1112 983 De
1144 920 1401 1000 perjuris
1432 920 1652 981 dicitur
1674 925 1729 980 in
1765 919 1873 981 lib.
1904 936 2009 1000 xu,
2038 919 2124 979 tit.

2293 922 2418 997 Περὶ
2461 919 2722 999 ἐπιόρκων
2780 922 2994 1000 εἴρηται
3024 922 3171 1000 βιϐλ.
3206 924 3299 1003 ιβ’,
3332 925 3435 986 τίτ,
3468 922 3536 999 β’,
3564 922 3759 998 καῑβιόλ.

483 1012 542 1088 2,
580 1019 637 1072 et
667 1010 772 1074 lib.
800 1011 933 1073 cod.
970 1028 1051 1089 iv,
1090 1010 1182 1071 tit.
1221 1012 1243 1070 1
1274 1029 1288 1070 :
1326 1012 1521 1090 Atque
1551 1010 1853 1089 generalis
1886 1008 2040 1090 ιιυίόε

2212 1006 2281 1079 δ’,
2322 1009 2425 1069 τίτ.
2474 1009 2527 1065 α’
2562 1030 2575 1043 ⁸
2623 1011 2710 1067 καὶ
2767 1013 2795 1067 6
2839 1012 2936 1084 μὲν
2995 1015 3205 1091 γενικὸς
3252 1012 3407 1091 λόγος
3462 1013 3669 1089 βούλεται
3710 1013 3764 1086 μὴ

484 1118 685 1163 sermo
716 1100 860 1174 vult,
896 1118 973 1160 ne
1017 1098 1138 1179 [in]
1174 1099 1442 1178 perjuria
1477 1098 1833 1179 inquiratur.
1860 1097 2041 1161 Sunt‘

2211 1102 2487 1169 ζητεῖσθαι
2532 1103 2658 1175 περὶ
2697 1099 2970 1178 ἐπιορκίας
3004 1120 3019 1136 ⁸
3072 1104 3170 1159 εἰσὶ
3217 1101 3272 1158 δέ
3314 1124 3453 1166 τινες
3496 1101 3764 1181 ἐξαιρέσεις·

484 1209 624 1252 men
654 1188 921 1270 quaedam
959 1188 1369 1267 exceptiones.
1403 1188 1637 1249 Dicitur
1686 1187 1842 1249 enim
1878 1186 1985 1249 lib.
2017 1205 2041 1249 ι

2211 1185 2426 1265 εἴρηται
2469 1188 2570 1266 γὰρ
2601 1187 2746 1264 βιελ.
2783 1188 2877 1265 ιβ’,
2914 1192 3029 1250 τὶτ.
3062 1190 3137 1266 β’,
3171 1189 3309 1253 διάτ.
3343 1190 3452 1266 λα’,
3513 1190 3583 1247 ὅτι
3620 1190 3662 1245 ἓν
3686 1202 3768 1250 τοῖς

482 1281 570 1341 tit.
604 1278 665 1353 2,
699 1278 822 1357 dig.
855 1279 923 1339 31
964 1276 1065 1340 :In
1093 1276 1292 1337 dubiis
1318 1278 1550 1356 [causis]
1602 1278 1756 1338 solet
1782 1275 1967 1357 judex
1992 1278 2039 1354 ji

2214 1275 2532 1355 ἀμφιϐόλοις
2594 1276 2782 1333 εἴωθεν
2830 1280 2857 1334 6
2901 1276 3155 1346 δικαστὴς
3212 1280 3475 1359 ἐπιφέρειν
3515 1280 3668 1355 ὅρκον,
3708 1281 3771 1335 καὶ

477 1368 802 1449 jurandum
854 1367 1115 1439 deferre,
1169 1374 1227 1428 et
1278 1368 1365 1427 sic
1419 1366 1690 1446 [deinde]
1733 1365 2030 1445 judicare.

2214 1366 2353 1424 οὕτω
2396 1367 2711 1445 ψηφίζεσθαι
2747 1386 2764 1405 ο
2821 1368 2911 1424 ἐὰν
2974 1369 3064 1425 οὖν
3125 1372 3153 1426 ὁ
3210 1369 3349 1428 οὕτω
3406 1368 3767 1440 καταδικασθεῖς1

480 1461 660 1540 igitur
693 1478 762 1520 eo
797 1457 972 1519 modo
1004 1457 1458 1528 condemnatus,
1492 1460 1870 1534 postmodum
1898 1456 2017 1535 [se]

2217 1455 2495 1535 εὑρηκέναι
2555 1459 2691 1531 μετὰ
2747 1465 2911 1515 ταῦτα
2969 1458 3305 1535 δικαιώματα
3366 1459 3519 1538 λέγῃ,
3571 1460 3642 1515 καὶ
3697 1458 3770 1532 μά-

481 1556 814 1612 strumenta
860 1546 1164 1607 invenisse
1195 1546 1375 1618 dicat,
1439 1546 1636 1626 iisque
1667 1545 1814 1607 solis
1847 1544 1931 1606 uti
1963 1563 2032 1606 ve

2214 1568 2324 1605 νοις
2376 1548 2557 1609 αὐτοῖς
2614 1546 2743 1623 θέλῃ
2796 1549 3126 1629 χρήσασθαι,
3187 1549 3386 1606 ἄνωθεν
3416 1561 3554 1605 κινεῖ
3582 1564 3594 1579 ⁸
3625 1546 3770 1603 είδὶὸ

482 1660 555 1703 ex
582 1640 812 1717 integro
846 1654 1089 1697 causam
1143 1636 1284 1711 agit.
1318 1634 1487 1706 Quod
1521 1636 1570 1696 si
1602 1634 2028 1713 adversariusj

2214 1634 2475 1699 ἀντίδικος
2521 1637 2677 1693 αὐτοῦ
2710 1636 2897 1715 ἐπάγει
2940 1638 3031 1694 τὸν
3082 1637 3264 1720 ὅρκον,
3309 1639 3406 1696 οὐκ
3432 1636 3771 1717 ἀναψηλαφᾶτσι

474 1730 797 1809 jurandum
849 1726 1099 1800 deferat,
1154 1744 1273 1786 non
1304 1732 1665 1787 retractatur
1696 1722 2125 1785 controversia.
2210 1728 2244 1795 ἡ
2276 1730 2540 1791 ὺποθεσις,

563 1818 808 1880 Textus.
843 1815 945 1876 Est
978 1822 1174 1875 tamen
1203 1813 1308 1875 lib.
1345 1832 1424 1888 IV,
1462 1815 1598 1876 cod.
1638 1814 1726 1875 tit.
1761 1814 2120 1893 l,const.13,

2290 1815 2447 1891 Ἔστι
2477 1815 2531 1870 δὲ
2561 1818 2735 1894 ε’)ρεϊν
2765 1815 2910 1892 βιϐλ.
2942 1816 2987 1872 δ’
3018 1825 3111 1875 τοῦ
3141 1816 3270 1879 κώδ,
3305 1818 3410 1879 τίτ,
3444 1816 3515 1890 α’,
3563 1815 3677 1873 διᾶτ.
3704 1811 3772 1893 ιγ’,

476 1904 1199 1983 invenire,jusjurandum
1216 1903 1519 1966 deferente
1542 1903 1882 1965 adversario
1902 1922 2033 1983 prae:

2218 1907 2299 1962 καὶ
2331 1904 2490 1985 ὅρκον
2520 1904 2778 1980 ὁμοθέντα
2830 1906 2881 1971 ἐξ
2930 1906 3221 1985 ἐπαγωγῆς
3266 1909 3362 1962 τοῦ
3413 1905 3652 1963 ἀντιδὶκόυ
3680 1905 3775 1960 ἀνα-

478 2008 605 2060 tum
639 1995 976 2059 retractari.
1010 1995 1113 2054 Ait
1141 1993 1300 2054 enim
1334 2014 1348 2053 :
1382 1992 1445 2055 Si
1491 1994 1593 2074 qui
1628 1993 1885 2073 legatum
1920 1993 2035 2071 exig

2219 1994 2612 2073 ψηλαφώμενον
2653 2011 2666 2025 ’
2724 1997 2857 2072 φησὶ
2915 1997 3040 2075 γὰρ,
3072 1996 3159 2052 ὅτι
3208 1994 3335 2053 Ἐὰν
3366 1997 3394 2051 6
3422 1995 3640 2072 ληγάτον
3662 1996 3776 2050 ἀπει-

476 2095 592 2163 ret,
626 2103 761 2148 cum
796 2089 1213 2145 testamentum
1248 2101 1367 2143 non
1399 2081 1990 2163 appareret,haarede
2020 2100 2033 2141 ι

2218 2091 2337 2160 τῶν,
2399 2090 2494 2151 τῆς
2556 2083 2816 2155 διαθήκης
2870 2087 2947 2160 μὴ
3014 2084 3371 2165 φαινομένης,
3447 2082 3497 2151 ἐξ
3550 2085 3775 2162 ἐπαγωγῆς

478 2177 735 2249 ferente,
796 2171 1003 2235 deberi
1054 2172 1165 2233 sibi
1213 2172 1456 2251 juravit,
1518 2181 1575 2234 et
1606 2171 1909 2250 acceperit
1943 2192 1955 2233 :
1991 2171 2035 2250 [ε

2219 2176 2302 2230 εοῦ
2369 2171 2709 2250 κλῆρονόμοο
2763 2175 2939 2250 ὀμόσῃ
2998 2176 3466 2253 κεχρεωστῆσθαι,
3526 2171 3610 2229 καί
3656 2169 3776 2250 λάϐῃ,

475 2285 616 2328 vero
647 2262 1028 2345 postmodum
1055 2263 1314 2340 [invento
1364 2261 1741 2341 testamento]
1764 2260 1910 2322 nihil
1940 2260 2032 2321 eii

2225 2262 2347 2319 ιετὰ
2405 2272 2571 2320 ταὺτα
2614 2261 2668 2318 δὲ
2727 2265 2912 2340 εὑρεθῇ
2970 2264 3047 2338 μὴ
3109 2262 3605 2342 κεχρεωστημένος,
3651 2261 3680 2329 ἢ
3723 2282 3782 2316 κε-

476 2355 756 2418 relictum
790 2352 974 2414 fuisse
1000 2370 1014 2415 :
1043 2359 1144 2413 aut
1168 2351 1524 2414 derelictum
1551 2352 1821 2432 quidem,
1844 2351 1946 2411 sed
1983 2368 2033 2431 pi

2221 2351 2630 2432 χρεωστημένος
2695 2353 2816 2427 μὲν,
2871 2354 2946 2427 μὴ
3004 2353 3228 2432 ὀφείλων
3273 2350 3331 2409 δὲ
3374 2354 3435 2409 τὸ
3490 2358 3586 2409 πᾶν
3620 2348 3778 2421 λαϐεῖν,

477 2455 613 2527 pter
638 2442 961 2507 Falcidiam
1014 2459 1133 2502 non
1178 2449 1367 2502 totum
1413 2458 1629 2521 capere
1678 2438 2034 2517 debuisse,(

1531 2458 1629 2502 ere
1678 2438 1986 2517 debuisse,
2020 2439 2129 2501 de-
2210 2440 2292 2500 διὰ
2321 2442 2412 2498 τὸν
2438 2440 2724 2498 Φαλκίδιον
2756 2439 3088 2500 ἀναδίδωσιν.

477 2536 844 2616 prehensum
876 2530 1077 2605 fuerit,
1104 2530 1329 2591 reddit.

562 2622 805 2684 Textus.
842 2621 987 2680 Item
1009 2636 1141 2697 quae
1160 2618 1235 2680 de
1254 2617 1563 2697 judicialis
1580 2618 1981 2698 jurisjurandi
2008 2638 2119 2697 pu-

2291 2612 2351 2677 Ἠ
2382 2618 2436 2676 δὲ
2461 2620 2579 2698 περὶ
2609 2642 2706 2687 της
2758 2622 3120 2701 καθαρότητος
3160 2628 3267 2678 τῶν
3312 2620 3484 2699 ὅρκων
3533 2620 3628 2677 τῶν
3663 2617 3777 2675 δικῶν

478 2711 653 2774 ritate
683 2715 893 2771 tractat
942 2706 1188 2771 Novella
1222 2710 1337 2767 124
1377 2707 1773 2786 retractandi,
1806 2707 1930 2767 sive
1948 2707 2035 2785 jul

2223 2707 2648 2784 διαλαμϐάνουσα
2694 2707 2775 2788 ρκ’
2810 2712 3007 2787 Νεαρὰ,
3041 2708 3247 2767 δίδωσιν
3298 2708 3479 2766 ἄδειαν
3531 2709 3657 2774 ἐντὸς
3688 2729 3780 2763 τετ-

478 2798 858 2863 mendacium
919 2795 1207 2874 arguendi
1269 2803 1617 2875 potestatem
1668 2796 1835 2859 facit.
1885 2796 2035 2868 Quin

2224 2806 2386 2878 τάρων
2431 2801 2618 2873 μηνῶν
2674 2797 3148 2878 ἀναψηλαφᾶσθαι,
3217 2798 3385 2875 ἤγουν
3435 2798 3711 2879 ἐλέγχεσθαι
3742 2798 3781 2851 τὺ

477 2885 1445 2966 lib.xu,tit.2,digest.i3,dicitur:
1470 2884 1582 2957 Qui
1607 2885 1664 2945 in
1689 2902 1755 2946 re
1782 2885 2034 2964 pecunia

2218 2888 2399 2963 ψεῦδος
2430 2890 2520 2945 τοῦ
2548 2887 2842 2960 ὀμόσαντος
2877 2904 2890 2919 ⁸
2928 2888 3144 2967 εἴρηται
3178 2888 3231 2944 δὲ
3262 2888 3359 2944 καί
3406 2886 3548 2965 βιϐλ,
3596 2887 3678 2963 ιβ’,
3702 2886 3775 2942 τίτ.

480 2978 585 3058 [se]
615 2998 733 3041 non
772 2975 1019 3049 debere,
1056 2983 1155 3037 aut
1193 2974 1360 3054 [sibi]
1412 2973 1620 3037 deberi
1649 2992 1756 3054 per
1788 2974 2037 3054 principi

2223 2978 2282 3052 λ’,
2329 2976 2470 3041 διάτ,
2533 2975 2629 3055 ιγ’,
2677 2976 2760 3033 ὅτι
2804 2979 2830 3034 6
2868 2977 2954 3034 ἐπὶ
3010 2979 3258 3057 χρήμασι
3288 2979 3430 3034 κατὰ
3461 2980 3548 3034 τοῦ
3572 2975 3780 3053 βασιλέως

475 3068 791 3149 juraverit,
849 3072 907 3126 et
955 3064 1108 3126 forte
1157 3064 1516 3144 pejeraverit
1548 3083 1562 3124 :
1594 3064 1686 3126 vel
1720 3064 1875 3123 intra
1904 3071 2032 3125 stati

2221 3067 2435 3146 ἰμόσας,
2494 3068 2581 3123 καὶ
2636 3066 2959 3144 ἐπιορκήσας
3006 3070 3197 3147 τυχὸν,
3246 3065 3332 3123 ὅτι
3376 3068 3437 3123 οὗ
3486 3061 3778 3147 χρεωσιεῖ,ἣ

480 3166 721 3236 tempus
753 3155 857 3234 [se]
879 3153 1180 3229 daturum,
1214 3155 1344 3230 [nec
1370 3154 1604 3231 fecerit]
1632 3171 1645 3213 :
1683 3151 2019 3231 instigatur.

2222 3156 2286 3211 ἰτι
2340 3169 2633 3236 χρεωστεϊ,
2667 3156 2702 3223 ἢ
2734 3155 2814 3211 ὅτι
2865 3154 3074 3212 δίδωσιν
3117 3156 3253 3212 εἵσω
3283 3157 3623 3237 προθεσμίας,
3651 3156 3779 3231 ῥοπα-

475 3244 631 3308 lib.n
652 3241 1155 3314 cod.tit.4,const.
1191 3242 1411 3315 4l.Qui
1437 3242 1624 3322 major
1645 3244 1820 3304 annis
1852 3251 2032 3303 trans:

2225 3247 2403 3316 ιίζεται
2434 3262 2447 3276 ⁸
2494 3250 2549 3301 ὲν
2579 3243 2634 3301 δὲ
2666 3252 2743 3320 τῷ
2772 3244 2825 3321 β’
2852 3242 2996 3323 βιϐλ.
3034 3251 3126 3302 τού
3155 3244 3313 3325 κώδ,,
3350 3247 3455 3308 τίτ.
3482 3246 3555 3318 α’,
3579 3242 3695 3303 διάτ.
3717 3238 3782 3316 μα’

475 3336 726 3404 tionem,
762 3349 867 3412 per
894 3329 1082 3392 Deum
1137 3339 1236 3392 aut
1285 3331 1618 3411 principem
1646 3332 1902 3410 jurando
1934 3331 2032 3394 libi

2225 3335 2388 3415 ρησῖν,
2422 3334 2502 3391 ὅτι
2560 3336 2588 3390 6
2643 3334 2849 3398 τέλειος
2895 3335 2993 3403 τὴν
3037 3336 3175 3393 κατὰ
3216 3342 3308 3392 τοῦ
3342 3344 3479 3395 Θεοῦ
3503 3334 3534 3401 ἤ
3562 3341 3642 3391 τοῦ
3664 3333 3782 3407 βασι-

473 3427 777 3486 voluntate
832 3420 1190 3495 confectam,
1226 3421 1563 3501 principem
1624 3423 1712 3484 vel
1748 3423 2023 3501 magistra

2226 3422 2338 3488 λέως
2395 3422 2680 3497 ἐνωμότως
2713 3426 2880 3503 χωρὶς
2932 3424 3175 3502 ἀνάγκης
3234 3425 3534 3502 γενομένην
3575 3423 3680 3497 παρ’
3712 3424 3783 3477 αὖ·

471 3512 944 3594 interpellando,
1000 3522 1100 3574 aut
1155 3529 1285 3591 qum
1329 3512 1667 3592 placuerint
1696 3532 1815 3574 non
1845 3512 2028 3574 facien

2227 3519 2296 3569 τοῦ
2338 3511 2574 3569 διάλυσιν
2618 3511 2983 3590 παραϐαίνων,
3044 3511 3098 3569 ἐν
3156 3520 3233 3588 τῷ
3295 3514 3571 3594 προσιέναι
3618 3508 3784 3587 βασιλεῖ

473 3602 910 3684 transgreditur
951 3622 965 3665 ε
1002 3600 1246 3663 infamia
1275 3609 1537 3683 notatur,
1569 3610 1630 3664 et
1657 3602 1896 3664 actione
1926 3600 2030 3683 iisq

2228 3602 2240 3668 ἱ
2281 3601 2563 3683 ἄρχουσιν,
2598 3601 2635 3669 ἥ
2667 3603 2744 3677 μὴ
2773 3615 2954 3659 ποιεῖν
2984 3602 3048 3661 τὰ
3098 3599 3346 3676 δόξαντα,
3410 3604 3688 3679 ἀτιμοῦται,
3721 3596 3785 3653 καὶ

473 3714 606 3777 quae
636 3713 707 3783 ea
726 3691 1124 3756 transactione
1148 3691 1486 3753 lucraturus
1507 3700 1657 3773 erat,
1676 3691 1922 3766 excidit,
1941 3701 2030 3773 atq

2225 3696 2301 3758 τῆς
2345 3691 2564 3770 ἀγωγῆς
2619 3690 2888 3771 ἐκπίπτει,
2922 3692 3012 3749 καὶ
3066 3693 3140 3747 ὧν
3201 3690 3434 3766 ἔμελλεν
3475 3696 3534 3749 ὲκ
3574 3695 3661 3756 τῆς
3694 3686 3782 3742 δισ-

473 3776 774 3863 [ἶιιειιρὶιιι
816 3780 1201 3843 constitutam
1237 3800 1470 3862 poenam
1517 3781 1638 3844 dat.
1692 3779 1835 3859 [Qui
1867 3799 2006 3844 vero

2226 3780 2404 3845 ,νόσεως
2448 3778 2761 3859 κερδαίνειν,
2792 3782 2879 3836 καὶ
2922 3778 3100 3836 δίδωσι
3155 3785 3253 3847 τὴν
3288 3783 3591 3859 ὁρισθεῖσαν
3615 3776 3783 3852 ποινὴν,

474 3862 692 3953 pactis]
718 3872 1122 3951 perstiterint,
1147 3871 1281 3930 441
1339 3875 1538 3932 omnia
1568 3871 1834 3950 capiunt.
1868 3869 1940 3931 Et
1967 3889 2031 3933 co

2224 3871 2293 3926 ιαί
2350 3870 2523 3926 πάντα
2553 3867 2911 3945 λαμϐανοοσιν
2941 3870 2990 3925 οἱ
3020 3869 3341 3945 ἐμμένοντες
3380 3887 3395 3902 ⁸
3429 3873 3517 3928 καὶ
3546 3869 3668 3926 διάτ.
3695 3862 3781 3940 νβ’,

472 3952 591 4024 stit.
633 3960 760 4024 42:
809 3959 873 4021 Si
928 3978 998 4021 ex
1047 3958 1208 4020 falsis
1248 3958 1672 4020 instrumentis
1722 3967 1959 4034 pactum
2018 3979 2029 4020 ε

2225 3959 2283 4016 ἱτι
2328 3958 2418 4014 ἰὰν
2462 3959 2568 4015 ἀπὸ
2612 3958 2865 4015 πλαστῶν
2909 3956 3313 4038 δικαιωμάτων,
3361 3961 3563 4017 πάκτον
3612 3954 3643 4022 ἦ
3690 3952 3782 4009 διέ-

474 4050 798 4113 transactio
830 4046 977 4108 inita
1025 4047 1226 4121 fuerit,
1259 4047 1530 4127 quamvis
1551 4046 1979 4125 jusjurandum
2010 4066 2031 4109 ε

2229 4070 2350 4112 ,υσις
2394 4048 2642 4128 γένηται,
2673 4050 2760 4103 καὶ
2811 4046 2965 4125 ὅρκον
3012 4047 3132 4127 ἔχει
3189 4050 3567 4127 προκείμενον,
3608 4041 3786 4121 ἀνατρέ-

470 4140 727 4201 hibitum
758 4136 1154 4212 sit,evertitur
1177 4136 1442 4215 [tamen],
1465 4135 1698 4197 etiarnsi
1729 4135 1980 4197 civiliter
2007 4136 2027 4197 ί

2226 4158 2380 4211 εεται,
2411 4139 2455 4192 εἰ
2486 4138 2572 4193 καὶ
2602 4139 2960 4216 χρηματικῶς
2990 4136 3225 4208 ἐζητήθη
3253 4138 3315 4194 τὸ
3376 4138 3627 4215 πλαστὸν,
3657 4134 3692 4189 εἷ
3728 4129 3783 4205 μὴ

471 4246 602 4290 sum
637 4226 1058 4304 investigatum
1114 4225 1232 4285 sit:
1268 4224 1380 4286 nisi
1417 4223 1492 4286 de
1520 4242 1590 4286 eo
1622 4223 1756 4303 ipso
1790 4231 2025 4287 transac

1528 4242 1590 4286 eo
1622 4223 1756 4303 ipso
1790 4225 2115 4290 transactio
2196 4228 2286 4284 καὶ
2314 4224 2402 4284 ἔπ’
2435 4227 2576 4300 αὐτῷ
2602 4224 2791 4304 γέγονε
2822 4223 3085 4289 διάλυσις.

468 4316 627 4378 facta
654 4314 863 4377 fuerit.
3203 4352 3216 4365 ,

561 4406 800 4467 Τεωιηε.
835 4403 909 4464 Et
964 4403 1073 4467 lib.
1129 4420 1212 4478 IV,
1265 4404 1402 4466 cod.
1439 4404 1530 4467 tit.
1570 4411 1621 4479 1,
1658 4414 1855 4468 const.
1887 4403 1923 4468 2
1958 4428 1971 4464 :
2005 4404 2116 4468 Ta-

2279 4405 2383 4463 Καί
2414 4399 2559 4481 βιϐλ.
2592 4401 2636 4460 δ’
2671 4411 2764 4461 τοῦ
2791 4402 2951 4484 κώδ,,
2999 4404 3101 4465 τίτ.
3149 4403 3225 4480 α’,
3276 4404 3419 4468 διᾶτ.
3455 4406 3531 4485 β’,
3561 4407 3635 4464 ὅτι
3662 4404 3699 4461 εἱ
3722 4400 3787 4459 καὶ

472 4493 649 4598 metsi
683 4511 789 4573 per
811 4492 1067 4594 salutem
1104 4493 1394 4594 principis
1417 4494 1618 4556 calore
1643 4492 1954 4596 [quodam]
1981 4515 2029 4576 ῳ

2228 4495 2332 4551 ατὰ
2377 4499 2474 4561 τῆς
2534 4494 2800 4572 σωτηρίας
2857 4501 2948 4551 τοῦ
2997 4492 3268 4571 βασιλέως
3318 4497 3461 4554 κατὰ
3528 4491 3785 4575 θερμότητά

467 4586 697 4666 juratus
729 4581 1031 4664 pejerarit,
1069 4600 1188 4642 non
1240 4584 1503 4661 punitur,
1540 4601 1735 4664 neque
1785 4584 2024 4665 majesta

2232 4606 2276 4649 ις
2336 4584 2538 4658 ὀμόσας
2596 4582 2930 4657 ἐπιορκήσει,
2979 4583 3038 4639 οὖ
3112 4584 3478 4667 βασανίζεται,
3531 4585 3640 4644 οὔτε
3684 4583 3789 4639 καθ·

468 4675 727 4740 crimine
760 4680 1018 4735 tenetur.
1044 4669 1115 4732 Et
1141 4672 1247 4735 lib.
1282 4672 1417 4736 cod.
1451 4689 1531 4748 ιχ,
1566 4672 1660 4737 tit.
1713 4674 1772 4748 8,
1821 4682 2014 4737 const.

2229 4671 2412 4729 σιώσει
2440 4673 2741 4729 ὑπόκειται·
2775 4673 2863 4729 καὶ
2898 4669 3043 4747 βιϐλ.
3074 4671 3121 4728 θ’
3150 4674 3243 4729 τοῦ
3267 4673 3429 4749 κώδ.,
3458 4677 3558 4737 τίτ.
3585 4672 3657 4751 η’,
3678 4670 3784 4727 διᾶτ.

470 4765 606 4848 [Se]
665 4780 909 4845 semper
965 4780 1137 4824 servo
1198 4780 1305 4823 suo
1355 4762 1567 4825 iratum
1615 4763 1740 4825 fore
1769 4762 2027 4842 juratus,

2231 4762 2269 4842 ’,
2317 4761 2397 4817 ὅτι
2444 4762 2471 4818 6
2514 4759 2598 4818 διὰ
2628 4763 2826 4827 παντὸς
2875 4762 3177 4840 ὀργίζεσθαι
3221 4769 3298 4837 τῷ
3346 4762 3464 4835 ἰδίῳ
3493 4762 3654 4835 δούλῳ
3678 4758 3786 4834 ἀμό-

466 4856 614 4920 iram
664 4855 951 4930 remittat,
1007 4851 1337 4932 majestatis
1387 4851 1644 4913 crimine
1693 4871 1814 4914 non
1847 4860 2023 4914 teneti

2231 4872 2313 4924 ας,
2393 4853 2495 4931 οὐχ
2577 4852 2859 4907 ὑπόκειται
2945 4848 3261 4907 καθοσιώσει
3334 4854 3665 4929 παυσάμενος
3713 4849 3787 4912 τῆς

466 4945 623 5009 Dicit
650 4964 793 5008 vero
824 4944 1002 5006 etiam
1036 4942 1145 5003 lib.
1194 4958 1259 5016 ιι,
1314 4940 1404 5003 tit.
1467 4942 1567 5015 14,
1621 4941 1836 5021 digest.
1871 4942 1902 5002 7
1939 4960 1952 5005 :
1986 4943 2023 5005 A

2228 4942 2361 5018 ργῆς
2393 4956 2406 4970 ⁸
2467 4939 2611 5017 λέγει
2655 4937 2709 4995 δὲ
2753 4940 2840 4997 καὶ
2883 4938 3027 5017 βιϐλ.
3073 4939 3148 5020 β’,
3184 4942 3286 5000 τίτ.
3326 4940 3419 5021 ιδ’,
3466 4941 3602 5004 διάτ,
3634 4938 3698 5018 ζ’,
3726 4936 3785 4991 ὅτι

465 5053 677 5097 versus
705 5051 1025 5097 commune
1048 5032 1151 5113 jus
1183 5030 1402 5112 pacisci
1432 5040 1532 5092 aut
1569 5030 1769 5109 legare
1798 5049 1919 5091 non
1952 5032 2022 5094 lic

2238 5030 2335 5107 αρὰ
2378 5028 2445 5085 τὰ
2486 5029 2641 5086 κοινὰ
2684 5029 2888 5105 νόμιμα
2951 5028 3235 5086 πακτεύειν
3289 5030 3325 5098 ἢ
3379 5030 3683 5109 ληγατεύειν
3718 5026 3790 5081 οὐκ

466 5123 542 5185 Et
569 5129 619 5183 si
654 5124 789 5203 quis
818 5124 892 5186 de
925 5123 1019 5186 his
1074 5121 1189 5205 [se]
1248 5140 1366 5183 non
1418 5129 1688 5183 acturum
1714 5121 1955 5200 jurarit,
1993 5140 2023 5182 n

2229 5117 2359 5183 Ξεστι
2395 5137 2410 5153 ·
2467 5119 2557 5174 καὶ
2598 5117 2688 5175 ἐάν
2732 5140 2813 5181 τις
2858 5117 2944 5176 ἐπὶ
2985 5119 3192 5184 τούτοις
3247 5121 3423 5197 ὀμόσῃ
3471 5122 3549 5196 μὴ
3592 5118 3786 5194 ένίγειν,

472 5218 565 5272 est
592 5202 809 5275 ratum.
870 5202 1090 5287 Plane,
1134 5211 1221 5273 De
1277 5211 1560 5288 scenicis,
1598 5209 1843 5272 Novella
1874 5210 1971 5283 51,
2007 5228 2029 5271 a

2233 5208 2288 5265 5x
2345 5206 2566 5286 ἔρρωται
2600 5226 2617 5245 ο
2677 5210 2711 5276 ἡ
2751 5206 2806 5263 δὲ
2854 5208 2971 5286 περὶ
3014 5214 3115 5264 τῶν
3166 5216 3438 5277 σκηνικῶν
3483 5208 3601 5285 μς
3648 5202 3790 5280 Νεαρᾶ

472 5299 628 5380 quod
662 5299 939 5374 scenicae,
974 5302 1208 5363 tametsi
1235 5319 1299 5362 se
1329 5320 1635 5381 nunquam
1663 5318 1695 5362 a
1719 5298 2029 5362 fornicatio

2235 5297 2380 5373 ησὶν,
2440 5295 2521 5353 ὅτι
2581 5299 2641 5353 Αἱ
2701 5298 2951 5364 σκηνικαὶ
2994 5295 3092 5352 κᾶν
3149 5298 3420 5373 ὁμόσωσιν
3459 5300 3533 5362 ὡς
3562 5297 3650 5354 οὒκ
3675 5295 3792 5350 ἀποε-

471 5387 796 5451 destituras
843 5389 1129 5471 jurarint,
1187 5389 1292 5468 [ab
1345 5390 1436 5470 ea]
1490 5390 1799 5461 recedant.
1863 5389 2028 5469 perju

2234 5388 2483 5457 εήσονται
2536 5390 2635 5454 τῆς
2692 5387 2962 5463 πορνείας,
2996 5386 3361 5467 ἀναλωροῡσι,
3396 5388 3476 5463 μή
3506 5383 3791 5467 φοϐούμεναι

468 5494 679 5563 poenas
710 5496 828 5539 non
858 5478 1162 5541 veriturae.
1198 5481 1272 5542 Et
1301 5480 1361 5540 in
1392 5480 1616 5558 regulas
1646 5480 1891 5542 modum
1922 5479 2025 5542 add

2234 5477 2290 5544 ην
2322 5475 2381 5534 ἐκ
2425 5476 2520 5543 τῆς
2564 5475 2830 5555 ἐπιορκίας
2880 5477 3076 5546 ποινήν
3111 5493 3124 5507 ⁸
3173 5477 3269 5533 καί
3326 5484 3619 5539 κανονικῶς
3649 5491 3791 5549 προσ·-

465 5568 532 5632 in
584 5564 815 5650 [rebus]
874 5565 1150 5651 turpibus
1216 5566 1642 5651 jusjurandum
1710 5567 1932 5632 servari
1989 5586 2022 5630 n

2231 5566 2418 5643 ίθησιν,
2465 5562 2545 5622 ὅτι
2590 5564 2675 5625 ἐπὶ
2720 5577 2841 5634 τοῖς
2886 5565 3135 5648 αἰσχροῖς
3181 5568 3240 5648 οὗ
3287 5564 3370 5624 δεῖ
3396 5567 3488 5625 τὸν
3520 5564 3668 5647 ὅρκον
3706 5581 3788 5643 φυ-

466 5663 769 5748 oportere.

2190 5654 2423 5720 λάττειν.
