4090 6204
246 332 369 409 933

939 334 1358 407 SYNTAGMA
1403 320 1796 402 CANONUM.
1831 363 1908 380 -
1937 320 2095 398 TIT.
2144 312 2312 409 xm,
2361 321 2530 398 CAP.
2577 328 2742 413 XIX,
2784 330 2919 396 xx.

3507 308 3622 396 934

334 487 590 546 ΚΕΦΑΛ.
651 478 759 543 ιϐ’.
817 516 899 529 -
944 483 1074 561 Περὶ
1131 486 1238 541 τῶν
1292 480 1594 558 ὀμνυόντών
1628 480 1887 549 Ἐλληνι-

2052 475 2215 542 CAP.
2251 474 2408 542 XIX.
2431 510 2510 524 -
2543 475 2625 540 De
2654 476 2731 540 iis
2763 477 2869 557 qui
2888 473 3318 557 jusjurandum
3352 484 3409 542 et
3439 477 3620 548 helle-
3732 562 3741 569 .

249 579 379 642 κοὺς
409 575 623 653 ὅρκους.

486 667 715 725 Συνόδου
740 669 1115 737 οἶκουμενικῆς
1143 666 1305 733 ἕκτης
1337 668 1513 723 κανὼν
1547 665 1662 742 ξδ’.

330 762 450 843 118’.
497 761 629 823 Τοὺς
669 760 959 835 ὀμνύοντας
991 758 1178 837 ὅρκους
1224 755 1569 824 Ἑλληνικοὺς
1630 760 1657 813 ὁ
1715 757 1890 813 γανὼν

252 852 543 928 ἰπιτιμίοις
573 847 967 910 καθυποϐάλλει
999 865 1012 879 '
1073 847 1189 904 ὅθεν
1244 848 1333 902 καὶ
1362 848 1530 923 ἡμεῖς
1563 845 1769 909 τούτοις
1799 847 1891 901 τὸν

251 943 553 1024 ἄφορισμδν
584 938 849 1019 ὁρίζομεν.

741 1031 1024 1091 Βασιλείου
1064 1030 1242 1087 κανών
1276 1030 1394 1091 πα’.

330 1131 451 1192 πα’,
484 1126 707 1194 Ἐπειδὴ
739 1124 792 1182 δὲ
838 1124 1030 1182 πολλοῖ
1088 1124 1141 1180 ἰν
1177 1129 1245 1201 τῇ
1302 1131 1409 1181 τῶν
1456 1120 1741 1201 Βαρϐάρων
1784 1142 1891 1177 κα-

243 1218 515 1298 ταδρομῇ,
546 1239 601 1280 κ.
634 1239 684 1275 τ.
718 1215 774 1278 λ.

323 1310 419 1368 Ἐν
446 1315 523 1382 τῷ
553 1307 597 1362 ε’
628 1305 840 1383 διατάγ,
878 1305 966 1361 τοῦ
996 1302 1046 1382 β’
1087 1303 1191 1365 τίτ.
1248 1310 1341 1359 τοῦ
1398 1300 1468 1380 ιβ’
1521 1299 1667 1378 βιϐλ.
1703 1302 1886 1377 φησὶν,

250 1402 334 1456 δτι
378 1398 560 1461 καλῶς
591 1396 825 1475 ἒπιφέρω
872 1417 956 1451 σοι
998 1396 1138 1451 κατὰ
1191 1394 1289 1459 τῆς
1322 1392 1591 1467 σωτηρίας
1622 1412 1717 1445 σου
1752 1389 1889 1465 ὀμό-

251 1504 387 1546 σαι’
442 1492 545 1552 πᾶς
598 1485 698 1563 γὰρ
755 1486 974 1558 θεμιτὸς
1033 1482 1188 1560 ὅρκος
1246 1481 1299 1546 ἐξ
1353 1481 1649 1559 ἐπαγωγῆς
1682 1479 1891 1554 ὁμοθεὶς

247 1577 594 1656 φυλάττεται,
625 1572 813 1631 καίιὶν
840 1595 920 1637 τις
967 1571 1152 1647 ὀμόσει
1212 1569 1350 1627 κατά
1408 1572 1505 1637 τῆς
1567 1567 1697 1645 ἰδίας
1750 1571 1887 1646 θρη-

202 1682 211 1683 '
247 1668 431 1729 σκείας
464 1681 479 1696 ⁸
515 1669 542 1721 ὁ
571 1663 625 1719 δὲ
654 1664 790 1719 κατᾶ
822 1660 1077 1737 ἀδοκίμου
1103 1661 1385 1739 θρησκείας
1438 1659 1657 1735 ομοθείς
1706 1656 1889 1737 ὅρκος,

245 1758 310 1814 οὗ
338 1754 679 1836 φυλάττεταί.

1971 571 2105 633 nice
2121 569 2369 647 jurant.

2258 662 2522 727 Concilii
2544 662 2896 724 azcumenici
2921 677 2980 722 Vl
3009 679 3204 725 canon
3237 664 3338 727 94.

2052 755 2154 818 94.
2186 755 2304 817 Eos
2337 757 2433 836 qui
2462 754 2778 834 gentilium
2806 763 3181 817 sacramenta
3201 756 3409 835 jurant
3431 776 3621 822 canon

1975 851 2167 928 poenis
2198 844 2469 923 subjicit,
2505 852 2561 906 et
2596 863 2706 907 nos
2739 845 2813 905 iis
2846 861 3088 925 quoque
3142 847 3620 926 segregationem

1976 935 2386 998 decernimus.

2500 1028 2725 1090 Basilii
2751 1045 2948 1090 canon
2980 1027 3081 1090 8t.

2054 1123 2155 1186 8t.
2190 1120 2480 1194 Quoniam
2514 1128 2712 1183 autem
2767 1122 2935 1183 multi
2989 1122 3047 1183 in
3081 1121 3485 1186 Barbarorum
3520 1123 3616 1185 in-

1975 1212 2277 1286 cursione,
2313 1219 2459 1285 etc.,
2492 1218 2556 1273 ut
2586 1227 2725 1290 pag.
2757 1211 2898 1273 926.

2058 1299 2300 1363 Tactus.
2330 1301 2396 1363 In
2423 1300 2544 1377 dig.
2578 1300 2638 1375 5,
2672 1300 2764 1361 tit.
2798 1299 2855 1375 2,
2891 1300 2996 1363 lib.
3032 1316 3133 1375 ιιι,
3166 1300 3404 1365 dicitur:
3441 1301 3622 1365 Recte

1975 1389 2083 1451 tibi
2139 1388 2371 1469 defero,
2422 1398 2485 1450 ut
2540 1406 2646 1469 per
2702 1389 2957 1450 salutem
3017 1398 3173 1451 tuam
3199 1393 3393 1468 jures.
3428 1389 3621 1454 Omne

1973 1479 2133 1541 enim
2167 1479 2304 1540 442
2337 1478 2567 1540 licitum
2595 1478 3019 1558 jusjurandum
3056 1499 3125 1540 ex
3149 1479 3453 1543 delatione
3476 1499 3623 1562 prte-

1972 1568 2201 1643 stitum,
2235 1576 2527 1631 servatur.
2564 1565 2710 1629 item
2744 1567 2935 1647 [illud]
2970 1568 3128 1649 quod
3174 1570 3307 1649 quis
3341 1588 3448 1649 per
3478 1589 3622 1651 pro-

1976 1659 2162 1740 priam
2196 1658 2552 1738 religionem
2572 1657 2843 1737 juratum
2876 1665 2990 1733 est,
3025 1676 3144 1720 non
3170 1667 3470 1720 servatur.

336 1833 588 1902 ΚΕΦᾹΛ.
627 1838 714 1905 Κ’,
746 1874 826 1885 -
873 1841 998 1919 Περὶ
1048 1839 1389 1912 ἀποστατῶν,
1441 1839 1529 1894 καὶ
1570 1841 1761 1912 θυτῶν,
1808 1837 1893 1893 καὶ

2059 1835 2227 1900 CAP.
2261 1834 2385 1898 XX.
2445 1870 2523 1883 --
2579 1833 2662 1897 De
2713 1836 3030 1915 apostatis,
3090 1837 3617 1917 sacrificantibus,

253 1933 463 2011 μάγων,
498 1932 593 1989 καὶ
639 1927 927 2008 ἐπαοιδῶν,
960 1929 1051 1985 καὶ
1080 1927 1890 2007 ἀστρολόγων,ξμαθηματικῶν,

256 2023 529 2101 μάντεων,
556 2020 646 2077 καὶ
675 2019 1009 2098 περιάπτειν.

727 2111 1077 2170 Ἀποστόλων
1109 2111 1285 2169 κανὼν
1317 2109 1420 2187 ξβ’.

341 2207 446 2287 ξβ’,
478 2206 547 2265 Εἴ
578 2228 658 2275 τις
684 2204 939 2285 κληρικὸς
967 2204 1051 2262 διὰ
1075 2202 1237 2286 φόϐον
1283 2202 1628 2281 ἀνθρώπινον,
1662 2226 1719 2278 κ,
1752 2225 1803 2262 1.
1837 2202 1890 2264 1.

605 2386 830 2445 Συνόδου
862 2384 1083 2450 Νικαίας
1116 2386 1290 2444 κανὼν
1326 2384 1424 2461 ια’,
1461 2383 1557 2462 ιβ’.

340 2483 437 2549 ια’,
473 2483 593 2563 Περὶ
624 2489 732 2539 τῶν
762 2478 1117 2560 παραϐάντων
1148 2481 1315 2560 χωρὶς
1348 2480 1609 2558 ἀνάγκης,
1655 2501 1709 2541 κ,
1754 2499 1807 2539 1.
1841 2476 1895 2537 1.

341 2572 435 2651 ιβ’,
482 2576 541 2632 Οἱ
584 2572 639 2628 δὲ
683 2568 1113 2649 προσκληθέντες
1173 2568 1272 2645 μὲν
1335 2569 1432 2625 δπὸ
1492 2567 1586 2635 τῆς
1643 2568 1894 2648 χάριτος,

255 2686 313 2727 κ.
350 2685 403 2724 τ.
438 2661 494 2727 1.
1808 2714 1813 2719 .

258 2754 488 2816 Συνόδου
514 2753 777 2833 Ἀγκύρας
804 2750 984 2811 κανὼν
1014 2751 1090 2832 γ’,
1114 2747 1182 2811 δ’.
1210 2750 1278 2826 ε’,
1304 2750 1406 2826 ς’,
1434 2750 1517 2831 η’,
1549 2750 1617 2827 θ’,
1661 2750 1756 2827 ιβ’,
1790 2749 1894 2809 κδ’.

337 2850 415 2928 γ’,
447 2849 580 2913 τοὺς
609 2848 900 2927 φεύγοντας
931 2847 1019 2902 καὶ
1050 2844 1471 2924 συλληφθέντας,
1502 2868 1558 2906 κ.
1590 2867 1642 2906 τ.
1676 2844 1729 2902 λ.

340 3017 411 3091 δ’.
446 3026 569 3105 Περὶ
598 3031 704 3082 τῶν
749 3026 879 3097 πρὸς
910 3024 1028 3100 βίαν
1057 3024 1348 3098 θυσάντων,
1381 3046 1436 3080 κ.
1464 3045 1518 3083 1.
1552 3022 1607 3086 1.

341 3114 410 3179 ε’.
442 3115 600 3173 Ὀσοι
631 3113 683 3170 δὲ
718 3112 946 3181 ἀνῆλθον
978 3112 1120 3188 μετὰ
1149 3112 1371 3179 ἐσθῆτος
1403 3111 1682 3190 πενθικῆς,
1714 3111 1893 3175 κ.τ.λ.

1980 1926 2193 2005 magis,
2228 1924 2734 2000 incantatur-ibus,
2771 1923 3121 2005 astrologis,
3152 1927 3618 2001 mathematicis,

1978 2016 2203 2078 divinis
2235 2023 2290 2077 et
2321 2013 2632 2077 amuletis.

2413 2105 2823 2186 Apostolorum
2852 2120 3051 2170 canon"
3079 2110 3178 2172 62.

2061 2200 2138 2261 62
2170 2197 2310 2281 [6|].
2346 2197 2408 2262 Si
2438 2199 2578 2278 quis
2599 2199 2855 2261 clericus
2885 2208 3127 2282 propter
3158 2213 3383 2265 metum
3416 2202 3622 2265 buma-

1982 2309 2150 2367 num,
2183 2297 2326 2365 etc.,
2360 2295 2426 2352 ut
2458 2306 2597 2369 pag.
2627 2289 2772 2352 746.

2254 2382 2509 2446 Concilii
2538 2382 2779 2445 Νιοωηί
2806 2399 3067 2446 canones
3100 2386 3197 2464 11,
3238 2384 3334 2445 12.

2066 2475 2254 2541 11.1)θ
2276 2476 2484 2557 iis,qui
2506 2476 2638 2538 sine
2661 2477 3195 2553 necessitate,etc.,
3223 2486 3289 2540 ut
3321 2482 3615 2558 pag.798.
3712 2556 3719 2565 .

2064 2566 2162 2632 12.
2197 2566 2305 2639 Qui
2366 2575 2564 2628 autem
2622 2584 2655 2627 a
2687 2565 2877 2645 gratia
2911 2566 3158 2647 quidem
3191 2570 3438 2646 avocati,
3472 2578 3615 2647 etc.,

1979 2661 2048 2718 ut
2075 2672 2218 2735 pag.
2252 2653 2391 2717 731.

1985 2749 2249 2812 Concilii
2269 2748 2863 2827 Ancyranicanones
2884 2745 2942 2822 3,
2966 2748 3025 2822 4,
3052 2752 3111 2823 5,
3136 2748 3195 2828 6,
3222 2749 3281 2829 8,
3306 2750 3367 2825 9,
3398 2751 3493 2827 12,
3515 2753 3617 2817 24.

2062 2846 2118 2904 3.
2161 2842 2277 2904 Eos
2306 2844 2407 2922 qui
2439 2841 2736 2921 fugientes
2774 2842 3202 2922 comprehensi
3253 2852 3413 2920 sunt,
3470 2854 3614 2922 etc.,

1985 2937 2049 2994 ut
2074 2950 2217 3011 pag.
2250 2932 2387 2995 758.

2065 3020 2123 3083 4.
2156 3018 2239 3085 De
2272 3020 2347 3081 iis
2377 3017 2480 3101 qui
2504 3020 2557 3081 vi
2580 3020 3013 3096 sacriﬁcarunt,
3048 3028 3190 3093 etc.,
3226 3029 3295 3083 ut
3320 3024 3617 3102 pag.799.

2060 3110 2119 3172 5.
2159 3110 2514 3190 Quicunque
2548 3119 2746 3171 autem
2782 3128 2917 3171 cum
2971 3117 3136 3173 veste
3168 3109 3427 3190 lugubri,
3476 3122 3621 3191 etc.,

1914 3205 1955 3257 c
1978 3205 2046 3262 ut
2072 3217 2216 3280 paq.
2254 3198 2399 3262 799.

341 3293 447 3369 ς’.
499 3293 623 3372 Περὶ
681 3295 786 3350 τῶν
837 3289 1039 3367 ἀπειλῇ
1099 3290 1263 3367 μόνον
1310 3289 1561 3356 εἰξάντων
1598 3290 1899 3368 κολάσεως,

263 3405 322 3447 χ’
338 3383 515 3541 ιζ’..λόἱ
545 3470 600 3528 δὲ
629 3468 869 3550 δεύτερόν
901 3471 987 3528 καὶ
1016 3473 1191 3550 τρίτον
1235 3471 1510 3547 θύσαντες,
1544 3488 1600 3532 κο
1637 3489 1688 3529 τ·
1728 3467 1782 3533 λο

337 3651 410 3717 θ’.
440 3651 598 3709 ’Ὅσοι
629 3648 683 3707 δὲ
716 3651 794 3727 μὴ
824 3649 987 3726 μόνον
1022 3649 1356 3726 ἀπέστησαν,
1390 3672 1445 3709 κ.
1480 3671 1532 3712 τ,
1567 3647 1621 3712 1.

340 3829 437 3908 ιβ’.
497 3830 628 3893 Τοὺς
692 3828 795 3906 πρὸ
854 3848 946 3883 τον
1004 3827 1377 3904 βαπτίσματος
1430 3827 1737 3901 τεθυκότας,
1813 3826 1901 3883 καὶ

248 3921 392 3999 μετὰ
433 3925 599 3976 ταῦτα
658 3918 1072 3997 βαπτισθέντας,
1131 3915 1305 3983 ἔδοξεν
1349 3917 1421 3979 είς
1465 3915 1611 3982 τάξιν
1654 3915 1898 3995 προάγε-

252 4014 376 4069 σθαι
407 4010 480 4074 ὼς
512 4006 1005 4083 ἂπολουσαμὲνους.

337 4097 444 4161 κδ’.
492 4098 552 4155 0i
581 4096 1135 4172 καταμαντευόμενοι,
1169 4095 1257 4151 καὶ
1288 4095 1414 4160 ταῖς
1464 4096 1761 4163 συνηθείαις
1794 4101 1899 4153 τῶν

249 4188 418 4246 ἆθνῶν
471 4184 970 4259 ἑξακολαυθοῦντες,
1007 4183 1043 4253 ἢ
1095 4183 1398 4263 εἰσάγοντὲς
1454 4206 1599 4251 τινας
1657 4186 1731 4251 εἷς
1774 4187 1898 4249 τοὺς

254 4279 461 4335 ἑαυτων
497 4275 679 4339 οἴκους
714 4274 801 4331 ἐπὶ
853 4273 1124 4353 ἂνευρέσει
1181 4280 1523 4351 φαρμακειῶν
1576 4273 1612 4341 ἢ
1659 4276 1747 4331 καὶ
1791 4297 1898 4332 κα-

253 4365 464 4440 θάρσει,
495 4366 598 4421 ὑπὸ
624 4365 718 4420 τὸν
772 4363 970 4420 κανόια
1026 4362 1369 4419 πιπτέτωσαν
1410 4368 1510 4429 τῆς
1563 4365 1902 4436 πενταετίας,

257 4455 402 4512 κατᾶ
444 4454 561 4518 τοὺς
593 4454 829 4529 βαθμοὺς
884 4452 1008 4517 τοὺς
1051 4452 1408 4531 ὡρισμένους,
1457 4453 1575 4530 τρία
1630 4452 1724 4521 ἔτη
1768 4455 1906 4511 ὕπο-

259 4543 546 4620 πτώσεως,
581 4544 671 4600 καὶ
697 4540 785 4599 δύο
817 4540 914 4610 ἔτη
947 4541 1146 4622 εὒχῆς,
1180 4544 1348 4622 χωρὶς
1378 4548 1703 4623 προσφορᾶς.

616 4634 845 4695 Συνόδου
875 4633 1187 4699 Λαοδικείας
1218 4636 1395 4692 κανὼν
1426 4634 1564 4709 λς’.

354 4726 487 4805 λς’.
516 4728 642 4788 "01v.
675 4729 736 4786 οὒ
765 4727 850 4787 δεῖ
878 4729 1175 4805 ίερατικοὺς
1209 4750 1435 4808 μαγους,
1469 4751 1521 4787 κ.
1562 4751 1611 4789 τ.
1650 4728 1704 4790 λ.

588 4912 817 4970 Συνόδου
864 4911 1231 4990 Καρθαγϋνης
1263 4912 1439 4969 κανὼν
1482 4910 1594 4987 με’.

351 5004 475 5083 Περῖ
529 5011 636 5063 τῶν
700 5004 1057 5062 ἆσθενούντων
1129 5004 1216 5061 καὶ
1294 5004 1425 5084 ὑπὲρ
1499 5005 1697 5063 ἑαυτῶν
1768 5005 1909 5064 ἀπο-

266 5094 536 5175 κρίνεσθαι
568 5094 646 5172 μὴ
680 5091 1008 5170 δυναμένων,

350 5181 461 5261 με’.
492 5183 665 5241 ²¹Ωστε
700 5184 823 5249 τοὺς
854 5185 1224 5262 ἀσθενοῦντας,
1255 5201 1311 5243 κ.
1345 5204 1400 5244 τ.
1432 5181 1485 5247 1.

441 5365 674 5425 Συνόδου
705 5368 1082 5441 οίκουμενικῆς
1114 5363 1277 5434 ἕκτης
1309 5368 1486 5424 κανὼν
1519 5364 1621 5443 ξα’,
1656 5365 1753 5434 Es’.

352 5455 453 5525 ξα’.
491 5464 552 5520 Οἱ
591 5461 845 5537 μάντεσιν
892 5460 1108 5524 ἑαυτοὺς
1141 5458 1492 5536 ἐπιδιδόντες,
1526 5461 1562 5529 ἢ
1597 5475 1716 5525 τοῖς
1749 5459 1914 5539 λεγο-

268 5546 449 5626 μένοις
480 5552 928 5633 ἑκατοντάρχαις,
977 5548 1012 5620 ἤ
1055 5572 1163 5608 τισι
1206 5551 1492 5629 τοιούτοις,
1548 5552 1621 5618 ὡς
1679 5550 1744 5609 άν
1787 5548 1915 5631 παρ’

351 5718 416 5773 δ’
441 5720 494 5787 II
527 5720 669 5788 Cor.
699 5740 782 5800 vn,
814 5722 1033 5788 14-16.

2066 3288 2127 3353 6.
2161 3290 2246 3351 De
2277 3287 2351 3349 iis
2381 3287 2483 3369 qui
2512 3287 2795 3369 supplicii
2826 3288 3030 3367 minis,
3061 3299 3205 3367 etc.,
3239 3293 3620 3372 utpag.799.

2067 3467 2125 3533 8.
2160 3464 2271 3540 Qui
2324 3473 2523 3529 autem
2556 3466 2649 3529 bis
2681 3466 2771 3530 vel
2804 3474 2895 3530 ter
2924 3467 3439 3546 sacriﬁcaverunt,
3475 3478 3624 3547 etc.,

1984 3565 2053 3621 ut
2080 3574 2227 3638 pag.
2261 3555 2400 3619 802.

2066 3647 2126 3709 9.
2177 3645 2533 3726 Quicunque
2584 3652 2781 3707 autem
2836 3662 2953 3706 non
2989 3644 3183 3707 solum
3218 3644 3624 3726 desciverunt,

1986 3748 2130 3815 etc.,
2166 3742 2233 3797 at
2254 3752 2400 3815 pag.
2432 3735 2576 3798 802.

2068 3824 2168 3887 12.
2204 3824 2320 3885 Eos
2346 3823 2448 3904 qui
2478 3831 2615 3885 ante
2642 3822 3002 3904 baptismum
3044 3824 3530 3890 sacriﬁcaverunt
3569 3836 3629 3891 et

1983 3923 2187 3997 postea
2215 3912 2496 3992 baptiznti
2528 3921 2687 3988 sunt,
2732 3912 2927 3974 visum
2961 3925 3049 3976 est
3081 3914 3156 3977 ad
3188 3915 3463 3978 ordinem
3490 3936 3627 3998 pro-

1982 4002 2233 4076 moveri,
2269 4010 2331 4063 ut
2359 4002 2463 4083 qui
2491 4002 2674 4064 abluti
2707 4012 2875 4063 sunt.

2060 4095 2162 4158 24.
2188 4091 2298 4164 Qui
2330 4091 2819 4170 vaticinantur,et
2842 4092 3110 4169 gentium
3144 4097 3623 4162 consuetudines

1981 4190 2338 4265 sequuntur,
2367 4180 2456 4243 vel
2484 4181 2545 4242 in
2594 4199 2731 4243 suas
2780 4182 2940 4243 sedes
2968 4182 3202 4265 aliquos
3231 4183 3632 4249 introducunt

1983 4272 2057 4337 ad
2090 4269 2663 4334 medicamentorum
2694 4269 3127 4348 inventionem,
3173 4272 3262 4334 vel
3312 4272 3625 4337 lustratio-

1986 4382 2149 4438 nem,
2184 4361 2245 4421 in
2279 4359 2677 4441 quinquennii
2723 4378 3016 4422 canonem
3069 4361 3358 4438 incidant,
3395 4383 3623 4427 secun-

1990 4453 2134 4515 dum
2167 4448 2385 4528 gradus
2416 4448 2762 4529 praeﬁnitas,
2797 4457 2918 4511 tres
2957 4467 3147 4511 annos
3176 4450 3630 4531 substrationis,

1929 4531 2052 4604 Det
2083 4542 2235 4603 duos
2265 4556 2457 4600 annos
2488 4537 2780 4600 orationis
2812 4538 2943 4601 sine
2972 4538 3298 4606 oblatione.

2230 4631 2368 4693 445
2394 4631 2655 4695 Concitii
2694 4631 3021 4695 Laudiceni
3050 4652 3246 4697 canon
3278 4634 3374 4699 36.

2072 4726 2172 4790 36.
2206 4725 2374 4800 Quod
2407 4744 2526 4789 non
2556 4734 2793 4808 oportet
2814 4745 2917 4789 eos
2946 4726 3048 4808 qui
3071 4734 3214 4789 sunt
3235 4730 3626 4812 sacrati,etc.,

1995 4823 2063 4878 ut
2088 4833 2240 4898 pag.
2274 4814 2417 4881 734.

2236 4908 2501 4972 Concilii
2533 4909 3037 4990 Carthaginensis
3068 4927 3262 4973 canon
3286 4911 3389 4974 45.

2074 5001 2160 5063 De
2202 5002 2641 5082 aegrotantibus
2684 5004 2792 5083 qui
2834 5021 2945 5083 pro
2988 5019 3056 5065 se
3105 5002 3476 5083 respondere
3514 5020 3638 5066 non

1989 5097 2270 5173 possunt.

2074 5181 2174 5243 45.
2209 5177 2285 5243 Ut
2315 5188 2696 5262 aegrotantes,
2728 5180 2781 5243 si
2813 5200 2918 5262 pro
2961 5199 3027 5245 se
3057 5183 3455 5265 respondere.
3489 5191 3635 5262 etc.,

1977 5277 2065 5356 ⁶ιιι
2089 5288 2228 5352 pag.
2265 5272 2409 5333 6t9.

2205 5365 2465 5429 Concilii
2494 5367 2851 5429 wcumenici
2882 5383 2938 5429 Vl
2970 5385 3166 5432 canon
3196 5371 3301 5450 6t,
3334 5369 3436 5434 65.

2078 5455 2179 5524 67.
2212 5456 2327 5530 Qui
2371 5458 2603 5522 vatibus
2636 5461 2872 5540 seipsos
2901 5462 3279 5525 tradiderunt
3300 5463 3383 5525 ὅθ.
3417 5462 3507 5525 vel
3542 5463 3647 5544 qui

1999 5548 2483 5615 becatoutarcbze
2513 5567 2619 5614 seu
2652 5551 3043 5618 centuriones
3066 5552 3484 5633 dicuntur,vel
3512 5553 3648 5619 aliis
