4090 6204
2142 164 2171 176 δ

445 270 562 346 935
1450 314 1461 321 ο
1646 274 1916 348 PHO’I‘II
1957 274 2478 349 eammeam
2516 271 2633 349 ορ.
3648 230 3655 231 ί
3710 274 3839 347 936

439 427 744 511 ejusmodi
764 434 828 491 ut
846 428 919 491 ab
941 429 1016 492 iis
1041 424 1293 511 discant,
1323 428 1374 493 si
1391 428 1536 510 quid
1558 430 1673 492 sibi
1690 429 1948 493 revelari
1978 447 2083 491 ve-

2175 429 2388 487 ἐκείνων
2440 429 2662 504 μάθοιεν
2706 425 2734 483 8
2784 448 2831 484 τι
2879 426 2945 484 ἅν
2991 424 3413 485 ἐκκαλύπτεσθαι
3473 427 3655 492 αὺτοῖς
3687 428 3831 503 βου-

445 519 1021 593 lint,convenienter
1042 520 1282 601 iis,quae
1298 519 1374 582 de
1395 519 1543 601 ipsis
1566 539 1599 582 a
1614 520 1895 582 Patribus
1921 538 2090 582 cons-

448 610 620 673 tituta
641 615 801 682 sunt,
825 609 1107 670 sexennii
1126 609 1338 671 canoni
1364 609 1759 690 subjiciantur
1785 608 1937 690 (34).
1971 608 2089 689 Ipsi

445 707 644 760 autem
667 715 772 759 eos
793 716 1032 779 quoque
1072 697 1293 778 subjici
1328 708 1589 780 oportet,
1623 700 1723 780 qui
1766 716 1962 775 ursas,
1996 698 2090 760 vel

447 786 744 866 ejusmodi
767 786 1046 849 animalia
1088 788 1162 850 ad
1187 787 1391 850 ludum
1417 795 1475 850 et
1503 787 1940 868 simpliciorum
1975 806 2088 849 no-

442 894 576 937 xam
598 874 1055 951 circumferunt,
1081 884 1139 938 et
1164 876 1462 939 fortunam
1485 878 1840 952 acfatum,et
1863 894 2088 954 genea-

441 965 686 1045 logiam,
716 974 775 1026 et
795 967 1190 1046 quorumdam
1217 967 1513 1048 ejusmodi
1533 967 1853 1030 verborum
1880 967 2086 1027 multi-

443 1053 718 1115 tudinem
731 1072 802 1115 ex
814 1053 1544 1137 fallacizeimposturzeque
1565 1057 1735 1135 nugis
1749 1054 2083 1137 proferunt:

445 1162 671 1224 eosque
694 1143 795 1223 qui
816 1144 1065 1206 nubium
1094 1147 1473 1225 expulsores,
1507 1153 1564 1207 et
1590 1145 2093 1219 incantatores,et

443 1234 841 1296 amuletorum
870 1234 1245 1314 praebitores,
1272 1243 1329 1297 et
1351 1246 1516 1297 vates
1536 1234 1937 1315 appellantur.
1972 1236 2089 1295 Eos

445 1331 671 1398 autem,
706 1323 809 1404 qui
835 1322 895 1384 in
939 1324 1012 1386 iis
1053 1324 1404 1406 persistunt,
1437 1334 1496 1386 et
1536 1344 1654 1389 non
1692 1324 1766 1385 ab
1791 1323 2090 1404 ejusmodi

442 1413 803 1494 perniciosis
826 1412 1277 1493 gentilibusque
1300 1413 1513 1475 studiis
1534 1419 1878 1474 avertuntur
1899 1420 1957 1474 et
1978 1428 2088 1472 au-

442 1501 971 1581 fuginnt,Ecclesia
988 1502 1233 1565 omnino
1258 1503 1661 1565 exturbandos
1682 1502 2086 1577 decernimus,

445 1592 601 1654 sicut
644 1602 702 1653 et
744 1593 903 1654 sacri
940 1611 1202 1655 canones
1237 1593 1468 1657 dicunt.
1507 1592 1653 1668 Quae
1670 1593 1826 1653 enim
1847 1597 1933 1653 est
1964 1593 2091 1653 luci

443 1699 579 1745 cum
602 1678 865 1743 tenebris
888 1684 1350 1744 communicatio
1374 1682 1480 1743 ?ut
1497 1682 1576 1743 ait
1598 1680 1928 1760 Apostolus
1965 1702 1978 1744 :
2002 1678 2088 1742 vel

2175 518 2377 595 λοιντο,
2415 519 2550 575 κατὰ
2578 518 2645 574 τὰ
2686 517 2876 596 πρώην
2908 518 3009 574 ὑπὸ
3040 522 3145 573 τῶν
3182 515 3431 594 Πατέρων
3481 518 3600 593 περὶ
3649 516 3831 573 αὖτῶν

2171 607 2465 687 ὁρισθέντα,
2497 608 2600 664 ὑπὸ
2628 608 2721 663 τὸν
2750 604 2950 664 κανόνα
2996 607 3341 665 πιπτέτωσαν
3382 610 3483 672 τῆς
3532 604 3767 672 ὲξαετίας
3803 625 3823 643 ο

2169 700 2248 770 τῷ
2288 696 2431 771 αὖτῷ
2460 696 2512 751 δὲ
2558 697 2726 771 τούτῳ
2756 696 3016 771 ἐπιτιμίῳ
3062 692 3560 752 καθυποὸἀλλεσθαι
3605 692 3691 751 δεῖ
3734 696 3831 751 καὶ

2169 787 2294 849 τοὺς
2346 789 2440 849 τὰς
2502 783 2725 863 ἄρκτους
2807 785 3218 863 ἐπισυρομένους
3296 785 3332 853 ἢ
3418 791 3639 841 τοιαῦτα
3712 791 3832 855 ζῶα

2168 876 2300 953 πρὸς
2357 874 2606 952 παίγνιον
2664 875 2750 929 καὶ
2794 872 3003 949 βλάὲην
3059 881 3167 932 τῶν
3228 872 3607 952 ἁπλουστέρων
3645 891 3660 908 ο
3723 872 3827 929 καί

2167 965 2340 1042 τύχην
2378 965 2470 1019 καί
2516 961 2842 1038 εἱμαρμένην
2907 963 2992 1019 καὶ
3061 961 3439 1041 γενεαλογίαν,
3497 963 3586 1018 καὶ
3629 961 3826 1018 τοιού-

2171 1075 2276 1109 των
2324 1057 2481 1109 τινῶν
2532 1051 2788 1131 ῥημάτων
2840 1051 3031 1132 ὄχλον,
3081 1054 3217 1111 κατᾶ
3263 1055 3385 1115 τοὺς
3459 1051 3557 1119 τῆς
3606 1051 3825 1117 πλάνης

2173 1140 2369 1219 λήρους
2428 1145 2729 1220 φωνοῦντας
2761 1160 2777 1179 ο
2826 1141 2949 1205 τούς
3009 1163 3066 1197 τε
3098 1139 3423 1220 λεγομένους
3456 1138 3825 1221 νεφοδιώκτας

2170 1232 2258 1286 καὶ
2301 1230 2555 1308 γυτευτὰς
2615 1231 2700 1286 καὶ
2754 1228 3139 1309 φυλακτηρίους
3196 1232 3281 1287 καὶ
3312 1230 3531 1305 μάντεις
3569 1249 3584 1264 ⁸
3618 1229 3825 1304 ἐπιμέ-

2171 1340 2356 1382 νοντας
2384 1316 2439 1374 δὲ
2471 1319 2677 1381 τούτοις
2709 1320 2797 1375 καὶ
2851 1319 2929 1393 μὴ
2974 1323 3423 1394 μετατιθεμενους
3453 1319 3541 1375 καὶ
3568 1318 3819 1397 ἀποφεύ-

2170 1430 2363 1486 γοντας
2406 1408 2473 1465 τὰ
2498 1407 2709 1485 ὀλέθρια
2739 1417 2902 1467 ταῦτα
2932 1410 3020 1465 καὶ
3058 1407 3354 1476 Ἑλληνικὰ
3383 1406 3816 1482 ἐπιτηδεύματι,

2171 1498 2509 1554 παντάπασιν
2555 1496 2963 1576 ἂποῤῥίπτεσθαι
3015 1496 3111 1565 τῆς
3161 1497 3483 1564 Ἐκκλησίας
3539 1497 3818 1574 ὁρίζομεν,

2169 1587 2304 1643 καθὰ
2358 1587 2445 1643 καὶ
2503 1589 2548 1643 οἱ
2607 1586 2744 1664 ἱεροὶ
2798 1588 3016 1651 κανόνες
3096 1585 3489 1666 διαγορεὺουσι,
3562 1587 3650 1648 Τίς
3707 1586 3818 1664 γὰρ

2170 1677 2419 1733 κοινωνία
2478 1677 2611 1756 φωτὶ
2670 1677 2800 1754 πρὸς
2846 1675 3063 1750 σκότος,
3113 1676 3186 1742 ὥς
3250 1699 3412 1755 φησιν
3468 1678 3496 1731 ὁ
3538 1674 3824 1733 Ἀπόστε-

443 1788 581 1850 quae
611 1769 834 1849 tempto
878 1771 988 1833 Dei
1036 1789 1176 1834 cum
1217 1772 1399 1834 idolis
1448 1772 1759 1833 consensio
1784 1769 1811 1830 ?
1836 1768 1928 1832 vel
1958 1788 2089 1850 qua:

2175 1764 2266 1828 λος
2301 1787 2318 1839 ;
2362 1763 2438 1823 ’Ἦ
2481 1785 2561 1827 τις
2607 1765 2990 1841 συγκατάθεσις
3026 1771 3135 1839 ναίρ
3167 1773 3299 1825 Θεοῦ
3347 1764 3482 1840 μετὰ
3522 1763 3759 1820 εἰδώλων
3798 1783 3819 1841 ;

440 1858 613 1939 ﬁdeli
633 1876 768 1921 cum
810 1860 922 1939 infi
937 1859 1061 1922 deli
1090 1876 1244 1941 pars
1281 1861 1412 1923 est?
1434 1859 1586 1935 Qua:
1614 1864 1811 1923 autem
1848 1858 2092 1922 Christo

443 1954 532 2012 est
552 1965 689 2011 cum
721 1948 921 2012 Belial
949 1951 1275 2013 concordia
1307 1969 1379 2013 ac
1399 1950 1719 2013 conventio
1744 1950 1851 2011 τιδῖ

522 2037 624 2100 65.
660 2037 770 2110 Qui
819 2037 882 2099 in
931 2038 1256 2100 noviluniis
1304 2058 1338 2101 a
1384 2038 1740 2120 quibusdam
1786 2045 1924 2100 ante
1954 2057 2090 2101 suas

444 2127 722 2190 ofﬁcinas
753 2134 811 2190 et
840 2128 1052 2191 domos
1081 2128 1499 2191 accenduntur
1539 2128 1692 2208 rogi,
1728 2145 1908 2209 supra
1938 2147 2088 2208 quos

444 2217 626 2280 etiam
657 2216 902 2297 antiqua
932 2217 1186 2298 quadam
1219 2218 1667 2282 consuetudine
1687 2216 1867 2279 salire
1888 2215 2089 2299 inepte

442 2325 512 2369 ac
543 2305 737 2369 delire
766 2306 983 2388 solent,
1013 2307 1301 2387 jubemus
1330 2308 1620 2389 deinceps
1650 2305 2088 2379 cessare.Quis-

442 2401 575 2478 quis
607 2414 746 2475 ergo
780 2396 896 2457 tale
953 2395 1097 2477 quid
1163 2396 1405 2473 fecerit,
1437 2398 1489 2459 si
1521 2398 1600 2458 sit
1630 2396 1874 2474 quidem
1905 2395 2087 2458 cleri-

444 2505 573 2562 cus,
608 2486 987 2566 deponatur;
1021 2486 1115 2549 sin
1147 2495 1351 2548 autem
1394 2484 1605 2562 laicus,
1639 2486 1780 2546 444
1809 2503 2087 2565 segrege-

444 2583 565 2637 tur.
597 2576 661 2636 ln
694 2581 905 2655 quarto
934 2574 1098 2635 enim
1150 2573 1310 2636 libro
1361 2573 1592 2654 Regum
1624 2575 1913 2655 scriptum
1948 2583 2035 2637 est
2068 2592 2082 2638 :

443 2663 526 2729 Et
553 2663 881 2743 aediﬁcavit
928 2663 1231 2727 Manasses
1274 2664 1480 2726 altare
1526 2668 1826 2727 universae
1853 2662 2090 2727 militia:

448 2752 585 2816 caeli
606 2758 674 2815 in
702 2753 935 2815 duobus
990 2754 1173 2815 atriis
1225 2752 1442 2815 domus
1502 2754 1635 2830 Dei,
1680 2762 1737 2816 et
1765 2754 1923 2834 ﬁlios
1955 2770 2090 2816 suos

444 2843 727 2905 traduxit
752 2859 868 2922 per
897 2841 1525 2923 ignem,sortibusque
1551 2850 1606 2903 et
1636 2843 1920 2923 auguriis
1948 2859 2091 2906 aus-

438 2933 747 3013 piciisque
781 2949 925 2994 usus
946 2937 1058 3005 est,
1094 2939 1151 2993 et
1199 2933 1341 3010 fecit
1379 2931 1790 3012 ventriloquos
1834 2950 1944 2996 seu
1969 2950 2088 3012 py-

445 3021 679 3095 thones,
711 3025 769 3083 et
797 3019 1180 3082 divinatores
1224 3018 1684 3099 multiplicauit,
1736 3026 1804 3082 ut
1857 3018 2092 3098 faceret

440 3109 671 3172 malum
693 3125 898 3171 coram
933 3107 1220 3190 Domino,
1254 3115 1324 3172 ut
1369 3125 1507 3173 eum
1557 3109 1639 3171 ad
1695 3109 1855 3172 iram
1880 3126 2091 3190 provo-

444 3203 614 3261 carat
641 3198 726 3259 35.

440 3328 619 3390 Beati
648 3326 823 3390 Petri
852 3325 1307 3409 archiepiscopi
1328 3326 1751 3409 Alexandrini
1769 3334 1832 3409 et
1859 3333 2092 3409 marty-

518 3409 606 3469 ris
631 3424 895 3470 canones
947 3412 1006 3484 1,

524 3487 620 3562 12,
661 3489 753 3561 13,
790 3488 888 3567 14,
949 3488 1054 3569 qui
1094 3487 1392 3567 feruntur
1432 3492 1503 3551 in
1546 3505 1817 3551 sermone
1862 3489 1989 3568 ejus
2021 3488 2092 3551 de

512 3569 907 3648 panitentia.

517 3684 879 3759 l.Quoniam
903 3694 1107 3749 autem
1133 3694 1415 3767 quartum
1445 3684 1676 3749 Pascha
1706 3687 2085 3768 persecutio-

435 3792 575 3839 nem
626 3775 754 3855 jam
807 3776 1244 3858 apprehendit,
1280 3775 1426 3838 satis
1455 3783 1544 3838 est
1574 3776 1634 3837 in
1666 3775 1741 3838 iis
1771 3776 1871 3857 qui
1903 3776 2083 3840 delati

437 3864 681 3947 quidem
700 3872 839 3927 sunt
861 3871 922 3926 in
947 3865 1413 3945 custodiamque
1433 3864 1712 3945 conjecti,
1746 3873 2079 3929 tormenta-

434 3973 554 4038 que
572 3972 692 4016 non
714 3953 1154 4028 suﬂerenda,et
1175 3953 1584 4016 intolerabilia
1606 3953 1839 4031 ﬂagella
1856 3962 1918 4016 et
1938 3956 2090 4018 mul-

434 4052 526 4106 tas
554 4043 699 4105 alias
729 4061 941 4122 graves
966 4042 1373 4106 necessitates
1399 4044 1838 4119 sustinuerunt,
1877 4052 2085 4124 postea

434 4146 636 4196 autem
668 4140 803 4195 sunt
836 4132 1092 4194 acarnis
1124 4131 1539 4194 imbecillitate
1567 4130 1813 4214 proditi,
1847 4134 2082 4197 etiamsi

436 4239 559 4284 non
582 4220 654 4283 ab
674 4220 845 4284 initio
871 4220 1140 4301 suscepti
1164 4228 1305 4283 sunt
1326 4227 1575 4301 propter
1593 4236 1832 4299 gravem
1852 4221 2081 4302 lapsum

434 4316 826 4372 consecutum
858 4330 873 4370 :
904 4317 1105 4372 tamen
1158 4310 1295 4390 quia
1326 4308 1575 4370 multum
1604 4308 1997 4373 decertarunt
2027 4319 2086 4375 et

435 4398 539 4460 diu
559 4398 1061 4475 restiterunt,non
1087 4398 1248 4459 enim
1271 4405 1481 4480 sponte
1503 4397 1577 4460 ad
1601 4416 1670 4460 ea
1683 4398 2077 4480 devenerunt,

1105 3455 1120 3484 ,
1172 3394 1340 3488 3:4,
1376 3408 1434 3484 5,
1471 3409 1530 3483 6,
1563 3409 1626 3483 7,
1659 3408 1720 3482 8,
1755 3408 1815 3483 9,
1856 3410 1950 3485 ιο,
1985 3394 2149 3484 ιῖ,ο
2253 3394 2323 3477 z;",
2356 3399 2541 3488 una,
2577 3394 2748 3488 ιζ,·ια’

2174 1855 2210 1923 ἢ
2261 1877 2338 1919 τις
2389 1855 2535 1931 μερὶς
2577 1861 2752 1928 πιστῷ
2797 1855 2933 1929 μετὰ
3003 1854 3276 1933 ἀπίστου;
3338 1852 3424 1918 τίς
3469 1852 3525 1910 δὲ
3572 1854 3814 1934 συμςρώ-

2173 1965 2325 2011 νησις
2359 1948 2571 2021 Χριστῷ
2596 1944 2726 2021 πρὸς
2759 1942 2949 2022 Βελίαρ
2989 1962 3005 2019 ;

2253 2031 2346 2097 Es’.
2403 2032 2498 2097 Τὰς
2543 2031 2599 2088 ἐν
2656 2044 2780 2096 ταῖς
2838 2031 3149 2108 νεομηνίαις
3190 2031 3292 2088 ὑπό
3340 2054 3494 2088 τινων
3540 2033 3642 2112 πρὸ
3705 2039 3822 2090 τῶν

2171 2121 2377 2179 οἰκείων
2433 2120 2795 2199 ἐργαστηρίων
2853 2123 2940 2178 καὶ
2996 2118 3167 2178 οἴκων
3240 2120 3613 2198 ἀναπτομένας
3672 2146 3827 2201 πυρ-

2170 2212 2355 2283 καϊὰς,
2408 2210 2472 2274 ἅς
2528 2212 2615 2267 καὶ
2670 2207 3089 2290 ὑπερϐάλλεσθαί
3141 2231 3279 2273 τινες
3351 2217 3489 2267 κατά
3558 2234 3608 2269 τι
3697 2211 3825 2276 ἔθος

2171 2302 2407 2379 ἀρχαῖον
2464 2298 2849 2379 ἐπιχειροῦσιν,
2897 2299 3003 2356 ἀπὸ
3062 2306 3155 2356 τοῦ
3218 2300 3479 2376 παρόντος
3524 2322 3823 2380 καταργη-

2168 2394 2324 2457 θῆναι
2385 2390 2789 2467 προστάσσομεν
2823 2387 3021 2452 ’ὅστις
3050 2388 3138 2445 οὗν
3188 2389 3426 2446 τοιοῦτόν
3484 2411 3534 2446 τι
3590 2389 3815 2470 πράξοι,

2170 2481 2214 2535 εἱ
2273 2479 2371 2553 μὲν
2421 2477 2680 2557 κληρικὸς
2738 2477 2854 2553 εἵη,
2891 2479 3267 2560 ,καθαιρείσθω
3299 2494 3313 2507 ⁸
3375 2480 3419 2534 εἷ
3479 2477 3536 2534 δὲ
3591 2477 3813 2554 λα’ίκὸς,

2170 2566 2494 2647 ἀφοριζέσθω
2527 2583 2541 2598 ’
2577 2568 2871 2647 γέγραπται
2915 2569 3015 2647 γὰρ
3072 2567 3125 2625 ἐν
3184 2573 3253 2644 τῇ
3307 2568 3535 2647 τετάρτῃ
3566 2570 3673 2625 τῶν
3702 2570 3816 2645 βα-

2172 2656 2384 2714 σιλείων
2418 2675 2434 2692 '
2528 2659 2625 2716 Καὶ
2719 2656 3034 2733 ᾠκοδόμησε
3134 2662 3425 2724 Μανασσῆς
3511 2661 3816 2728 θυσιαστή-

2171 2767 2283 2823 ριον
2341 2747 2489 2823 πάσῃ
2546 2752 2614 2823 τῇ
2669 2746 2895 2825 στρατιᾷ
2974 2755 3068 2805 τοῦ
3143 2749 3362 2821 οὐρανοῦ
3416 2748 3473 2802 εν
3528 2760 3647 2812 ταῖς
3718 2745 3811 2803 δύο

2171 2834 2362 2900 αὒλαϊς
2420 2835 2575 2893 οἴκου
2634 2837 2843 2915 Κυρίου,
2904 2839 3001 2893 καὶ
3058 2833 3283 2914 διήγαγε
3339 2837 3406 2891 τὰ
3473 2835 3634 2893 τέκνα
3704 2838 3811 2893 αὖ-

2171 2931 2263 2982 τοῦ
2317 2925 2372 2981 ἂν
2415 2928 2558 3003 πυρὶ,
2618 2926 2706 2981 καὶ
2761 2924 3147 3004 ἐκλῃδονίζετο,
3216 2925 3303 2981 καὶ
3369 2925 3658 3006 οἰωνίζετο,
3718 2927 3813 2983 καὶ

2173 3012 2422 3080 ἐποίησεν
2531 3012 2999 3092 ὶγγαστριμύθοῦς,
3110 3013 3190 3069 cui
3274 3015 3518 3091 γνώστας
3627 3012 3813 3084 ἐπλή-

2171 3105 2310 3177 θυνε,
2395 3103 2484 3161 καὶ
2563 3100 2822 3172 ἐπλήθυνε
2923 3110 3017 3159 τοῦ
3105 3107 3331 3171 ποιῆσαι
3416 3104 3478 3160 τὸ
3576 3103 3812 3180 πονηρὸν

2171 3190 2397 3250 ἐνώπιον
2430 3195 2614 3272 Κυρίου
2645 3194 2739 3248 τοῦ
2764 3197 3081 3271 παροργίσαι
3105 3191 3293 3251 αὐτόν.

2172 3320 2371 3398 Πέτρου
2399 3320 2789 3402 ΔἈλεξανδρέως
2827 3322 3047 3402 κανόνες
3090 3322 3168 3402 α’,
3225 3322 3303 3400 β’,
3342 3321 3421 3402 γ’,
3474 3319 3544 3394 δ’»
3582 3322 3653 3397 εἰ
3703 3322 3813 3400 ς’»

2254 3402 2323 3477 ζ’,
2356 3400 2439 3477 η’,
2470 3402 2541 3479 θ’,
2577 3401 2640 3477 ι’,
2677 3400 2748 3458 ια’
2809 3400 2903 3482 ιβ’,
2940 3401 3040 3481 ιγ’,
3067 3400 3163 3483 ιδ’,
3180 3400 3460 3482 φερόμενοι
3491 3403 3546 3461 ἐν
3578 3411 3656 3480 τῷ
3691 3407 3818 3483 περὶ

2254 3483 2536 3559 μετανοίας
2567 3483 2726 3540 αὐτοῦ
2756 3449 2922 3562 λόγῳ.

2250 3687 2328 3748 α’.
2388 3685 2547 3747 Ἐπεῖ
2588 3689 2758 3747 τοίννν
2813 3688 3063 3768 τέταρτον
3123 3685 3227 3757 ἤδη
3273 3694 3468 3770 Πατγα
3526 3689 3815 3749 ἐπιδιατεί-

2165 3775 2304 3859 ληφε
2359 3779 2452 3835 τὸν
2501 3776 2758 3858 διωγμὸν,
2818 3778 3102 3859 αὒτάρχως
3158 3778 3280 3858 ἔχει
3323 3792 3440 3845 τοῖς
3489 3779 3588 3855 μὲν
3633 3802 3806 3858 προσ-

2163 3871 2432 3947 ενεχθεϊσι
2461 3868 2550 3925 καὶ
2591 3867 2985 3948 φυλακισθεϊσι,
3042 3868 3305 3945 βασάνους
3349 3889 3406 3926 τε
3465 3869 3801 3937 ἀνηκέστους

2168 3957 2628 4034 ὑπομεμενηκόσι,
2665 3958 2756 4015 καὶ
2809 3955 3106 4037 ἀφορήτους
3169 3958 3458 4036 μάστιγας,
3520 3961 3608 4015 καὶ
3653 3959 3802 4017 πολ-

2168 4044 2265 4111 λὰς
2298 4046 2480 4125 ἐτέρας
2511 4044 2680 4112 δεινὰς
2738 4046 2999 4126 ἀνάγκας,
3050 4047 3267 4128 ὕστερον
3296 4046 3352 4104 δὲ
3383 4046 3740 4127 προδεδομένο
3752 4072 3802 4113 ις

2166 4137 2266 4192 ὁπὸ
2322 4140 2422 4204 τῆς
2480 4136 2750 4201 ἀσθενείας
2807 4142 2908 4205 τῆς
2959 4138 3182 4216 σαρκὸς,
3217 4139 3262 4193 εί
3318 4139 3406 4195 καὶ
3436 4135 3596 4217 μή-ὲξ
3622 4138 3809 4218 ἀρχῆς

2163 4223 2579 4305 παραδὲχθησαν
2640 4224 2725 4282 διὰ
2783 4226 2882 4294 τὴν
2944 4225 3490 4304 παρακολουθήσασαν
3542 4228 3811 4306 μεγίστην

2164 4317 2392 4394 πτῶσιν,
2452 4315 2599 4390 ὅμως
2642 4314 2726 4378 διὰ
2767 4318 2828 4373 τὸ
2872 4315 3048 4373 πολλὰ
3106 4318 3296 4382 αὐτοὺς
3339 4315 3656 4394 ἡθληκέναι,
3716 4320 3811 4376 καὶ

2164 4404 2250 4461 ἐπὶ
2291 4403 2427 4461 πολὺ
2469 4404 2933 4487 ἀντιμαχέσασθαι
2970 4423 2986 4438 ⁶
3035 4411 3091 4465 οὐ
3151 4408 3251 4485 γὰρ
3302 4407 3438 4464 κατὰ
3494 4408 3807 4487 προαίρεσιν

434 4486 541 4551 sed
565 4505 599 4548 a
621 4487 817 4576 carnis
838 4486 1253 4550 imbecillitate
1277 4487 1521 4567 proditi,
1549 4504 1686 4550 nam
1719 4496 1777 4550 et
1806 4489 2083 4568 stigmata

2175 4495 2238 4559 εἷς
2269 4501 2424 4551 τοῦτο
2449 4486 2791 4576 ἐληλύθασιν,
2841 4494 2981 4553 ἀλλὰ
3036 4494 3515 4573 καταπροδοθέντες
3557 4498 3662 4554 ὑπὸ
3706 4503 3811 4566 τῆς

431 4576 577 4642 Iesu
601 4575 664 4637 in
681 4574 809 4638 suis
833 4577 1192 4659 corporibus
1215 4585 1534 4653 ostentant,
1561 4586 1620 4640 et
1636 4578 2081 4642 nonnullianno

2175 4583 2431 4648 ὶσθενείας
2507 4590 2607 4652 τῆς
2693 4574 2915 4663 σαρκὸς,
2997 4584 3181 4653 ἐπειδὴ
3241 4588 3327 4644 καὶ
3385 4590 3652 4665 στίγματα
3713 4595 3811 4646 τοῦ

428 4667 557 4748 jam
573 4665 749 4729 tertio
768 4666 994 4730 deﬂent
1017 4667 1133 4731 :eis
1146 4665 1217 4729 ab
1231 4666 1506 4730 Adventu
1520 4668 2079 4748 perrevocationem

2175 4672 2343 4739 Ἰησοῦ
2385 4672 2733 4733 ἰνδείκνυνται
2763 4674 2819 4731 ἐν
2864 4688 2985 4740 τοῖς
3034 4675 3279 4751 σώμασιν
3312 4677 3537 4751 ἑαυτῶν,
3572 4676 3673 4733 καῖ
3700 4676 3808 4745 ἤδη

431 4758 494 4819 in
529 4756 883 4820 memoriam
913 4757 1014 4818 alii
1047 4757 1437 4839 quadraginta
1485 4757 1616 4819 dies
1660 4754 2105 4837 injungantur,1

2175 4762 2335 4840 τρίτον
2376 4764 2516 4827 τινὲς
2576 4763 2690 4829 ἔτος
2768 4763 2953 4844 ἔχουσι
3010 4768 3484 4836 καταπενθοῦντες,
3538 4787 3808 4844 προσεπι-

430 4866 583 4928 quos
607 4865 740 4909 cum
759 4847 1104 4927 jejunasset
1154 4847 1446 4935 Dominus
1491 4852 1552 4907 et
1573 4845 1853 4935 Servator
1877 4856 2082 4911 noster

2175 4854 2456 4928 τιμηθῆναι
2511 4855 2696 4918 αὐτοῖς
2756 4846 2862 4912 ἀπὸ
2930 4854 3026 4923 τῆς
3081 4853 3478 4935 προσελεύσεως
3521 4853 3639 4911 καθ’
3682 4857 3815 4913 ὑπό-

431 4937 606 4998 .Iesus
631 4936 1257 5017 Christus,postquam
1285 4933 1618 5023 baptizatus
1642 4934 1853 5010 fuerat,
1885 4942 2081 4997 tenta-

2175 4964 2384 5017 amem,
2431 4940 2597 5008 ἄλλας
2644 4943 2704 5018 μ’
2762 4943 2989 5021 ἡμέρας,
3052 4933 3132 5010 ἅς
3183 4946 3371 5023 καίπερ
3430 4944 3727 5013 νηστεύσας
3786 4946 3815 5002 ὁ

436 5032 530 5112 tus
549 5033 695 5112 esta
715 5023 1052 5087 diabolo.ln
1077 5023 1301 5105 quibus
1328 5031 1385 5086 et
1407 5022 1522 5103 ipsi
1540 5041 1677 5085 cum
1700 5023 1876 5112 valde
1907 5042 2083 5087 exer-

2175 5032 2356 5109 Κύριος
2388 5035 2476 5089 καὶ
2508 5032 2699 5111 Σωτὴρ
2755 5035 2912 5109 ἡμῶν
2956 5032 3162 5100 Ἰησοῦς
3221 5036 3246 5089 ὁ
3293 5022 3545 5112 Χριστὸς,
3580 5035 3720 5110 μετὰ
3752 5038 3815 5093 :6

432 5111 598 5202 citati
628 5111 940 5202 fuerint,et
963 5113 1337 5176 constantius
1350 5111 2083 5202 jejunaverint,deinceps

2175 5122 2541 5202 Ξαπτισθῆναι,
2590 5122 2875 5201 ἑπειράσθη
2941 5123 3040 5179 δπὸ
3097 5129 3190 5180 τοῦ
3239 5121 3491 5180 διαϐόλου
3525 5139 3539 5153 ⁸
3607 5126 3686 5187 εἷς
3747 5126 3813 5190 ἅς

432 5199 495 5261 in
529 5199 904 5291 orationibus
926 5201 1649 5291 vigilabunt,meditantes
1675 5200 1829 5283 quod
1848 5202 2075 5264 dictum

2175 5211 2247 5266 ιαὶ
2302 5212 2446 5270 αὐτοὶ
2506 5212 2641 5268 κατὰ
2698 5213 2948 5290 περισσὸν
3000 5210 3508 5291 διαγυμνασθὲντες,
3566 5214 3812 5270 εὐτονώ-

434 5297 524 5383 est
546 5306 580 5349 a
612 5289 865 5383 Domino
898 5290 971 5352 ad
998 5310 1135 5383 eum
1169 5292 1268 5373 qui
1299 5290 1469 5383 illum
1526 5297 1732 5369 tentat,
1767 5300 1831 5355 ut
1878 5293 2075 5374 ipsum

2175 5299 2310 5379 :epo'v
2364 5322 2422 5357 τε
2483 5302 2774 5377 νήψαντες,
2837 5289 3267 5380 γρηγορήσουσιν
3339 5304 3413 5366 εἱς
3490 5289 3811 5383 προσευχας

431 5379 663 5443 adoret:
689 5379 802 5442 Abi
818 5380 1265 5463 pone,Satana,
1283 5381 1425 5442 445
1442 5387 1738 5463 scriptum
1759 5390 1847 5447 est
1869 5383 2031 5447 enim
2058 5405 2071 5449 :

2175 5396 2253 5447 τοῦ
2310 5388 2520 5471 λοιποῦ,
2582 5379 3056 5469 καταμελετῶντες
3105 5391 3165 5448 τὸ
3216 5388 3540 5469 λελεγμένον
3570 5379 3816 5456 61:63:06

510 5517 575 5570 εδ
604 5515 659 5580 11
688 5496 837 5583 Cor.‘
859 5535 943 5597 Vl,
978 5520 1076 5598 14,
1109 5523 1210 5588 ιε.
1293 5523 1359 5574 δι
1387 5523 1463 5589 1v
1494 5523 1642 5604 Reg.
1679 5542 1850 5604 χχιιι,
1881 5530 1961 5588 42
1989 5544 2158 5611 seqq.

515 5634 639 5728 (34)
671 5636 820 5723 Legi
847 5640 1120 5709 sexennii
1151 5640 1397 5729 subjici,
1434 5648 1494 5710 et
1523 5644 1818 5715 sexennio
1849 5644 2392 5721 excommunicari.
