4090 6204
193 312 302 383 941

957 312 1407 385 εγιντΑοκΑ
1437 314 1839 390 CANONUM.
1901 353 1972 366 —
2033 318 2190 386 TIT.
2233 310 2404 401 XIII,
2450 320 2615 383 CAP.
2660 317 2797 382 xx.

3444 310 3572 411 942,

187 459 405 527 δούλους
450 464 652 523 ἑαυτῶν
723 464 1040 532 ἑλκύσαντες
1107 464 1197 523 ἐπὶ
1262 464 1695 547 εἰδωλολατρίας),
1743 464 1833 521 δυ-

1922 483 2026 527 vos
2057 471 2294 526 nostros
2327 472 2637 527 traxerunt
2666 463 2742 528 ad
2771 460 3200 540 idololatriam,
3232 465 3339 544 qui
3384 477 3562 550 pote-

188 553 448 626 ναμένους
495 560 584 610 καί
629 556 817 619 αὖτοὺς
870 555 1153 633 ἐκφυγεῖν,
1190 557 1235 611 εὶ
1287 560 1348 611 τὸ
1377 554 1580 613 δίκαιον
1613 557 1700 612 καὶ
1742 555 1840 622 τὴν

188 641 414 709 ἰσότητα
452 644 591 711 ἦσαν
621 643 812 710 αὺτοῖς
842 645 1248 725 παρασχόντες,
1291 647 1364 710 ὡς
1417 644 1576 702 πάλιν
1609 648 1636 702 ὁ
1666 643 1840 701 Ἀπό-

192 730 385 798 στολος
415 731 587 810 λέγει.

271 820 353 887 η’.
410 831 539 888 Τοῖς
609 822 664 880 δὲ
739 821 1191 901 παραδεδομένοις
1261 823 1662 899 ἐκπεπτωκόσι,
1721 838 1839 889 τοῖς

187 931 247 967 τε
307 911 522 975 ἑαυτοῖς
578 913 1042 992 προσεληλυθόσιν
1101 915 1176 978 εἷς
1236 915 1328 969 τὸν
1386 913 1592 993 άγῶνα,
1633 916 1836 990 ὁμολο-

188 1008 371 1078 γοῦσιν
451 1006 595 1059 εἶναι
674 1011 1047 1083 Χριστιανοῖς,
1143 1001 1569 1078 ὶμϐεϐλημὲνοις
1641 1025 1699 1060 τε
1784 1003 1840 1059 ἒν

188 1096 261 1167 τῇ
350 1090 566 1170 φυλακῇ
664 1094 803 1166 μετὰ
887 1093 1159 1173 βασάνων,
1249 1090 1468 1172 εὔλογόν
1559 1093 1703 1149 ἐστιν
1783 1092 1839 1148 ἐν

188 1178 511 1258 ἀγαλλιάσει
595 1179 812 1259 καρδίας
906 1181 1284 1261 συνεπισχύει-ι
1370 1181 1467 1237 καὶ
1556 1194 1836 1238 κοινωνεῖν

188 1272 248 1326 ιθ
291 1275 453 1326 πᾶσιν
499 1268 554 1326 ἓν
593 1291 652 1327 τε
709 1284 831 1337 ταῖς
873 1283 1231 1351 προσευχαῖς,
1281 1270 1369 1327 καὶ
1427 1275 1495 1345 τῇ
1532 1270 1835 1346 μεταλήψει

188 1365 285 1414 τοῦ
346 1362 599 1433 σώματος
657 1361 745 1415 καὶ
804 1366 909 1417 τοῦ.
944 1359 1178 1435 αἵματος
1224 1366 1316 1414 τοὺ
1358 1366 1608 1436 Χριστοῦ,
1651 1360 1740 1416 καὶ
1768 1358 1836 1434 τῇ

188 1446 531 1523 παρακλήσει
575 1456 668 1507 τοῦ
711 1449 897 1527 λόγου,
948 1449 1044 1505 ἵνα
1088 1448 1440 1524 εὐτονώτερον
1484 1448 1832 1526 ἀγωνισάμε-

188 1558 297 1607 νοι,
356 1536 724 1602 καταξιωθῶσι
782 1541 871 1595 καὶ
914 1537 1063 1594 αὒτοὶ
1106 1559 1199 1594 του
1239 1535 1485 1614 βραϐείου
1526 1543 1626 1603 τῆς
1687 1534 1832 1592 ἅνω-

190 1624 443 1694 χλήσεως
480 1643 494 1657 ·
531 1628 618 1682 καὶ
647 1627 748 1704 γὰρ
780 1628 1022 1702 ἑπτάκις,
1057 1629 1210 1707 φησὶ,
1269 1642 1517 1682 πεσεῖται
1549 1629 1576 1682 ὁ
1631 1624 1831 1688 δίκαιος

188 1716 280 1770 καὶ
311 1714 670 1785 ἀναστήσεται
704 1732 718 1746 ⁶
754 1714 884 1795 ὅπερ
917 1718 962 1773 εἰ
1007 1718 1095 1773 καὶ
1145 1715 1339 1779 πάντες
1387 1717 1435 1771 οἱ
1477 1716 1831 1773 ἐκπεπτωκό-

186 1824 278 1867 τες
324 1802 716 1886 πεποιήκεσαν,

186 1914 337 1949 νειαν
367 1891 712 1959 ἒνεδεὲξαντο.

268 1981 341 2041 θ’.
412 1985 507 2040 Καὶ
577 1997 696 2045 τοῖς
780 1981 835 2039 δὲ
913 1985 984 2049 ὡς
1066 1984 1128 2038 ἃν
1214 1981 1268 2047 ἐξ
1357 1981 1520 2039 ὕπνου
1609 1984 1828 2045 ἑαυτοὺς

188 2069 582 2148 παραπηδὼσιν
649 2074 725 2134 εἷς
787 2073 879 2129 τὸν
949 2071 1157 2150 ἀγῶνα,
1215 2068 1469 2128 ὠδίνοντα
1529 2073 1616 2127 καὶ
1687 2071 1826 2147 μὲλ-

183 2158 352 2216 λοιτα
390 2159 630 2233 ἑλκύσαι,
691 2161 907 2227 ἑαυτοῖς
978 2159 1034 2216 δὲ
1094 2161 1391 2238 πειρασμὸν
1448 2160 1826 2231 ἐπισπασαμέ-

182 2269 299 2311 vet:
332 2247 773 2330 θαλαττομαχίας
806 2250 894 2307 καὶ
922 2247 1133 2315 πολλης
1190 2249 1577 2329 κυματώσεως,
1624 2248 1831 2324 μᾶλλον

178 2334 239 2393 δὲ
269 2338 357 2394 καὶ
385 2350 507 2403 τοῖς
537 2334 791 2417 ἀδελφοῖς
850 2340 1296 2417 προσεκκαίοντες
1350 2337 1615 2417 ἄνθρακας
1650 2339 1831 2418 ἁμαρ-

181 2424 400 2499 τωλῶν,
432 2429 520 2484 καὶ
552 2426 739 2492 αότοῖς
783 2427 1170 2501 κοινωνητέον,
1231 2426 1326 2483 ἅτε
1384 2424 1449 2494 δὴ
1495 2427 1551 2483 ἂν
1609 2428 1830 2501 ὀνόματι

186 2521 421 2593 Χριστοῦ
463 2518 893 2597 παρερχομένοις
947 2519 1020 2582 εἷς
1067 2520 1243 2589 τοῦτο,
1280 2518 1441 2573 εἶκαὶ
1474 2518 1830 2597 προσέχουσιν

180 2604 346 2662 αὖτοῦ
371 2609 490 2671 τοῖς
518 2605 725 2685 λόγοις,
758 2608 855 2664 καί
883 2606 1043 2664 πάλιν
1072 2606 1129 2663 ἰν
1179 2610 1321 2687 εύχῇ
1372 2605 1550 2683 λέγειν
1593 2614 1670 2678 τῷ
1717 2613 1829 2662 Πα-

179 2696 290 2773 τρὶ,
336 2696 426 2751 καὶ
482 2696 561 2768 μὴ
615 2696 924 2772 εἰσενέγκῃς
988 2697 1135 2770 ἡμᾶς
1178 2697 1251 2761 εἰς
1309 2696 1631 2774 πειρασμὸν,
1693 2695 1829 2752 ἀλλὰ

179 2783 338 2862 ρὖαι
394 2785 539 2858 ἡμᾶς
570 2785 676 2842 ἀπὸ
712 2793 807 2843 τοῦ
850 2792 1085 2864 πονηροῦ
1119 2805 1132 2819 ⁶
1185 2784 1323 2848 ἴσως
1372 2782 1427 2839 δὲ
1459 2786 1546 2840 καὶ
1577 2785 1828 2861 ἄγνοοῦσι

178 2874 283 2938 τὰς
342 2873 631 2951 γενομένας
662 2874 926 2939 πολλάκις
976 2875 1353 2955 ἀναχωρήσεις
1383 2879 1478 2930 τοῦ
1508 2872 1827 2931 οἰκοδεσπό-

177 2983 279 3019 του
320 2960 419 3019 καέ
475 2960 793 3019 διδασκάλου
830 2964 985 3038 ἡμῶν
1027 2962 1134 3018 ἀπὸ
1176 2968 1283 3018 τῶν
1313 2960 1577 3017 θελόντων
1607 2959 1825 3018 ἐπιϐου-

177 3050 396 3107 λεύειν
450 3054 537 3108 καὶ
579 3052 661 3109 ὅτι
720 3049 828 3109 ἔσθ’
887 3051 974 3108 ὅτε
1031 3050 1150 3108 οὗδὲ
1209 3050 1474 3129 παῤῥησίᾳ
1517 3052 1827 3120 περιεπάτει

176 3138 251 3196 δι’
288 3142 480 3206 αὐτούς
520 3159 532 3172 ·
596 3145 685 3199 καὶ
736 3141 817 3199 ὅτι
874 3141 963 3200 ὅτε
1014 3145 1041 3198 ὁ
1085 3142 1269 3218 καιρός
1317 3147 1407 3197 τοὺ
1440 3142 1632 3200 πάθους
1668 3142 1829 3198 αὐτοῦ

175 3231 578 3309 προσηγγισεν,
650 3233 757 3312 οὔχ
815 3232 1000 3288 ἑαυτὸν
1044 3228 1373 3307 παρέδωκεν,
1427 3229 1548 3286 ἀλλ’
1593 3228 1823 3311 ἐδέξατο,

176 3318 284 3385 ito;
316 3319 478 3389 ἦλθον
509 3319 596 3379 ἐπ’
630 3324 790 3380 αὐτὸν
849 3324 986 3398 μετὰ
1042 3326 1332 3401 μαχαιρῶν
1362 3321 1449 3375 καὶ
1480 3318 1645 3385 ξύλων
1680 3337 1693 3350 ⁸
1730 3319 1827 3376 λέ-

176 3431 268 3488 γει
324 3421 450 3488 γοῦν
507 3414 638 3490 πρὸς
696 3412 883 3472 αὐτούς
917 3427 933 3443 ⁸
1013 3401 1102 3475 Ὠς
1168 3410 1255 3466 ἰπὶ
1309 3409 1518 3486 λῃστὴν
1582 3408 1827 3478 ἐξήλθετε

175 3499 319 3574 μετᾶ
362 3503 648 3580 μαχαιρῶν
718 3500 805 3557 καὶ
850 3497 1018 3565 ξύλων
1089 3497 1379 3555 συλλαϐεῖν
1437 3496 1505 3572 με
1541 3518 1559 3537 ο
1618 3500 1676 3556 οἳ
1732 3500 1829 3556 καί

178 3586 492 3666 παρέδωκαν
555 3591 737 3667 αὐτὸν,
802 3590 963 3671 φησί,
1033 3588 1251 3662 Πιλάτῳ
1284 3606 1298 3621 °
1364 3589 1482 3645 καθ’
1527 3588 1826 3664 ὁμοιότητα

178 3683 312 3754 γοῦν
355 3682 536 3753 αὐτοῦ,
584 3681 672 3737 καὶ
703 3679 917 3737 οἱκατὰ
947 3680 1148 3737 σκοπὸν
1199 3679 1358 3735 αὐτοῦ
1400 3678 1670 3755 βαίνοντες
1721 3699 1825 3735 πε-

174 3766 429 3839 πόνθασι,
476 3768 816 3845 μεμνημένοι
864 3774 973 3826 τῶν
1021 3767 1175 3825 θείων
1232 3768 1388 3825 αὖτοῦ
1418 3768 1617 3845 λόγων,
1651 3764 1719 3823 δι’
1751 3769 1824 3824 ὧν

176 3854 535 3931 ὶπιστηρίζων
589 3861 734 3934 ἡμᾶς
788 3859 909 3936 περὶ
951 3860 1058 3914 τῶν
1112 3855 1366 3935 διωγμῶν
1400 3857 1545 3936 λέγει
1579 3874 1593 3888 ⁶
1644 3862 1823 3933 Προσ-

174 3944 343 4026 ίχετε
402 3945 614 4011 ἑαυτοῖς
651 3964 666 3978 ⁸
729 3944 1105 4026 παραδώσοδσι
1163 3949 1265 4025 γὰρ
1311 3948 1449 4022 ὑμᾶς
1480 3949 1554 4011 εἷς
1587 3947 1827 4022 συνέδρια

184 4036 281 4094 καὶ
309 4036 366 4091 ἰν
394 4049 514 4099 ταῖς
556 4050 898 4117 συναγωγαῖς
958 4040 1133 4097 αὐτῶν
1185 4039 1583 4116 μαστιγώσουσι
1641 4039 1775 4112 ὑμᾶς
1808 4054 1823 4071 '

187 4122 565 4203 παραδώσουσι
607 4124 662 4184 δὲ
704 4126 887 4206 εἶπεν,
947 4124 1069 4182 ἀλλ’
1119 4127 1267 4206 οὖχὶ,
1312 4128 1528 4192 ἑαυτοὺς
1570 4126 1827 4203 παραδώ-

185 4235 311 4272 σετε
342 4231 357 4247 ⁸
390 4216 478 4273 καὶ
508 4213 601 4274 ini
632 4216 901 4295 ἡγεμόνας
933 4214 1011 4287 δὲ,
1048 4216 1203 4296 φησὶ,
1235 4217 1325 4273 καὶ
1367 4215 1613 4293 βασιλεῖς
1644 4217 1828 4297 ἀχθή-

184 4306 343 4360 σεσθε
373 4301 464 4361 διὰ
505 4306 570 4363 τὸ
610 4303 782 4382 ὄνομά
822 4329 950 4381 μου,
995 4304 1118 4361 ἀλλ’
1156 4307 1305 4387 οὖχὶ,
1356 4305 1576 4373 ἑαυτοὺς
1629 4305 1776 4372 ἄξετε
1810 4323 1825 4337 ⁶

1924 564 2054 615 rant
2087 563 2145 616 et
2179 555 2294 634 ipsi
2325 555 2615 634 effugere,
2652 555 2703 616 si
2727 555 2830 635 jus
2881 562 2939 617 et
2980 555 3379 635 aequalitatem
3409 558 3563 640 ipsis

1925 643 2343 726 praebuissent,
2375 653 2441 707 ut
2470 662 2681 707 rursus
2705 644 2855 706 dicit
2881 645 3233 725 Apostolus.

2003 734 2061 797 8.
2101 734 2178 796 lis
2208 743 2407 796 autem
2443 733 2547 813 qui
2570 732 2792 814 proditi
2822 742 3051 810 sunt,et
3079 733 3559 821 exciderunt,qui

1924 831 1982 885 et
2012 822 2127 903 ipsi
2149 823 2222 884 ad
2246 831 2556 886 certamen
2586 830 2995 899 accesserunt,
3020 844 3087 887 se
3108 843 3243 888 esse
3271 827 3561 891 Christia-

1923 931 2031 973 nos
2063 914 2442 985 conﬁtcntes,
2481 920 2539 975 et
2585 912 2647 975 in
2695 913 3025 976 custodiam
3077 933 3211 977 cum
3247 920 3562 982 tormentis

1920 1002 2178 1081 conjecti
2210 1009 2347 1063 sunt
2383 1019 2400 1065 :
2430 1019 2666 1082 siquam
2719 1008 2811 1065 est
2837 1001 2898 1064 in
2931 1005 3327 1068 exsultatione
3360 1008 3562 1071 cordis

1921 1089 2075 1152 vires
2103 1090 2279 1152 simul
2310 1090 2555 1162 addere,
2593 1099 2651 1152 et
2680 1091 2766 1153 eis
2805 1091 2865 1153 in
2900 1092 3182 1156 omnibus
3212 1098 3559 1158 communi-

1919 1197 2080 1252 care,
2116 1192 2176 1240 et
2211 1185 2270 1241 in
2302 1180 2696 1256 orationibus,
2732 1189 2790 1244 et
2818 1186 2879 1243 in
2934 1182 3389 1263 participatione
3415 1205 3556 1249 cor-

1920 1269 2083 1350 poris
2114 1277 2171 1329 et
2201 1268 2506 1348 sanguinis
2536 1269 2783 1344 Christi,
2819 1277 2878 1332 et
2920 1271 3223 1334 sermonis
3272 1274 3557 1338 adhorta-

1921 1357 2079 1417 tione
2119 1374 2132 1415 :
2171 1368 2231 1418 ut
2263 1359 2361 1438 qui
2394 1358 2759 1420 constantius
2785 1359 3246 1436 decertaverint,
3270 1362 3384 1442 ipsi
3409 1383 3560 1441 quo-

1919 1465 2037 1527 que
2063 1465 2348 1527 superna:
2374 1450 2712 1512 vocationis
2737 1447 2948 1513 brabio
2974 1450 3030 1499 l7
3060 1451 3556 1529 dignentur.Ete-

1919 1535 2040 1595 nim
2073 1541 2314 1617 septies,
2351 1536 2565 1617 inquit,
2602 1538 2770 1600 cadet
2801 1540 2993 1608 iustus
3035 1546 3092 1602 et
3142 1549 3424 1621 resurget
3454 1544 3555 1621 18;

1917 1624 2072 1705 quod
2107 1626 2346 1704 quidem
2408 1625 2461 1686 si
2515 1644 2726 1688 omnes
2774 1645 3011 1707 quoque
3061 1628 3213 1702 lapsi
3246 1630 3553 1713 fecissent,

1916 1713 2405 1794 perfectissimam
2441 1722 2500 1777 et
2530 1721 2654 1777 toto
2680 1715 2864 1778 corde
2894 1726 3233 1797 susceptam
3267 1721 3559 1798 paeniten-

761 1806 1105 1873 τελειοτάτην
1161 1806 1250 1861 καὶ
1303 1803 1614 1883 ὁλοκάρδιον
1658 1807 1829 1879 μετά·
1855 1803 2055 1881 Btiam
2084 1802 2515 1868 ostendissent.

1992 1982 2137 2046 9.lis
2155 2001 2388 2063 quoque
2407 1984 2504 2065 qui
2527 1990 2806 2066 tanquam
2832 2001 2904 2047 ex
2928 2001 3140 2046 somno
3158 1984 3271 2066 ipsi
3305 1987 3378 2048 ad
3412 2005 3552 2051 cer-

1910 2079 2112 2133 tamen
2139 2073 2496 2149 parturiens,
2523 2080 2581 2133 et
2601 2074 2837 2134 trahere
2862 2073 3171 2149 diﬂ'erens,
3202 2076 3547 2155 prosiliunt,

1912 2158 2026 2220 sibi
2057 2167 2252 2220 autem
2315 2178 2526 2240 pugna)
2583 2160 2921 2234 maritimas,
2956 2169 3015 2223 et
3048 2164 3251 2225 multa:
3283 2165 3551 2228 ﬂuxuum

1915 2248 2317 2309 inundationis
2341 2252 2723 2309 tentationem
2748 2251 3171 2325 attrahunt,vel
3198 2252 3395 2330 potius
3426 2254 3557 2333 fra—b

1916 2336 2107 2397 tribus
2121 2345 2502 2417 peccatorum
2524 2340 2849 2400 carbonem
2875 2339 3547 2422 accendunt,ipsisquo-

1915 2444 2034 2502 que
2053 2427 2616 2489 communicandum
2641 2436 2829 2500 est,ut
2850 2429 3208 2508 quinomine
3229 2431 3367 2494 449
3382 2432 3551 2496 Chri-

1915 2517 1990 2576 sti
2010 2515 2079 2575 ad
2107 2516 2162 2575 id
2191 2516 2430 2577 veniant
2466 2536 2480 2576 :
2521 2516 2632 2577 etsi
2656 2517 2833 2577 verba
2858 2518 2992 2595 ejus
3014 2534 3133 2579 non
3168 2520 3550 2584 animadver-

1914 2605 2168 2683 lant,qui
2193 2605 2366 2666 docet
2388 2624 2562 2668 orare
2582 2624 2656 2668 ne
2678 2606 3104 2686 ingrediamur
3148 2614 3213 2670 in
3258 2617 3550 2675 tentatio-

1911 2711 2045 2754 nom
2068 2694 2211 2767 ‘9,et
2234 2714 2368 2756 eum
2392 2712 2599 2756 rursus
2622 2696 2679 2755 in
2705 2694 2976 2756 oratione
3009 2695 3165 2759 Patri
3205 2698 3435 2779 dicere,
3468 2702 3554 2765 Et

1912 2800 1985 2843 ne
2006 2801 2111 2844 nos
2135 2784 2390 2846 inducas
2412 2786 2472 2845 in
2490 2785 3020 2857 lentationem,sed
3037 2784 3227 2848 libera
3248 2806 3403 2851 nosa
3422 2808 3552 2852 ma-

1915 2873 1972 2931 lo
1992 2871 2073 2933 90.
2113 2874 2285 2935 Forte
2308 2882 2505 2934 autem
2532 2875 2713 2939 etiam
2740 2873 3017 2950 ignorant
3060 2877 3553 2954 patremfamilias

1914 2970 1970 3020 et
1988 2960 2299 3023 Dominum
2328 2970 2624 3034 nostrum,
2658 2980 2816 3042 saepe
2840 2961 2915 3024 ab
2944 2963 3016 3025 iis
3040 2965 3140 3045 qui
3167 2966 3249 3027 illi
3278 2967 3553 3031 insidiari

1908 3050 2798 3132 volebant,secessisse,etquod
2819 3053 3181 3131 quandoque
3203 3055 3379 3117 etiam
3405 3056 3552 3120 libe-

1911 3157 1976 3199 re
1993 3140 2146 3219 apud
2173 3158 2276 3201 eos
2296 3158 2411 3201 non
2435 3140 2776 3215 incedebat,
2814 3150 2872 3203 et
2894 3143 3050 3223 quod
3084 3145 3259 3206 etiam
3310 3147 3548 3228 quando

1914 3228 2207 3309 passionis
2254 3239 2492 3311 tempus
2541 3229 3067 3311 appropinquavit,
3103 3253 3221 3297 non
3257 3254 3322 3297 se
3353 3239 3551 3317 ipsum

1914 3317 2178 3391 tradidit,
2209 3318 2315 3379 sed
2356 3319 2725 3398 exspectavit
2768 3319 2962 3383 donec
2999 3321 3071 3383 ad
3116 3342 3250 3384 eum
3276 3328 3556 3389 venirent

1912 3425 2044 3469 cum
2064 3406 2275 3487 gladiis
2293 3417 2353 3470 et
2370 3407 2641 3470 fustibus.
2658 3410 2812 3471 Dicit
2833 3427 2972 3488 ergo
2997 3415 3107 3474 eis:
3137 3411 3453 3495 Tanquam
3472 3417 3553 3481 ad

1914 3498 2210 3559 latronem
2247 3498 2489 3560 exiistis
2527 3515 2662 3559 cum
2698 3499 2931 3578 gladiis
2970 3508 3023 3562 et
3067 3500 3326 3578 fustibus
3349 3503 3431 3566 ad
3458 3522 3553 3567 me

1907 3586 2536 3667 comprehendendum
2560 3588 2645 3649 9|.
2671 3587 2782 3659 Qui
2802 3588 2981 3649 etiam
3025 3590 3421 3654 tradiderunt
3449 3593 3548 3672 ip—

1907 3675 2475 3756 sum.inquit,Pilato
2495 3675 2661 3738 99.Αὰ
2683 3676 2815 3756 ejus
2836 3696 3076 3758 quoque
3089 3677 3549 3744 similitudinem

1908 3763 1985 3826 iis
2007 3765 2353 3846 accidit,qui
2378 3765 2509 3845 ejus
2531 3783 2779 3845 scopum
2809 3766 2925 3826 sibi
2950 3778 3355 3848 proponentes
3375 3770 3551 3834 ince-

1908 3853 2080 3926 dunt,
2114 3855 2452 3915 divinorum
2480 3855 2610 3935 ejus
2630 3853 2953 3916 verborum
2976 3857 3299 3933 recordati,
3334 3860 3553 3940 quibus

1912 3963 2019 4006 nos
2039 3943 2501 4016 cenfirmans,de
2524 3944 3042 4024 persecutionibus
3066 3946 3232 4012 dicit:
3253 3950 3554 4015 Attendite

1909 4032 2074 4097 vobis
2096 4036 2260 4113 ipsis:
2286 4035 2527 4096 tradent
2550 4036 2713 4096 enim
2732 4052 2833 4097 vos
2859 4039 2925 4096 in
2941 4035 3225 4115 concilia,
3252 4046 3305 4101 et
3336 4041 3401 4102 in
3420 4042 3551 4104 suis

1910 4129 2240 4206 synagogis
2256 4142 2357 4186 vos
2371 4122 2767 4204 ﬂagellabant
2783 4123 3135 4188 35.Tradent
3154 4130 3549 4206 autem,dixit,

1915 4233 2053 4279 non.
2067 4232 2164 4275 vos
2189 4214 2352 4291 ipsos
2373 4213 2646 4276 tradetis:
2675 4221 2728 4277 et
2745 4214 2826 4276 ad
2839 4215 3143 4295 principes
3162 4225 3218 4279 et
3241 4233 3411 4298 reges
3431 4218 3552 4282 du-

1913 4303 2137 4366 cemini
2159 4309 2403 4384 propter
2418 4321 2636 4366 nomen
2660 4321 2862 4367 meum
2880 4304 3230 4380 3‘,non,vos
3252 4307 3415 4388 ipsos
3437 4309 3553 4372 du-

183 4394 310 4452 ὶπεὶ
339 4395 429 4450 καὶ
459 4392 771 4471 μεταπηδᾳν
812 4397 958 4470 ἡμᾶς
1000 4396 1245 4473 βούλεται
1284 4396 1391 4452 ἀπὸ
1420 4395 1600 4452 τόπων
1627 4398 1701 4461 εἷς
1731 4397 1830 4453 τό·

1918 4389 2234 4454 cetis.Nam
2260 4410 2368 4453 nos
2385 4411 2621 4474 quoque
2638 4393 2817 4455 vulta
2842 4393 2971 4456 loco
2996 4394 3055 4455 in
3076 4395 3271 4458 locum
3297 4398 3556 4461 transili-

192 4504 324 4547 πους
360 4479 721 4559 διωκομᾶνους
744 4482 904 4542 διὰτὸ
935 4483 1105 4558 ὄνομα
1134 4488 1315 4544 αὐτοῦ·
1345 4486 1419 4550 ὡς
1449 4484 1612 4541 πάλιν
1640 4484 1830 4543 ἁκούο-

1918 4500 2002 4554 re,
2029 4481 2166 4542 dum
2194 4490 2332 4543 sunt
2351 4485 2453 4563 qui
2478 4502 2588 4544 nos
2606 4494 3048 4566 persequuntur
3069 4496 3312 4568 propter
3329 4507 3555 4552 nomen

183 4594 291 4650 μεν
339 4577 499 4633 αὐτοῦ
540 4572 791 4655 λέγοντος
824 4593 840 4611 ⁸
884 4576 982 4634 Καὶ
1009 4574 1138 4631 ὅταν
1167 4573 1435 4631 διώκωσιν
1478 4576 1615 4649 ὑμᾶς
1665 4575 1721 4630 ἐν
1765 4568 1856 4652 τῇ⁴

1918 4571 2235 4651 ejus.Sicut
2257 4558 2463 4633 rursus
2487 4558 2621 4634 eum
2637 4558 2938 4636 dicentem
2953 4558 3254 4639 audimus:
3269 4576 3554 4658 thuan-

184 4658 350 4720 πόλει
392 4664 585 4740 ταύτῃ,
646 4664 870 4744 φεύγετε
912 4666 985 4727 εἱς
1029 4666 1130 4733 τὴν
1174 4661 1357 4741 ἑτέραν
1387 4682 1402 4697 ο
1462 4667 1523 4721 οὗ
1581 4663 1682 4741 γὰρ
1738 4663 1831 4720 θέ-

1918 4662 1987 4725 do
2009 4678 2109 4724 vos
2144 4662 2207 4723 in
2232 4660 2345 4723 hac
2364 4662 2610 4724 civitate
2625 4665 2936 4742 persecuti
2972 4666 3224 4742 fuerint,
3255 4668 3456 4744 fugite
3487 4669 3556 4729 in

184 4750 275 4809 λει
330 4751 655 4828 αὐτομολεῖν
711 4755 857 4829 ἡμας
914 4754 1048 4833 πρὸς
1103 4753 1223 4816 τοὺς
1285 4759 1375 4809 τοῦ
1436 4750 1693 4811 διαϐόλου
1736 4754 1833 4810 ὺπ-

1918 4750 2105 4813 ah'am
2119 4748 2335 4812 225.1‘ion
2349 4750 2463 4811 vult
2485 4753 2640 4813 enim
2659 4770 2768 4813 nos
2790 4752 2863 4813 ad
2887 4753 3108 4814 diaboli
3130 4753 3447 4832 stipatores
3465 4772 3556 4815 sa-

185 4843 458 4907 ασπιστὰς
512 4845 609 4900 καί
662 4842 1006 4924 δορυφόρους,
1065 4843 1213 4909 ὅπως
1287 4843 1366 4918 μὴ
1423 4844 1513 4900 καὶ
1571 4842 1834 4900 πλειόνων

185 4931 434 4990 θανάτων
463 4929 631 4990 αἴτιοι
660 4937 845 5000 αὖτοῖς
896 4934 1199 5013 γενώμεθα,
1260 4933 1334 4996 ὡς
1379 4931 1442 4987 ἂν
1487 4932 1833 5011 καταναγκά-

185 5029 376 5094 ζοντες
432 5023 622 5089 αὖτοὺς
677 5022 882 5100 μᾶλλον
955 5024 1444 5103 κατατραχύνεσθαι
1516 5024 1606 5079 καὶ
1675 5022 1833 5079 τελε-

186 5124 467 5190 σιουργεῖν
521 5112 585 5169 τὰ
628 5113 971 5192 θανατηφόρα
1000 5112 1150 5193 ἔργα,
1199 5109 1322 5168 ἀλλ’
1381 5109 1694 5191 ἐκδέχεσθαι
1738 5115 1839 5171 καί

187 5200 489 5281 προσέχειν
551 5202 786 5278 ἑαυτοῖς,
848 5209 1144 5283 Γρηγορεῖν
1202 5225 1260 5262 τε
1290 5201 1384 5259 καὶ
1416 5203 1834 5283 προσεύχεσθαι,

184 5291 290 5350 ἵνα
345 5293 424 5366 μὴ
479 5291 800 5369 εἰσέλθωμεν
857 5292 931 5357 εἷς
979 5291 1273 5372 πειρασμόν
1307 5313 1321 5328 ’
1372 5290 1508 5350 οὕτω
1566 5293 1836 5373 Στέφανος

186 5387 433 5463 πρῶτος,
492 5378 612 5439 κατ’
659 5382 823 5463 ἴχνος
880 5387 1040 5444 αὐτοῦ
1083 5384 1365 5463 μαρτύριον
1425 5381 1835 5461 ἀναδεξάμενος,

187 5471 251 5531 ἂν
298 5462 1127 5554 Ἱεροσολύμοιςσυναρπασθεὶς
1186 5475 1288 5531 ὑπὸ
1331 5474 1440 5530 τῶν
1481 5473 1835 5552 παρανόμων,

273 5586 329 5671 31
357 5585 615 5671 Philipp.
646 5592 891 5671 111,“.
959 5591 1011 5636 ιε
1039 5590 1210 5653 Prov.
1241 5606 1405 5669 xm,

186 5669 249 5719 ³³
273 5667 483 5736 Matth.
514 5667 693 5747 sint.
723 5668 783 5735 2.
871 5670 935 5747 ὓ
959 5672 1170 5741 Matth.
1202 5688 1266 5755 ι,
1298 5667 1398 5738 174

1439 5591 1543 5681 ίίξῑ
1576 5589 1913 5681 ..¹.⁰.Μ9Ξί¹³’
1942 5605 2110 5681 ΞίῘῆ
2132 5588 2242 5681 ,41⁸

1484 5671 1550 5726 ³4
1572 5670 1720 5741 ibid.
1759 5672 1856 5738 18.
1941 5671 2003 5725 ³³
2029 5666 2175 5735 ibid.
2262 5666 2364 5741 23.
2448 5666 2510 5722 ³ο
2534 5666 2739 5733 Matth.
2772 5682 2931 5747 XXVI,
2964 5670 3068 5737 47.

1914 4841 2255 4922 tellitesque
2277 4840 2626 4919 confugere,
2656 4859 2732 4901 ne
2755 4842 2900 4922 ipsis
2942 4860 3179 4922 quoque
3220 4841 3559 4905 multifaria

1918 4931 2126 4992 mortis
2148 4949 2328 4993 causa
2353 4930 2562 5006 simus,
2591 4938 2653 4991 ut
2676 4936 2773 5009 qui
2794 4930 2958 5010 ipsos
2981 4939 3038 4992 et
3059 4937 3401 5012 asperiores
3426 4949 3559 4994 esse

1921 5030 2292 5099 cogamus.et
2313 5038 2495 5102 opera
2519 5019 2822 5081 mortifera
2845 5037 3153 5101 peragere:
3179 5019 3285 5082 sed
3313 5038 3560 5102 exspec-

1920 5119 2135 5187 tare,et
2157 5111 2330 5173 nobis
2352 5107 2964 5189 cavere,vigilareque
2977 5116 3034 5172 et
3054 5127 3339 5184 armeme
3357 5111 3559 5175 intre-

1920 5219 2053 5262 mus
2078 5202 2554 5263 intentationem
2576 5197 2660 5257 33.
2696 5199 2780 5260 Ita
2811 5197 3145 5277 Stephanus
3168 5199 3560 5282 primus,ejus

1918 5290 2179 5369 vestigiis
2209 5289 2515 5367 insistens,
2560 5287 2702 5349 450
2752 5288 3101 5369 martyrium
3142 5307 3377 5370 passus,
3409 5288 3557 5354 Hie-

1919 5380 2230 5459 rosolymis
2260 5378 2335 5439 ab
2387 5377 2609 5458 iniquis
2660 5386 2996 5458 correptus,
3028 5387 3088 5441 et
3136 5378 3198 5441 in
3231 5380 3559 5445 concilium

1920 5466 2467 5549 ductus,lapidibus
2496 5465 2836 5549 obrutus,in
2867 5469 3110 5531 nomine
3141 5468 3360 5533 Christi
3382 5470 3565 5550 glori-

2328 5587 2390 5676 βο
2418 5587 2718 5676 Matthxi
2759 5587 2853 5650 l3.
2936 5584 2995 5676 "_
3010 5586 3228 5676 μειιιι.
3259 5606 3419 5676 xm,
3452 5594 3560 5659 55.
