4090 6204
223 308 343 378 949

972 311 1398 379 SYNTAGMA
1450 310 1848 379 CANONUM.
1909 345 1983 357 —
2050 309 2211 376 TIT.
2273 311 2444 392 XIII,
2490 312 2656 376 CAP.
2708 308 2843 374 XX.

3473 307 3596 383 950

220 445 412 524 χώραν
470 446 642 504 αὒτῶν
675 460 690 476 ⁸
742 443 888 503 ἓνθεν
941 443 1063 503 ἰδὼν
1097 447 1124 505 ὁ
1156 442 1440 522 αἱμοϐόρος
1475 435 1744 521 Ἠρώδης,
1780 444 1854 501 ὅτι

1952 445 2014 506 in
2041 442 2387 506 Bethlehem
2411 449 2468 506 et
2498 445 2564 506 in
2585 449 2751 507 omni
2775 445 2901 521 eius
2920 438 3245 523 conﬁnio,a
3267 441 3500 515 bimatu
3530 449 3590 515 et

222 534 521 616 ἐνεπαίχθη
579 536 681 592 ὑπὸ
736 541 841 592 τῶν
893 535 1107 611 μάγων,
1186 534 1431 608 ἐθυμώθη
1516 533 1633 591 λίαν
1668 552 1682 567 ⁶
1745 537 1863 591 λίαν

219 623 567 691 ἀποστείλας,
630 627 815 704 φησὶν,
875 623 1057 680 ἀνεῖλε
1101 624 1307 687 πάντας
1356 627 1480 689 τοὺς
1511 621 1709 688 παῖδας
1741 624 1863 689 τοὺς

220 712 277 770 ἂν
326 715 565 789 Βηθλεὲμ
594 717 682 771 καὶ
725 714 779 771 ἐν
823 720 954 771 πᾶσι
997 722 1117 776 τοῒς
1164 714 1327 786 ὁρίοις
1374 714 1567 785 αὐτῆς,
1625 713 1732 769 ἀπὸ
1775 711 1856 768 δι-

221 813 371 869 ετοῦς
428 805 516 860 καὶ
557 803 869 884 κατωτέρω,
921 804 1055 859 κατά
1098 803 1189 858 τὸν
1252 802 1452 881 χρόνον
1495 802 1553 858 ὃν
1596 799 1861 874 ἦιρίϐωσε

209 894 364 966 ,παρὰ
414 897 520 947 τῶν
550 893 738 971 μάγων
769 908 784 924 ⁸
831 890 951 966 μεθ’
993 893 1067 947 ὧν
1110 893 1203 947 καὶ
1235 892 1296 947 τὸ
1340 892 1443 968 πρὸ
1472 890 1630 949 αὐτοῦ
1661 911 1855 962 γεννη-

216 980 308 1038 θὲν
352 981 531 1060 ἕτερον
573 979 781 1038 παιδίον
821 982 1062 1053 ζητήσας
1106 981 1449 1049 ἀποκτεῖναι,
1511 978 1607 1035 καί
1644 980 1722 1054 μὴ
1766 980 1858 1035 εὖ·

1944 533 2320 610 t'nfrajuxta
2340 539 2572 612 tempus
2589 534 2745 611 quod
2764 551 2800 593 α
2822 535 3019 614 magis
3033 533 3351 610 diligenter
3363 533 3588 596 didice‘

1945 622 2291 685 rat46.Cum
2317 622 2555 703 quibus,
2578 632 2637 685 et
2657 624 2835 684 alium
2864 622 3026 701 prius
3048 630 3249 682 natum
3272 623 3585 700 infantem,

1944 729 2080 771 cum
2111 709 2541 774 interfecturus
2570 711 2944 791 quaesivisset
2974 720 3032 772 et
3064 729 3184 773 non
3230 711 3583 787 invenisset,

1944 807 2173 879 patrem
2209 803 2338 881 ejus
2384 800 2724 862 Zachariam
2757 800 3058 862 interfecit
3111 799 3267 861 inter
3295 800 3585 879 templum

1943 897 2000 951 et
2046 891 2253 965 altare,
2298 909 2432 951 cum
2465 890 2772 968 effugisset
2804 890 2963 951 ﬁlius
2992 908 3127 950 cum
3162 898 3351 951 matre
3381 889 3581 951 Elisa-

1943 980 2109 1042 beth.
2145 979 2315 1043 Unde
2346 998 2456 1041 nec
2488 979 2609 1041 ullo
2644 978 2820 1040 modo
2853 979 3402 1056 reprehenduntur.

216 1072 348 1149 ρὼν,
393 1073 484 1128 τὸν
552 1072 754 1149 πατέρα
813 1069 971 1127 αὐτοῦ
1042 1070 1314 1150 Ζαχαρίαν
1381 1069 1651 1148 ἐφονευσε,
1721 1066 1917 1142 μεταξὺ
1989 1075 2080 1126 τοῦ
2141 1077 2266 1127 ναοῦ
2336 1071 2422 1126 καὶ
2494 1079 2585 1128 τοῦ
2638 1070 3032 1149 θυσιαστηρίου,
3110 1068 3423 1149 ἒκρυγόντος
3496 1079 3589 1130 τοῦ

218 1158 429 1217 παιδίου
461 1161 597 1234 μετὰ
625 1159 721 1228 τῆς
752 1161 961 1238 μητρὸς
992 1157 1306 1217 Ἐλισάῦετο
1340 1157 1427 1237 ἐφ’
1448 1161 1523 1213 ὧν
1551 1156 1796 1231 οὒδεμίαν
1844 1156 2052 1232 μέμψιν
2085 1158 2273 1237 ἔσχον,

299 1247 362 1305 ιδ’
378 1294 391 1309 .
431 1251 489 1307 Εἰ
518 1248 575 1306 δέ
606 1270 742 1312 τινες
803 1251 920 1323 βίαν
974 1248 1185 1315 πολλὴν
1228 1249 1316 1305 καὶ
1366 1248 1607 1325 ἀνάγκην
1651 1247 1853 1303 πεπόν-

214 1340 361 1411 θασι,
424 1339 604 1418 χάμον
660 1336 913 1403 λαϐόντες
974 1337 1028 1394 ἐν
1076 1341 1155 1410 τῷ
1208 1337 1435 1411 στόματι
1481 1338 1569 1394 καὶ
1611 1335 1860 1411 δεσμοὺς,

213 1427 306 1484 καὶ
362 1426 727 1502 ἐπιμείναντες
756 1433 1027 1505 καρτερῶς
1071 1428 1140 1502 τῇ
1172 1424 1401 1482 διαθέσει
1458 1425 1558 1493 τῆς
1599 1427 1856 1499 πίστεως,

215 1516 308 1572 καὶ
360 1517 458 1578 τὰς
514 1528 712 1595 χεῖρας
778 1522 978 1584 καῆναι
1059 1514 1480 1593 προσαγομένων
1546 1515 1729 1571 ἀκοντὶ
1783 1521 1861 1588 τῷ

216 1603 419 1682 ἀνιέρῳ
460 1606 673 1679 θύματι,
721 1604 902 1683 ὥσπερ
955 1603 1045 1662 οὗν
1090 1602 1329 1681 ἔγραψάν
1386 1627 1476 1681 μοι
1521 1606 1569 1662 οἱ
1614 1604 1720 1661 ἀπὸ
1760 1608 1858 1669 τῆς

215 1692 461 1772 φυλακῆς
540 1694 917 1773 τρισμακάριοι
1004 1693 1265 1769 μάρτυρες
1321 1695 1440 1770 περὶ
1497 1699 1608 1749 τῶν
1678 1693 1735 1749 ὃν
1790 1697 1861 1768 τῇ

218 1780 411 1860 Λιϐύῃ,
466 1784 554 1839 καὶ
626 1781 798 1860 ἕτεροι
869 1781 925 1838 δὲ
996 1781 1416 1861 συλλειτουργοὶ,
1508 1784 1556 1838 οἱ
1627 1789 1859 1839 τοιοῦτοι

217 1871 726 1949 συμμαρτυρούντων
772 1871 959 1934 αὐτοῖς
1032 1869 1266 1946 μάλιστα
1322 1872 1411 1928 καὶ
1468 1876 1574 1926 τῶν
1618 1867 1858 1951 ἀδελφῶν

2020 1247 2117 1308 14.
2154 1245 2214 1310 Si
2246 1249 2346 1328 qui
2381 1256 2578 1310 autem
2614 1248 2729 1309 vim
2785 1248 3030 1309 multam
3065 1252 3123 1307 et
3154 1245 3580 1308 necessitatem

1948 1337 2103 1414 passi
2123 1339 2512 1419 sunt,quique
2538 1347 2597 1400 et
2619 1338 2678 1398 in
2704 1355 2808 1398 ore
2829 1337 3051 1398 ferrum
3075 1342 3138 1397 et
3163 1334 3396 1396 vincula
3416 1353 3587 1398 acce-

1948 1435 2187 1503 perunt,
2212 1437 2269 1488 et
2298 1438 2541 1509 propter
2570 1429 2784 1490 bonam
2819 1426 2958 1489 ﬁdei
3006 1424 3413 1500 affectionem,
3448 1441 3587 1487 suas

1944 1533 2181 1595 quoque
2214 1535 2424 1579 manus
2455 1517 2545 1579 uri
2581 1517 2814 1579 fortiter
2844 1516 3243 1596 pertulerunt,
3267 1516 3338 1576 ad
3378 1514 3583 1595 profa-

1942 1623 2083 1665 num
2115 1607 2475 1668 sacriﬁcium
2510 1608 2595 1668 eis
2626 1606 2829 1668 invitis
2858 1602 3583 1676 adductas.Quemadmo~

1942 1694 2083 1755 dum
2111 1695 2288 1772 igitur
2321 1696 2465 1757 mihi
2498 1697 2875 1777 scripserunt
2906 1713 2975 1757 ex
3007 1693 3278 1755 custodia
3308 1691 3585 1754 beatissi-

1942 1785 2022 1845 mi
2059 1795 2347 1864 martyres
2377 1787 2453 1848 de
2478 1787 2551 1847 iis
2579 1787 2677 1867 qui
2711 1793 2847 1847 sunt
2875 1785 2938 1846 in
2970 1782 3241 1863 Libya,et
3269 1781 3370 1841 alii
3401 1792 3584 1842 etiam

1942 1874 2000 1935 in
2032 1875 2217 1940 sacris
2246 1877 2666 1950 comministri;
2700 1875 2741 1936 ii
2773 1874 2951 1936 simul
2994 1870 3449 1934 testiﬁcantibus
3479 1888 3583 1932 re-

216 1964 323 2017 τῶν
380 1958 610 2034 λοιπῶν,
656 1958 902 2017 δύνανται
950 1960 1094 2018 εἶναι
1139 1959 1193 2016 ὲν
1246 1961 1314 2035 τῇ
1371 1959 1693 2039 λειτουργίᾳ,
1753 1981 1854 2016 τα-

1952 1964 2127 2041 liquis
2181 1985 2418 2046 quoque
2462 1965 2769 2037 fratribus,
2828 1969 3076 2043 possunt
3132 1977 3266 2021 esse
3318 1958 3380 2019 in
3411 1976 3584 2021 sacro

220 2050 439 2130 χθέντες
498 2051 554 2106 ἰν
594 2063 713 2115 τοῖς
777 2048 1177 2128 ὁμολογηταϊς,
1210 2050 1284 2109 ὡς
1319 2051 1404 2106 καὶ
1434 2052 1481 2107 οἱ
1511 2070 1857 2127 κατανεκρω-

215 2140 393 2206 θέντες
434 2139 488 2195 ἐν
530 2152 654 2205 ταῖς
710 2138 946 2201 πολλαῖς
1017 2139 1295 2218 βασάνοις,
1362 2141 1452 2196 καὶ
1513 2138 1710 2213 μηκέτι
1767 2138 1856 2204 ἐξ·

217 2230 534 2309 ισχύσαντες
567 2228 825 2303 λαλῆσαι,
884 2228 920 2296 ἢ
973 2228 1313 2309 φθέγξασθαι,
1350 2227 1386 2295 ἢ
1426 2228 1734 2302 κινηθῆναι,
1782 2230 1857 2291 εἷς

215 2319 277 2375 τὸ
319 2318 630 2386 ἀντιστῆναι
681 2330 802 2379 τοῖς
874 2319 948 2379 εἰς
999 2318 1176 2391 μάτην
1232 2314 1629 2388 ἑκϐιαζομένοις
1664 2335 1678 2351 '
1738 2315 1855 2375 οὐδὲ

216 2407 317 2484 γὰρ
360 2406 743 2484 συγκατέθεντο
798 2406 868 2482 τῇ
938 2393 1182 2483 βδελυρίᾳ
1253 2405 1449 2479 αὐτῶν,
1527 2405 1707 2482 ὥσπερ
1768 2404 1858 2462 οὖν

213 2498 360 2573 παρὰ
418 2495 840 2574 συλλειτουργῶν
883 2495 1048 2552 πάλιν
1088 2493 1294 2562 ἤκουσα
1328 2511 1342 2525 '
1406 2496 1745 2574 ταχθήσεται
1802 2492 1857 2551 δὲ

212 2586 271 2641 iv
326 2598 447 2649 τοῖς
504 2591 870 2663 ὁμολογηταις
930 2583 1024 2643 καί
1082 2590 1181 2646 πᾶς
1241 2585 1483 2641 ὁστισοῦν
1526 2584 1664 2640 κατά
1694 2581 1858 2657 Τιμό-

213 2675 333 2732 θεον
362 2672 748 2731 πολιτεύεται·
797 2674 1112 2748 πειθόμενος
1140 2674 1251 2730 -καὶ
1294 2673 1452 2736 αυτὸς
1495 2680 1576 2746 τῷ
1618 2671 1853 2751 λέγοντι,

221 2762 385 2819 Δίωκε
444 2762 499 2819 δὲ
556 2762 922 2835 δικαιοσύνην,
994 2759 1287 2835 εὐσέϐειαν,
1357 2761 1556 2826 πίστιν,
1612 2760 1852 2838 ἀγάπην,

214 2852 531 2926 ὑπομονὴν,
630 2850 994 2930 προσπάθειαν
1022 2900 1038 2930 ,
1146 2851 1403 2928 ἀγωνίζου
1501 2852 1593 2908 τὸν
1690 2850 1856 2907 καλὸν

216 2942 399 3019 ἀγῶνα
456 2942 552 3009 τῆς
609 2944 861 3021 πίστεως,
922 2938 1181 2997 ἐπιλαϐοὖ
1268 2943 1368 3007 τῆς
1420 2940 1631 2996 αἰωνίου
1683 2943 1852 3019 ζωῆς,

216 3032 288 3096 εἰς
323 3030 387 3098 ἣν
420 3030 655 3100 ἐκλήθης
697 3032 785 3087 καὶ
813 3028 1177 3107 ὡμολόγησας
1220 3030 1318 3096 τὴν
1360 3027 1533 3097 καλὴν
1564 3027 1853 3107 ὁμολογίαν

213 3119 443 3179 ὶνώπιον
472 3119 689 3179 πολλῶν
720 3120 1024 3197 μαρτύρων.

214 3209 488 3267 Βασιλείου
531 3212 706 3268 κανὼν
736 3209 806 3286 ζ’,
841 3209 921 3281 η’,
971 3206 1093 3309 ιη’,
1143 3206 1268 3309 μηδ’,
1321 3206 1406 3281 με’
1438 3204 1537 3281 ξίν
1585 3205 1694 3285 οβ’,
1741 3206 1848 3286 ⁰Υ’›

894 3291 1015 3362 πα’,
1061 3291 1179 3365 πγ“.

1944 2054 2281 2116 ministerio
2315 2058 2465 2116 inter
2521 2054 2900 2116 confessores
2955 2048 3257 2120 collocati,
3295 2057 3360 2108 ut
3391 2055 3449 2108 et
3482 2047 3585 2129 qui

1941 2143 2002 2204 in
2060 2144 2259 2205 multis
2319 2146 2634 2205 tormentis
2685 2141 2983 2204 fortiﬁcati
3016 2137 3261 2207 fuerint,
3298 2154 3417 2197 non
3448 2154 3583 2197 am-

1940 2232 2099 2312 plius
2128 2233 2447 2313 potuerint,
2481 2233 2572 2296 vel
2607 2233 2795 2312 loqui,
2828 2230 2919 2292 vel
2950 2229 3182 2298 dicere,
3204 2225 3296 2313 vel
3329 2225 3579 2300 moveri,

1940 2332 2004 2383 ut
2032 2312 2383 2384 resisterent
2412 2322 2486 2384 iis
2525 2320 2628 2402 qui
2672 2327 2784 2381 vim
2819 2320 3038 2381 frustra
3068 2312 3418 2377 efferebant.
3454 2316 3579 2377 Ne-

1941 2430 2058 2492 que
2089 2411 2249 2473 enim
2282 2430 2492 2474 eorum
2538 2401 2911 2491 improbitati
2941 2405 3173 2468 assensi
3202 2410 3361 2465 sunt.
3415 2401 3580 2492 Que-f

1943 2490 2325 2562 madmodum
2384 2519 2526 2580 ergo
2575 2490 2637 2561 ο
2666 2496 3096 2561 comministris
3144 2510 3363 2555 rursus
3384 2490 3583 2553 audivi

1940 2590 2497 2652 annnmerabuntur
2522 2590 2683 2650 inter
2704 2587 3117 2663 confessores;
3152 2589 3211 2644 et
3239 2581 3581 2662 quicunque

1942 2677 2270 2740 secundum
2304 2677 2684 2741 Timotheum
2736 2681 2911 2736 vitam
2947 2671 3220 2744 instituit,
3257 2686 3476 2750 parens
3524 2669 3580 2731 ei

1939 2785 2177 2847 quoque
2222 2768 2321 2848 qui
2381 2768 2526 2829 dicit
2560 2788 2573 2830 :
2611 2768 2980 2843 Persequere
2998 2760 3332 2840 justitiam,
3365 2761 3580 2838 pieta-

1939 2862 2080 2931 tem,
2104 2857 2309 2935 ﬁdem,
2334 2857 2740 2927 dilectionem,
2764 2851 3180 2922 tolerantiam,
3214 2851 3527 2912 lenitatem
3560 2869 3576 2910 :

1935 2955 2101 3010 certa
2127 2948 2450 3028 pulchrum
2473 2954 2781 3008 certamen
2818 2942 2965 3023 ﬁdei
2999 2960 3014 3005 :
3060 2937 3450 3019 apprehende
3477 2938 3580 3001 vi-

1939 3042 2061 3099 tam
2090 3037 2375 3101 cwlestem
2403 3038 2467 3098 in
2499 3052 2686 3116 quam
2732 3039 2982 3096 vocatus
3035 3048 3139 3102 es;
3191 3028 3251 3091 ei
3277 3028 3582 3105 confessus

1936 3142 2135 3190 coram
2163 3126 2371 3189 multis
2403 3124 2653 3189 testibus
2684 3122 3122 3201 confessionem
3147 3119 3230 3178 47.

1938 3215 2079 3311 ρὸϐ
2109 3216 2329 3276 Basilii
2358 3231 2615 3277 canones
2733 3212 2926 3356 8.8::1,
2960 3208 3063 3284 44,
3092 3209 3192 3284 45,
3226 3207 3328 3281 65,
3354 3208 3449 3283 72,
3473 3207 3576 3279 73.

291 3381 365 3453 ζ’.
421 3379 822 3460 Ἀῤῥενοφθόροι
901 3342 1015 3435 ﬁt,
1068 3342 1392 3457 ξίυοφθόροι,
1484 3376 1577 3431 καῖ
1628 3342 1847 3456 ἱῳονεῐς,

2644 3342 2743 3367 ω,
2779 3342 2879 3356 νυ.

2014 3386 2075 3448 7.
2106 3383 2506 3448 Masculorum
2540 3391 2599 3445 et
2627 3380 2976 3445 animalium
3008 3385 3576 3461 corruptores,etc.,

208 3492 272 3533 κ.
314 3493 366 3532 τ,
403 3469 459 3529 λ.

291 3560 372 3627 η’.
410 3552 469 3618 ¢0
498 3558 657 3635 ἀξίνῃ
688 3559 833 3627 παρὰ
862 3559 952 3614 τὸν
981 3558 1173 3633 θυμὸν,
1206 3577 1259 3614 κ.
1298 3578 1351 3619 τ,
1385 3555 1437 3615 λ.

292 3649 411 3724 μα’.
474 3640 538 3707 Ἠ
591 3648 647 3705 ἰν
691 3653 759 3725 τῇ
821 3647 1019 3728 χηρείᾳ
1075 3645 1322 3712 ἐξουσίαν
1381 3646 1576 3714 ἑαυτῆς
1623 3644 1849 3725 ἔχουσα,

207 3762 266 3801 κ.
300 3761 351 3797 τ.
387 3738 439 3798 λ.
854 3789 869 3796 -

292 3826 411 3902 μκ’,
459 3818 522 3883 Ἠ
576 3824 821 3892 διάκονος
864 3827 900 3894 ἦ
957 3830 1037 3900 τῷ
1098 3822 1334 3892 ’Ἐλληνι
1386 3825 1847 3903 συμπορνεύσασα,

207 3916 372 3986 δεκτή
417 3916 559 3972 ἑστιν
590 3918 664 3980 εἰς
697 3919 795 3983 τήν
844 3915 1130 3990 μετάνοιαν
1167 3928 1179 3944 ⁸
1231 3916 1305 3977 εἷς
1360 3911 1416 3970 δὲ
1462 3916 1561 3982 τὴν
1606 3937 1849 3994 προσφο-

210 4006 307 4086 ρὰν
341 4003 660 4084 δειχθήσεται
704 4005 781 4067 τῶ
823 4002 1035 4079 ἑϐδόμῳ
1079 4002 1217 4082 ἔτει,
1262 4001 1513 4071 δηλονότι
1566 4004 1620 4061 ἐν
1668 4003 1854 4080 ἁγνείᾳ

205 4103 359 4167 ζῶσα
386 4111 401 4125 ⁶
436 4097 463 4152 ὁ
510 4092 564 4150 δὲ
609 4094 747 4171 μετὰ
804 4102 904 4161 τὴν
952 4095 1129 4150 πίστιν
1170 4091 1381 4160 ’Έλλην
1413 4092 1573 4151 πάλιν
1606 4100 1672 4167 τῇ
1700 4096 1848 4171 ἱερο-

205 4185 361 4258 συλίᾳ
408 4187 666 4264 προσιὼν,
727 4184 814 4240 ἐπὶ
891 4186 984 4241 τὸν
1044 4181 1184 4240 ἴδιον
1243 4183 1435 4260 ἔμετον
1495 4183 1798 4263 ἐπιστρέφει
1832 4202 1845 4216 ⁸

204 4278 377 4350 ἡμεῖς
422 4274 478 4331 δὲ
523 4279 620 4342 τῆς
665 4272 915 4331 διακόνου
977 4273 1038 4328 τὸ
1095 4273 1252 4347 σῶμα
1300 4274 1374 4333 ὡς
1431 4273 1847 4351 καθιερωμένον,

204 4364 385 4423 οὖκὲτι
416 4367 771 4441 ἱπιτρέπομεν
803 4362 858 4419 ἐν
888 4363 1087 4443 χρήσει
1119 4362 1264 4419 εῖναι
1296 4368 1547 4441 σαρκικῇ.

288 4541 401 4617 με’.
439 4542 540 4606 ”Ος
599 4544 689 4598 ὶάν
733 4564 814 4606 τις
858 4542 920 4597 τὸ
964 4540 1135 4615 ὄνομα
1167 4537 1346 4597 λαϐὼν
1388 4539 1481 4597 τοῖ’)
1539 4546 1848 4613 Χριστιανι-

202 4639 344 4706 σμοῦ
397 4629 637 4710 ἐνυϐρίζη
692 4633 786 4687 τὸν
829 4637 1079 4709 Χριστον,
1131 4626 1282 4685 οὒδὲν
1331 4627 1525 4708 ὄφελος
1557 4631 1700 4702 αὐτῷ
1745 4629 1851 4686 ἀπὸ

202 4721 306 4789 τῆς
336 4721 728 4798 προσηγορίας.

289 4809 391 4876 Es’.
462 4819 502 4867 Ο
554 4811 806 4887 γοητείαν
866 4811 901 4877 ἣ
967 4808 1301 4889 φαρμακείαν
1361 4806 1712 4885 ἐξαγορεύων,
1757 4807 1848 4863 τὸν

202 4908 300 4959 τοῦ
357 4900 563 4980 φονέως
635 4897 830 4979 χρόνον
885 4897 1366 4975 ἐξομολογήσεται,
1416 4895 1584 4960 οὕτως
1638 4898 1849 4952 οἰκονο-

206 4991 499 5066 μούμενος,
575 4990 648 5053 ὥς
722 4988 775 5045 ἓν
861 4988 1047 5061 ἰκείνῳ
1127 4993 1203 5062 τῷ
1259 4987 1607 5066 ἁμαρτήματι
1664 4987 1851 5043 ἑαυτὸν

204 5079 427 5158 ἐλέγξας
438 5127 453 5141 .

286 5169 389 5245 οβ’,
442 5159 501 5227 Ὀ
546 5168 800 5243 μάντεσιν
845 5166 1035 5222 ἑαυτὸν
1079 5163 1343 5230 ἐπιδιδοὺς
1413 5161 1449 5231 ἤ
1509 5187 1612 5221 τισι
1669 5167 1848 5222 τοιού-

205 5279 347 5331 τοις,
390 5280 482 5316 τον
513 5259 715 5338 χρόνον
774 5261 882 5312 τῶν
938 5255 1142 5335 φονέων
1201 5255 1291 5312 καὶ
1348 5254 1506 5318 αὐτὸς
1557 5256 1853 5331 οἱκονομη-

206 5350 453 5418 θήσεται,

288 5436 395 5517 ογ’.
459 5429 517 5496 Ὀ
573 5439 665 5494 τὸν
725 5436 954 5513 Χριστὸν
1010 5433 1406 5515 ἀρνησάμενος,
1478 5434 1566 5491 καὶ
1612 5431 1853 5513 παραϐὰς

286 5643 352 5699 ιθ
378 5642 579 5710 Matth.
612 5659 678 5723 η,
715 5644 814 5707 l6.
900 5640 1014 5705 471
1051 5639 1210 5711 Tim.
1248 5656 1328 5718 vt,
1367 5640 1466 5717 11,
1500 5640 1598 5704 12.

1933 3482 2002 3539 ut
2021 3491 2163 3552 pag.
2198 3474 2342 3536 819.

2015 3564 2074 3626 8.
2109 3561 2221 3635 Qui
2244 3562 2318 3623 ob
2350 3559 2722 3622 iracundiam
2758 3558 2979 3627 securi,
3015 3561 3236 3625 etc..ut
3263 3573 3404 3635 pag.
3430 3554 3576 3620 922.

2013 3654 2079 3714 41
2100 3654 2266 3725 .Qnaa
2299 3650 2361 3711 in
2395 3650 2678 3711 viduitate
2707 3646 2891 3709 habet
2920 3646 3011 3709 sui
3041 3651 3575 3727 potestatem,etc.,

1933 3746 2003 3804 ut
2030 3758 2168 3821 pag.
2203 3740 2344 3802 899.
2377 3738 2381 3741 ’

2015 3832 2116 3893 44.
2151 3828 2498 3893 Diaconissa
2530 3845 2667 3908 quae
2695 3844 2830 3887 cum
2881 3823 3087 3888 Graeco
3122 3821 3415 3886 fornicata
3463 3831 3577 3900 est,

1935 3918 2010 3982 ad
2044 3919 2453 4000 paenitentiam
2505 3915 2878 3978 admittenda
2928 3922 3021 3976 est
3054 3931 3068 3977 :
3102 3913 3175 3975 ad
3209 3911 3581 3974 oblationem

1938 4026 2076 4070 vero
2136 4007 2491 4070 admittetur
2545 4023 2703 4066 anno
2756 4008 3035 4081 septimo,
3090 4002 3142 4064 si
3196 4000 3474 4062 videlicet
3516 4001 3579 4062 in

1933 4097 2204 4161 castitate
2234 4095 2407 4157 vitam
2443 4092 2857 4174 agatﬂmcus
2883 4101 3080 4154 autem
3105 4088 3208 4171 qui
3238 4099 3367 4170 post
3398 4089 3577 4151 ﬁdem

1932 4196 2239 4267 receptam
2289 4202 2502 4246 rursus
2560 4182 2633 4243 ad
2667 4181 3051 4260 sacrilegium
3084 4179 3337 4253 accedit,
3366 4178 3439 4241 ad
3473 4196 3577 4240 vo-

1936 4276 2145 4339 mitum
2172 4274 2512 4337 revertitur.
2550 4271 2668 4333 Nos
2725 4289 2903 4355 porro
2945 4268 3303 4331 diaconissae
3333 4285 3577 4349 corpus,

1933 4373 2141 4446 utpote
2172 4369 2610 4435 consecratum,
2653 4379 2772 4423 non
2793 4359 3056 4439 amplius
3090 4358 3487 4439 permittimus
3518 4358 3580 4418 in

1933 4473 2045 4516 usu
2074 4471 2207 4515 esse
2235 4450 2485 4513 carnali.

2012 4543 2114 4607 45.
2177 4543 2235 4604 Si
2298 4538 2455 4621 quis,
2512 4545 2759 4618 accepto
2817 4539 3061 4599 nomine
3111 4534 3575 4613 Christianismi,

1934 4631 2234 4695 Christum
2268 4628 2634 4690 contumelia
2664 4626 2866 4701 afﬁcit,
2924 4626 3071 4688 nihil
3108 4625 3164 4687 ei
3196 4623 3440 4705 prodest
3467 4643 3578 4706 ap-

1935 4721 2254 4881 pei‘igilgui
2288 4806 2620 4888 praestigias
2674 4807 2765 4868 vel
2823 4803 3180 4866 veneﬁcium
3232 4802 3576 4876 conﬁtetur,

1931 4900 1982 4961 is
2015 4897 2332 4962 homicidas
2364 4906 2603 4973 tempus
2636 4894 2693 4955 in
2728 4893 3084 4973 ptenitentia
3108 4890 3322 4961 ducet;
3357 4898 3416 4953 et
3439 4908 3579 4952 cum

1930 4990 2034 5051 illo
2062 4998 2291 5068 agetur,
2317 4987 2476 5048 velut
2506 5002 2640 5046 cum
2674 5001 2745 5044 eo
2775 4982 2880 5064 qui
2925 5000 2992 5044 se
3026 4982 3155 5062 ipse
3196 4981 3257 5042 in
3289 4981 3400 5042 hoc
3433 4997 3580 5059 pec-

1933 5086 2063 5142 cato
2096 5076 2313 5158 prodit.

2012 5156 2112 5230 7'2.
2147 5167 2258 5240 Qui
2293 5184 2357 5226 se
2400 5162 2640 5224 vatibus
2695 5163 2785 5224 vel
2837 5159 3138 5241 ejusmodi
3187 5157 3322 5220 aliis
3374 5156 3578 5233 tradit,

1933 5259 2065 5339 ipse
2097 5275 2333 5338 quoque
2364 5252 2686 5315 homicida;
2716 5260 2988 5333 tempore
3018 5247 3325 5331 punietur.

2015 5436 2114 5496 73.
2146 5431 2258 5506 Qui
2289 5430 2522 5511 negavit
2551 5428 2850 5493 Christum
2900 5438 2957 5492 et
2986 5428 3198 5492 salutis
3231 5418 3582 5510 mysterium
