4090 6204
513 335 626 405 951

1704 334 1972 399 ΡΗΟΤΙΙ
2017 333 2533 398 ΡΑΤΒΙΑΒῦΗιΕ
2575 333 2689 396 GP.

3771 326 3912 393 952

510 481 778 559 violavit,
812 489 932 547 toto
961 481 1092 544 vita
1113 497 1234 544 sum
1263 487 1534 560 tempore
1556 480 1729 560 ﬂere,
1761 490 1818 542 et
1849 480 2150 561 pceniten~

2254 480 2297 535 :s
2352 482 2451 544 τῆς
2509 477 2778 552 σωτηρίας
2841 474 3162 551 μυστήριον,
3222 472 3277 529 ἒν
3347 475 3505 530 παντὶ
3571 479 3650 545 τῷ
3708 475 3919 550 χρόνῳ

515 573 656 636 tiam
687 591 864 653 agere
917 572 1123 651 debet,
1173 570 1260 632 sic
1312 577 1540 643 tamen,
1579 578 1639 630 ut
1672 579 1939 648 tempore
1972 589 2090 648 quo
2125 587 2157 629 e

517 662 633 724 vita
664 661 924 740 excedit,
959 666 1334 722 sacramento
1385 658 1601 738 dignus
1649 657 1942 721 habeatur
1973 658 2047 719 ob
2083 657 2156 718 li-

517 751 653 814 dem
679 751 742 812 in
777 749 884 813 Dei
916 748 1324 812 clementiam.

597 927 696 993 8l.
730 927 1025 1002 Quoniam
1057 933 1255 990 autem
1302 926 1472 989 multi
1523 926 1584 988 in
1614 924 2013 989 Barbarorum
2066 925 2160 986 in-

519 1019 819 1091 cursione,
855 1027 1000 1097 etc.,
1033 1024 1101 1080 ut
1115 1035 1266 1098 pag.
1296 1016 1441 1079 926.

593 1108 694 1173 83.
751 1106 866 1180 Qui
922 1106 1322 1169 vaticinantur
1381 1114 1440 1168 et
1493 1105 1962 1168 consuetudines
2011 1122 2163 1185 gen-

514 1197 689 1279 tium,
724 1208 868 1276 etc.,
894 1204 963 1260 ut
990 1214 1132 1278 pag.
1169 1195 1310 1259 934.

785 1312 926 1374 457
959 1310 1249 1392 Gregorii
1278 1309 1537 1392 Νεμεεηί
1565 1328 1697 1393 cap.
1740 1318 1794 1386 1,
1831 1315 1890 1374 ἓ.

597 1420 656 1482 1.
689 1413 796 1481 His
823 1417 1027 1494 itaque
1058 1416 1172 1477 hoc
1222 1415 1400 1476 modo
1435 1414 1756 1488 distinctis,
1792 1431 2163 1496 quaecunque

2242 573 2341 634 τῆς
2398 571 2541 638 ζωῆς
2595 568 2752 622 αὒτοῦ
2809 564 3154 644 προσκλαίειν
3209 563 3438 640 δφείλει,
3488 566 3578 618 καὶ
3627 561 3915 635 ἐξομολο-

2242 661 2450 735 γεῖσθαι
2483 668 2758 735 χρεωστετ
2789 671 2802 685 ⁸
2839 655 2892 710 ἂν
2925 655 2998 727 τῷ
3030 657 3202 728 καιρῷ
3246 655 3290 726 ᾦ
3334 651 3567 708 ἐκϐαίνει
3598 661 3695 710 τοῦ
3750 652 3914 726 βίου,

2241 747 2332 802 τοῦ
2388 747 2717 822 ἀγιάσματος
2777 744 3085 820 ἀξιούμενος
3149 743 3325 798 πίστει
3394 745 3492 810 τῆς
3556 742 3703 820 παρά
3765 749 3919 799 Θεοῦ

2241 835 2658 915 φίλανθρώπιας.

2321 925 2441 988 πα’,
2491 923 2712 992 Ἐπειδὴ
2773 923 2827 981 δὲ
2883 922 3073 982 πολλοὶ
3105 922 3159 979 ἰν
3192 929 3260 1000 τῇ
3312 927 3418 977 τῶν
3463 919 3752 1000 βαρϐάρων
3799 942 3923 976 κα.-

2243 1013 2506 1093 ταδρομῆ,
2541 1039 2598 1078 κ.
2633 1037 2687 1077 τ.
2721 1014 2778 1075 λ.

2325 1101 2444 1182 πγ’.
2509 1108 2568 1164 Οἱ
2627 1105 3179 1179 καταμαντευόμενοι,

2244 1194 2350 1252 τῶν
2381 1195 2543 1252 ἐθνῶν
2570 1193 3061 1269 ἱξακολουθοῦντες,
3097 1216 3152 1256 κ,
3183 1215 3237 1254 τ.
3271 1192 3325 1255 λ.

3261 1102 3350 1160 καὶ
3408 1115 3529 1167 ταῖς
3589 1101 3926 1167 συνηθείαις

2605 1311 2897 1390 Γρηγορίου
2928 1311 3140 1378 Νόσσης
3171 1331 3293 1388 κεφ.
3328 1307 3406 1387 α’,
3435 1308 3511 1384 β’.

2325 1414 2400 1476 α’.
2447 1413 2657 1472 Τούτων
2724 1414 2898 1469 τοίνυν
2955 1413 3095 1470 κατὰ
3150 1414 3243 1469 τὸν
3298 1409 3585 1486 εἰρημένον
3656 1409 3930 1486 διευκρι-

518 1505 761 1590 quidem
796 1511 1038 1587 peccata
1064 1504 1295 1566 ratione
1328 1503 1638 1584 praeditam
1684 1510 1900 1565 animae
1934 1513 2159 1583 partem

2254 1504 2507 1570 νηθέντων
2534 1504 2757 1581 τρόπον,
2792 1501 2893 1558 ὅσα
2937 1502 3037 1576 μὲν
3079 1502 3444 1577 ἁμαρτήματα
3502 1506 3596 1556 τοῦ
3643 1499 3929 1575 λογιστι-

517 1588 838 1676 ίιιὶηειιηι,
864 1612 997 1656 esse
1024 1593 1297 1672 graviora
1327 1611 1362 1654 a
1393 1591 1664 1654 Patribus
1689 1593 1961 1674 judicata
1996 1602 2155 1670 sunt,

2254 1600 2338 1650 ιιοῦ
2376 1598 2476 1658 τῆς
2521 1597 2708 1672 ψυχῆς
2774 1591 3000 1648 ἅπτεται
3059 1590 3274 1669 μέρους,
3337 1588 3708 1669 χαλεπώτερα
3760 1590 3931 1660 παρὰ

521 1695 582 1749 et
611 1684 823 1765 majori
853 1702 921 1745 ac
952 1683 1373 1746 sullicientiori
1405 1692 1462 1744 et
1487 1682 1868 1744 laboriosiori
1904 1700 2160 1743 conver-

2254 1690 2349 1740 τῶν
2405 1682 2654 1760 Πατέρων
2712 1681 2919 1760 ἐκρίθη,
2993 1683 3079 1738 καὶ
3145 1681 3388 1756 μείζονος
3433 1681 3522 1735 καὶ
3578 1678 3930 1754 διαρκεστέο

520 1775 694 1836 sione
741 1774 921 1850 digna
960 1794 973 1831 :
1036 1772 1539 1854 quemadmodum
1601 1773 1650 1833 si
1709 1773 1842 1852 quis
1887 1773 2064 1833 fidem
2097 1771 2159 1832 in

2254 1795 2338 1836 nc
2367 1773 2465 1829 καί
2511 1771 2905 1848 ἐπιπονωτέρας
2955 1775 3052 1836 τήν
3095 1769 3422 1848 ἐπιστροφῆς
3468 1768 3586 1834 ἀξια
3624 1789 3637 1802 ·
3671 1769 3814 1824 οἷον
3866 1768 3930 1822 εἴ

519 1841 1117 1940 Christum'negavi't,
1141 1861 1231 1923 vel
1262 1863 1334 1922 ad
1393 1841 1788 1936 Judaismum,
1837 1862 1930 1923 vel
1964 1861 2159 1922 idolo-

2254 1884 2325 1926 τις
2357 1860 2628 1937 ἠρνήσατο
2659 1861 2759 1928 τὴν
2791 1841 2865 1923 είς
2925 1861 3156 1936 Χριστὸν
3213 1841 3417 1932 πίστιν,
3463 1859 3498 1926 ἢ
3557 1860 3695 1934 πρὸς
3764 1859 3931 1919 ’1ου-

522 1971 658 2016 rum
713 1952 962 2026 cultum,
1027 1951 1115 2012 vel
1176 1951 1710 2024 Manichreismum,
1775 1951 1864 2010 vel
1924 1949 2161 2030 aliquod

2254 1949 2497 2026 Βαϊσμὸν,
2524 1951 2559 2018 ἢ
2591 1952 2723 2028 πρὸς
2781 1948 3210 2025 είδωλολατρίαν,
3240 1952 3275 2017 ἢ
3311 1951 3442 2024 πρὸς
3476 1949 3929 2028 Μανιχατσμόν,

521 2041 682 2105 aliud
713 2041 1035 2120 impietatis
1092 2059 1284 2121 genus
1340 2042 1670 2104 descivisse
1735 2043 1894 2103 visus
1928 2044 2026 2113 sit,
2064 2041 2161 2121 qui

2254 2043 2282 2110 ἢ
2329 2042 2460 2117 πρὸς
2505 2039 2635 2096 ἄλλο
2680 2063 2728 2097 τι
2768 2047 3010 2097 τοιοῦτον
3055 2039 3240 2102 ἀθείας
3293 2037 3466 2112 εἶδος,
3514 2036 3933 2110 αὖτομολήσας

524 2130 858 2194 voluntarie
883 2131 1123 2211 quidem
1151 2149 1214 2192 se
1238 2131 1308 2192 ad
1337 2131 1394 2191 id
1423 2131 1638 2192 malum
1669 2131 2161 2209 contulit,deinde

2254 2131 2421 2209 ἐφάνη
2451 2145 2464 2159 ⁶
2526 2129 2555 2184 ὃ
2605 2129 2702 2202 μὲν
2734 2129 2987 2192 ἑκουσίως
3020 2128 3105 2185 ἰπὶ
3137 2130 3197 2184 τὸ
3227 2134 3469 2184 τοιοῦτον
3499 2127 3762 2204 ὁρμήσας
3811 2150 3939 2182 κα-

525 2221 794 2298 seipsum
845 2219 1289 2292 condemnavit,
1325 2229 1508 2281 totum
1564 2228 1803 2300 tempus
1833 2222 1959 2282 vitae
1992 2221 2169 2281 habet

525 2308 891 2393 paenitentiae
924 2317 1176 2389 tempus.
1225 2308 1537 2389 Nunquam
1600 2309 1784 2380 enim,
1822 2311 1872 2370 si
1922 2311 2168 2388 mystica

523 2407 849 2480 peragatur
875 2397 1088 2477 oratio,
1122 2397 1309 2459 Deum
1351 2416 1471 2459 una
1499 2415 1634 2459 cum
1672 2399 1892 2478 potiulo
1921 2402 2168 2460 adorare

525 2487 743 2565 dignus
791 2486 1160 2565 censebitur,
1217 2487 1322 2548 sed
1375 2505 1647 2548 seorsum
1701 2487 2090 2567 precabitur;
2135 2507 2169 2548 a

527 2583 1038 2637 sacramentorum
1068 2582 1267 2636 autem
1319 2575 1744 2637 communione
1773 2578 2018 2637 omnino
2053 2577 2168 2638 erit

526 2665 795 2739 alienus;
861 2667 922 2724 in
971 2665 1115 2725 hora
1148 2672 1347 2726 autem
1383 2665 1476 2726 sui
1508 2683 1542 2726 e
1574 2665 1690 2726 vita
1720 2681 2029 2731 excessus.
2066 2684 2167 2726 sa-

526 2753 817 2816 cramenti
849 2754 1287 2816 communionis
1319 2755 1433 2814 erit
1481 2754 1803 2834 particeps.
1836 2756 1937 2818 Sin
1970 2763 2165 2816 autem

529 2842 844 2920 contigerit
872 2851 932 2904 ut
963 2843 1012 2903 is
1045 2851 1261 2921 praeter
1290 2862 1455 2923 spem
1488 2843 1662 2916 vivat,
1697 2845 1758 2905 in
1791 2845 2000 2906 eodem
2027 2863 2163 2905 rur-

528 2951 631 2995 sus
654 2929 810 2994 vivet
833 2931 1089 3012 judicio,
1123 2933 1506 3012 mysticorum
1551 2945 2058 2994 sacramentorum
2091 2935 2163 2995 ad

525 3023 661 3084 vitae
690 3022 912 3083 exitum
947 3040 1137 3098 usque
1190 3039 1426 3102 expers.
1481 3021 1592 3095 Qui
1623 3033 1820 3084 autem
1856 3025 2167 3086 tormentis

525 3120 586 3174 et
641 3111 915 3190 gravibus
967 3111 1280 3192 suppliciis
1330 3114 1684 3187 excruciati,
1744 3114 1782 3174 ii
1839 3116 2163 3194 prwstiluto

525 3208 799 3281 tempore
855 3199 1204 3281 punientur,
1263 3203 1486 3262 sanctis
1548 3203 1821 3265 Patribus
1851 3206 1936 3264 sic
1968 3204 2024 3263 in
2059 3224 2161 3266 eos

2254 3201 2428 3280 χρόνῳ
2497 3205 2898 3275 ἑπετιμήθησαν
2933 3219 2948 3234 ·

525 3288 848 3352 clementia
907 3289 1051 3364 usis,
1109 3298 1385 3369 tanquam
1439 3292 1638 3352 anima
1696 3312 1813 3353 non
1865 3294 2031 3374 lapsa
2061 3296 2158 3370 sit,

524 3377 633 3441 sed
659 3378 988 3459 corporalis
1017 3377 1403 3440 imbecillitas
1435 3383 1750 3442 tormentis
1785 3402 1896 3444 nou
1933 3384 2164 3445 restite-

518 3468 620 3532 rit.
673 3468 869 3540 Quare
929 3486 1208 3530 mensura
1255 3487 1466 3530 eorum
1524 3471 1624 3550 qui
1658 3471 1717 3531 in
1767 3472 2164 3535 fornicatione

521 3568 869 3639 peccarunt,
905 3565 963 3618 et
986 3557 1039 3618 vi
1065 3557 1393 3638 dolereque
1417 3578 1710 3639 expressa
1743 3564 2161 3645 transgressio,

518 3646 584 3710 in
612 3646 1030 3722 conversione,
1065 3647 1276 3711 eodem
1309 3649 1499 3729 spatio
1532 3650 1805 3712 dimensa
1835 3662 1944 3715 est.

599 3825 640 3888 2
672 3823 784 3908 [3].
821 3824 933 3898 Qui
956 3826 1027 3887 ad
1061 3826 1644 3906 praestigiatores,vel
1666 3837 1826 3889 vates
1859 3829 2162 3911 abierunt,

519 3915 612 3979 vel
643 3933 746 3978 eos
775 3915 878 3996 qui
927 3933 1036 3996 per
1065 3915 1377 3977 daemones
1429 3935 1494 3978 se
1529 3917 1764 3998 piacula
1795 3921 2066 3999 quaedam
2102 3931 2161 3982 et

520 4005 864 4068 aversiones
895 4011 1249 4083 operaturos
1283 4005 1686 4084 pollicentur;
1745 4007 1786 4068 ii
1821 4019 2030 4070 exacte
2061 4013 2158 4071 in-

519 4100 900 4174 terrogantur
955 4100 1011 4154 et
1064 4095 1499 4168 examinantur,
1557 4107 1757 4158 utrum
1820 4099 1878 4158 in
1934 4100 2048 4160 (ide
2100 4101 2158 4162 iu

521 4181 822 4246 Christum
883 4192 1328 4260 permanentes,
1382 4203 1414 4243 a
1466 4185 1827 4247 necessitate
1861 4189 2055 4267 aliqua
2087 4191 2157 4250 ad

519 4271 671 4333 illud
706 4279 1014 4350 peccatum
1071 4271 1210 4329 458
1267 4271 1513 4351 impulsi
1559 4283 1719 4345 sunt,
1757 4295 1888 4336 cum
1921 4278 2162 4340 aﬂlictio

517 4361 720 4439 aliqua
749 4357 842 4418 vel
873 4357 1267 4421 intolerabilis
1292 4361 1527 4440 jactura
1557 4363 1716 4425 hunc
1747 4365 1866 4426 illis
1896 4368 2161 4428 animum

517 4447 882 4526 indidisset;
917 4465 992 4508 an
1023 4449 1270 4510 omnino
1303 4451 1578 4530 neglecto
1627 4454 1784 4533 quod
1821 4456 1992 4517 nobis
2023 4475 2160 4518 cre-

515 4537 708 4601 ditum
762 4543 852 4598 est
901 4535 1265 4614 testimonio,
1324 4542 1398 4602 ad
1433 4541 1774 4604 daemonum
1807 4546 2156 4607 societatem
2184 4539 2426 4619 οτυρίου

518 4645 588 4691 se
615 4625 1002 4689 contulerunt
1055 4624 1119 4688 Si
1175 4629 1335 4690 enim
1387 4629 1463 4691 ad
1499 4630 1679 4692 fidem
1717 4633 2158 4714 inﬁrmanilam,

519 4727 582 4782 ot
609 4715 764 4800 quod
812 4717 999 4778 Deum
1053 4735 1186 4780 esse
1219 4737 1336 4780 non
1371 4720 1711 4794 crederent,
1765 4723 1924 4802 quia
1954 4724 2160 4785 Chris-

521 4807 702 4873 tianis
730 4805 994 4870 creditur
1030 4816 1087 4869 et
1127 4808 1431 4883 adoratur,
1465 4809 1613 4872 illud
1652 4811 1954 4886 fecerunt,
1991 4823 2166 4875 erunt

517 4897 751 4962 scilicet
781 4903 1189 4974 apostatarum
1218 4898 1450 4977 judicio
1505 4897 1772 4964 obnoxii.
1827 4900 1930 4963 Sin
1964 4912 2161 4964 autem

518 5007 639 5052 non
673 4985 922 5049 ferenda
951 4987 1280 5050 necessitas
1309 4987 1534 5070 aliqua,
1568 4990 1781 5071 pusillo
1835 5000 1893 5052 et
1929 4993 2161 5071 abjecto

515 5095 723 5141 eorum
753 5077 952 5136 animo
983 5086 1289 5159 snperato,
1351 5096 1422 5139 eo
1481 5079 1732 5141 deduxit
1783 5080 1929 5141 falsa
1959 5085 2160 5162 aliqua

518 5181 626 5245 spe
647 5162 960 5236 deductos;
995 5164 1276 5227 similiter
1302 5165 1415 5227 erit
1446 5173 1505 5227 et
1530 5166 1589 5228 in
1613 5165 1780 5247 ipsos
1812 5169 2159 5244 clementia,

517 5251 706 5314 instar
734 5267 942 5312 eorum
1004 5253 1109 5332 qui
1147 5255 1460 5317 tormentis
1490 5255 1550 5316 in
1585 5264 1854 5337 tempore
1915 5259 2155 5322 confes-

518 5339 706 5405 sionis
734 5339 1021 5402 resistere
1051 5361 1169 5406 non
1201 5354 1544 5425 potuerunt.

601 5517 756 5615 Lege
781 5539 916 5615 qua}
943 5528 1220 5588 annotata
1266 5531 1402 5588 sunt
1432 5523 1493 5588 in
1536 5541 1666 5609 cap.
1700 5527 1780 5590 95
1812 5527 1898 5591 tit.
1934 5528 1973 5592 9
2004 5545 2158 5609 prse-

515 5608 710 5666 sontis
737 5608 962 5686 operis.

2251 2222 2369 2291 κὸν,
2405 2221 2529 2274 εἶτα
2563 2218 2861 2295 καταγνοὺς
2911 2219 3124 2289 ἑαυτοῦ,
3179 2219 3376 2297 χρόνον
3428 2219 3520 2272 τὸν
3575 2222 3680 2282 τῆς
3737 2239 3939 2289 μετα-

2250 2309 2393 2371 νοίας
2427 2308 2546 2387 ἔχει
2595 2305 2717 2362 ἔλον
2749 2309 2841 2362 τὸν
2869 2316 2967 2378 τῆς
3012 2307 3155 2377 ζωῆς
3187 2307 3347 2363 αὖτοῦ
3380 2325 3394 2339 ’
3459 2303 3578 2362 οὐδέ
3624 2325 3774 2361 ποτε
3822 2307 3940 2381 γὰρ

2252 2402 2516 2474 μλστικῆς
2551 2395 2970 2469 ἐπιτελουμένης
3004 2399 3199 2475 εὒχῆς,
3235 2397 3372 2471 μετά
3401 2403 3494 2452 τοῦ
3545 2394 3681 2452 λαοῦ
3739 2416 3934 2467 προσ·

2249 2488 2476 2553 κυνῆσαι
2553 2487 2643 2542 τὸν
2725 2487 2856 2542 Θεὸν
2931 2483 3299 2559 καταξιοῦται,
3377 2483 3515 2541 ἀλλά
3584 2485 3932 2557 καταμόνας

2249 2577 2347 2650 μὲν
2377 2575 2600 2652 εὔξεται,
2631 2579 2730 2643 τῆς
2759 2573 2813 2631 δὲ
2844 2576 3124 2638 κοινωνίας
3174 2581 3282 2631 τῶν
3342 2574 3732 2653 ἀγιασμᾶτων,
3773 2577 3928 2629 καθ-

2249 2665 2376 2722 όλου
2431 2665 2712 2741 ἀλλότριος
2770 2664 2918 2721 ἔσται
2959 2680 2973 2695 ⁸
3038 2664 3092 2721 tv
3151 2662 3206 2720 δὲ
3251 2668 3320 2740 τῇ
3383 2664 3493 2740 ὥρα
3549 2667 3652 2723 τῆς
3725 2662 3929 2727 ἐξόδου

2249 2757 2430 2828 αὐτοῦ,
2463 2753 2583 2810 τότε
2617 2759 2716 2821 τῆς
2747 2765 2840 2814 τοῦ
2869 2755 3205 2830 ἀγιάσματος
3239 2751 3450 2828 μερίδος
3483 2750 3861 2821 ἀξιωθήσεται
3905 2771 3921 2786 ⁸

2249 2846 2294 2900 si
2336 2842 2391 2899 δὲ
2436 2841 2669 2918 συμϐαίη
2703 2844 2828 2920 παρ’
2861 2843 3048 2900 ἐλπίδα
3078 2849 3238 2916 ζῆσαι
3297 2845 3477 2922 αυτὸν,
3512 2842 3678 2897 πάλιν
3729 2846 3792 2897 ἒν
3838 2850 3927 2917 τῷ

2247 2933 2390 3006 αὒτῷ
2445 2935 2664 3009 κρίματι
2725 2931 3069 2990 διαϐιώσεται
3125 2933 3400 3012 ἀμέτοχος
3457 2938 3563 2987 τῶν
3621 2939 3926 2990 μυστικῶν

2247 3024 2598 3099 ἀγιασματων
2633 3022 2798 3104 μέχρι
2843 3028 2942 3093 τῆς
2986 3022 3164 3088 ἐξόδου
3225 3024 3507 3100 γινόμενος
3535 3036 3550 3051 ’
3586 3024 3638 3076 οἱ
3700 3019 3765 3076 δὲ
3821 3023 3930 3098 βε-

2247 3114 2426 3176 σάνοις
2459 3114 2544 3168 καὶ
2600 3113 2879 3189 τιμωρίαις
2925 3116 3204 3193 χαλεπαῖς
3259 3110 3614 3184 αἱκισθέντες,
3652 3113 3714 3166 ἰν
3765 3114 3927 3188 ῥητῷ

3040 3202 3180 3259 οὔτω
3255 3209 3363 3258 τῶν
3419 3201 3581 3278 ἀγίων
3654 3204 3930 3278 Πατέρηον

2245 3291 2608 3372 φιλανθρωπία
2652 3291 2738 3348 ἐπ’
2797 3293 2970 3352 αὐτῶν
3021 3291 3418 3371 χρησαμένων,
3453 3294 3527 3354 ὡς
3558 3293 3688 3370 οὐχὶ
3726 3295 3930 3371 ψυχῆς

2246 3382 2609 3460 γεγενημένης
2634 3381 2688 3437 ἐν
2720 3383 3006 3456 πτώματι,
3041 3381 3181 3438 ἀλλὰ
3225 3381 3323 3448 τῆς
3377 3382 3702 3453 σωματικῆς
3757 3383 3928 3438 ἀσθε-

2246 3475 2391 3532 νείας
2444 3475 2579 3549 πρὸς
2639 3473 2732 3538 τὰς
2789 3473 2962 3535 αἰκίας
3021 3473 3116 3528 οὒκ
3191 3471 3558 3550 ἀντισχούσης
3599 3490 3613 3504 ο
3692 3469 3787 3528 διὸ
3849 3480 3929 3546 τῷ

2249 3562 2428 3638 μέτρορ
2487 3569 2593 3617 τῶν
2664 3565 2720 3617 ἒν
2800 3562 3016 3638 πορνείᾳ
3099 3559 3641 3638 πλημμελησάντων,
3717 3564 3816 3618 καὶ
3889 3566 3921 3630 ἡ

2247 3649 2574 3729 βεϐιασμένη
2637 3673 2687 3708 τε
2744 3653 2833 3708 καὶ
2876 3650 3142 3715 ἂπὼδυνος
3189 3648 3489 3730 παράϐασις
3549 3649 3605 3706 ἐν
3669 3653 3747 3728 τῇ
3782 3653 3916 3709 ἑπι-

2249 3748 2452 3822 στροιρῇ
2482 3743 2875 3819 συνεμετρήθη.

2328 3833 2405 3907 β’.
2432 3834 2491 3889 Οἱ
2520 3829 2574 3887 δὲ
2605 3834 2737 3906 πρὸς
2770 3831 2975 3908 γόητας
3006 3830 3322 3902 ἀπιόντις,ἢ
3356 3830 3642 3904 μάντιος,ἢ
3669 3832 3804 3893 τοὺς
3827 3831 3914 3889 διὰ

2242 3920 2508 3996 δαιμόνων
2566 3921 2826 3996 καθάρσιά
2883 3943 3001 3977 τινα
3058 3922 3149 3976 καὶ
3208 3921 3692 3997 ἀποτροπιασμοὺς
3753 3923 3911 3999 ἐνερε-

2245 4025 2364 4086 γεϊν
2394 4009 2881 4089 ὑπισχνουμένους,
2939 4009 3082 4067 οὗτοι
3138 4009 3439 4085 ἐρωτῶνται
3499 4007 3568 4065 δι’
3626 4009 3912 4085 ἀκριὸεὲας

2245 4099 2750 4172 καὶάνακρίνονται,
2810 4099 3037 4174 πότερον
3093 4098 3437 4162 ὶπιμένοντες
3493 4095 3561 4171 τῇ
3625 4099 3703 4158 είς
3772 4105 3910 4156 Χει-

2245 4191 2371 4244 στὸν
2425 4189 2595 4244 πίστει
2638 4185 2726 4244 ὄπ’
2782 4187 3023 4264 ἀνάγκης
3079 4189 3224 4251 τινὸς
3259 4189 3674 4266 συνηνέχθησαν
3723 4187 3912 4263 ἐκείνῃ

2245 4284 2313 4354 τῇ
2382 4278 2636 4355 ἁμαρτίᾳ,
2699 4277 2990 4341 κακώσεώς
3059 4297 3202 4338 τινος
3267 4276 3302 4344 ἢ
3364 4275 3639 4354 ἀφορήτου
3699 4279 3911 4351 ζημίας

2245 4368 2444 4430 ταύτην
2475 4370 2663 4430 αὐτοτς
2699 4367 2794 4434 τὴν
2823 4367 2997 4444 ὁρμὴν
3055 4366 3415 4438 ἐμποιούσης,
3447 4365 3483 4433 ἢ
3528 4365 3773 4426 καθόλου
3803 4389 3909 4423 κα-

2243 4458 2673 4532 ταφρονήσαντες
2735 4465 2826 4515 τοῦ
2883 4455 3308 4529 πεπιστευμένου
3361 4452 3486 4524 παρ’
3533 4454 3693 4528 ἡμῶν
3760 4478 3908 4530 μαρ-

2433 4593 2449 4624 ,
2512 4551 2579 4621 τῇ
2649 4545 2755 4601 τῶν
2813 4544 3080 4619 δαιμόνων
3134 4545 3418 4624 συμμαχίᾳ
3473 4543 3852 4622 προσέδραμον
3890 4567 3904 4582 ’

2249 4635 2423 4710 εἰμὲν
2481 4635 2579 4711 γὰρ
2636 4634 2722 4690 ἐπὶ
2777 4634 3024 4703 ἀθετήσει
3073 4639 3171 4700 τῆς
3207 4634 3462 4711 πίστεως,
3508 4634 3605 4689 καί
3655 4638 3797 4708 πρὸς
3848 4637 3907 4691 τὸ

2249 4727 2326 4800 μὴ
2389 4725 2660 4780 πιστεύειν
2717 4725 2862 4780 εἶναι
2920 4726 3050 4781 Θεὸν
3105 4726 3195 4780 τὸν
3234 4725 3377 4799 παρά
3427 4728 3533 4778 τῶν
3567 4730 3908 4798 Χριστιανῶν

2246 4813 2730 4892 προσκυνούμενον,
2790 4816 2969 4870 ἒκεϊνο
3026 4813 3308 4883 ἐποίησαν,
3384 4811 3592 4879 δηλαδὴ
3651 4822 3734 4886 τῷ
3785 4817 3906 4892 κρί-

2245 4927 2372 4978 ματι
2429 4905 2537 4961 τῶν
2593 4903 2946 4982 παραϐάντων
3033 4905 3442 4983 ὑπαχθήσονται
3478 4921 3496 4939 ⁶
3555 4905 3602 4959 εἰ
3678 4902 3739 4960 δέ
3824 4928 3904 4967 τις

2245 4991 2577 5056 ἀϐάστακτος
2635 4992 2843 5070 ἀνάγκη
2917 4994 3372 5069 κατακρατήσασα
3451 4998 3551 5057 τῆς
3615 4999 3902 5069 μικροψυ-

2245 5082 2369 5162 χίας
2420 5083 2622 5154 ἀυτῶν,
2667 5083 2739 5148 εἰς
2798 5088 2954 5138 τοῦτο
3010 5083 3286 5160 προήγαγε
3343 5079 3430 5136 δια
3481 5103 3627 5140 τινος
3688 5083 3908 5150 ἠπατη-

2245 5171 2416 5246 μένης
2474 5169 2687 5233 ἆλπίδος
2733 5171 3255 5250 παρακρουσθέντας,
3303 5170 3557 5234 ὡσοότως
3612 5170 3772 5227 ἔσται
3819 5176 3908 5228 καὶ

2245 5259 2331 5318 ἐπ’
2382 5262 2554 5318 avitch
2612 5262 2646 5327 ἡ
2694 5258 3083 5340 φιλανθρωπία,
3129 5259 3247 5316 καθ’
3277 5261 3580 5334 ὁμοιότητα
3629 5261 3741 5318 τῶν
3774 5265 3906 5339 πρὸς

2243 5351 2336 5416 τὰς
2377 5351 2638 5426 βασάνους
2678 5349 2732 5406 ἓν
2785 5356 2863 5425 τῷ
2911 5353 3081 5428 καιρῷ
3126 5349 3221 5417 τῆς
3267 5349 3565 5427 ὁμολογίας
3614 5350 3908 5434 ἀντισχεῖν

2244 5441 2322 5517 μὴ
2352 5439 2678 5507 δυνηθέντων
2689 5485 2702 5500 .

2323 5531 2710 5612 Ἀνάγδωθιτά
2736 5529 3149 5610 παραγρανρὲντα
3181 5528 3238 5587 ἐν
3268 5535 3346 5604 τῷ
3389 5526 3473 5586 κε’
3536 5552 3670 5612 amp.
3737 5536 3830 5592 τοῦ
3857 5535 3906 5592 θ’

2241 5613 2346 5676 τίτ.
2380 5621 2469 5674 τοῦ
2497 5611 2757 5693 παρόντος
2788 5613 3193 5693 συντάγματος.
