3944 6222
182 298 286 369 953

908 294 1332 362 SYNTAGMA
1387 294 1795 362 CANONUM.
1845 319 1932 342 -
1967 295 2122 360 TIT.
2169 296 2342 378 XIII,
2400 296 2566 362 CAP.
2612 295 2776 362 XXI.

3413 298 3531 369 956

251 440 492 500 ΚΕΦΑΛ.
523 434 674 496 'KA’.
707 467 786 484 --
835 435 960 514 Περὶ
997 439 1280 502 σκηνικῶν
1333 434 1424 491 καὶ
1473 435 1652 511 μίμων
1710 453 1778 490 κα

1965 431 2133 495 CAP.
2166 429 2315 496 XXI.
2349 466 2427 479 —
2455 434 2543 497 De
2569 435 2824 497 scenicis
2845 441 2902 496 et
2943 435 3147 500 mimis
3177 441 3359 521 atque
3388 437 3530 507 alii:

180 535 272 587 τῶν
297 528 492 604 ὁμοίων
520 525 952 602 μετανοούντων.

395 616 626 675 Συνόδου
667 614 1039 694 Καρθαγὲννης
1075 616 1249 672 κανὼν
1281 612 1428 694 pg",
1462 611 1564 692 ξγ⁹.

250 710 364 785 Περὶ
419 713 694 775 σκηνικῶν
765 707 1167 777 μετανοούντων
1252 707 1342 763 καὶ
1399 702 1796 781 ἐπιστεφόντων

179 800 296 876 πρὸς
328 796 533 876 Κύριον.

249 887 381 963 pg".
425 887 598 945 ’Ὥστε
639 899 761 950 τοῖς
806 898 1087 954 σκηνικοῖς
1147 883 1244 942 καῒ
1301 885 1485 960 μίμοις
1547 883 1634 942 καὶ
1676 895 1795 949 τοῖς

178 977 372 1042 λοιποῖς
447 977 875 1054 τοιουτοτρόποις
950 974 1258 1052 προσώποις
1323 975 1360 1044 ἢ
1440 974 1793 1052 ἀποστάταις,

177 1074 470 1144 μετανοοῦσι
540 1069 629 1125 καὶ
686 1065 1062 1146 ἐπιστρέφουσι
1138 1068 1265 1143 πρὸς
1331 1066 1485 1142 Θεὸν,
1550 1064 1712 1144 χάριν
1758 1063 1794 1132 ἢ

174 1155 501 1234 καταλλαγὴν
532 1158 610 1232 μὴ
642 1156 941 1234 ἀρνεῖσθαι.

315 1247 434 1321 Περὶ
459 1250 570 1302 τῶν
600 1253 779 1318 μίμων
809 1250 914 1300 τῶν
945 1242 1240 1321 γινομένων
1271 1244 1622 1323 Χριστιανῶν.

242 1333 336 1412 ξγ’.
372 1336 496 1412 Περὶ
537 1339 737 1392 τούτων
766 1333 845 1391 ἔτι
878 1334 988 1408 μὴν
1032 1333 1247 1401 αἰτῆσαι
1276 1331 1381 1406 δεῖ,
1433 1332 1527 1389 ’ἱνα
1576 1332 1668 1389 ἆάν
1694 1353 1795 1398 ιτις

174 1422 219 1491 ἐξ
279 1422 584 1491 οίουδήποτε
673 1421 1032 1500 παιγνιώδους
1118 1421 1563 1502 ἐπιτηδεύματος,
1659 1423 1790 1500 πρὸς

171 1513 255 1580 τὴν
307 1515 397 1570 τοῦ
449 1518 874 1590 Χριστιανισμοῦ
927 1512 1088 1591 γάριν
1159 1511 1335 1570 ὶλθεῖν
1401 1511 1643 1586 θελήσοι,
1700 1512 1790 1568 καὶ

171 1603 414 1680 ὶλεύθερος
473 1601 568 1659 ἀπ’
629 1603 845 1658 εκείνων
903 1605 1012 1657 τῶν
1086 1601 1291 1658 σπίλων
1355 1600 1653 1676 διαμεῖναι,
1708 1602 1787 1677 μὴ

169 1692 269 1759 ἰξὸν
306 1692 444 1749 εἶναι
489 1714 600 1748 τινι
659 1691 750 1749 τὸν
805 1698 1044 1748 τοιοῦτον
1085 1693 1217 1768 πρὸς
1260 1691 1328 1748 τὰ
1390 1691 1518 1749 αὐτὸ
1576 1692 1788 1770 γυμνά-

170 1803 328 1856 σματα
355 1781 518 1841 πάλιν
546 1781 928 1858 προτρέπεσθαι
957 1781 992 1848 ἢ
1026 1781 1467 1856 καταναγκάζειν,

381 1869 610 1929 Συνάδου
642 1872 1018 1945 οἷκουμενικῆς
1051 1869 1215 1935 ἕκτης
1247 1871 1422 1926 κανὼν
1449 1869 1556 1931 να’.

240 1959 340 2025 va’.
399 1961 642 2021 Καθόλου
684 1960 1002 2039 ἀπαγορεύει
1041 1961 1075 2028 ἡ
1132 1960 1254 2037 ἁγία
1284 1959 1418 2027 αὕτη
1461 1962 1547 2018 καὶ
1604 1961 1786 2018 οἰκου-

167 2053 341 2128 putarit
395 2049 636 2124 σύνοδος,
724 2052 845 2116 τοὺς
922 2048 1243 2127 λεγομένους
1325 2053 1518 2125 μίμους
1580 2052 1666 2107 καὶ
1721 2050 1789 2107 τὰ

163 2143 346 2200 τούτων
385 2143 604 2219 θέατρα,
652 2137 727 2196 ’ἐτι
788 2161 849 2216 γε
906 2147 1016 2214 μὴν
1074 2141 1160 2195 καὶ
1226 2139 1292 2195 τὰ
1359 2145 1465 2196 τῶν
1525 2141 1788 2218 κυνηγίων

161 2233 355 2308 Θεώρια,
388 2232 478 2288 καὶ
521 2231 616 2292 τὰς
661 2229 748 2286 ἐπὶ
790 2234 995 2296 σκηνῆς
1054 2229 1311 2308 ὀρχήσεις
1371 2229 1731 2286 ἐπιτελεῖσθαι
1767 2248 1780 2263 ’

163 2326 200 2379 εί
236 2321 286 2379 δέ
324 2345 400 2385 τις
459 2323 556 2378 τοῦ
613 2321 880 2399 παρόντος
953 2318 1174 2381 κανόνος
1219 2321 1639 2398 καταφρονήσει,
1697 2319 1785 2374 καὶ

161 2413 275 2490 πρός
327 2434 374 2469 τι
435 2411 627 2467 ἑαυτὸν
679 2416 787 2467 τῶν
861 2407 1314 2486 ἀπηγορευμένων
1363 2409 1563 2465 τούτων
1623 2406 1782 2482 ἐκδῷ,

159 2503 198 2558 εί
223 2502 310 2573 μὲν
342 2499 603 2579 κληρικὸς
647 2498 742 2568 εἴη
787 2499 1133 2578 καθαιρείσθω
1169 2514 1182 2528 '
1219 2500 1264 2554 εἰ
1307 2497 1362 2554 δὲ
1392 2496 1610 2574 λα’ἰκὸς,
1675 2498 1783 2577 ἅφ-

159 2591 406 2666 οριζέσθω.

227 2672 285 2737 Ἣ
310 2680 395 2759 λγ¹
425 2678 572 2738 διάτ.
602 2685 697 2736 τοῦ
725 2676 772 2734 δ’
802 2677 906 2741 τίτ,
939 2683 1035 2735 τού
1066 2675 1120 2734 α’
1169 2674 1313 2752 βιὸλ,
1367 2686 1461 2737 τοῦ
1498 2675 1630 2735 κώδ.
1686 2679 1781 2734 καί

155 2769 312 2848 incf,
340 2775 433 2826 καί
468 2771 505 2838 ἠ
542 2768 620 2825 κθ⁹
647 2775 744 2824 τοῦ
773 2765 817 2822 δ’
849 2768 952 2826 τίτ.
986 2774 1079 2824 τοῦ
1110 2764 1154 2822 ε’
1185 2764 1329 2843 βιϐλ.
1391 2767 1478 2823 καὶ
1511 2768 1546 2834 ἡ
1577 2765 1662 2843 λβ⁹
1697 2767 1784 2822 καὶ

157 2859 287 2934 μς,
316 2858 560 2937 μεγάλας
589 2858 775 2922 ποινὰς
837 2856 1176 2936 ἐπιφέρουσαι
1225 2870 1342 2919 τοῖς
1393 2853 1782 2936 πορνοϐοσκοῖς

154 2951 230 3004 καὶ
294 2963 406 3014 τοῖς
457 2949 824 3026 ἀναγκάζουσι
877 2945 1068 3009 δούλας
1120 2947 1155 3015 ἢ
1213 2947 1486 3024 ἐλευθέρας
1545 2958 1782 3002 συνεῖναι

152 3038 321 3114 μίμοις
366 3040 402 3108 ἢ
446 3039 692 3116 θεάτροις
735 3038 1112 3112 προίστασθαι,
1158 3036 1254 3094 καί
1313 3035 1544 3095 διδόασιν
1601 3034 1782 3093 ἄδειαν

1883 521 2250 603 hujusmodi,
2281 527 2590 604 siquando
2621 530 3063 604 eos-paeniteat.

2018 613 2281 675 Concilii
2311 613 2821 694 Carthaginiensis
2849 632 3112 679 canones
3144 617 3241 688 46,
3277 618 3380 680 63.

1967 701 2053 764 De
2078 704 2333 766 scenicis
2363 707 2466 782 qui
2517 715 2768 767 vomunt
2797 707 2878 766 ad
2904 709 3326 788 pwnilcntium
3354 714 3409 770 et
3445 709 3526 773 ad

1879 790 2212 854 Dominum
2238 802 2699 857 converlunlur.

1955 881 2034 942 46
2065 881 2138 963 [‘1]
2168 881 2242 946 Ut
2269 883 2526 946 scenicis
2556 893 2615 945 et
2660 884 2862 947 mimis
2908 894 3086 966 atque
3135 886 3269 949 aliis
3303 887 3524 967 hujus-

1880 972 2043 1034 modt
2075 973 2165 1035 vel
2195 975 2479 1054 apostatis
2529 973 2630 1052 qui
2685 976 2757 1036 ad
2806 976 3216 1056 paenitentiam
3252 978 3520 1052 veniunt,

1879 1071 1939 1124 et
1968 1063 2040 1123 ad
2075 1065 2262 1127 Deum
2313 1074 2741 1128 convertuntur
2766 1065 2955 1144 gratia
2986 1075 3045 1128 et
3073 1065 3368 1128 absolutio
3399 1087 3522 1131 non

1879 1151 2276 1233 denegentur.

2123 1246 2212 1306 De
2245 1244 2649 1308 histrionibus
2679 1244 3050 1308 Christianis
3071 1247 3276 1325 factis.

1955 1332 2057 1397 73.
2089 1331 2162 1394 Et
2189 1333 2264 1395 de
2293 1334 2388 1396 his
2421 1335 2481 1385 l8
2511 1335 2689 1396 etiam
2727 1335 3073 1416 petendum,
3109 1343 3178 1399 ut
3206 1337 3256 1398 si
3287 1336 3421 1418 quis
3445 1356 3520 1400 ex

1878 1421 2140 1502 qualibet
2191 1423 2423 1485 ludicra
2476 1435 2604 1486 arte
2662 1426 2732 1485 ad
2771 1425 3235 1488 Christianitatis
3265 1429 3515 1501 gratiam

1873 1511 2076 1573 venire
2107 1514 2384 1584 voluerit,
2419 1533 2484 1575 ac
2517 1515 2672 1575 liber
2700 1514 2774 1577 ab
2806 1516 2910 1577 illa
2932 1515 3170 1577 macula
3204 1534 3514 1596 permane-

1870 1618 1958 1676 re,
1994 1620 2112 1663 non
2147 1621 2284 1663 eum
2346 1602 2521 1665 liceat
2552 1625 2582 1662 ιι
2616 1623 2916 1686 quoquam
2950 1605 3167 1668 iterum
3197 1606 3271 1668 ad
3302 1605 3513 1670 eadem

1873 1692 2208 1754 exercenda
2236 1692 2448 1756 reduci
2475 1693 2565 1756 vel
2597 1694 2751 1774 cogi.

2153 1873 2418 1950 aoncilii
2446 1873 2806 1936 cccumcm'ci
2835 1889 2893 1934 v1
2923 1890 3118 1936 canon
3147 1873 3249 1936 51.

1948 1962 2050 2024 51.
2076 1959 2335 2025 Omnino
2369 1963 2649 2039 prohibet
2701 1964 2827 2024 haec
2873 1972 3084 2027 sant-ta
3115 1973 3171 2025 et
3201 1963 3515 2027 universa-

1868 2051 1942 2114 lis
1971 2052 2228 2132 synodus
2260 2052 2399 2112 459
2443 2072 2569 2114 eos.
2608 2052 2711 2132 qui
2745 2052 3026 2114 dicuntur
3057 2056 3298 2127 mimos,
3325 2064 3515 2116 eteo-

1871 2161 2002 2204 rum
2062 2143 2445 2222 spectacula;
2501 2142 2726 2203 deinde
2812 2143 3200 2204 venationum
3278 2162 3516 2225 quoque

1868 2231 2294 2309 spectationes,
2327 2241 2507 2307 atque
2558 2232 2618 2292 in
2662 2249 2843 2292 scena
2873 2233 3222 2294 saltationes
3264 2232 3416 2294 ﬁeri.
3451 2230 3514 2295 Si

1871 2319 2002 2401 quis
2031 2330 2226 2381 autem
2262 2330 2615 2400 przesentem
2647 2339 2936 2383 canonem
2963 2322 3413 2399 contempserit,
3454 2329 3512 2383 et

1867 2428 1934 2472 se
1964 2409 2138 2470 alicui
2171 2427 2376 2470 eorum
2437 2428 2569 2492 quae
2624 2419 2768 2472 sunt
2823 2411 3025 2484 vetita,
3061 2411 3317 2485 dederit,
3349 2410 3403 2472 si
3436 2417 3514 2472 sit

1867 2500 2107 2580 quidem
2141 2499 2426 2575 clericus,
2479 2499 2857 2580 deponatur;
2909 2500 2960 2561 si
2991 2517 3128 2563 vero
3163 2499 3372 2576 laicus,
3407 2518 3511 2562 se-

1865 2602 2170 2670 gregetur.

1957 2680 2195 2743 Τρωίας.
2229 2678 2478 2743 Constit.
2513 2678 2616 2755 33,
2653 2679 2740 2740 tit.
2776 2681 2834 2749 4,
2871 2679 2978 2744 lib.
3005 2698 3024 2744 ι
3055 2679 3189 2742 cod.
3219 2688 3277 2742 et
3314 2679 3424 2743 193
3453 2689 3511 2744 et

1866 2768 2006 2848 129,
2044 2770 2130 2833 tit.
2157 2770 2220 2849 4,
2247 2769 2355 2830 lib.
2385 2789 2442 2845 v,
2477 2781 2536 2831 et
2564 2770 2665 2850 3:2,
2694 2781 2755 2831 et
2785 2771 2886 2839 46.
2926 2788 3168 2848 magnas
3201 2788 3404 2849 pinnas
3427 2768 3508 2832 ir-

1865 2867 2076 2937 rogant
2106 2857 2444 2932 lenonibus,
2480 2859 2682 2934 iisque
2711 2859 2813 2941 qui
2865 2860 3112 2921 ancillas
3163 2858 3252 2920 vel
3286 2859 3506 2922 liberas

1865 2967 1997 3009 cum
2034 2947 2234 3009 mimis
2266 2949 2357 3009 vel
2383 2948 2497 3029 [in]
2531 2949 2783 3012 theatris
2813 2949 3180 3027 conversari,
3228 2958 3330 3012 aut
3361 2966 3502 3030 pro-

1863 3049 2055 3100 strare
2084 3049 2324 3118 cogunt:
2351 3046 2409 3100 et
2433 3038 2781 3111 recedendi,
2801 3038 3219 3121 dotalibusque
3253 3039 3505 3116 [instru-

153 3133 321 3193 αύταῖς
375 3129 718 3208 ἀναχωρεῖν,
796 3130 885 3185 καὶ
967 3127 1105 3201 μετὰ
1172 3133 1409 3205 προικῶν
1471 3127 1776 3205 ζεύγνυσθαι

1956 3131 2081 3190 εηιίε
2111 3129 2672 3209 intervenientibus]
2703 3132 2880 3191 etiam
2927 3127 3266 3190 illustribus
3290 3129 3339 3190 si
3367 3147 3504 3208 pos-

150 3218 226 3274 καί
263 3217 676 3294 ἆξιωματικοῖς,
706 3219 751 3274 εἰ
779 3217 1080 3289 δυνηθεῖεν,
1108 3219 1200 3274 καὶ
1227 3224 1324 3284 τῆς
1353 3218 1566 3292 ἀτιμίας
1597 3217 1776 3274 ἀπαλ-

150 3304 408 3365 λέττεσθαι
443 3325 458 3341 ’
499 3312 631 3382 περὶ
665 3307 720 3364 δὲ
769 3314 1032 3374 σκηνικῶν
1089 3309 1178 3364 καὶ
1233 3310 1466 3387 θεωριῶν
1509 3309 1598 3364 καὶ
1639 3329 1775 3382 πορο

153 3396 630 3479 νοόοσκῶν,ἷδικός
661 3398 772 3454 ἐστι
819 3398 920 3456 τίτ.
979 3399 1006 3454 6
1061 3396 1155 3472 μα’
1199 3405 1294 3455 τοῦ
1351 3397 1426 3454 ια’
1483 3395 1629 3475 βιϐλ.
1688 3404 1780 3455 τοῦ

155 3485 270 3551 κώδ,
311 3490 486 3556 σκηνὴ
550 3485 606 3544 δέ
655 3490 826 3560 ἔστιν,
880 3485 999 3542 ἔνθα
1047 3507 1128 3551 τις
1187 3485 1403 3544 ἵσταται
1453 3487 1489 3555 ἢ
1548 3500 1776 3544 κινεῖται

152 3579 390 3646 σκηνικὴν
419 3576 854 3649 ἐπιδεικνύμενος
898 3576 1126 3654 τέχνην,
1175 3575 1289 3634 εἴτε
1344 3576 1398 3633 ἐν
1452 3575 1696 3652 δημοσίῳ
1741 3578 1776 3647 ἢ

146 3664 374 3724 ἰδιωτικῶ
423 3668 582 3739 τόπῳ
635 3666 670 3734 ἢ
700 3667 873 3744 ἀγρῷ,
936 3665 1056 3722 ἔνθα
1099 3666 1282 3739 μέντοι
1342 3665 1514 3747 χύδην
1571 3669 1618 3724 οἰ
1675 3665 1774 3723 ἅν-

146 3757 326 3829 θρωποι
355 3754 443 3812 διὰ
473 3757 602 3814 θέαν
633 3756 860 3811 εἰσίασιν
891 3771 908 3789 ⁶
960 3755 1142 3832 ἄτιμοι
1193 3754 1247 3811 δέ
1304 3757 1403 3812 εἰσι
1449 3758 1667 3833 πάντες,
1727 3762 1775 3815 οἱ

144 3841 218 3900 διὰ
242 3846 397 3924 πόρον
426 3848 502 3911 εἰς
538 3845 726 3922 ἀγῶνα
753 3847 1056 3924 κατιόντες,
1120 3847 1208 3903 καὶ
1249 3848 1296 3902 οἱ
1341 3845 1426 3903 διὰ
1467 3846 1777 3927 φιλοτιμίαν

146 3931 218 3989 ἐπί
255 3936 454 4004 σκηνῆς
493 3935 812 4010 προσιόντες
850 3950 864 3963 ⁸
926 3937 954 3990 6
1013 3933 1066 3990 δὲ
1126 3935 1400 4004 μισθώσας
1454 3937 1641 3994 ἑαυτὸν
1701 3941 1776 4002 είς

143 4027 409 4100 παιγνικὴν
472 4025 708 4102 τέχνην,
767 4025 858 4080 καὶ
914 4023 992 4098 μὴ
1051 4024 1470 4098 ἐπιδειξάμενος,
1503 4029 1600 4085 οὒκ
1657 4027 1776 4085 ἀτι-

145 4121 312 4184 μοῦται
345 4129 360 4144 ⁸
393 4116 485 4170 καὶ
543 4115 573 4169 6
629 4113 814 4168 ἐαυτὸν
857 4112 1134 4188 μισθώσας
1180 4117 1254 4178 εἰς
1315 4116 1376 4170 τὸ
1428 4119 1775 4198 θηριομαχῆ-

142 4221 245 4281 σαι,
303 4205 348 4260 εί
403 4205 484 4279 μὴ
539 4203 603 4258 τὸ
647 4203 831 4280 θηρίον
871 4204 1046 4282 τυχὶν
1104 4203 1228 4261 λέον
1283 4203 1484 4280 ἥμερος
1529 4207 1772 4285 γέγονεν,

141 4288 398 4367 ἆτιμοῠται
435 4309 449 4324 ⁶
487 4293 556 4349 οὗ
585 4314 695 4366 μην
725 4293 753 4348 6
812 4290 938 4349 ἄνευ
999 4297 1188 4368 μισθοῦ
1228 4295 1670 4376 θηριομαχιίοας,
1729 4291 1774 4353 εἶ

143 4379 210 4452 μὴ
262 4380 447 4440 λαϐεῖν
498 4383 558 4439 ἰν
613 4388 691 4455 τῷ
723 4384 960 4456 κυνηγίῳ
990 4382 1300 4463 φιλοτιμίαν
1331 4385 1624 4467 ἠνέσχετοο
1660 4389 1688 4444 6
1718 4385 1773 4443 δὲ

1862 3224 2002 3291 sint,
2028 3218 2289 3279 nubendi
2311 3229 2664 3298 potestatem
2691 3219 2937 3283 faciunt.
2965 3219 3048 3280 De
3075 3221 3330 3280 scenicis
3362 3236 3504 3281 vero

1862 3309 2222 3386 spectaculis
2241 3317 2301 3370 et
2323 3309 2646 3371 lenonibus
2669 3309 2952 3391 Specialis
2973 3309 3062 3370 tit.
3090 3318 3181 3371 est
3203 3312 3302 3383 41,
3329 3308 3435 3370 lib.
3463 3326 3506 3372 It

1863 3398 1998 3458 cod.
2025 3397 2208 3458 Porro
2230 3416 2412 3460 scena
2432 3409 2544 3472 est,
2580 3399 2679 3460 ubi
2711 3399 2845 3481 quis
2877 3399 3171 3470 consistit,
3201 3408 3502 3461 movetur-

1861 3505 1978 3568 que
2001 3486 2412 3548 histrionicum
2444 3497 2634 3550 artem
2669 3488 2988 3558 exhibens,
3021 3489 3144 3548 sive
3174 3489 3232 3548 in
3267 3487 3502 3568 publico

1861 3577 2157 3656 privatove
2187 3576 2341 3648 loco,
2374 3578 2495 3638 sive
2521 3577 2581 3639 in
2605 3577 2761 3639 vico:
2787 3578 2848 3639 in
2866 3595 3042 3658 quem
3079 3587 3276 3638 tamen
3305 3577 3503 3638 locum

1861 3666 2084 3747 passim
2109 3665 2386 3728 homines
2406 3667 2736 3747 spectaculi
2758 3685 2937 3729 causa
2957 3665 3508 3729 conveniuntJnl‘a-

1861 3774 1988 3818 mes
2016 3766 2210 3818 autem
2237 3757 2758 3837 sunt,quicunque
2781 3767 3044 3837 quaestus
3065 3775 3240 3818 causa
3271 3755 3333 3816 in
3365 3773 3503 3817 cer-

1861 3855 2056 3911 tamen
2075 3846 2540 3924 descendunt,et
2570 3855 2818 3927 propter
2841 3847 3150 3928 prmmium
3177 3846 3237 3906 in
3260 3863 3503 3908 scenam

1860 3937 2404 4016 prodeunt.Verum
2437 3938 2537 4018 qui
2562 3955 2628 3998 se
2659 3937 2730 3998 ad
2765 3947 2959 4000 artem
2997 3933 3505 4018 Iudicram[exbi-

1861 4027 2140 4108 bendam]
2168 4025 2345 4102 locat,
2374 4045 2574 4103 neque
2606 4025 2828 4106 prodit,
2861 4046 2979 4088 non
3012 4033 3269 4087 notatur.
3305 4027 3380 4088 Et
3401 4024 3504 4106 qui

1859 4116 2122 4199 seipsum
2141 4118 2318 4191 locat,
2343 4128 2404 4179 ut
2427 4136 2562 4178 cum
2587 4116 2797 4179 bestiis
2819 4117 3140 4196 depugnet:
3176 4114 3293 4177 nisi
3314 4114 3506 4177 bestia

1861 4207 1953 4270 leo
1977 4207 2152 4282 forte,
2187 4209 2377 4270 aliave
2399 4207 2691 4289 quaepiam
2717 4207 2817 4283 sit,
2851 4225 2985 4287 quas
3007 4211 3319 4267 mansueta
3351 4205 3505 4267 facta

1857 4306 1968 4359 est.
2003 4296 2130 4360 Non
2152 4299 2289 4360 item
2316 4299 2419 4376 qui
2443 4297 2580 4359 sine
2605 4297 2886 4360 mercede
2903 4316 3036 4360 cum
3063 4295 3275 4358 bestiis
3305 4295 3503 4375 depu-

1855 4389 2069 4467 gnarit:
2092 4389 2205 4450 nisi
2229 4390 2287 4450 in
2311 4407 2492 4450 arena
2516 4388 2904 4450 honorarium
2933 4385 3272 4468 [quiddam]
3288 4402 3503 4465 capere

141 4473 389 4566 μισθώσας
423 4472 641 4544 ἑαυτὸν,
687 4470 786 4528 κᾶν
829 4473 908 4545 μὴ
957 4475 1376 4555 θηριομαχήσῃ,
1435 4476 1722 4551 ἀτιμοῦται
1754 4496 1769 4513 ⁶

1965 4478 2351 4551 tinuerit.Qui
2375 4497 2442 4540 se
2467 4479 2705 4548 locavit,
2740 4479 2971 4541 etiamsi
2996 4496 3129 4538 cum
3155 4475 3362 4538 bestiis
3384 4493 3503 4536 non

144 4556 194 4612 οὗ
222 4560 322 4631 μὴν
375 4564 403 4616 ὁ
453 4564 648 4635 μισθὸν
707 4559 994 4636 λαμϐάνων
1052 4562 1136 4620 ἰπὶ
1189 4571 1265 4638 τῷ
1321 4565 1770 4642 καταπολεμῆσαι

141 4647 298 4720 θηρίον
340 4649 530 4715 ἔξωθεν
579 4650 832 4728 κυνηγίου
876 4655 975 4718 τὴν
1023 4653 1289 4733 ἐπαρχίαν
1321 4653 1564 4730 βλάπτον
1598 4671 1613 4687 ⁸
1676 4660 1772 4715 οὐκ

142 4733 238 4792 ἔστι
294 4736 349 4794 δὲ
405 4742 672 4816 παιγνική
745 4738 918 4820 τέχνη
981 4740 1100 4798 οὔτε
1183 4744 1501 4816 ἁτιμοποιὸς
1559 4748 1594 4814 ἡ
1664 4752 1770 4802 τῶν

138 4824 360 4892 ἀθλητῶν
387 4830 479 4884 καὶ
523 4833 630 4883 τῶν
662 4827 720 4885 λε
740 4830 932 4907 ιόντων
961 4834 1017 4887 ἣν
1048 4845 1166 4895 τοῖς
1208 4829 1528 4906 Ὀλυμπίοις
1580 4835 1644 4892 τὰ
1674 4838 1767 4892 ἒν-

136 4914 287 4990 θύρια,
347 4918 434 4972 καὶ
486 4923 598 4974 τῶν
664 4917 718 4972 ἐν
790 4918 959 4993 ξυστῴ
1017 4922 1454 5002 ἀγωνιζομένων,
1515 4926 1601 4982 καὶ
1665 4926 1768 4982 τῶν

136 5001 383 5085 ἦνιύιων,
428 5008 520 5063 καὶ
580 5006 687 5062 τῶν
743 5006 924 5074 ἄλλως
979 5012 1380 5088 ὑπουργούντων
1430 5017 1486 5072 ἓν
1535 5029 1653 5079 τοῖς
1685 5019 1766 5073 ἱε-

136 5106 237 5168 ροῖς
286 5096 482 5174 ἀγῶσι,
544 5098 630 5154 καὶ
673 5098 778 5154 τῶν
820 5100 1108 5177 βαινόντων
1166 5102 1303 5182 ὕδωρ
1357 5117 1478 5170 τοῖς
1542 5105 1761 5182 ἵπποις,

136 5185 210 5240 καὶ
259 5187 362 5242 τῶν
414 5183 722 5272 βραϐευτῶν
755 5206 773 5224 ⁸
819 5192 1137 5269 προαγωγός
1189 5195 1335 5251 ἔστιν
1387 5198 1414 5252 6
1445 5199 1608 5272 πόρον
1639 5199 1761 5253 αἶσ-

138 5273 254 5363 χρὸν
281 5273 386 5331 ἀπὸ
413 5271 534 5330 δού)
549 5297 621 5332 ων
658 5276 688 5346 ἢ
718 5277 1008 5358 ὶλευθὲρων
1037 5283 1387 5358 ποιούμενος,
1448 5282 1561 5341 εἴτε
1606 5307 1760 5363 πρω-

135 5361 353 5429 τοτύπως
439 5368 601 5420 τοῦτο
683 5371 1140 5445 πραγμιτεύεται,
1231 5373 1345 5429 εἴτε
1406 5361 1760 5454 προσχήματι

135 5451 481 5532 πραγματείας
531 5452 720 5533 ἐτέρας
784 5457 1010 5540 ἔχειτὰ
1049 5470 1285 5522 τοιαῦτα
1340 5451 1628 5545 πρόσωπα,
1683 5467 1758 5532 ὡς

181 5638 270 5696 ll
287 5636 699 5714 cunmm.
731 5660 792 5717 ο.
812 5646 926 5716 80.

1856 4565 2593 4648 depugnet,n0tatur.Non
2619 4577 2812 4629 tamen
2838 4569 3011 4629 etiam
3033 4569 3131 4647 qui
3159 4566 3500 4626 mercedem

1854 4659 2033 4737 capit,
2073 4668 2134 4718 ut
2162 4658 2346 4719 feram
2382 4677 2520 4735 quae
2551 4659 2780 4737 regioni
2813 4667 3012 4728 nocet,
3060 4665 3228 4716 extra
3251 4670 3499 4715 arenam

1853 4746 2174 4827 depugnet.
2237 4746 2418 4809 Plane
2475 4749 2857 4816 athletarum,
2895 4755 2954 4806 et
2984 4745 3083 4825 qui
3119 4745 3178 4804 in
3211 4742 3500 4821 Olympiis

1853 4837 2210 4899 oblectantia
2232 4838 2534 4915 dicunt,et
2555 4837 2658 4917 qui
2685 4835 2744 4896 in
2771 4844 2938 4914 xysto
2966 4829 3498 4908 decertant.agita-

1853 4935 2044 4988 torum
2071 4929 2304 5000 item,et
2326 4927 2424 5006 qui
2447 4945 2660 5007 aquam
2683 4924 2857 5004 equis
2877 4918 3501 5002 spargunt,4t30alio-

1849 5035 2103 5096 rumque
2133 5017 2234 5097 qui
2295 5018 2354 5078 in
2412 5017 2602 5077 sacris
2665 5011 3099 5075 certaminibus
3126 5011 3496 5085 deserviunt,

1851 5116 1911 5167 et
1939 5106 2300 5186 [postremo]
2333 5105 2783 5183 designatorum
2816 5119 2912 5162 ars
2963 5099 3196 5162 ludicra
3227 5119 3346 5162 non
3379 5107 3496 5177 est,

1847 5214 2044 5276 neque
2065 5193 2657 5274 ignominiosa.Leno
2685 5200 2797 5266 est,
2823 5190 2926 5266 qui
2947 5198 3181 5270 turpem
3203 5198 3497 5268 quaestum

1845 5304 1916 5347 ex
1967 5285 2154 5346 servis
2193 5284 2281 5345 vel
2318 5283 2530 5344 liberis
2559 5280 2698 5343 facit
2739 5301 2752 5341 :
2787 5280 2909 5343 sive
2937 5280 3350 5362 principaliter
3378 5281 3494 5342 hoc

1846 5375 2146 5452 negotium
2168 5373 2490 5452 gerat,sive
2509 5372 2755 5435 alterius
2771 5371 3194 5452 negotiationis
3209 5378 3498 5451 pretextu

1840 5462 2180 5528 istiusmodi
2229 5481 2522 5546 personas
2555 5460 2806 5543 habeat;
2836 5469 2898 5524 ut
2929 5458 3120 5543 [puta,
3155 5461 3236 5546 si]
3271 5477 3490 5545 caupo,
