4090 6204
463 295 578 376 955

1643 302 1912 378 ΡΗΟΤΙΙ
1953 301 2471 377 PATBIARCHE
2514 311 2629 378 CP.

3725 315 3849 383 956

461 459 556 522 vel
586 456 970 535 stabularius,
1006 459 1099 524 vel
1131 458 1441 524 balneator
1473 460 1629 543 [sit].
1664 460 1854 523 Etiam
1911 461 2012 542 qui
2044 460 2103 522 in

2204 460 2465 536 κάπηλος,
2513 462 2546 530 ἢ
2604 460 2933 542 πανδοχεὺς,
2977 461 3015 532 ἢ
3056 459 3346 539 βαλανεὺς,
3397 462 3483 520 καὶ
3532 461 3559 520 ὃ
3599 463 3854 541 γενόμε-

462 551 751 613 servitute
782 550 918 613 leno
952 550 1194 625 fuit,ubi
1231 551 1382 614 liber
1404 551 1592 613 factus
1614 551 1980 623 est,infamia
2004 570 2105 612 no-

464 647 646 704 tatur.
679 639 816 702 Haec
850 641 1053 702 omnia
1083 649 1220 702 sunt
1260 642 1317 702 in
1351 641 1459 704 lib.
1495 642 1676 717 Itt,tit.
1707 643 1764 717 l,
1799 641 2014 720 digest.
2049 645 2104 714 1;

463 739 521 790 et
556 728 644 789 tit.
678 729 741 800 2.
775 729 992 810 digest.
1025 732 1090 807 4;
1124 739 1182 793 et
1212 731 1317 792 lib.
1371 730 1474 811 23,
1535 735 1622 792 tit.
1655 731 1718 807 2,
1751 731 1969 809 digest.
2001 731 2103 792 48.

462 818 624 878 Leno
677 836 922 898 quoque
979 828 1092 894 est,
1156 820 1258 899 qui
1316 820 1608 882 adulterio
1640 820 1921 899 pollutam
1957 838 2104 882 con-

455 906 665 986 jugem
725 926 892 970 suam
946 928 1065 972 non
1121 910 1391 983 dimittit,
1444 929 1563 972 non
1596 909 1773 973 etiam
1809 909 1908 990 qui
1943 909 2108 989 [tan-

462 996 799 1078 tummodo]
825 1007 1164 1080 suspectam
1198 999 1402 1077 habet;
1429 1010 1494 1060 ut
1520 998 1624 1061 lib.
1663 1018 1717 1062 ιι
1749 999 1885 1061 cod.
1924 999 2012 1062 tit.
2043 997 2104 1071 9,

465 1093 659 1156 const.
687 1086 750 1151 2.

546 1173 714 1241 CAP.
751 1175 940 1240 XXII.
973 1213 1049 1224 —
1081 1178 1168 1242 De
1187 1178 1544 1260 spectaculis
1569 1185 1627 1242 et
1658 1178 1928 1242 ludicris.

549 1267 813 1330 Concilii
843 1267 1346 1348 Curthaginensis
1375 1287 1634 1332 canones
1670 1270 1764 1343 15,
1791 1269 1892 1349 60,
1927 1269 1993 1333 6|
2013 1315 2028 1328 .

546 1357 634 1420 De
663 1357 920 1420 diversis
972 1358 1296 1422 ordinibus
1345 1357 1636 1421 Ecclesia
1680 1359 2108 1438 servientibus,

467 1451 611 1520 etc.,
645 1454 716 1508 ut
742 1465 882 1528 pag.
923 1446 1063 1510 703.

553 1535 647 1596 15.
679 1534 827 1597 Item
862 1537 1085 1617 placuit
1115 1544 1179 1600 ut
1209 1537 1480 1618 quisquis
1511 1537 2108 1619 episcoporum,etc.,

467 1630 537 1688 ut
559 1643 700 1705 pag.
736 1629 879 1689 703.
1316 1620 1327 1630 ’

548 1717 638 1777 De
663 1733 1049 1796 paganorum
1079 1718 1397 1780 conviviis.

547 1801 649 1866 60.
690 1804 841 1866 Illud
873 1807 1050 1867 etiam
1086 1806 1581 1887 petendum,etc.,
1615 1813 1682 1870 ut
1709 1825 1851 1888 pag.
1887 1807 2028 1870 927.

547 1893 635 1956 De
661 1895 1040 1974 spectaculis,
1097 1904 1164 1959 ut
1225 1898 1326 1959 die
1383 1898 1725 1970 Dominico,
1761 1901 1859 1959 vel
1890 1899 2113 1961 ceteris

463 1991 811 2045 sanctorum
839 1987 1287 2062 festivitatibus
1316 1987 1568 2049 minime
1595 1987 2010 2049 celebrentur.

546 2073 648 2135 6t.
681 2072 804 2135 Nec
838 2093 956 2137 non
991 2085 1050 2137 et
1079 2075 1224 2137 illud
1260 2077 1617 2156 petendum,
1675 2086 1740 2137 ut
1772 2077 2114 2157 spectacula

463 2162 1258 2246 theatrorum,ca2terumque
1280 2165 1799 2241 ludorum.etc.,ut
1818 2168 2106 2244 pag.646.

470 2252 732 2315 Concilit‘
786 2257 1454 2397 acumeniciggaqqiaes
1524 2255 1625 2329 52,
1689 2257 1792 2330 62,
1843 2255 1945 2330 65,
2005 2258 2105 2336 71,

1153 2379 1250 2415 ιν,
1293 2379 1424 2397 Ιυνο

544 2421 671 2484 461
711 2421 811 2485 59.
845 2422 910 2483 In
940 2425 1222 2487 omnibus
1251 2435 1471 2486 sancite
1500 2423 1987 2505 Quadragesimaa
2007 2425 2108 2505 je-

460 2514 614 2590 junii
651 2511 889 2585 diebus,
925 2522 1068 2586 etc.,
1099 2520 1168 2576 ut
1201 2532 1342 2592 pag.
1377 2514 1517 2578 638.

549 2600 650 2663 6?.
689 2599 988 2662 Kalendas
1046 2621 1181 2681 qua:
1231 2603 1539 2674 dicuntur,
1599 2610 1657 2664 et
1686 2612 1840 2680 vota,
1875 2614 1933 2666 et
1963 2603 2110 2664 bru-

470 2690 649 2753 malia
680 2710 813 2772 qua;
840 2701 1162 2767 vocantur;
1199 2700 1254 2754 et
1285 2693 1384 2773 qui
1417 2693 1474 2752 in
1501 2693 1693 2773 primo
1725 2694 1917 2755 Martii
1947 2712 2114 2754 men-

465 2781 550 2843 sis
581 2781 680 2842 die
738 2781 800 2842 ﬁt
851 2793 1208 2843 conventum
1261 2801 1330 2844 ex
1389 2783 1657 2843 ﬁdelium
1722 2783 2112 2844 universitate

469 2870 714 2934 omnino
747 2871 872 2932 tolli
909 2871 1186 2933 volumus
1226 2872 1372 2935 :sed
1409 2880 1466 2932 et
1498 2871 1766 2952 publicas
1796 2873 2110 2934 mulierum

470 2961 819 3023 saltationes
878 2962 1122 3023 multam
1185 2980 1395 3023 noxam
1457 2962 1822 3042 exitiumque
1851 2963 2112 3023 aﬂeren-

468 3058 608 3113 tes:
673 3051 818 3130 quin
861 3051 1039 3112 etiam
1103 3070 1228 3125 eas,
1294 3069 1425 3132 quae
1458 3051 1700 3112 nomine
1748 3070 1954 3112 eorum
2011 3052 2111 3132 qui

2188 573 2276 616 νος
2321 551 2376 607 ἐν
2418 549 2630 625 δουλείᾳ
2680 555 3023 631 προαγωγὸς,
3073 552 3360 626 ἀτιμοῦται
3409 555 3548 626 μετᾶ
3581 556 3643 610 τὸ
3685 554 3859 611 ἕλευ-

2189 641 2480 715 θερωθῆναι
2513 659 2529 677 ο
2605 648 2774 698 ταῦτα
2837 643 3014 698 πάντα
3060 655 3240 698 κεῖται
3283 640 3430 719 pust.
3471 641 3548 720 γ’,
3591 644 3700 701 τίτ.
3767 642 3859 717 α’,

2187 727 2328 790 διάτ.
2363 729 2440 804 α’,
2469 732 2556 786 καὶ
2582 731 2685 792 τίτ.
2721 731 2797 807 β’,
2845 730 2987 794 διάτ,
3025 729 3094 810 δ’,
3130 733 3219 787 καὶ
3261 729 3413 807 βιϐλ.
3445 731 3559 809 κγ’,
3604 732 3708 787 τίτ.
3771 731 3857 806 β’,

2189 816 2329 881 διάτ.
2365 821 2460 895 μβ⁹
2494 839 2509 855 ⁸
2571 818 2932 895 πορνοϐοσκὸς
2979 819 3034 877 δέ
3075 824 3189 877 εστι
3236 824 3327 877 καὶ
3373 823 3400 877 δ
3457 825 3864 900 πορνευθεῖσαν

2190 909 2290 975 τὴν
2331 907 2465 964 ἰδίαν
2507 910 2751 986 γαμετὴν
2797 911 2874 981 μὴ
2935 908 3211 974 ἀπολύσας
3246 927 3262 943 ⁸
3326 914 3388 968 οὗ
3438 912 3546 985 μὴν
3604 913 3634 966 ὁ
3677 909 3862 981 μόνον

2189 998 2552 1075 ὑποπτεύσας,
2585 1001 2657 1064 ὡς
2687 997 2834 1076 βιὸλ.
2869 999 2918 1057 θ’
2947 1003 3040 1057 τοῦ
3068 999 3198 1062 κώδ.
3231 999 3337 1063 τίτ,
3361 999 3435 1072 θ’,
3468 998 3607 1063 διάτ.
3642 1000 3724 1077 β’.

2277 1183 2530 1240 ΚΕΦΑΛ.
2566 1176 2700 1240 KB'.
2736 1212 2810 1223 -ν
2845 1179 2968 1255 Περὶ
2994 1179 3229 1255 θεωρίων
3259 1179 3348 1235 καὶ
3379 1181 3668 1256 παιγνίων,

2416 1265 2642 1324 Συνόδο)
2671 1268 3042 1346 Καρθαγέννης
3074 1269 3250 1324 κανὼν
3281 1268 3373 1347 ιε’,
3408 1267 3476 1339 ξ’,
3509 1266 3615 1334 ξα’.

2276 1355 2400 1432 Περὶ
2482 1354 2745 1436 διαφόρων
2863 1357 3062 1422 τάξεων
3159 1363 3228 1432 τῇ
3308 1355 3613 1430 Ἐκκλησία
3719 1357 3864 1414 δου-

2193 1442 2480 1505 λευουσῶν.

2275 1534 2364 1596 ιε’.
2414 1525 2646 1610 εΟμοίως
2677 1535 2892 1616 ἤρεσεν,
2924 1535 3017 1593 ’ίνα
3049 1534 3405 1603 ὁστισδήποτε
3462 1535 3569 1592 τῶν
3613 1537 3866 1594 ἐπισχό-

2194 1643 2332 1694 πων,
2369 1645 2424 1682 κ.
2462 1648 2514 1685 τ.
2545 1624 2600 1688 λ,

2275 1715 2399 1791 Περὶ
2429 1725 2521 1774 τοῦ
2553 1713 2837 1795 ἐφελὲσθαι
2868 1714 2934 1771 τὰ
2966 1717 3068 1770 τῶν
3108 1711 3385 1784 Ἐλλήνων
3420 1714 3726 1788 συμπόσια.
3795 1769 3807 1777 .

2139 1816 2176 1866 Β
2278 1801 2344 1868 ξ’.
2386 1804 2617 1862 Κάκεῖνο
2645 1804 2722 1860 ἔτι
2751 1805 2860 1879 μὴν
2891 1802 2976 1860 δεῖ
3006 1804 3247 1883 αἰτῆσαι,
3283 1825 3337 1866 κ,
3369 1826 3421 1860 τ.
3449 1803 3504 1866 λ,

2276 1895 2400 1967 Περὶ
2429 1894 2660 1970 θεωρίων
2691 1894 2742 1949 ἐν
2773 1899 2842 1968 τῇ
2897 1898 3133 1968 Κυριακῇ
3182 1896 3270 1948 καὶ
3329 1893 3384 1949 ἐν
3440 1905 3565 1958 ταῖς
3610 1897 3858 1958 λοιπαῖς

2196 1984 2301 2037 τῶν
2331 1982 2497 2058 ἁγίων
2529 1984 2746 2060 ἑορταῖς
2773 1980 3042 2056 μηδαμῶς
3075 1981 3471 2041 ἐπιτελοῦνται.

2275 2069 2378 2136 ξα’.
2420 2075 2647 2130 Κάκεῖνο
2704 2072 2780 2128 ἔτι
2841 2073 2949 2144 μὴν
2993 2070 3077 2127 δεῖ
3121 2073 3363 2151 αἰτῆσαι,
3414 2071 3506 2128 ἵνα
3552 2073 3618 2129 τὲ
3646 2074 3864 2151 θεώρια

2192 2165 2300 2217 τῶν
2329 2164 2622 2239 θεατρικῶν
2653 2165 2937 2239 παιγνίων,
2971 2184 3022 2220 κ.
3060 2183 3111 2219 τ.
3150 2160 3204 2220 λ.

2194 2248 2420 2307 Συνόδου
2475 2253 2852 2325 οἱκουμενικῆς
2923 2251 3087 2315 ἕκτης
3147 2250 3322 2306 κανὼν
3394 2251 3500 2327 νβ’,
3553 2249 3660 2327 ξβ⁹,
3738 2252 3827 2318 ξε’

2817 2331 2924 2405 (ια’,
2961 2331 3110 2409 ις’,
3137 2330 3208 2406 ρ’.

2273 2420 2378 2496 νβ’,
2411 2419 2502 2477 Ἐν
2535 2421 2732 2485 πιέσαις
2762 2433 2885 2483 ταῖς
2916 2425 3015 2486 τῆς
3063 2419 3218 2496 ἁγίας
3250 2425 3697 2496 Τεσσαρακοστῆς
3735 2427 3857 2478 τῶν

2194 2513 2457 2576 νηστειῶν
2485 2509 2736 2587 ἡμέραις,
2769 2532 2824 2570 κ.
2859 2531 2911 2569 τ.
2945 2507 3001 2571 λ,

2273 2596 2378 2675 ξβ’.
2427 2604 2525 2662 ι’ὰς
2570 2599 2709 2655 οὕτω
2759 2596 3052 2675 λεγομένας
3096 2596 3387 2670 καλάνδας,
3433 2600 3521 2655 καὶ
3558 2599 3624 2656 τὰ
3668 2599 3854 2677 λεγό-

2194 2709 2329 2762 μενα
2359 2689 2515 2768 βότα,
2551 2693 2638 2745 καὶ
2671 2690 2734 2745 τὰ
2771 2689 3076 2762 καλούμενα
3119 2687 3442 2765 βρουμαλια,
3477 2689 3563 2744 καὶ
3623 2689 3734 2757 τὴν
3796 2691 3856 2748 ἂν

2191 2776 2260 2853 τῇ
2311 2780 2498 2856 πρώτῃ
2541 2785 2633 2835 τοῦ
2679 2779 2910 2854 Μαρτίου
2957 2779 3129 2853 μηνὸς
3181 2775 3355 2855 ἡμέρα
3412 2777 3854 2854 ἐπιτελουμένην

2195 2871 2515 2946 πανήγυριν,
2567 2869 2806 2934 καθάπαξ
2850 2868 2912 2925 ἐκ
2977 2873 3074 2933 τῆς
3135 2871 3240 2922 τῶν
3302 2873 3505 2923 πιστῶν
3561 2867 3855 2937 πολιτείας

2197 2963 2600 3037 περιαιρεθῆναι
2656 2958 2958 3035 βουλόμεθα
2993 2973 3008 2988 ·
3074 2955 3213 3012 ἄλλα
3272 2957 3379 3029 μὴν
3436 2959 3523 3014 καὶ
3577 2960 3675 3021 τὰς
3738 2968 3854 3018 τῶν

2196 3051 2424 3125 γυναίων
2455 3047 2716 3117 δημοσίας
2768 3050 3029 3128 ὀρχήσεις
3073 3048 3146 3110 ὡς
3196 3045 3483 3121 ἆσὲμνους,
3542 3051 3635 3105 καὶ
3691 3050 3853 3107 πολ-

468 3138 621 3201 falso
650 3140 806 3219 apud
841 3139 1094 3219 gentiles
1125 3141 1207 3201 dii
1244 3141 1535 3202 nominati
1592 3149 1751 3212 sunt,
1788 3141 1875 3202 vel
1907 3143 2103 3202 nomi-

2204 3139 2294 3208 λὴν
2355 3138 2530 3214 λύμην
2560 3140 2648 3195 καὶ
2695 3137 2902 3216 βλάϐην
2950 3138 3201 3211 ἐμποιεῖν
3236 3134 3529 3210 δυναμένας
3568 3157 3581 3170 ⁶
3618 3138 3697 3196 ἔτι
3735 3143 3853 3215 μὴν

469 3247 547 3292 ne
604 3228 870 3290 virorum
922 3249 990 3290 ac
1047 3230 1363 3292 mulierum
1415 3231 1583 3304 ﬁunt,
1635 3231 1983 3292 saltationes
2042 3251 2110 3294 ac

470 3319 752 3398 mysteria
788 3337 954 3381 more
1003 3319 1250 3400 antiquo
1309 3329 1368 3382 et
1398 3339 1431 3380 a
1486 3321 1602 3381 vita
1634 3321 2106 3383 Christianorum

468 3408 696 3485 alieno,
730 3409 1120 3471 antantlamus
1153 3418 1212 3472 et
1261 3409 1656 3489 expellimus;
1688 3420 2018 3473 statuentes
2047 3419 2112 3474 ut

463 3497 665 3559 nullus
697 3505 786 3559 vir
814 3499 1102 3580 deinceps
1153 3499 1441 3560 muliebri.
1478 3507 1646 3562 veste
1673 3499 1981 3582 induatur,
2014 3503 2104 3562 vel

463 3588 685 3652 mulier
712 3598 882 3651 veste
913 3591 1040 3650 viro
1070 3591 1490 3651 conveniente.
1525 3588 1640 3651 Sed
1692 3608 1886 3670 neque
1915 3592 2105 3652 comi-

461 3696 583 3746 cas.
624 3679 717 3740 vel
749 3679 1060 3759 satyricas,
1093 3678 1186 3740 vel
1239 3681 1499 3758 tragicas
1531 3697 1816 3760 personas
1847 3680 2050 3741 induat
2084 3697 2098 3744 :

461 3787 660 3850 neque
686 3768 1037 3831 exsecrandi
1071 3769 1291 3830 Bacchi
1327 3786 1566 3842 nomen,
1601 3787 1771 3829 uvam
1805 3769 1864 3828 in
1900 3781 2102 3831 torcu-

459 3859 691 3921 laribus
716 3860 1148 3935 exprimentes,
1203 3859 1520 3938 invocent;
1581 3876 1775 3938 neque
1807 3857 2006 3920 vinum
2041 3862 2100 3921 in

461 3949 638 4009 doliis
663 3948 1063 4022 ell'undentes,
1096 3948 1285 4008 risum
1321 3956 1614 4020 moveant,
1647 3949 1980 4025 ignorantia
2012 3950 2100 4010 vel

462 4039 720 4099 vanitate
750 4056 846 4107 ea,
907 4056 1041 4118 quas
1094 4037 1167 4097 ab
1216 4037 1468 4097 insania;
1522 4036 1848 4114 impostura
1881 4057 2100 4116 proce-

465 4127 636 4208 dunt,
667 4137 1043 4190 exercentes.
1096 4125 1210 4189 Eos
1255 4144 1400 4202 ergo
1431 4129 1529 4205 qui
1563 4127 1846 4204 deinceps
1876 4129 2098 4208 aliquid

465 4233 676 4278 eorum
707 4235 840 4297 qua:
895 4217 1118 4293 scripta
1176 4225 1337 4287 sunt,
1398 4214 1842 4294 aggrediemur,
1897 4216 1998 4276 ubi
2029 4217 2101 4278 ad

464 4304 676 4366 horum
735 4305 1138 4384 cognitionem
1202 4305 1615 4385 pervenerint,
1673 4305 1724 4365 si
1792 4306 1911 4366 sint
1965 4306 2103 4387 qui-

465 4394 601 4456 dem
636 4395 865 4469 clerici,
900 4394 1122 4476 deponi
1145 4395 1432 4474 jubemus
1465 4413 1480 4454 :
1544 4395 1592 4454 si
1625 4412 1762 4456 vero
1808 4395 1968 4469 laici,
2000 4413 2102 4458 se-

464 4484 696 4563 gregari
709 4534 722 4547 .

545 4573 645 4636 65.
681 4573 827 4648 Quae
856 4575 915 4636 in
950 4573 1296 4648 noviluniis,
1329 4581 1471 4648 etc.,
1505 4579 1571 4636 ut
1596 4591 1738 4654 pag.
1771 4573 1913 4636 935.

543 4662 681 4724 462
719 4665 815 4728 '71.
844 4662 984 4744 Eos,
1021 4665 1122 4745 qui
1155 4664 1449 4725 docentur
1478 4663 1638 4741 leges
1667 4662 2106 4744 civiles,genti-

460 4753 606 4817 lium
641 4753 913 4816 moribus
944 4755 1025 4815 uti
1047 4774 1162 4815 non
1191 4761 1699 4834 oportere,neque
1723 4753 1782 4814 in
1805 4755 2103 4817 theatrum

459 4844 894 4926 induci,neque
920 4862 1022 4906 eas
1045 4863 1176 4926 qua:
1198 4843 1769 4923 dicunturcyltstras
1790 4859 2101 4924 peragere,

457 4935 549 4997 vel
576 4945 794 5017 prater
837 4953 1007 4997 usum
1041 4951 1424 4996 communem
1457 4933 1569 4994 sibi
1603 4940 1800 4995 vestes
1827 4933 2102 5009 induere,

461 5043 721 5105 nec'quo
746 5034 1018 5105 tempore
1040 5023 1422 5104 disciplinam
1455 5023 2000 5101 aggrediuntur,vel
2032 5023 2104 5086 ad

459 5115 642 5175 ﬁnem
673 5117 803 5193 ejus
859 5113 1233 5194 perveniunt,
1283 5114 1402 5192 vel,
1437 5122 1501 5174 ut
1529 5113 1588 5174 in
1620 5130 1852 5173 summa
1884 5112 2103 5188 dicam,

460 5202 523 5263 in
553 5202 682 5281 ejus
713 5203 1002 5264 doctrinae
1043 5201 1392 5267 dimidio.Si
1426 5205 1560 5284 quis
1589 5208 1785 5264 autem
1819 5201 2108 5284 deinceps

460 5290 576 5354 hoc
609 5289 808 5354 facere
833 5311 1012 5354 ausus
1045 5293 1243 5374 fuerit,
1278 5301 1647 5374 segregetur.

543 5381 642 5445 96.
673 5381 788 5454 Qui
818 5380 1119 5445 Christum
1183 5401 1290 5464 per
1351 5383 1714 5461 baptismum
1747 5381 2103 5457 induerunt,

462 5470 596 5551 ejus
624 5469 686 5533 in
720 5489 902 5534 carne
928 5473 1063 5534 vita:
1091 5473 1337 5552 agendae
1370 5472 1670 5535 rationem
1723 5471 1939 5535 imitari
1967 5491 2111 5554 pro-

458 5561 602 5624 fessi
632 5560 918 5625 sunt.Eos
948 5561 1221 5644 ergo,qui
1253 5562 1505 5641 capillos
1537 5562 1611 5624 ad
1644 5562 1971 5626 videntium
2008 5563 2108 5625 de-

460 5650 834 5736 trimentum,
865 5651 1015 5718 scite
1043 5652 1391 5732 excogitatis
1415 5651 1694 5729 nexibus,
1720 5653 2020 5726 adornant
2051 5660 2111 5718 et

2191 3228 2288 3286 καί
2318 3230 2410 3292 τὰς
2443 3229 2667 3302 ὀνόματι
2698 3234 2801 3285 τῶν
2839 3225 2963 3305 παρ’
2990 3225 3226 3293 ’Ἕλλησι
3262 3226 3469 3302 ψευδῶς
3501 3230 3852 3303 ὀνομασθέν-

2189 3340 2296 3375 των
2325 3323 2458 3374 θεῶν
2488 3319 2524 3387 ἢ
2575 3317 2628 3384 ἐξ
2677 3317 2880 3396 ἀνδρῶν
2924 3317 2960 3384 ἢ
3017 3317 3279 3395 γυναικῶν
3325 3317 3611 3393 γινομένας
3649 3321 3845 3400 ὀρχή-

2190 3430 2302 3473 σεις
2360 3411 2448 3465 καὶ
2499 3407 2718 3473 τελετὰς
2769 3407 2906 3464 κατά
2935 3429 2984 3464 τι
3015 3405 3134 3471 ’ἔθος
3166 3406 3395 3463 παλαιὸν
3427 3408 3513 3463 καὶ
3547 3407 3847 3488 ἀλλότριον

2191 3506 2282 3556 τοῦ
2339 3506 2442 3556 τῶν
2492 3503 2822 3575 Χριστιανῶν
2869 3498 3007 3576 βίου,
3042 3497 3480 3569 ἂποπεμπόμεθα
3517 3514 3530 3528 ·
3564 3501 3847 3576 ὁρίζοντες

2186 3589 2390 3664 μηδένα
2448 3589 2748 3667 γυναικείαν
2808 3587 3007 3656 στολὴν
3057 3585 3472 3666 ἑνδιδύσκεσθαι,
3519 3588 3553 3652 ἢ
3597 3605 3849 3666 γυναῖκα

2185 3680 2283 3746 τὴν
2332 3678 2575 3756 ἀνδράσιν
2619 3676 2872 3753 ἁρμόδιον
2905 3692 2918 3707 ⁸
2956 3676 3096 3732 ἀλλᾶ
3129 3678 3269 3750 μήτε
3334 3691 3660 3751 προσωπεῖα
3721 3703 3848 3737 κω-

2185 3770 2317 3844 μικὰ
2366 3770 2402 3837 ἣ
2447 3771 2704 3844 σατυρικὰ
2746 3768 2780 3836 ἢ
2836 3768 3070 3846 τραγικὰ
3135 3765 3451 3824 ὑποδύεσθαι
3488 3786 3504 3802 ⁶
3571 3771 3721 3842 μήτε
3787 3774 3850 3828 τὸ

2183 3869 2278 3918 τοῦ
2319 3858 2609 3934 βδελυκτοῦ
2669 3858 2922 3914 Διονύσου
2973 3855 3142 3928 ὄνομα
3195 3857 3293 3924 τὴν
3340 3856 3621 3935 σταφυλὴν
3655 3858 3852 3916 ἐκθλί-

2182 3948 2374 4013 ϐοντας
2429 3948 2483 4004 ἐν
2542 3961 2664 4013 ταῖς
2707 3947 2900 4013 ληνοῖς
2956 3944 3204 4018 ἓπιϐοᾷν⁶
3260 3946 3400 4019 μηδὲ
3442 3947 3599 4004 οἶνον
3632 3949 3688 4004 ἑν
3725 3965 3852 4016 τοῖς

2185 4041 2353 4100 πίθοις
2411 4038 2726 4117 ἐκχέοντας,
2790 4034 2999 4113 γέλωτα
3058 4034 3349 4106 ἐπικινεῖν,
3405 4035 3622 4112 Ξιγνοίας
3653 4039 3852 4116 τρόπῳ

2183 4129 2219 4196 ἢ
2263 4127 2626 4199 ματαιότητος
2657 4127 2722 4186 τά
2755 4125 2847 4193 τῆς
2891 4123 3274 4197 δαιμονιώδους
3308 4125 3516 4191 πλάνης
3549 4126 3852 4205 ἐνεργοῦν-

2186 4240 2282 4282 τας
2315 4238 2328 4252 ⁸
2377 4219 2496 4278 τοὺς
2551 4216 2640 4273 οὖν
2699 4217 2806 4273 ἀπὸ
2863 4227 2959 4276 τοῦ
3003 4222 3092 4272 νῦν
3147 4237 3196 4271 τι
3263 4217 3368 4272 τῶν
3428 4219 3852 4295 προειρημένων

2185 4306 2457 4364 ἐπιτελεῖν
2499 4307 2933 4386 ἐπιχειροῦντας,
2991 4306 3046 4361 ἐν
3098 4305 3296 4384 γνώσει
3329 4306 3533 4362 τούτων
3569 4311 3852 4366 καθιστα-

2187 4397 2401 4475 μένους,
2462 4395 2706 4468 τούτους,
2760 4397 2805 4452 εἷ
2852 4395 2950 4470 μὲν
2999 4395 3243 4472 κληρικοῖ
3275 4397 3416 4469 εἷεν,
3465 4401 3851 4476 καθαιρεῖσθαι

2186 4487 2592 4564 προστάσσομεν
2623 4502 2638 4518 ⁸
2675 4487 2718 4541 εί
2747 4483 2803 4541 δὲ
2835 4483 3042 4559 λαϊκοὶ,
3075 4485 3444 4565 ἀφορίζεσθαι.

2267 4573 2362 4642 ξε’.
2398 4577 2502 4640 Τὰς
2527 4579 2584 4632 ἓν
2615 4588 2738 4638 ταῖς
2771 4575 3098 4653 νεομηνίαις,
3131 4596 3187 4636 κ.
3221 4596 3272 4633 τ.
3307 4573 3362 4632 λ.

2267 4665 2374 4727 οα’.
2436 4667 2566 4730 Τοὺς
2622 4663 3028 4737 διδασκομένους
3084 4665 3206 4729 τοὺς
3253 4663 3564 4727 πολιτικοὺς
3613 4666 3848 4749 νόμους,

2187 4757 2266 4832 μὴ
2300 4755 2412 4812 δεῖν
2454 4761 2553 4822 τῆς
2587 4745 2934 4822 Ἐλληνικοῖς
2983 4754 3120 4811 ἔθεσι
3173 4754 3498 4833 κεχρῆσθαι,
3537 4757 3682 4830 μήτε
3733 4745 3852 4830 μὴν

2188 4849 2271 4904 ὶπῖ
2318 4845 2553 4922 θεάτρων
2597 4845 2912 4922 ἀνάγεσθαι,
2963 4844 3000 4910 ἢ
3042 4844 3139 4908 τὰς
3194 4842 3489 4920 λεγομένας
3550 4843 3849 4924 κυλίστρας

2189 4935 2478 5006 ἐπιτελεῖν,
2510 4934 2546 5004 ἢ
2577 4935 2720 5012 παρὰ
2769 4934 2867 5000 τὴν
2914 4938 3114 5013 χρῆσιν
3143 4933 3339 4996 στολὰς
3372 4935 3587 4999 ἑαυτοῖς
3621 4956 3849 5008 περι-τι-

2186 5026 2356 5102 θέναι,
2401 5026 2541 5100 μήτε
2595 5021 2713 5081 καθ’
2774 5023 2833 5079 ὃν
2893 5024 3080 5100 καιρὸν
3122 5029 3224 5079 τῶν
3283 5025 3624 5096 μαθημάτων
3683 5025 3853 5104 ἒνάρο

2189 5137 2408 5196 χονται,
2463 5114 2498 5183 ἢ
2543 5115 2674 5188 πρὸς
2723 5114 2784 5170 τὸ
2826 5111 2980 5174 τέλος
3011 5112 3184 5170 αὐτῶν
3239 5119 3601 5186 καταντῶσιν,
3636 5114 3673 5182 ἢ
3705 5120 3856 5173 καθ-

2191 5205 2317 5262 όλου
2347 5204 2506 5284 φάναι
2554 5201 2639 5262 διὰ
2671 5202 2838 5278 μέσου
2871 5207 2972 5270 τῆς
3002 5203 3257 5268 τοιαύτης
3289 5199 3621 5263 παιδεύσεως
3655 5217 3673 5235 ⁸
3712 5207 3765 5262 εἰ
3797 5205 3855 5262 δὲ

2189 5315 2269 5358 τις
2299 5293 2406 5349 ἀπὸ
2461 5299 2555 5349 τοῦ
2611 5299 2700 5349 νῦν
2748 5299 2903 5348 τοῦτο
2935 5291 3126 5370 πρᾶξαι
3156 5289 3452 5369 τολμησοι,
3481 5292 3854 5370 ἀφοριζέσθω,

2273 5381 2422 5459 4’ς”.
2483 5384 2543 5440 Οἱ
2598 5383 2690 5438 τὸν
2747 5383 2976 5459 Χριστὸν
3034 5379 3120 5437 διὰ
3161 5382 3256 5437 τοῦ
3298 5381 3673 5456 βαπτίσματος
3706 5383 3862 5441 ἐνδυ.

2191 5472 2437 5546 σάμενοι,
2501 5473 2600 5541 τὴν
2659 5471 2714 5527 ἐν
2773 5473 2929 5550 σαρκὶ
3004 5475 3163 5532 αὐτοῦ
3220 5469 3500 5527 πολιτείαν
3553 5478 3858 5546 μιμεῖσθαι

2189 5560 2658 5642 καθωμολόγησαν
2685 5577 2700 5592 ·
2747 5562 2872 5626 τοὺς
2920 5563 3010 5617 οὖν
3058 5561 3154 5624 τὰς
3212 5559 3267 5617 ἐν
3297 5566 3367 5637 τῇ
3408 5559 3621 5642 κεφαλῇ
3652 5565 3859 5644 τρίχας

2190 5655 2321 5734 πρὸς
2373 5653 2550 5730 λύμην
2629 5657 2738 5710 τῶν
2810 5650 3078 5731 δρώντων,
3099 5649 3171 5717 ,ἰν
3186 5649 3492 5716 ,ἐπινοίαις
3541 5649 3854 5730 ,ξμελωιῆς
