4090 6204
269 353 382 421 957

870 348 1293 419 SYNTAGMA
1337 349 1736 417 CANONUM.
1785 381 1860 396 —
1912 348 2068 414 TIT.
2117 349 2286 430 XIII,
2339 350 2505 413 CAP.
2552 348 2748 430 XXII,
2793 348 3019 414 XXIII.

3510 351 3630 420 958

267 491 623 562 εὖθετίζοντας
682 490 771 547 καὶ
825 486 1289 568 διασκεδόζοντας,
1344 491 1433 546 γαί
1489 488 1676 567 δέλεαρ
1732 510 1889 568 προσ·

1986 494 2445 566 componunt,et
2459 486 2716 548 infirmis
2737 485 2956 548 animis
2971 503 3168 549 escam
3182 504 3254 551 ea
3271 485 3504 551 ratione
3521 489 3627 551 oh-

265 582 505 645 τιθέντας
561 579 797 637 ὶντεῡθεν
870 594 994 644 ταῖς
1072 581 1412 657 ἀστηρίκτοις
1483 585 1717 659 ψυχαῖς,
1779 578 1903 635 ἑπι-

265 673 427 747 τιμίῳ
481 669 771 748 προσφόρῳ
840 676 1115 749 πατρικῶς
1183 670 1565 747 θεραπεύσειεν,
1621 665 1902 745 1:113sz-

264 767 480 840 γοῦντες
527 759 740 833 αὖτοὺς,
799 761 888 816 καὶ
931 760 1218 837 σωφρόνως
1275 758 1424 835 βιοῦν
1480 756 1900 831 ἐκδιδάσκοντες,

262 840 395 929 πρὸς
427 851 487 906 τὸ
529 847 756 928 ἀφέντας
798 849 898 917 τήν
950 849 1012 905 ἐκ
1067 848 1162 914 τῆς
1216 847 1351 915 ὕλης
1395 847 1608 914 ἀπάτην
1670 848 1758 904 καὶ
1787 869 1900 922 μα-

263 939 548 1012 ταιότητα,
609 939 740 1014 πρὸς
798 939 896 1006 τὴν
951 936 1246 1016 ἀνώλεθρον
1302 938 1390 992 καὶ
1447 943 1710 1013 μακαρίαν
1757 936 1902 1006 ζωὴν

261 1032 354 1086 τὸν
406 1035 526 1086 νοῦν
580 1028 833 1104 μετάγειν
889 1025 1170 1101 διηνεκῶς,
1247 1028 1336 1083 καὶ
1405 1024 1459 1081 ιν
1531 1023 1678 1103 φόϐῳ
1733 1025 1901 1102 ἁγνὴν

260 1116 415 1197 ἔχειν
446 1116 808 1196 ἀναστροφὴν,
840 1116 930 1172 καὶ
973 1122 1090 1190 Θεῴ
1135 1114 1451 1186 πλησιάζειν
1491 1114 1629 1170 κατὰ
1660 1112 1897 1192 ἐφικτὸν,

259 1205 347 1267 διὰ
374 1211 475 1272 τῆς
507 1206 561 1262 ὲν
601 1206 698 1281 βίῳ
744 1205 1048 1283 καθάρσεως
1085 1221 1102 1237 ⁸
1159 1202 1248 1261 καί
1297 1205 1388 1260 τὸν
1418 1202 1564 1261 ἔνδον
1595 1203 1631 1271 ἢ
1673 1204 1765 1259 τὸν
1801 1200 1902 1268 ἔξω

258 1294 537 1374 ἄνθρωπον
569 1293 775 1370 μᾶλλον
809 1305 1038 1366 κοσμεῖν
1069 1296 1310 1372 ἀρεταῖς,
1363 1294 1452 1350 καὶ
1500 1304 1768 1373 χρηστοῖς
1812 1291 1902 1348 καὶ

259 1384 511 1459 ἀμώμοις
543 1397 660 1450 τοῖς
693 1383 870 1451 ἤθεσιν
907 1403 917 1413 ·
955 1383 1094 1441 ὥστε
1127 1381 1294 1456 μηδὲν
1324 1382 1575 1458 λείψανον
1625 1380 1801 1461 φέρειν
1843 1380 1899 1437 ἓν

260 1476 474 1540 ἑαυτοῖς
505 1480 605 1541 τῆς
638 1481 731 1530 τοῦ
762 1474 999 1530 ἑναντίου
1049 1473 1372 1539 σκαιότητος
1406 1488 1420 1503 ⁶
1475 1473 1520 1528 εἰ
1566 1468 1620 1527 δέ
1649 1491 1728 1536 τις
1756 1470 1900 1548 παρὰ

255 1567 352 1622 τὸν
380 1565 617 1639 παρόντα
644 1561 842 1620 κανόνα
870 1561 1183 1642 διαγίνοιτο,
1215 1560 1562 1642 ἀφοριζέσθω.

339 1655 412 1734 ρ’,
450 1657 511 1712 Οἱ
554 1653 817 1728 ὀφθαλμοί
863 1674 956 1708 σου
1012 1653 1138 1730 ὀρθὰ
1188 1650 1559 1728 βλεπέτωσαν,
1605 1649 1693 1705 καὶ
1747 1648 1894 1726 πάσῃ

253 1744 472 1826 φυλακῇ
514 1746 664 1822 τήρει
724 1743 826 1810 σὴν
894 1739 1136 1820 καρδίαν,
1180 1743 1214 1809 ἡ
1271 1742 1429 1821 σοφία
1481 1738 1841 1796 διακελεύεται
1878 1755 1890 1771 ⁸

1977 575 2222 655 jiciunt,
2255 576 2640 637 convenienti
2671 577 2969 656 supplicio
3004 587 3248 654 paterno
3299 597 3619 656 curamus;

1987 665 2148 743 ipsos
2174 665 2556 726 instituentes
2579 676 2636 727 et
2657 673 3065 743 temperanter
3087 667 3282 729 vivere
3307 667 3618 744 docentes,

1984 762 2051 816 ut
2071 753 2279 815 relicta
2300 754 2509 816 fraude
2531 767 2590 815 et
2611 754 3030 836 vanitate,qtm
3049 773 3118 817 ex
3144 761 3392 818 materia
3409 759 3621 832 oritur,

1986 845 2058 906 ad
2091 843 2270 904 exitio
2302 853 2607 904 carentem
2643 842 2998 925 beatamque
3027 846 3502 919 vitam,mentem
3534 865 3626 908 as-

1986 933 2161 995 sidue
2193 933 2549 1008 traducant;
2583 941 2641 994 et
2688 939 2748 994 in
2783 933 2999 996 timore
3031 953 3238 1014 puram
3265 943 3324 996 et
3351 943 3621 997 sanctam

1986 1023 2499 1086 conversationem
2525 1021 2806 1102 habeant,
2835 1033 2893 1084 et
2921 1025 3067 1103 Deo,
3099 1025 3294 1104 quoad
3329 1025 3462 1104 ejus
3493 1025 3624 1086 fieri

1985 1120 2205 1192 potest,
2239 1111 2858 1192 appmpinquentper
2888 1118 3024 1174 vita:
3053 1112 3369 1192 puritatem
3398 1135 3415 1187 ;
3449 1123 3509 1177 et
3538 1113 3624 1175 in-

1984 1209 2218 1263 ternum
2256 1220 2445 1280 magis
2479 1219 2650 1281 quam
2702 1211 3014 1263 externum
3049 1201 3351 1264 hominem
3383 1202 3619 1264 virtuti-

1982 1289 2096 1353 bus
2127 1301 2186 1352 et
2215 1289 2391 1353 bonis
2416 1291 2860 1373 inculpatisque
2892 1290 3159 1353 moribus
3185 1301 3479 1355 exornent
3507 1313 3524 1369 ;
3555 1301 3621 1354 ut

1983 1380 2177 1442 nullas
2208 1381 2268 1441 in
2318 1399 2383 1443 se
2429 1383 2624 1443 ferant
2657 1380 2946 1462 reliquias
2980 1380 3288 1444 diabolicae
3319 1383 3617 1455 perversi-

1983 1475 2138 1532 latis.
2168 1469 2228 1534 Si
2259 1471 2393 1552 quis
2422 1480 2621 1533 autem
2653 1481 2868 1550 praeter
2898 1470 3058 1534 hunc
3087 1489 3380 1534 canonem
3412 1489 3619 1534 versa-

1981 1568 2076 1622 tus
2106 1560 2310 1638 fuerit,
2345 1561 2929 1626 excommunicetur.

2062 1740 2202 1803 100.
2236 1739 2422 1804 Oculi
2452 1742 2542 1803 tui
2570 1748 2731 1803 recto
2755 1741 3090 1820 aspiciant,
3124 1746 3183 1803 et
3213 1740 3386 1802 omni
3411 1746 3616 1803 custo-

251 1833 445 1913 ῥᾳδίως
502 1835 602 1911 γὰρ
658 1834 724 1889 τὰ
781 1833 980 1887 ἑαυτῶν
1019 1833 1107 1888 επὶ
1147 1832 1248 1898 τὴν
1305 1829 1514 1910 ψυχὴν,
1573 1833 1625 1886 αἱ
1669 1837 1762 1887 τοῦ
1790 1829 1886 1886 σώ-

1983 1827 2080 1890 dia
2109 1847 2286 1892 serva
2333 1848 2434 1892 cor
2463 1836 2655 1904 ticum,
2683 1830 2858 1912 jubet
2885 1829 3187 1910 Sapientia
3215 1829 3297 1889 ιο.
3335 1828 3620 1908 Corporis

254 1945 426 2000 ματος
485 1924 754 1991 αἰσθήσεις
833 1921 1146 1996 εἰσγρίνουσι
1181 1938 1198 1956 ⁸
1258 1921 1352 1984 τὰς
1408 1922 1496 1976 οὗν
1555 1919 1654 1985 τὴν
1713 1919 1895 1996 ὅρασιν

254 2013 758 2091 καταγοητευούσας
815 2011 1045 2090 γραφὰς,
1105 2009 1219 2067 εἴτε
1251 2010 1305 2066 ἐν
1336 2007 1541 2074 πίναξιν
1573 2005 1688 2064 εἴτε
1719 2007 1894 2071 ἄλλως

253 2127 372 2168 πως
455 2101 885 2175 ἀνατεθειμὲνας,
972 2100 1059 2155 καὶ
1137 2101 1227 2156 τὸν
1297 2105 1415 2155 νοῦν
1470 2097 1892 2178 διαφθειρούσας,

247 2193 352 2249 καί
390 2193 640 2256 κινούσας
671 2192 801 2267 πρὸς
833 2189 900 2245 τα
940 2192 1048 2246 τῶν
1092 2190 1330 2269 αἰσχρῶν
1358 2187 1563 2257 ἡδονῶν
1619 2188 1894 2244 ὑπεκκαύ-

247 2304 419 2357 ματα,
481 2279 723 2356 οὖδαμῶς
794 2279 899 2335 ἀπὸ
957 2284 1050 2334 τοὺ
1124 2285 1211 2334 νῦν
1278 2278 1333 2334 ἐν
1392 2275 1690 2351 οἱῳδήποτε
1745 2277 1895 2349 τόπῳ

247 2371 653 2448 προστάσσομεν
707 2369 1131 2449 ἐγχαράττεσθαι
1165 2382 1179 2397 ⁸
1235 2368 1279 2424 εἷ
1331 2364 1386 2422 δέ
1418 2388 1496 2433 τις
1525 2375 1681 2425 τοῦτο
1713 2367 1892 2445 πράσ-

247 2482 363 2517 σειν
392 2461 754 2540 ἑπιχειρήσοι,
793 2457 1140 2536 ἀφοριζέσθω.

328 2555 448 2613 Πῶς
479 2551 540 2610 τὰ
566 2548 758 2623 θεώρια
789 2546 1086 2618 τελοῦνται,
1151 2548 1240 2603 καὶ
1301 2551 1417 2610 πῶς
1460 2544 1662 2623 γίνεται
1704 2547 1735 2613 ἡ
1795 2544 1894 2603 δα-

245 2639 394 2706 πάνη
449 2638 645 2717 αὒτῶν,
680 2638 768 2693 καὶ
823 2636 906 2692 ὅτι
958 2635 1171 2693 δύναται
1231 2637 1259 2692 δ
1316 2633 1502 2715 ἄρχων
1547 2635 1612 2690 τὰ
1666 2635 1894 2710 θεωρικᾶ

245 2730 382 2808 πρὸς
439 2728 625 2800 καιρὸν
666 2727 930 2806 ἀφορίζειν
975 2728 1048 2788 εἰς
1106 2725 1398 2782 ἀνανέωσιν
1457 2730 1684 2804 τειχῶν,
1730 2723 1891 2800 εἴρη-

249 2840 338 2874 ται
387 2816 530 2894 βιόλ.
569 2815 641 2874 ια’
672 2824 766 2874 τοῦ
796 2814 960 2896 κωδ.,
991 2817 1093 2873 τίτ.
1131 2813 1247 2889 μα’,
1285 2816 1402 2892 μβ⁹,
1436 2814 1546 2891 μδ⁹,
1581 2813 1700 2890 μς
1734 2834 1749 2848 ·
1783 2818 1810 2872 ὁ
1835 2815 1889 2871 δὲ

247 2904 340 2984 με’
369 2909 468 2966 τίτ.
506 2907 717 2986 ἀναιρεῖ
747 2908 845 2972 τὴν
871 2907 995 2962 θέαν
1024 2905 1130 2961 τῶν
1167 2905 1525 2985 μονομάχων.

335 3004 584 3060 ΚΕΦΑΛ,
645 2994 773 3059 Kl".
835 3029 914 3040 —
971 2997 1099 3074 Περί
1156 2994 1401 3051 κλεπτῶν
1452 2998 1549 3050 καὶ
1606 2992 1889 3073 τυμϐωρύ-

245 3109 365 3168 χων
404 3089 492 3144 καὶ
522 3085 758 3163 λῃστῶν.

674 3174 952 3232 Βασιλείου
982 3175 1158 3231 κανὼν
1189 3172 1292 3252 ξα’,
1329 3171 1459 3248 EQ...

329 3265 432 3332 ξα’.
483 3255 542 3322 Ὀ
599 3264 804 3340 κλέψας
847 3266 892 3321 εἰ
936 3266 1036 3338 μὲν
1098 3263 1190 3342 ἀφ’
1245 3265 1432 3322 ἑαυτοῦ
1491 3261 1886 3338 μεταμεληθεὶς

241 3355 600 3433 κατηγορήσῃ
645 3356 851 3425 ἑαυτοῦ,
911 3354 1147 3410 ἐνιαυτὸν
1197 3353 1562 3423 κωλυθήσεται
1596 3354 1758 3428 μόνον
1788 3353 1887 3420 τῆς

244 3447 525 3511 κοινωνίας
554 3448 660 3502 τῶν
702 3444 1053 3521 ἆγιασμάτων
1089 3460 1102 3474 ⁶
1136 3445 1179 3499 εἰ
1212 3442 1264 3498 δὲ
1314 3442 1624 3522 ἐλεγχθείη,
1683 3441 1736 3498 ἰν
1793 3440 1884 3498 δυ-

245 3540 330 3594 σὶν
359 3535 500 3592 ἔτεσι
532 3551 548 3567 ’
584 3535 964 3610 μερισθήσεται
995 3531 1049 3589 δὲ
1084 3537 1224 3606 αὐτῷ
1279 3535 1308 3588 ὃ
1365 3533 1564 3612 χρόνος
1615 3532 1688 3592 εἰς
1746 3531 1884 3586 ὑπό-

245 3647 452 3684 πτωσιν
480 3625 568 3682 καὶ
621 3624 872 3682 σύστασιν
906 3637 920 3652 ³
983 3627 1073 3680 καὶ
1130 3623 1250 3679 τότε
1310 3621 1568 3687 ἀξιούσθω
1607 3626 1708 3688 τῆς
1764 3641 1884 3676 κοι-

245 3716 458 3780 νωνίας.

323 3803 458 3880 ξς,
489 3807 550 3862 Ὀ
607 3802 986 3882 τυμϐωρύχος,
1047 3805 1102 3858 ἓν
1146 3799 1272 3857 δέκα
1316 3799 1490 3856 ἔτεσιν
1521 3799 1884 3866 ἀκοινώνητος

240 3894 415 3974 ἔσται,
464 3894 518 3950 ἰν
572 3891 685 3949 δυσί
755 3891 1120 3970 προσκλαίων,
1181 3889 1234 3946 ἐν
1292 3891 1460 3967 τρισὶν
1518 3888 1883 3964 ἀκροώμενος,

238 3986 300 4042 ἒν
328 3984 608 4060 τέσσαρσιν
633 3983 972 4055 ὑποπίπτων,
1005 3983 1080 4038 ἑνὶ
1140 3979 1193 4036 δὲ
1254 3979 1516 4042 συνεστὼς
1547 3997 1564 4013 ⁶

239 4073 660 4153 δεχθησόμενος.

536 4160 826 4238 Γρηγορίου
858 4160 1072 4226 Νύσσης
1105 4181 1229 4239 κεφ.
1260 4158 1364 4237 ς’,
1401 4155 1472 4230 ζ’,
1503 4157 1583 4224 η’.

320 4254 422 4327 ς”.
457 4253 529 4310 Τὸ
567 4249 622 4305 δὲ
679 4249 861 4328 ἕτερον
905 4248 1052 4312 εἶδος
1105 4255 1204 4316 τῆς
1256 4247 1664 4325 εἰδωλολατρίας
1725 4246 1885 4328 (οὕτω

237 4342 341 4420 γὰρ
395 4341 644 4413 ὄιομᾶζει
704 4341 804 4406 τὴν
865 4337 1173 4404 πλεονεξίαν
1230 4339 1258 4394 ὁ
1313 4341 1459 4398 θεῖος
1503 4335 1880 4415 Ἀπόστολοςδ,

236 4433 334 4489 οὒκ
365 4428 490 4487 οἶδα
519 4429 664 4492 ὅπως
715 4428 1070 4500 ἀθεράπευτον
1113 4429 1218 4483 ὑπὸ
1274 4432 1380 4483 τῶν
1418 4425 1666 4502 [ἰκτέρων
1725 4427 1881 4499 ἡμῶν

1979 1918 2138 1978 enim
2171 1937 2385 1980 sensus
2415 1936 2523 1982 sua
2550 1921 2724 1982 facile
2750 1919 2811 1980 in
2842 1919 3102 1980 animam
3135 1918 3612 1980 effunduntJ’ic-

1978 2014 2143 2069 turas
2176 2027 2318 2085 eng
2347 2029 2481 2090 qua
2510 2009 2718 2070 oculos
2749 2006 3177 2087 praestringunt
3204 2007 3330 2069 sive
3359 2009 3419 2068 in
3451 2015 3615 2069 tabu-

1979 2097 2076 2167 lis,
2110 2097 2234 2159 sive
2263 2097 2473 2179 quovis
2497 2098 2616 2160 alio
2651 2097 2829 2158 modo
2861 2096 3026 2175 ﬁant,
3079 2105 3142 2157 et
3171 2104 3434 2158 mentem
3471 2114 3613 2157 cor-

1977 2197 2288 2265 rumpunt,
2325 2197 2382 2248 et
2412 2188 2484 2249 ad
2538 2187 2802 2267 turpium
2847 2186 3213 2264 voluptatum
3247 2193 3488 2246 movent
3515 2185 3614 2246 in-

1976 2275 2211 2344 cendia.
2241 2277 2402 2337 nullo
2437 2277 2613 2337 modo
2645 2276 2936 2354 deinceps
2982 2276 3121 2335 465
3151 2275 3406 2354 exprimi
3431 2274 3618 2354 Juba-

1977 2383 2134 2428 mus.
2171 2364 2230 2428 Si
2263 2368 2396 2445 quis
2424 2375 2624 2428 autem
2679 2366 2794 2428 hoc
2825 2365 3024 2427 facere
3053 2382 3374 2444 aggressus
3405 2361 3612 2438 fuerit,

1975 2454 2333 2532 deponatur.

2021 2543 2586 2618 TextasQuomodo
2605 2543 2949 2626 spectacula
2977 2549 3619 2624 peragantur,quomo-

1976 2633 2054 2695 do
2077 2633 2138 2694 in
2163 2634 2263 2696 illa
2286 2643 2560 2713 sumptus
2579 2635 2774 2707 fiat,et
2796 2632 2954 2714 quod
2977 2632 3464 2708 spectaculorum
3499 2632 3616 2690 im-

1976 2741 2198 2805 pensas
2223 2741 2441 2802 prteses
2463 2733 2535 2784 ad
2562 2742 2868 2784 murorum
2923 2722 3314 2784 refectionem
3348 2721 3420 2782 ad
3454 2727 3614 2782 tem-

1975 2833 2085 2891 pus
2107 2813 2378 2874 derivare
2399 2814 2607 2894 possit,
2630 2813 2853 2874 dicitur
2875 2811 3124 2876 lib.cod.
3152 2814 3246 2884 Η,
3270 2811 3356 2872 tit.
3381 2810 3484 2880 41,
3509 2809 3614 2889 42,

1972 2903 2053 2964 45
2083 2914 2141 2964 et
2169 2905 2269 2966 46.
2303 2903 2419 2965 Tit.
2449 2905 2550 2974 43,
2587 2904 2740 2966 tollit
2772 2903 3114 2984 spectacula
3144 2900 3568 2980 gladiatorum.

2053 2995 2216 3057 CAP,
2257 2992 2468 3056 XXIII.
2507 3028 2578 3038 —
2618 2995 2698 3055 De
2724 2994 2986 3072 fur.'bus,
3045 2991 3464 3072 sepulcrorum
3495 3005 3610 3050 ea:-

1969 3083 2362 3163 pilaloribus,
2396 3093 2453 3146 et
2483 3083 2846 3147 latronibus.

2408 3174 2630 3235 Basilii
2658 3191 2913 3236 canones
2941 3173 3042 3246 61,
3078 3172 3178 3236 66.

2052 3264 2116 3324 6t
2139 3311 2152 3322 .
2187 3261 2296 3334 Qui
2322 3262 2555 3326 furatus
2585 3271 2698 3333 est,
2733 3264 3030 3343 siquidem
3063 3268 3274 3343 sponte
3311 3258 3608 3340 pmniten-

1970 3352 2048 3412 tia
2081 3362 2278 3424 nctus,
2336 3353 2601 3432 seipsum
2663 3353 2962 3414 accusarit
2991 3373 3006 3426 ;
3037 3369 3259 3412 annum
3292 3369 3325 3411 a
3355 3349 3480 3410 sola
3509 3366 3606 3408 sa-

1968 3448 2416 3504 cramentorum
2451 3442 2880 3503 communione
2902 3441 3211 3503 arcebitur
3245 3457 3258 3498 :
3287 3439 3380 3500 sin
3408 3446 3608 3500 autem

1969 3530 2277 3591 convictus
2308 3531 2510 3601 fuerit,
2543 3549 2736 3592 annos
2775 3531 2947 3592 duos.
2983 3530 3300 3592 Dividetur
3327 3536 3525 3588 autem
3558 3527 3613 3587 ei

1970 3626 2205 3698 tempus
2258 3621 2318 3682 in
2380 3620 2846 3682 substrationem
2907 3634 2967 3682 et
3017 3617 3469 3681 consistentiam
3504 3635 3519 3676 :
3554 3624 3613 3675 et

1968 3714 2108 3768 tunc
2139 3709 2564 3771 communione
2595 3710 2812 3787 dignus
2847 3711 3159 3771 habeatur.

2050 3799 2150 3863 65.
2188 3799 2294 3873 Qui
2327 3820 2498 3862 suam
2552 3803 2609 3862 in
2665 3801 2979 3864 brutorum
3033 3797 3356 3862 concubitu
3388 3795 3609 3876 impie-

1977 3897 2157 3951 tatem
2189 3890 2529 3968 confitetur,
2567 3891 2725 3952 idem
2762 3901 2998 3971 tempus
3022 3891 3081 3952 in
3117 3888 3464 3971 paenitentia
3487 3903 3614 3948 ser-

1623 3980 1709 4034 καὶ
1768 3983 1889 4035 τότε
1971 3979 2150 4040 vabit.

2214 4159 2506 4238 Gregorii
2536 4159 2797 4238 Nysseni
2825 4179 3088 4223 canones
3116 4164 3179 4237 6,
3218 4160 3276 4240 7,
3307 4158 3366 4219 8.

2047 4248 2318 4310 6.Altera
2341 4260 2537 4310 autem
2564 4250 2919 4312 idololatria;
2942 4258 3177 4328 species
3202 4252 3316 4323 (sic
3339 4245 3498 4308 enim
3525 4244 3611 4306 di-

1965 4338 2477 4416 vinusApustolus
2499 4339 2805 4401 avaritiam
2830 4341 3167 4419 appellat50
3197 4387 3212 4412 ,
3232 4337 3434 4398 nescio
3458 4353 3611 4414 quo-

1968 4427 2144 4486 modo
2157 4426 2384 4507 absque
2404 4427 2526 4490 ulla
2554 4446 2744 4505 pinnae
2769 4430 3004 4490 medela
3027 4449 3058 4491 a
3073 4426 3344 4490 Patrihus
3363 4434 3610 4506 praeter-

236 4521 514 4598 περιώφθη
551 4534 567 4550 ⁸
621 4518 801 4573 καίτοι
860 4538 922 4594 γε
984 4513 1137 4572 δοκεῖ
1190 4517 1252 4571 τὸ
1281 4522 1529 4572 τοιοῦτον
1560 4517 1748 4587 κακὸν,
1780 4521 1880 4582 τῆς

1984 4522 2147 4576 nissa
2180 4518 2280 4580 sit.
2317 4518 2490 4598 Atqui
2526 4519 2638 4580 hoc
2675 4519 2898 4581 malum
2932 4520 3175 4600 quidem
3213 4517 3448 4578 videtur
3479 4532 3612 4576 esse

235 4609 454 4687 τριττῆς
488 4607 544 4663 ἐν
572 4613 642 4682 τῇ
692 4605 847 4687 ψυχῇ
908 4605 1284 4668 καταστάσεως
1335 4604 1502 4666 πάθος
1565 4607 1728 4659 εἶναι’
1784 4607 1876 4661 καί

1983 4606 2142 4666 ιτίιιιη
2167 4605 2350 4666 animi
2371 4585 2856 4669 constitutionum
2882 4585 3143 4671 aﬂ'ectio.
3179 4609 3330 4670 Nam
3353 4616 3410 4669 et
3429 4607 3606 4682 ratio,

235 4699 338 4776 γὰρ
393 4699 420 4753 ὁ
478 4696 739 4774 λογισμὸς
799 4701 897 4762 τῆς
955 4695 1046 4751 τοῦ
1077 4693 1244 4753 καλοῦ
1281 4695 1505 4771 κρίσεως
1536 4692 1880 4773 ἁμαρτάνων,

235 4786 294 4842 ἒν
323 4790 391 4862 τῇ
419 4785 521 4862 ὕλῃ
552 4788 614 4842 τὸ
658 4785 825 4841 καλὸν
871 4785 1017 4841 εἶναι
1075 4784 1416 4862 φαντάζεται,
1473 4782 1531 4838 οὗ
1561 4784 1692 4859 πρὸς
1723 4782 1880 4840 ἆθλον

235 4872 553 4931 ἀναϐλέπων
607 4874 806 4938 κάλλος
843 4895 854 4908 ·
919 4876 1014 4930 καί
1072 4876 1107 4942 ἡ
1151 4873 1400 4947 ἐπιθυμία
1446 4875 1577 4948 πρὸς
1632 4875 1696 4929 τὰ
1738 4876 1882 4930 κάτω

234 4965 344 5042 ῥεῖ,
404 4971 496 5019 τοῦ
539 4963 769 5030 ἀληθοῦς
831 4965 1051 5040 ὀρεκτοῦ
1081 4962 1414 5041 ἀπορρέουσα
1451 4977 1464 4992 ⁸
1503 4962 1597 5018 καὶ
1628 4965 1660 5031 ᾖ
1718 4962 1881 5042 φιλό-

235 5053 410 5116 νεικός
443 5075 497 5109 τε
527 5054 615 5110 καὶ
659 5051 907 5128 θυμώδης
968 5051 1200 5116 διάθεσις
1263 5051 1468 5116 πολλὰς
1519 5052 1580 5109 ἐκ
1631 5058 1728 5118 της
1759 5074 1880 5109 τοι-

233 5143 403 5209 αύτης
477 5141 740 5220 ἁμαρτίας
819 5145 915 5206 τὰς
991 5142 1236 5222 ἀφορμὰς
1291 5139 1554 5214 λαμϐάνει
1591 5157 1605 5172 ⁸
1667 5142 1763 5198 καί
1819 5146 1879 5198 τὸ

235 5229 358 5287 ὅλον
417 5231 589 5286 εἰπιῖν
645 5243 926 5310 συμφωνεῖ
963 5233 997 5299 ἡ
1053 5231 1274 5297 τοιαύτη
1322 5230 1476 5292 νόσος
1521 5237 1597 5304 τῷ
1637 5230 1875 5287 ἀποστο-

233 5317 368 5392 λικῷ
407 5318 508 5388 τῆς
563 5317 870 5384 πλεονεξίας
916 5319 1066 5394 ὅρῳ·
1128 5321 1156 5376 ὁ
1198 5320 1299 5398 γὰρ
1349 5323 1494 5382 θεῖος
1548 5317 1874 5384 Ἀπόστολος

234 5409 293 5465 οὔ
360 5408 523 5482 μόνον
605 5409 770 5473 αὖτὴν
852 5407 1281 5489 εἰδωλολατρίαν,
1366 5409 1504 5466 ἀλλὰ
1584 5411 1673 5466 καί
1734 5410 1876 5486 ῥὲζαν

232 5497 446 5554 πάντων
501 5504 608 5556 τῶν
667 5504 848 5556 κακῶν
905 5498 1217 5579 ἀπεφήνατο
1251 5519 1266 5535 ο
1327 5503 1415 5558 καὶ
1459 5499 1607 5578 ὅμως
1651 5501 1713 5556 τὸ
1752 5521 1875 5557 τοι-

311 5683 374 5737 ιθ
401 5683 574 5750 Prov.
604 5700 688 5762 iv,
726 5687 827 5752 23.
909 5684 976 5740 ω
1002 5685 1231 5769 Εριιεε.
1263 5705 1320 5770 v,
1353 5685 1418 5750 ὅ.

1959 4696 2033 4756 ab
2066 4695 2200 4775 ejus
2229 4695 2388 4776 quod
2417 4696 2730 4774 pulchrum
2767 4707 2856 4757 est
2879 4695 3610 4778 judicio,aberrans,esse

1963 4785 2023 4846 in
2050 4787 2296 4846 materia
2319 4786 2477 4866 quod
2529 4786 2846 4866 pulchrum
2905 4796 2996 4848 est
3020 4787 3352 4862 existimat,
3385 4802 3502 4844 non
3537 4781 3610 4842 ad

1968 4875 2475 4954 pulchritudinem
2511 4895 2544 4938 a
2571 4877 2820 4936 materia
2849 4889 3184 4956 separatam
3217 4874 3612 4950 asiiiciens,et

1964 4963 2329 5027 desiderium
2353 4966 2424 5026 ad
2451 4985 2518 5028 ea
2540 4985 2671 5046 quae
2693 4977 2830 5026 sunt
2854 4965 3140 5026 inferiora
3165 4963 3508 5033 inclinatur,
3537 4960 3611 5022 ab

1963 5073 2036 5117 eo
2059 5057 2215 5135 quod
2245 5074 2384 5118 vere
2404 5067 2495 5117 est
2519 5075 2585 5116 ex
2599 5055 2921 5136 petendum
2941 5055 3217 5116 dilabens
3245 5056 3372 5114 .lam
3395 5070 3534 5113 vero
3555 5059 3614 5112 et

1961 5144 2338 5207 contentiosa
2350 5147 2747 5225 animosaque
2765 5147 2981 5206 animae
2998 5143 3234 5206 aﬂ‘ectio
3256 5162 3324 5204 ex
3349 5142 3462 5204 hoc
3476 5158 3611 5222 pec-

1960 5242 2090 5295 cato
2113 5233 2248 5292 464
2277 5234 2491 5294 multas
2515 5234 2869 5295 occasiones
2909 5236 3152 5313 accipit.
3186 5233 3258 5295 Et
3294 5242 3355 5294 ut
3386 5231 3444 5292 in
3471 5231 3610 5293 uui-

1957 5339 2195 5382 versum
2222 5322 2551 5394 dicam,hic
2583 5323 2829 5384 morbus
2850 5341 2984 5385 cum
3010 5320 3610 5404 apostolicaavaritiaa

1958 5409 2318 5472 definitione
2343 5413 2665 5473 consentit.
2681 5412 2926 5473 Divinus
2946 5413 3105 5474 enim
3129 5415 3172 5474 A
3187 5411 3453 5492 postolus
3474 5428 3607 5473 eam

1959 5517 2082 5561 non
2109 5497 2302 5562 solum
2327 5499 2756 5576 idololatriam,
2780 5500 2886 5564 sed
2913 5501 3092 5565 etiam
3117 5501 3386 5564 omnium
3411 5499 3604 5563 malo-
